  <div class='ocr_page' id='page_1' title='image "/cluster/home/n/w/nwhite01/storage/ocr_20150623/75/nnc1.0046980121/827.png"; bbox 0 0 3856 6212; ppageno 0'>
   <div class='ocr_carea' id='block_1_1' title="bbox 512 277 655 333">
    <p class='ocr_par' dir='ltr' id='par_1_1' title="bbox 512 277 655 333">
     <span class='ocr_line' id='line_1_1' title="bbox 512 277 655 333; baseline -0.021 0"><span class='ocrx_word' id='word_1_1' title='bbox 512 278 539 333; x_wconf 77' lang='grc'><strong>1</strong></span> <span class='ocrx_word' id='word_1_2' title='bbox 552 277 655 331; x_wconf 64' lang='grc'><strong>445</strong></span> 
     </span>
    </p>
   </div>
   <div class='ocr_carea' id='block_1_2' title="bbox 1545 266 2784 325">
    <p class='ocr_par' dir='ltr' id='par_1_2' title="bbox 1545 266 2784 325">
     <span class='ocr_line' id='line_1_2' title="bbox 1545 266 2784 325; baseline 0 -2"><span class='ocrx_word' id='word_1_3' title='bbox 1545 271 1602 323; x_wconf 93' lang='lat' dir='ltr'><strong>S.</strong></span> <span class='ocrx_word' id='word_1_4' title='bbox 1641 268 1917 325; x_wconf 72' lang='lat' dir='ltr'><strong>CYRILIJ</strong></span> <span class='ocrx_word' id='word_1_5' title='bbox 1960 267 2427 323; x_wconf 76' lang='lat' dir='ltr'><strong>ALEXANDRINI</strong></span> <span class='ocrx_word' id='word_1_6' title='bbox 2468 266 2784 324; x_wconf 73' lang='lat' dir='ltr'><strong>ARCHIEP.</strong></span> 
     </span>
    </p>
   </div>
   <div class='ocr_carea' id='block_1_3' title="bbox 3590 270 3690 335">
    <p class='ocr_par' dir='ltr' id='par_1_3' title="bbox 3590 270 3690 335">
     <span class='ocr_line' id='line_1_3' title="bbox 3590 270 3690 335; baseline 0.02 -2"><span class='ocrx_word' id='word_1_7' title='bbox 3590 270 3690 335; x_wconf 65' lang='lat' dir='ltr'><strong>illi</strong></span> 
     </span>
    </p>
   </div>
   <div class='ocr_carea' id='block_1_4' title="bbox 505 387 2076 465">
    <p class='ocr_par' dir='ltr' id='par_1_4' title="bbox 505 388 2076 465">
     <span class='ocr_line' id='line_1_4' title="bbox 505 388 2076 465; baseline -0.004 -17"><span class='ocrx_word' id='word_1_8' title='bbox 505 396 596 465; x_wconf 99' lang='lat' dir='ltr'><strong>qui</strong></span> <span class='ocrx_word' id='word_1_9' title='bbox 641 391 836 447; x_wconf 92' lang='lat' dir='ltr'><strong>mentis</strong></span> <span class='ocrx_word' id='word_1_10' title='bbox 868 392 985 446; x_wconf 91' lang='lat' dir='ltr'><strong>loco</strong></span> <span class='ocrx_word' id='word_1_11' title='bbox 1020 391 1186 446; x_wconf 87' lang='lat' dir='ltr'><strong>Deum</strong></span> <span class='ocrx_word' id='word_1_12' title='bbox 1234 388 1469 444; x_wconf 83' lang='lat' dir='ltr'><strong>Verbum</strong></span> <span class='ocrx_word' id='word_1_13' title='bbox 1504 388 1555 443; x_wconf 91' lang='lat' dir='ltr'><strong>in</strong></span> <span class='ocrx_word' id='word_1_14' title='bbox 1607 398 1876 456; x_wconf 89' lang='lat' dir='ltr'><strong>assumpta</strong></span> <span class='ocrx_word' id='word_1_15' title='bbox 1920 402 2076 441; x_wconf 83' lang='lat' dir='ltr'><strong>carne</strong></span> 
     </span>
    </p>
   </div>
   <div class='ocr_carea' id='block_1_5' title="bbox 2182 387 3685 465">
    <p class='ocr_par' dir='ltr' id='par_1_5' title="bbox 2186 387 3685 465">
     <span class='ocr_line' id='line_1_5' title="bbox 2186 387 3685 465; baseline 0.005 -26"><span class='ocrx_word' id='word_1_16' title='bbox 2186 388 2307 439; x_wconf 78' lang='grc' dir='ltr'>ἀντὶ</span> <span class='ocrx_word' id='word_1_17' title='bbox 2350 388 2442 441; x_wconf 86' lang='grc' dir='ltr'><strong>νοῦ</strong></span> <span class='ocrx_word' id='word_1_18' title='bbox 2476 387 2565 440; x_wconf 87' lang='grc' dir='ltr'><strong>τὸν</strong></span> <span class='ocrx_word' id='word_1_19' title='bbox 2593 387 2725 441; x_wconf 99' lang='grc' dir='ltr'>Θεὸν</span> <span class='ocrx_word' id='word_1_20' title='bbox 2758 389 2929 457; x_wconf 88' lang='grc' dir='ltr'>Λογον</span> <span class='ocrx_word' id='word_1_21' title='bbox 2970 390 3248 460; x_wconf 77' lang='grc' dir='ltr'>ὲνοικησαι</span> <span class='ocrx_word' id='word_1_22' title='bbox 3295 390 3441 459; x_wconf 81' lang='grc' dir='ltr'><strong>λέγει</strong></span> <span class='ocrx_word' id='word_1_23' title='bbox 3483 394 3537 463; x_wconf 76' lang='grc' dir='ltr'>τῇ</span> <span class='ocrx_word' id='word_1_24' title='bbox 3568 412 3685 465; x_wconf 76' lang='grc' dir='ltr'>προσ-</span> 
     </span>
    </p>
   </div>
   <div class='ocr_carea' id='block_1_6' title="bbox 508 482 2083 541">
    <p class='ocr_par' dir='ltr' id='par_1_6' title="bbox 508 482 2083 541">
     <span class='ocr_line' id='line_1_6' title="bbox 508 482 2083 541; baseline -0.005 -1"><span class='ocrx_word' id='word_1_25' title='bbox 508 487 893 541; x_wconf 86' lang='lat' dir='ltr'><strong>iuhabitavisse</strong></span> <span class='ocrx_word' id='word_1_26' title='bbox 924 484 1072 539; x_wconf 98' lang='lat' dir='ltr'><strong>dicit.</strong></span> <span class='ocrx_word' id='word_1_27' title='bbox 1102 482 1235 536; x_wconf 83' lang='lat' dir='ltr'><strong>Nam</strong></span> <span class='ocrx_word' id='word_1_28' title='bbox 1274 483 1320 537; x_wconf 88' lang='lat' dir='ltr'><strong>si</strong></span> <span class='ocrx_word' id='word_1_29' title='bbox 1357 483 1493 536; x_wconf 84' lang='lat' dir='ltr'><strong>forte</strong></span> <span class='ocrx_word' id='word_1_30' title='bbox 1534 484 1820 535; x_wconf 85' lang='lat' dir='ltr'><strong>humanam</strong></span> <span class='ocrx_word' id='word_1_31' title='bbox 1846 490 2083 534; x_wconf 77' lang='lat' dir='ltr'><strong>mentem</strong></span> 
     </span>
    </p>
   </div>
   <div class='ocr_carea' id='block_1_7' title="bbox 506 572 2085 645">
    <p class='ocr_par' dir='ltr' id='par_1_7' title="bbox 506 572 2085 645">
     <span class='ocr_line' id='line_1_7' title="bbox 506 572 2085 645; baseline -0.002 -17"><span class='ocrx_word' id='word_1_32' title='bbox 506 587 783 645; x_wconf 76' lang='lat' dir='ltr'><strong>assumpta</strong></span> <span class='ocrx_word' id='word_1_33' title='bbox 829 586 1018 629; x_wconf 88' lang='lat' dir='ltr'><strong>natura</strong></span> <span class='ocrx_word' id='word_1_34' title='bbox 1050 590 1155 629; x_wconf 93' lang='lat' dir='ltr'><strong>non</strong></span> <span class='ocrx_word' id='word_1_35' title='bbox 1206 574 1507 635; x_wconf 86' lang='lat' dir='ltr'><strong>habuisset,</strong></span> <span class='ocrx_word' id='word_1_36' title='bbox 1556 573 1693 625; x_wconf 83' lang='lat' dir='ltr'><strong>Deus</strong></span> <span class='ocrx_word' id='word_1_37' title='bbox 1722 572 1909 640; x_wconf 81' lang='lat' dir='ltr'><strong>utique</strong></span> <span class='ocrx_word' id='word_1_38' title='bbox 1939 572 2085 625; x_wconf 88' lang='lat' dir='ltr'><strong>solus</strong></span> 
     </span>
    </p>
   </div>
   <div class='ocr_carea' id='block_1_8' title="bbox 505 663 2082 729">
    <p class='ocr_par' dir='ltr' id='par_1_8' title="bbox 505 663 2082 729">
     <span class='ocr_line' id='line_1_8' title="bbox 505 663 2082 729; baseline -0.003 -8"><span class='ocrx_word' id='word_1_39' title='bbox 505 684 625 721; x_wconf 86' lang='lat' dir='ltr'><strong>cum</strong></span> <span class='ocrx_word' id='word_1_40' title='bbox 652 666 866 721; x_wconf 80' lang='lat' dir='ltr'><strong>diabolo</strong></span> <span class='ocrx_word' id='word_1_41' title='bbox 898 666 1252 729; x_wconf 88' lang='lat' dir='ltr'><strong>decertasset,</strong></span> <span class='ocrx_word' id='word_1_42' title='bbox 1286 666 1428 718; x_wconf 89' lang='lat' dir='ltr'><strong>Deus</strong></span> <span class='ocrx_word' id='word_1_43' title='bbox 1461 663 1740 717; x_wconf 91' lang='lat' dir='ltr'><strong>victoriam</strong></span> <span class='ocrx_word' id='word_1_44' title='bbox 1774 663 2082 727; x_wconf 90' lang='lat' dir='ltr'><strong>retulisset;</strong></span> 
     </span>
    </p>
   </div>
   <div class='ocr_carea' id='block_1_9' title="bbox 510 754 2079 826">
    <p class='ocr_par' dir='ltr' id='par_1_9' title="bbox 510 754 2079 826">
     <span class='ocr_line' id='line_1_9' title="bbox 510 754 2079 826; baseline -0.003 -14"><span class='ocrx_word' id='word_1_45' title='bbox 510 761 615 812; x_wconf 91' lang='lat' dir='ltr'><strong>Deo</strong></span> <span class='ocrx_word' id='word_1_46' title='bbox 639 770 815 811; x_wconf 85' lang='lat' dir='ltr'><strong>autem</strong></span> <span class='ocrx_word' id='word_1_47' title='bbox 841 756 1065 819; x_wconf 75' lang='lat' dir='ltr'><strong>victore,</strong></span> <span class='ocrx_word' id='word_1_48' title='bbox 1094 770 1194 826; x_wconf 84' lang='lat' dir='ltr'><strong>ego</strong></span> <span class='ocrx_word' id='word_1_49' title='bbox 1217 755 1345 809; x_wconf 84' lang='lat' dir='ltr'><strong>nihil</strong></span> <span class='ocrx_word' id='word_1_50' title='bbox 1376 757 1441 808; x_wconf 92' lang='lat' dir='ltr'><strong>de</strong></span> <span class='ocrx_word' id='word_1_51' title='bbox 1466 755 1688 808; x_wconf 76' lang='lat' dir='ltr'><strong>victoria</strong></span> <span class='ocrx_word' id='word_1_52' title='bbox 1713 754 2079 823; x_wconf 70' lang='lat' dir='ltr'><strong>profecissem,</strong></span> 
     </span>
    </p>
   </div>
   <div class='ocr_carea' id='block_1_10' title="bbox 504 846 2081 918">
    <p class='ocr_par' dir='ltr' id='par_1_10' title="bbox 504 846 2081 918">
     <span class='ocr_line' id='line_1_10' title="bbox 504 846 2081 918; baseline -0.002 -17"><span class='ocrx_word' id='word_1_53' title='bbox 504 851 636 918; x_wconf 88' lang='lat' dir='ltr'><strong>quia</strong></span> <span class='ocrx_word' id='word_1_54' title='bbox 668 850 734 901; x_wconf 88' lang='lat' dir='ltr'><strong>ad</strong></span> <span class='ocrx_word' id='word_1_55' title='bbox 772 864 890 902; x_wconf 87' lang='lat' dir='ltr'><strong>eam</strong></span> <span class='ocrx_word' id='word_1_56' title='bbox 923 847 997 900; x_wconf 91' lang='lat' dir='ltr'><strong>nil</strong></span> <span class='ocrx_word' id='word_1_57' title='bbox 1035 846 1408 900; x_wconf 84' lang='lat' dir='ltr'><strong>contulissem.</strong></span> <span class='ocrx_word' id='word_1_58' title='bbox 1454 846 1561 900; x_wconf 87' lang='lat' dir='ltr'><strong>Sed</strong></span> <span class='ocrx_word' id='word_1_59' title='bbox 1589 856 1643 900; x_wconf 89' lang='lat' dir='ltr'><strong>et</strong></span> <span class='ocrx_word' id='word_1_60' title='bbox 1670 846 1817 899; x_wconf 93' lang='lat' dir='ltr'><strong>omni</strong></span> <span class='ocrx_word' id='word_1_61' title='bbox 1862 847 1932 900; x_wconf 92' lang='lat' dir='ltr'><strong>ob</strong></span> <span class='ocrx_word' id='word_1_62' title='bbox 1963 861 2081 899; x_wconf 91' lang='lat' dir='ltr'><strong>eam</strong></span> 
     </span>
    </p>
   </div>
   <div class='ocr_carea' id='block_1_11' title="bbox 504 936 2084 1007">
    <p class='ocr_par' dir='ltr' id='par_1_11' title="bbox 504 936 2084 1007">
     <span class='ocr_line' id='line_1_11' title="bbox 504 936 2084 1007; baseline -0.001 -17"><span class='ocrx_word' id='word_1_63' title='bbox 504 939 700 1007; x_wconf 74' lang='lat' dir='ltr'><strong>gaudio</strong></span> <span class='ocrx_word' id='word_1_64' title='bbox 741 954 1006 1002; x_wconf 84' lang='lat' dir='ltr'><strong>carerem,</strong></span> <span class='ocrx_word' id='word_1_65' title='bbox 1068 937 1192 1006; x_wconf 84' lang='lat' dir='ltr'><strong>quia</strong></span> <span class='ocrx_word' id='word_1_66' title='bbox 1236 937 1415 991; x_wconf 90' lang='lat' dir='ltr'><strong>alieno</strong></span> <span class='ocrx_word' id='word_1_67' title='bbox 1459 945 1667 990; x_wconf 87' lang='lat' dir='ltr'><strong>tantum</strong></span> <span class='ocrx_word' id='word_1_68' title='bbox 1713 946 1912 1005; x_wconf 73' lang='lat' dir='ltr'><strong>tr0preo</strong></span> <span class='ocrx_word' id='word_1_69' title='bbox 1964 936 2084 1005; x_wconf 80' lang='lat' dir='ltr'><strong>glo-</strong></span> 
     </span>
    </p>
   </div>
   <div class='ocr_carea' id='block_1_12' title="bbox 504 1028 2084 1097">
    <p class='ocr_par' dir='ltr' id='par_1_12' title="bbox 504 1028 2084 1097">
     <span class='ocr_line' id='line_1_12' title="bbox 504 1028 2084 1097; baseline -0.002 -13"><span class='ocrx_word' id='word_1_70' title='bbox 504 1032 700 1084; x_wconf 88' lang='lat' dir='ltr'><strong>riarer.</strong></span> <span class='ocrx_word' id='word_1_71' title='bbox 733 1028 988 1083; x_wconf 83' lang='lat' dir='ltr'><strong>Diabolus</strong></span> <span class='ocrx_word' id='word_1_72' title='bbox 1023 1044 1149 1081; x_wconf 88' lang='lat' dir='ltr'><strong>vero</strong></span> <span class='ocrx_word' id='word_1_73' title='bbox 1193 1028 1488 1093; x_wconf 53' lang='lat' dir='ltr'><strong>laetaretur,</strong></span> <span class='ocrx_word' id='word_1_74' title='bbox 1520 1029 1866 1095; x_wconf 80' lang='lat' dir='ltr'><strong>gloriaretur,</strong></span> <span class='ocrx_word' id='word_1_75' title='bbox 1898 1042 2084 1097; x_wconf 91' lang='lat' dir='ltr'><strong>super-</strong></span> 
     </span>
    </p>
   </div>
   <div class='ocr_carea' id='block_1_13' title="bbox 508 1122 2084 1194">
    <p class='ocr_par' dir='ltr' id='par_1_13' title="bbox 508 1122 2084 1194">
     <span class='ocr_line' id='line_1_13' title="bbox 508 1122 2084 1194; baseline -0.001 -15"><span class='ocrx_word' id='word_1_76' title='bbox 508 1127 668 1193; x_wconf 88' lang='lat' dir='ltr'><strong>biret,</strong></span> <span class='ocrx_word' id='word_1_77' title='bbox 694 1139 857 1194; x_wconf 89' lang='lat' dir='ltr'><strong>seque</strong></span> <span class='ocrx_word' id='word_1_78' title='bbox 881 1125 1130 1191; x_wconf 87' lang='lat' dir='ltr'><strong>jactaret,</strong></span> <span class='ocrx_word' id='word_1_79' title='bbox 1172 1138 1271 1177; x_wconf 89' lang='lat' dir='ltr'><strong>ceu</strong></span> <span class='ocrx_word' id='word_1_80' title='bbox 1312 1139 1434 1177; x_wconf 91' lang='lat' dir='ltr'><strong>cum</strong></span> <span class='ocrx_word' id='word_1_81' title='bbox 1467 1123 1575 1177; x_wconf 90' lang='lat' dir='ltr'><strong>Deo</strong></span> <span class='ocrx_word' id='word_1_82' title='bbox 1611 1122 1912 1191; x_wconf 68' lang='lat' dir='ltr'><strong>prtuliatus,</strong></span> <span class='ocrx_word' id='word_1_83' title='bbox 1957 1133 2011 1177; x_wconf 89' lang='lat' dir='ltr'><strong>et</strong></span> <span class='ocrx_word' id='word_1_84' title='bbox 2054 1138 2084 1177; x_wconf 91' lang='lat' dir='ltr'><strong>a</strong></span> 
     </span>
    </p>
   </div>
   <div class='ocr_carea' id='block_1_14' title="bbox 508 1213 2085 1283">
    <p class='ocr_par' dir='ltr' id='par_1_14' title="bbox 508 1213 2085 1283">
     <span class='ocr_line' id='line_1_14' title="bbox 508 1213 2085 1283; baseline -0.003 -12"><span class='ocrx_word' id='word_1_85' title='bbox 508 1217 620 1271; x_wconf 90' lang='lat' dir='ltr'><strong>Deo</strong></span> <span class='ocrx_word' id='word_1_86' title='bbox 658 1217 855 1270; x_wconf 85' lang='lat' dir='ltr'><strong>victus.</strong></span> <span class='ocrx_word' id='word_1_87' title='bbox 903 1213 1152 1283; x_wconf 84' lang='lat' dir='ltr'><strong>Magnum</strong></span> <span class='ocrx_word' id='word_1_88' title='bbox 1197 1214 1325 1283; x_wconf 87' lang='lat' dir='ltr'><strong>quid</strong></span> <span class='ocrx_word' id='word_1_89' title='bbox 1367 1214 1515 1267; x_wconf 80' lang='lat' dir='ltr'><strong>enim</strong></span> <span class='ocrx_word' id='word_1_90' title='bbox 1566 1214 1666 1281; x_wconf 87' lang='lat' dir='ltr'><strong>ipsi</strong></span> <span class='ocrx_word' id='word_1_91' title='bbox 1712 1224 1856 1268; x_wconf 86' lang='lat' dir='ltr'><strong>esset</strong></span> <span class='ocrx_word' id='word_1_92' title='bbox 1900 1229 1930 1266; x_wconf 88' lang='lat' dir='ltr'><strong>a</strong></span> <span class='ocrx_word' id='word_1_93' title='bbox 1974 1214 2085 1267; x_wconf 90' lang='lat' dir='ltr'><strong>Deo</strong></span> 
     </span>
    </p>
   </div>
   <div class='ocr_carea' id='block_1_15' title="bbox 509 1303 2085 1374">
    <p class='ocr_par' dir='ltr' id='par_1_15' title="bbox 509 1303 2085 1374">
     <span class='ocr_line' id='line_1_15' title="bbox 509 1303 2085 1374; baseline 0.001 -15"><span class='ocrx_word' id='word_1_94' title='bbox 509 1308 671 1362; x_wconf 91' lang='lat' dir='ltr'><strong>vinci.</strong></span> <span class='ocrx_word' id='word_1_95' title='bbox 699 1306 833 1361; x_wconf 87' lang='lat' dir='ltr'><strong>Nam</strong></span> <span class='ocrx_word' id='word_1_96' title='bbox 858 1306 901 1360; x_wconf 90' lang='lat' dir='ltr'><strong>si</strong></span> <span class='ocrx_word' id='word_1_97' title='bbox 928 1306 1069 1360; x_wconf 89' lang='lat' dir='ltr'><strong>Deus</strong></span> <span class='ocrx_word' id='word_1_98' title='bbox 1095 1303 1353 1368; x_wconf 83' lang='lat' dir='ltr'><strong>Verbum,</strong></span> <span class='ocrx_word' id='word_1_99' title='bbox 1383 1305 1578 1358; x_wconf 89' lang='lat' dir='ltr'><strong>mentis</strong></span> <span class='ocrx_word' id='word_1_100' title='bbox 1600 1304 1738 1369; x_wconf 92' lang='lat' dir='ltr'><strong>loco,</strong></span> <span class='ocrx_word' id='word_1_101' title='bbox 1757 1304 1809 1358; x_wconf 92' lang='lat' dir='ltr'><strong>in</strong></span> <span class='ocrx_word' id='word_1_102' title='bbox 1832 1315 2085 1374; x_wconf 88' lang='lat' dir='ltr'><strong>suscepto</strong></span> 
     </span>
    </p>
   </div>
   <div class='ocr_carea' id='block_1_16' title="bbox 507 1395 2085 1469">
    <p class='ocr_par' dir='ltr' id='par_1_16' title="bbox 507 1395 2085 1469">
     <span class='ocr_line' id='line_1_16' title="bbox 507 1395 2085 1469; baseline -0.001 -17"><span class='ocrx_word' id='word_1_103' title='bbox 507 1413 733 1469; x_wconf 87' lang='lat' dir='ltr'><strong>corpore</strong></span> <span class='ocrx_word' id='word_1_104' title='bbox 758 1398 965 1459; x_wconf 86' lang='lat' dir='ltr'><strong>fuisset,</strong></span> <span class='ocrx_word' id='word_1_105' title='bbox 1001 1396 1367 1467; x_wconf 83' lang='lat' dir='ltr'><strong>probabilibus</strong></span> <span class='ocrx_word' id='word_1_106' title='bbox 1391 1395 1620 1450; x_wconf 79' lang='lat' dir='ltr'><strong>fortasse</strong></span> <span class='ocrx_word' id='word_1_107' title='bbox 1646 1398 2085 1451; x_wconf 78' lang='lat' dir='ltr'><strong>excusationibus</strong></span> 
     </span>
    </p>
   </div>
   <div class='ocr_carea' id='block_1_17' title="bbox 507 1488 2080 1553">
    <p class='ocr_par' dir='ltr' id='par_1_17' title="bbox 507 1488 2080 1553">
     <span class='ocr_line' id='line_1_17' title="bbox 507 1488 2080 1553; baseline 0 -13"><span class='ocrx_word' id='word_1_108' title='bbox 507 1505 636 1543; x_wconf 90' lang='lat' dir='ltr'><strong>usus</strong></span> <span class='ocrx_word' id='word_1_109' title='bbox 666 1499 808 1543; x_wconf 91' lang='lat' dir='ltr'><strong>esset</strong></span> <span class='ocrx_word' id='word_1_110' title='bbox 833 1488 1108 1553; x_wconf 84' lang='lat' dir='ltr'><strong>diabolus;</strong></span> <span class='ocrx_word' id='word_1_111' title='bbox 1147 1488 1347 1541; x_wconf 90' lang='lat' dir='ltr'><strong>etenim</strong></span> <span class='ocrx_word' id='word_1_112' title='bbox 1378 1488 1516 1541; x_wconf 83' lang='lat' dir='ltr'><strong>haud</strong></span> <span class='ocrx_word' id='word_1_113' title='bbox 1547 1488 1779 1542; x_wconf 86' lang='lat' dir='ltr'><strong>absurde</strong></span> <span class='ocrx_word' id='word_1_114' title='bbox 1815 1489 2038 1541; x_wconf 84' lang='lat' dir='ltr'><strong>dixisset</strong></span> <span class='ocrx_word' id='word_1_115' title='bbox 2066 1504 2080 1540; x_wconf 88' lang='lat'>:</span> 
     </span>
    </p>
   </div>
   <div class='ocr_carea' id='block_1_18' title="bbox 505 1580 2081 1647">
    <p class='ocr_par' dir='ltr' id='par_1_18' title="bbox 505 1580 2081 1647">
     <span class='ocr_line' id='line_1_18' title="bbox 505 1580 2081 1647; baseline -0.001 -13"><span class='ocrx_word' id='word_1_116' title='bbox 505 1580 641 1647; x_wconf 76' lang='lat' dir='ltr'><strong>Ego,</strong></span> <span class='ocrx_word' id='word_1_117' title='bbox 669 1581 890 1635; x_wconf 87' lang='lat' dir='ltr'><strong>Domine</strong></span> <span class='ocrx_word' id='word_1_118' title='bbox 919 1589 972 1634; x_wconf 93' lang='lat' dir='ltr'><strong>et</strong></span> <span class='ocrx_word' id='word_1_119' title='bbox 1000 1596 1180 1635; x_wconf 89' lang='lat' dir='ltr'><strong>rerum</strong></span> <span class='ocrx_word' id='word_1_120' title='bbox 1209 1580 1447 1633; x_wconf 89' lang='lat' dir='ltr'><strong>omnium</strong></span> <span class='ocrx_word' id='word_1_121' title='bbox 1482 1590 1690 1643; x_wconf 87' lang='lat' dir='ltr'><strong>auctor,</strong></span> <span class='ocrx_word' id='word_1_122' title='bbox 1723 1580 1863 1634; x_wconf 89' lang='lat' dir='ltr'><strong>haud</strong></span> <span class='ocrx_word' id='word_1_123' title='bbox 1894 1590 2081 1634; x_wconf 88' lang='lat' dir='ltr'><strong>contra</strong></span> 
     </span>
    </p>
   </div>
   <div class='ocr_carea' id='block_1_19' title="bbox 507 1671 2081 1741">
    <p class='ocr_par' dir='ltr' id='par_1_19' title="bbox 507 1671 2081 1741">
     <span class='ocr_line' id='line_1_19' title="bbox 507 1671 2081 1741; baseline 0.001 -18"><span class='ocrx_word' id='word_1_124' title='bbox 507 1682 560 1724; x_wconf 89' lang='lat' dir='ltr'><strong>te</strong></span> <span class='ocrx_word' id='word_1_125' title='bbox 588 1686 819 1741; x_wconf 85' lang='lat' dir='ltr'><strong>pugnam</strong></span> <span class='ocrx_word' id='word_1_126' title='bbox 870 1673 1080 1740; x_wconf 91' lang='lat' dir='ltr'><strong>suscepi</strong></span> <span class='ocrx_word' id='word_1_127' title='bbox 1126 1688 1140 1725; x_wconf 93' lang='lat'>:</span> <span class='ocrx_word' id='word_1_128' title='bbox 1190 1672 1309 1724; x_wconf 91' lang='lat' dir='ltr'><strong>novi</strong></span> <span class='ocrx_word' id='word_1_129' title='bbox 1358 1671 1503 1725; x_wconf 90' lang='lat' dir='ltr'><strong>enim</strong></span> <span class='ocrx_word' id='word_1_130' title='bbox 1554 1671 1867 1740; x_wconf 83' lang='lat' dir='ltr'><strong>dignitatem</strong></span> <span class='ocrx_word' id='word_1_131' title='bbox 1914 1683 2081 1737; x_wconf 91' lang='lat' dir='ltr'><strong>tuam,</strong></span> 
     </span>
    </p>
   </div>
   <div class='ocr_carea' id='block_1_20' title="bbox 507 1762 2083 1833">
    <p class='ocr_par' dir='ltr' id='par_1_20' title="bbox 507 1762 2083 1833">
     <span class='ocr_line' id='line_1_20' title="bbox 507 1762 2083 1833; baseline 0.001 -16"><span class='ocrx_word' id='word_1_132' title='bbox 507 1766 619 1819; x_wconf 84' lang='lat' dir='ltr'><strong>scio</strong></span> <span class='ocrx_word' id='word_1_133' title='bbox 651 1765 967 1833; x_wconf 85' lang='lat' dir='ltr'><strong>potentiam,</strong></span> <span class='ocrx_word' id='word_1_134' title='bbox 998 1779 1193 1833; x_wconf 87' lang='lat' dir='ltr'><strong>agosco</strong></span> <span class='ocrx_word' id='word_1_135' title='bbox 1226 1764 1582 1818; x_wconf 89' lang='lat' dir='ltr'><strong>dominatum.</strong></span> <span class='ocrx_word' id='word_1_136' title='bbox 1618 1762 1792 1816; x_wconf 86' lang='lat' dir='ltr'><strong>Meum</strong></span> <span class='ocrx_word' id='word_1_137' title='bbox 1823 1764 2083 1819; x_wconf 79' lang='lat' dir='ltr'><strong>confiteor</strong></span> 
     </span>
    </p>
   </div>
   <div class='ocr_carea' id='block_1_21' title="bbox 504 1853 2085 1924">
    <p class='ocr_par' dir='ltr' id='par_1_21' title="bbox 504 1853 2085 1924">
     <span class='ocr_line' id='line_1_21' title="bbox 504 1853 2085 1924; baseline 0.003 -18"><span class='ocrx_word' id='word_1_138' title='bbox 504 1853 853 1917; x_wconf 78' lang='lat' dir='ltr'><strong>famulitium,</strong></span> <span class='ocrx_word' id='word_1_139' title='bbox 889 1869 1197 1924; x_wconf 82' lang='lat' dir='ltr'><strong>quanquam</strong></span> <span class='ocrx_word' id='word_1_140' title='bbox 1239 1863 1482 1923; x_wconf 87' lang='lat' dir='ltr'><strong>apostata</strong></span> <span class='ocrx_word' id='word_1_141' title='bbox 1534 1853 1708 1908; x_wconf 88' lang='lat' dir='ltr'><strong>factus</strong></span> <span class='ocrx_word' id='word_1_142' title='bbox 1756 1869 1893 1909; x_wconf 92' lang='lat' dir='ltr'><strong>sum.</strong></span> <span class='ocrx_word' id='word_1_143' title='bbox 1942 1855 2085 1910; x_wconf 88' lang='lat' dir='ltr'><strong>Cedo</strong></span> 
     </span>
    </p>
   </div>
   <div class='ocr_carea' id='block_1_22' title="bbox 504 1946 2081 2016">
    <p class='ocr_par' dir='ltr' id='par_1_22' title="bbox 504 1946 2081 2016">
     <span class='ocr_line' id='line_1_22' title="bbox 504 1946 2081 2016; baseline 0.003 -17"><span class='ocrx_word' id='word_1_144' title='bbox 504 1956 681 1999; x_wconf 85' lang='lat' dir='ltr'><strong>autem</strong></span> <span class='ocrx_word' id='word_1_145' title='bbox 718 1948 781 2000; x_wconf 89' lang='lat' dir='ltr'><strong>de</strong></span> <span class='ocrx_word' id='word_1_146' title='bbox 812 1946 1041 2000; x_wconf 90' lang='lat' dir='ltr'><strong>victoria</strong></span> <span class='ocrx_word' id='word_1_147' title='bbox 1075 1947 1204 2015; x_wconf 90' lang='lat' dir='ltr'><strong>ipsis</strong></span> <span class='ocrx_word' id='word_1_148' title='bbox 1234 1946 1441 2015; x_wconf 83' lang='lat' dir='ltr'><strong>angelis</strong></span> <span class='ocrx_word' id='word_1_149' title='bbox 1483 1950 1801 2016; x_wconf 83' lang='lat' dir='ltr'><strong>cunctisque</strong></span> <span class='ocrx_word' id='word_1_150' title='bbox 1840 1949 2081 2003; x_wconf 71' lang='lat' dir='ltr'><strong>cmlesti-</strong></span> 
     </span>
    </p>
   </div>
   <div class='ocr_carea' id='block_1_23' title="bbox 507 2036 2082 2107">
    <p class='ocr_par' dir='ltr' id='par_1_23' title="bbox 507 2036 2082 2107">
     <span class='ocr_line' id='line_1_23' title="bbox 507 2036 2082 2107; baseline 0.004 -18"><span class='ocrx_word' id='word_1_151' title='bbox 507 2038 605 2089; x_wconf 88' lang='lat' dir='ltr'><strong>bus</strong></span> <span class='ocrx_word' id='word_1_152' title='bbox 634 2037 887 2100; x_wconf 67' lang='lat' dir='ltr'><strong>erratibus,</strong></span> <span class='ocrx_word' id='word_1_153' title='bbox 922 2052 1147 2106; x_wconf 89' lang='lat' dir='ltr'><strong>quorum</strong></span> <span class='ocrx_word' id='word_1_154' title='bbox 1179 2036 1368 2090; x_wconf 81' lang='lat' dir='ltr'><strong>infelix</strong></span> <span class='ocrx_word' id='word_1_155' title='bbox 1400 2052 1500 2107; x_wconf 85' lang='lat' dir='ltr'><strong>ego</strong></span> <span class='ocrx_word' id='word_1_156' title='bbox 1531 2053 1652 2107; x_wconf 90' lang='lat' dir='ltr'><strong>pars</strong></span> <span class='ocrx_word' id='word_1_157' title='bbox 1680 2040 1809 2092; x_wconf 92' lang='lat' dir='ltr'><strong>olim</strong></span> <span class='ocrx_word' id='word_1_158' title='bbox 1841 2040 1935 2092; x_wconf 89' lang='lat' dir='ltr'><strong>fni.</strong></span> <span class='ocrx_word' id='word_1_159' title='bbox 1976 2039 2082 2095; x_wconf 88' lang='lat' dir='ltr'><strong>Sed</strong></span> 
     </span>
    </p>
   </div>
   <div class='ocr_carea' id='block_1_24' title="bbox 502 2126 2082 2197">
    <p class='ocr_par' dir='ltr' id='par_1_24' title="bbox 502 2126 2082 2197">
     <span class='ocr_line' id='line_1_24' title="bbox 502 2126 2082 2197; baseline 0.004 -19"><span class='ocrx_word' id='word_1_160' title='bbox 502 2126 751 2195; x_wconf 61' lang='lat' dir='ltr'><strong>praelium</strong></span> <span class='ocrx_word' id='word_1_161' title='bbox 800 2138 986 2179; x_wconf 89' lang='lat' dir='ltr'><strong>contra</strong></span> <span class='ocrx_word' id='word_1_162' title='bbox 1030 2127 1173 2180; x_wconf 91' lang='lat' dir='ltr'><strong>hunc</strong></span> <span class='ocrx_word' id='word_1_163' title='bbox 1215 2129 1452 2197; x_wconf 90' lang='lat' dir='ltr'><strong>suscepi,</strong></span> <span class='ocrx_word' id='word_1_164' title='bbox 1502 2144 1661 2197; x_wconf 91' lang='lat' dir='ltr'><strong>quem</strong></span> <span class='ocrx_word' id='word_1_165' title='bbox 1697 2131 1760 2183; x_wconf 88' lang='lat' dir='ltr'><strong>de</strong></span> <span class='ocrx_word' id='word_1_166' title='bbox 1802 2131 1928 2184; x_wconf 88' lang='lat' dir='ltr'><strong>limo</strong></span> <span class='ocrx_word' id='word_1_167' title='bbox 1968 2131 2082 2185; x_wconf 86' lang='lat' dir='ltr'><strong>for-</strong></span> 
     </span>
    </p>
   </div>
   <div class='ocr_carea' id='block_1_25' title="bbox 504 2215 2079 2283">
    <p class='ocr_par' dir='ltr' id='par_1_25' title="bbox 504 2215 2079 2283">
     <span class='ocr_line' id='line_1_25' title="bbox 504 2215 2079 2283; baseline 0.006 -17"><span class='ocrx_word' id='word_1_168' title='bbox 504 2223 706 2267; x_wconf 88' lang='lat' dir='ltr'><strong>matum</strong></span> <span class='ocrx_word' id='word_1_169' title='bbox 736 2216 802 2267; x_wconf 91' lang='lat' dir='ltr'><strong>ad</strong></span> <span class='ocrx_word' id='word_1_170' title='bbox 839 2215 1126 2283; x_wconf 84' lang='lat' dir='ltr'><strong>imaginem</strong></span> <span class='ocrx_word' id='word_1_171' title='bbox 1162 2227 1306 2269; x_wconf 92' lang='lat' dir='ltr'><strong>tuam</strong></span> <span class='ocrx_word' id='word_1_172' title='bbox 1345 2218 1657 2282; x_wconf 84' lang='lat' dir='ltr'><strong>condidisti,</strong></span> <span class='ocrx_word' id='word_1_173' title='bbox 1715 2221 1939 2275; x_wconf 90' lang='lat' dir='ltr'><strong>rationis</strong></span> <span class='ocrx_word' id='word_1_174' title='bbox 1983 2236 2079 2275; x_wconf 92' lang='lat' dir='ltr'><strong>usu</strong></span> 
     </span>
    </p>
   </div>
   <div class='ocr_carea' id='block_1_26' title="bbox 502 2305 2082 2381">
    <p class='ocr_par' dir='ltr' id='par_1_26' title="bbox 502 2305 2082 2381">
     <span class='ocr_line' id='line_1_26' title="bbox 502 2305 2082 2381; baseline 0.005 -23"><span class='ocrx_word' id='word_1_175' title='bbox 502 2305 797 2370; x_wconf 75' lang='lat' dir='ltr'><strong>exornasti,</strong></span> <span class='ocrx_word' id='word_1_176' title='bbox 821 2318 873 2359; x_wconf 88' lang='lat' dir='ltr'><strong>et</strong></span> <span class='ocrx_word' id='word_1_177' title='bbox 895 2307 1127 2374; x_wconf 89' lang='lat' dir='ltr'><strong>paradisi</strong></span> <span class='ocrx_word' id='word_1_178' title='bbox 1152 2308 1326 2361; x_wconf 91' lang='lat' dir='ltr'><strong>civem</strong></span> <span class='ocrx_word' id='word_1_179' title='bbox 1363 2310 1711 2372; x_wconf 87' lang='lat' dir='ltr'><strong>constituisti,</strong></span> <span class='ocrx_word' id='word_1_180' title='bbox 1738 2321 1999 2381; x_wconf 84' lang='lat' dir='ltr'><strong>terraeque</strong></span> <span class='ocrx_word' id='word_1_181' title='bbox 2030 2324 2082 2368; x_wconf 90' lang='lat' dir='ltr'><strong>et</strong></span> 
     </span>
    </p>
   </div>
   <div class='ocr_carea' id='block_1_27' title="bbox 502 2396 2083 2471">
    <p class='ocr_par' dir='ltr' id='par_1_27' title="bbox 502 2396 2083 2471">
     <span class='ocr_line' id='line_1_27' title="bbox 502 2396 2083 2471; baseline 0.006 -24"><span class='ocrx_word' id='word_1_182' title='bbox 502 2396 673 2447; x_wconf 88' lang='lat' dir='ltr'><strong>maris</strong></span> <span class='ocrx_word' id='word_1_183' title='bbox 704 2396 980 2449; x_wconf 86' lang='lat' dir='ltr'><strong>dominum</strong></span> <span class='ocrx_word' id='word_1_184' title='bbox 1011 2397 1327 2450; x_wconf 78' lang='lat' dir='ltr'><strong>exhibuisti.</strong></span> <span class='ocrx_word' id='word_1_185' title='bbox 1354 2397 1507 2451; x_wconf 87' lang='lat' dir='ltr'><strong>Hunc</strong></span> <span class='ocrx_word' id='word_1_186' title='bbox 1527 2414 1626 2468; x_wconf 80' lang='lat' dir='ltr'><strong>ego</strong></span> <span class='ocrx_word' id='word_1_187' title='bbox 1651 2403 1715 2452; x_wconf 88' lang='lat' dir='ltr'><strong>ad</strong></span> <span class='ocrx_word' id='word_1_188' title='bbox 1745 2402 1879 2455; x_wconf 84' lang='lat' dir='ltr'><strong>hanc</strong></span> <span class='ocrx_word' id='word_1_189' title='bbox 1913 2417 2083 2471; x_wconf 85' lang='lat' dir='ltr'><strong>usque</strong></span> 
     </span>
    </p>
   </div>
   <div class='ocr_carea' id='block_1_28' title="bbox 503 2488 2079 2561">
    <p class='ocr_par' dir='ltr' id='par_1_28' title="bbox 503 2488 2079 2561">
     <span class='ocr_line' id='line_1_28' title="bbox 503 2488 2079 2561; baseline 0.007 -23"><span class='ocrx_word' id='word_1_190' title='bbox 503 2488 643 2541; x_wconf 89' lang='lat' dir='ltr'><strong>diem</strong></span> <span class='ocrx_word' id='word_1_191' title='bbox 681 2488 902 2541; x_wconf 84' lang='lat' dir='ltr'><strong>vincens</strong></span> <span class='ocrx_word' id='word_1_192' title='bbox 930 2497 985 2543; x_wconf 92' lang='lat' dir='ltr'><strong>et</strong></span> <span class='ocrx_word' id='word_1_193' title='bbox 1007 2489 1300 2542; x_wconf 86' lang='lat' dir='ltr'><strong>vulnerans</strong></span> <span class='ocrx_word' id='word_1_194' title='bbox 1327 2500 1383 2543; x_wconf 92' lang='lat' dir='ltr'><strong>et</strong></span> <span class='ocrx_word' id='word_1_195' title='bbox 1414 2494 1571 2545; x_wconf 90' lang='lat' dir='ltr'><strong>morti</strong></span> <span class='ocrx_word' id='word_1_196' title='bbox 1599 2494 1852 2546; x_wconf 88' lang='lat' dir='ltr'><strong>addicens</strong></span> <span class='ocrx_word' id='word_1_197' title='bbox 1878 2505 2079 2561; x_wconf 80' lang='lat' dir='ltr'><strong>persto.</strong></span> 
     </span>
    </p>
   </div>
   <div class='ocr_carea' id='block_1_29' title="bbox 504 2578 2078 2653">
    <p class='ocr_par' dir='ltr' id='par_1_29' title="bbox 504 2578 2078 2653">
     <span class='ocr_line' id='line_1_29' title="bbox 504 2578 2078 2653; baseline 0.006 -23"><span class='ocrx_word' id='word_1_198' title='bbox 504 2578 639 2631; x_wconf 84' lang='lat' dir='ltr'><strong>Huic</strong></span> <span class='ocrx_word' id='word_1_199' title='bbox 665 2579 719 2632; x_wconf 97' lang='lat' dir='ltr'><strong>in</strong></span> <span class='ocrx_word' id='word_1_200' title='bbox 759 2580 990 2633; x_wconf 89' lang='lat' dir='ltr'><strong>stadium</strong></span> <span class='ocrx_word' id='word_1_201' title='bbox 1029 2582 1284 2645; x_wconf 86' lang='lat' dir='ltr'><strong>adducto,</strong></span> <span class='ocrx_word' id='word_1_202' title='bbox 1324 2592 1380 2635; x_wconf 91' lang='lat' dir='ltr'><strong>et</strong></span> <span class='ocrx_word' id='word_1_203' title='bbox 1407 2598 1617 2636; x_wconf 87' lang='lat' dir='ltr'><strong>mecum</strong></span> <span class='ocrx_word' id='word_1_204' title='bbox 1656 2585 1844 2639; x_wconf 83' lang='lat' dir='ltr'><strong>luctari</strong></span> <span class='ocrx_word' id='word_1_205' title='bbox 1871 2598 2078 2653; x_wconf 78' lang='lat' dir='ltr'><strong>coacto,</strong></span> 
     </span>
    </p>
   </div>
   <div class='ocr_carea' id='block_1_30' title="bbox 501 2670 2077 2746">
    <p class='ocr_par' dir='ltr' id='par_1_30' title="bbox 501 2670 2077 2746">
     <span class='ocr_line' id='line_1_30' title="bbox 501 2670 2077 2746; baseline 0.008 -25"><span class='ocrx_word' id='word_1_206' title='bbox 501 2670 661 2722; x_wconf 90' lang='lat' dir='ltr'><strong>velim</strong></span> <span class='ocrx_word' id='word_1_207' title='bbox 708 2670 824 2739; x_wconf 88' lang='lat' dir='ltr'><strong>ipse</strong></span> <span class='ocrx_word' id='word_1_208' title='bbox 860 2680 1133 2737; x_wconf 87' lang='lat' dir='ltr'><strong>spectator</strong></span> <span class='ocrx_word' id='word_1_209' title='bbox 1178 2673 1324 2726; x_wconf 89' lang='lat' dir='ltr'><strong>adsis</strong></span> <span class='ocrx_word' id='word_1_210' title='bbox 1367 2682 1421 2726; x_wconf 94' lang='lat' dir='ltr'><strong>et</strong></span> <span class='ocrx_word' id='word_1_211' title='bbox 1466 2677 1816 2729; x_wconf 83' lang='lat' dir='ltr'><strong>certaminum</strong></span> <span class='ocrx_word' id='word_1_212' title='bbox 1857 2693 2077 2746; x_wconf 70' lang='lat' dir='ltr'><strong>praeses.</strong></span> 
     </span>
    </p>
   </div>
   <div class='ocr_carea' id='block_1_31' title="bbox 502 2760 2078 2834">
    <p class='ocr_par' dir='ltr' id='par_1_31' title="bbox 502 2760 2078 2834">
     <span class='ocr_line' id='line_1_31' title="bbox 502 2760 2078 2834; baseline 0.008 -23"><span class='ocrx_word' id='word_1_213' title='bbox 502 2760 654 2826; x_wconf 88' lang='lat' dir='ltr'><strong>Quod</strong></span> <span class='ocrx_word' id='word_1_214' title='bbox 689 2763 734 2816; x_wconf 90' lang='lat' dir='ltr'><strong>si</strong></span> <span class='ocrx_word' id='word_1_215' title='bbox 787 2762 1027 2831; x_wconf 79' lang='lat' dir='ltr'><strong>magistri</strong></span> <span class='ocrx_word' id='word_1_216' title='bbox 1063 2778 1273 2833; x_wconf 89' lang='lat' dir='ltr'><strong>quoque</strong></span> <span class='ocrx_word' id='word_1_217' title='bbox 1317 2766 1394 2819; x_wconf 91' lang='lat' dir='ltr'><strong>vis</strong></span> <span class='ocrx_word' id='word_1_218' title='bbox 1430 2766 1574 2834; x_wconf 84' lang='lat' dir='ltr'><strong>fungi</strong></span> <span class='ocrx_word' id='word_1_219' title='bbox 1622 2769 1758 2833; x_wconf 83' lang='lat' dir='ltr'><strong>vice,</strong></span> <span class='ocrx_word' id='word_1_220' title='bbox 1794 2769 1926 2823; x_wconf 85' lang='lat' dir='ltr'><strong>doce</strong></span> <span class='ocrx_word' id='word_1_221' title='bbox 1956 2786 2078 2825; x_wconf 90' lang='lat' dir='ltr'><strong>eum</strong></span> 
     </span>
    </p>
   </div>
   <div class='ocr_carea' id='block_1_32' title="bbox 503 2853 2083 2923">
    <p class='ocr_par' dir='ltr' id='par_1_32' title="bbox 503 2853 2083 2923">
     <span class='ocr_line' id='line_1_32' title="bbox 503 2853 2083 2923; baseline 0.008 -19"><span class='ocrx_word' id='word_1_222' title='bbox 503 2853 714 2915; x_wconf 76' lang='lat' dir='ltr'><strong>luctari,</strong></span> <span class='ocrx_word' id='word_1_223' title='bbox 760 2854 1069 2908; x_wconf 87' lang='lat' dir='ltr'><strong>demonstra</strong></span> <span class='ocrx_word' id='word_1_224' title='bbox 1106 2856 1179 2909; x_wconf 90' lang='lat' dir='ltr'><strong>illi</strong></span> <span class='ocrx_word' id='word_1_225' title='bbox 1228 2857 1741 2923; x_wconf 71' lang='lat' dir='ltr'><strong>victoriaeartilicia,</strong></span> <span class='ocrx_word' id='word_1_226' title='bbox 1782 2861 1992 2916; x_wconf 77' lang='lat' dir='ltr'><strong>instrue</strong></span> <span class='ocrx_word' id='word_1_227' title='bbox 2024 2873 2083 2917; x_wconf 92' lang='lat' dir='ltr'><strong>ut</strong></span> 
     </span>
    </p>
   </div>
   <div class='ocr_carea' id='block_1_33' title="bbox 499 2944 2076 3017">
    <p class='ocr_par' dir='ltr' id='par_1_33' title="bbox 499 2944 2076 3017">
     <span class='ocr_line' id='line_1_33' title="bbox 499 2944 2076 3017; baseline 0.01 -25"><span class='ocrx_word' id='word_1_228' title='bbox 499 2944 735 3015; x_wconf 74' lang='lat' dir='ltr'><strong>823m.</strong></span> <span class='ocrx_word' id='word_1_229' title='bbox 768 2946 890 3013; x_wconf 88' lang='lat' dir='ltr'><strong>vis;</strong></span> <span class='ocrx_word' id='word_1_230' title='bbox 920 2957 1126 3000; x_wconf 88' lang='lat' dir='ltr'><strong>tantum</strong></span> <span class='ocrx_word' id='word_1_231' title='bbox 1164 2963 1229 3001; x_wconf 93' lang='lat' dir='ltr'><strong>ne</strong></span> <span class='ocrx_word' id='word_1_232' title='bbox 1257 2949 1369 3017; x_wconf 87' lang='lat' dir='ltr'><strong>ipse</strong></span> <span class='ocrx_word' id='word_1_233' title='bbox 1392 2952 1714 3008; x_wconf 85' lang='lat' dir='ltr'><strong>certaminis</strong></span> <span class='ocrx_word' id='word_1_234' title='bbox 1749 2952 1928 3007; x_wconf 88' lang='lat' dir='ltr'><strong>socius</strong></span> <span class='ocrx_word' id='word_1_235' title='bbox 1960 2953 2076 3007; x_wconf 87' lang='lat' dir='ltr'><strong>ﬁas.</strong></span> 
     </span>
    </p>
   </div>
   <div class='ocr_carea' id='block_1_34' title="bbox 2189 476 3689 554">
    <p class='ocr_par' dir='ltr' id='par_1_34' title="bbox 2189 476 3689 554">
     <span class='ocr_line' id='line_1_34' title="bbox 2189 476 3689 554; baseline 0.005 -25"><span class='ocrx_word' id='word_1_236' title='bbox 2189 476 2453 549; x_wconf 84' lang='grc' dir='ltr'>ληφθείσῃ</span> <span class='ocrx_word' id='word_1_237' title='bbox 2496 479 2678 550; x_wconf 92' lang='grc' dir='ltr'>σαρκί.</span> <span class='ocrx_word' id='word_1_238' title='bbox 2726 479 2789 533; x_wconf 82' lang='lat' dir='ltr'><strong>El</strong></span> <span class='ocrx_word' id='word_1_239' title='bbox 2822 480 2933 551; x_wconf 88' lang='grc' dir='ltr'><strong>γάρ</strong></span> <span class='ocrx_word' id='word_1_240' title='bbox 2963 479 3092 533; x_wconf 92' lang='grc' dir='ltr'>νοῦν</span> <span class='ocrx_word' id='word_1_241' title='bbox 3123 481 3225 535; x_wconf 85' lang='grc' dir='ltr'>οὐκ</span> <span class='ocrx_word' id='word_1_242' title='bbox 3253 477 3399 552; x_wconf 79' lang='grc' dir='ltr'>εῖχεν</span> <span class='ocrx_word' id='word_1_243' title='bbox 3428 482 3689 554; x_wconf 74' lang='grc' dir='ltr'>ἀνθρώπινον</span> 
     </span>
    </p>
   </div>
   <div class='ocr_carea' id='block_1_35' title="bbox 2188 570 3688 645">
    <p class='ocr_par' dir='ltr' id='par_1_35' title="bbox 2188 570 3688 645">
     <span class='ocr_line' id='line_1_35' title="bbox 2188 570 3688 645; baseline 0.006 -24"><span class='ocrx_word' id='word_1_244' title='bbox 2188 572 2221 638; x_wconf 78' lang='grc' dir='ltr'>ἡ</span> <span class='ocrx_word' id='word_1_245' title='bbox 2252 570 2624 640; x_wconf 83' lang='grc' dir='ltr'>ἀναληφθεῖσα</span> <span class='ocrx_word' id='word_1_246' title='bbox 2650 570 2851 640; x_wconf 82' lang='grc' dir='ltr'>φύσις,</span> <span class='ocrx_word' id='word_1_247' title='bbox 2878 572 3009 638; x_wconf 85' lang='grc' dir='ltr'><strong>Θεὸς</strong></span> <span class='ocrx_word' id='word_1_248' title='bbox 3056 574 3154 643; x_wconf 84' lang='grc' dir='ltr'>μὲν</span> <span class='ocrx_word' id='word_1_249' title='bbox 3182 575 3212 626; x_wconf 99' lang='lat'><strong>6</strong></span> <span class='ocrx_word' id='word_1_250' title='bbox 3246 572 3384 645; x_wconf 83' lang='grc' dir='ltr'>πρὸς</span> <span class='ocrx_word' id='word_1_251' title='bbox 3408 574 3490 627; x_wconf 81' lang='grc' dir='ltr'><strong>τὸν</strong></span> <span class='ocrx_word' id='word_1_252' title='bbox 3510 576 3688 630; x_wconf 77' lang='grc' dir='ltr'>διάϐολον</span> 
     </span>
    </p>
   </div>
   <div class='ocr_carea' id='block_1_36' title="bbox 2188 653 3686 734">
    <p class='ocr_par' dir='ltr' id='par_1_36' title="bbox 2188 653 3686 734">
     <span class='ocr_line' id='line_1_36' title="bbox 2188 653 3686 734; baseline 0.005 -27"><span class='ocrx_word' id='word_1_253' title='bbox 2188 656 2597 725; x_wconf 74' lang='grc' dir='ltr'><strong>ἀγωνισάμενος</strong></span> <span class='ocrx_word' id='word_1_254' title='bbox 2625 653 2713 728; x_wconf 80' lang='grc' dir='ltr'>ἦν,</span> <span class='ocrx_word' id='word_1_255' title='bbox 2742 658 2875 721; x_wconf 87' lang='grc' dir='ltr'>Θεὸς</span> <span class='ocrx_word' id='word_1_256' title='bbox 2894 659 2951 713; x_wconf 86' lang='grc' dir='ltr'>δὲ</span> <span class='ocrx_word' id='word_1_257' title='bbox 2973 663 3001 714; x_wconf 91' lang='lat'><strong>6</strong></span> <span class='ocrx_word' id='word_1_258' title='bbox 3028 662 3127 732; x_wconf 81' lang='grc' dir='ltr'><strong>τὴν</strong></span> <span class='ocrx_word' id='word_1_259' title='bbox 3153 661 3311 732; x_wconf 78' lang='grc' dir='ltr'>νίκην</span> <span class='ocrx_word' id='word_1_260' title='bbox 3337 664 3686 734; x_wconf 79' lang='grc' dir='ltr'>ἀναδησάμενος·</span> 
     </span>
    </p>
   </div>
   <div class='ocr_carea' id='block_1_37' title="bbox 2187 746 3689 826">
    <p class='ocr_par' dir='ltr' id='par_1_37' title="bbox 2187 746 3689 826">
     <span class='ocr_line' id='line_1_37' title="bbox 2187 746 3689 826; baseline 0.006 -27"><span class='ocrx_word' id='word_1_261' title='bbox 2187 746 2321 800; x_wconf 82' lang='grc' dir='ltr'><strong>Θεοῦ</strong></span> <span class='ocrx_word' id='word_1_262' title='bbox 2354 749 2410 801; x_wconf 80' lang='grc' dir='ltr'>δὲ</span> <span class='ocrx_word' id='word_1_263' title='bbox 2448 752 2815 821; x_wconf 77' lang='grc' dir='ltr'><strong>νενικηκότος,</strong></span> <span class='ocrx_word' id='word_1_264' title='bbox 2848 751 2961 820; x_wconf 86' lang='grc' dir='ltr'>ἐγὼ</span> <span class='ocrx_word' id='word_1_265' title='bbox 2999 752 3100 823; x_wconf 82' lang='grc' dir='ltr'>μὲν</span> <span class='ocrx_word' id='word_1_266' title='bbox 3129 753 3285 806; x_wconf 84' lang='grc' dir='ltr'>οὐδὲν</span> <span class='ocrx_word' id='word_1_267' title='bbox 3322 753 3593 825; x_wconf 81' lang='grc' dir='ltr'>ἀπωνάμην</span> <span class='ocrx_word' id='word_1_268' title='bbox 3623 759 3689 826; x_wconf 71' lang='grc' dir='ltr'><strong>τῆς</strong></span> 
     </span>
    </p>
   </div>
   <div class='ocr_carea' id='block_1_38' title="bbox 2188 840 3691 917">
    <p class='ocr_par' dir='ltr' id='par_1_38' title="bbox 2188 840 3691 917">
     <span class='ocr_line' id='line_1_38' title="bbox 2188 840 3691 917; baseline 0.007 -27"><span class='ocrx_word' id='word_1_269' title='bbox 2188 840 2362 910; x_wconf 82' lang='grc' dir='ltr'>νίκης,</span> <span class='ocrx_word' id='word_1_270' title='bbox 2392 840 2467 903; x_wconf 84' lang='grc' dir='ltr'><strong>ὡς</strong></span> <span class='ocrx_word' id='word_1_271' title='bbox 2489 842 2641 894; x_wconf 77' lang='grc' dir='ltr'>οὐδὲν</span> <span class='ocrx_word' id='word_1_272' title='bbox 2669 844 2749 906; x_wconf 80' lang='grc' dir='ltr'><strong>είς</strong></span> <span class='ocrx_word' id='word_1_273' title='bbox 2775 845 2979 913; x_wconf 84' lang='grc' dir='ltr'>ταύτην</span> <span class='ocrx_word' id='word_1_274' title='bbox 2999 843 3327 913; x_wconf 80' lang='grc' dir='ltr'>εἰσενεγκὼν</span> <span class='ocrx_word' id='word_1_275' title='bbox 3346 861 3360 874; x_wconf 92' lang='grc'><strong>·</strong></span> <span class='ocrx_word' id='word_1_276' title='bbox 3390 844 3514 898; x_wconf 80' lang='grc' dir='ltr'>ἀλλὰ</span> <span class='ocrx_word' id='word_1_277' title='bbox 3536 849 3691 917; x_wconf 76' lang='grc' dir='ltr'>καὶτῆς</span> 
     </span>
    </p>
   </div>
   <div class='ocr_carea' id='block_1_39' title="bbox 2186 931 3690 1006">
    <p class='ocr_par' dir='ltr' id='par_1_39' title="bbox 2186 931 3690 1006">
     <span class='ocr_line' id='line_1_39' title="bbox 2186 931 3690 1006; baseline 0.006 -24"><span class='ocrx_word' id='word_1_278' title='bbox 2186 931 2433 984; x_wconf 88' lang='grc' dir='ltr'>ἐντεῦθεν</span> <span class='ocrx_word' id='word_1_279' title='bbox 2480 933 2823 1005; x_wconf 76' lang='grc' dir='ltr'>εὐφροσύνης</span> <span class='ocrx_word' id='word_1_280' title='bbox 2849 936 3232 1006; x_wconf 84' lang='grc' dir='ltr'>γεγύμνωμαι,</span> <span class='ocrx_word' id='word_1_281' title='bbox 3256 935 3335 993; x_wconf 78' lang='grc' dir='ltr'>ὡς</span> <span class='ocrx_word' id='word_1_282' title='bbox 3364 934 3454 989; x_wconf 70' lang='grc' dir='ltr'>ἐπὶ</span> <span class='ocrx_word' id='word_1_283' title='bbox 3477 940 3690 1005; x_wconf 73' lang='grc' dir='ltr'><strong>τροπαίοις</strong></span> 
     </span>
    </p>
   </div>
   <div class='ocr_carea' id='block_1_40' title="bbox 2185 1023 3692 1098">
    <p class='ocr_par' dir='ltr' id='par_1_40' title="bbox 2185 1023 3692 1098">
     <span class='ocr_line' id='line_1_40' title="bbox 2185 1023 3692 1098; baseline 0.005 -24"><span class='ocrx_word' id='word_1_284' title='bbox 2185 1023 2427 1093; x_wconf 85' lang='grc' dir='ltr'>γαυριῶν</span> <span class='ocrx_word' id='word_1_285' title='bbox 2455 1024 2757 1095; x_wconf 82' lang='grc' dir='ltr'><strong>ἀλλοτρίοις</strong></span> <span class='ocrx_word' id='word_1_286' title='bbox 2776 1041 2791 1055; x_wconf 76' lang='grc'><strong>⁸</strong></span> <span class='ocrx_word' id='word_1_287' title='bbox 2837 1028 2867 1079; x_wconf 87' lang='lat'><strong>6</strong></span> <span class='ocrx_word' id='word_1_288' title='bbox 2910 1028 2967 1080; x_wconf 86' lang='grc' dir='ltr'>δὲ</span> <span class='ocrx_word' id='word_1_289' title='bbox 3000 1027 3247 1089; x_wconf 82' lang='grc' dir='ltr'>διάϐολος</span> <span class='ocrx_word' id='word_1_290' title='bbox 3286 1028 3458 1097; x_wconf 79' lang='grc' dir='ltr'>αὐχεῖ,</span> <span class='ocrx_word' id='word_1_291' title='bbox 3490 1030 3568 1081; x_wconf 73' lang='grc' dir='ltr'><strong>καὶ</strong></span> <span class='ocrx_word' id='word_1_292' title='bbox 3596 1047 3692 1098; x_wconf 73' lang='grc' dir='ltr'>κομι</span> 
     </span>
    </p>
   </div>
   <div class='ocr_carea' id='block_1_41' title="bbox 2186 1112 3690 1188">
    <p class='ocr_par' dir='ltr' id='par_1_41' title="bbox 2186 1112 3690 1188">
     <span class='ocr_line' id='line_1_41' title="bbox 2186 1112 3690 1188; baseline 0.005 -23"><span class='ocrx_word' id='word_1_293' title='bbox 2186 1112 2373 1177; x_wconf 76' lang='grc' dir='ltr'>πάζει,</span> <span class='ocrx_word' id='word_1_294' title='bbox 2410 1115 2501 1167; x_wconf 76' lang='grc' dir='ltr'><strong>καὶ</strong></span> <span class='ocrx_word' id='word_1_295' title='bbox 2541 1116 2685 1185; x_wconf 82' lang='grc' dir='ltr'>μέγα</span> <span class='ocrx_word' id='word_1_296' title='bbox 2732 1119 2938 1188; x_wconf 76' lang='grc' dir='ltr'>φρονεῖ,</span> <span class='ocrx_word' id='word_1_297' title='bbox 2990 1119 3084 1171; x_wconf 80' lang='grc' dir='ltr'>καὶ</span> <span class='ocrx_word' id='word_1_298' title='bbox 3131 1118 3467 1187; x_wconf 81' lang='grc' dir='ltr'>σεμνύνεται,</span> <span class='ocrx_word' id='word_1_299' title='bbox 3505 1120 3566 1182; x_wconf 84' lang='grc' dir='ltr'>ὠς</span> <span class='ocrx_word' id='word_1_300' title='bbox 3608 1120 3690 1188; x_wconf 84' lang='grc' dir='ltr'><strong>Θεῷ</strong></span> 
     </span>
    </p>
   </div>
   <div class='ocr_carea' id='block_1_42' title="bbox 2186 1206 3693 1282">
    <p class='ocr_par' dir='ltr' id='par_1_42' title="bbox 2186 1206 3693 1282">
     <span class='ocr_line' id='line_1_42' title="bbox 2186 1206 3693 1282; baseline 0.007 -25"><span class='ocrx_word' id='word_1_301' title='bbox 2186 1206 2478 1271; x_wconf 85' lang='grc' dir='ltr'><strong>παλαίσας,</strong></span> <span class='ocrx_word' id='word_1_302' title='bbox 2509 1208 2605 1260; x_wconf 75' lang='grc' dir='ltr'><strong>καὶ</strong></span> <span class='ocrx_word' id='word_1_303' title='bbox 2652 1209 2759 1261; x_wconf 76' lang='grc' dir='ltr'>ὑπὸ</span> <span class='ocrx_word' id='word_1_304' title='bbox 2800 1210 2934 1262; x_wconf 89' lang='grc' dir='ltr'>Θεοῦ</span> <span class='ocrx_word' id='word_1_305' title='bbox 2977 1210 3267 1279; x_wconf 77' lang='grc' dir='ltr'>ήττηθείς³</span> <span class='ocrx_word' id='word_1_306' title='bbox 3304 1210 3442 1280; x_wconf 82' lang='grc' dir='ltr'>μέγα</span> <span class='ocrx_word' id='word_1_307' title='bbox 3471 1210 3563 1282; x_wconf 79' lang='grc' dir='ltr'>γὰρ</span> <span class='ocrx_word' id='word_1_308' title='bbox 3586 1212 3693 1281; x_wconf 64' lang='grc' dir='ltr'>αὐτῷ</span> 
     </span>
    </p>
   </div>
   <div class='ocr_carea' id='block_1_43' title="bbox 2185 1298 3691 1371">
    <p class='ocr_par' dir='ltr' id='par_1_43' title="bbox 2185 1298 3691 1371">
     <span class='ocr_line' id='line_1_43' title="bbox 2185 1298 3691 1371; baseline 0.002 -22"><span class='ocrx_word' id='word_1_309' title='bbox 2185 1298 2278 1350; x_wconf 77' lang='grc' dir='ltr'><strong>καὶ</strong></span> <span class='ocrx_word' id='word_1_310' title='bbox 2304 1298 2364 1349; x_wconf 85' lang='grc' dir='ltr'><strong>τὸ</strong></span> <span class='ocrx_word' id='word_1_311' title='bbox 2395 1298 2692 1369; x_wconf 72' lang='grc' dir='ltr'>ἡττηθῆναι</span> <span class='ocrx_word' id='word_1_312' title='bbox 2721 1300 2825 1352; x_wconf 85' lang='grc' dir='ltr'><strong>ὑπὸ</strong></span> <span class='ocrx_word' id='word_1_313' title='bbox 2856 1300 2990 1353; x_wconf 86' lang='grc' dir='ltr'>Θεοῦ</span> <span class='ocrx_word' id='word_1_314' title='bbox 3013 1316 3027 1331; x_wconf 71' lang='grc' dir='ltr'><strong>ο</strong></span> <span class='ocrx_word' id='word_1_315' title='bbox 3062 1301 3144 1353; x_wconf 81' lang='grc' dir='ltr'><strong>ὅτι</strong></span> <span class='ocrx_word' id='word_1_316' title='bbox 3187 1302 3236 1352; x_wconf 82' lang='grc' dir='ltr'><strong>εί</strong></span> <span class='ocrx_word' id='word_1_317' title='bbox 3280 1301 3309 1353; x_wconf 89' lang='lat'><strong>6</strong></span> <span class='ocrx_word' id='word_1_318' title='bbox 3346 1300 3471 1365; x_wconf 88' lang='grc' dir='ltr'>Θεὸς</span> <span class='ocrx_word' id='word_1_319' title='bbox 3490 1303 3628 1369; x_wconf 80' lang='grc' dir='ltr'>Λόγος</span> <span class='ocrx_word' id='word_1_320' title='bbox 3645 1298 3691 1371; x_wconf 75' lang='grc' dir='ltr'>ἦν</span> 
     </span>
    </p>
   </div>
   <div class='ocr_carea' id='block_1_44' title="bbox 2184 1386 3693 1459">
    <p class='ocr_par' dir='ltr' id='par_1_44' title="bbox 2184 1386 3693 1459">
     <span class='ocr_line' id='line_1_44' title="bbox 2184 1386 3693 1459; baseline 0.004 -21"><span class='ocrx_word' id='word_1_321' title='bbox 2184 1386 2305 1439; x_wconf 78' lang='grc' dir='ltr'>ἀντὶ</span> <span class='ocrx_word' id='word_1_322' title='bbox 2328 1387 2420 1440; x_wconf 91' lang='grc' dir='ltr'><strong>νοῦ</strong></span> <span class='ocrx_word' id='word_1_323' title='bbox 2444 1390 2502 1441; x_wconf 89' lang='grc' dir='ltr'><strong>ἐν</strong></span> <span class='ocrx_word' id='word_1_324' title='bbox 2531 1389 2608 1458; x_wconf 84' lang='grc' dir='ltr'><strong>τῷ</strong></span> <span class='ocrx_word' id='word_1_325' title='bbox 2637 1388 2917 1458; x_wconf 78' lang='grc' dir='ltr'>ληφθέντι,</span> <span class='ocrx_word' id='word_1_326' title='bbox 2940 1392 3034 1443; x_wconf 71' lang='grc' dir='ltr'><strong>καὶ</strong></span> <span class='ocrx_word' id='word_1_327' title='bbox 3058 1393 3086 1444; x_wconf 91' lang='lat'><strong>6</strong></span> <span class='ocrx_word' id='word_1_328' title='bbox 3112 1391 3358 1455; x_wconf 86' lang='grc' dir='ltr'>διάϐολος</span> <span class='ocrx_word' id='word_1_329' title='bbox 3380 1392 3693 1459; x_wconf 74' lang='grc' dir='ltr'>δικαιολογίαις</span> 
     </span>
    </p>
   </div>
   <div class='ocr_carea' id='block_1_45' title="bbox 2184 1479 3690 1551">
    <p class='ocr_par' dir='ltr' id='par_1_45' title="bbox 2184 1479 3690 1551">
     <span class='ocr_line' id='line_1_45' title="bbox 2184 1479 3690 1551; baseline 0.003 -20"><span class='ocrx_word' id='word_1_330' title='bbox 2184 1479 2448 1549; x_wconf 87' lang='grc' dir='ltr'>χρήσαιτο</span> <span class='ocrx_word' id='word_1_331' title='bbox 2482 1479 2547 1533; x_wconf 84' lang='grc' dir='ltr'><strong>ἀν</strong></span> <span class='ocrx_word' id='word_1_332' title='bbox 2596 1481 2856 1549; x_wconf 77' lang='grc' dir='ltr'>εὐλόγοις,</span> <span class='ocrx_word' id='word_1_333' title='bbox 2890 1482 2985 1535; x_wconf 76' lang='grc' dir='ltr'><strong>καὶ</strong></span> <span class='ocrx_word' id='word_1_334' title='bbox 3015 1482 3157 1535; x_wconf 84' lang='grc' dir='ltr'>εῐποι</span> <span class='ocrx_word' id='word_1_335' title='bbox 3196 1483 3263 1537; x_wconf 83' lang='grc' dir='ltr'><strong>ἀν</strong></span> <span class='ocrx_word' id='word_1_336' title='bbox 3311 1486 3549 1548; x_wconf 83' lang='grc' dir='ltr'>είκότως’</span> <span class='ocrx_word' id='word_1_337' title='bbox 3573 1485 3690 1551; x_wconf 83' lang='grc' dir='ltr'>Ἐγὼ,</span> 
     </span>
    </p>
   </div>
   <div class='ocr_carea' id='block_1_46' title="bbox 2183 1571 3693 1646">
    <p class='ocr_par' dir='ltr' id='par_1_46' title="bbox 2183 1571 3693 1646">
     <span class='ocr_line' id='line_1_46' title="bbox 2183 1571 3693 1646; baseline 0.003 -24"><span class='ocrx_word' id='word_1_338' title='bbox 2183 1571 2427 1623; x_wconf 83' lang='grc' dir='ltr'>Δέσποτα</span> <span class='ocrx_word' id='word_1_339' title='bbox 2452 1572 2546 1624; x_wconf 77' lang='grc' dir='ltr'><strong>καὶ</strong></span> <span class='ocrx_word' id='word_1_340' title='bbox 2574 1572 2773 1641; x_wconf 87' lang='grc' dir='ltr'>ποιητά</span> <span class='ocrx_word' id='word_1_341' title='bbox 2801 1573 2911 1629; x_wconf 88' lang='grc' dir='ltr'><strong>τῶν</strong></span> <span class='ocrx_word' id='word_1_342' title='bbox 2939 1574 3096 1640; x_wconf 83' lang='grc' dir='ltr'>ὅλων,</span> <span class='ocrx_word' id='word_1_343' title='bbox 3115 1574 3175 1626; x_wconf 78' lang='grc' dir='ltr'>οὐ</span> <span class='ocrx_word' id='word_1_344' title='bbox 3202 1574 3335 1645; x_wconf 84' lang='grc' dir='ltr'>πρὸς</span> <span class='ocrx_word' id='word_1_345' title='bbox 3365 1576 3423 1628; x_wconf 80' lang='grc' dir='ltr'>σὲ</span> <span class='ocrx_word' id='word_1_346' title='bbox 3446 1576 3531 1646; x_wconf 83' lang='grc' dir='ltr'>τὴν</span> <span class='ocrx_word' id='word_1_347' title='bbox 3560 1576 3693 1646; x_wconf 78' lang='grc' dir='ltr'>μάχην</span> 
     </span>
    </p>
   </div>
   <div class='ocr_carea' id='block_1_47' title="bbox 2184 1658 3694 1735">
    <p class='ocr_par' dir='ltr' id='par_1_47' title="bbox 2184 1658 3694 1735">
     <span class='ocr_line' id='line_1_47' title="bbox 2184 1658 3694 1735; baseline -0.001 -22"><span class='ocrx_word' id='word_1_348' title='bbox 2184 1660 2545 1733; x_wconf 83' lang='grc' dir='ltr'>ἀνεδεξάμην·</span> <span class='ocrx_word' id='word_1_349' title='bbox 2581 1658 2695 1714; x_wconf 87' lang='grc' dir='ltr'>οῖδα</span> <span class='ocrx_word' id='word_1_350' title='bbox 2718 1664 2830 1733; x_wconf 85' lang='grc' dir='ltr'><strong>γάρ</strong></span> <span class='ocrx_word' id='word_1_351' title='bbox 2870 1680 2963 1715; x_wconf 88' lang='grc' dir='ltr'><strong>σου</strong></span> <span class='ocrx_word' id='word_1_352' title='bbox 2994 1664 3091 1733; x_wconf 76' lang='grc' dir='ltr'><strong>τὴν</strong></span> <span class='ocrx_word' id='word_1_353' title='bbox 3122 1664 3299 1730; x_wconf 80' lang='grc' dir='ltr'>ἀξίαν,</span> <span class='ocrx_word' id='word_1_354' title='bbox 3334 1665 3604 1735; x_wconf 82' lang='grc' dir='ltr'>ἐπίσταμαι</span> <span class='ocrx_word' id='word_1_355' title='bbox 3625 1665 3694 1732; x_wconf 69' lang='grc' dir='ltr'>τὴν</span> 
     </span>
    </p>
   </div>
   <div class='ocr_carea' id='block_1_48' title="bbox 2116 1731 3693 1826">
    <p class='ocr_par' dir='ltr' id='par_1_48' title="bbox 2116 1731 3693 1826">
     <span class='ocr_line' id='line_1_48' title="bbox 2116 1731 3693 1826; baseline 0.001 -22"><span class='ocrx_word' id='word_1_356' title='bbox 2116 1731 2156 1785; x_wconf 77' lang='grc' dir='ltr'>Β</span> <span class='ocrx_word' id='word_1_357' title='bbox 2186 1752 2434 1817; x_wconf 77' lang='grc' dir='ltr'>ἐξουσίαν</span> <span class='ocrx_word' id='word_1_358' title='bbox 2463 1731 2483 1815; x_wconf 15' lang='grc' dir='ltr'>,ί</span> <span class='ocrx_word' id='word_1_359' title='bbox 2527 1731 2920 1824; x_wconf 31' lang='grc' dir='ltr'>γινώσκω-τὴν</span> <span class='ocrx_word' id='word_1_360' title='bbox 2969 1731 3305 1809; x_wconf 76' lang='grc' dir='ltr'>δεσποτείαν.</span> <span class='ocrx_word' id='word_1_361' title='bbox 3340 1731 3588 1826; x_wconf 79' lang='grc' dir='ltr'>Ὁμολογῶ</span> <span class='ocrx_word' id='word_1_362' title='bbox 3625 1731 3693 1825; x_wconf 63' lang='grc' dir='ltr'><strong>τῆν</strong></span> 
     </span>
    </p>
   </div>
   <div class='ocr_carea' id='block_1_49' title="bbox 2184 1844 3695 1918">
    <p class='ocr_par' dir='ltr' id='par_1_49' title="bbox 2184 1844 3695 1918">
     <span class='ocr_line' id='line_1_49' title="bbox 2184 1844 3695 1918; baseline 0.001 -22"><span class='ocrx_word' id='word_1_363' title='bbox 2184 1844 2445 1911; x_wconf 84' lang='grc' dir='ltr'>δουλείαν,</span> <span class='ocrx_word' id='word_1_364' title='bbox 2475 1846 2521 1897; x_wconf 76' lang='grc' dir='ltr'>εἰ</span> <span class='ocrx_word' id='word_1_365' title='bbox 2561 1846 2654 1898; x_wconf 77' lang='grc' dir='ltr'>καὶ</span> <span class='ocrx_word' id='word_1_366' title='bbox 2680 1846 3019 1899; x_wconf 82' lang='grc' dir='ltr'>ἀποστασίαν</span> <span class='ocrx_word' id='word_1_367' title='bbox 3046 1846 3215 1899; x_wconf 64' lang='grc' dir='ltr'>νοσεῖν</span> <span class='ocrx_word' id='word_1_368' title='bbox 3241 1848 3540 1918; x_wconf 82' lang='grc' dir='ltr'>παραχωρῶ</span> <span class='ocrx_word' id='word_1_369' title='bbox 3561 1847 3608 1900; x_wconf 79' lang='grc' dir='ltr'>δὲ</span> <span class='ocrx_word' id='word_1_370' title='bbox 3628 1849 3695 1899; x_wconf 80' lang='grc' dir='ltr'><strong>καὶ</strong></span> 
     </span>
    </p>
   </div>
   <div class='ocr_carea' id='block_1_50' title="bbox 2185 1936 3695 2009">
    <p class='ocr_par' dir='ltr' id='par_1_50' title="bbox 2185 1936 3695 2009">
     <span class='ocr_line' id='line_1_50' title="bbox 2185 1936 3695 2009; baseline 0.001 -19"><span class='ocrx_word' id='word_1_371' title='bbox 2185 1937 2435 2005; x_wconf 82' lang='grc' dir='ltr'>ἀγγέλοις</span> <span class='ocrx_word' id='word_1_372' title='bbox 2464 1938 2561 2007; x_wconf 85' lang='grc' dir='ltr'><strong>τῆς</strong></span> <span class='ocrx_word' id='word_1_373' title='bbox 2589 1936 2766 2006; x_wconf 90' lang='grc' dir='ltr'>νίκης,</span> <span class='ocrx_word' id='word_1_374' title='bbox 2802 1938 2895 1990; x_wconf 82' lang='grc' dir='ltr'><strong>καὶ</strong></span> <span class='ocrx_word' id='word_1_375' title='bbox 2936 1940 3067 1991; x_wconf 85' lang='grc' dir='ltr'>πᾶσι</span> <span class='ocrx_word' id='word_1_376' title='bbox 3098 1942 3209 2002; x_wconf 81' lang='grc' dir='ltr'>τοῖς</span> <span class='ocrx_word' id='word_1_377' title='bbox 3236 1939 3498 2009; x_wconf 75' lang='grc' dir='ltr'>οὐρανίοις</span> <span class='ocrx_word' id='word_1_378' title='bbox 3528 1940 3695 2009; x_wconf 78' lang='grc' dir='ltr'>δήμοις,</span> 
     </span>
    </p>
   </div>
   <div class='ocr_carea' id='block_1_51' title="bbox 2182 2022 3696 2101">
    <p class='ocr_par' dir='ltr' id='par_1_51' title="bbox 2182 2022 3696 2101">
     <span class='ocr_line' id='line_1_51' title="bbox 2182 2022 3696 2101; baseline 0 -20"><span class='ocrx_word' id='word_1_379' title='bbox 2182 2022 2257 2081; x_wconf 82' lang='grc' dir='ltr'>ὧν</span> <span class='ocrx_word' id='word_1_380' title='bbox 2292 2045 2419 2081; x_wconf 87' lang='grc' dir='ltr'>ποτε</span> <span class='ocrx_word' id='word_1_381' title='bbox 2454 2029 2546 2081; x_wconf 80' lang='grc' dir='ltr'><strong>καὶ</strong></span> <span class='ocrx_word' id='word_1_382' title='bbox 2586 2030 2614 2081; x_wconf 94' lang='lat'><strong>6</strong></span> <span class='ocrx_word' id='word_1_383' title='bbox 2652 2029 2999 2100; x_wconf 88' lang='grc' dir='ltr'>ταλαίπωρος</span> <span class='ocrx_word' id='word_1_384' title='bbox 3020 2024 3101 2092; x_wconf 79' lang='grc' dir='ltr'>εἷς</span> <span class='ocrx_word' id='word_1_385' title='bbox 3130 2030 3375 2101; x_wconf 82' lang='grc' dir='ltr'>ὑπῆρχον</span> <span class='ocrx_word' id='word_1_386' title='bbox 3400 2030 3529 2099; x_wconf 78' lang='grc' dir='ltr'>ἐγώ·</span> <span class='ocrx_word' id='word_1_387' title='bbox 3554 2032 3634 2098; x_wconf 82' lang='grc' dir='ltr'>τὴν</span> <span class='ocrx_word' id='word_1_388' title='bbox 3657 2030 3696 2081; x_wconf 79' lang='grc' dir='ltr'>δὲ</span> 
     </span>
    </p>
   </div>
   <div class='ocr_carea' id='block_1_52' title="bbox 2188 2120 3695 2193">
    <p class='ocr_par' dir='ltr' id='par_1_52' title="bbox 2188 2120 3695 2193">
     <span class='ocr_line' id='line_1_52' title="bbox 2188 2120 3695 2193; baseline 0.001 -22"><span class='ocrx_word' id='word_1_389' title='bbox 2188 2120 2367 2190; x_wconf 83' lang='grc' dir='ltr'>μάχην</span> <span class='ocrx_word' id='word_1_390' title='bbox 2417 2120 2553 2188; x_wconf 87' lang='grc' dir='ltr'>πρὸς</span> <span class='ocrx_word' id='word_1_391' title='bbox 2604 2120 2792 2173; x_wconf 86' lang='grc' dir='ltr'>τοῦτον</span> <span class='ocrx_word' id='word_1_392' title='bbox 2834 2120 3188 2192; x_wconf 78' lang='grc' dir='ltr'>ἀνεδεξάμην,</span> <span class='ocrx_word' id='word_1_393' title='bbox 3217 2122 3276 2175; x_wconf 80' lang='grc' dir='ltr'>ὃν</span> <span class='ocrx_word' id='word_1_394' title='bbox 3301 2123 3408 2175; x_wconf 81' lang='grc' dir='ltr'><strong>ἀπὸ</strong></span> <span class='ocrx_word' id='word_1_395' title='bbox 3437 2122 3585 2193; x_wconf 81' lang='grc' dir='ltr'>πηλοῦ</span> <span class='ocrx_word' id='word_1_396' title='bbox 3626 2121 3695 2191; x_wconf 77' lang='grc' dir='ltr'>μὲν</span> 
     </span>
    </p>
   </div>
   <div class='ocr_carea' id='block_1_53' title="bbox 2182 2210 3698 2285">
    <p class='ocr_par' dir='ltr' id='par_1_53' title="bbox 2182 2210 3698 2285">
     <span class='ocr_line' id='line_1_53' title="bbox 2182 2210 3698 2285; baseline 0.001 -22"><span class='ocrx_word' id='word_1_397' title='bbox 2182 2210 2495 2274; x_wconf 87' lang='grc' dir='ltr'>διέπλασας,</span> <span class='ocrx_word' id='word_1_398' title='bbox 2520 2212 2833 2264; x_wconf 80' lang='grc' dir='ltr'>κατέίκόνα</span> <span class='ocrx_word' id='word_1_399' title='bbox 2860 2212 2917 2264; x_wconf 87' lang='grc' dir='ltr'>δὲ</span> <span class='ocrx_word' id='word_1_400' title='bbox 2948 2212 3048 2283; x_wconf 83' lang='grc' dir='ltr'>σὴν</span> <span class='ocrx_word' id='word_1_401' title='bbox 3072 2215 3353 2284; x_wconf 80' lang='grc' dir='ltr'>ἐποίησας,</span> <span class='ocrx_word' id='word_1_402' title='bbox 3379 2216 3467 2268; x_wconf 79' lang='grc' dir='ltr'><strong>καὶ</strong></span> <span class='ocrx_word' id='word_1_403' title='bbox 3489 2215 3698 2285; x_wconf 75' lang='grc' dir='ltr'>ἐτίμησας</span> 
     </span>
    </p>
   </div>
   <div class='ocr_carea' id='block_1_54' title="bbox 2182 2302 3698 2375">
    <p class='ocr_par' dir='ltr' id='par_1_54' title="bbox 2182 2302 3698 2375">
     <span class='ocr_line' id='line_1_54' title="bbox 2182 2302 3698 2375; baseline -0.001 -20"><span class='ocrx_word' id='word_1_404' title='bbox 2182 2302 2259 2373; x_wconf 81' lang='grc' dir='ltr'>τῷ</span> <span class='ocrx_word' id='word_1_405' title='bbox 2290 2303 2452 2371; x_wconf 80' lang='grc' dir='ltr'>λόγῳ,</span> <span class='ocrx_word' id='word_1_406' title='bbox 2490 2303 2583 2355; x_wconf 71' lang='grc' dir='ltr'><strong>καὶ</strong></span> <span class='ocrx_word' id='word_1_407' title='bbox 2630 2302 2958 2371; x_wconf 83' lang='grc' dir='ltr'>παραδείσου</span> <span class='ocrx_word' id='word_1_408' title='bbox 2998 2302 3224 2373; x_wconf 83' lang='grc' dir='ltr'>πολίτην</span> <span class='ocrx_word' id='word_1_409' title='bbox 3259 2306 3597 2375; x_wconf 81' lang='grc' dir='ltr'>κατέστησας,</span> <span class='ocrx_word' id='word_1_410' title='bbox 3632 2306 3698 2355; x_wconf 74' lang='grc' dir='ltr'><strong>καὶ</strong></span> 
     </span>
    </p>
   </div>
   <div class='ocr_carea' id='block_1_55' title="bbox 2182 2396 3699 2468">
    <p class='ocr_par' dir='ltr' id='par_1_55' title="bbox 2182 2396 3699 2468">
     <span class='ocr_line' id='line_1_55' title="bbox 2182 2396 3699 2468; baseline 0 -20"><span class='ocrx_word' id='word_1_411' title='bbox 2182 2398 2284 2465; x_wconf 86' lang='grc' dir='ltr'><strong>γῆς</strong></span> <span class='ocrx_word' id='word_1_412' title='bbox 2310 2397 2403 2448; x_wconf 76' lang='grc' dir='ltr'>καὶ</span> <span class='ocrx_word' id='word_1_413' title='bbox 2437 2396 2706 2466; x_wconf 79' lang='grc' dir='ltr'>Θαλάττης</span> <span class='ocrx_word' id='word_1_414' title='bbox 2739 2396 3005 2466; x_wconf 76' lang='grc' dir='ltr'>δεσπότην</span> <span class='ocrx_word' id='word_1_415' title='bbox 3035 2397 3351 2466; x_wconf 83' lang='grc' dir='ltr'>ἀπέφηνας·</span> <span class='ocrx_word' id='word_1_416' title='bbox 3380 2399 3554 2451; x_wconf 85' lang='grc' dir='ltr'>τοῦτον</span> <span class='ocrx_word' id='word_1_417' title='bbox 3579 2398 3699 2468; x_wconf 70' lang='grc' dir='ltr'>μέχρι</span> 
     </span>
    </p>
   </div>
   <div class='ocr_carea' id='block_1_56' title="bbox 2181 2487 3699 2559">
    <p class='ocr_par' dir='ltr' id='par_1_56' title="bbox 2181 2487 3699 2559">
     <span class='ocr_line' id='line_1_56' title="bbox 2181 2487 3699 2559; baseline 0 -20"><span class='ocrx_word' id='word_1_418' title='bbox 2181 2487 2278 2557; x_wconf 87' lang='grc' dir='ltr'><strong>τῆς</strong></span> <span class='ocrx_word' id='word_1_419' title='bbox 2314 2489 2549 2558; x_wconf 81' lang='grc' dir='ltr'>σήμερον</span> <span class='ocrx_word' id='word_1_420' title='bbox 2577 2490 2787 2558; x_wconf 79' lang='grc' dir='ltr'>ἡμέρας</span> <span class='ocrx_word' id='word_1_421' title='bbox 2816 2488 3003 2551; x_wconf 85' lang='grc' dir='ltr'>νικῶν,</span> <span class='ocrx_word' id='word_1_422' title='bbox 3033 2489 3127 2541; x_wconf 77' lang='grc' dir='ltr'>καὶ</span> <span class='ocrx_word' id='word_1_423' title='bbox 3164 2488 3395 2559; x_wconf 80' lang='grc' dir='ltr'>βάλλων,</span> <span class='ocrx_word' id='word_1_424' title='bbox 3425 2490 3513 2543; x_wconf 73' lang='grc' dir='ltr'><strong>καὶ</strong></span> <span class='ocrx_word' id='word_1_425' title='bbox 3540 2489 3606 2559; x_wconf 83' lang='grc' dir='ltr'><strong>τῷ</strong></span> <span class='ocrx_word' id='word_1_426' title='bbox 3630 2490 3699 2539; x_wconf 81' lang='grc' dir='ltr'>θα-</span> 
     </span>
    </p>
   </div>
   <div class='ocr_carea' id='block_1_57' title="bbox 2182 2578 3701 2649">
    <p class='ocr_par' dir='ltr' id='par_1_57' title="bbox 2182 2578 3701 2649">
     <span class='ocr_line' id='line_1_57' title="bbox 2182 2578 3701 2649; baseline 0 -20"><span class='ocrx_word' id='word_1_427' title='bbox 2182 2579 2326 2649; x_wconf 85' lang='grc' dir='ltr'>νάτῳ</span> <span class='ocrx_word' id='word_1_428' title='bbox 2361 2579 2749 2647; x_wconf 81' lang='grc' dir='ltr'>παραπέμπων</span> <span class='ocrx_word' id='word_1_429' title='bbox 2792 2579 3057 2632; x_wconf 71' lang='grc' dir='ltr'>διατελῶ*</span> <span class='ocrx_word' id='word_1_430' title='bbox 3091 2578 3280 2633; x_wconf 87' lang='grc' dir='ltr'>τοῦτον</span> <span class='ocrx_word' id='word_1_431' title='bbox 3322 2584 3405 2644; x_wconf 82' lang='grc' dir='ltr'><strong>είς</strong></span> <span class='ocrx_word' id='word_1_432' title='bbox 3445 2582 3502 2633; x_wconf 88' lang='grc' dir='ltr'><strong>τὸ</strong></span> <span class='ocrx_word' id='word_1_433' title='bbox 3539 2581 3701 2632; x_wconf 54' lang='grc' dir='ltr'>στάδιον</span> 
     </span>
    </p>
   </div>
   <div class='ocr_carea' id='block_1_58' title="bbox 2182 2670 3701 2742">
    <p class='ocr_par' dir='ltr' id='par_1_58' title="bbox 2182 2670 3701 2742">
     <span class='ocr_line' id='line_1_58' title="bbox 2182 2670 3701 2742; baseline -0.001 -18"><span class='ocrx_word' id='word_1_434' title='bbox 2182 2670 2425 2739; x_wconf 87' lang='grc' dir='ltr'>ἀγαγὼν,</span> <span class='ocrx_word' id='word_1_435' title='bbox 2456 2671 2550 2723; x_wconf 76' lang='grc' dir='ltr'><strong>καὶ</strong></span> <span class='ocrx_word' id='word_1_436' title='bbox 2584 2671 2835 2724; x_wconf 86' lang='grc' dir='ltr'>παλαίειν</span> <span class='ocrx_word' id='word_1_437' title='bbox 2879 2673 3003 2742; x_wconf 75' lang='grc' dir='ltr'>ἐμοὶ</span> <span class='ocrx_word' id='word_1_438' title='bbox 3045 2673 3330 2737; x_wconf 82' lang='grc' dir='ltr'>κελεύσας,</span> <span class='ocrx_word' id='word_1_439' title='bbox 3362 2672 3510 2742; x_wconf 85' lang='grc' dir='ltr'>γενοῦ</span> <span class='ocrx_word' id='word_1_440' title='bbox 3552 2670 3701 2739; x_wconf 73' lang='grc' dir='ltr'>θεατὴς</span> 
     </span>
    </p>
   </div>
   <div class='ocr_carea' id='block_1_59' title="bbox 2181 2762 3703 2834">
    <p class='ocr_par' dir='ltr' id='par_1_59' title="bbox 2181 2762 3703 2834">
     <span class='ocr_line' id='line_1_59' title="bbox 2181 2762 3703 2834; baseline -0.003 -18"><span class='ocrx_word' id='word_1_441' title='bbox 2181 2763 2341 2826; x_wconf 80' lang='grc' dir='ltr'>αὐτὸς</span> <span class='ocrx_word' id='word_1_442' title='bbox 2363 2762 2457 2815; x_wconf 70' lang='grc' dir='ltr'><strong>καὶ</strong></span> <span class='ocrx_word' id='word_1_443' title='bbox 2479 2762 2587 2815; x_wconf 81' lang='grc' dir='ltr'><strong>τῶν</strong></span> <span class='ocrx_word' id='word_1_444' title='bbox 2611 2764 3007 2833; x_wconf 87' lang='grc' dir='ltr'>παλαισμάτων</span> <span class='ocrx_word' id='word_1_445' title='bbox 3030 2764 3372 2834; x_wconf 83' lang='grc' dir='ltr'>ἀγωνοθέτης</span> <span class='ocrx_word' id='word_1_446' title='bbox 3392 2781 3408 2795; x_wconf 88' lang='grc'><strong>·</strong></span> <span class='ocrx_word' id='word_1_447' title='bbox 3436 2765 3480 2817; x_wconf 75' lang='grc' dir='ltr'>εἰ</span> <span class='ocrx_word' id='word_1_448' title='bbox 3498 2764 3547 2816; x_wconf 81' lang='grc' dir='ltr'>δὲ</span> <span class='ocrx_word' id='word_1_449' title='bbox 3568 2763 3703 2831; x_wconf 75' lang='grc' dir='ltr'>βούλει</span> 
     </span>
    </p>
   </div>
   <div class='ocr_carea' id='block_1_60' title="bbox 2183 2852 3689 2923">
    <p class='ocr_par' dir='ltr' id='par_1_60' title="bbox 2183 2852 3689 2923">
     <span class='ocr_line' id='line_1_60' title="bbox 2183 2852 3689 2923; baseline -0.001 -17"><span class='ocrx_word' id='word_1_450' title='bbox 2183 2854 2277 2906; x_wconf 76' lang='grc' dir='ltr'><strong>καὶ</strong></span> <span class='ocrx_word' id='word_1_451' title='bbox 2304 2854 2372 2905; x_wconf 76' lang='grc' dir='ltr'><strong>τὰ</strong></span> <span class='ocrx_word' id='word_1_452' title='bbox 2408 2852 2759 2923; x_wconf 87' lang='grc' dir='ltr'>παιδοτρίϐου</span> <span class='ocrx_word' id='word_1_453' title='bbox 2789 2858 2984 2917; x_wconf 88' lang='grc' dir='ltr'>ποιεῖν,</span> <span class='ocrx_word' id='word_1_454' title='bbox 3014 2854 3224 2921; x_wconf 81' lang='grc' dir='ltr'>δίδαξον</span> <span class='ocrx_word' id='word_1_455' title='bbox 3251 2854 3520 2921; x_wconf 88' lang='grc' dir='ltr'>παλαίειν,</span> <span class='ocrx_word' id='word_1_456' title='bbox 3545 2853 3689 2905; x_wconf 77' lang='grc' dir='ltr'>ὑπόδει</span> 
     </span>
    </p>
   </div>
   <div class='ocr_carea' id='block_1_61' title="bbox 2184 2942 3704 3020">
    <p class='ocr_par' dir='ltr' id='par_1_61' title="bbox 2184 2942 3704 3020">
     <span class='ocr_line' id='line_1_61' title="bbox 2184 2942 3704 3020; baseline -0.001 -25"><span class='ocrx_word' id='word_1_457' title='bbox 2184 2942 2271 3007; x_wconf 80' lang='grc' dir='ltr'>ξον</span> <span class='ocrx_word' id='word_1_458' title='bbox 2305 2943 2453 3013; x_wconf 79' lang='grc' dir='ltr'>αὐτῷ</span> <span class='ocrx_word' id='word_1_459' title='bbox 2497 2943 2596 3007; x_wconf 86' lang='grc' dir='ltr'>τὰς</span> <span class='ocrx_word' id='word_1_460' title='bbox 2644 2944 2742 3014; x_wconf 88' lang='grc' dir='ltr'><strong>τῆς</strong></span> <span class='ocrx_word' id='word_1_461' title='bbox 2785 2943 2943 3014; x_wconf 89' lang='grc' dir='ltr'>νίκης</span> <span class='ocrx_word' id='word_1_462' title='bbox 2974 2943 3165 3020; x_wconf 77' lang='grc' dir='ltr'>λαϐὰς,</span> <span class='ocrx_word' id='word_1_463' title='bbox 3193 2944 3416 3014; x_wconf 76' lang='grc' dir='ltr'>ἄλειψον</span> <span class='ocrx_word' id='word_1_464' title='bbox 3453 2944 3523 3007; x_wconf 85' lang='grc' dir='ltr'>ὡς</span> <span class='ocrx_word' id='word_1_465' title='bbox 3556 2943 3704 3005; x_wconf 77' lang='grc' dir='ltr'>θέλεις,</span> 
     </span>
    </p>
   </div>
   <div class='ocr_carea' id='block_1_62' title="bbox 499 3035 2076 3135">
    <p class='ocr_par' dir='ltr' id='par_1_62' title="bbox 499 3036 2076 3113">
     <span class='ocr_line' id='line_1_62' title="bbox 499 3036 2076 3113; baseline 0.007 -24"><span class='ocrx_word' id='word_1_466' title='bbox 499 3036 616 3090; x_wconf 81' lang='lat' dir='ltr'><strong>Non</strong></span> <span class='ocrx_word' id='word_1_467' title='bbox 652 3038 794 3091; x_wconf 89' lang='lat' dir='ltr'><strong>enim</strong></span> <span class='ocrx_word' id='word_1_468' title='bbox 828 3054 927 3107; x_wconf 87' lang='lat' dir='ltr'><strong>ego</strong></span> <span class='ocrx_word' id='word_1_469' title='bbox 968 3039 1040 3092; x_wconf 89' lang='lat' dir='ltr'><strong>ita</strong></span> <span class='ocrx_word' id='word_1_470' title='bbox 1075 3054 1195 3093; x_wconf 88' lang='lat' dir='ltr'><strong>sum</strong></span> <span class='ocrx_word' id='word_1_471' title='bbox 1238 3040 1439 3103; x_wconf 82' lang='lat' dir='ltr'><strong>audax,</strong></span> <span class='ocrx_word' id='word_1_472' title='bbox 1469 3051 1524 3095; x_wconf 91' lang='lat' dir='ltr'><strong>et</strong></span> <span class='ocrx_word' id='word_1_473' title='bbox 1556 3054 1735 3097; x_wconf 90' lang='lat' dir='ltr'><strong>mente</strong></span> <span class='ocrx_word' id='word_1_474' title='bbox 1778 3056 1989 3113; x_wconf 85' lang='lat' dir='ltr'><strong>captus,</strong></span> <span class='ocrx_word' id='word_1_475' title='bbox 2024 3054 2076 3100; x_wconf 93' lang='lat' dir='ltr'><strong>ut</strong></span> 
     </span>
    </p>
   </div>
   <div class='ocr_carea' id='block_1_63' title="bbox 2182 3035 3707 3135">
    <p class='ocr_par' dir='ltr' id='par_1_63' title="bbox 2186 3035 3707 3110">
     <span class='ocr_line' id='line_1_63' title="bbox 2186 3035 3707 3110; baseline -0.003 -21"><span class='ocrx_word' id='word_1_476' title='bbox 2186 3037 2345 3109; x_wconf 89' lang='grc' dir='ltr'>μόνον</span> <span class='ocrx_word' id='word_1_477' title='bbox 2374 3036 2449 3108; x_wconf 82' lang='grc' dir='ltr'>μὴ</span> <span class='ocrx_word' id='word_1_478' title='bbox 2482 3039 2849 3108; x_wconf 77' lang='grc' dir='ltr'>συμμαχήσῃς</span> <span class='ocrx_word' id='word_1_479' title='bbox 2878 3037 3179 3092; x_wconf 87' lang='grc' dir='ltr'>παλαίοντι.</span> <span class='ocrx_word' id='word_1_480' title='bbox 3211 3041 3284 3091; x_wconf 86' lang='grc' dir='ltr'>υὺ</span> <span class='ocrx_word' id='word_1_481' title='bbox 3320 3040 3429 3110; x_wconf 83' lang='grc' dir='ltr'>γὰρ</span> <span class='ocrx_word' id='word_1_482' title='bbox 3458 3037 3587 3091; x_wconf 74' lang='grc' dir='ltr'>οὕτω</span> <span class='ocrx_word' id='word_1_483' title='bbox 3614 3035 3707 3105; x_wconf 73' lang='grc' dir='ltr'>Θρα-</span> 
     </span>
    </p>
   </div>
   <div class='ocr_carea' id='block_1_64' title="bbox 504 3128 2081 3200">
    <p class='ocr_par' dir='ltr' id='par_1_64' title="bbox 504 3128 2081 3200">
     <span class='ocr_line' id='line_1_64' title="bbox 504 3128 2081 3200; baseline 0.008 -22"><span class='ocrx_word' id='word_1_484' title='bbox 504 3135 680 3181; x_wconf 90' lang='lat' dir='ltr'><strong>tecum</strong></span> <span class='ocrx_word' id='word_1_485' title='bbox 703 3128 835 3181; x_wconf 84' lang='lat' dir='ltr'><strong>Crea</strong></span> <span class='ocrx_word' id='word_1_486' title='bbox 847 3138 960 3182; x_wconf 90' lang='lat' dir='ltr'><strong>tore</strong></span> <span class='ocrx_word' id='word_1_487' title='bbox 980 3139 1193 3182; x_wconf 88' lang='lat' dir='ltr'><strong>certare</strong></span> <span class='ocrx_word' id='word_1_488' title='bbox 1215 3132 1515 3200; x_wconf 81' lang='lat' dir='ltr'><strong>aggrediar.</strong></span> <span class='ocrx_word' id='word_1_489' title='bbox 1548 3132 1670 3186; x_wconf 72' lang='lat' dir='ltr'><strong>Haec</strong></span> <span class='ocrx_word' id='word_1_490' title='bbox 1692 3134 1812 3200; x_wconf 89' lang='lat' dir='ltr'><strong>jure</strong></span> <span class='ocrx_word' id='word_1_491' title='bbox 1840 3136 2081 3191; x_wconf 84' lang='lat' dir='ltr'><strong>diabolus</strong></span> 
     </span>
    </p>
   </div>
   <div class='ocr_carea' id='block_1_65' title="bbox 503 3218 2079 3291">
    <p class='ocr_par' dir='ltr' id='par_1_65' title="bbox 503 3218 2079 3291">
     <span class='ocr_line' id='line_1_65' title="bbox 503 3218 2079 3291; baseline 0.009 -20"><span class='ocrx_word' id='word_1_492' title='bbox 503 3218 781 3272; x_wconf 86' lang='lat' dir='ltr'><strong>Servatori</strong></span> <span class='ocrx_word' id='word_1_493' title='bbox 807 3219 1025 3273; x_wconf 86' lang='lat' dir='ltr'><strong>Christo</strong></span> <span class='ocrx_word' id='word_1_494' title='bbox 1055 3221 1303 3286; x_wconf 72' lang='lat' dir='ltr'><strong>dixisset,</strong></span> <span class='ocrx_word' id='word_1_495' title='bbox 1337 3225 1381 3278; x_wconf 91' lang='lat' dir='ltr'><strong>si</strong></span> <span class='ocrx_word' id='word_1_496' title='bbox 1411 3235 1560 3279; x_wconf 89' lang='lat' dir='ltr'><strong>certe</strong></span> <span class='ocrx_word' id='word_1_497' title='bbox 1584 3225 1724 3291; x_wconf 78' lang='lat' dir='ltr'><strong>haud</strong></span> <span class='ocrx_word' id='word_1_498' title='bbox 1756 3228 1917 3282; x_wconf 92' lang='lat' dir='ltr'><strong>homo</strong></span> <span class='ocrx_word' id='word_1_499' title='bbox 1947 3230 2079 3284; x_wconf 88' lang='lat' dir='ltr'><strong>fuis-</strong></span> 
     </span>
    </p>
   </div>
   <div class='ocr_carea' id='block_1_66' title="bbox 501 3310 2080 3376">
    <p class='ocr_par' dir='ltr' id='par_1_66' title="bbox 501 3310 2080 3376">
     <span class='ocr_line' id='line_1_66' title="bbox 501 3310 2080 3376; baseline 0.008 -13"><span class='ocrx_word' id='word_1_500' title='bbox 501 3319 604 3373; x_wconf 82' lang='lat' dir='ltr'><strong>set,</strong></span> <span class='ocrx_word' id='word_1_501' title='bbox 633 3310 725 3363; x_wconf 89' lang='lat' dir='ltr'><strong>sed</strong></span> <span class='ocrx_word' id='word_1_502' title='bbox 761 3310 901 3364; x_wconf 83' lang='lat' dir='ltr'><strong>Deus</strong></span> <span class='ocrx_word' id='word_1_503' title='bbox 948 3312 1064 3365; x_wconf 85' lang='lat' dir='ltr'><strong>vice</strong></span> <span class='ocrx_word' id='word_1_504' title='bbox 1105 3312 1341 3366; x_wconf 75' lang='lat' dir='ltr'><strong>hominis</strong></span> <span class='ocrx_word' id='word_1_505' title='bbox 1373 3314 1602 3371; x_wconf 79' lang='lat' dir='ltr'><strong>luctans.</strong></span> <span class='ocrx_word' id='word_1_506' title='bbox 1662 3316 1792 3371; x_wconf 83' lang='lat' dir='ltr'><strong>Nam</strong></span> <span class='ocrx_word' id='word_1_507' title='bbox 1842 3321 1886 3373; x_wconf 91' lang='lat' dir='ltr'><strong>si</strong></span> <span class='ocrx_word' id='word_1_508' title='bbox 1931 3334 2080 3376; x_wconf 90' lang='lat' dir='ltr'><strong>meus</strong></span> 
     </span>
    </p>
   </div>
   <div class='ocr_carea' id='block_1_67' title="bbox 503 3402 2073 3477">
    <p class='ocr_par' dir='ltr' id='par_1_67' title="bbox 503 3402 2073 3477">
     <span class='ocr_line' id='line_1_67' title="bbox 503 3402 2073 3477; baseline 0.008 -23"><span class='ocrx_word' id='word_1_509' title='bbox 503 3402 734 3454; x_wconf 88' lang='lat' dir='ltr'><strong>humana</strong></span> <span class='ocrx_word' id='word_1_510' title='bbox 768 3404 820 3455; x_wconf 90' lang='lat' dir='ltr'><strong>in</strong></span> <span class='ocrx_word' id='word_1_511' title='bbox 852 3417 916 3458; x_wconf 92' lang='lat' dir='ltr'><strong>eo</strong></span> <span class='ocrx_word' id='word_1_512' title='bbox 945 3420 1047 3457; x_wconf 93' lang='lat' dir='ltr'><strong>non</strong></span> <span class='ocrx_word' id='word_1_513' title='bbox 1072 3413 1210 3468; x_wconf 88' lang='lat' dir='ltr'><strong>erat,</strong></span> <span class='ocrx_word' id='word_1_514' title='bbox 1241 3405 1382 3460; x_wconf 87' lang='lat' dir='ltr'><strong>Deus</strong></span> <span class='ocrx_word' id='word_1_515' title='bbox 1407 3407 1525 3461; x_wconf 86' lang='lat' dir='ltr'><strong>loco</strong></span> <span class='ocrx_word' id='word_1_516' title='bbox 1553 3411 1755 3464; x_wconf 90' lang='lat' dir='ltr'><strong>mentis</strong></span> <span class='ocrx_word' id='word_1_517' title='bbox 1782 3412 2073 3477; x_wconf 64' lang='lat' dir='ltr'><strong>inharens,</strong></span> 
     </span>
    </p>
   </div>
   <div class='ocr_carea' id='block_1_68' title="bbox 500 3491 2081 3572">
    <p class='ocr_par' dir='ltr' id='par_1_68' title="bbox 500 3491 2081 3572">
     <span class='ocr_line' id='line_1_68' title="bbox 500 3491 2081 3572; baseline 0.009 -28"><span class='ocrx_word' id='word_1_518' title='bbox 500 3491 671 3545; x_wconf 78' lang='lat' dir='ltr'><strong>ofﬁcia</strong></span> <span class='ocrx_word' id='word_1_519' title='bbox 686 3495 877 3548; x_wconf 84' lang='lat' dir='ltr'><strong>mentis</strong></span> <span class='ocrx_word' id='word_1_520' title='bbox 894 3496 1186 3564; x_wconf 89' lang='lat' dir='ltr'><strong>implesset,</strong></span> <span class='ocrx_word' id='word_1_521' title='bbox 1203 3496 1343 3551; x_wconf 90' lang='lat' dir='ltr'><strong>Deus</strong></span> <span class='ocrx_word' id='word_1_522' title='bbox 1361 3499 1434 3568; x_wconf 91' lang='lat' dir='ltr'><strong>(id</strong></span> <span class='ocrx_word' id='word_1_523' title='bbox 1447 3508 1532 3552; x_wconf 90' lang='lat' dir='ltr'><strong>est</strong></span> <span class='ocrx_word' id='word_1_524' title='bbox 1550 3515 1696 3554; x_wconf 81' lang='lat' dir='ltr'><strong>mera</strong></span> <span class='ocrx_word' id='word_1_525' title='bbox 1710 3504 1903 3572; x_wconf 85' lang='lat' dir='ltr'><strong>deitas)</strong></span> <span class='ocrx_word' id='word_1_526' title='bbox 1920 3505 2081 3558; x_wconf 89' lang='lat' dir='ltr'><strong>simul</strong></span> 
     </span>
    </p>
   </div>
   <div class='ocr_carea' id='block_1_69' title="bbox 501 3589 2076 3659">
    <p class='ocr_par' dir='ltr' id='par_1_69' title="bbox 501 3589 2076 3659">
     <span class='ocr_line' id='line_1_69' title="bbox 501 3589 2076 3659; baseline 0.009 -21"><span class='ocrx_word' id='word_1_527' title='bbox 501 3599 624 3639; x_wconf 89' lang='lat' dir='ltr'><strong>cum</strong></span> <span class='ocrx_word' id='word_1_528' title='bbox 652 3600 877 3655; x_wconf 82' lang='lat' dir='ltr'><strong>corpore</strong></span> <span class='ocrx_word' id='word_1_529' title='bbox 899 3589 1180 3655; x_wconf 85' lang='lat' dir='ltr'><strong>esurisset,</strong></span> <span class='ocrx_word' id='word_1_530' title='bbox 1224 3590 1364 3647; x_wconf 85' lang='lat' dir='ltr'><strong>Deus</strong></span> <span class='ocrx_word' id='word_1_531' title='bbox 1395 3594 1619 3659; x_wconf 85' lang='lat' dir='ltr'><strong>sitisset,</strong></span> <span class='ocrx_word' id='word_1_532' title='bbox 1658 3593 1799 3649; x_wconf 89' lang='lat' dir='ltr'><strong>Deus</strong></span> <span class='ocrx_word' id='word_1_533' title='bbox 1837 3596 2076 3652; x_wconf 86' lang='lat' dir='ltr'><strong>laborem</strong></span> 
     </span>
    </p>
   </div>
   <div class='ocr_carea' id='block_1_70' title="bbox 500 3678 2076 3758">
    <p class='ocr_par' dir='ltr' id='par_1_70' title="bbox 500 3678 2076 3758">
     <span class='ocr_line' id='line_1_70' title="bbox 500 3678 2076 3758; baseline 0.008 -26"><span class='ocrx_word' id='word_1_534' title='bbox 500 3684 557 3732; x_wconf 84' lang='lat' dir='ltr'><strong>et</strong></span> <span class='ocrx_word' id='word_1_535' title='bbox 604 3678 841 3746; x_wconf 81' lang='lat' dir='ltr'><strong>reliquas</strong></span> <span class='ocrx_word' id='word_1_536' title='bbox 883 3695 1071 3735; x_wconf 90' lang='lat' dir='ltr'><strong>omnes</strong></span> <span class='ocrx_word' id='word_1_537' title='bbox 1118 3697 1402 3752; x_wconf 88' lang='lat' dir='ltr'><strong>perpessus</strong></span> <span class='ocrx_word' id='word_1_538' title='bbox 1447 3696 1591 3740; x_wconf 89' lang='lat' dir='ltr'><strong>esset</strong></span> <span class='ocrx_word' id='word_1_539' title='bbox 1637 3687 1903 3743; x_wconf 87' lang='lat' dir='ltr'><strong>humanas</strong></span> <span class='ocrx_word' id='word_1_540' title='bbox 1952 3704 2076 3758; x_wconf 92' lang='lat' dir='ltr'><strong>pas-</strong></span> 
     </span>
    </p>
   </div>
   <div class='ocr_carea' id='block_1_71' title="bbox 501 3769 2075 3848">
    <p class='ocr_par' dir='ltr' id='par_1_71' title="bbox 501 3769 2075 3848">
     <span class='ocr_line' id='line_1_71' title="bbox 501 3769 2075 3848; baseline 0.009 -26"><span class='ocrx_word' id='word_1_541' title='bbox 501 3769 703 3824; x_wconf 87' lang='lat' dir='ltr'><strong>siones.</strong></span> <span class='ocrx_word' id='word_1_542' title='bbox 746 3769 916 3824; x_wconf 87' lang='lat' dir='ltr'><strong>Porro</strong></span> <span class='ocrx_word' id='word_1_543' title='bbox 964 3772 1009 3826; x_wconf 91' lang='lat' dir='ltr'><strong>si</strong></span> <span class='ocrx_word' id='word_1_544' title='bbox 1040 3774 1180 3828; x_wconf 88' lang='lat' dir='ltr'><strong>Deus</strong></span> <span class='ocrx_word' id='word_1_545' title='bbox 1208 3775 1440 3830; x_wconf 88' lang='lat' dir='ltr'><strong>luctatus</strong></span> <span class='ocrx_word' id='word_1_546' title='bbox 1470 3785 1614 3831; x_wconf 90' lang='lat' dir='ltr'><strong>esset</strong></span> <span class='ocrx_word' id='word_1_547' title='bbox 1639 3789 1804 3847; x_wconf 89' lang='lat' dir='ltr'><strong>atque</strong></span> <span class='ocrx_word' id='word_1_548' title='bbox 1834 3781 2075 3848; x_wconf 89' lang='lat' dir='ltr'><strong>vicisset,</strong></span> 
     </span>
    </p>
   </div>
   <div class='ocr_carea' id='block_1_72' title="bbox 500 3862 2075 3933">
    <p class='ocr_par' dir='ltr' id='par_1_72' title="bbox 500 3862 2075 3933">
     <span class='ocr_line' id='line_1_72' title="bbox 500 3862 2075 3933; baseline 0.01 -20"><span class='ocrx_word' id='word_1_549' title='bbox 500 3876 602 3929; x_wconf 89' lang='lat' dir='ltr'><strong>ego</strong></span> <span class='ocrx_word' id='word_1_550' title='bbox 631 3862 846 3929; x_wconf 89' lang='lat' dir='ltr'><strong>quidem</strong></span> <span class='ocrx_word' id='word_1_551' title='bbox 896 3863 1117 3917; x_wconf 82' lang='lat' dir='ltr'><strong>victoria</strong></span> <span class='ocrx_word' id='word_1_552' title='bbox 1151 3866 1468 3933; x_wconf 88' lang='lat' dir='ltr'><strong>caruissem,</strong></span> <span class='ocrx_word' id='word_1_553' title='bbox 1515 3868 1653 3922; x_wconf 91' lang='lat' dir='ltr'><strong>Deus</strong></span> <span class='ocrx_word' id='word_1_554' title='bbox 1687 3884 1816 3925; x_wconf 88' lang='lat' dir='ltr'><strong>vero</strong></span> <span class='ocrx_word' id='word_1_555' title='bbox 1861 3886 2075 3927; x_wconf 90' lang='lat' dir='ltr'><strong>omnem</strong></span> 
     </span>
    </p>
   </div>
   <div class='ocr_carea' id='block_1_73' title="bbox 496 3951 2077 4031">
    <p class='ocr_par' dir='ltr' id='par_1_73' title="bbox 496 3951 2077 4031">
     <span class='ocr_line' id='line_1_73' title="bbox 496 3951 2077 4031; baseline 0.01 -28"><span class='ocrx_word' id='word_1_556' title='bbox 496 3951 761 4019; x_wconf 89' lang='lat' dir='ltr'><strong>justitiam</strong></span> <span class='ocrx_word' id='word_1_557' title='bbox 806 3951 1103 4021; x_wconf 88' lang='lat' dir='ltr'><strong>implesset.</strong></span> <span class='ocrx_word' id='word_1_558' title='bbox 1152 3957 1453 4025; x_wconf 86' lang='lat' dir='ltr'><strong>Siquidem,</strong></span> <span class='ocrx_word' id='word_1_559' title='bbox 1502 3967 1559 4012; x_wconf 89' lang='lat' dir='ltr'><strong>ut</strong></span> <span class='ocrx_word' id='word_1_560' title='bbox 1601 3959 1754 4013; x_wconf 89' lang='lat' dir='ltr'><strong>aiunt</strong></span> <span class='ocrx_word' id='word_1_561' title='bbox 1800 3962 2077 4031; x_wconf 85' lang='lat' dir='ltr'><strong>Apollina-</strong></span> 
     </span>
    </p>
   </div>
   <div class='ocr_carea' id='block_1_74' title="bbox 503 4043 2076 4122">
    <p class='ocr_par' dir='ltr' id='par_1_74' title="bbox 503 4043 2076 4122">
     <span class='ocr_line' id='line_1_74' title="bbox 503 4043 2076 4122; baseline 0.011 -28"><span class='ocrx_word' id='word_1_562' title='bbox 503 4043 669 4096; x_wconf 68' lang='lat' dir='ltr'><strong>rianai</strong></span> <span class='ocrx_word' id='word_1_563' title='bbox 696 4047 1027 4112; x_wconf 78' lang='lat' dir='ltr'><strong>garrulitatis</strong></span> <span class='ocrx_word' id='word_1_564' title='bbox 1061 4047 1413 4116; x_wconf 83' lang='lat' dir='ltr'><strong>professores,</strong></span> <span class='ocrx_word' id='word_1_565' title='bbox 1447 4054 1570 4120; x_wconf 90' lang='lat' dir='ltr'><strong>quia</strong></span> <span class='ocrx_word' id='word_1_566' title='bbox 1596 4054 1929 4122; x_wconf 90' lang='lat' dir='ltr'><strong>impossibile</strong></span> <span class='ocrx_word' id='word_1_567' title='bbox 1958 4066 2076 4111; x_wconf 86' lang='lat' dir='ltr'><strong>erat</strong></span> 
     </span>
    </p>
   </div>
   <div class='ocr_carea' id='block_1_75' title="bbox 505 4134 2071 4217">
    <p class='ocr_par' dir='ltr' id='par_1_75' title="bbox 505 4134 2071 4217">
     <span class='ocr_line' id='line_1_75' title="bbox 505 4134 2071 4217; baseline 0.012 -32"><span class='ocrx_word' id='word_1_568' title='bbox 505 4134 737 4188; x_wconf 88' lang='lat' dir='ltr'><strong>humana</strong></span> <span class='ocrx_word' id='word_1_569' title='bbox 770 4138 1051 4203; x_wconf 72' lang='lat' dir='ltr'><strong>prmditum</strong></span> <span class='ocrx_word' id='word_1_570' title='bbox 1086 4152 1284 4205; x_wconf 88' lang='lat' dir='ltr'><strong>mente,</strong></span> <span class='ocrx_word' id='word_1_571' title='bbox 1310 4140 1535 4206; x_wconf 75' lang='lat' dir='ltr'><strong>iustitia:</strong></span> <span class='ocrx_word' id='word_1_572' title='bbox 1572 4143 1719 4212; x_wconf 84' lang='lat' dir='ltr'><strong>leges</strong></span> <span class='ocrx_word' id='word_1_573' title='bbox 1756 4146 2071 4217; x_wconf 88' lang='lat' dir='ltr'><strong>adimplere,</strong></span> 
     </span>
    </p>
   </div>
   <div class='ocr_carea' id='block_1_76' title="bbox 501 4226 1725 4301">
    <p class='ocr_par' dir='ltr' id='par_1_76' title="bbox 501 4226 1725 4301">
     <span class='ocr_line' id='line_1_76' title="bbox 501 4226 1725 4301; baseline 0.011 -22"><span class='ocrx_word' id='word_1_574' title='bbox 501 4226 640 4281; x_wconf 86' lang='lat' dir='ltr'><strong>hanc</strong></span> <span class='ocrx_word' id='word_1_575' title='bbox 671 4229 873 4284; x_wconf 90' lang='lat' dir='ltr'><strong>idcirco</strong></span> <span class='ocrx_word' id='word_1_576' title='bbox 897 4245 1004 4285; x_wconf 92' lang='lat' dir='ltr'><strong>non</strong></span> <span class='ocrx_word' id='word_1_577' title='bbox 1032 4235 1270 4301; x_wconf 90' lang='lat' dir='ltr'><strong>suscepit</strong></span> <span class='ocrx_word' id='word_1_578' title='bbox 1299 4234 1532 4289; x_wconf 86' lang='lat' dir='ltr'><strong>Verbum</strong></span> <span class='ocrx_word' id='word_1_579' title='bbox 1565 4237 1725 4292; x_wconf 90' lang='lat' dir='ltr'><strong>Deus.</strong></span> 
     </span>
    </p>
   </div>
   <div class='ocr_carea' id='block_1_77' title="bbox 2186 3126 3709 3202">
    <p class='ocr_par' dir='ltr' id='par_1_77' title="bbox 2186 3126 3709 3202">
     <span class='ocr_line' id='line_1_77' title="bbox 2186 3126 3709 3202; baseline -0.004 -20"><span class='ocrx_word' id='word_1_580' title='bbox 2186 3130 2283 3192; x_wconf 90' lang='grc' dir='ltr'><strong>σὺς</strong></span> <span class='ocrx_word' id='word_1_581' title='bbox 2324 3127 2454 3196; x_wconf 86' lang='grc' dir='ltr'>ἐγὼ,</span> <span class='ocrx_word' id='word_1_582' title='bbox 2504 3131 2598 3181; x_wconf 76' lang='grc' dir='ltr'>καὶ</span> <span class='ocrx_word' id='word_1_583' title='bbox 2643 3128 2735 3181; x_wconf 92' lang='grc' dir='ltr'><strong>τοῦ</strong></span> <span class='ocrx_word' id='word_1_584' title='bbox 2784 3133 2999 3200; x_wconf 80' lang='grc' dir='ltr'>φρονεῖν</span> <span class='ocrx_word' id='word_1_585' title='bbox 3044 3131 3391 3202; x_wconf 78' lang='grc' dir='ltr'>ἐξεστηκὼς,</span> <span class='ocrx_word' id='word_1_586' title='bbox 3432 3132 3504 3194; x_wconf 84' lang='grc' dir='ltr'>ὡς</span> <span class='ocrx_word' id='word_1_587' title='bbox 3532 3126 3619 3182; x_wconf 79' lang='grc' dir='ltr'><strong>σοὶ</strong></span> <span class='ocrx_word' id='word_1_588' title='bbox 3654 3126 3709 3193; x_wconf 78' lang='grc' dir='ltr'><strong>τῷ</strong></span> 
     </span>
    </p>
   </div>
   <div class='ocr_carea' id='block_1_78' title="bbox 2184 3220 3709 3294">
    <p class='ocr_par' dir='ltr' id='par_1_78' title="bbox 2184 3220 3709 3294">
     <span class='ocr_line' id='line_1_78' title="bbox 2184 3220 3709 3294; baseline -0.004 -19"><span class='ocrx_word' id='word_1_589' title='bbox 2184 3223 2387 3292; x_wconf 81' lang='grc' dir='ltr'>Ποιητῇ</span> <span class='ocrx_word' id='word_1_590' title='bbox 2417 3221 2669 3276; x_wconf 87' lang='grc' dir='ltr'>παλαίειν</span> <span class='ocrx_word' id='word_1_591' title='bbox 2698 3223 3065 3294; x_wconf 86' lang='grc' dir='ltr'>ἐπιχειρῆσαι.</span> <span class='ocrx_word' id='word_1_592' title='bbox 3091 3223 3275 3277; x_wconf 84' lang='grc' dir='ltr'>Ταῦτα</span> <span class='ocrx_word' id='word_1_593' title='bbox 3316 3224 3383 3279; x_wconf 84' lang='grc' dir='ltr'><strong>ἂν</strong></span> <span class='ocrx_word' id='word_1_594' title='bbox 3416 3220 3559 3277; x_wconf 80' lang='grc' dir='ltr'>εἶπεν</span> <span class='ocrx_word' id='word_1_595' title='bbox 3580 3224 3602 3274; x_wconf 85' lang='lat'><strong>6</strong></span> <span class='ocrx_word' id='word_1_596' title='bbox 3624 3220 3709 3271; x_wconf 74' lang='grc' dir='ltr'>διὰ·</span> 
     </span>
    </p>
   </div>
   <div class='ocr_carea' id='block_1_79' title="bbox 2183 3314 3711 3390">
    <p class='ocr_par' dir='ltr' id='par_1_79' title="bbox 2183 3314 3711 3390">
     <span class='ocr_line' id='line_1_79' title="bbox 2183 3314 3711 3390; baseline 0.001 -24"><span class='ocrx_word' id='word_1_597' title='bbox 2183 3314 2336 3378; x_wconf 87' lang='grc' dir='ltr'>ϐολος</span> <span class='ocrx_word' id='word_1_598' title='bbox 2364 3315 2588 3379; x_wconf 89' lang='grc' dir='ltr'>δικαίως</span> <span class='ocrx_word' id='word_1_599' title='bbox 2630 3316 2769 3387; x_wconf 85' lang='grc' dir='ltr'>πρὸς</span> <span class='ocrx_word' id='word_1_600' title='bbox 2796 3317 2885 3370; x_wconf 86' lang='grc' dir='ltr'><strong>τὸν</strong></span> <span class='ocrx_word' id='word_1_601' title='bbox 2919 3318 3148 3389; x_wconf 87' lang='grc' dir='ltr'>Σωτῆρα</span> <span class='ocrx_word' id='word_1_602' title='bbox 3177 3320 3439 3390; x_wconf 87' lang='grc' dir='ltr'>Χριστὸν,</span> <span class='ocrx_word' id='word_1_603' title='bbox 3474 3318 3615 3387; x_wconf 79' lang='grc' dir='ltr'>εἴπερ</span> <span class='ocrx_word' id='word_1_604' title='bbox 3636 3316 3711 3367; x_wconf 70' lang='grc' dir='ltr'><strong>οὐκ</strong></span> 
     </span>
    </p>
   </div>
   <div class='ocr_carea' id='block_1_80' title="bbox 2183 3405 3707 3483">
    <p class='ocr_par' dir='ltr' id='par_1_80' title="bbox 2183 3405 3707 3483">
     <span class='ocr_line' id='line_1_80' title="bbox 2183 3405 3707 3483; baseline -0.003 -22"><span class='ocrx_word' id='word_1_605' title='bbox 2183 3408 2470 3478; x_wconf 84' lang='grc' dir='ltr'>ἄνθρωπος</span> <span class='ocrx_word' id='word_1_606' title='bbox 2497 3405 2589 3478; x_wconf 81' lang='grc' dir='ltr'>ἦν,</span> <span class='ocrx_word' id='word_1_607' title='bbox 2622 3409 2759 3463; x_wconf 90' lang='grc' dir='ltr'><strong>ἀλλά</strong></span> <span class='ocrx_word' id='word_1_608' title='bbox 2785 3410 2939 3473; x_wconf 83' lang='grc' dir='ltr'>Θεὸς,</span> <span class='ocrx_word' id='word_1_609' title='bbox 2981 3412 3009 3463; x_wconf 89' lang='lat'><strong>6</strong></span> <span class='ocrx_word' id='word_1_610' title='bbox 3028 3411 3145 3465; x_wconf 75' lang='grc' dir='ltr'>ἀντὶ</span> <span class='ocrx_word' id='word_1_611' title='bbox 3168 3411 3461 3483; x_wconf 83' lang='grc' dir='ltr'>ἀνθρώπου</span> <span class='ocrx_word' id='word_1_612' title='bbox 3494 3410 3707 3463; x_wconf 68' lang='grc' dir='ltr'>παλαίων.</span> 
     </span>
    </p>
   </div>
   <div class='ocr_carea' id='block_1_81' title="bbox 2182 3495 3712 3572">
    <p class='ocr_par' dir='ltr' id='par_1_81' title="bbox 2182 3495 3712 3572">
     <span class='ocr_line' id='line_1_81' title="bbox 2182 3495 3712 3572; baseline -0.001 -22"><span class='ocrx_word' id='word_1_613' title='bbox 2182 3499 2244 3551; x_wconf 83' lang='lat' dir='ltr'><strong>El</strong></span> <span class='ocrx_word' id='word_1_614' title='bbox 2274 3499 2380 3568; x_wconf 79' lang='grc' dir='ltr'>γὰρ</span> <span class='ocrx_word' id='word_1_615' title='bbox 2416 3497 2542 3561; x_wconf 88' lang='grc' dir='ltr'>νοῦς</span> <span class='ocrx_word' id='word_1_616' title='bbox 2582 3497 2924 3569; x_wconf 82' lang='grc' dir='ltr'>ἀνθρώπινος</span> <span class='ocrx_word' id='word_1_617' title='bbox 2961 3500 3060 3551; x_wconf 83' lang='grc' dir='ltr'>οὐκ</span> <span class='ocrx_word' id='word_1_618' title='bbox 3095 3495 3163 3571; x_wconf 82' lang='grc' dir='ltr'><strong>ῆν</strong></span> <span class='ocrx_word' id='word_1_619' title='bbox 3194 3502 3250 3553; x_wconf 89' lang='grc' dir='ltr'><strong>ἐν</strong></span> <span class='ocrx_word' id='word_1_620' title='bbox 3283 3500 3452 3572; x_wconf 81' lang='grc' dir='ltr'>αὐτῷ,</span> <span class='ocrx_word' id='word_1_621' title='bbox 3481 3499 3599 3561; x_wconf 74' lang='grc' dir='ltr'>Θεὸς</span> <span class='ocrx_word' id='word_1_622' title='bbox 3621 3495 3712 3548; x_wconf 71' lang='grc' dir='ltr'>ἀντὶ</span> 
     </span>
    </p>
   </div>
   <div class='ocr_carea' id='block_1_82' title="bbox 2179 3588 3710 3665">
    <p class='ocr_par' dir='ltr' id='par_1_82' title="bbox 2179 3588 3710 3665">
     <span class='ocr_line' id='line_1_82' title="bbox 2179 3588 3710 3665; baseline 0.001 -22"><span class='ocrx_word' id='word_1_623' title='bbox 2179 3589 2270 3643; x_wconf 89' lang='grc' dir='ltr'><strong>νοῦ</strong></span> <span class='ocrx_word' id='word_1_624' title='bbox 2307 3590 2566 3661; x_wconf 82' lang='grc' dir='ltr'>ὑπάρχων</span> <span class='ocrx_word' id='word_1_625' title='bbox 2594 3591 2662 3643; x_wconf 82' lang='grc' dir='ltr'>τὰ</span> <span class='ocrx_word' id='word_1_626' title='bbox 2702 3590 2779 3661; x_wconf 84' lang='grc' dir='ltr'>τῷ</span> <span class='ocrx_word' id='word_1_627' title='bbox 2822 3590 2897 3661; x_wconf 82' lang='grc' dir='ltr'>νῷ</span> <span class='ocrx_word' id='word_1_628' title='bbox 2939 3593 3158 3662; x_wconf 75' lang='grc' dir='ltr'>ἐνήργει</span> <span class='ocrx_word' id='word_1_629' title='bbox 3200 3597 3572 3665; x_wconf 84' lang='grc' dir='ltr'>προσήκοντα·</span> <span class='ocrx_word' id='word_1_630' title='bbox 3610 3588 3710 3645; x_wconf 69' lang='grc' dir='ltr'>Θεὸς</span> 
     </span>
    </p>
   </div>
   <div class='ocr_carea' id='block_1_83' title="bbox 2182 3677 3709 3753">
    <p class='ocr_par' dir='ltr' id='par_1_83' title="bbox 2182 3677 3709 3753">
     <span class='ocr_line' id='line_1_83' title="bbox 2182 3677 3709 3753; baseline 0.003 -20"><span class='ocrx_word' id='word_1_631' title='bbox 2182 3681 2279 3751; x_wconf 85' lang='grc' dir='ltr'><strong>μὲν</strong></span> <span class='ocrx_word' id='word_1_632' title='bbox 2311 3677 2379 3752; x_wconf 81' lang='grc' dir='ltr'>ἦν</span> <span class='ocrx_word' id='word_1_633' title='bbox 2409 3685 2437 3734; x_wconf 87' lang='grc' dir='ltr'><strong>ὀ</strong></span> <span class='ocrx_word' id='word_1_634' title='bbox 2463 3682 2541 3752; x_wconf 80' lang='grc' dir='ltr'>τῷ</span> <span class='ocrx_word' id='word_1_635' title='bbox 2567 3680 2775 3752; x_wconf 81' lang='grc' dir='ltr'>σώματι</span> <span class='ocrx_word' id='word_1_636' title='bbox 2801 3686 3197 3753; x_wconf 76' lang='grc' dir='ltr'>συμπεινάσας,</span> <span class='ocrx_word' id='word_1_637' title='bbox 3221 3685 3361 3749; x_wconf 84' lang='grc' dir='ltr'>Θεὸς</span> <span class='ocrx_word' id='word_1_638' title='bbox 3382 3686 3436 3738; x_wconf 88' lang='grc' dir='ltr'>δὲ</span> <span class='ocrx_word' id='word_1_639' title='bbox 3458 3687 3485 3737; x_wconf 94' lang='lat'><strong>6</strong></span> <span class='ocrx_word' id='word_1_640' title='bbox 3505 3683 3709 3752; x_wconf 73' lang='grc' dir='ltr'>διψήσεις.</span> 
     </span>
    </p>
   </div>
   <div class='ocr_carea' id='block_1_84' title="bbox 2180 3770 3708 3847">
    <p class='ocr_par' dir='ltr' id='par_1_84' title="bbox 2180 3770 3708 3847">
     <span class='ocr_line' id='line_1_84' title="bbox 2180 3770 3708 3847; baseline -0.003 -21"><span class='ocrx_word' id='word_1_641' title='bbox 2180 3774 2273 3826; x_wconf 74' lang='grc' dir='ltr'><strong>καὶ</strong></span> <span class='ocrx_word' id='word_1_642' title='bbox 2299 3774 2589 3837; x_wconf 83' lang='grc' dir='ltr'>κοπιάσας,</span> <span class='ocrx_word' id='word_1_643' title='bbox 2614 3774 2709 3827; x_wconf 60' lang='grc' dir='ltr'><strong>καὶ¹</strong></span> <span class='ocrx_word' id='word_1_644' title='bbox 2735 3774 2871 3828; x_wconf 81' lang='grc' dir='ltr'>ἄλλα</span> <span class='ocrx_word' id='word_1_645' title='bbox 2902 3776 3079 3829; x_wconf 85' lang='grc' dir='ltr'>πάντα</span> <span class='ocrx_word' id='word_1_646' title='bbox 3107 3778 3175 3831; x_wconf 87' lang='grc' dir='ltr'><strong>τά</strong></span> <span class='ocrx_word' id='word_1_647' title='bbox 3198 3777 3514 3847; x_wconf 86' lang='grc' dir='ltr'>ἀνθρώπινα</span> 
     </span>
    </p>
   </div>
   <div class='ocr_carea' id='block_1_85' title="bbox 2177 3865 3706 3936">
    <p class='ocr_par' dir='ltr' id='par_1_85' title="bbox 2177 3865 3706 3936">
     <span class='ocr_line' id='line_1_85' title="bbox 2177 3865 3706 3936; baseline 0.001 -18"><span class='ocrx_word' id='word_1_648' title='bbox 2177 3884 2272 3929; x_wconf 88' lang='grc' dir='ltr'><strong>νας</strong></span> <span class='ocrx_word' id='word_1_649' title='bbox 2306 3865 2624 3936; x_wconf 84' lang='grc' dir='ltr'>παθήματα.</span> <span class='ocrx_word' id='word_1_650' title='bbox 2655 3868 2718 3919; x_wconf 80' lang='grc' dir='ltr'><strong>Εἰ</strong></span> <span class='ocrx_word' id='word_1_651' title='bbox 2746 3868 2803 3921; x_wconf 80' lang='grc' dir='ltr'>δὲ</span> <span class='ocrx_word' id='word_1_652' title='bbox 2834 3868 2967 3931; x_wconf 85' lang='grc' dir='ltr'>Θεὸς</span> <span class='ocrx_word' id='word_1_653' title='bbox 2996 3870 3023 3920; x_wconf 90' lang='lat'><strong>6</strong></span> <span class='ocrx_word' id='word_1_654' title='bbox 3054 3868 3353 3932; x_wconf 85' lang='grc' dir='ltr'>παλαίσας,</span> <span class='ocrx_word' id='word_1_655' title='bbox 3382 3870 3477 3921; x_wconf 72' lang='grc' dir='ltr'>καὶ</span> <span class='ocrx_word' id='word_1_656' title='bbox 3506 3867 3706 3935; x_wconf 71' lang='grc' dir='ltr'>νικήσας.</span> 
     </span>
    </p>
   </div>
   <div class='ocr_carea' id='block_1_86' title="bbox 2177 3955 3705 4031">
    <p class='ocr_par' dir='ltr' id='par_1_86' title="bbox 2177 3955 3705 4031">
     <span class='ocr_line' id='line_1_86' title="bbox 2177 3955 3705 4031; baseline -0.007 -20"><span class='ocrx_word' id='word_1_657' title='bbox 2177 3957 2331 4026; x_wconf 89' lang='grc' dir='ltr'>κάγὼ</span> <span class='ocrx_word' id='word_1_658' title='bbox 2349 3957 2442 4010; x_wconf 87' lang='grc' dir='ltr'><strong>τοῦ</strong></span> <span class='ocrx_word' id='word_1_659' title='bbox 2467 3959 2646 4020; x_wconf 88' lang='grc' dir='ltr'>νίκους</span> <span class='ocrx_word' id='word_1_660' title='bbox 2667 3960 2987 4029; x_wconf 85' lang='grc' dir='ltr'>ἐστέρημαι,</span> <span class='ocrx_word' id='word_1_661' title='bbox 3009 3961 3140 4023; x_wconf 84' lang='grc' dir='ltr'>Θεὸς</span> <span class='ocrx_word' id='word_1_662' title='bbox 3159 3960 3212 4012; x_wconf 85' lang='grc' dir='ltr'><strong>δὲ</strong></span> <span class='ocrx_word' id='word_1_663' title='bbox 3233 3960 3265 4011; x_wconf 91' lang='lat'><strong>6</strong></span> <span class='ocrx_word' id='word_1_664' title='bbox 3288 3961 3391 4031; x_wconf 80' lang='grc' dir='ltr'><strong>τὴν</strong></span> <span class='ocrx_word' id='word_1_665' title='bbox 3418 3955 3705 4017; x_wconf 70' lang='grc' dir='ltr'>δικαιοσύνην</span> 
     </span>
    </p>
   </div>
   <div class='ocr_carea' id='block_1_87' title="bbox 2176 4048 3707 4121">
    <p class='ocr_par' dir='ltr' id='par_1_87' title="bbox 2176 4048 3707 4121">
     <span class='ocr_line' id='line_1_87' title="bbox 2176 4048 3707 4121; baseline -0.002 -20"><span class='ocrx_word' id='word_1_666' title='bbox 2176 4048 2393 4101; x_wconf 76' lang='grc' dir='ltr'>ἃπασαν</span> <span class='ocrx_word' id='word_1_667' title='bbox 2426 4048 2795 4118; x_wconf 85' lang='grc' dir='ltr'>κατορθώσας.</span> <span class='ocrx_word' id='word_1_668' title='bbox 2833 4050 3026 4121; x_wconf 77' lang='grc' dir='ltr'>Εἴπερ,</span> <span class='ocrx_word' id='word_1_669' title='bbox 3067 4050 3142 4115; x_wconf 84' lang='grc' dir='ltr'>ὥς</span> <span class='ocrx_word' id='word_1_670' title='bbox 3176 4069 3347 4120; x_wconf 84' lang='grc' dir='ltr'>φασιν</span> <span class='ocrx_word' id='word_1_671' title='bbox 3392 4054 3441 4104; x_wconf 84' lang='grc' dir='ltr'><strong>οἱ</strong></span> <span class='ocrx_word' id='word_1_672' title='bbox 3470 4054 3561 4119; x_wconf 77' lang='grc' dir='ltr'><strong>τῆς</strong></span> <span class='ocrx_word' id='word_1_673' title='bbox 3588 4048 3707 4098; x_wconf 70' lang='grc' dir='ltr'>Ἀπο-</span> 
     </span>
    </p>
   </div>
   <div class='ocr_carea' id='block_1_88' title="bbox 2175 4130 3707 4211">
    <p class='ocr_par' dir='ltr' id='par_1_88' title="bbox 2175 4130 3707 4211">
     <span class='ocr_line' id='line_1_88' title="bbox 2175 4130 3707 4211; baseline -0.002 -20"><span class='ocrx_word' id='word_1_674' title='bbox 2175 4138 2412 4210; x_wconf 85' lang='grc' dir='ltr'>λιναρίου</span> <span class='ocrx_word' id='word_1_675' title='bbox 2458 4138 2742 4209; x_wconf 84' lang='grc' dir='ltr'>τερθρείας</span> <span class='ocrx_word' id='word_1_676' title='bbox 2786 4141 3136 4211; x_wconf 66' lang='grc' dir='ltr'>ὁμολογῆται,</span> <span class='ocrx_word' id='word_1_677' title='bbox 3171 4142 3370 4211; x_wconf 76' lang='grc' dir='ltr'>ἐπειδὴ</span> <span class='ocrx_word' id='word_1_678' title='bbox 3405 4141 3637 4193; x_wconf 77' lang='grc' dir='ltr'>ἀδύνατον</span> <span class='ocrx_word' id='word_1_679' title='bbox 3660 4130 3707 4201; x_wconf 71' lang='grc' dir='ltr'><strong>ἦν</strong></span> 
     </span>
    </p>
   </div>
   <div class='ocr_carea' id='block_1_89' title="bbox 2175 4228 3708 4303">
    <p class='ocr_par' dir='ltr' id='par_1_89' title="bbox 2175 4228 3708 4303">
     <span class='ocr_line' id='line_1_89' title="bbox 2175 4228 3708 4303; baseline 0 -18"><span class='ocrx_word' id='word_1_680' title='bbox 2175 4232 2271 4285; x_wconf 75' lang='grc' dir='ltr'><strong>καὶ</strong></span> <span class='ocrx_word' id='word_1_681' title='bbox 2319 4232 2377 4282; x_wconf 83' lang='grc' dir='ltr'><strong>ἐν</strong></span> <span class='ocrx_word' id='word_1_682' title='bbox 2420 4228 2747 4303; x_wconf 86' lang='grc' dir='ltr'>ἀνθρωπίνῳ</span> <span class='ocrx_word' id='word_1_683' title='bbox 2779 4230 2903 4302; x_wconf 76' lang='grc' dir='ltr'>[νοῒ]</span> <span class='ocrx_word' id='word_1_684' title='bbox 2939 4231 3227 4302; x_wconf 84' lang='grc' dir='ltr'>πληρῶσαι</span> <span class='ocrx_word' id='word_1_685' title='bbox 3275 4232 3383 4303; x_wconf 81' lang='grc' dir='ltr'><strong>τῆς</strong></span> <span class='ocrx_word' id='word_1_686' title='bbox 3422 4228 3708 4291; x_wconf 66' lang='grc' dir='ltr'>δικαιοσύνης</span> 
     </span>
    </p>
   </div>
   <div class='ocr_carea' id='block_1_90' title="bbox 2185 4319 3680 4390">
    <p class='ocr_par' dir='ltr' id='par_1_90' title="bbox 2185 4319 3680 4390">
     <span class='ocr_line' id='line_1_90' title="bbox 2185 4319 3680 4390; baseline 0.002 -15"><span class='ocrx_word' id='word_1_687' title='bbox 2185 4323 2301 4384; x_wconf 72' lang='grc' dir='ltr'>,οὺς</span> <span class='ocrx_word' id='word_1_688' title='bbox 2337 4319 2556 4390; x_wconf 81' lang='grc' dir='ltr'>νόμους,</span> <span class='ocrx_word' id='word_1_689' title='bbox 2596 4322 2696 4373; x_wconf 86' lang='grc' dir='ltr'>οὐκ</span> <span class='ocrx_word' id='word_1_690' title='bbox 2734 4323 3027 4376; x_wconf 86' lang='grc' dir='ltr'>ἀνελάϐετο</span> <span class='ocrx_word' id='word_1_691' title='bbox 3065 4323 3257 4377; x_wconf 84' lang='grc' dir='ltr'>τοῦτον</span> <span class='ocrx_word' id='word_1_692' title='bbox 3296 4328 3327 4378; x_wconf 90' lang='lat'><strong>6</strong></span> <span class='ocrx_word' id='word_1_693' title='bbox 3367 4325 3497 4386; x_wconf 85' lang='grc' dir='ltr'>Θεὸς</span> <span class='ocrx_word' id='word_1_694' title='bbox 3530 4321 3680 4387; x_wconf 75' lang='grc' dir='ltr'>Λόγος-</span> 
     </span>
    </p>
   </div>
   <div class='ocr_carea' id='block_1_91' title="bbox 500 4408 2076 4511">
    <p class='ocr_par' dir='ltr' id='par_1_91' title="bbox 500 4425 2066 4511">
     <span class='ocr_line' id='line_1_91' title="bbox 500 4425 2066 4511; baseline 0.008 -32"><span class='ocrx_word' id='word_1_695' title='bbox 500 4425 634 4481; x_wconf 68' lang='grc' dir='ltr'>Χνι.</span> <span class='ocrx_word' id='word_1_696' title='bbox 678 4426 829 4492; x_wconf 84' lang='lat' dir='ltr'><strong>Quod</strong></span> <span class='ocrx_word' id='word_1_697' title='bbox 858 4429 1204 4511; x_wconf 51' lang='lat' dir='ltr'><strong>defensionem</strong></span> <span class='ocrx_word' id='word_1_698' title='bbox 1237 4432 1457 4511; x_wconf 66' lang='lat' dir='ltr'><strong>habeant</strong></span> <span class='ocrx_word' id='word_1_699' title='bbox 1493 4444 1809 4511; x_wconf 61' lang='lat' dir='ltr'><strong>peccatores,</strong></span> <span class='ocrx_word' id='word_1_700' title='bbox 1844 4454 1888 4491; x_wconf 73' lang='lat' dir='ltr'>ﬂ</span> <span class='ocrx_word' id='word_1_701' title='bbox 1920 4455 2066 4492; x_wconf 78' lang='lat' dir='ltr'><strong>men-</strong></span> 
     </span>
    </p>
   </div>
   <div class='ocr_carea' id='block_1_92' title="bbox 2182 4408 3708 4511">
    <p class='ocr_par' dir='ltr' id='par_1_92' title="bbox 2182 4430 3708 4511">
     <span class='ocr_line' id='line_1_92' title="bbox 2182 4430 3708 4511; baseline 0.009 -29"><span class='ocrx_word' id='word_1_702' title='bbox 2182 4440 2293 4511; x_wconf 50' lang='grc' dir='ltr'><strong>[ς’-ξ,</strong></span> <span class='ocrx_word' id='word_1_703' title='bbox 2310 4436 2520 4511; x_wconf 41' lang='grc' dir='ltr'>ὀτι-οἱ</span> <span class='ocrx_word' id='word_1_704' title='bbox 2543 4434 2984 4511; x_wconf 53' lang='grc' dir='ltr'>ᾀμαρτάνοῖτες</span> <span class='ocrx_word' id='word_1_705' title='bbox 3016 4438 3365 4511; x_wconf 74' lang='grc' dir='ltr'>ἀπρλογίαν</span> <span class='ocrx_word' id='word_1_706' title='bbox 3388 4438 3649 4511; x_wconf 40' lang='lat' dir='ltr'><strong>Exaudi&quot;.</strong></span> <span class='ocrx_word' id='word_1_707' title='bbox 3671 4430 3708 4511; x_wconf 65' lang='grc' dir='ltr'><strong>εξλ</strong></span> 
     </span>
    </p>
   </div>
   <div class='ocr_carea' id='block_1_93' title="bbox 563 4502 2077 4578">
    <p class='ocr_par' dir='ltr' id='par_1_93' title="bbox 563 4502 2077 4578">
     <span class='ocr_line' id='line_1_93' title="bbox 563 4502 2077 4578; baseline 0.011 -30"><span class='ocrx_word' id='word_1_708' title='bbox 563 4508 686 4578; x_wconf 70' lang='lat' dir='ltr'><strong>teni,</strong></span> <span class='ocrx_word' id='word_1_709' title='bbox 743 4508 918 4567; x_wconf 81' lang='lat' dir='ltr'><strong>utpote</strong></span> <span class='ocrx_word' id='word_1_710' title='bbox 976 4502 1265 4568; x_wconf 78' lang='lat' dir='ltr'><strong>inﬁrmam,</strong></span> <span class='ocrx_word' id='word_1_711' title='bbox 1328 4502 1499 4557; x_wconf 68' lang='lat' dir='ltr'><strong>Deus</strong></span> <span class='ocrx_word' id='word_1_712' title='bbox 1539 4503 1760 4559; x_wconf 82' lang='lat' dir='ltr'><strong>Verbum</strong></span> <span class='ocrx_word' id='word_1_713' title='bbox 1816 4525 1920 4562; x_wconf 81' lang='lat' dir='ltr'><strong>non</strong></span> <span class='ocrx_word' id='word_1_714' title='bbox 1955 4527 2077 4565; x_wconf 72' lang='lat' dir='ltr'><strong>sus-</strong></span> 
     </span>
    </p>
   </div>
   <div class='ocr_carea' id='block_1_94' title="bbox 564 4578 717 4635">
    <p class='ocr_par' dir='ltr' id='par_1_94' title="bbox 564 4578 717 4635">
     <span class='ocr_line' id='line_1_94' title="bbox 564 4578 717 4635; baseline 0.007 -16"><span class='ocrx_word' id='word_1_715' title='bbox 564 4578 717 4635; x_wconf 69' lang='lat' dir='ltr'><strong>cepit.</strong></span> 
     </span>
    </p>
   </div>
   <div class='ocr_carea' id='block_1_95' title="bbox 567 4679 2071 4754">
    <p class='ocr_par' dir='ltr' id='par_1_95' title="bbox 567 4679 2071 4754">
     <span class='ocr_line' id='line_1_95' title="bbox 567 4679 2071 4754; baseline 0.011 -21"><span class='ocrx_word' id='word_1_716' title='bbox 567 4679 680 4734; x_wconf 84' lang='lat' dir='ltr'><strong>lloc</strong></span> <span class='ocrx_word' id='word_1_717' title='bbox 734 4682 859 4734; x_wconf 88' lang='lat' dir='ltr'><strong>dum</strong></span> <span class='ocrx_word' id='word_1_718' title='bbox 908 4683 1079 4747; x_wconf 90' lang='lat' dir='ltr'><strong>aiunt,</strong></span> <span class='ocrx_word' id='word_1_719' title='bbox 1130 4684 1303 4751; x_wconf 87' lang='lat' dir='ltr'><strong>primo</strong></span> <span class='ocrx_word' id='word_1_720' title='bbox 1350 4687 1567 4754; x_wconf 83' lang='lat' dir='ltr'><strong>quidem</strong></span> <span class='ocrx_word' id='word_1_721' title='bbox 1623 4690 1765 4745; x_wconf 88' lang='lat' dir='ltr'><strong>haud</strong></span> <span class='ocrx_word' id='word_1_722' title='bbox 1804 4692 2071 4750; x_wconf 87' lang='lat' dir='ltr'><strong>mouicam</strong></span> 
     </span>
    </p>
   </div>
   <div class='ocr_carea' id='block_1_96' title="bbox 498 4770 2070 4849">
    <p class='ocr_par' dir='ltr' id='par_1_96' title="bbox 498 4770 2070 4849">
     <span class='ocr_line' id='line_1_96' title="bbox 498 4770 2070 4849; baseline 0.009 -26"><span class='ocrx_word' id='word_1_723' title='bbox 498 4770 866 4839; x_wconf 87' lang='lat' dir='ltr'><strong>impotentiam</strong></span> <span class='ocrx_word' id='word_1_724' title='bbox 902 4773 999 4842; x_wconf 91' lang='lat' dir='ltr'><strong>ipsi</strong></span> <span class='ocrx_word' id='word_1_725' title='bbox 1026 4773 1136 4828; x_wconf 90' lang='lat' dir='ltr'><strong>Deo</strong></span> <span class='ocrx_word' id='word_1_726' title='bbox 1168 4774 1450 4845; x_wconf 79' lang='lat' dir='ltr'><strong>atlingunt,</strong></span> <span class='ocrx_word' id='word_1_727' title='bbox 1485 4779 1771 4848; x_wconf 90' lang='lat' dir='ltr'><strong>siquidem,</strong></span> <span class='ocrx_word' id='word_1_728' title='bbox 1806 4795 1861 4837; x_wconf 84' lang='lat' dir='ltr'><strong>ut</strong></span> <span class='ocrx_word' id='word_1_729' title='bbox 1899 4786 2070 4849; x_wconf 87' lang='lat' dir='ltr'><strong>aiunt,</strong></span> 
     </span>
    </p>
   </div>
   <div class='ocr_carea' id='block_1_97' title="bbox 499 4860 2065 4939">
    <p class='ocr_par' dir='ltr' id='par_1_97' title="bbox 499 4860 2065 4939">
     <span class='ocr_line' id='line_1_97' title="bbox 499 4860 2065 4939; baseline 0.011 -25"><span class='ocrx_word' id='word_1_730' title='bbox 499 4860 615 4915; x_wconf 78' lang='lat' dir='ltr'><strong>fieri</strong></span> <span class='ocrx_word' id='word_1_731' title='bbox 649 4878 754 4916; x_wconf 92' lang='lat' dir='ltr'><strong>non</strong></span> <span class='ocrx_word' id='word_1_732' title='bbox 786 4872 995 4932; x_wconf 88' lang='lat' dir='ltr'><strong>poterat</strong></span> <span class='ocrx_word' id='word_1_733' title='bbox 1023 4876 1078 4919; x_wconf 92' lang='lat' dir='ltr'><strong>ut</strong></span> <span class='ocrx_word' id='word_1_734' title='bbox 1100 4867 1143 4920; x_wconf 90' lang='lat' dir='ltr'><strong>si</strong></span> <span class='ocrx_word' id='word_1_735' title='bbox 1183 4868 1417 4921; x_wconf 85' lang='lat' dir='ltr'><strong>humana</strong></span> <span class='ocrx_word' id='word_1_736' title='bbox 1442 4886 1596 4925; x_wconf 91' lang='lat' dir='ltr'><strong>mens</strong></span> <span class='ocrx_word' id='word_1_737' title='bbox 1626 4873 1672 4925; x_wconf 88' lang='lat' dir='ltr'><strong>ei</strong></span> <span class='ocrx_word' id='word_1_738' title='bbox 1702 4874 1923 4939; x_wconf 90' lang='lat' dir='ltr'><strong>inesset,</strong></span> <span class='ocrx_word' id='word_1_739' title='bbox 1966 4879 2065 4931; x_wconf 85' lang='lat' dir='ltr'><strong>ho-</strong></span> 
     </span>
    </p>
   </div>
   <div class='ocr_carea' id='block_1_98' title="bbox 497 4955 2071 5029">
    <p class='ocr_par' dir='ltr' id='par_1_98' title="bbox 497 4955 2071 5029">
     <span class='ocr_line' id='line_1_98' title="bbox 497 4955 2071 5029; baseline 0.008 -22"><span class='ocrx_word' id='word_1_740' title='bbox 497 4955 695 5008; x_wconf 89' lang='lat' dir='ltr'><strong>minem</strong></span> <span class='ocrx_word' id='word_1_741' title='bbox 726 4955 1073 5023; x_wconf 79' lang='lat' dir='ltr'><strong>justificaret.</strong></span> <span class='ocrx_word' id='word_1_742' title='bbox 1111 4957 1312 5012; x_wconf 91' lang='lat' dir='ltr'><strong>Deinde</strong></span> <span class='ocrx_word' id='word_1_743' title='bbox 1344 4961 1719 5028; x_wconf 90' lang='lat' dir='ltr'><strong>peccatoribus</strong></span> <span class='ocrx_word' id='word_1_744' title='bbox 1749 4968 1982 5029; x_wconf 73' lang='lat' dir='ltr'><strong>uinctis,</strong></span> <span class='ocrx_word' id='word_1_745' title='bbox 2016 4975 2071 5019; x_wconf 91' lang='lat' dir='ltr'><strong>et</strong></span> 
     </span>
    </p>
   </div>
   <div class='ocr_carea' id='block_1_99' title="bbox 495 5047 2067 5123">
    <p class='ocr_par' dir='ltr' id='par_1_99' title="bbox 495 5047 2067 5123">
     <span class='ocr_line' id='line_1_99' title="bbox 495 5047 2067 5123; baseline 0.008 -26"><span class='ocrx_word' id='word_1_746' title='bbox 495 5047 801 5100; x_wconf 88' lang='lat' dir='ltr'><strong>divinarum</strong></span> <span class='ocrx_word' id='word_1_747' title='bbox 832 5048 1003 5117; x_wconf 79' lang='lat' dir='ltr'><strong>legum</strong></span> <span class='ocrx_word' id='word_1_748' title='bbox 1030 5050 1397 5117; x_wconf 88' lang='lat' dir='ltr'><strong>violatoribus,</strong></span> <span class='ocrx_word' id='word_1_749' title='bbox 1430 5053 1762 5108; x_wconf 83' lang='lat' dir='ltr'><strong>defensionis</strong></span> <span class='ocrx_word' id='word_1_750' title='bbox 1795 5055 1937 5109; x_wconf 85' lang='lat' dir='ltr'><strong>fores</strong></span> <span class='ocrx_word' id='word_1_751' title='bbox 1970 5072 2067 5123; x_wconf 87' lang='lat' dir='ltr'><strong>pa-</strong></span> 
     </span>
    </p>
   </div>
   <div class='ocr_carea' id='block_1_100' title="bbox 498 5138 2063 5202">
    <p class='ocr_par' dir='ltr' id='par_1_100' title="bbox 498 5138 2063 5202">
     <span class='ocr_line' id='line_1_100' title="bbox 498 5138 2063 5202; baseline 0.006 -11"><span class='ocrx_word' id='word_1_752' title='bbox 498 5138 774 5193; x_wconf 84' lang='lat' dir='ltr'><strong>tefaciunt.</strong></span> <span class='ocrx_word' id='word_1_753' title='bbox 822 5138 952 5194; x_wconf 87' lang='lat' dir='ltr'><strong>Jure</strong></span> <span class='ocrx_word' id='word_1_754' title='bbox 981 5143 1121 5195; x_wconf 88' lang='lat' dir='ltr'><strong>enim</strong></span> <span class='ocrx_word' id='word_1_755' title='bbox 1158 5158 1337 5196; x_wconf 88' lang='lat' dir='ltr'><strong>rerum</strong></span> <span class='ocrx_word' id='word_1_756' title='bbox 1365 5145 1606 5198; x_wconf 87' lang='lat' dir='ltr'><strong>omnimn</strong></span> <span class='ocrx_word' id='word_1_757' title='bbox 1640 5146 1750 5200; x_wconf 90' lang='lat' dir='ltr'><strong>Deo</strong></span> <span class='ocrx_word' id='word_1_758' title='bbox 1779 5148 2020 5202; x_wconf 89' lang='lat' dir='ltr'><strong>dicerent</strong></span> <span class='ocrx_word' id='word_1_759' title='bbox 2049 5165 2063 5201; x_wconf 91' lang='lat'>:</span> 
     </span>
    </p>
   </div>
   <div class='ocr_carea' id='block_1_101' title="bbox 493 5228 2066 5311">
    <p class='ocr_par' dir='ltr' id='par_1_101' title="bbox 493 5228 2066 5311">
     <span class='ocr_line' id='line_1_101' title="bbox 493 5228 2066 5311; baseline 0.009 -29"><span class='ocrx_word' id='word_1_760' title='bbox 493 5228 637 5283; x_wconf 87' lang='lat' dir='ltr'><strong>Nihil</strong></span> <span class='ocrx_word' id='word_1_761' title='bbox 681 5232 831 5285; x_wconf 87' lang='lat' dir='ltr'><strong>venia</strong></span> <span class='ocrx_word' id='word_1_762' title='bbox 864 5234 1169 5303; x_wconf 88' lang='lat' dir='ltr'><strong>indignum,</strong></span> <span class='ocrx_word' id='word_1_763' title='bbox 1196 5235 1440 5303; x_wconf 88' lang='lat' dir='ltr'><strong>Domine,</strong></span> <span class='ocrx_word' id='word_1_764' title='bbox 1487 5242 1849 5305; x_wconf 89' lang='lat' dir='ltr'><strong>peccavimus,</strong></span> <span class='ocrx_word' id='word_1_765' title='bbox 1893 5256 2066 5311; x_wconf 89' lang='lat' dir='ltr'><strong>neque</strong></span> 
     </span>
    </p>
   </div>
   <div class='ocr_carea' id='block_1_102' title="bbox 493 5324 2064 5399">
    <p class='ocr_par' dir='ltr' id='par_1_102' title="bbox 493 5324 2064 5399">
     <span class='ocr_line' id='line_1_102' title="bbox 493 5324 2064 5399; baseline 0.01 -24"><span class='ocrx_word' id='word_1_766' title='bbox 493 5337 651 5391; x_wconf 59' lang='lat' dir='ltr'><strong>poena</strong></span> <span class='ocrx_word' id='word_1_767' title='bbox 681 5324 896 5393; x_wconf 85' lang='lat' dir='ltr'><strong>dignum</strong></span> <span class='ocrx_word' id='word_1_768' title='bbox 921 5343 935 5391; x_wconf 90' lang='lat'><strong>;</strong></span> <span class='ocrx_word' id='word_1_769' title='bbox 968 5331 1395 5399; x_wconf 87' lang='lat' dir='ltr'><strong>quandoquidem</strong></span> <span class='ocrx_word' id='word_1_770' title='bbox 1424 5332 1651 5385; x_wconf 72' lang='lat' dir='ltr'><strong>infirma:</strong></span> <span class='ocrx_word' id='word_1_771' title='bbox 1683 5335 1878 5388; x_wconf 90' lang='lat' dir='ltr'><strong>mentis</strong></span> <span class='ocrx_word' id='word_1_772' title='bbox 1900 5337 2064 5389; x_wconf 81' lang='lat' dir='ltr'><strong>duca-</strong></span> 
     </span>
    </p>
   </div>
   <div class='ocr_carea' id='block_1_103' title="bbox 494 5416 2061 5497">
    <p class='ocr_par' dir='ltr' id='par_1_103' title="bbox 494 5416 2061 5497">
     <span class='ocr_line' id='line_1_103' title="bbox 494 5416 2061 5497; baseline 0.011 -33"><span class='ocrx_word' id='word_1_773' title='bbox 494 5422 605 5465; x_wconf 90' lang='lat' dir='ltr'><strong>tum</strong></span> <span class='ocrx_word' id='word_1_774' title='bbox 631 5416 806 5470; x_wconf 87' lang='lat' dir='ltr'><strong>sortiti</strong></span> <span class='ocrx_word' id='word_1_775' title='bbox 838 5432 1043 5485; x_wconf 89' lang='lat' dir='ltr'><strong>sumus,</strong></span> <span class='ocrx_word' id='word_1_776' title='bbox 1077 5436 1194 5490; x_wconf 66' lang='lat' dir='ltr'><strong>quae</strong></span> <span class='ocrx_word' id='word_1_777' title='bbox 1224 5424 1368 5492; x_wconf 82' lang='lat' dir='ltr'><strong>leges</strong></span> <span class='ocrx_word' id='word_1_778' title='bbox 1395 5431 1514 5477; x_wconf 87' lang='lat' dir='ltr'><strong>tuas</strong></span> <span class='ocrx_word' id='word_1_779' title='bbox 1536 5424 1827 5480; x_wconf 90' lang='lat' dir='ltr'><strong>observare</strong></span> <span class='ocrx_word' id='word_1_780' title='bbox 1855 5428 2061 5497; x_wconf 90' lang='lat' dir='ltr'><strong>nequit.</strong></span> 
     </span>
    </p>
   </div>
   <div class='ocr_carea' id='block_1_104' title="bbox 494 5589 2059 5672">
    <p class='ocr_par' dir='ltr' id='par_1_104' title="bbox 494 5589 2059 5672">
     <span class='ocr_line' id='line_1_104' title="bbox 494 5589 2059 5672; baseline 0.012 -32"><span class='ocrx_word' id='word_1_781' title='bbox 494 5589 646 5672; x_wconf 43' lang='lat' dir='ltr'><strong>adn?</strong></span> <span class='ocrx_word' id='word_1_782' title='bbox 667 5606 771 5671; x_wconf 89' lang='lat' dir='ltr'><strong>quo</strong></span> <span class='ocrx_word' id='word_1_783' title='bbox 795 5601 1032 5672; x_wconf 79' lang='lat' dir='ltr'><strong>tempore</strong></span> <span class='ocrx_word' id='word_1_784' title='bbox 1055 5598 1305 5672; x_wconf 82' lang='lat' dir='ltr'><strong>nonnulla</strong></span> <span class='ocrx_word' id='word_1_785' title='bbox 1328 5600 1444 5668; x_wconf 83' lang='lat' dir='ltr'><strong>ejus</strong></span> <span class='ocrx_word' id='word_1_786' title='bbox 1468 5617 1517 5654; x_wconf 84' lang='lat' dir='ltr'><strong>in</strong></span> <span class='ocrx_word' id='word_1_787' title='bbox 1540 5600 1738 5657; x_wconf 85' lang='lat' dir='ltr'><strong>Lucam</strong></span> <span class='ocrx_word' id='word_1_788' title='bbox 1761 5603 2059 5672; x_wconf 83' lang='lat' dir='ltr'><strong>fragmenta</strong></span> 
     </span>
    </p>
   </div>
   <div class='ocr_carea' id='block_1_105' title="bbox 492 5656 2058 5740">
    <p class='ocr_par' dir='ltr' id='par_1_105' title="bbox 492 5656 2058 5740">
     <span class='ocr_line' id='line_1_105' title="bbox 492 5656 2058 5740; baseline 0.011 -29"><span class='ocrx_word' id='word_1_789' title='bbox 492 5673 556 5712; x_wconf 86' lang='lat' dir='ltr'><strong>ex</strong></span> <span class='ocrx_word' id='word_1_790' title='bbox 574 5656 833 5717; x_wconf 74' lang='lat' dir='ltr'><strong>Vaticano</strong></span> <span class='ocrx_word' id='word_1_791' title='bbox 861 5656 1040 5720; x_wconf 76' lang='lat' dir='ltr'><strong>codice</strong></span> <span class='ocrx_word' id='word_1_792' title='bbox 1066 5668 1204 5723; x_wconf 78' lang='lat' dir='ltr'><strong>edidi</strong></span> <span class='ocrx_word' id='word_1_793' title='bbox 1235 5688 1246 5724; x_wconf 92' lang='lat'><strong>:</strong></span> <span class='ocrx_word' id='word_1_794' title='bbox 1275 5656 1579 5740; x_wconf 67' lang='lat' dir='ltr'><strong>quanquam</strong></span> <span class='ocrx_word' id='word_1_795' title='bbox 1610 5656 2058 5731; x_wconf 51' lang='lat' dir='ltr'><strong>mullola&#39;iitiores</strong></span> 
     </span>
    </p>
   </div>
   <div class='ocr_carea' id='block_1_106' title="bbox 2242 4502 3706 4574">
    <p class='ocr_par' dir='ltr' id='par_1_106' title="bbox 2242 4502 3706 4574">
     <span class='ocr_line' id='line_1_106' title="bbox 2242 4502 3706 4574; baseline -0.01 -8"><span class='ocrx_word' id='word_1_796' title='bbox 2242 4508 2322 4574; x_wconf 84' lang='grc' dir='ltr'>ὡς</span> <span class='ocrx_word' id='word_1_797' title='bbox 2346 4502 2572 4570; x_wconf 77' lang='grc' dir='ltr'>ἀσθενῆ</span> <span class='ocrx_word' id='word_1_798' title='bbox 2608 4502 2717 4559; x_wconf 83' lang='grc' dir='ltr'><strong>τὸν</strong></span> <span class='ocrx_word' id='word_1_799' title='bbox 2757 4507 2907 4562; x_wconf 83' lang='grc' dir='ltr'><strong>νοῦν</strong></span> <span class='ocrx_word' id='word_1_800' title='bbox 2938 4502 3048 4562; x_wconf 80' lang='grc' dir='ltr'><strong>οὐκ</strong></span> <span class='ocrx_word' id='word_1_801' title='bbox 3078 4502 3385 4562; x_wconf 69' lang='grc' dir='ltr'>ἀνέλαϐεν</span> <span class='ocrx_word' id='word_1_802' title='bbox 3409 4502 3456 4562; x_wconf 67' lang='grc' dir='ltr'>δ’</span> <span class='ocrx_word' id='word_1_803' title='bbox 3476 4509 3602 4568; x_wconf 70' lang='grc' dir='ltr'>Θεὸς</span> <span class='ocrx_word' id='word_1_804' title='bbox 3626 4502 3706 4554; x_wconf 66' lang='grc' dir='ltr'><strong>Αόσ</strong></span> 
     </span>
    </p>
   </div>
   <div class='ocr_carea' id='block_1_107' title="bbox 2242 4596 2367 4648">
    <p class='ocr_par' dir='ltr' id='par_1_107' title="bbox 2242 4596 2367 4648">
     <span class='ocr_line' id='line_1_107' title="bbox 2242 4596 2367 4648; baseline -0.024 0"><span class='ocrx_word' id='word_1_805' title='bbox 2242 4596 2367 4648; x_wconf 69' lang='lat' dir='ltr'><strong>70C-</strong></span> 
     </span>
    </p>
   </div>
   <div class='ocr_carea' id='block_1_108' title="bbox 2242 4693 3708 4767">
    <p class='ocr_par' dir='ltr' id='par_1_108' title="bbox 2242 4693 3708 4767">
     <span class='ocr_line' id='line_1_108' title="bbox 2242 4693 3708 4767; baseline 0 -22"><span class='ocrx_word' id='word_1_806' title='bbox 2242 4694 2411 4748; x_wconf 90' lang='grc' dir='ltr'>Τοῦτο</span> <span class='ocrx_word' id='word_1_807' title='bbox 2453 4696 2509 4749; x_wconf 84' lang='grc' dir='ltr'>δὲ</span> <span class='ocrx_word' id='word_1_808' title='bbox 2550 4697 2818 4764; x_wconf 81' lang='grc' dir='ltr'>λέγοντες,</span> <span class='ocrx_word' id='word_1_809' title='bbox 2849 4693 3063 4767; x_wconf 88' lang='grc' dir='ltr'>πρῶτον</span> <span class='ocrx_word' id='word_1_810' title='bbox 3108 4694 3206 4764; x_wconf 84' lang='grc' dir='ltr'><strong>μὲν</strong></span> <span class='ocrx_word' id='word_1_811' title='bbox 3236 4694 3548 4763; x_wconf 85' lang='grc' dir='ltr'>ἀδυναμίαν</span> <span class='ocrx_word' id='word_1_812' title='bbox 3584 4700 3708 4755; x_wconf 72' lang='grc' dir='ltr'>προσο</span> 
     </span>
    </p>
   </div>
   <div class='ocr_carea' id='block_1_109' title="bbox 2173 4776 3708 4859">
    <p class='ocr_par' dir='ltr' id='par_1_109' title="bbox 2173 4776 3708 4859">
     <span class='ocr_line' id='line_1_109' title="bbox 2173 4776 3708 4859; baseline -0.002 -21"><span class='ocrx_word' id='word_1_813' title='bbox 2173 4785 2432 4839; x_wconf 84' lang='grc' dir='ltr'>ἅπτουσιν</span> <span class='ocrx_word' id='word_1_814' title='bbox 2472 4788 2533 4839; x_wconf 82' lang='grc' dir='ltr'>οὐ</span> <span class='ocrx_word' id='word_1_815' title='bbox 2575 4789 2675 4859; x_wconf 84' lang='grc' dir='ltr'><strong>τὴν</strong></span> <span class='ocrx_word' id='word_1_816' title='bbox 2706 4786 2977 4857; x_wconf 78' lang='grc' dir='ltr'>τυχοῦσαν</span> <span class='ocrx_word' id='word_1_817' title='bbox 3005 4786 3152 4855; x_wconf 80' lang='grc' dir='ltr'><strong>αὐτῷ</strong></span> <span class='ocrx_word' id='word_1_818' title='bbox 3176 4786 3259 4857; x_wconf 83' lang='grc' dir='ltr'><strong>τῷ</strong></span> <span class='ocrx_word' id='word_1_819' title='bbox 3296 4786 3445 4857; x_wconf 81' lang='grc' dir='ltr'>Θεῷ,</span> <span class='ocrx_word' id='word_1_820' title='bbox 3477 4785 3630 4851; x_wconf 76' lang='grc' dir='ltr'>εἴπερ,</span> <span class='ocrx_word' id='word_1_821' title='bbox 3656 4776 3708 4836; x_wconf 70' lang='grc' dir='ltr'><strong>ὣς</strong></span> 
     </span>
    </p>
   </div>
   <div class='ocr_carea' id='block_1_110' title="bbox 2172 4875 3707 4951">
    <p class='ocr_par' dir='ltr' id='par_1_110' title="bbox 2172 4875 3707 4951">
     <span class='ocr_line' id='line_1_110' title="bbox 2172 4875 3707 4951; baseline -0.008 -20"><span class='ocrx_word' id='word_1_822' title='bbox 2172 4896 2352 4947; x_wconf 89' lang='grc' dir='ltr'>φασιν,</span> <span class='ocrx_word' id='word_1_823' title='bbox 2390 4880 2488 4950; x_wconf 83' lang='grc' dir='ltr'>οὐχ</span> <span class='ocrx_word' id='word_1_824' title='bbox 2530 4875 2640 4933; x_wconf 73' lang='grc' dir='ltr'>οἷόν</span> <span class='ocrx_word' id='word_1_825' title='bbox 2670 4897 2727 4932; x_wconf 90' lang='grc' dir='ltr'><strong>τε</strong></span> <span class='ocrx_word' id='word_1_826' title='bbox 2759 4876 2827 4951; x_wconf 77' lang='grc' dir='ltr'>ἦν</span> <span class='ocrx_word' id='word_1_827' title='bbox 2860 4880 2952 4933; x_wconf 90' lang='grc' dir='ltr'><strong>τοῦ</strong></span> <span class='ocrx_word' id='word_1_828' title='bbox 2985 4879 3077 4932; x_wconf 88' lang='grc' dir='ltr'><strong>νοῦ</strong></span> <span class='ocrx_word' id='word_1_829' title='bbox 3108 4878 3205 4931; x_wconf 88' lang='grc' dir='ltr'><strong>τοῦ</strong></span> <span class='ocrx_word' id='word_1_830' title='bbox 3242 4879 3587 4948; x_wconf 71' lang='grc' dir='ltr'>ἀνθρωπίνου</span> <span class='ocrx_word' id='word_1_831' title='bbox 3617 4890 3707 4923; x_wconf 64' lang='lat' dir='ltr'><strong>nv—</strong></span> 
     </span>
    </p>
   </div>
   <div class='ocr_carea' id='block_1_111' title="bbox 2170 4964 3707 5042">
    <p class='ocr_par' dir='ltr' id='par_1_111' title="bbox 2170 4964 3707 5042">
     <span class='ocr_line' id='line_1_111' title="bbox 2170 4964 3707 5042; baseline 0.001 -21"><span class='ocrx_word' id='word_1_832' title='bbox 2170 4970 2320 5033; x_wconf 85' lang='grc' dir='ltr'>όντος</span> <span class='ocrx_word' id='word_1_833' title='bbox 2357 4971 2639 5024; x_wconf 80' lang='grc' dir='ltr'>δικαιῶσαι</span> <span class='ocrx_word' id='word_1_834' title='bbox 2668 4972 2758 5024; x_wconf 83' lang='grc' dir='ltr'><strong>τὸν</strong></span> <span class='ocrx_word' id='word_1_835' title='bbox 2786 4972 3344 5042; x_wconf 80' lang='grc' dir='ltr'>ἀνθρωπον.”Επειτ-α</span> <span class='ocrx_word' id='word_1_836' title='bbox 3392 4973 3449 5025; x_wconf 82' lang='grc' dir='ltr'>δὲ</span> <span class='ocrx_word' id='word_1_837' title='bbox 3492 4970 3575 5024; x_wconf 68' lang='grc' dir='ltr'><strong>καὶ</strong></span> <span class='ocrx_word' id='word_1_838' title='bbox 3614 4964 3707 5018; x_wconf 68' lang='grc' dir='ltr'><strong>πὶτι</strong></span> 
     </span>
    </p>
   </div>
   <div class='ocr_carea' id='block_1_112' title="bbox 2173 5061 3705 5134">
    <p class='ocr_par' dir='ltr' id='par_1_112' title="bbox 2173 5061 3705 5134">
     <span class='ocr_line' id='line_1_112' title="bbox 2173 5061 3705 5134; baseline -0.005 -22"><span class='ocrx_word' id='word_1_839' title='bbox 2173 5064 2286 5124; x_wconf 84' lang='grc' dir='ltr'>τοῖς</span> <span class='ocrx_word' id='word_1_840' title='bbox 2298 5064 2694 5133; x_wconf 83' lang='grc' dir='ltr'>ἁμαρτάνουσι,</span> <span class='ocrx_word' id='word_1_841' title='bbox 2712 5063 2943 5126; x_wconf 72' lang='grc' dir='ltr'>καὶτοὺς</span> <span class='ocrx_word' id='word_1_842' title='bbox 2964 5063 3140 5125; x_wconf 87' lang='grc' dir='ltr'>θείους</span> <span class='ocrx_word' id='word_1_843' title='bbox 3158 5063 3371 5133; x_wconf 78' lang='grc' dir='ltr'>νόμους</span> <span class='ocrx_word' id='word_1_844' title='bbox 3388 5061 3705 5134; x_wconf 55' lang='grc' dir='ltr'>παραϐαίνεις</span> 
     </span>
    </p>
   </div>
   <div class='ocr_carea' id='block_1_113' title="bbox 2175 5140 3705 5226">
    <p class='ocr_par' dir='ltr' id='par_1_113' title="bbox 2175 5140 3705 5226">
     <span class='ocr_line' id='line_1_113' title="bbox 2175 5140 3705 5226; baseline 0.001 -22"><span class='ocrx_word' id='word_1_845' title='bbox 2175 5169 2280 5219; x_wconf 92' lang='grc' dir='ltr'>σιν,</span> <span class='ocrx_word' id='word_1_846' title='bbox 2304 5154 2595 5222; x_wconf 83' lang='grc' dir='ltr'>ἀπολογίας</span> <span class='ocrx_word' id='word_1_847' title='bbox 2618 5156 2970 5223; x_wconf 83' lang='grc' dir='ltr'>ὑπανοίγουσι</span> <span class='ocrx_word' id='word_1_848' title='bbox 2997 5155 3185 5226; x_wconf 86' lang='grc' dir='ltr'>θύραν.</span> <span class='ocrx_word' id='word_1_849' title='bbox 3217 5140 3455 5211; x_wconf 81' lang='grc' dir='ltr'>Εἴποιεν</span> <span class='ocrx_word' id='word_1_850' title='bbox 3484 5156 3583 5225; x_wconf 76' lang='grc' dir='ltr'>γὰρ</span> <span class='ocrx_word' id='word_1_851' title='bbox 3607 5148 3705 5205; x_wconf 47' lang='lat' dir='ltr'><strong>sit}</strong></span> 
     </span>
    </p>
   </div>
   <div class='ocr_carea' id='block_1_114' title="bbox 2170 5241 3703 5316">
    <p class='ocr_par' dir='ltr' id='par_1_114' title="bbox 2170 5241 3703 5316">
     <span class='ocr_line' id='line_1_114' title="bbox 2170 5241 3703 5316; baseline 0 -19"><span class='ocrx_word' id='word_1_852' title='bbox 2170 5259 2277 5305; x_wconf 85' lang='grc' dir='ltr'><strong>τως</strong></span> <span class='ocrx_word' id='word_1_853' title='bbox 2322 5245 2459 5313; x_wconf 63' lang='grc' dir='ltr'>πρὸς</span> <span class='ocrx_word' id='word_1_854' title='bbox 2501 5245 2592 5297; x_wconf 80' lang='grc' dir='ltr'><strong>τὸν</strong></span> <span class='ocrx_word' id='word_1_855' title='bbox 2638 5246 2747 5298; x_wconf 83' lang='grc' dir='ltr'><strong>τῶν</strong></span> <span class='ocrx_word' id='word_1_856' title='bbox 2778 5247 2913 5299; x_wconf 83' lang='grc' dir='ltr'>ὅλων</span> <span class='ocrx_word' id='word_1_857' title='bbox 2945 5245 3076 5298; x_wconf 87' lang='grc' dir='ltr'>Θεόν</span> <span class='ocrx_word' id='word_1_858' title='bbox 3098 5263 3111 5276; x_wconf 78' lang='grc' dir='ltr'><strong>ο</strong></span> <span class='ocrx_word' id='word_1_859' title='bbox 3141 5247 3259 5299; x_wconf 72' lang='grc' dir='ltr'>Οὐκ</span> <span class='ocrx_word' id='word_1_860' title='bbox 3292 5241 3703 5316; x_wconf 68' lang='grc' dir='ltr'>ἀσύγνωστα,;ὶέο</span> 
     </span>
    </p>
   </div>
   <div class='ocr_carea' id='block_1_115' title="bbox 2173 5332 3705 5411">
    <p class='ocr_par' dir='ltr' id='par_1_115' title="bbox 2173 5332 3705 5411">
     <span class='ocr_line' id='line_1_115' title="bbox 2173 5332 3705 5411; baseline 0.001 -26"><span class='ocrx_word' id='word_1_861' title='bbox 2173 5349 2366 5398; x_wconf 88' lang='grc' dir='ltr'>σποτα,</span> <span class='ocrx_word' id='word_1_862' title='bbox 2400 5337 2969 5408; x_wconf 85' lang='grc' dir='ltr'>πεπλημμελήκαμεν,</span> <span class='ocrx_word' id='word_1_863' title='bbox 3006 5338 3127 5391; x_wconf 78' lang='grc' dir='ltr'>οὐδὲ</span> <span class='ocrx_word' id='word_1_864' title='bbox 3159 5340 3447 5411; x_wconf 80' lang='grc' dir='ltr'>τιμωρίας</span> <span class='ocrx_word' id='word_1_865' title='bbox 3470 5332 3705 5406; x_wconf 63' lang='grc' dir='ltr'>ἀξια,νοῦιι</span> 
     </span>
    </p>
   </div>
   <div class='ocr_carea' id='block_1_116' title="bbox 2170 5426 3706 5501">
    <p class='ocr_par' dir='ltr' id='par_1_116' title="bbox 2170 5426 3706 5501">
     <span class='ocr_line' id='line_1_116' title="bbox 2170 5426 3706 5501; baseline 0.003 -23"><span class='ocrx_word' id='word_1_866' title='bbox 2170 5426 2410 5497; x_wconf 83' lang='grc' dir='ltr'>ἡγεμόνα</span> <span class='ocrx_word' id='word_1_867' title='bbox 2459 5428 2715 5494; x_wconf 87' lang='grc' dir='ltr'>λαϐόντες</span> <span class='ocrx_word' id='word_1_868' title='bbox 2758 5432 2979 5501; x_wconf 84' lang='grc' dir='ltr'>ἀσθενῆ,</span> <span class='ocrx_word' id='word_1_869' title='bbox 3014 5431 3109 5484; x_wconf 78' lang='grc' dir='ltr'>καὶ</span> <span class='ocrx_word' id='word_1_870' title='bbox 3138 5431 3444 5499; x_wconf 83' lang='grc' dir='ltr'>φυλάττειν</span> <span class='ocrx_word' id='word_1_871' title='bbox 3474 5435 3591 5493; x_wconf 64' lang='grc' dir='ltr'>τοὺς</span> <span class='ocrx_word' id='word_1_872' title='bbox 3622 5429 3706 5483; x_wconf 60' lang='grc' dir='ltr'>σοὺς</span> 
     </span>
    </p>
   </div>
   <div class='ocr_carea' id='block_1_117' title="bbox 2170 5607 3705 5683">
    <p class='ocr_par' dir='ltr' id='par_1_117' title="bbox 2170 5607 3705 5683">
     <span class='ocr_line' id='line_1_117' title="bbox 2170 5607 3705 5683; baseline 0.004 -25"><span class='ocrx_word' id='word_1_873' title='bbox 2170 5607 2496 5683; x_wconf 77' lang='lat' dir='ltr'><strong>Apollinaer</strong></span> <span class='ocrx_word' id='word_1_874' title='bbox 2535 5609 2704 5676; x_wconf 66' lang='lat' dir='ltr'><strong>copiae</strong></span> <span class='ocrx_word' id='word_1_875' title='bbox 2751 5625 2816 5663; x_wconf 82' lang='lat' dir='ltr'><strong>ex</strong></span> <span class='ocrx_word' id='word_1_876' title='bbox 2862 5610 2981 5666; x_wconf 86' lang='lat' dir='ltr'><strong>aliis</strong></span> <span class='ocrx_word' id='word_1_877' title='bbox 3021 5610 3193 5667; x_wconf 87' lang='lat' dir='ltr'><strong>adhuc</strong></span> <span class='ocrx_word' id='word_1_878' title='bbox 3241 5612 3529 5669; x_wconf 84' lang='lat' dir='ltr'><strong>codicibus</strong></span> <span class='ocrx_word' id='word_1_879' title='bbox 3564 5614 3705 5683; x_wconf 79' lang='lat' dir='ltr'><strong>produ-</strong></span> 
     </span>
    </p>
   </div>
   <div class='ocr_carea' id='block_1_118' title="bbox 2166 5676 2841 5749">
    <p class='ocr_par' dir='ltr' id='par_1_118' title="bbox 2166 5676 2841 5749">
     <span class='ocr_line' id='line_1_118' title="bbox 2166 5676 2841 5749; baseline 0.006 -18"><span class='ocrx_word' id='word_1_880' title='bbox 2166 5676 2505 5735; x_wconf 63' lang='lat' dir='ltr'><strong>cendze&#39;mihl</strong></span> <span class='ocrx_word' id='word_1_881' title='bbox 2528 5692 2841 5749; x_wconf 69' lang='lat' dir='ltr'><strong>Supersunt.</strong></span> 
     </span>
    </p>
   </div>
  </div>
