3856 6212
248 262 378 324 ’143

1404 265 1492 321 DE
1532 260 2051 322 INCARNATIONE
2092 259 2353 318 DOMINI.

3365 268 3499 325 1446

202 397 206 407 ’
240 389 294 441 οὐ
340 388 638 460 δυνάμενον
676 388 893 459 νόμους.
923 382 1033 443 Kal
1075 387 1414 461 μαρτυροῦσι
1459 386 1818 459 πατριάρχαι,

1929 384 2115 438 Testes
2164 394 2291 437 sunt
2351 384 2670 452 patriarchae
2723 393 2886 454 atque
2937 383 3234 455 pmphetm,
3283 395 3337 439 et
3391 387 3502 441 Deo

242 481 330 534 ml
356 481 651 551 προφῆται,
682 480 774 535 ml
816 480 924 535 τῶν
971 481 1237 550 θεοφιλῶν
1266 479 1569 552 ἀνθρώπων
1618 477 1687 532 τὰ
1725 478 1822 531 τά·

240 588 439 643 γματα,
465 572 575 625 τῶν
601 590 660 625 τε
701 573 806 645 πρὸ
832 571 929 625 τοῦ
969 573 1155 644 νόμου,
1190 573 1281 626 ml
1308 573 1416 626 τῶν
1450 572 1591 644 μετά
1618 570 1708 625 τὸν
1735 570 1820 622 νό-

244 680 360 733 μον,
391 665 438 717 οί
470 665 529 718 ἐν
560 662 783 735 ἀζυγίᾳ,
827 664 876 716 οί
918 666 978 718 ἐν
1010 664 1181 734 ζυγῷ,
1214 665 1264 716 οἰ
1308 666 1367 717 ἐν
1410 664 1648 732 πλούτῳ,
1680 664 1730 716 οἱ
1762 664 1820 715 ἐν

242 755 475 826 ἀκτησίᾳ
512 754 825 827 πληρῶσαί,
850 772 943 808 σου
978 754 1079 818 τὰς
1114 753 1335 818 ἐντολὰς
1380 755 1455 826 μὴ
1499 753 1819 824 δυνηθέντες

239 848 323 901 διὰ
356 847 585 902 τοῦτον·
635 848 732 901 ml
781 848 956 902 ταῦτα
988 847 1066 918 τῷ
1095 846 1347 918 παναγίῳ
1397 865 1490 900 σου
1539 846 1819 916 Πνεύματι

242 937 617 1009 βοηθούμενοι.
659 938 770 991 Καὶ
795 938 849 991 τί
886 939 969 992 δεῖ
998 938 1066 992 τὰ
1096 938 1270 992 πολλά
1307 938 1521 1007 λέγειν;
1549 937 1742 1003 Αὐτὸς,
1774 932 1819 992 ὦ

240 1029 518 1092 Δέσποτα,
564 1028 625 1080 ἐν
672 1028 837 1097 σαρκί
879 1026 1293 1098 παραγέγονας,
1345 1025 1437 1079 ml
1492 1025 1670 1096 σάρκα
1721 1024 1820 1095 μὲν

239 1119 512 1191 ἡμετέραν
541 1119 822 1182 ἀνέλαόες,
851 1119 941 1173 τὸν
991 1118 1049 1172 δέ
1094 1119 1219 1171 νοῦν
1266 1118 1342 1181 ὡς
1394 1117 1670 1171 κωλύοντα
1720 1116 1822 1185 τῆς

240 1211 439 1283 ἀρετῆς
486 1212 582 1283 τὴν
634 1211 847 1280 κτῆσιν,
873 1211 969 1265 καὶ
1011 1212 1108 1281 τῆς
1143 1210 1418 1281 ἁμαρτίας
1462 1209 1559 1280 τήν
1602 1208 1821 1277 ἀπάτην

244 1303 441 1373 ῥᾳδίως
490 1303 886 1374 ὑποδεχόμενον
941 1302 1274 1375 ἀπέρριψας,
1307 1303 1402 1357 καὶ
1443 1303 1544 1355 οὐκ
1589 1301 1819 1372 ἠνέσχου

241 1396 421 1450 λαϐεῖν
443 1414 457 1429 ο
494 1397 726 1466 γέγονας
748 1388 805 1449 δὲ
833 1396 954 1450 άντί
981 1396 1071 1449 νοῦ
1098 1398 1163 1467 τῇ
1198 1399 1386 1469 σαρκὶ,
1410 1396 1506 1449 καὶ
1530 1395 1607 1465 τῷ
1630 1396 1821 1464 τρόπῳ

238 1486 413 1558 τούτῳ
468 1487 567 1558 τήν
628 1487 974 1558 δικαιοσύνην
1040 1487 1431 1557 κατώρθωσας.
1485 1487 1674 1557 Τούτῳ
1743 1486 1822 1555 τῷ

237 1584 423 1650 τρόπῳ
470 1579 570 1649 τὴν
622 1580 897 1651 ἁμαρτίαν
945 1582 1259 1653 νενίκηκας.
1312 1581 1445 1645 Θεὸς
1493 1580 1602 1652 γὰρ
1642 1582 1821 1652 ὑπάρ-

238 1687 373 1739 χεις,
410 1670 572 1742 βουλῇ
600 1673 768 1725 ποιῶν
803 1674 866 1726 τὸ
894 1673 1105 1738 δοκοῦν,
1135 1673 1365 1743 νεύματι
1399 1673 1820 1743 μετασκευάζων

1921 475 2210 528 charorum
2242 476 2520 529 hominum
2556 478 2793 546 agmina,
2831 487 2942 530 tum
2975 486 3101 531 ante
3136 486 3246 531 tum
3276 486 3397 546 post
3427 478 3501 533 le-

1921 582 2064 636 gem,
2093 576 2205 620 tum
2231 566 2463 633 caelibes,
2495 577 2606 621 tum
2627 568 2919 638 conjugati,
2954 576 3065 622 tum
3097 567 3361 637 opulenti,
3389 578 3501 623 tum

1923 660 2131 728 inapes,
2167 660 2258 729 qui
2288 661 2488 716 mentis
2522 674 2684 714 causa
2720 668 2842 715 tuas
2866 660 3162 731 adimplere
3189 661 3335 733 leges
3356 661 3501 718 haud

1922 761 2229 821 potuerunt,
2246 753 2608 821 nequidquam
2630 750 2837 821 Spiritu
2859 761 2950 808 tuo
2978 754 3323 809 sanctissimo
3344 755 3502 808 auxi-
3529 746 3541 788 ί

1925 843 2108 897 liante.
2147 841 2252 897 Sed
2289 858 2386 896 cur
2424 841 2671 912 pluribus
2699 844 2883 901 verbis
2929 860 3065 915 opus
3094 845 3208 900 sit?
3252 845 3331 900 Tu
3366 847 3501 915 ipse,

1924 935 2168 999 Domine,
2201 949 2365 990 carne
2391 934 2613 991 indutus
2640 936 2875 1004 venisti;
2904 937 2999 991 sed
3033 951 3254 992 carnem
3283 938 3501 1007 quidem

1923 1032 2164 1079 nostram
2189 1026 2555 1093 assumpsisti,
2577 1037 2815 1083 mentem
2848 1036 3029 1082 tamen
3058 1038 3116 1082 ut
3138 1029 3354 1084 virtutis
3409 1031 3506 1083 ad-
3576 1094 3581 1099 _

1922 1117 2123 1186 eptioni
2146 1116 2500 1183 contrariam,
2515 1128 2569 1172 et
2584 1118 2797 1187 peccati
2821 1119 2989 1173 errori
3005 1117 3162 1173 facile
3188 1118 3498 1183 obnoxiam,

1924 1208 2184 1264 recusasti
2209 1220 2313 1263 nec
2332 1223 2547 1264 sumere
2575 1223 2769 1278 passus
2791 1223 2851 1264 es
2876 1222 2893 1263 :
2915 1218 3081 1279 tuque
3107 1208 3349 1282 82am.
3368 1210 3503 1263 adeo

1924 1301 2119 1355 mentis
2148 1302 2267 1357 vice
2297 1301 2349 1355 in
2384 1316 2549 1357 carne
2581 1301 2799 1358 functus
2832 1317 2912 1367 es,
2947 1312 3109 1373 atque
3137 1303 3212 1357 ita
3238 1303 3501 1373 justitiam

1924 1394 2067 1449 felici
2120 1410 2379 1452 successu
2445 1396 2722 1466 peregisti.
2788 1395 2904 1452 Hac
2972 1395 3223 1451 videlicet
3295 1394 3505 1449 ratione

1924 1495 2201 1556 peccatum
2230 1488 2435 1545 vicisti.
2471 1488 2612 1543 Deus
2645 1488 2789 1544 enim
2822 1504 2904 1553 es,
2938 1488 3234 1543 voluntatis
3266 1487 3316 1540 vi
3342 1487 3499 1556 quid-

1924 1580 2049 1649 quid
2082 1579 2296 1634 libuerit
2332 1596 2518 1651 agens,
2554 1591 2689 1636 nutu
2722 1591 2814 1637 tuo
2855 1580 3066 1652 negotia
3101 1594 3343 1635 versans.
3394 1576 3505 1633 Nos

1925 1685 2053 1725 vero
2082 1678 2260 1724 mente
2305 1670 2542 1725 humana
2578 1671 2811 1741 praediti,
2858 1686 3019 1740 quam
3063 1679 3119 1723 tu
3152 1669 3246 1724 tibi
3289 1682 3505 1723 sumere

237 1761 305 1814 τὰ
328 1763 649 1833 πράγματα.
667 1765 858 1833 Ἡμεῖς
879 1764 933 1817 δὲ
959 1765 1082 1817 νοῦν
1108 1765 1321 1836 ἔχοντες
1343 1766 1431 1818 τὸν
1458 1765 1815 1835 ἀνθρώπινον,

1929 1762 2167 1828 noluisti,
2195 1765 2501 1820 necessario
2530 1764 2631 1820 sub
2659 1774 2885 1834 peccato
2915 1763 3182 1833 degimus,
3231 1772 3320 1817 tua
3351 1762 3502 1830 sequi

235 1852 293 1903 ὃν
346 1852 635 1905 ἀναλαϐεῖν
682 1853 781 1906 οὐκ
832 1852 1143 1923 ἠθέλησας,
1191 1855 1503 1923 ἀναγκαίως
1566 1855 1671 1907 ὑπὸ
1718 1856 1818 1925 τὴν

238 1942 513 2014 ἁμαρτίαν
542 1943 905 2013 τυγχάνομεν.
938 1946 1048 2006 τοῖς
1084 1947 1196 2006 σοῖς
1229 1945 1591 2015 ἀκολουθῆσαι
1616 1945 1818 2015 ἴχνεσιν

235 2035 337 2088 οὐκ
368 2034 706 2106 ἰσχύσαντες.
743 2036 806 2087 Τί
836 2037 945 2107 γὰρ
972 2036 1096 2099 νοῦς
1125 2036 1463 2109 ἀνθρώπινος
1502 2037 1639 2108 πρὸς
1669 2037 1814 2090 ’Θεοῦ

235 2127 463 2197 δυνάμιν
498 2129 591 2183 καὶ
619 2128 756 2181 Θεοῦ
792 2128 1004 2197 σοφίαν,
1033 2132 1129 2182 καὶ
1164 2130 1298 2198 φῶς,
1330 2130 1425 2183 καὶ
1449 2128 1813 2199 δικαιοσύνην,

235 2218 333 2269 καὶ
367 2219 534 2290 ζωὴν,
568 2220 660 2272 ml
692 2219 789 2282 τὰς
833 2219 999 2282 ἄλλας
1032 2221 1310 2291 ἐνεργείας
1343 2222 1441 2290 τῆς
1480 2222 1580 2289 σῆς
1606 2221 1817 2284 οὐσίας,

234 2308 292 2360 αἳ
324 2310 574 2381 καθάπερ
605 2313 822 2375 ἀκτῖνες
862 2313 957 2365 καὶ
1003 2311 1344 2382 λαμπηδόνες
1368 2313 1434 2363 ἐκ
1470 2312 1569 2380 τῆς
1598 2311 1696 2381 σῆς
1725 2311 1820 2363 ἀν-

238 2404 449 2471 ίσχουσι
496 2405 738 2473 φύσεως;
784 2405 944 2458 Ταῦτ’
996 2405 1061 2458 ἂν
1115 2404 1339 2467 εἰκότως
1396 2406 1600 2458 είποιεν
1647 2407 1696 2457 οἱ
1749 2407 1816 2475 τῇ

1926 1856 2150 1924 vestigia
2214 1871 2320 1910 non
2382 1864 2648 1912 valentes.
2717 1856 2856 1923 Quid
2940 1867 3023 1912 est
3070 1856 3215 1909 enim
3267 1854 3504 1909 humana

1926 1963 2080 2003 mens
2116 1964 2225 2016 pra:
2260 1949 2352 2004 Dei
2401 1950 2639 2014 viribus,
2677 1951 2968 2020 sapientia,
3011 1950 3231 2013 lumine,
3266 1947 3502 2017 iustitia,

1923 2041 2056 2105 vita,
2105 2042 2337 2111 aliisque
2368 2044 2689 2098 substantiae
2720 2053 2823 2097 tua;
2864 2042 3141 2105 eilicaciis,
3186 2056 3305 2109 qua:
3340 2038 3504 2092 veluti

1928 2133 2064 2187 radii
2098 2148 2161 2188 ac
2196 2133 2472 2203 lampades
2515 2151 2582 2189 ex
2627 2145 2822 2189 natura
2859 2144 2949 2189 tua
2993 2134 3337 2189 scaturiunt?
3382 2131 3507 2186 ":l'c

1926 2222 2259 2277 credibiliter
2293 2225 2536 2279 dicerent
2561 2224 2596 2278 ii
2629 2225 2720 2292 qui
2752 2235 2973 2294 peccato
3009 2224 3215 2279 servire
3239 2223 3506 2276 decrevis-

1926 2325 2067 2380 sent,
2092 2315 2136 2370 si
2164 2315 2304 2369 Deus
2319 2311 2557 2369 Verbum
2581 2313 2706 2367 dum
2732 2328 2859 2367 vere
2880 2313 3152 2368 hominem
3183 2323 3503 2374 assumeret,

1929 2407 2031 2459 hac
2062 2407 2273 2461 ratione
2305 2404 2719 2476 impeccantiam
2755 2420 2906 2458 suam
2937 2404 3040 2459 sibi
3072 2404 3432 2459 conciliasset.

237 2494 484 2567 ἁμαρτίᾳ
529 2496 799 2550 δουλεύειν
844 2499 1184 2569 αἱρούμενοι,
1216 2502 1375 2569 εἴπερ
1414 2500 1442 2551 ό
1488 2496 1621 2560 Θεὸς
1649 2496 1820 2565 Λόγος
1862 2495 2076 2568 ἀληθῶς
2127 2497 2195 2551 ἂν
2246 2497 2602 2553 συνανέλαόεν
2635 2490 2942 2568 ἄνθρωπον,
2983 2496 3157 2569 τούτῳ
3196 2494 3273 2566 τῷ
3318 2496 3506 2566 τρόπῳ

244 2590 701 2659 μηχανησάμενος
740 2591 803 2642 τὸ
842 2591 1249 2662 ἀναμάρτητον.

224 2787 337 2838 -ΙΖ¹.
362 2785 743 2855 Κατασκευὴ,
758 2786 845 2840 ὅτι
865 2788 1119 2913 adfare?
1136 2788 1173 2857 ἡ
1192 2786 1297 2842 τοῦ
1314 2786 1425 2841 νοῦ
1445 2785 1820 2855 ἀνθρωπίνου

862 2876 941 2912 αν·
1026 2876 1193 2913 nmo.

862 2876 1193 2927 ἀνάληψις.

325 2991 484 3045 Ἀλλὰ
521 2992 618 3063 τὴν
662 2994 760 3063 μὲν
803 2994 1122 3065 ἀδολεσχίαν
1158 2995 1385 3049 ἐκείνων
1429 2994 1819 3064 καταλίπωμεν

1930 2784 2092 2843 XVII.
2134 2785 2459 2851 Argumenta
2510 2786 2579 2839 ad
2619 2784 3083 2838 demonstrandum
3128 2791 3265 2835 recte
3307 2781 3507 2850 fartam

2161 2856 2327 2925 fuisse
2356 2856 2542 2909 mentis
2575 2856 2821 2909 humana:
2843 2863 3272 2921 assumptionem.

1998 2991 2106 3048 Sed
2151 2990 2265 3062 jam
2315 2991 2542 3046 istorum
2582 3005 2752 3061 nugas
2782 2991 2837 3045 in
2867 2988 3122 3060 praesenti
3167 2989 3505 3042 omittamus.

218 3085 332 3136 »ἐπὶ
374 3083 471 3136 τοῦ
523 3062 822 3154 παρόντος·
865 3062 1032 3157 ἡμεῖς*
1071 3088 1128 3140 δὲ
1174 3087 1266 3140 ἐπὶ
1308 3088 1408 3159 τὴν
1451 3062 1820 3159 προκειμένην

1929 3080 2033 3137 Nos
2074 3096 2206 3137 vero
2236 3080 2304 3134 ad
2338 3080 2669 3151 propositum
2718 3088 3098 3150 argumentum
3145 3087 3504 3141 revertamur,

194 3242 209 3259 .
234 3172 500 3226 ὑπόθεσιν
522 3174 930 3245 ἐπανέλθωμεν,
965 3178 1058 3228 καὶ
1084 3176 1349 3248 δείξωμεν
1373 3179 1473 3248 τήν
1503 3178 1597 3231 τοῦ
1632 3176 1817 3247 Σωτῆ-

237 3281 332 3335 ρος
362 3264 517 3335 ἡμῶν
540 3266 855 3335 οἰκονομίαν
888 3268 1204 3335 ἀναγκαίως
1234 3270 1823 3341 γεγενημένην.Ἐπει-

232 3357 301 3425 δὴ
329 3357 437 3427 γὰρ
466 3355 612 3419 ἄπας
638 3358 666 3409 ὁ
692 3356 977 3428 ἄνθρωπος
1000 3359 1280 3429 ἠπατήθη,
1307 3360 1399 3412 ml
1425 3360 1573 3422 ἅπας
1600 3359 1703 3413 ὑπὸ
1721 3358 1820 3429 τὴν

234 3448 518 3520 ἁμαρτίαν
540 3449 885 3518 ἐγένετο,καὶ
908 3450 1014 3519 πρὸ
1035 3448 1129 3502 τοῦ
1150 3450 1403 3521 σώματος
1422 3453 1590 3524 δὲτὴν
1607 3452 1821 3522 ἀπάτην

232 3545 262 3595 ὁ
285 3541 412 3603 νοῦς
438 3542 733 3607 ὑπεδέξατο
749 3560 760 3571 ·
788 3546 820 3614 ἠ
844 3542 938 3596 τοῦ
961 3542 1053 3596 νοῦ
1076 3543 1184 3615 γὰρ
1205 3546 1471 3616 πρότερον
1489 3543 1823 3613 συγκατάθε-

234 3652 324 3697 σις
342 3634 439 3705 τήν
462 3636 739 3706 ἁμαρτίαν
762 3639 1114 3708 σκιαγραφεῖ,
1137 3632 1237 3691 εἶθ’
1258 3636 1430 3701 οὕτως
1448 3637 1537 3690 διὰ
1557 3638 1657 3707 τῆς
1679 3639 1823 3709 ἐνερ-

233 3726 391 3793 γείας
433 3726 495 3779 τὸ
541 3727 698 3798 σῶμα
739 3727 944 3798 ταύτην
979 3732 1199 3799 μορφοῖ,
1242 3729 1516 3791 εἰκότωςὸ
1540 3730 1822 3800 Δεσπότης

231 3818 475 3889 Χριστὸς
515 3819 615 3889 τὴν
649 3823 999 3874 πεπτωκυῖαν
1040 3820 1201 3888 φύσιν
1228 3820 1530 3890 ἀναστῆσαι
1563 3819 1823 3890 βουλόμε-

230 3927 351 3973 νος,
399 3912 531 3962 πᾶσι
572 3913 731 3981 χεῖρα
771 3911 990 3982 ὀρέγει,
1035 3910 1129 3963 ml
1171 3910 1429 3981 κειμένην
1473 3911 1677 3982 ἐγείρει
1725 3911 1824 3980 τήν

232 4000 442 4068 σάρκα,
467 4017 539 4069 φη
549 4000 629 4070 μὶ,
648 4001 740 4053 ml
760 4002 850 4054 τὸν
874 3999 1018 4065 νοῦν,
1037 4001 1096 4065 ὃς
1117 4002 1359 4070 ἐγεγόνει
1382 4003 1501 4054 κατ’
1524 4001 1707 4054 εἰκόνα
1728 4001 1822 4054 τοῦ

230 4091 571 4154 κτίσαντος*
596 4093 826 4164 ἀόρατός
861 4111 920 4146 τε
961 4095 1069 4165 γάρ
1112 4097 1248 4158 ἐστι,
1274 4095 1365 4148 ml
1388 4096 1636 4157 ἀθέατος,
1661 4095 1824 4165 ἀνέφ-

231 4183 391 4246 me;
426 4200 485 4235 τε
519 4182 612 4235 ml
647 4185 1052 4256 άκατάληπτος,
1075 4186 1181 4239 οὐδ’
1206 4187 1400 4239 ἐαυτὸν
1442 4186 1819 4256 ἐπιστάμενος,

230 4277 381 4349 πρὸς
421 4275 477 4328 δέ
520 4276 732 4339 τούτοις
770 4278 863 4330 καὶ
886 4279 1293 4351 ἀπερίγραφος·
1318 4281 1475 4350 εἴπερ
1496 4282 1575 4343 εἰς
1595 4281 1693 4351 τὴν
1715 4280 1824 4333 τῶν

227 4367 516 4437 λογισμῶν
554 4367 963 4438 ἀποϐλέψαιμεν
1002 4371 1321 4438 φαντασίαν,
1348 4372 1616 4441 ἡγεμονίᾳ
1642 4388 1701 4424 τε
1728 4371 1822 4423 ml

227 4460 462 4531 ἐξουσίᾳ
495 4460 878 4531 τετιμημένος,
904 4462 1118 4531 τέχναις
1164 4464 1258 4515 ml
1300 4466 1633 4535 ἐπιστήμαις
1669 4481 1826 4516 κεκο-

228 4554 548 4623 σμημένος,
577 4551 784 4625 βραχύς
822 4570 907 4615 τις
946 4555 1039 4606 καὶ
1064 4554 1182 4617 νέος
1202 4554 1550 4625 δημιουργὸς,
1571 4557 1627 4627 ἢ,
1667 4556 1727 4608 τό
1760 4572 1825 4623 γε

225 4644 603 4715 ἀληθέστερον
644 4647 839 4710 εἰπεῖν,
881 4644 972 4699 τοῦ
997 4646 1339 4718 Δημιουργοῦ
1383 4648 1643 4718 μιμητὴς,
1672 4647 1826 4717 βασι-

224 4738 367 4799 λεὺς
387 4738 485 4807 τῆς
504 4738 787 4809 όρωμένης
809 4737 1111 4809 κτίσεως,ἥ
1139 4737 1402 4807 βασιλέως
1425 4738 1607 4801 εἰκὼν,
1627 4739 1827 4811 φόρους

228 4827 517 4895 συλλέγων
540 4830 602 4881 ἐκ
624 4829 746 4901 γῆς,
774 4831 839 4882 ἐκ
861 4828 1152 4900 θαλάττης,
1177 4829 1237 4894 ἐξ
1260 4830 1441 4901 ἀέρος,
1463 4828 1523 4894 ἐξ
1543 4830 1692 4899 ἡλίου
1730 4833 1826 4885 καὶ

223 4920 474 4990 σελήνης
501 4922 595 4974 καί
615 4922 879 4993 ἀστέρων,
905 4921 964 4987 ἐξ
994 4921 1225 4993 ούρανοῦ
1257 4924 1350 4975 καὶ
1378 4919 1575 4990 νεφῶν,
1600 4924 1665 4975 ἐκ
1686 4939 1823 4995 προ-

223 5016 425 5069 ϐάτων
466 5015 561 5066 ml
600 5013 737 5083 βοῶν
781 5015 876 5067 καὶ
916 5014 1025 5067 τῶν
1064 5012 1238 5067 ἄλλων
1277 5013 1509 5082 κτηνῶν,
1537 5012 1735 5085 μᾶλλον
1767 5014 1823 5067 δὲ

223 5108 454 5167 πάντας
494 5105 674 5157 αὐτῶν
711 5104 838 5167 τοὺς
879 5105 1123 5175 καρποὺς
1158 5105 1517 5175 δρεπόμενος·
1560 5106 1630 5159 δι’
1662 5107 1823 5159 αὐτὸν

219 5201 348 5269 γὰρ
377 5196 588 5265 ἐγένετο
609 5195 675 5249 τά
696 5196 968 5267 ὁρώμενα·
986 5197 1115 5260 Θεὸς
1138 5196 1245 5267 γὰρ
1271 5196 1475 5250 τούτων
1492 5198 1818 5270 ἀπροσδεής.

303 5308 523 5363 Οὔκουν
565 5310 801 5378 ἠτίμασε
841 5310 930 5361 τὸν
972 5309 1113 5363 οὕτω
1151 5311 1359 5381 τίμιον,
1397 5311 1488 5363 τὸν
1529 5311 1823 5382 θεραπείας

213 5403 513 5471 δεόμενον·
540 5401 659 5453 οὐδὲ
682 5400 742 5452 τὸ
765 5401 1139 5472 φθειρόμενον,
1156 5401 1401 5471 καὶνόσῳ
1425 5401 1517 5453 ml
1540 5404 1688 5473 γήρᾳ
1707 5403 1822 5455 δουο

215 5494 400 5549 λέῦον
420 5494 513 5546 ml
528 5492 742 5562 θανάτῳ
760 5492 1012 5555 ἀνέλαϐε,
1035 5493 1096 5545 τὸ
1117 5493 1172 5545 δέ
1196 5492 1410 5561 λογικὸν
1434 5494 1529 5546 ml
1554 5493 1820 5548 ἀθάνατον

212 5587 325 5643 καὶ
343 5586 465 5637 κατ’
482 5585 664 5637 εἰκόνα
673 5585 1035 5653 γεγενημένον
1050 5586 1149 5636 ὑπε
1160 5585 1419 5654 ρεῖδε,καί
1432 5585 1602 5639 ταῦτα
1613 5587 1818 5653 κακῶς,

208 5681 299 5744 ὦς
318 5677 851 5744 φασιβιακείμενον·
869 5676 1003 5730 ἀλλᾶ
1022 5680 1197 5730 πᾶσαν
1210 5678 1304 5747 τήν
1318 5678 1477 5745 φύσιν
1491 5678 1817 5732 παλαιωθεῖ-

1924 3183 2085 3243 atque
2123 3174 2555 3228 demonstremus
2593 3171 2961 3228 necessariam
2994 3169 3167 3225 fuisse
3195 3168 3508 3224 Servatoris

1922 3264 2094 3322 nostri
2134 3262 2587 3319 incarnationem.
2627 3263 2766 3331 Quia
2795 3263 2941 3319 enim
2972 3270 3116 3318 totus
3144 3262 3307 3317 homo
3348 3259 3509 3315 dece—

1924 3369 2049 3428 ptus
2087 3356 2288 3423 fuerat,
2321 3365 2575 3425 totusque
2604 3357 2704 3411 sub
2753 3363 3040 3426 peccatum
3096 3353 3394 3418 deciderat,
3449 3361 3509 3410 et

1924 3460 2053 3507 ante
2089 3450 2265 3519 ipsum
2292 3462 2492 3516 corpus
2529 3462 2683 3503 mens
2710 3461 2953 3504 errorem
2983 3446 3316 3513 admiserat;
3352 3461 3507 3500 nam-

1925 3556 2030 3614 que
2050 3550 2208 3597 antea
2230 3540 2428 3596 mentis
2449 3553 2747 3595 consensus
2767 3547 3049 3609 peccatum
3080 3538 3335 3601 deliueat,
3354 3537 3507 3591 dein-

1928 3638 1993 3691 de
2041 3635 2092 3689 id
2136 3648 2334 3703 corpus
2380 3648 2479 3704 per
2517 3647 2671 3688 suam
2727 3632 2995 3688 actionem
3042 3630 3255 3703 ﬁgurat,
3313 3630 3508 3685 merito

1926 3729 2176 3784 Christus
2210 3727 2466 3782 Dominus
2508 3726 2712 3796 lapsam
2758 3736 3004 3781 naturam
3046 3727 3258 3796 erigere
3296 3725 3505 3787 volens,

1929 3822 2145 3891 utrique
2175 3819 2337 3875 simul
2370 3834 2593 3873 manum
2640 3819 2891 3889 porrigit,
2923 3828 2978 3873 et
3015 3818 3283 3888 iacentem
3326 3818 3506 3887 erigit,

1928 3928 2176 3977 carnem,
2199 3913 2439 3982 inquam,
2466 3926 2531 3965 ac
2557 3921 2814 3975 mentem,
2843 3925 2965 3980 quae
2991 3909 3057 3964 ad
3078 3908 3354 3965 Creatoris
3374 3911 3510 3964 ima-

1928 4007 2106 4075 ginem
2139 4005 2281 4059 facta
2318 4003 2439 4058 fuit.
2469 4002 2566 4058 Est
2594 4004 2739 4058 enim
2776 4018 2930 4059 mens
2969 4003 3276 4068 invisibilis,
3323 4004 3510 4059 incon-

1929 4098 2279 4169 templabilis,
2312 4098 2574 4169 impervia
2618 4106 2674 4152 et
2716 4096 3299 4167 incomprehensibilis,
3332 4112 3509 4167 neque

1928 4210 1988 4248 se
2033 4193 2203 4264 ipsam
2249 4206 2602 4262 cognoscens,
2644 4201 2700 4247 et
2746 4191 2967 4260 insuper
2993 4188 3505 4259 incircumscripta:

1929 4297 1982 4342 et
2028 4288 2073 4341 si
2118 4285 2507 4356 cogitationum
2541 4283 2886 4354 phantasiam
2932 4288 3261 4351 spectamus,
3309 4280 3507 4334 ducatu

1929 4388 1981 4430 et
2016 4385 2282 4447 potestate
2340 4375 2585 4446 praedita,
2642 4373 2848 4427 artibus
2895 4380 2952 4426 et
3003 4370 3247 4426 scientiis
3293 4381 3505 4433 ornata,

1932 4485 2097 4540 parva
2120 4470 2362 4539 quaedam
2383 4483 2445 4522 ac
2459 4481 2596 4522 nova
2618 4464 2996 4531 creatrix,vel,
3021 4472 3079 4518 ut
3096 4465 3278 4520 verius
3303 4462 3503 4529 dicam,

1929 4562 2205 4616 Creatoris
2247 4560 2527 4623 imitatrix,
2579 4560 2765 4629 regina
2809 4567 3072 4614 creatura:
3119 4558 3366 4624 visibilis,
3422 4558 3507 4611 vel

1931 4654 2073 4724 regis
2120 4654 2319 4724 imago,
2371 4653 2570 4707 tributa
2619 4652 2686 4706 de
2737 4660 2879 4705 terra
2926 4650 3207 4719 colligens,
3247 4664 3311 4705 ex
3346 4649 3505 4713 mari,

1929 4754 2091 4812 atque
2124 4760 2271 4809 aere,
2320 4759 2385 4799 ex
2417 4744 2530 4798 sole
2578 4758 2641 4798 ac
2683 4743 2808 4796 luna
2840 4752 2894 4797 et
2944 4742 3135 4806 stellis,
3168 4758 3232 4796 ex
3261 4741 3403 4797 cmlo
3451 4750 3507 4796 et

1929 4836 2182 4901 nubibus,
2217 4851 2279 4890 ex
2324 4836 2536 4899 ovibus,
2580 4835 2773 4900 bobus,
2805 4834 3033 4903 aliisque
3058 4833 3299 4905 825m.
3344 4847 3507 4903 pecu-

1928 4927 2117 4993 dibus;
2149 4929 2258 4981 imo
2283 4942 2408 4982 vero
2433 4926 2671 4982 omnium
2698 4926 2903 4980 fructus
2925 4941 3153 4996 carpens
3179 4943 3192 4980 :
3223 4927 3339 4994 ejus
3361 4925 3505 4981 enim

1928 5021 2101 5089 gratia
2141 5020 2371 5075 visibilia
2405 5029 2600 5075 cuncta
2631 5028 2759 5075 sunt
2786 5017 2927 5073 facta
2950 5035 2964 5072 :
2991 5033 3117 5072 nam
3147 5017 3289 5073 Deus
3312 5017 3506 5072 horum

1928 5126 2033 5166 non
2063 5122 2145 5167 est
2182 5111 2412 5179 indigus.
3529 5114 3542 5171 ὁ

1995 5306 2111 5363 Non
2137 5323 2266 5380 ergo
2286 5310 2732 5380 contempsittam
2749 5311 3039 5381 pretiosam
3065 5322 3271 5382 partem
3296 5312 3504 5367 medela

1926 5411 2177 5470 egentem
2203 5419 2218 5468 ;
2250 5405 2544 5467 morboque
2572 5412 2627 5455 et
2656 5415 2872 5457 senecta
2901 5413 3210 5473 corruptam
3237 5403 3507 5473 mortique

1926 5490 2288 5560 mancipatam
2335 5493 2727 5549 humanitatem
2780 5511 2886 5548 non
2942 5494 3014 5548 ita
3076 5496 3393 5564 assumpsit,
3447 5506 3506 5549 ut

1924 5591 2133 5650 partem
2170 5582 2342 5654 ipsius
2380 5585 2696 5640 rationalem
2738 5594 2793 5639 et
2838 5585 3199 5642 immortalem
3235 5596 3394 5656 atque
3434 5588 3504 5640 ad

1924 5676 2214 5749 imaginem
2249 5694 2402 5737 suam
2437 5680 2633 5738 factam
2659 5681 3001 5753 despexerit;
3039 5681 3337 5749 praesertim
3378 5679 3505 5749 quia
