3856 6212
391 270 413 315 ἐι
428 259 527 317 447

1417 248 1474 302 S.
1509 244 1787 301 CYRILLI
1819 238 2287 298 ALEXANDRINI
2329 236 2650 293 ARCHIEP.

3525 232 3673 288 ιιιει

392 381 553 443 male,
588 384 646 432 ut
673 376 845 439 aiunt,
877 387 936 427 se
957 370 1191 425 habebat
1220 386 1233 420 ε
1268 368 1363 421 sed
1388 368 1694 420 universam
1728 376 1973 417 naturam

2102 378 2180 413 παν
2202 358 2534 429 ἐνεοποίησε.
2550 356 2659 410 Καὶ
2678 356 2740 408 τὸ
2762 354 2860 425 μὲν
2876 354 3048 425 αὐτῆς
3063 352 3248 407 καινὸν
3265 352 3673 425 ἀπειργάσατο,

391 472 727 540 antiquatam
763 470 1063 521 renovavit.
1108 465 1261 517 Anne
1290 462 1433 515 enim
1478 470 1684 529 partem
1721 457 1838 526 ejus
1880 472 1976 509 no-

391 580 512 616 vam
562 561 802 624 fecisset,
854 559 1001 612 illam
1055 572 1205 621 vero,
1253 569 1373 625 quae
1424 557 1722 606 inveterata
1753 559 1870 604 erat
1924 558 1977 602 et

394 662 667 723 corrupta,
700 651 818 705 sine
851 649 1093 703 remedio
1127 662 1246 702 esse
1284 642 1547 700 sivisset?
1586 656 1707 695 cum
1747 654 1976 709 praeser-

398 748 492 798 tim
532 760 657 814 pars
691 744 805 796 hazc
841 738 1233 810 pretiosissima
1279 747 1444 802 esset,
1474 744 1529 788 et
1570 729 1978 786 immortalitate

395 837 623 906 pollens,
656 844 711 888 et
738 832 963 887 rationis
994 846 1089 883 usu
1125 836 1410 889 exornata,
1447 835 1501 879 et
1530 824 1596 877 ad
1641 820 1977 875 intellectua-

376 931 527 982 lium
589 927 834 982 ordinem
897 924 1194 992 pertinens.
1242 917 1709 974 Absurdissimum
1780 912 1979 982 quippe

397 1022 611 1083 fuisset,
640 1033 838 1087 corpus
867 1017 1071 1070 luteum
1102 1024 1156 1068 et
1187 1012 1521 1082 pulvereum,
1550 1019 1604 1063 et
1633 1005 1979 1077 passionihus

399 1111 719 1183 implicitum
764 1108 867 1163 sibi
923 1120 1200 1161 assumere
1252 1114 1414 1170 atque
1464 1098 1778 1169 adiungere,
1826 1105 1880 1152 et
1924 1096 1977 1150 in

399 1206 621 1259 dextera
649 1200 950 1272 majestatis
972 1198 1236 1253 collocare
1274 1212 1287 1249 :
1321 1204 1553 1249 mentem
1585 1188 1979 1247 veroinvisibi-

400 1295 525 1359 lem,
562 1292 947 1359 immortalem,
977 1288 1271 1343 animantis
1316 1287 1621 1347 rectricem,
1660 1283 1724 1336 ad
1761 1281 1855 1337 Dei
1896 1279 1980 1334 fa-

400 1396 543 1441 ctam
606 1384 918 1455 imaginem,
958 1379 1472 1450 incorruptibilitate
1514 1377 1817 1447 praeditam,
1860 1388 1981 1429 cor-

400 1478 551 1547 poris
576 1476 738 1531 veluti
786 1477 1053 1543 aurigam,
1089 1472 1551 1540 gubernatricem,
1584 1478 1639 1523 et
1664 1468 1819 1539 quasi
1851 1482 1982 1522 con-

403 1578 563 1624 centu
595 1572 1007 1637 temperantem,
1043 1580 1141 1634 per
1174 1580 1334 1635 quam
1369 1565 1600 1617 hmnana
1644 1569 1836 1615 natura
1871 1575 1978 1615 non

402 1667 488 1713 est
526 1658 705 1723 bruta,
741 1656 833 1710 sed
866 1654 1158 1724 sapientia,
1211 1654 1418 1707 artibus
1458 1662 1513 1706 et
1557 1650 1745 1720 quavis
1790 1650 1978 1719 peritia

2076 452 2136 506 τὸ
2177 451 2233 504 δὲ
2276 448 2727 519 πεπαλαιωμένον
2772 446 2865 500 καὶ
2904 445 3300 517 διεφθαρμένον
3321 447 3544 500 ἀνίατον
3594 448 3676 497 εῖ-

2078 560 2210 611 ασε;
2253 540 2350 595 καὶ
2384 540 2558 595 ταῦτα
2595 538 2926 609 τιμιώτατον
2969 538 3237 609 ὑπάρχον,
3261 538 3357 591 καὶ
3392 536 3675 606 ἀθανασία

2076 632 2460 705 τετιμημένον,
2486 632 2582 685 καὶ
2618 630 2762 700 λόγῳ
2803 628 3242 700 κεκοσμημένον,
3283 630 3379 682 καὶ
3415 628 3517 696 τῆς
3560 628 3677 681 τῶν

2076 725 2285 797 νοητῶν
2311 725 2503 796 μοίρας
2525 724 2794 793 τυγχάνον
2812 740 2828 754 ·
2850 723 2961 776 τῶν
2981 722 3346 777 ἀτοπωτάτων
3362 721 3471 792 γάρ
3494 720 3552 774 τι)
3575 722 3680 790 μὲν

2080 820 2240 890 σῶμα
2274 819 2335 871 τὸ
2359 818 2600 890 πήλινον,
2625 817 2719 873 καὶ
2739 815 2942 888 χοῖκὸν,
2966 816 3059 869 καὶ
3082 816 3279 870 πάθεσι
3302 813 3681 883 συνεζευγμέι

2078 928 2189 974 νον,
2214 910 2309 964 καὶ
2346 909 2776 983 προσληφθῆναι,
2804 911 2902 962 καὶ
2941 907 3341 977 ἀναληφθῆναι,
3367 907 3460 959 καὶ
3491 906 3561 959 ἐκ
3592 905 3684 957 δε-

2079 1000 2209 1068 ξιῶν
2265 1001 2367 1071 τῆς
2418 999 2806 1072 μεγαλωσύνης
2849 997 3271 1068 καθιδρυνθῆναι
3292 1013 3305 1026 ·
3340 997 3429 1050 τὸν
3460 994 3518 1049 δὲ
3549 996 3684 1049 νοῦν

2077 1094 2168 1147 τὸν
2192 1094 2445 1165 ἀόρατον,
2467 1092 2559 1146 τόν
2580 1091 2866 1157 ἀθάνατον,
2890 1092 2982 1145 τὸν
3008 1090 3252 1161 ἡγεμόνα
3276 1089 3369 1142 τοῦ
3392 1088 3561 1153 ζώου,
3587 1087 3685 1141 τδν

2081 1188 2203 1240 κατ’
2223 1187 2411 1240 εἰκόνα
2471 1186 2625 1239 θείαν
2655 1184 3040 1254 γεγενημένον,
3069 1183 3160 1237 τὸν
3207 1180 3487 1252 ἀφθαρσίᾳ
3525 1198 3684 1234 τετι-

2083 1276 2347 1348 μημένον,
2383 1278 2474 1331 τὸν
2521 1275 2618 1331 τοῦ
2655 1275 2908 1347 σώματος
2940 1276 3154 1346 ἡνίοχον
3203 1274 3297 1327 καὶ
3326 1272 3685 1344 κυϐερνήτην

2080 1370 2175 1424 καὶ
2208 1370 2486 1441 μουσικὸν,
2519 1370 2585 1423 δι’
2611 1370 2670 1423 ὃν
2710 1370 2811 1422 οὐκ
2842 1368 3036 1437 ἄλογος
3062 1369 3095 1438 ὴ
3125 1366 3439 1437 ἀνθρωπεία
3486 1367 3685 1434 φύσις,

2080 1462 2217 1515 ἀλλά
2252 1460 2444 1530 σοφίας
2472 1462 2566 1515 καὶ
2587 1461 2781 1532 τέχνης
2801 1459 2898 1514 καὶ
2918 1462 3228 1532 ἐπιστήμης
3258 1459 3560 1519 ἀνάπλεως·
3576 1460 3599 1526 (
3616 1460 3628 1507 l
3644 1458 3687 1524 ἰ.

2079 1554 2269 1608 τοῦτον
2306 1545 2648 1624 ἀπερῤίφθαί
2682 1553 2851 1616 κάτω,
2884 1552 2977 1604 καὶ
3021 1552 3120 1621 τῆς
3168 1552 3260 1605 τοῦ
3309 1551 3573 1622 σώματος
3612 1551 3689 1620 μὴ

2086 1645 2517 1719 μεταλαγχάνειν
2562 1644 2760 1714 τιμῆς·
2812 1645 2879 1697 δι’
2910 1644 2970 1697 ὃν
3017 1644 3079 1697 τὸ
3128 1644 3285 1714 σῶμα
3318 1644 3419 1714 τῆς
3452 1643 3691 1710 λογικῆς

403 1751 673 1804 abundat:
712 1748 872 1809 hanc,
896 1746 1141 1815 inquam,
1165 1754 1398 1799 mentem
1434 1744 1501 1798 ad
1522 1742 1837 1798 inferiorem
1864 1756 1986 1812 gra-

2102 1741 2310 1809 ὲγένετο
2336 1739 2598 1802 κτίσεως’
2634 1736 2702 1790 δι’
2732 1736 2791 1789 ὃν
2820 1734 3156 1807 νομοθεσίαι,
3194 1736 3289 1787 καὶ
3321 1736 3688 1806 προφητεῖαι·

404 1841 528 1895 dum
562 1839 816 1908 deprimi,
850 1852 949 1892 nec
971 1851 1157 1905 parem
1187 1836 1380 1891 saltem
1406 1851 1528 1888 eum
1561 1849 1791 1904 corpore
1816 1833 1989 1887 hono-

402 1945 517 1983 rem
551 1928 911 1998 participare;
950 1942 1072 1980 cum
1103 1937 1281 1980 tamen
1319 1925 1437 1994 ejus
1472 1940 1637 1979 causa
1672 1939 1870 1993 corpus
1896 1938 1989 1977 ra-

405 2021 623 2075 tionalis
646 2030 893 2074 creatura
925 2019 1198 2084 evaserit;
1234 2033 1355 2071 cum
1388 2016 1629 2087 ejusdem
1661 2031 1825 2071 causa
1855 2016 1992 2069 datae

402 2112 610 2168 fuerint
652 2111 800 2179 leges
841 2124 904 2164 ac
939 2109 1277 2178 prophetia;
1312 2124 1408 2178 per
1443 2124 1606 2177 quam
1643 2109 1777 2161 iiunt
1811 2116 1991 2161 certa-

404 2206 571 2271 mina,
624 2203 802 2270 luctze,
860 2202 1125 2265 victoriae,
1177 2200 1536 2267 laudationes,
1588 2214 1837 2264 coronze;
1895 2213 1993 2268 per

407 2314 567 2369 quam
628 2312 827 2366 corpus
856 2312 977 2351 cum
1003 2311 1065 2349 ea
1096 2296 1405 2360 decertans,
1430 2295 1709 2365 praemium
1746 2294 1990 2348 laborum

406 2391 757 2459 consequitur
788 2390 1048 2443 caelorum
1087 2402 1351 2454 regnum;
1401 2389 1469 2440 ob
1512 2401 1671 2455 quant
1712 2387 1825 2455 ipse
1856 2400 1991 2454 quo—

404 2497 510 2551 que
543 2482 849 2535 Servatoris
890 2480 1060 2533 nostri
1114 2480 1377 2533 adventus
1412 2479 1665 2548 contigit,
1714 2488 1768 2532 et
1816 2480 1994 2532 incar-

405 2573 644 2627 nationis
670 2581 947 2642 peractmn
978 2572 1290 2643 mysterium
1316 2578 1419 2624 est.
1452 2568 1567 2624 Non
1599 2570 1741 2622 enim
1778 2578 1997 2637 propter

2086 1832 2152 1886 δι’
2182 1832 2241 1886 ὃν
2278 1831 2512 1900 ἀγῶνες,
2545 1829 2641 1882 καὶ
2669 1828 2859 1893 πάλαι,
2893 1828 2987 1882 καὶ
3011 1826 3178 1888 νίκαι,
3200 1827 3294 1879 καί
3317 1826 3690 1896 ἀναρρήσεις,

2088 1924 2183 1978 καὶ
2211 1924 2469 1992 στέφανοι
2485 1939 2499 1953 ο
2526 1922 2593 1975 δι’
2618 1920 2677 1973 ὃν
2699 1920 2795 1974 καὶ
2817 1919 2878 1973 τὸ
2902 1920 3063 1989 σῶμα
3086 1918 3149 1972 τὸ
3172 1917 3494 1981 συναθλοῦν,
3521 1912 3693 1970 ἆθλον

2087 2016 2197 2070 τῶν
2248 2017 2424 2069 πόνων
2473 2015 2586 2085 ἔχει
2638 2014 2737 2086 τὴν
2770 2013 2878 2067 τῶν
2907 2010 3151 2084 οὐρανῶν
3180 2010 3459 2082 βασιλείαν
3481 2023 3495 2036 ·
3532 2010 3607 2062 δι’
3636 2009 3695 2060 ὃν

2091 2109 2185 2163 καὶ
2214 2110 2353 2180 αὐτὴ
2387 2107 2480 2162 τοῦ
2514 2107 2765 2178 Σωτῆρος
2795 2104 2953 2177 ἡμῶν
2988 2107 3022 2176 ἡ
3053 2103 3325 2175 παρουσία
3344 2103 3694 2171 γεγένηται,

2088 2200 2185 2256 καὶ
2220 2200 2282 2252 τὸ
2316 2200 2412 2271 τῆς
2440 2199 2753 2268 οἰκονομίας
2789 2196 3218 2269 έπραγματεύθη
3250 2196 3564 2265 μυστήριον
3588 2210 3601 2222 ·
3633 2194 3694 2245 οὗ

2089 2292 2196 2364 γάρ
2229 2291 2371 2362 ὑπὲρ
2408 2289 2631 2361 ἀψύχων
2662 2289 2694 2359 ἢ
2721 2290 2966 2361 ἀνοήτων
2995 2289 3063 2343 τὰ
3089 2289 3333 2359 σωτήρια
3353 2285 3700 2352 κατεδέξατο

2092 2383 2277 2453 πάθη,
2337 2382 2447 2435 οὐδ’
2488 2382 2629 2453 ὑπὲρ
2676 2382 2887 2450 ἀλόγων
2939 2381 3149 2452 κτηνῶν
3202 2380 3234 2451 ἤ
3288 2379 3458 2433 λίθων
3507 2378 3701 2449 ψυχῆς

2091 2474 2496 2546 ὲστερημένων,
2537 2474 2652 2528 ἀλλ’
2689 2474 2830 2545 ὑπὲρ
2865 2473 3167 2546 ἀνθρώπων
3195 2472 3377 2546 ψυχὴν
3416 2474 3702 2528 ἀθάνατον

2093 2566 2299 2620 ἑνοικον
2340 2584 2510 2639 κεκτη
2520 2567 2720 2637 μένων.

404 2682 496 2722 res
537 2667 801 2723 inanimes
850 2677 904 2721 et
951 2676 1130 2722 mente
1177 2675 1425 2721 carentes
1470 2667 1763 2720 salutarem
1795 2665 2014 2721 admisit
2089 2666 2421 2736 passionem,
2472 2680 2647 2735 neque
2693 2665 2936 2737 826m.
2970 2675 3193 2736 propter
3226 2665 3576 2720 irrationalia
3605 2666 3703 2733 ju-

406 2767 587 2814 menta
625 2768 717 2813 aut
742 2760 948 2829 lapides
980 2758 1160 2812 anima
1188 2759 1501 2823 destitutos,
1529 2760 1621 2811 sed
1653 2767 1874 2827 propter
1900 2757 2147 2813 homines
2175 2757 2271 2827 qui
2320 2756 2683 2810 immortalem
2715 2758 2956 2810 animam
2988 2755 3131 2810 nacti
3162 2765 3289 2810 sunt
3320 2756 3588 2811 incolam.

406 2872 592 2929 XVIII.
625 2872 1009 2928 Harelicorum
1042 2877 1313 2929 contraria
1336 2884 1651 2944 argumenta
1685 2875 1981 2932 solvuntur.

462 2988 568 3045 Sed
582 2991 675 3060 qui
694 3004 864 3059 nugas
899 2990 1070 3059 magis
1103 3005 1264 3058 quam
1282 2988 1565 3043 veritatem
1586 2987 1821 3043 aestimat
1839 2988 1994 3057 Apol-

408 3082 622 3146 linaris,
658 3083 933 3150 reetisque
962 3098 1027 3137 ac
1052 3082 1157 3152 piis
1180 3082 1523 3152 dogmatibus
1540 3095 1694 3134 suam
1716 3080 1997 3150 anteponit

411 3172 1035 3243 garrulitatem,carnem
1060 3171 1276 3241 quidem
1298 3188 1325 3225 a
1344 3172 1452 3225 Deo
1467 3170 1645 3225 Verbo
1660 3180 1993 3238 assumptam

410 3264 509 3328 ait,
545 3270 706 3331 atque
737 3262 837 3315 hac
859 3276 960 3316 ceu
986 3261 1108 3315 velo
1132 3262 1366 3330 quodam
1398 3275 1519 3315 esse
1551 3275 1708 3314 usum
1740 3276 1755 3324 ;
1814 3269 1996 3314 mente

409 3362 590 3409 autem
620 3369 725 3408 non
762 3353 1054 3423 indiguisse
1076 3392 1091 3417 ,
1127 3354 1221 3407 sed
1252 3354 1425 3422 ipsum
1458 3354 1578 3406 vice
1624 3352 1825 3407 mentis
1865 3366 1994 3407 cor-

410 3443 529 3510 pori
557 3442 856 3497 exstitisse.
886 3442 1075 3508 Sed,o
1124 3442 1304 3507 sodes,
1337 3441 1483 3495 dicet
1534 3441 1583 3496 ei
1635 3441 1873 3508 aliquis,
1928 3455 1996 3495 ne

410 3548 637 3603 corpore
670 3534 887 3603 quidem
917 3535 1058 3589 Deus
1097 3533 1331 3588 Verbum
1364 3535 1555 3605 egebat
1584 3551 1598 3599 ;
1656 3534 1789 3587 nihil
1842 3534 1989 3587 enim

412 3641 634 3696 prorsus
667 3626 894 3696 requirit
926 3644 941 3680 :
981 3635 1193 3697 poterat
1226 3636 1409 3680 autem
1463 3629 1582 3681 solo
1610 3627 1865 3681 mandato
1896 3642 1996 3682 no-

412 3726 580 3770 stram
612 3716 827 3786 Operari
853 3716 1103 3770 salutem.
1129 3716 1232 3770 Sed
1260 3726 1439 3770 tamen
1465 3717 1631 3771 voluit
1656 3733 1751 3771 nos
1777 3733 1994 3789 quoque

411 3808 848 3861 communionem
868 3808 1105 3875 aliquam
1127 3818 1274 3863 recte
1302 3808 1568 3861 factorum
1594 3809 1795 3865 habere
1816 3826 1829 3862 :
1850 3812 1993 3880 quod

413 3907 472 3951 ιιι
499 3896 752 3964 elﬁceret,
782 3902 1139 3968 peccatricem
1165 3913 1499 3968 assumptum
1523 3909 1770 3954 naturam
1792 3940 1807 3965 ,
1841 3917 1996 3955 eam-

412 4004 519 4059 que
546 3992 954 4045 suislaboribus
973 3991 1350 4061 justiiicatam,
1383 3993 1596 4046 acerbis
1617 3995 1889 4061 expedivit
1910 4004 1993 4065 ty-

416 4081 599 4134 rannis
622 4091 842 4148 peccato
890 4092 945 4136 et
986 4084 1201 4137 diabolo
1236 4101 1300 4138 ac
1330 4095 1534 4148 morte,
1571 4094 1624 4137 et
1675 4087 1987 4141 caelestibus

412 4173 633 4228 sedibus
679 4176 951 4229 donavit:
992 4187 1047 4229 et
1076 4190 1171 4243 per
1216 4191 1333 4229 eam
1383 4192 1544 4246 quant
1597 4176 1715 4244 ipse
1763 4180 1994 4248 sumpsit

2228 2874 2336 2929 IH'.
2366 2874 2558 2939 Λύσις
2587 2870 2705 2927 τῶν
2736 2873 3049 2941 αίρετικῶν
3079 2874 3553 2943 προϐλημάτων.

2180 2985 2319 3039 Ἀλλ’
2351 2988 2381 3039 ό
2411 2984 2503 3039 τὸν
2527 2983 2686 3039 ὕθλον
2720 2986 3065 3058 προτιμήσας
3104 2985 3208 3056 τῆς
3233 2984 3502 3055 ἀληθείας
3530 2987 3705 3040 Ἀπο-

2095 3080 2358 3152 λινάριος,
2406 3079 2503 3133 καὶ
2550 3078 2660 3133 τῶν
2706 3078 2948 3132 εὐσεϐῶν
3004 3077 3291 3149 δογμάτων
3335 3077 3438 3150 τὴν
3481 3080 3705 3133 οἰκείαν

2097 3171 2372 3242 προτάξας
2396 3170 2738 3241 ἀδολεσχίαν,
2768 3169 2866 3241 τὴν
2893 3170 2992 3241 μὲν
3022 3170 3200 3240 σάρκα
3234 3169 3323 3222 τὸν
3350 3169 3494 3223 Θεὸν
3522 3172 3707 3240 Λόγον

2095 3262 2450 3334 ἀνειληφέναι
2483 3264 2639 3333 φησὶ,
2671 3264 2769 3317 καὶ
2802 3262 2979 3335 ταύτῃ
3010 3262 3262 3333 καθάπερ
3296 3264 3406 3315 τινὶ
3432 3281 3705 3334 παραπε-

2095 3352 2335 3421 τάσματι
2366 3352 2677 3421 χρήσασθαι
2703 3369 2718 3384 ο
2747 3353 2841 3406 τοῦ
2888 3353 2946 3406 δὲ
2974 3352 3077 3407 νοῦ
3104 3354 3177 3423 μὴ
3210 3352 3499 3421 δεηθῆναι,
3534 3356 3706 3407 αὒτὲιν

2094 3444 2151 3497 δὲ
2180 3444 2301 3497 ἀντὶ
2330 3443 2423 3497 νοῦ
2467 3444 2720 3513 γενέσθαι
2753 3445 2832 3515 τῷ
2862 3444 3094 3515 σώματι.
3136 3445 3297 3511 Ἀλλ’,
3333 3439 3381 3497 ὧ
3414 3445 3703 3515 βέλτιστε,

2096 3539 2243 3592 εἴποι
2272 3556 2358 3603 τις
2392 3539 2458 3592 ἂν
2507 3538 2645 3609 πρὸς
2678 3538 2863 3601 αὑτὸν,
2903 3538 3022 3591 οὐδὲ
3062 3536 3158 3590 τοῦ
3209 3538 3462 3608 σώματος
3500 3543 3532 3593 ὁ
3566 3542 3707 3605 Θεὸς

2095 3632 2265 3700 Λόγος
2293 3630 2541 3703 ἔχρῃζεν,
2568 3631 2878 3702 ἀπροσδεὴς
2903 3632 3011 3703 γάρ
3032 3646 3046 3660 ’
3073 3630 3304 3700 ἠδύνατο
3326 3632 3386 3684 δὲ
3410 3635 3515 3686 καὶ
3552 3636 3705 3705 μόνῳ

2098 3724 2485 3794 προστάγματι
2531 3722 2631 3793 τὴν
2677 3722 2956 3794 ἡμετέραν
3006 3724 3558 3794 πραγματεύσασθαι
3593 3745 3702 3780 σω-

2094 3816 2316 3887 τηρίαν·
2354 3814 2467 3869 ἀλλ’
2508 3814 2777 3884 ἠθέλησεν
2820 3813 2963 3883 ἔχειν
3007 3814 3128 3866 τινὰ
3178 3816 3274 3868 καὶ
3315 3816 3472 3885 ἡμᾶς
3522 3821 3603 3880 εἰς
3645 3820 3701 3868 τὸ

2096 3908 2536 3979 κατορθούμενον
2565 3909 2874 3973 κοινωνίαν,
2898 3900 2959 3959 οὗ
2987 3907 3145 3978 χάριν
3175 3906 3358 3959 λαϐὼν
3387 3909 3461 3976 φῦ
3474 3927 3563 3961 σιν

2095 4002 2499 4071 ὴμαρτηκυῖαν,
2535 4000 2717 4062 πόνοις
2753 3998 2925 4070 αὐτὴν
2953 4000 3177 4062 οἰκείοις
3215 4000 3556 4067 δικαίωσας,
3588 4004 3699 4055 τῶν

2094 4111 2152 4145 τε
2177 4093 2390 4163 πικρῶν
2413 4092 2694 4163 τυράννων
2712 4092 3022 4162 ἀπήλλαξεν
3040 4094 3340 4164 ἁμαρτίας,
3373 4096 3476 4148 καὶ
3507 4096 3696 4150 διαθεα-

2094 4182 2211 4247 λου,
2231 4183 2323 4235 καὶ
2341 4182 2596 4248 θανάτου,
2622 4184 2717 4235 καὶ
2733 4184 2843 4236 τῶν
2866 4184 3206 4256 ἐπουρανίων
3228 4186 3439 4257 θρόνων
3458 4189 3695 4258 ἠξίωσε,

414 4265 830 4332 humanitatem,
860 4269 1111 4321 universo
1163 4269 1345 4337 generi
1388 4269 1693 4325 libertatem
1733 4286 1979 4325 commu-

2102 4277 2179 4328 ιαὶ
2201 4276 2287 4329 διά
2312 4274 2406 4327 τοῦ
2433 4275 2733 4345 ληφθέντος
2768 4278 2930 4330 παντὶ
2950 4275 3029 4347 τῷ
3055 4278 3202 4345 γένει
3235 4280 3336 4348 τῆς
3371 4280 3696 4351 ἐλευθερίας

417 4356 637 4410 nicavit.
672 4356 927 4411 Sedenim
958 4359 1089 4411 nihil
1139 4360 1331 4412 horum
1367 4370 1625 4428 reputans
1651 4362 1739 4415 hic
1770 4364 1987 4430 sapien-

416 4447 659 4500 tissimus
682 4487 697 4513 ,
726 4448 1127 4501 vocalissimum
1167 4449 1453 4518 theologia:
1480 4465 1784 4517 praeconem
1815 4452 1989 4508 Joan-

417 4553 537 4592 nem
577 4540 988 4608 evangelistam,
1023 4542 1273 4593 amentim
1307 4558 1419 4594 sua:
1448 4553 1641 4595 testem
1690 4544 1895 4600 habere
1931 4562 1990 4600 se

411 4629 638 4698 judicat.
677 4647 695 4678 ι
738 4628 971 4683 Verbum
1007 4632 1174 4694 enim,
1218 4631 1437 4700 inquit,
1489 4648 1617 4687 caro
1656 4634 1854 4687 factum
1884 4645 1987 4701 est,

415 4732 470 4774 et
492 4722 752 4775 habitavit
783 4724 835 4775 in
861 4724 1021 4777 nobis
1039 4724 1105 4777 ³⁷.
1133 4741 1153 4775 ι
1184 4724 1347 4793 Atqui
1373 4726 1596 4779 omnino
1618 4727 1840 4793 sciebat,
1860 4730 1988 4783 alibi

419 4827 633 4883 quoque
657 4823 864 4881 partem
895 4829 995 4882 pro
1027 4823 1142 4868 toto
1174 4816 1411 4868 divinam
1441 4815 1782 4885 Scriptorum
1809 4820 1995 4889 appel-
2050 4840 2057 4853 ι

420 4904 532 4957 lare
560 4903 732 4958 solere
766 4919 777 4952 :
814 4920 933 4974 quae
988 4905 1149 4959 modo
1196 4906 1418 4975 quidem
1472 4924 1539 4961 ex
1589 4910 1770 4963 anima
1824 4921 1994 4964 totum

422 4996 690 5050 hominem
725 5007 1022 5065 nuncupat,
1056 4999 1219 5051 modo
1252 5010 1435 5053 autem
1493 5014 1560 5053 ex
1606 5017 1769 5055 carne
1826 5012 1995 5057 totum

418 5085 616 5141 animal
647 5088 906 5143 denotat:
944 5106 963 5140 ι
989 5086 1189 5145 Omnes
1220 5089 1384 5157 enim,
1412 5089 1609 5160 inquit,
1654 5093 1848 5148 anima:
1879 5109 1998 5165 qua:

494 5267 535 5301 ³⁷
559 5265 717 5323 Joan.
747 5281 787 5332 ι,
812 5268 900 5322 14.

491 5476 566 5544 (l)
607 5472 1028 5530 Praeelarissime
1067 5473 1153 5527 his
1192 5471 1383 5526 Cicero
1425 5470 1748 5539 astipulatur
1783 5470 1835 5524 in
1878 5469 1993 5524 Sci-

420 5546 593 5613 pionis
614 5546 855 5600 Somnio.
886 5544 963 5597 Tu
999 5561 1117 5599 vero
1146 5544 1221 5597 sic
1251 5544 1457 5605 habeto,
1491 5558 1594 5595 non
1630 5558 1740 5595 esse
1774 5551 1989 5613 tentor-

419 5612 610 5679 talem,
637 5616 725 5668 sed
754 5630 941 5682 corpus
970 5615 1066 5668 hoc
1096 5630 1114 5668 :
1145 5629 1235 5666 nec
1265 5614 1400 5664 enim
1432 5622 1485 5664 tu
1518 5629 1602 5675 es,
1634 5628 1782 5681 quem
1813 5612 1985 5680 forma

420 5688 520 5738 ista
551 5685 817 5752 declarat,
850 5685 937 5738 sed
968 5701 1112 5739 mens
1144 5683 1395 5752 cujusque
1421 5682 1463 5735 is
1495 5692 1571 5737 est
1601 5685 1846 5751 quisque,
1880 5698 1983 5736 non

2095 4369 2418 4438 μετέδωκεν*
2438 4368 2553 4421 ἀλλ’
2571 4369 2721 4423 οὐδὲν
2736 4368 2939 4422 τούτων
2962 4372 3044 4433 εἰς
3062 4372 3183 4423 νοῦν
3195 4370 3378 4424 λαϐὼν
3395 4375 3423 4424 ό
3444 4374 3697 4441 σοφώταο

2090 4476 2181 4521 τος
2195 4458 2285 4511 τὸν
2302 4459 2819 4529 μεγαλοφωνότατον
2838 4461 3055 4529 κήρυκα
3066 4462 3163 4531 τῆς
3176 4461 3481 4528 θεολογίας,
3497 4464 3591 4515 τὸν
3606 4464 3698 4515 εὖ-

2091 4551 2420 4623 αγγελιστὴν
2437 4552 2714 4623 Ἰωάννην,
2737 4552 2988 4624 μάρτυρα
3006 4554 3104 4623 τῆς
3117 4552 3320 4616 οἰκείας
3333 4556 3530 4617 ἀνοίας
3544 4554 3695 4625 ἔχειν

2090 4646 2325 4715 ἡγεῖταιο
2346 4662 2364 4695 ι
2384 4646 2443 4697 '0
2464 4645 2636 4713 Λόγος
2655 4645 2784 4716 γὰρ,
2807 4646 2961 4716 φησὶ,
2984 4644 3121 4715 σὰρξ
3138 4644 3374 4713 ἐγένετο,
3393 4648 3497 4699 καὶ
3522 4649 3697 4714 ἐσκή-

2090 4754 2263 4791 νωσεν
2290 4738 2347 4790 ἐν
2366 4740 2498 4808 ἡμῖν
2518 4754 2530 4766 ·
2561 4759 2579 4790 ›
2597 4740 2692 4793 καὶ
2709 4739 2883 4792 ταῦτα
2904 4739 3089 4808 σαφῶς
3109 4740 3283 4803 εΞδὼς,
3307 4740 3387 4802 ὡς
3410 4742 3694 4812 πολλαχοεὲ

2090 4830 2153 4882 τὸ
2180 4832 2288 4883 πᾶν
2315 4831 2425 4883 ἀπὸ
2454 4830 2656 4903 μέρους
2689 4832 2861 4903 ἡθεία
2894 4833 3084 4904 Γραφὴ
3121 4834 3557 4904 προσαγορεύει,
3593 4837 3697 4888 καὶ

2096 4918 2173 4989 πὴ
2198 4919 2297 4989 μὲν
2314 4920 2422 4973 ἀπὸ
2447 4922 2545 4991 τῆς
2564 4921 2743 4991 ψυχῆς
2764 4924 2940 4977 πάντα
2964 4922 3120 4975 καλεῖ
3138 4924 3228 4976 τὸν
3252 4923 3579 4993 ἄνθρωπον,

2095 5010 2153 5062 δὲ
2192 5011 2300 5064 άπὸ
2334 5011 2436 5080 τῆς
2468 5012 2669 5084 σαρκὸς
2696 5012 2816 5065 ὅλον
2846 5011 2907 5064 τὸ
2935 5012 3073 5077 ζῶον
3100 5013 3279 5083 δηλοῖ’
3308 5036 3327 5065 ι
3350 5015 3541 5067 Πᾶσαι
3578 5018 3691 5084 γάρ

2098 5103 2155 5155 αἱ
2185 5102 2376 5172 ψυχαὶ,
2402 5104 2457 5157 αἱ
2485 5103 2848 5169 εἰσελθοῦσαι,
2873 5106 3059 5176 φησιν,
3091 5105 3207 5175 ἄμα
3244 5105 3449 5158 ’ἰακὼό
3487 5109 3570 5171 εἰς
3596 5109 3696 5159 Αἷ-

2100 5490 2160 5526 ea
2190 5476 2360 5557 ﬁgura
2380 5495 2497 5549 qua:
2528 5481 2689 5550 digito
2714 5485 3285 5557 demonstraripolest.
3315 5484 3533 5541 Pudeat
3558 5502 3692 5557 ergo

2095 5560 2219 5625 eos,
2245 5550 2335 5617 qui
2372 5561 2541 5625 totum
2584 5555 2853 5609 hominem
2895 5550 3181 5611 materiam
3222 5570 3347 5611 esse
3385 5550 3691 5614 mortalem

2095 5617 2276 5672 dicere
2315 5623 2530 5675 audent.
