  <div class='ocr_page' id='page_1' title='image "/cluster/home/n/w/nwhite01/storage/ocr_20150623/75/nnc1.0046980121/831.png"; bbox 0 0 3856 6212; ppageno 0'>
   <div class='ocr_carea' id='block_1_1' title="bbox 528 242 658 300">
    <p class='ocr_par' dir='ltr' id='par_1_1' title="bbox 528 242 658 300">
     <span class='ocr_line' id='line_1_1' title="bbox 528 242 658 300; baseline -0.008 -1"><span class='ocrx_word' id='word_1_1' title='bbox 528 242 658 300; x_wconf 72' lang='grc' dir='ltr'>ιιδι</span> 
     </span>
    </p>
   </div>
   <div class='ocr_carea' id='block_1_2' title="bbox 1528 235 3663 301">
    <p class='ocr_par' dir='ltr' id='par_1_2' title="bbox 1528 235 3663 301">
     <span class='ocr_line' id='line_1_2' title="bbox 1528 235 3663 301; baseline -0.003 -6"><span class='ocrx_word' id='word_1_2' title='bbox 1528 240 1586 295; x_wconf 88' lang='lat' dir='ltr'><strong>s.</strong></span> <span class='ocrx_word' id='word_1_3' title='bbox 1624 236 1899 294; x_wconf 72' lang='lat' dir='ltr'><strong>cvmm</strong></span> <span class='ocrx_word' id='word_1_4' title='bbox 1930 235 2403 293; x_wconf 70' lang='lat' dir='ltr'><strong>ALEXANDRINI</strong></span> <span class='ocrx_word' id='word_1_5' title='bbox 2447 238 2774 296; x_wconf 69' lang='lat' dir='ltr'><strong>meumr.</strong></span> <span class='ocrx_word' id='word_1_6' title='bbox 3582 247 3663 301; x_wconf 62' lang='lat' dir='ltr'><strong>im</strong></span> 
     </span>
    </p>
   </div>
   <div class='ocr_carea' id='block_1_3' title="bbox 524 356 2083 436">
    <p class='ocr_par' dir='ltr' id='par_1_3' title="bbox 524 360 2083 432">
     <span class='ocr_line' id='line_1_3' title="bbox 524 360 2083 432; baseline -0.006 -12"><span class='ocrx_word' id='word_1_7' title='bbox 524 365 845 421; x_wconf 77' lang='lat' dir='ltr'><strong>exsistentia</strong></span> <span class='ocrx_word' id='word_1_8' title='bbox 865 364 941 420; x_wconf 83' lang='lat' dir='ltr'><strong>ad</strong></span> <span class='ocrx_word' id='word_1_9' title='bbox 970 363 1351 420; x_wconf 75' lang='lat' dir='ltr'><strong>exsistendum</strong></span> <span class='ocrx_word' id='word_1_10' title='bbox 1388 370 1660 428; x_wconf 80' lang='lat' dir='ltr'><strong>traxerat,</strong></span> <span class='ocrx_word' id='word_1_11' title='bbox 1699 361 1793 432; x_wconf 90' lang='lat' dir='ltr'><strong>qui</strong></span> <span class='ocrx_word' id='word_1_12' title='bbox 1829 360 1939 415; x_wconf 74' lang='lat' dir='ltr'><strong>vita</strong></span> <span class='ocrx_word' id='word_1_13' title='bbox 1979 370 2083 415; x_wconf 65' lang='lat' dir='ltr'><strong>erat</strong></span> 
     </span>
    </p>
   </div>
   <div class='ocr_carea' id='block_1_4' title="bbox 2188 356 3661 436">
    <p class='ocr_par' dir='ltr' id='par_1_4' title="bbox 2203 356 3661 436">
     <span class='ocr_line' id='line_1_4' title="bbox 2203 356 3661 436; baseline 0.005 -25"><span class='ocrx_word' id='word_1_14' title='bbox 2203 360 2283 423; x_wconf 81' lang='grc' dir='ltr'><strong>είς</strong></span> <span class='ocrx_word' id='word_1_15' title='bbox 2304 360 2365 413; x_wconf 84' lang='grc' dir='ltr'>τὸ</span> <span class='ocrx_word' id='word_1_16' title='bbox 2391 356 2531 415; x_wconf 70' lang='grc' dir='ltr'>εἶναι</span> <span class='ocrx_word' id='word_1_17' title='bbox 2554 362 2813 433; x_wconf 80' lang='grc' dir='ltr'><strong>ποιήσας,</strong></span> <span class='ocrx_word' id='word_1_18' title='bbox 2842 361 2875 433; x_wconf 76' lang='grc' dir='ltr'>ἡ</span> <span class='ocrx_word' id='word_1_19' title='bbox 2898 359 3034 434; x_wconf 80' lang='grc' dir='ltr'>ζωὴ,</span> <span class='ocrx_word' id='word_1_20' title='bbox 3066 360 3124 415; x_wconf 80' lang='grc' dir='ltr'>τὸ</span> <span class='ocrx_word' id='word_1_21' title='bbox 3150 360 3267 430; x_wconf 83' lang='grc' dir='ltr'><strong>φῶς</strong></span> <span class='ocrx_word' id='word_1_22' title='bbox 3287 360 3349 414; x_wconf 78' lang='grc' dir='ltr'><strong>τὸ</strong></span> <span class='ocrx_word' id='word_1_23' title='bbox 3372 361 3589 434; x_wconf 76' lang='grc' dir='ltr'>ἀληθινὸν,</span> <span class='ocrx_word' id='word_1_24' title='bbox 3607 368 3661 436; x_wconf 66' lang='grc' dir='ltr'><strong>τὴν</strong></span> 
     </span>
    </p>
   </div>
   <div class='ocr_carea' id='block_1_5' title="bbox 526 451 2100 535">
    <p class='ocr_par' dir='ltr' id='par_1_5' title="bbox 526 451 2100 535">
     <span class='ocr_line' id='line_1_5' title="bbox 526 451 2100 535; baseline -0.004 -22"><span class='ocrx_word' id='word_1_25' title='bbox 526 470 581 514; x_wconf 90' lang='lat' dir='ltr'><strong>et</strong></span> <span class='ocrx_word' id='word_1_26' title='bbox 610 458 701 514; x_wconf 79' lang='lat' dir='ltr'><strong>lux</strong></span> <span class='ocrx_word' id='word_1_27' title='bbox 728 472 889 524; x_wconf 83' lang='lat' dir='ltr'><strong>vera;</strong></span> <span class='ocrx_word' id='word_1_28' title='bbox 916 457 1033 523; x_wconf 84' lang='lat' dir='ltr'><strong>hic,</strong></span> <span class='ocrx_word' id='word_1_29' title='bbox 1067 457 1164 521; x_wconf 87' lang='lat' dir='ltr'><strong>ait,</strong></span> <span class='ocrx_word' id='word_1_30' title='bbox 1194 455 1475 511; x_wconf 85' lang='lat' dir='ltr'><strong>hominum</strong></span> <span class='ocrx_word' id='word_1_31' title='bbox 1493 467 1622 509; x_wconf 87' lang='lat' dir='ltr'><strong>suas</strong></span> <span class='ocrx_word' id='word_1_32' title='bbox 1647 452 1777 508; x_wconf 81' lang='lat' dir='ltr'><strong>fecit</strong></span> <span class='ocrx_word' id='word_1_33' title='bbox 1796 451 2100 535; x_wconf 71' lang='lat' dir='ltr'><strong>passiones,</strong></span> 
     </span>
    </p>
   </div>
   <div class='ocr_carea' id='block_1_6' title="bbox 528 541 2103 613">
    <p class='ocr_par' dir='ltr' id='par_1_6' title="bbox 528 541 2103 613">
     <span class='ocr_line' id='line_1_6' title="bbox 528 541 2103 613; baseline -0.005 -8"><span class='ocrx_word' id='word_1_34' title='bbox 528 550 655 606; x_wconf 91' lang='lat' dir='ltr'><strong>dum</strong></span> <span class='ocrx_word' id='word_1_35' title='bbox 697 548 974 604; x_wconf 87' lang='lat' dir='ltr'><strong>hominum</strong></span> <span class='ocrx_word' id='word_1_36' title='bbox 1000 546 1231 603; x_wconf 75' lang='lat' dir='ltr'><strong>salutem</strong></span> <span class='ocrx_word' id='word_1_37' title='bbox 1262 553 1606 613; x_wconf 72' lang='lat' dir='ltr'><strong>operaretur.</strong></span> <span class='ocrx_word' id='word_1_38' title='bbox 1640 542 1886 612; x_wconf 85' lang='lat' dir='ltr'><strong>Cumque</strong></span> <span class='ocrx_word' id='word_1_39' title='bbox 1924 541 2103 597; x_wconf 87' lang='lat' dir='ltr'><strong>adhuc</strong></span> 
     </span>
    </p>
   </div>
   <div class='ocr_carea' id='block_1_7' title="bbox 532 634 2103 714">
    <p class='ocr_par' dir='ltr' id='par_1_7' title="bbox 532 634 2103 714">
     <span class='ocr_line' id='line_1_7' title="bbox 532 634 2103 714; baseline -0.007 -17"><span class='ocrx_word' id='word_1_40' title='bbox 532 643 704 714; x_wconf 88' lang='lat' dir='ltr'><strong>magis</strong></span> <span class='ocrx_word' id='word_1_41' title='bbox 760 640 1142 697; x_wconf 84' lang='lat' dir='ltr'><strong>beneﬁciorum</strong></span> <span class='ocrx_word' id='word_1_42' title='bbox 1202 638 1346 695; x_wconf 88' lang='lat' dir='ltr'><strong>illius</strong></span> <span class='ocrx_word' id='word_1_43' title='bbox 1408 636 1839 706; x_wconf 89' lang='lat' dir='ltr'><strong>magnitudinem</strong></span> <span class='ocrx_word' id='word_1_44' title='bbox 1876 634 2103 689; x_wconf 86' lang='lat' dir='ltr'><strong>demon-</strong></span> 
     </span>
    </p>
   </div>
   <div class='ocr_carea' id='block_1_8' title="bbox 529 723 2099 800">
    <p class='ocr_par' dir='ltr' id='par_1_8' title="bbox 529 723 2099 800">
     <span class='ocr_line' id='line_1_8' title="bbox 529 723 2099 800; baseline -0.008 -11"><span class='ocrx_word' id='word_1_45' title='bbox 529 742 706 789; x_wconf 86' lang='lat' dir='ltr'><strong>strare</strong></span> <span class='ocrx_word' id='word_1_46' title='bbox 728 731 908 795; x_wconf 80' lang='lat' dir='ltr'><strong>vellet,</strong></span> <span class='ocrx_word' id='word_1_47' title='bbox 935 743 1279 800; x_wconf 81' lang='lat' dir='ltr'><strong>nequaquam</strong></span> <span class='ocrx_word' id='word_1_48' title='bbox 1304 727 1374 783; x_wconf 90' lang='lat' dir='ltr'><strong>de</strong></span> <span class='ocrx_word' id='word_1_49' title='bbox 1402 725 1697 782; x_wconf 86' lang='lat' dir='ltr'><strong>immortali</strong></span> <span class='ocrx_word' id='word_1_50' title='bbox 1720 725 1902 780; x_wconf 91' lang='lat' dir='ltr'><strong>anima</strong></span> <span class='ocrx_word' id='word_1_51' title='bbox 1934 723 2099 778; x_wconf 89' lang='lat' dir='ltr'><strong>verba</strong></span> 
     </span>
    </p>
   </div>
   <div class='ocr_carea' id='block_1_9' title="bbox 529 815 2097 894">
    <p class='ocr_par' dir='ltr' id='par_1_9' title="bbox 529 815 2097 894">
     <span class='ocr_line' id='line_1_9' title="bbox 529 815 2097 894; baseline -0.007 -14"><span class='ocrx_word' id='word_1_52' title='bbox 529 827 676 892; x_wconf 79' lang='lat' dir='ltr'><strong>fecit,</strong></span> <span class='ocrx_word' id='word_1_53' title='bbox 707 826 801 881; x_wconf 87' lang='lat' dir='ltr'><strong>sed</strong></span> <span class='ocrx_word' id='word_1_54' title='bbox 840 825 906 880; x_wconf 91' lang='lat' dir='ltr'><strong>de</strong></span> <span class='ocrx_word' id='word_1_55' title='bbox 928 822 1171 894; x_wconf 87' lang='lat' dir='ltr'><strong>passibili</strong></span> <span class='ocrx_word' id='word_1_56' title='bbox 1198 835 1385 885; x_wconf 88' lang='lat' dir='ltr'><strong>carne,</strong></span> <span class='ocrx_word' id='word_1_57' title='bbox 1410 818 1625 875; x_wconf 88' lang='lat' dir='ltr'><strong>mortali</strong></span> <span class='ocrx_word' id='word_1_58' title='bbox 1652 826 1707 874; x_wconf 91' lang='lat' dir='ltr'><strong>et</strong></span> <span class='ocrx_word' id='word_1_59' title='bbox 1733 815 2097 888; x_wconf 85' lang='lat' dir='ltr'><strong>corruptibili,</strong></span> 
     </span>
    </p>
   </div>
   <div class='ocr_carea' id='block_1_10' title="bbox 527 905 2097 984">
    <p class='ocr_par' dir='ltr' id='par_1_10' title="bbox 527 905 2097 984">
     <span class='ocr_line' id='line_1_10' title="bbox 527 905 2097 984; baseline -0.007 -14"><span class='ocrx_word' id='word_1_60' title='bbox 527 932 592 970; x_wconf 80' lang='lat' dir='ltr'><strong>ex</strong></span> <span class='ocrx_word' id='word_1_61' title='bbox 626 917 752 971; x_wconf 87' lang='lat' dir='ltr'><strong>limo</strong></span> <span class='ocrx_word' id='word_1_62' title='bbox 776 913 963 981; x_wconf 82' lang='lat' dir='ltr'><strong>facta;</strong></span> <span class='ocrx_word' id='word_1_63' title='bbox 1010 921 1175 984; x_wconf 91' lang='lat' dir='ltr'><strong>atque</strong></span> <span class='ocrx_word' id='word_1_64' title='bbox 1211 926 1241 966; x_wconf 90' lang='lat' dir='ltr'><strong>a</strong></span> <span class='ocrx_word' id='word_1_65' title='bbox 1285 918 1441 981; x_wconf 87' lang='lat' dir='ltr'><strong>parte</strong></span> <span class='ocrx_word' id='word_1_66' title='bbox 1489 916 1655 964; x_wconf 88' lang='lat' dir='ltr'><strong>totam</strong></span> <span class='ocrx_word' id='word_1_67' title='bbox 1701 915 1950 962; x_wconf 90' lang='lat' dir='ltr'><strong>naturam</strong></span> <span class='ocrx_word' id='word_1_68' title='bbox 1999 905 2097 961; x_wconf 89' lang='lat' dir='ltr'><strong>de-</strong></span> 
     </span>
    </p>
   </div>
   <div class='ocr_carea' id='block_1_11' title="bbox 527 995 2093 1072">
    <p class='ocr_par' dir='ltr' id='par_1_11' title="bbox 527 995 2093 1072">
     <span class='ocr_line' id='line_1_11' title="bbox 527 995 2093 1072; baseline -0.004 -14"><span class='ocrx_word' id='word_1_69' title='bbox 527 1005 751 1059; x_wconf 58' lang='lat' dir='ltr'><strong>claravit</strong></span> <span class='ocrx_word' id='word_1_70' title='bbox 773 1044 789 1071; x_wconf 94' lang='lat'><strong>,</strong></span> <span class='ocrx_word' id='word_1_71' title='bbox 830 1002 1195 1072; x_wconf 89' lang='lat' dir='ltr'><strong>utsequentia</strong></span> <span class='ocrx_word' id='word_1_72' title='bbox 1227 1009 1499 1055; x_wconf 79' lang='lat' dir='ltr'><strong>teStautur</strong></span> <span class='ocrx_word' id='word_1_73' title='bbox 1534 1017 1548 1054; x_wconf 91' lang='lat'><strong>:</strong></span> <span class='ocrx_word' id='word_1_74' title='bbox 1585 1015 1603 1049; x_wconf 86' lang='grc' dir='ltr'><strong>ι</strong></span> <span class='ocrx_word' id='word_1_75' title='bbox 1642 996 1878 1052; x_wconf 87' lang='lat' dir='ltr'><strong>Verbum</strong></span> <span class='ocrx_word' id='word_1_76' title='bbox 1908 995 2093 1063; x_wconf 66' lang='lat' dir='ltr'><strong>enim},</strong></span> 
     </span>
    </p>
   </div>
   <div class='ocr_carea' id='block_1_12' title="bbox 527 1088 2094 1166">
    <p class='ocr_par' dir='ltr' id='par_1_12' title="bbox 527 1088 2094 1166">
     <span class='ocr_line' id='line_1_12' title="bbox 527 1088 2094 1166; baseline -0.005 -17"><span class='ocrx_word' id='word_1_77' title='bbox 527 1096 743 1166; x_wconf 90' lang='lat' dir='ltr'><strong>inquit,</strong></span> <span class='ocrx_word' id='word_1_78' title='bbox 814 1110 946 1152; x_wconf 88' lang='lat' dir='ltr'><strong>caro</strong></span> <span class='ocrx_word' id='word_1_79' title='bbox 998 1094 1201 1149; x_wconf 77' lang='lat' dir='ltr'><strong>factum</strong></span> <span class='ocrx_word' id='word_1_80' title='bbox 1262 1100 1397 1157; x_wconf 89' lang='lat' dir='ltr'><strong>est,</strong></span> <span class='ocrx_word' id='word_1_81' title='bbox 1460 1098 1516 1146; x_wconf 92' lang='lat' dir='ltr'><strong>et</strong></span> <span class='ocrx_word' id='word_1_82' title='bbox 1569 1088 1837 1145; x_wconf 85' lang='lat' dir='ltr'><strong>habitavit</strong></span> <span class='ocrx_word' id='word_1_83' title='bbox 1886 1089 1940 1145; x_wconf 91' lang='lat' dir='ltr'><strong>in</strong></span> <span class='ocrx_word' id='word_1_84' title='bbox 1993 1103 2094 1145; x_wconf 52' lang='lat' dir='ltr'><strong>no-</strong></span> 
     </span>
    </p>
   </div>
   <div class='ocr_carea' id='block_1_13' title="bbox 526 1188 760 1244">
    <p class='ocr_par' dir='ltr' id='par_1_13' title="bbox 526 1188 760 1244">
     <span class='ocr_line' id='line_1_13' title="bbox 526 1188 760 1244; baseline -0.013 0"><span class='ocrx_word' id='word_1_85' title='bbox 526 1189 607 1244; x_wconf 87' lang='lat' dir='ltr'><strong>bis</strong></span> <span class='ocrx_word' id='word_1_86' title='bbox 635 1188 700 1242; x_wconf 66' lang='grc'><strong>⁸⁸.</strong></span> <span class='ocrx_word' id='word_1_87' title='bbox 740 1206 760 1241; x_wconf 72' lang='grc' dir='ltr'><strong>ι</strong></span> 
     </span>
    </p>
   </div>
   <div class='ocr_carea' id='block_1_14' title="bbox 592 1294 2097 1367">
    <p class='ocr_par' dir='ltr' id='par_1_14' title="bbox 592 1294 2097 1367">
     <span class='ocr_line' id='line_1_14' title="bbox 592 1294 2097 1367; baseline -0.005 -11"><span class='ocrx_word' id='word_1_88' title='bbox 592 1299 747 1356; x_wconf 76' lang='lat' dir='ltr'><strong>Alius</strong></span> <span class='ocrx_word' id='word_1_89' title='bbox 772 1314 903 1355; x_wconf 88' lang='lat' dir='ltr'><strong>vero</strong></span> <span class='ocrx_word' id='word_1_90' title='bbox 934 1298 980 1355; x_wconf 92' lang='lat' dir='ltr'><strong>is</strong></span> <span class='ocrx_word' id='word_1_91' title='bbox 1005 1306 1148 1363; x_wconf 86' lang='lat' dir='ltr'><strong>erat,</strong></span> <span class='ocrx_word' id='word_1_92' title='bbox 1193 1297 1283 1367; x_wconf 87' lang='lat' dir='ltr'><strong>qui</strong></span> <span class='ocrx_word' id='word_1_93' title='bbox 1326 1297 1490 1352; x_wconf 88' lang='lat' dir='ltr'><strong>modo</strong></span> <span class='ocrx_word' id='word_1_94' title='bbox 1546 1295 1776 1351; x_wconf 89' lang='lat' dir='ltr'><strong>naturali</strong></span> <span class='ocrx_word' id='word_1_95' title='bbox 1825 1294 2097 1351; x_wconf 84' lang='lat' dir='ltr'><strong>inhabita-</strong></span> 
     </span>
    </p>
   </div>
   <div class='ocr_carea' id='block_1_15' title="bbox 523 1386 2091 1458">
    <p class='ocr_par' dir='ltr' id='par_1_15' title="bbox 523 1386 2091 1458">
     <span class='ocr_line' id='line_1_15' title="bbox 523 1386 2091 1458; baseline -0.008 -9"><span class='ocrx_word' id='word_1_96' title='bbox 523 1396 637 1456; x_wconf 88' lang='lat' dir='ltr'><strong>hat,</strong></span> <span class='ocrx_word' id='word_1_97' title='bbox 676 1391 820 1445; x_wconf 88' lang='lat' dir='ltr'><strong>aliud</strong></span> <span class='ocrx_word' id='word_1_98' title='bbox 855 1405 981 1446; x_wconf 92' lang='lat' dir='ltr'><strong>vero</strong></span> <span class='ocrx_word' id='word_1_99' title='bbox 1015 1389 1295 1458; x_wconf 89' lang='lat' dir='ltr'><strong>templum.</strong></span> <span class='ocrx_word' id='word_1_100' title='bbox 1330 1388 1509 1454; x_wconf 84' lang='lat' dir='ltr'><strong>Quare</strong></span> <span class='ocrx_word' id='word_1_101' title='bbox 1539 1397 1593 1441; x_wconf 88' lang='lat' dir='ltr'><strong>et</strong></span> <span class='ocrx_word' id='word_1_102' title='bbox 1624 1386 1824 1441; x_wconf 83' lang='lat' dir='ltr'><strong>Judaeis</strong></span> <span class='ocrx_word' id='word_1_103' title='bbox 1872 1386 2091 1441; x_wconf 87' lang='lat' dir='ltr'><strong>aiebat:</strong></span> 
     </span>
    </p>
   </div>
   <div class='ocr_carea' id='block_1_16' title="bbox 526 1478 2097 1550">
    <p class='ocr_par' dir='ltr' id='par_1_16' title="bbox 526 1478 2097 1550">
     <span class='ocr_line' id='line_1_16' title="bbox 526 1478 2097 1550; baseline -0.003 -13"><span class='ocrx_word' id='word_1_104' title='bbox 526 1501 548 1537; x_wconf 75' lang='grc' dir='ltr'><strong>ι</strong></span> <span class='ocrx_word' id='word_1_105' title='bbox 586 1482 790 1539; x_wconf 90' lang='lat' dir='ltr'><strong>Solvite</strong></span> <span class='ocrx_word' id='word_1_106' title='bbox 839 1481 1095 1550; x_wconf 89' lang='lat' dir='ltr'><strong>templum</strong></span> <span class='ocrx_word' id='word_1_107' title='bbox 1133 1480 1254 1545; x_wconf 86' lang='lat' dir='ltr'><strong>hoc,</strong></span> <span class='ocrx_word' id='word_1_108' title='bbox 1277 1488 1331 1533; x_wconf 89' lang='lat' dir='ltr'><strong>et</strong></span> <span class='ocrx_word' id='word_1_109' title='bbox 1372 1492 1472 1549; x_wconf 92' lang='lat' dir='ltr'><strong>ego</strong></span> <span class='ocrx_word' id='word_1_110' title='bbox 1517 1479 1691 1533; x_wconf 89' lang='lat' dir='ltr'><strong>tribus</strong></span> <span class='ocrx_word' id='word_1_111' title='bbox 1719 1478 1909 1534; x_wconf 86' lang='lat' dir='ltr'><strong>diebus</strong></span> <span class='ocrx_word' id='word_1_112' title='bbox 1943 1480 2097 1534; x_wconf 79' lang='lat' dir='ltr'><strong>exci-</strong></span> 
     </span>
    </p>
   </div>
   <div class='ocr_carea' id='block_1_17' title="bbox 524 1570 2093 1641">
    <p class='ocr_par' dir='ltr' id='par_1_17' title="bbox 524 1570 2093 1641">
     <span class='ocr_line' id='line_1_17' title="bbox 524 1570 2093 1641; baseline -0.002 -11"><span class='ocrx_word' id='word_1_113' title='bbox 524 1575 651 1630; x_wconf 87' lang='lat' dir='ltr'><strong>tabo</strong></span> <span class='ocrx_word' id='word_1_114' title='bbox 675 1574 822 1629; x_wconf 89' lang='lat' dir='ltr'><strong>illud.</strong></span> <span class='ocrx_word' id='word_1_115' title='bbox 854 1572 921 1627; x_wconf 67' lang='grc' dir='ltr'><strong>δ’.</strong></span> <span class='ocrx_word' id='word_1_116' title='bbox 964 1592 983 1626; x_wconf 78' lang='grc' dir='ltr'><strong>ι</strong></span> <span class='ocrx_word' id='word_1_117' title='bbox 1023 1570 1231 1641; x_wconf 83' lang='lat' dir='ltr'><strong>Templi</strong></span> <span class='ocrx_word' id='word_1_118' title='bbox 1270 1586 1402 1625; x_wconf 87' lang='lat' dir='ltr'><strong>vero</strong></span> <span class='ocrx_word' id='word_1_119' title='bbox 1433 1570 1633 1625; x_wconf 86' lang='lat' dir='ltr'><strong>solutio</strong></span> <span class='ocrx_word' id='word_1_120' title='bbox 1663 1578 1783 1625; x_wconf 87' lang='lat' dir='ltr'><strong>erat</strong></span> <span class='ocrx_word' id='word_1_121' title='bbox 1814 1571 2013 1626; x_wconf 69' lang='lat' dir='ltr'><strong>anima:</strong></span> <span class='ocrx_word' id='word_1_122' title='bbox 2062 1586 2093 1627; x_wconf 90' lang='lat' dir='ltr'><strong>a</strong></span> 
     </span>
    </p>
   </div>
   <div class='ocr_carea' id='block_1_18' title="bbox 2206 451 3665 528">
    <p class='ocr_par' dir='ltr' id='par_1_18' title="bbox 2206 451 3665 528">
     <span class='ocr_line' id='line_1_18' title="bbox 2206 451 3665 528; baseline 0.004 -23"><span class='ocrx_word' id='word_1_123' title='bbox 2206 451 2459 525; x_wconf 81' lang='grc' dir='ltr'><strong>φθαρτὴν</strong></span> <span class='ocrx_word' id='word_1_124' title='bbox 2483 453 2716 507; x_wconf 73' lang='grc' dir='ltr'>ἀνέλαϐε</span> <span class='ocrx_word' id='word_1_125' title='bbox 2737 452 2923 524; x_wconf 84' lang='grc' dir='ltr'>φύσιν,</span> <span class='ocrx_word' id='word_1_126' title='bbox 2937 453 3032 508; x_wconf 77' lang='grc' dir='ltr'>καὶ</span> <span class='ocrx_word' id='word_1_127' title='bbox 3052 452 3242 508; x_wconf 86' lang='grc' dir='ltr'>τάτῶν</span> <span class='ocrx_word' id='word_1_128' title='bbox 3258 452 3528 528; x_wconf 74' lang='grc' dir='ltr'><strong>ἀνθρώπιον</strong></span> <span class='ocrx_word' id='word_1_129' title='bbox 3540 456 3665 527; x_wconf 53' lang='lat' dir='ltr'><strong>suis</strong></span> 
     </span>
    </p>
   </div>
   <div class='ocr_carea' id='block_1_19' title="bbox 2205 544 3662 619">
    <p class='ocr_par' dir='ltr' id='par_1_19' title="bbox 2205 544 3662 619">
     <span class='ocr_line' id='line_1_19' title="bbox 2205 544 3662 619; baseline 0.003 -22"><span class='ocrx_word' id='word_1_130' title='bbox 2205 560 2338 598; x_wconf 89' lang='grc' dir='ltr'>σατο</span> <span class='ocrx_word' id='word_1_131' title='bbox 2383 544 2553 616; x_wconf 86' lang='grc' dir='ltr'>πάθη,</span> <span class='ocrx_word' id='word_1_132' title='bbox 2589 545 2689 617; x_wconf 88' lang='grc' dir='ltr'><strong>τὴν</strong></span> <span class='ocrx_word' id='word_1_133' title='bbox 2733 545 2843 600; x_wconf 85' lang='grc' dir='ltr'><strong>τῶν</strong></span> <span class='ocrx_word' id='word_1_134' title='bbox 2903 545 3211 618; x_wconf 84' lang='grc' dir='ltr'>ἀνθρώπων</span> <span class='ocrx_word' id='word_1_135' title='bbox 3259 550 3662 619; x_wconf 62' lang='grc' dir='ltr'>πραγματευόμειες</span> 
     </span>
    </p>
   </div>
   <div class='ocr_carea' id='block_1_20' title="bbox 2204 636 3665 711">
    <p class='ocr_par' dir='ltr' id='par_1_20' title="bbox 2204 636 3665 711">
     <span class='ocr_line' id='line_1_20' title="bbox 2204 636 3665 711; baseline 0.002 -22"><span class='ocrx_word' id='word_1_136' title='bbox 2204 636 2501 706; x_wconf 74' lang='grc' dir='ltr'><strong>σωτηρίαν.</strong></span> <span class='ocrx_word' id='word_1_137' title='bbox 2529 638 2642 691; x_wconf 75' lang='grc' dir='ltr'><strong>Καὶ</strong></span> <span class='ocrx_word' id='word_1_138' title='bbox 2664 636 2931 708; x_wconf 80' lang='grc' dir='ltr'><strong>μειζόνως</strong></span> <span class='ocrx_word' id='word_1_139' title='bbox 2954 637 3119 691; x_wconf 77' lang='grc' dir='ltr'>αὐτοῦ</span> <span class='ocrx_word' id='word_1_140' title='bbox 3142 637 3312 703; x_wconf 79' lang='grc' dir='ltr'>δεῖξαι</span> <span class='ocrx_word' id='word_1_141' title='bbox 3330 637 3427 709; x_wconf 87' lang='grc' dir='ltr'>τῆς</span> <span class='ocrx_word' id='word_1_142' title='bbox 3447 638 3665 711; x_wconf 75' lang='grc' dir='ltr'>εὐεργεσίας</span> 
     </span>
    </p>
   </div>
   <div class='ocr_carea' id='block_1_21' title="bbox 2200 725 3663 799">
    <p class='ocr_par' dir='ltr' id='par_1_21' title="bbox 2200 725 3663 799">
     <span class='ocr_line' id='line_1_21' title="bbox 2200 725 3663 799; baseline 0.003 -22"><span class='ocrx_word' id='word_1_143' title='bbox 2200 725 2261 777; x_wconf 82' lang='grc' dir='ltr'>τὸ</span> <span class='ocrx_word' id='word_1_144' title='bbox 2293 725 2526 795; x_wconf 85' lang='grc' dir='ltr'>μέγεθος</span> <span class='ocrx_word' id='word_1_145' title='bbox 2553 726 2841 799; x_wconf 83' lang='grc' dir='ltr'>ἐθελήσας,</span> <span class='ocrx_word' id='word_1_146' title='bbox 2863 727 2926 780; x_wconf 86' lang='grc' dir='ltr'>οὐ</span> <span class='ocrx_word' id='word_1_147' title='bbox 2954 728 3057 799; x_wconf 80' lang='grc' dir='ltr'>τῆς</span> <span class='ocrx_word' id='word_1_148' title='bbox 3079 726 3262 799; x_wconf 79' lang='grc' dir='ltr'>ψυχῆς</span> <span class='ocrx_word' id='word_1_149' title='bbox 3289 728 3663 799; x_wconf 78' lang='grc' dir='ltr'><strong>ἐμνημόνευσε</strong></span> 
     </span>
    </p>
   </div>
   <div class='ocr_carea' id='block_1_22' title="bbox 2199 816 3667 893">
    <p class='ocr_par' dir='ltr' id='par_1_22' title="bbox 2199 816 3667 893">
     <span class='ocr_line' id='line_1_22' title="bbox 2199 816 3667 893; baseline 0.003 -22"><span class='ocrx_word' id='word_1_150' title='bbox 2199 816 2495 883; x_wconf 72' lang='grc' dir='ltr'><strong>ἀθανάτου,</strong></span> <span class='ocrx_word' id='word_1_151' title='bbox 2533 818 2671 872; x_wconf 84' lang='grc' dir='ltr'>ἀλλὰ</span> <span class='ocrx_word' id='word_1_152' title='bbox 2700 820 2800 891; x_wconf 79' lang='grc' dir='ltr'>τῆς</span> <span class='ocrx_word' id='word_1_153' title='bbox 2839 820 3044 892; x_wconf 70' lang='grc' dir='ltr'>σαρκὸς</span> <span class='ocrx_word' id='word_1_154' title='bbox 3067 822 3168 892; x_wconf 82' lang='grc' dir='ltr'>τῆς</span> <span class='ocrx_word' id='word_1_155' title='bbox 3200 819 3457 892; x_wconf 82' lang='grc' dir='ltr'><strong>παθητῆς,</strong></span> <span class='ocrx_word' id='word_1_156' title='bbox 3480 822 3555 893; x_wconf 80' lang='grc' dir='ltr'>τῆς</span> <span class='ocrx_word' id='word_1_157' title='bbox 3587 822 3667 893; x_wconf 72' lang='grc' dir='ltr'>θνη-</span> 
     </span>
    </p>
   </div>
   <div class='ocr_carea' id='block_1_23' title="bbox 2199 907 3666 982">
    <p class='ocr_par' dir='ltr' id='par_1_23' title="bbox 2199 907 3666 982">
     <span class='ocr_line' id='line_1_23' title="bbox 2199 907 3666 982; baseline 0.001 -21"><span class='ocrx_word' id='word_1_158' title='bbox 2199 907 2319 980; x_wconf 80' lang='grc' dir='ltr'>τῆς,</span> <span class='ocrx_word' id='word_1_159' title='bbox 2350 908 2453 978; x_wconf 84' lang='grc' dir='ltr'>τῆς</span> <span class='ocrx_word' id='word_1_160' title='bbox 2487 908 2878 982; x_wconf 82' lang='grc' dir='ltr'>φθειρομένης,</span> <span class='ocrx_word' id='word_1_161' title='bbox 2927 910 3030 980; x_wconf 83' lang='grc' dir='ltr'>τῆς</span> <span class='ocrx_word' id='word_1_162' title='bbox 3071 911 3136 963; x_wconf 86' lang='grc' dir='ltr'><strong>ἐκ</strong></span> <span class='ocrx_word' id='word_1_163' title='bbox 3181 909 3351 981; x_wconf 78' lang='grc' dir='ltr'>πηλοῦ</span> <span class='ocrx_word' id='word_1_164' title='bbox 3381 911 3666 982; x_wconf 66' lang='grc' dir='ltr'><strong>γεγενημένης·</strong></span> 
     </span>
    </p>
   </div>
   <div class='ocr_carea' id='block_1_24' title="bbox 2198 1000 3669 1073">
    <p class='ocr_par' dir='ltr' id='par_1_24' title="bbox 2198 1000 3669 1073">
     <span class='ocr_line' id='line_1_24' title="bbox 2198 1000 3669 1073; baseline 0 -19"><span class='ocrx_word' id='word_1_165' title='bbox 2198 1000 2292 1054; x_wconf 76' lang='grc' dir='ltr'><strong>καὶ</strong></span> <span class='ocrx_word' id='word_1_166' title='bbox 2313 1000 2423 1055; x_wconf 83' lang='grc' dir='ltr'><strong>ἀπό</strong></span> <span class='ocrx_word' id='word_1_167' title='bbox 2464 1001 2560 1055; x_wconf 87' lang='grc' dir='ltr'><strong>τοῦ</strong></span> <span class='ocrx_word' id='word_1_168' title='bbox 2596 1002 2797 1073; x_wconf 80' lang='grc' dir='ltr'>μέρους</span> <span class='ocrx_word' id='word_1_169' title='bbox 2828 1002 2926 1073; x_wconf 87' lang='grc' dir='ltr'><strong>τὴν</strong></span> <span class='ocrx_word' id='word_1_170' title='bbox 2950 1004 3137 1056; x_wconf 78' lang='grc' dir='ltr'>πᾶσαν</span> <span class='ocrx_word' id='word_1_171' title='bbox 3168 1003 3330 1071; x_wconf 85' lang='grc' dir='ltr'>φύσιν</span> <span class='ocrx_word' id='word_1_172' title='bbox 3374 1002 3604 1073; x_wconf 85' lang='grc' dir='ltr'>ἐδήλωσεν,</span> <span class='ocrx_word' id='word_1_173' title='bbox 3625 1002 3669 1062; x_wconf 81' lang='grc' dir='ltr'>ὼς</span> 
     </span>
    </p>
   </div>
   <div class='ocr_carea' id='block_1_25' title="bbox 2202 1092 3666 1165">
    <p class='ocr_par' dir='ltr' id='par_1_25' title="bbox 2202 1092 3666 1165">
     <span class='ocr_line' id='line_1_25' title="bbox 2202 1092 3666 1165; baseline -0.001 -20"><span class='ocrx_word' id='word_1_174' title='bbox 2202 1095 2475 1164; x_wconf 86' lang='grc' dir='ltr'>μαρτυρεῖ</span> <span class='ocrx_word' id='word_1_175' title='bbox 2514 1092 2586 1146; x_wconf 80' lang='grc' dir='ltr'>τὰ</span> <span class='ocrx_word' id='word_1_176' title='bbox 2632 1093 2951 1163; x_wconf 86' lang='grc' dir='ltr'>ἐπαγόμενα</span> <span class='ocrx_word' id='word_1_177' title='bbox 2976 1108 2991 1123; x_wconf 93' lang='grc'><strong>·</strong></span> <span class='ocrx_word' id='word_1_178' title='bbox 3031 1113 3049 1145; x_wconf 79' lang='grc' dir='ltr'><strong>ι</strong></span> <span class='ocrx_word' id='word_1_179' title='bbox 3090 1093 3150 1147; x_wconf 82' lang='grc' dir='ltr'>Ὀ</span> <span class='ocrx_word' id='word_1_180' title='bbox 3195 1093 3367 1162; x_wconf 80' lang='grc' dir='ltr'>Λόγος</span> <span class='ocrx_word' id='word_1_181' title='bbox 3405 1093 3512 1165; x_wconf 84' lang='grc' dir='ltr'>γὰρ,</span> <span class='ocrx_word' id='word_1_182' title='bbox 3547 1094 3666 1165; x_wconf 76' lang='grc' dir='ltr'>φησίν,</span> 
     </span>
    </p>
   </div>
   <div class='ocr_carea' id='block_1_26' title="bbox 2084 1182 3379 1256">
    <p class='ocr_par' dir='ltr' id='par_1_26' title="bbox 2084 1182 3379 1256">
     <span class='ocr_line' id='line_1_26' title="bbox 2084 1182 3379 1256; baseline 0.001 -21"><span class='ocrx_word' id='word_1_183' title='bbox 2084 1243 2091 1251; x_wconf 15' lang='grc' dir='ltr'><strong>γ</strong></span> <span class='ocrx_word' id='word_1_184' title='bbox 2204 1182 2341 1254; x_wconf 83' lang='grc' dir='ltr'>σὰρξ</span> <span class='ocrx_word' id='word_1_185' title='bbox 2366 1183 2608 1252; x_wconf 86' lang='grc' dir='ltr'>ἐγένετο,</span> <span class='ocrx_word' id='word_1_186' title='bbox 2640 1185 2736 1239; x_wconf 75' lang='grc' dir='ltr'>καὶ</span> <span class='ocrx_word' id='word_1_187' title='bbox 2756 1187 3067 1256; x_wconf 77' lang='grc' dir='ltr'><strong>ἐσκήνωσεν</strong></span> <span class='ocrx_word' id='word_1_188' title='bbox 3090 1187 3148 1239; x_wconf 86' lang='grc' dir='ltr'><strong>ἐν</strong></span> <span class='ocrx_word' id='word_1_189' title='bbox 3176 1187 3330 1256; x_wconf 78' lang='grc' dir='ltr'>ἡμῖν.</span> <span class='ocrx_word' id='word_1_190' title='bbox 3361 1204 3379 1236; x_wconf 73' lang='grc' dir='ltr'><strong>ι</strong></span> 
     </span>
    </p>
   </div>
   <div class='ocr_carea' id='block_1_27' title="bbox 2269 1293 3669 1367">
    <p class='ocr_par' dir='ltr' id='par_1_27' title="bbox 2269 1293 3669 1367">
     <span class='ocr_line' id='line_1_27' title="bbox 2269 1293 3669 1367; baseline 0 -20"><span class='ocrx_word' id='word_1_191' title='bbox 2269 1293 2500 1364; x_wconf 86' lang='grc' dir='ltr'>Ἕτερος</span> <span class='ocrx_word' id='word_1_192' title='bbox 2535 1295 2594 1349; x_wconf 81' lang='grc' dir='ltr'><strong>δὲ</strong></span> <span class='ocrx_word' id='word_1_193' title='bbox 2625 1298 2653 1350; x_wconf 89' lang='grc' dir='ltr'><strong>ό</strong></span> <span class='ocrx_word' id='word_1_194' title='bbox 2676 1298 3010 1367; x_wconf 83' lang='grc' dir='ltr'>κατοικήσας</span> <span class='ocrx_word' id='word_1_195' title='bbox 3046 1296 3187 1350; x_wconf 75' lang='grc' dir='ltr'>κατὰ</span> <span class='ocrx_word' id='word_1_196' title='bbox 3210 1295 3303 1348; x_wconf 80' lang='grc' dir='ltr'><strong>τὸν</strong></span> <span class='ocrx_word' id='word_1_197' title='bbox 3346 1294 3481 1363; x_wconf 89' lang='grc' dir='ltr'>λόγον</span> <span class='ocrx_word' id='word_1_198' title='bbox 3507 1295 3581 1365; x_wconf 84' lang='grc' dir='ltr'>τῆς</span> <span class='ocrx_word' id='word_1_199' title='bbox 3606 1296 3669 1363; x_wconf 71' lang='grc' dir='ltr'>φύ-</span> 
     </span>
    </p>
   </div>
   <div class='ocr_carea' id='block_1_28' title="bbox 2198 1386 3670 1458">
    <p class='ocr_par' dir='ltr' id='par_1_28' title="bbox 2198 1386 3670 1458">
     <span class='ocr_line' id='line_1_28' title="bbox 2198 1386 3670 1458; baseline 0.001 -19"><span class='ocrx_word' id='word_1_200' title='bbox 2198 1403 2355 1449; x_wconf 88' lang='grc' dir='ltr'>σεως,</span> <span class='ocrx_word' id='word_1_201' title='bbox 2382 1387 2478 1440; x_wconf 75' lang='grc' dir='ltr'>καὶ</span> <span class='ocrx_word' id='word_1_202' title='bbox 2500 1386 2689 1458; x_wconf 77' lang='grc' dir='ltr'>ἔτερος</span> <span class='ocrx_word' id='word_1_203' title='bbox 2709 1389 2737 1441; x_wconf 90' lang='grc' dir='ltr'><strong>ό</strong></span> <span class='ocrx_word' id='word_1_204' title='bbox 2762 1387 2911 1450; x_wconf 89' lang='grc' dir='ltr'>ναός.</span> <span class='ocrx_word' id='word_1_205' title='bbox 2926 1388 3016 1440; x_wconf 83' lang='grc' dir='ltr'><strong>Διὸ</strong></span> <span class='ocrx_word' id='word_1_206' title='bbox 3036 1386 3132 1441; x_wconf 76' lang='grc' dir='ltr'>καὶ</span> <span class='ocrx_word' id='word_1_207' title='bbox 3156 1389 3270 1451; x_wconf 88' lang='grc' dir='ltr'>τοῖς</span> <span class='ocrx_word' id='word_1_208' title='bbox 3299 1387 3539 1451; x_wconf 75' lang='grc' dir='ltr'>Ἰουδαίοις</span> <span class='ocrx_word' id='word_1_209' title='bbox 3556 1388 3670 1456; x_wconf 64' lang='grc' dir='ltr'>ἐλεγιο</span> 
     </span>
    </p>
   </div>
   <div class='ocr_carea' id='block_1_29' title="bbox 2202 1476 3673 1552">
    <p class='ocr_par' dir='ltr' id='par_1_29' title="bbox 2202 1476 3673 1552">
     <span class='ocr_line' id='line_1_29' title="bbox 2202 1476 3673 1552; baseline 0.003 -24"><span class='ocrx_word' id='word_1_210' title='bbox 2202 1495 2219 1528; x_wconf 80' lang='grc' dir='ltr'><strong>ι</strong></span> <span class='ocrx_word' id='word_1_211' title='bbox 2248 1476 2461 1530; x_wconf 84' lang='grc' dir='ltr'>Λύσατε</span> <span class='ocrx_word' id='word_1_212' title='bbox 2492 1477 2582 1531; x_wconf 82' lang='grc' dir='ltr'>τὸν</span> <span class='ocrx_word' id='word_1_213' title='bbox 2628 1477 2757 1533; x_wconf 71' lang='grc' dir='ltr'>ναὸν</span> <span class='ocrx_word' id='word_1_214' title='bbox 2808 1478 3017 1545; x_wconf 86' lang='grc' dir='ltr'>τοῦτον,</span> <span class='ocrx_word' id='word_1_215' title='bbox 3065 1480 3162 1532; x_wconf 70' lang='grc' dir='ltr'>καὶ</span> <span class='ocrx_word' id='word_1_216' title='bbox 3214 1480 3271 1534; x_wconf 88' lang='grc' dir='ltr'><strong>ἐν</strong></span> <span class='ocrx_word' id='word_1_217' title='bbox 3317 1481 3479 1552; x_wconf 80' lang='grc' dir='ltr'>τρισὶν</span> <span class='ocrx_word' id='word_1_218' title='bbox 3511 1481 3673 1551; x_wconf 71' lang='grc' dir='ltr'>ἡμέραις</span> 
     </span>
    </p>
   </div>
   <div class='ocr_carea' id='block_1_30' title="bbox 2193 1567 3675 1649">
    <p class='ocr_par' dir='ltr' id='par_1_30' title="bbox 2193 1567 3675 1649">
     <span class='ocr_line' id='line_1_30' title="bbox 2193 1567 3675 1649; baseline 0.002 -28"><span class='ocrx_word' id='word_1_219' title='bbox 2193 1567 2374 1639; x_wconf 89' lang='grc' dir='ltr'>ἐγερῶ</span> <span class='ocrx_word' id='word_1_220' title='bbox 2405 1569 2587 1623; x_wconf 85' lang='grc' dir='ltr'>αὐτόν.</span> <span class='ocrx_word' id='word_1_221' title='bbox 2618 1587 2636 1620; x_wconf 73' lang='grc' dir='ltr'><strong>ι</strong></span> <span class='ocrx_word' id='word_1_222' title='bbox 2659 1568 2828 1635; x_wconf 89' lang='grc' dir='ltr'>Λύσις</span> <span class='ocrx_word' id='word_1_223' title='bbox 2856 1569 2913 1623; x_wconf 83' lang='grc' dir='ltr'>δὲ</span> <span class='ocrx_word' id='word_1_224' title='bbox 2943 1571 3037 1625; x_wconf 85' lang='grc' dir='ltr'><strong>τοῦ</strong></span> <span class='ocrx_word' id='word_1_225' title='bbox 3062 1571 3218 1637; x_wconf 91' lang='grc' dir='ltr'>ναοῦ,</span> <span class='ocrx_word' id='word_1_226' title='bbox 3246 1571 3419 1649; x_wconf 76' lang='grc' dir='ltr'>ψυχῆς</span> <span class='ocrx_word' id='word_1_227' title='bbox 3441 1572 3519 1625; x_wconf 77' lang='grc' dir='ltr'>καὶ</span> <span class='ocrx_word' id='word_1_228' title='bbox 3549 1571 3675 1641; x_wconf 75' lang='grc' dir='ltr'>σῶμα·</span> 
     </span>
    </p>
   </div>
   <div class='ocr_carea' id='block_1_31' title="bbox 521 1659 2083 1738">
    <p class='ocr_par' dir='ltr' id='par_1_31' title="bbox 521 1661 2083 1738">
     <span class='ocr_line' id='line_1_31' title="bbox 521 1661 2083 1738; baseline -0.003 -16"><span class='ocrx_word' id='word_1_229' title='bbox 521 1680 749 1738; x_wconf 91' lang='lat' dir='ltr'><strong>corpore</strong></span> <span class='ocrx_word' id='word_1_230' title='bbox 782 1664 1100 1719; x_wconf 88' lang='lat' dir='ltr'><strong>dissolutio:</strong></span> <span class='ocrx_word' id='word_1_231' title='bbox 1123 1678 1248 1718; x_wconf 81' lang='lat' dir='ltr'><strong>nam</strong></span> <span class='ocrx_word' id='word_1_232' title='bbox 1275 1676 1424 1717; x_wconf 85' lang='lat' dir='ltr'><strong>mors</strong></span> <span class='ocrx_word' id='word_1_233' title='bbox 1448 1670 1542 1717; x_wconf 84' lang='lat' dir='ltr'><strong>est</strong></span> <span class='ocrx_word' id='word_1_234' title='bbox 1565 1661 1761 1716; x_wconf 67' lang='lat' dir='ltr'><strong>anima:</strong></span> <span class='ocrx_word' id='word_1_235' title='bbox 1799 1677 1830 1716; x_wconf 92' lang='lat' dir='ltr'><strong>a</strong></span> <span class='ocrx_word' id='word_1_236' title='bbox 1852 1676 2083 1732; x_wconf 80' lang='lat' dir='ltr'><strong>corpore</strong></span> 
     </span>
    </p>
   </div>
   <div class='ocr_carea' id='block_1_32' title="bbox 2188 1659 3674 1738">
    <p class='ocr_par' dir='ltr' id='par_1_32' title="bbox 2193 1659 3674 1736">
     <span class='ocr_line' id='line_1_32' title="bbox 2193 1659 3674 1736; baseline 0.001 -24"><span class='ocrx_word' id='word_1_237' title='bbox 2193 1675 2285 1723; x_wconf 93' lang='grc' dir='ltr'><strong>τος</strong></span> <span class='ocrx_word' id='word_1_238' title='bbox 2319 1660 2352 1731; x_wconf 82' lang='grc' dir='ltr'><strong>ὴ</strong></span> <span class='ocrx_word' id='word_1_239' title='bbox 2390 1659 2695 1726; x_wconf 78' lang='grc' dir='ltr'>διάζευξις·</span> <span class='ocrx_word' id='word_1_240' title='bbox 2738 1661 2970 1726; x_wconf 85' lang='grc' dir='ltr'>θάνατος</span> <span class='ocrx_word' id='word_1_241' title='bbox 3008 1663 3116 1736; x_wconf 89' lang='grc' dir='ltr'><strong>γάρ</strong></span> <span class='ocrx_word' id='word_1_242' title='bbox 3143 1664 3262 1717; x_wconf 88' lang='grc' dir='ltr'>ἐστι</span> <span class='ocrx_word' id='word_1_243' title='bbox 3318 1663 3475 1733; x_wconf 79' lang='grc' dir='ltr'>ψυχῆς</span> <span class='ocrx_word' id='word_1_244' title='bbox 3499 1663 3584 1717; x_wconf 75' lang='grc' dir='ltr'><strong>ἀπὸ</strong></span> <span class='ocrx_word' id='word_1_245' title='bbox 3608 1662 3674 1714; x_wconf 77' lang='grc' dir='ltr'><strong>σὼ-</strong></span> 
     </span>
    </p>
   </div>
   <div class='ocr_carea' id='block_1_33' title="bbox 520 1740 2083 1828">
    <p class='ocr_par' dir='ltr' id='par_1_33' title="bbox 520 1756 2083 1828">
     <span class='ocr_line' id='line_1_33' title="bbox 520 1756 2083 1828; baseline -0.003 -13"><span class='ocrx_word' id='word_1_246' title='bbox 520 1774 788 1816; x_wconf 86' lang='lat' dir='ltr'><strong>recessus.</strong></span> <span class='ocrx_word' id='word_1_247' title='bbox 821 1758 963 1828; x_wconf 88' lang='lat' dir='ltr'><strong>Ergo</strong></span> <span class='ocrx_word' id='word_1_248' title='bbox 1000 1758 1182 1827; x_wconf 85' lang='lat' dir='ltr'><strong>templi</strong></span> <span class='ocrx_word' id='word_1_249' title='bbox 1232 1756 1556 1810; x_wconf 85' lang='lat' dir='ltr'><strong>solutionem</strong></span> <span class='ocrx_word' id='word_1_250' title='bbox 1599 1762 1857 1825; x_wconf 83' lang='lat' dir='ltr'><strong>aperatur</strong></span> <span class='ocrx_word' id='word_1_251' title='bbox 1897 1757 2083 1810; x_wconf 67' lang='lat' dir='ltr'><strong>anima</strong></span> 
     </span>
    </p>
   </div>
   <div class='ocr_carea' id='block_1_34' title="bbox 2188 1740 3676 1828">
    <p class='ocr_par' dir='ltr' id='par_1_34' title="bbox 2198 1753 3676 1827">
     <span class='ocr_line' id='line_1_34' title="bbox 2198 1753 3676 1827; baseline 0.007 -22"><span class='ocrx_word' id='word_1_252' title='bbox 2198 1769 2367 1822; x_wconf 84' lang='grc' dir='ltr'>ματος</span> <span class='ocrx_word' id='word_1_253' title='bbox 2389 1753 2741 1826; x_wconf 84' lang='grc' dir='ltr'>ἀναχώρησις</span> <span class='ocrx_word' id='word_1_254' title='bbox 2756 1769 2772 1787; x_wconf 78' lang='grc' dir='ltr'><strong>ο</strong></span> <span class='ocrx_word' id='word_1_255' title='bbox 2797 1753 2993 1809; x_wconf 86' lang='grc' dir='ltr'>οὐκοῦν</span> <span class='ocrx_word' id='word_1_256' title='bbox 3017 1755 3118 1827; x_wconf 86' lang='grc' dir='ltr'><strong>τὴν</strong></span> <span class='ocrx_word' id='word_1_257' title='bbox 3155 1755 3314 1811; x_wconf 85' lang='grc' dir='ltr'>λύσιν</span> <span class='ocrx_word' id='word_1_258' title='bbox 3339 1756 3426 1811; x_wconf 88' lang='grc' dir='ltr'><strong>τοῦ</strong></span> <span class='ocrx_word' id='word_1_259' title='bbox 3450 1754 3554 1811; x_wconf 83' lang='grc' dir='ltr'>ναοῦ</span> <span class='ocrx_word' id='word_1_260' title='bbox 3576 1754 3676 1822; x_wconf 67' lang='grc' dir='ltr'><strong>ὁτῆς</strong></span> 
     </span>
    </p>
   </div>
   <div class='ocr_carea' id='block_1_35' title="bbox 518 1844 2094 1921">
    <p class='ocr_par' dir='ltr' id='par_1_35' title="bbox 518 1844 2094 1921">
     <span class='ocr_line' id='line_1_35' title="bbox 518 1844 2094 1921; baseline -0.004 -16"><span class='ocrx_word' id='word_1_261' title='bbox 518 1867 550 1905; x_wconf 91' lang='lat' dir='ltr'><strong>a</strong></span> <span class='ocrx_word' id='word_1_262' title='bbox 576 1864 804 1921; x_wconf 85' lang='lat' dir='ltr'><strong>corpore</strong></span> <span class='ocrx_word' id='word_1_263' title='bbox 837 1848 1130 1917; x_wconf 86' lang='lat' dir='ltr'><strong>separatio.</strong></span> <span class='ocrx_word' id='word_1_264' title='bbox 1166 1846 1341 1918; x_wconf 78' lang='lat' dir='ltr'><strong>igitur</strong></span> <span class='ocrx_word' id='word_1_265' title='bbox 1392 1846 1436 1900; x_wconf 88' lang='lat' dir='ltr'><strong>si</strong></span> <span class='ocrx_word' id='word_1_266' title='bbox 1477 1844 1646 1900; x_wconf 78' lang='lat' dir='ltr'><strong>Judaei</strong></span> <span class='ocrx_word' id='word_1_267' title='bbox 1691 1844 1948 1915; x_wconf 88' lang='lat' dir='ltr'><strong>templum</strong></span> <span class='ocrx_word' id='word_1_268' title='bbox 1987 1846 2094 1901; x_wconf 89' lang='lat' dir='ltr'><strong>sol-</strong></span> 
     </span>
    </p>
   </div>
   <div class='ocr_carea' id='block_1_36' title="bbox 519 1936 2094 2008">
    <p class='ocr_par' dir='ltr' id='par_1_36' title="bbox 519 1936 2094 2008">
     <span class='ocr_line' id='line_1_36' title="bbox 519 1936 2094 2008; baseline -0.003 -11"><span class='ocrx_word' id='word_1_269' title='bbox 519 1951 752 2008; x_wconf 87' lang='lat' dir='ltr'><strong>verunt,</strong></span> <span class='ocrx_word' id='word_1_270' title='bbox 805 1940 953 1995; x_wconf 87' lang='lat' dir='ltr'><strong>cruci</strong></span> <span class='ocrx_word' id='word_1_271' title='bbox 1007 1939 1278 2007; x_wconf 84' lang='lat' dir='ltr'><strong>mortique</strong></span> <span class='ocrx_word' id='word_1_272' title='bbox 1336 1938 1612 1992; x_wconf 87' lang='lat' dir='ltr'><strong>tradentes</strong></span> <span class='ocrx_word' id='word_1_273' title='bbox 1647 1976 1662 2002; x_wconf 94' lang='lat'><strong>,</strong></span> <span class='ocrx_word' id='word_1_274' title='bbox 1722 1936 1925 2006; x_wconf 71' lang='lat' dir='ltr'><strong>solutio</strong></span> <span class='ocrx_word' id='word_1_275' title='bbox 1962 1952 2094 1993; x_wconf 82' lang='lat' dir='ltr'><strong>vero</strong></span> 
     </span>
    </p>
   </div>
   <div class='ocr_carea' id='block_1_37' title="bbox 520 2026 2090 2101">
    <p class='ocr_par' dir='ltr' id='par_1_37' title="bbox 520 2026 2090 2101">
     <span class='ocr_line' id='line_1_37' title="bbox 520 2026 2090 2101; baseline -0.003 -15"><span class='ocrx_word' id='word_1_276' title='bbox 520 2031 703 2101; x_wconf 91' lang='lat' dir='ltr'><strong>templi</strong></span> <span class='ocrx_word' id='word_1_277' title='bbox 752 2028 1161 2097; x_wconf 70' lang='lat' dir='ltr'><strong>coniunctorum</strong></span> <span class='ocrx_word' id='word_1_278' title='bbox 1205 2027 1479 2099; x_wconf 79' lang='lat' dir='ltr'><strong>separatio</strong></span> <span class='ocrx_word' id='word_1_279' title='bbox 1518 2026 1665 2092; x_wconf 79' lang='lat' dir='ltr'><strong>fuit,</strong></span> <span class='ocrx_word' id='word_1_280' title='bbox 1731 2027 1875 2083; x_wconf 82' lang='lat' dir='ltr'><strong>Deus</strong></span> <span class='ocrx_word' id='word_1_281' title='bbox 1910 2036 2090 2082; x_wconf 86' lang='lat' dir='ltr'><strong>autem</strong></span> 
     </span>
    </p>
   </div>
   <div class='ocr_carea' id='block_1_38' title="bbox 520 2119 2091 2190">
    <p class='ocr_par' dir='ltr' id='par_1_38' title="bbox 520 2119 2091 2190">
     <span class='ocr_line' id='line_1_38' title="bbox 520 2119 2091 2190; baseline -0.002 -13"><span class='ocrx_word' id='word_1_282' title='bbox 520 2124 754 2179; x_wconf 72' lang='lat' dir='ltr'><strong>Verbum</strong></span> <span class='ocrx_word' id='word_1_283' title='bbox 788 2125 889 2178; x_wconf 89' lang='lat' dir='ltr'><strong>hoc</strong></span> <span class='ocrx_word' id='word_1_284' title='bbox 918 2122 1238 2178; x_wconf 88' lang='lat' dir='ltr'><strong>dissolutum</strong></span> <span class='ocrx_word' id='word_1_285' title='bbox 1301 2120 1656 2176; x_wconf 88' lang='lat' dir='ltr'><strong>resuscitavit</strong></span> <span class='ocrx_word' id='word_1_286' title='bbox 1681 2161 1696 2184; x_wconf 93' lang='lat'><strong>,</strong></span> <span class='ocrx_word' id='word_1_287' title='bbox 1744 2119 2091 2190; x_wconf 79' lang='lat' dir='ltr'><strong>exploratum</strong></span> 
     </span>
    </p>
   </div>
   <div class='ocr_carea' id='block_1_39' title="bbox 517 2213 2093 2284">
    <p class='ocr_par' dir='ltr' id='par_1_39' title="bbox 517 2213 2093 2284">
     <span class='ocr_line' id='line_1_39' title="bbox 517 2213 2093 2284; baseline -0.001 -14"><span class='ocrx_word' id='word_1_288' title='bbox 517 2215 755 2271; x_wconf 89' lang='lat' dir='ltr'><strong>arbitror</strong></span> <span class='ocrx_word' id='word_1_289' title='bbox 790 2230 915 2270; x_wconf 88' lang='lat' dir='ltr'><strong>esse</strong></span> <span class='ocrx_word' id='word_1_290' title='bbox 958 2213 1345 2284; x_wconf 81' lang='lat' dir='ltr'><strong>prudentibus,</strong></span> <span class='ocrx_word' id='word_1_291' title='bbox 1402 2227 1506 2267; x_wconf 92' lang='lat' dir='ltr'><strong>non</strong></span> <span class='ocrx_word' id='word_1_292' title='bbox 1569 2213 1863 2267; x_wconf 89' lang='lat' dir='ltr'><strong>iuauimcm</strong></span> <span class='ocrx_word' id='word_1_293' title='bbox 1915 2228 2093 2283; x_wconf 89' lang='lat' dir='ltr'><strong>neque</strong></span> 
     </span>
    </p>
   </div>
   <div class='ocr_carea' id='block_1_40' title="bbox 517 2305 2091 2374">
    <p class='ocr_par' dir='ltr' id='par_1_40' title="bbox 517 2305 2091 2374">
     <span class='ocr_line' id='line_1_40' title="bbox 517 2305 2091 2374; baseline -0.001 -11"><span class='ocrx_word' id='word_1_294' title='bbox 517 2318 699 2363; x_wconf 90' lang='lat' dir='ltr'><strong>mente</strong></span> <span class='ocrx_word' id='word_1_295' title='bbox 742 2315 1039 2369; x_wconf 89' lang='lat' dir='ltr'><strong>carentem,</strong></span> <span class='ocrx_word' id='word_1_296' title='bbox 1064 2306 1160 2361; x_wconf 87' lang='lat' dir='ltr'><strong>sed</strong></span> <span class='ocrx_word' id='word_1_297' title='bbox 1202 2305 1513 2374; x_wconf 80' lang='lat' dir='ltr'><strong>perfectum</strong></span> <span class='ocrx_word' id='word_1_298' title='bbox 1572 2306 1848 2361; x_wconf 82' lang='lat' dir='ltr'><strong>hominem</strong></span> <span class='ocrx_word' id='word_1_299' title='bbox 1905 2322 1935 2361; x_wconf 92' lang='lat' dir='ltr'><strong>a</strong></span> <span class='ocrx_word' id='word_1_300' title='bbox 1979 2306 2091 2362; x_wconf 91' lang='lat' dir='ltr'><strong>Deo</strong></span> 
     </span>
    </p>
   </div>
   <div class='ocr_carea' id='block_1_41' title="bbox 521 2394 2089 2466">
    <p class='ocr_par' dir='ltr' id='par_1_41' title="bbox 521 2394 2089 2466">
     <span class='ocr_line' id='line_1_41' title="bbox 521 2394 2089 2466; baseline -0.002 -13"><span class='ocrx_word' id='word_1_301' title='bbox 521 2400 695 2453; x_wconf 81' lang='lat' dir='ltr'><strong>Verbo</strong></span> <span class='ocrx_word' id='word_1_302' title='bbox 731 2406 1065 2466; x_wconf 86' lang='lat' dir='ltr'><strong>assumptum</strong></span> <span class='ocrx_word' id='word_1_303' title='bbox 1118 2394 1313 2449; x_wconf 69' lang='lat' dir='ltr'><strong>fuisse.</strong></span> <span class='ocrx_word' id='word_1_304' title='bbox 1375 2394 1506 2448; x_wconf 85' lang='lat' dir='ltr'><strong>Nam</strong></span> <span class='ocrx_word' id='word_1_305' title='bbox 1546 2394 1596 2449; x_wconf 83' lang='lat' dir='ltr'><strong>si</strong></span> <span class='ocrx_word' id='word_1_306' title='bbox 1646 2411 1746 2465; x_wconf 86' lang='lat' dir='ltr'><strong>pro</strong></span> <span class='ocrx_word' id='word_1_307' title='bbox 1795 2396 2089 2451; x_wconf 90' lang='lat' dir='ltr'><strong>immortali</strong></span> 
     </span>
    </p>
   </div>
   <div class='ocr_carea' id='block_1_42' title="bbox 514 2483 2090 2554">
    <p class='ocr_par' dir='ltr' id='par_1_42' title="bbox 514 2483 2090 2554">
     <span class='ocr_line' id='line_1_42' title="bbox 514 2483 2090 2554; baseline -0.003 -12"><span class='ocrx_word' id='word_1_308' title='bbox 514 2490 719 2554; x_wconf 89' lang='lat' dir='ltr'><strong>anima,</strong></span> <span class='ocrx_word' id='word_1_309' title='bbox 757 2487 810 2541; x_wconf 89' lang='lat' dir='ltr'><strong>in</strong></span> <span class='ocrx_word' id='word_1_310' title='bbox 854 2493 1137 2553; x_wconf 88' lang='lat' dir='ltr'><strong>assumpto</strong></span> <span class='ocrx_word' id='word_1_311' title='bbox 1184 2498 1412 2553; x_wconf 81' lang='lat' dir='ltr'><strong>corpore</strong></span> <span class='ocrx_word' id='word_1_312' title='bbox 1447 2483 1589 2538; x_wconf 86' lang='lat' dir='ltr'><strong>Deus</strong></span> <span class='ocrx_word' id='word_1_313' title='bbox 1636 2483 1870 2538; x_wconf 75' lang='lat' dir='ltr'><strong>Verbum</strong></span> <span class='ocrx_word' id='word_1_314' title='bbox 1921 2485 2090 2538; x_wconf 81' lang='lat' dir='ltr'><strong>exsti-</strong></span> 
     </span>
    </p>
   </div>
   <div class='ocr_carea' id='block_1_43' title="bbox 515 2574 2088 2646">
    <p class='ocr_par' dir='ltr' id='par_1_43' title="bbox 515 2574 2088 2646">
     <span class='ocr_line' id='line_1_43' title="bbox 515 2574 2088 2646; baseline 0 -15"><span class='ocrx_word' id='word_1_315' title='bbox 515 2580 705 2645; x_wconf 90' lang='lat' dir='ltr'><strong>tisset,</strong></span> <span class='ocrx_word' id='word_1_316' title='bbox 737 2576 924 2646; x_wconf 91' lang='lat' dir='ltr'><strong>utique</strong></span> <span class='ocrx_word' id='word_1_317' title='bbox 958 2574 1159 2630; x_wconf 76' lang='lat' dir='ltr'><strong>Judaeis</strong></span> <span class='ocrx_word' id='word_1_318' title='bbox 1209 2575 1439 2629; x_wconf 82' lang='lat' dir='ltr'><strong>dixisset</strong></span> <span class='ocrx_word' id='word_1_319' title='bbox 1488 2592 1501 2629; x_wconf 91' lang='lat'>:</span> <span class='ocrx_word' id='word_1_320' title='bbox 1540 2574 1829 2630; x_wconf 84' lang='lat' dir='ltr'><strong>Dissolvite</strong></span> <span class='ocrx_word' id='word_1_321' title='bbox 1868 2591 1975 2641; x_wconf 88' lang='lat' dir='ltr'><strong>me,</strong></span> <span class='ocrx_word' id='word_1_322' title='bbox 2034 2586 2088 2631; x_wconf 92' lang='lat' dir='ltr'><strong>et</strong></span> 
     </span>
    </p>
   </div>
   <div class='ocr_carea' id='block_1_44' title="bbox 513 2665 2085 2736">
    <p class='ocr_par' dir='ltr' id='par_1_44' title="bbox 513 2665 2085 2736">
     <span class='ocr_line' id='line_1_44' title="bbox 513 2665 2085 2736; baseline -0.002 -12"><span class='ocrx_word' id='word_1_323' title='bbox 513 2671 694 2724; x_wconf 91' lang='lat' dir='ltr'><strong>triduo</strong></span> <span class='ocrx_word' id='word_1_324' title='bbox 726 2682 1025 2735; x_wconf 81' lang='lat' dir='ltr'><strong>resurgam.</strong></span> <span class='ocrx_word' id='word_1_325' title='bbox 1060 2665 1215 2721; x_wconf 87' lang='lat' dir='ltr'><strong>Nunc</strong></span> <span class='ocrx_word' id='word_1_326' title='bbox 1239 2680 1371 2720; x_wconf 92' lang='lat' dir='ltr'><strong>vero</strong></span> <span class='ocrx_word' id='word_1_327' title='bbox 1401 2680 1522 2720; x_wconf 91' lang='lat' dir='ltr'><strong>cum</strong></span> <span class='ocrx_word' id='word_1_328' title='bbox 1550 2665 1768 2731; x_wconf 83' lang='lat' dir='ltr'><strong>doceat,</strong></span> <span class='ocrx_word' id='word_1_329' title='bbox 1798 2673 1853 2721; x_wconf 91' lang='lat' dir='ltr'><strong>et</strong></span> <span class='ocrx_word' id='word_1_330' title='bbox 1902 2667 2085 2736; x_wconf 89' lang='lat' dir='ltr'><strong>templi</strong></span> 
     </span>
    </p>
   </div>
   <div class='ocr_carea' id='block_1_45' title="bbox 511 2756 2083 2828">
    <p class='ocr_par' dir='ltr' id='par_1_45' title="bbox 511 2756 2083 2828">
     <span class='ocr_line' id='line_1_45' title="bbox 511 2756 2083 2828; baseline -0.003 -12"><span class='ocrx_word' id='word_1_331' title='bbox 511 2762 656 2817; x_wconf 90' lang='lat' dir='ltr'><strong>illius</strong></span> <span class='ocrx_word' id='word_1_332' title='bbox 674 2760 1143 2820; x_wconf 86' lang='lat' dir='ltr'><strong>mortalitatcm,et</strong></span> <span class='ocrx_word' id='word_1_333' title='bbox 1155 2757 1507 2813; x_wconf 89' lang='lat' dir='ltr'><strong>inhabitantis</strong></span> <span class='ocrx_word' id='word_1_334' title='bbox 1520 2756 1747 2812; x_wconf 87' lang='lat' dir='ltr'><strong>Deitatis</strong></span> <span class='ocrx_word' id='word_1_335' title='bbox 1763 2759 2083 2828; x_wconf 89' lang='lat' dir='ltr'><strong>potentiam,</strong></span> 
     </span>
    </p>
   </div>
   <div class='ocr_carea' id='block_1_46' title="bbox 514 2850 2088 2921">
    <p class='ocr_par' dir='ltr' id='par_1_46' title="bbox 514 2850 2088 2921">
     <span class='ocr_line' id='line_1_46' title="bbox 514 2850 2088 2921; baseline -0.001 -14"><span class='ocrx_word' id='word_1_336' title='bbox 514 2871 537 2907; x_wconf 77' lang='grc' dir='ltr'><strong>ι</strong></span> <span class='ocrx_word' id='word_1_337' title='bbox 578 2853 804 2919; x_wconf 81' lang='lat' dir='ltr'><strong>Solvite,</strong></span> <span class='ocrx_word' id='word_1_338' title='bbox 837 2851 1041 2921; x_wconf 91' lang='lat' dir='ltr'><strong>inquit,</strong></span> <span class='ocrx_word' id='word_1_339' title='bbox 1061 2850 1319 2921; x_wconf 87' lang='lat' dir='ltr'><strong>templum</strong></span> <span class='ocrx_word' id='word_1_340' title='bbox 1355 2850 1482 2914; x_wconf 86' lang='lat' dir='ltr'><strong>hoc,</strong></span> <span class='ocrx_word' id='word_1_341' title='bbox 1508 2859 1563 2905; x_wconf 91' lang='lat' dir='ltr'><strong>et</strong></span> <span class='ocrx_word' id='word_1_342' title='bbox 1595 2864 1695 2921; x_wconf 86' lang='lat' dir='ltr'><strong>ego</strong></span> <span class='ocrx_word' id='word_1_343' title='bbox 1731 2851 1910 2906; x_wconf 90' lang='lat' dir='ltr'><strong>triduo</strong></span> <span class='ocrx_word' id='word_1_344' title='bbox 1935 2850 2088 2906; x_wconf 73' lang='lat' dir='ltr'><strong>exci-</strong></span> 
     </span>
    </p>
   </div>
   <div class='ocr_carea' id='block_1_47' title="bbox 511 2928 2078 3011">
    <p class='ocr_par' dir='ltr' id='par_1_47' title="bbox 511 2928 2078 3011">
     <span class='ocr_line' id='line_1_47' title="bbox 511 2928 2078 3011; baseline -0.002 -9"><span class='ocrx_word' id='word_1_345' title='bbox 511 2947 637 3002; x_wconf 90' lang='lat' dir='ltr'><strong>tabo</strong></span> <span class='ocrx_word' id='word_1_346' title='bbox 663 2945 811 2999; x_wconf 85' lang='lat' dir='ltr'><strong>iliud.</strong></span> <span class='ocrx_word' id='word_1_347' title='bbox 852 2962 871 2996; x_wconf 73' lang='grc'><strong>»</strong></span> <span class='ocrx_word' id='word_1_348' title='bbox 916 2928 1033 2998; x_wconf 88' lang='lat' dir='ltr'><strong>Non</strong></span> <span class='ocrx_word' id='word_1_349' title='bbox 1057 2942 1203 2998; x_wconf 89' lang='lat' dir='ltr'><strong>enim</strong></span> <span class='ocrx_word' id='word_1_350' title='bbox 1236 2956 1360 3011; x_wconf 86' lang='lat' dir='ltr'><strong>ego,</strong></span> <span class='ocrx_word' id='word_1_351' title='bbox 1391 2941 1504 3008; x_wconf 90' lang='lat' dir='ltr'><strong>ait,</strong></span> <span class='ocrx_word' id='word_1_352' title='bbox 1539 2957 1570 2996; x_wconf 87' lang='lat' dir='ltr'><strong>a</strong></span> <span class='ocrx_word' id='word_1_353' title='bbox 1600 2942 1755 2997; x_wconf 83' lang='lat' dir='ltr'><strong>vobis</strong></span> <span class='ocrx_word' id='word_1_354' title='bbox 1787 2943 2078 3011; x_wconf 89' lang='lat' dir='ltr'><strong>dissolvar,</strong></span> 
     </span>
    </p>
   </div>
   <div class='ocr_carea' id='block_1_48' title="bbox 508 3036 2083 3109">
    <p class='ocr_par' dir='ltr' id='par_1_48' title="bbox 508 3036 2083 3109">
     <span class='ocr_line' id='line_1_48' title="bbox 508 3036 2083 3109; baseline -0.001 -16"><span class='ocrx_word' id='word_1_355' title='bbox 508 3039 603 3093; x_wconf 88' lang='lat' dir='ltr'><strong>sed</strong></span> <span class='ocrx_word' id='word_1_356' title='bbox 635 3045 966 3102; x_wconf 90' lang='lat' dir='ltr'><strong>assumptum</strong></span> <span class='ocrx_word' id='word_1_357' title='bbox 1002 3051 1030 3090; x_wconf 89' lang='lat' dir='ltr'><strong>a</strong></span> <span class='ocrx_word' id='word_1_358' title='bbox 1061 3050 1147 3091; x_wconf 91' lang='lat' dir='ltr'><strong>me</strong></span> <span class='ocrx_word' id='word_1_359' title='bbox 1180 3036 1478 3105; x_wconf 89' lang='lat' dir='ltr'><strong>templum;</strong></span> <span class='ocrx_word' id='word_1_360' title='bbox 1534 3046 1587 3090; x_wconf 91' lang='lat' dir='ltr'><strong>et</strong></span> <span class='ocrx_word' id='word_1_361' title='bbox 1614 3036 1719 3092; x_wconf 89' lang='lat' dir='ltr'><strong>hoc</strong></span> <span class='ocrx_word' id='word_1_362' title='bbox 1750 3038 1965 3105; x_wconf 90' lang='lat' dir='ltr'><strong>quidem</strong></span> <span class='ocrx_word' id='word_1_363' title='bbox 2001 3039 2083 3109; x_wconf 87' lang='lat' dir='ltr'><strong>ip-</strong></span> 
     </span>
    </p>
   </div>
   <div class='ocr_carea' id='block_1_49' title="bbox 2196 1843 3677 1919">
    <p class='ocr_par' dir='ltr' id='par_1_49' title="bbox 2196 1843 3677 1919">
     <span class='ocr_line' id='line_1_49' title="bbox 2196 1843 3677 1919; baseline -0.011 -6"><span class='ocrx_word' id='word_1_364' title='bbox 2196 1843 2375 1915; x_wconf 75' lang='grc' dir='ltr'>ψυχῆς</span> <span class='ocrx_word' id='word_1_365' title='bbox 2411 1845 2707 1917; x_wconf 70' lang='grc' dir='ltr'>ἐργάζεται</span> <span class='ocrx_word' id='word_1_366' title='bbox 2736 1847 3050 1919; x_wconf 79' lang='grc' dir='ltr'>χωρισμόςο</span> <span class='ocrx_word' id='word_1_367' title='bbox 3102 1850 3151 1903; x_wconf 90' lang='grc' dir='ltr'><strong>εί</strong></span> <span class='ocrx_word' id='word_1_368' title='bbox 3178 1848 3359 1902; x_wconf 77' lang='grc' dir='ltr'>τοίνυν</span> <span class='ocrx_word' id='word_1_369' title='bbox 3397 1848 3590 1902; x_wconf 82' lang='grc' dir='ltr'>Ἰουδαῖοι</span> <span class='ocrx_word' id='word_1_370' title='bbox 3620 1846 3677 1897; x_wconf 72' lang='grc' dir='ltr'><strong>τὸν</strong></span> 
     </span>
    </p>
   </div>
   <div class='ocr_carea' id='block_1_50' title="bbox 2195 1935 3678 2011">
    <p class='ocr_par' dir='ltr' id='par_1_50' title="bbox 2195 1935 3678 2011">
     <span class='ocr_line' id='line_1_50' title="bbox 2195 1935 3678 2011; baseline 0.005 -23"><span class='ocrx_word' id='word_1_371' title='bbox 2195 1935 2324 1989; x_wconf 78' lang='grc' dir='ltr'>ναὸν</span> <span class='ocrx_word' id='word_1_372' title='bbox 2372 1935 2571 1991; x_wconf 76' lang='grc' dir='ltr'>ἔλυσαν</span> <span class='ocrx_word' id='word_1_373' title='bbox 2611 1938 2835 2010; x_wconf 85' lang='grc' dir='ltr'>σταυρῷ</span> <span class='ocrx_word' id='word_1_374' title='bbox 2878 1939 2976 1992; x_wconf 74' lang='grc' dir='ltr'>καὶ</span> <span class='ocrx_word' id='word_1_375' title='bbox 3025 1938 3249 2010; x_wconf 81' lang='grc' dir='ltr'>θανάτῳ</span> <span class='ocrx_word' id='word_1_376' title='bbox 3296 1937 3678 2011; x_wconf 52' lang='grc' dir='ltr'>παραδεδωκὼς.</span> 
     </span>
    </p>
   </div>
   <div class='ocr_carea' id='block_1_51' title="bbox 2193 2026 3679 2102">
    <p class='ocr_par' dir='ltr' id='par_1_51' title="bbox 2193 2026 3679 2102">
     <span class='ocr_line' id='line_1_51' title="bbox 2193 2026 3679 2102; baseline 0.005 -22"><span class='ocrx_word' id='word_1_377' title='bbox 2193 2026 2349 2093; x_wconf 80' lang='grc' dir='ltr'>λύσις</span> <span class='ocrx_word' id='word_1_378' title='bbox 2372 2027 2429 2082; x_wconf 87' lang='grc' dir='ltr'><strong>δὲ</strong></span> <span class='ocrx_word' id='word_1_379' title='bbox 2460 2028 2591 2083; x_wconf 88' lang='grc' dir='ltr'>ναοῦ</span> <span class='ocrx_word' id='word_1_380' title='bbox 2614 2029 2723 2083; x_wconf 85' lang='grc' dir='ltr'><strong>τῶν</strong></span> <span class='ocrx_word' id='word_1_381' title='bbox 2744 2028 3111 2101; x_wconf 83' lang='grc' dir='ltr'>συνημμένων</span> <span class='ocrx_word' id='word_1_382' title='bbox 3140 2033 3169 2085; x_wconf 85' lang='grc' dir='ltr'>ὁ</span> <span class='ocrx_word' id='word_1_383' title='bbox 3195 2031 3481 2102; x_wconf 82' lang='grc' dir='ltr'>χωρισμὸς,</span> <span class='ocrx_word' id='word_1_384' title='bbox 3499 2028 3679 2087; x_wconf 44' lang='grc' dir='ltr'>όδὲΘεῗ</span> 
     </span>
    </p>
   </div>
   <div class='ocr_carea' id='block_1_52' title="bbox 2194 2117 3680 2193">
    <p class='ocr_par' dir='ltr' id='par_1_52' title="bbox 2194 2117 3680 2193">
     <span class='ocr_line' id='line_1_52' title="bbox 2194 2117 3680 2193; baseline 0.005 -22"><span class='ocrx_word' id='word_1_385' title='bbox 2194 2119 2369 2187; x_wconf 86' lang='grc' dir='ltr'>Λόγος</span> <span class='ocrx_word' id='word_1_386' title='bbox 2401 2118 2590 2173; x_wconf 91' lang='grc' dir='ltr'>τοῦτον</span> <span class='ocrx_word' id='word_1_387' title='bbox 2636 2120 2870 2175; x_wconf 80' lang='grc' dir='ltr'>λυθέντα</span> <span class='ocrx_word' id='word_1_388' title='bbox 2925 2122 3215 2193; x_wconf 85' lang='grc' dir='ltr'>ἀνέστησε,</span> <span class='ocrx_word' id='word_1_389' title='bbox 3259 2124 3425 2193; x_wconf 80' lang='grc' dir='ltr'>σαφὲς</span> <span class='ocrx_word' id='word_1_390' title='bbox 3450 2117 3577 2193; x_wconf 76' lang='grc' dir='ltr'>οίμαι</span> <span class='ocrx_word' id='word_1_391' title='bbox 3609 2122 3680 2179; x_wconf 60' lang='lat' dir='ltr'><strong>vi;</strong></span> 
     </span>
    </p>
   </div>
   <div class='ocr_carea' id='block_1_53' title="bbox 2193 2209 3681 2284">
    <p class='ocr_par' dir='ltr' id='par_1_53' title="bbox 2193 2209 3681 2284">
     <span class='ocr_line' id='line_1_53' title="bbox 2193 2209 3681 2284; baseline -0.001 -21"><span class='ocrx_word' id='word_1_392' title='bbox 2193 2209 2483 2283; x_wconf 68' lang='grc' dir='ltr'>ἔμφροσιν,</span> <span class='ocrx_word' id='word_1_393' title='bbox 2521 2210 2596 2275; x_wconf 86' lang='grc' dir='ltr'>ὡς</span> <span class='ocrx_word' id='word_1_394' title='bbox 2628 2213 2730 2266; x_wconf 86' lang='grc' dir='ltr'>οὐκ</span> <span class='ocrx_word' id='word_1_395' title='bbox 2774 2213 2982 2284; x_wconf 78' lang='grc' dir='ltr'>ἄψυχον</span> <span class='ocrx_word' id='word_1_396' title='bbox 3014 2214 3138 2268; x_wconf 81' lang='grc' dir='ltr'>οὐδὲ</span> <span class='ocrx_word' id='word_1_397' title='bbox 3160 2215 3355 2282; x_wconf 82' lang='grc' dir='ltr'>ἄνουν,</span> <span class='ocrx_word' id='word_1_398' title='bbox 3399 2214 3516 2268; x_wconf 84' lang='grc' dir='ltr'><strong>ἀλλά</strong></span> <span class='ocrx_word' id='word_1_399' title='bbox 3543 2212 3681 2265; x_wconf 69' lang='grc' dir='ltr'>τέλειω</span> 
     </span>
    </p>
   </div>
   <div class='ocr_carea' id='block_1_54' title="bbox 2191 2298 3682 2382">
    <p class='ocr_par' dir='ltr' id='par_1_54' title="bbox 2191 2298 3682 2382">
     <span class='ocr_line' id='line_1_54' title="bbox 2191 2298 3682 2382; baseline 0.008 -31"><span class='ocrx_word' id='word_1_400' title='bbox 2191 2298 2483 2382; x_wconf 71' lang='grc' dir='ltr'>ᾅνθρωπον</span> <span class='ocrx_word' id='word_1_401' title='bbox 2516 2303 2545 2354; x_wconf 86' lang='grc' dir='ltr'>ὁ</span> <span class='ocrx_word' id='word_1_402' title='bbox 2573 2300 2706 2366; x_wconf 81' lang='grc' dir='ltr'>Θεὸς</span> <span class='ocrx_word' id='word_1_403' title='bbox 2744 2302 3041 2357; x_wconf 78' lang='grc' dir='ltr'>ἀνελάϐετο</span> <span class='ocrx_word' id='word_1_404' title='bbox 3064 2304 3238 2375; x_wconf 85' lang='grc' dir='ltr'>Λόγος</span> <span class='ocrx_word' id='word_1_405' title='bbox 3258 2324 3274 2338; x_wconf 88' lang='grc'><strong>·</strong></span> <span class='ocrx_word' id='word_1_406' title='bbox 3310 2308 3360 2360; x_wconf 89' lang='grc' dir='ltr'><strong>εί</strong></span> <span class='ocrx_word' id='word_1_407' title='bbox 3389 2307 3487 2378; x_wconf 81' lang='grc' dir='ltr'>γὰρ</span> <span class='ocrx_word' id='word_1_408' title='bbox 3509 2304 3606 2359; x_wconf 70' lang='grc' dir='ltr'>ἀντὶ</span> <span class='ocrx_word' id='word_1_409' title='bbox 3621 2303 3682 2370; x_wconf 59' lang='grc' dir='ltr'><strong>τῆς</strong></span> 
     </span>
    </p>
   </div>
   <div class='ocr_carea' id='block_1_55' title="bbox 2190 2389 3685 2469">
    <p class='ocr_par' dir='ltr' id='par_1_55' title="bbox 2190 2389 3685 2469">
     <span class='ocr_line' id='line_1_55' title="bbox 2190 2389 3685 2469; baseline 0 -25"><span class='ocrx_word' id='word_1_410' title='bbox 2190 2389 2459 2445; x_wconf 79' lang='grc' dir='ltr'>ἀθανάτου</span> <span class='ocrx_word' id='word_1_411' title='bbox 2485 2391 2685 2463; x_wconf 78' lang='grc' dir='ltr'>ψυχῆς,</span> <span class='ocrx_word' id='word_1_412' title='bbox 2710 2394 2768 2447; x_wconf 85' lang='grc' dir='ltr'><strong>ἐν</strong></span> <span class='ocrx_word' id='word_1_413' title='bbox 2795 2392 2875 2465; x_wconf 85' lang='grc' dir='ltr'>τῷ</span> <span class='ocrx_word' id='word_1_414' title='bbox 2904 2395 3272 2465; x_wconf 81' lang='grc' dir='ltr'>ἀναληφθέντι</span> <span class='ocrx_word' id='word_1_415' title='bbox 3310 2398 3509 2469; x_wconf 82' lang='grc' dir='ltr'>σώματι</span> <span class='ocrx_word' id='word_1_416' title='bbox 3531 2396 3685 2465; x_wconf 73' lang='grc' dir='ltr'>γέγονεν</span> 
     </span>
    </p>
   </div>
   <div class='ocr_carea' id='block_1_56' title="bbox 2188 2479 3685 2555">
    <p class='ocr_par' dir='ltr' id='par_1_56' title="bbox 2188 2479 3685 2555">
     <span class='ocr_line' id='line_1_56' title="bbox 2188 2479 3685 2555; baseline 0.007 -22"><span class='ocrx_word' id='word_1_417' title='bbox 2188 2480 2218 2532; x_wconf 86' lang='grc' dir='ltr'>ὁ</span> <span class='ocrx_word' id='word_1_418' title='bbox 2261 2482 2394 2541; x_wconf 83' lang='grc' dir='ltr'>Θεὸς</span> <span class='ocrx_word' id='word_1_419' title='bbox 2416 2484 2607 2553; x_wconf 86' lang='grc' dir='ltr'>Λόγος,</span> <span class='ocrx_word' id='word_1_420' title='bbox 2641 2479 2794 2538; x_wconf 79' lang='grc' dir='ltr'>εἶπεν</span> <span class='ocrx_word' id='word_1_421' title='bbox 2826 2486 2892 2541; x_wconf 85' lang='grc' dir='ltr'>ἂν</span> <span class='ocrx_word' id='word_1_422' title='bbox 2930 2490 3045 2549; x_wconf 83' lang='grc' dir='ltr'>τοῖς</span> <span class='ocrx_word' id='word_1_423' title='bbox 3087 2487 3389 2555; x_wconf 82' lang='grc' dir='ltr'>Ἰουδαίοις·</span> <span class='ocrx_word' id='word_1_424' title='bbox 3429 2488 3606 2544; x_wconf 83' lang='grc' dir='ltr'>Λύσατέ</span> <span class='ocrx_word' id='word_1_425' title='bbox 3628 2503 3685 2553; x_wconf 77' lang='grc' dir='ltr'><strong>με.</strong></span> 
     </span>
    </p>
   </div>
   <div class='ocr_carea' id='block_1_57' title="bbox 2199 2574 3686 2653">
    <p class='ocr_par' dir='ltr' id='par_1_57' title="bbox 2199 2574 3686 2653">
     <span class='ocr_line' id='line_1_57' title="bbox 2199 2574 3686 2653; baseline 0.004 -27"><span class='ocrx_word' id='word_1_426' title='bbox 2199 2574 2293 2627; x_wconf 76' lang='grc' dir='ltr'>καὶ</span> <span class='ocrx_word' id='word_1_427' title='bbox 2332 2575 2390 2627; x_wconf 90' lang='grc' dir='ltr'><strong>ἐν</strong></span> <span class='ocrx_word' id='word_1_428' title='bbox 2443 2577 2620 2647; x_wconf 82' lang='grc' dir='ltr'>τρισὶν</span> <span class='ocrx_word' id='word_1_429' title='bbox 2665 2577 2907 2649; x_wconf 77' lang='grc' dir='ltr'>ἡμέραις</span> <span class='ocrx_word' id='word_1_430' title='bbox 2938 2580 3319 2653; x_wconf 84' lang='grc' dir='ltr'>ἀναστήσομαι</span> <span class='ocrx_word' id='word_1_431' title='bbox 3341 2599 3353 2615; x_wconf 90' lang='grc'><strong>·</strong></span> <span class='ocrx_word' id='word_1_432' title='bbox 3409 2581 3565 2635; x_wconf 80' lang='grc' dir='ltr'>νῦνδὲ</span> <span class='ocrx_word' id='word_1_433' title='bbox 3592 2578 3686 2632; x_wconf 67' lang='grc' dir='ltr'><strong>διῶο</strong></span> 
     </span>
    </p>
   </div>
   <div class='ocr_carea' id='block_1_58' title="bbox 2192 2663 3685 2742">
    <p class='ocr_par' dir='ltr' id='par_1_58' title="bbox 2192 2663 3685 2742">
     <span class='ocr_line' id='line_1_58' title="bbox 2192 2663 3685 2742; baseline 0.006 -28"><span class='ocrx_word' id='word_1_434' title='bbox 2192 2679 2359 2726; x_wconf 86' lang='grc' dir='ltr'>σκων,</span> <span class='ocrx_word' id='word_1_435' title='bbox 2391 2664 2485 2717; x_wconf 76' lang='grc' dir='ltr'>καὶ</span> <span class='ocrx_word' id='word_1_436' title='bbox 2519 2663 2614 2718; x_wconf 88' lang='grc' dir='ltr'><strong>τοῦ</strong></span> <span class='ocrx_word' id='word_1_437' title='bbox 2654 2665 2784 2719; x_wconf 91' lang='grc' dir='ltr'>ναοῦ</span> <span class='ocrx_word' id='word_1_438' title='bbox 2818 2668 2880 2721; x_wconf 85' lang='grc' dir='ltr'>τὸ</span> <span class='ocrx_word' id='word_1_439' title='bbox 2906 2668 3206 2737; x_wconf 89' lang='grc' dir='ltr'>τηνικαῦτα</span> <span class='ocrx_word' id='word_1_440' title='bbox 3231 2672 3300 2725; x_wconf 83' lang='grc' dir='ltr'>τὸ</span> <span class='ocrx_word' id='word_1_441' title='bbox 3341 2671 3538 2742; x_wconf 81' lang='grc' dir='ltr'>θνητὸν,</span> <span class='ocrx_word' id='word_1_442' title='bbox 3559 2666 3685 2722; x_wconf 57' lang='grc' dir='ltr'>καὶτὸ</span> 
     </span>
    </p>
   </div>
   <div class='ocr_carea' id='block_1_59' title="bbox 2186 2748 3686 2830">
    <p class='ocr_par' dir='ltr' id='par_1_59' title="bbox 2186 2748 3686 2830">
     <span class='ocr_line' id='line_1_59' title="bbox 2186 2748 3686 2830; baseline 0.006 -25"><span class='ocrx_word' id='word_1_443' title='bbox 2186 2748 2411 2808; x_wconf 83' lang='grc' dir='ltr'>δυνατὸν</span> <span class='ocrx_word' id='word_1_444' title='bbox 2444 2754 2543 2824; x_wconf 80' lang='grc' dir='ltr'>τῆς</span> <span class='ocrx_word' id='word_1_445' title='bbox 2577 2755 2896 2828; x_wconf 83' lang='grc' dir='ltr'>ἐνοικούσης</span> <span class='ocrx_word' id='word_1_446' title='bbox 2940 2758 3227 2830; x_wconf 76' lang='grc' dir='ltr'>Θεότητος,</span> <span class='ocrx_word' id='word_1_447' title='bbox 3284 2780 3305 2813; x_wconf 74' lang='grc' dir='ltr'><strong>ι</strong></span> <span class='ocrx_word' id='word_1_448' title='bbox 3346 2761 3561 2823; x_wconf 86' lang='grc' dir='ltr'>Λύσατε,</span> <span class='ocrx_word' id='word_1_449' title='bbox 3586 2757 3686 2825; x_wconf 54' lang='grc' dir='ltr'>φηεῇ</span> 
     </span>
    </p>
   </div>
   <div class='ocr_carea' id='block_1_60' title="bbox 2185 2844 3685 2924">
    <p class='ocr_par' dir='ltr' id='par_1_60' title="bbox 2185 2844 3685 2924">
     <span class='ocr_line' id='line_1_60' title="bbox 2185 2844 3685 2924; baseline 0.001 -28"><span class='ocrx_word' id='word_1_450' title='bbox 2185 2844 2278 2898; x_wconf 85' lang='grc' dir='ltr'>τὸν</span> <span class='ocrx_word' id='word_1_451' title='bbox 2304 2844 2430 2909; x_wconf 83' lang='grc' dir='ltr'>ναὸν</span> <span class='ocrx_word' id='word_1_452' title='bbox 2473 2844 2695 2910; x_wconf 87' lang='grc' dir='ltr'>τοῦτον,</span> <span class='ocrx_word' id='word_1_453' title='bbox 2745 2849 2838 2901; x_wconf 76' lang='grc' dir='ltr'>καὶ</span> <span class='ocrx_word' id='word_1_454' title='bbox 2870 2851 2927 2902; x_wconf 85' lang='grc' dir='ltr'><strong>ἐν</strong></span> <span class='ocrx_word' id='word_1_455' title='bbox 2972 2851 3148 2921; x_wconf 76' lang='grc' dir='ltr'>τρισὶν</span> <span class='ocrx_word' id='word_1_456' title='bbox 3190 2852 3427 2924; x_wconf 78' lang='grc' dir='ltr'>ἡμέραις</span> <span class='ocrx_word' id='word_1_457' title='bbox 3457 2848 3606 2923; x_wconf 77' lang='grc' dir='ltr'>ἐγερῶ</span> <span class='ocrx_word' id='word_1_458' title='bbox 3624 2848 3685 2901; x_wconf 64' lang='grc' dir='ltr'><strong>αὐ-</strong></span> 
     </span>
    </p>
   </div>
   <div class='ocr_carea' id='block_1_61' title="bbox 2184 2935 3690 3016">
    <p class='ocr_par' dir='ltr' id='par_1_61' title="bbox 2184 2935 3690 3016">
     <span class='ocr_line' id='line_1_61' title="bbox 2184 2935 3690 3016; baseline 0.007 -27"><span class='ocrx_word' id='word_1_459' title='bbox 2184 2935 2275 2991; x_wconf 88' lang='grc' dir='ltr'><strong>τόν</strong></span> <span class='ocrx_word' id='word_1_460' title='bbox 2296 2955 2308 2966; x_wconf 91' lang='grc'><strong>·</strong></span> <span class='ocrx_word' id='word_1_461' title='bbox 2341 2956 2360 2989; x_wconf 83' lang='grc'><strong>›</strong></span> <span class='ocrx_word' id='word_1_462' title='bbox 2389 2940 2452 2993; x_wconf 82' lang='grc' dir='ltr'><strong>οῦ</strong></span> <span class='ocrx_word' id='word_1_463' title='bbox 2484 2940 2594 3012; x_wconf 78' lang='grc' dir='ltr'><strong>γὰρ</strong></span> <span class='ocrx_word' id='word_1_464' title='bbox 2629 2941 2760 3010; x_wconf 85' lang='grc' dir='ltr'>ἐγὼ,</span> <span class='ocrx_word' id='word_1_465' title='bbox 2778 2943 2964 3013; x_wconf 76' lang='grc' dir='ltr'>φησὶν,</span> <span class='ocrx_word' id='word_1_466' title='bbox 2994 2944 3084 3014; x_wconf 76' lang='grc' dir='ltr'><strong>ὑφ’</strong></span> <span class='ocrx_word' id='word_1_467' title='bbox 3115 2945 3272 3016; x_wconf 82' lang='grc' dir='ltr'>ὑμῶν</span> <span class='ocrx_word' id='word_1_468' title='bbox 3299 2945 3597 3016; x_wconf 77' lang='grc' dir='ltr'>λυθήσομαι,</span> <span class='ocrx_word' id='word_1_469' title='bbox 3616 2940 3690 2995; x_wconf 66' lang='grc' dir='ltr'>άλῖ</span> 
     </span>
    </p>
   </div>
   <div class='ocr_carea' id='block_1_62' title="bbox 2185 3028 3689 3103">
    <p class='ocr_par' dir='ltr' id='par_1_62' title="bbox 2185 3028 3689 3103">
     <span class='ocr_line' id='line_1_62' title="bbox 2185 3028 3689 3103; baseline 0.005 -23"><span class='ocrx_word' id='word_1_470' title='bbox 2185 3030 2213 3080; x_wconf 89' lang='grc' dir='ltr'>ὀ</span> <span class='ocrx_word' id='word_1_471' title='bbox 2242 3028 2472 3099; x_wconf 71' lang='grc' dir='ltr'>ληφθεὶς</span> <span class='ocrx_word' id='word_1_472' title='bbox 2509 3033 2601 3084; x_wconf 83' lang='grc' dir='ltr'><strong>ὑπ’</strong></span> <span class='ocrx_word' id='word_1_473' title='bbox 2650 3032 2786 3102; x_wconf 85' lang='grc' dir='ltr'>ἐμοῦ</span> <span class='ocrx_word' id='word_1_474' title='bbox 2827 3036 2986 3099; x_wconf 90' lang='grc' dir='ltr'>ναός·</span> <span class='ocrx_word' id='word_1_475' title='bbox 3019 3037 3114 3088; x_wconf 77' lang='grc' dir='ltr'>καὶ</span> <span class='ocrx_word' id='word_1_476' title='bbox 3146 3030 3306 3103; x_wconf 74' lang='grc' dir='ltr'>οὗτος</span> <span class='ocrx_word' id='word_1_477' title='bbox 3336 3039 3392 3092; x_wconf 80' lang='grc' dir='ltr'><strong>δὲ</strong></span> <span class='ocrx_word' id='word_1_478' title='bbox 3432 3037 3611 3099; x_wconf 83' lang='grc' dir='ltr'>λύεται,</span> <span class='ocrx_word' id='word_1_479' title='bbox 3635 3034 3689 3083; x_wconf 70' lang='lat' dir='ltr'><strong>iv:</strong></span> 
     </span>
    </p>
   </div>
   <div class='ocr_carea' id='block_1_63' title="bbox 508 3107 2083 3201">
    <p class='ocr_par' dir='ltr' id='par_1_63' title="bbox 508 3127 2080 3201">
     <span class='ocr_line' id='line_1_63' title="bbox 508 3127 2080 3201; baseline 0 -14"><span class='ocrx_word' id='word_1_480' title='bbox 508 3147 628 3187; x_wconf 88' lang='lat' dir='ltr'><strong>sum</strong></span> <span class='ocrx_word' id='word_1_481' title='bbox 660 3130 730 3184; x_wconf 88' lang='lat' dir='ltr'><strong>ita</strong></span> <span class='ocrx_word' id='word_1_482' title='bbox 760 3128 1073 3184; x_wconf 88' lang='lat' dir='ltr'><strong>dissolvitur</strong></span> <span class='ocrx_word' id='word_1_483' title='bbox 1102 3166 1118 3192; x_wconf 93' lang='lat'><strong>,</strong></span> <span class='ocrx_word' id='word_1_484' title='bbox 1152 3136 1212 3181; x_wconf 88' lang='lat' dir='ltr'><strong>ut</strong></span> <span class='ocrx_word' id='word_1_485' title='bbox 1244 3127 1469 3183; x_wconf 89' lang='lat' dir='ltr'><strong>meliore</strong></span> <span class='ocrx_word' id='word_1_486' title='bbox 1502 3130 1904 3184; x_wconf 83' lang='lat' dir='ltr'><strong>resurrectione</strong></span> <span class='ocrx_word' id='word_1_487' title='bbox 1931 3142 2080 3201; x_wconf 83' lang='lat' dir='ltr'><strong>post-</strong></span> 
     </span>
    </p>
   </div>
   <div class='ocr_carea' id='block_1_64' title="bbox 2188 3107 3691 3201">
    <p class='ocr_par' dir='ltr' id='par_1_64' title="bbox 2188 3120 3691 3201">
     <span class='ocr_line' id='line_1_64' title="bbox 2188 3120 3691 3201; baseline 0.005 -30"><span class='ocrx_word' id='word_1_488' title='bbox 2188 3120 2497 3189; x_wconf 85' lang='grc' dir='ltr'>κρείττονος</span> <span class='ocrx_word' id='word_1_489' title='bbox 2538 3123 2893 3190; x_wconf 84' lang='grc' dir='ltr'>ἀναστάσεως</span> <span class='ocrx_word' id='word_1_490' title='bbox 2946 3127 3253 3201; x_wconf 81' lang='grc' dir='ltr'>ἀπολαύσῃ,</span> <span class='ocrx_word' id='word_1_491' title='bbox 3309 3130 3396 3182; x_wconf 82' lang='grc' dir='ltr'><strong>ἴνα</strong></span> <span class='ocrx_word' id='word_1_492' title='bbox 3430 3129 3523 3200; x_wconf 83' lang='grc' dir='ltr'><strong>τὴν</strong></span> <span class='ocrx_word' id='word_1_493' title='bbox 3553 3126 3691 3193; x_wconf 64' lang='grc' dir='ltr'>θνητὴ-δ</span> 
     </span>
    </p>
   </div>
   <div class='ocr_carea' id='block_1_65' title="bbox 505 3218 2079 3287">
    <p class='ocr_par' dir='ltr' id='par_1_65' title="bbox 505 3218 2079 3287">
     <span class='ocr_line' id='line_1_65' title="bbox 505 3218 2079 3287; baseline -0.002 -8"><span class='ocrx_word' id='word_1_494' title='bbox 505 3239 569 3279; x_wconf 90' lang='lat' dir='ltr'><strong>ea</strong></span> <span class='ocrx_word' id='word_1_495' title='bbox 611 3223 843 3286; x_wconf 82' lang='lat' dir='ltr'><strong>fruatur,</strong></span> <span class='ocrx_word' id='word_1_496' title='bbox 875 3229 933 3274; x_wconf 92' lang='lat' dir='ltr'><strong>ut</strong></span> <span class='ocrx_word' id='word_1_497' title='bbox 960 3218 1245 3274; x_wconf 87' lang='lat' dir='ltr'><strong>mortalem</strong></span> <span class='ocrx_word' id='word_1_498' title='bbox 1277 3220 1515 3287; x_wconf 88' lang='lat' dir='ltr'><strong>deponat</strong></span> <span class='ocrx_word' id='word_1_499' title='bbox 1550 3230 1826 3286; x_wconf 89' lang='lat' dir='ltr'><strong>naturam,</strong></span> <span class='ocrx_word' id='word_1_500' title='bbox 1864 3231 1923 3275; x_wconf 94' lang='lat' dir='ltr'><strong>ut</strong></span> <span class='ocrx_word' id='word_1_501' title='bbox 1956 3237 2079 3277; x_wconf 88' lang='lat' dir='ltr'><strong>cor-</strong></span> 
     </span>
    </p>
   </div>
   <div class='ocr_carea' id='block_1_66' title="bbox 506 3310 2077 3385">
    <p class='ocr_par' dir='ltr' id='par_1_66' title="bbox 506 3310 2077 3385">
     <span class='ocr_line' id='line_1_66' title="bbox 506 3310 2077 3385; baseline -0.001 -17"><span class='ocrx_word' id='word_1_502' title='bbox 506 3315 810 3385; x_wconf 85' lang='lat' dir='ltr'><strong>ruptionem</strong></span> <span class='ocrx_word' id='word_1_503' title='bbox 839 3320 1004 3365; x_wconf 76' lang='lat' dir='ltr'><strong>exuat</strong></span> <span class='ocrx_word' id='word_1_504' title='bbox 1032 3318 1088 3364; x_wconf 89' lang='lat' dir='ltr'><strong>et</strong></span> <span class='ocrx_word' id='word_1_505' title='bbox 1120 3310 1307 3365; x_wconf 88' lang='lat' dir='ltr'><strong>induat</strong></span> <span class='ocrx_word' id='word_1_506' title='bbox 1332 3311 1816 3383; x_wconf 79' lang='lat' dir='ltr'><strong>incorruptionem,</strong></span> <span class='ocrx_word' id='word_1_507' title='bbox 1855 3314 2077 3385; x_wconf 72' lang='lat' dir='ltr'><strong>829m</strong></span> 
     </span>
    </p>
   </div>
   <div class='ocr_carea' id='block_1_67' title="bbox 505 3400 2078 3470">
    <p class='ocr_par' dir='ltr' id='par_1_67' title="bbox 505 3400 2078 3470">
     <span class='ocr_line' id='line_1_67' title="bbox 505 3400 2078 3470; baseline 0.003 -14"><span class='ocrx_word' id='word_1_508' title='bbox 505 3414 565 3457; x_wconf 94' lang='lat' dir='ltr'><strong>ut</strong></span> <span class='ocrx_word' id='word_1_509' title='bbox 595 3404 786 3457; x_wconf 92' lang='lat' dir='ltr'><strong>mortis</strong></span> <span class='ocrx_word' id='word_1_510' title='bbox 817 3400 1106 3470; x_wconf 86' lang='lat' dir='ltr'><strong>imperium</strong></span> <span class='ocrx_word' id='word_1_511' title='bbox 1170 3402 1435 3465; x_wconf 88' lang='lat' dir='ltr'><strong>destruat,</strong></span> <span class='ocrx_word' id='word_1_512' title='bbox 1464 3410 1523 3454; x_wconf 90' lang='lat' dir='ltr'><strong>ut</strong></span> <span class='ocrx_word' id='word_1_513' title='bbox 1570 3402 1664 3455; x_wconf 86' lang='lat' dir='ltr'><strong>liat</strong></span> <span class='ocrx_word' id='word_1_514' title='bbox 1694 3402 2078 3460; x_wconf 87' lang='lat' dir='ltr'><strong>dormientium</strong></span> 
     </span>
    </p>
   </div>
   <div class='ocr_carea' id='block_1_68' title="bbox 504 3491 2073 3566">
    <p class='ocr_par' dir='ltr' id='par_1_68' title="bbox 504 3491 2073 3566">
     <span class='ocr_line' id='line_1_68' title="bbox 504 3491 2073 3566; baseline 0.002 -19"><span class='ocrx_word' id='word_1_515' title='bbox 504 3495 796 3564; x_wconf 83' lang='lat' dir='ltr'><strong>primitiae,</strong></span> <span class='ocrx_word' id='word_1_516' title='bbox 860 3502 918 3547; x_wconf 90' lang='lat' dir='ltr'><strong>ut</strong></span> <span class='ocrx_word' id='word_1_517' title='bbox 954 3491 1337 3560; x_wconf 75' lang='lat' dir='ltr'><strong>corruptionis</strong></span> <span class='ocrx_word' id='word_1_518' title='bbox 1387 3492 1667 3549; x_wconf 88' lang='lat' dir='ltr'><strong>doloribus</strong></span> <span class='ocrx_word' id='word_1_519' title='bbox 1731 3495 1925 3551; x_wconf 89' lang='lat' dir='ltr'><strong>solutis</strong></span> <span class='ocrx_word' id='word_1_520' title='bbox 1969 3512 2073 3566; x_wconf 87' lang='lat' dir='ltr'><strong>ap-</strong></span> 
     </span>
    </p>
   </div>
   <div class='ocr_carea' id='block_1_69' title="bbox 503 3584 2078 3657">
    <p class='ocr_par' dir='ltr' id='par_1_69' title="bbox 503 3584 2078 3657">
     <span class='ocr_line' id='line_1_69' title="bbox 503 3584 2078 3657; baseline 0.004 -20"><span class='ocrx_word' id='word_1_521' title='bbox 503 3596 691 3655; x_wconf 82' lang='lat' dir='ltr'><strong>pareat</strong></span> <span class='ocrx_word' id='word_1_522' title='bbox 713 3594 1044 3640; x_wconf 87' lang='lat' dir='ltr'><strong>mortuorum</strong></span> <span class='ocrx_word' id='word_1_523' title='bbox 1067 3584 1492 3654; x_wconf 79' lang='lat' dir='ltr'><strong>.pritnogenitus,</strong></span> <span class='ocrx_word' id='word_1_524' title='bbox 1548 3595 1602 3640; x_wconf 91' lang='lat' dir='ltr'><strong>et</strong></span> <span class='ocrx_word' id='word_1_525' title='bbox 1641 3589 1858 3657; x_wconf 86' lang='lat' dir='ltr'><strong>propria</strong></span> <span class='ocrx_word' id='word_1_526' title='bbox 1895 3604 2078 3643; x_wconf 88' lang='lat' dir='ltr'><strong>resur-</strong></span> 
     </span>
    </p>
   </div>
   <div class='ocr_carea' id='block_1_70' title="bbox 501 3677 2073 3750">
    <p class='ocr_par' dir='ltr' id='par_1_70' title="bbox 501 3677 2073 3750">
     <span class='ocr_line' id='line_1_70' title="bbox 501 3677 2073 3750; baseline 0.002 -16"><span class='ocrx_word' id='word_1_527' title='bbox 501 3678 744 3734; x_wconf 79' lang='lat' dir='ltr'><strong>rectione</strong></span> <span class='ocrx_word' id='word_1_528' title='bbox 799 3677 1036 3733; x_wconf 90' lang='lat' dir='ltr'><strong>omnium</strong></span> <span class='ocrx_word' id='word_1_529' title='bbox 1099 3677 1378 3731; x_wconf 74' lang='lat' dir='ltr'><strong>hominum</strong></span> <span class='ocrx_word' id='word_1_530' title='bbox 1434 3680 1889 3736; x_wconf 73' lang='lat' dir='ltr'><strong>resurrectionem</strong></span> <span class='ocrx_word' id='word_1_531' title='bbox 1945 3697 2073 3750; x_wconf 84' lang='lat' dir='ltr'><strong>por-</strong></span> 
     </span>
    </p>
   </div>
   <div class='ocr_carea' id='block_1_71' title="bbox 502 3770 707 3826">
    <p class='ocr_par' dir='ltr' id='par_1_71' title="bbox 502 3770 707 3826">
     <span class='ocr_line' id='line_1_71' title="bbox 502 3770 707 3826; baseline 0.01 -3"><span class='ocrx_word' id='word_1_532' title='bbox 502 3770 707 3826; x_wconf 86' lang='lat' dir='ltr'><strong>tendat.</strong></span> 
     </span>
    </p>
   </div>
   <div class='ocr_carea' id='block_1_72' title="bbox 501 3907 2073 3977">
    <p class='ocr_par' dir='ltr' id='par_1_72' title="bbox 501 3907 2073 3977">
     <span class='ocr_line' id='line_1_72' title="bbox 501 3907 2073 3977; baseline 0.002 -15"><span class='ocrx_word' id='word_1_533' title='bbox 501 3907 642 3964; x_wconf 79' lang='lat' dir='ltr'><strong>XIX.</strong></span> <span class='ocrx_word' id='word_1_534' title='bbox 683 3908 1066 3964; x_wconf 76' lang='lat' dir='ltr'><strong>Demonstratio</strong></span> <span class='ocrx_word' id='word_1_535' title='bbox 1100 3948 1115 3973; x_wconf 89' lang='lat'><strong>,</strong></span> <span class='ocrx_word' id='word_1_536' title='bbox 1172 3910 1313 3977; x_wconf 83' lang='lat' dir='ltr'><strong>quod</strong></span> <span class='ocrx_word' id='word_1_537' title='bbox 1359 3910 1595 3964; x_wconf 74' lang='lat' dir='ltr'><strong>animum</strong></span> <span class='ocrx_word' id='word_1_538' title='bbox 1662 3909 2073 3965; x_wconf 80' lang='lat' dir='ltr'><strong>intellectualem</strong></span> 
     </span>
    </p>
   </div>
   <div class='ocr_carea' id='block_1_73' title="bbox 888 3978 1680 4047">
    <p class='ocr_par' dir='ltr' id='par_1_73' title="bbox 888 3978 1680 4047">
     <span class='ocr_line' id='line_1_73' title="bbox 888 3978 1680 4047; baseline 0.004 -14"><span class='ocrx_word' id='word_1_539' title='bbox 888 3980 1029 4034; x_wconf 84' lang='lat' dir='ltr'><strong>Deus</strong></span> <span class='ocrx_word' id='word_1_540' title='bbox 1072 3978 1291 4034; x_wconf 77' lang='lat' dir='ltr'><strong>Verbum</strong></span> <span class='ocrx_word' id='word_1_541' title='bbox 1321 3982 1680 4047; x_wconf 74' lang='lat' dir='ltr'><strong>assumpseril.</strong></span> 
     </span>
    </p>
   </div>
   <div class='ocr_carea' id='block_1_74' title="bbox 573 4090 2073 4165">
    <p class='ocr_par' dir='ltr' id='par_1_74' title="bbox 573 4090 2073 4165">
     <span class='ocr_line' id='line_1_74' title="bbox 573 4090 2073 4165; baseline 0.005 -21"><span class='ocrx_word' id='word_1_542' title='bbox 573 4091 727 4159; x_wconf 83' lang='lat' dir='ltr'><strong>Quod</strong></span> <span class='ocrx_word' id='word_1_543' title='bbox 781 4102 961 4146; x_wconf 87' lang='lat' dir='ltr'><strong>autem</strong></span> <span class='ocrx_word' id='word_1_544' title='bbox 1011 4091 1126 4147; x_wconf 78' lang='lat' dir='ltr'><strong>haec</strong></span> <span class='ocrx_word' id='word_1_545' title='bbox 1156 4091 1228 4146; x_wconf 92' lang='lat' dir='ltr'><strong>ita</strong></span> <span class='ocrx_word' id='word_1_546' title='bbox 1263 4105 1323 4147; x_wconf 93' lang='lat' dir='ltr'><strong>se</strong></span> <span class='ocrx_word' id='word_1_547' title='bbox 1348 4090 1613 4155; x_wconf 82' lang='lat' dir='ltr'><strong>habeant,</strong></span> <span class='ocrx_word' id='word_1_548' title='bbox 1657 4100 1888 4149; x_wconf 88' lang='lat' dir='ltr'><strong>testatur</strong></span> <span class='ocrx_word' id='word_1_549' title='bbox 1940 4109 2073 4165; x_wconf 91' lang='lat' dir='ltr'><strong>apo-</strong></span> 
     </span>
    </p>
   </div>
   <div class='ocr_carea' id='block_1_75' title="bbox 497 4183 2072 4255">
    <p class='ocr_par' dir='ltr' id='par_1_75' title="bbox 497 4183 2072 4255">
     <span class='ocr_line' id='line_1_75' title="bbox 497 4183 2072 4255; baseline 0.003 -17"><span class='ocrx_word' id='word_1_550' title='bbox 497 4184 760 4240; x_wconf 81' lang='lat' dir='ltr'><strong>stolorum</strong></span> <span class='ocrx_word' id='word_1_551' title='bbox 790 4183 1041 4255; x_wconf 88' lang='lat' dir='ltr'><strong>princeps</strong></span> <span class='ocrx_word' id='word_1_552' title='bbox 1068 4185 1119 4238; x_wconf 91' lang='lat' dir='ltr'><strong>in</strong></span> <span class='ocrx_word' id='word_1_553' title='bbox 1144 4183 1368 4239; x_wconf 86' lang='lat' dir='ltr'><strong>Actibus</strong></span> <span class='ocrx_word' id='word_1_554' title='bbox 1391 4183 1708 4250; x_wconf 89' lang='lat' dir='ltr'><strong>dicens,non</strong></span> <span class='ocrx_word' id='word_1_555' title='bbox 1735 4184 1900 4241; x_wconf 76' lang='lat' dir='ltr'><strong>fuisse</strong></span> <span class='ocrx_word' id='word_1_556' title='bbox 1916 4186 2072 4242; x_wconf 86' lang='lat' dir='ltr'><strong>dere-</strong></span> 
     </span>
    </p>
   </div>
   <div class='ocr_carea' id='block_1_76' title="bbox 496 4274 2069 4349">
    <p class='ocr_par' dir='ltr' id='par_1_76' title="bbox 496 4274 2069 4349">
     <span class='ocr_line' id='line_1_76' title="bbox 496 4274 2069 4349; baseline 0.003 -20"><span class='ocrx_word' id='word_1_557' title='bbox 496 4278 677 4332; x_wconf 90' lang='lat' dir='ltr'><strong>lictam</strong></span> <span class='ocrx_word' id='word_1_558' title='bbox 705 4278 940 4331; x_wconf 88' lang='lat' dir='ltr'><strong>animam</strong></span> <span class='ocrx_word' id='word_1_559' title='bbox 974 4274 1094 4345; x_wconf 83' lang='lat' dir='ltr'><strong>ejus</strong></span> <span class='ocrx_word' id='word_1_560' title='bbox 1123 4275 1176 4331; x_wconf 91' lang='lat' dir='ltr'><strong>in</strong></span> <span class='ocrx_word' id='word_1_561' title='bbox 1211 4275 1445 4338; x_wconf 81' lang='lat' dir='ltr'><strong>inferno,</strong></span> <span class='ocrx_word' id='word_1_562' title='bbox 1476 4292 1651 4347; x_wconf 82' lang='lat' dir='ltr'><strong>neque</strong></span> <span class='ocrx_word' id='word_1_563' title='bbox 1686 4292 1905 4334; x_wconf 89' lang='lat' dir='ltr'><strong>carnem</strong></span> <span class='ocrx_word' id='word_1_564' title='bbox 1951 4280 2069 4349; x_wconf 89' lang='lat' dir='ltr'><strong>ejus</strong></span> 
     </span>
    </p>
   </div>
   <div class='ocr_carea' id='block_1_77' title="bbox 2182 3211 3691 3292">
    <p class='ocr_par' dir='ltr' id='par_1_77' title="bbox 2182 3211 3691 3292">
     <span class='ocr_line' id='line_1_77' title="bbox 2182 3211 3691 3292; baseline 0.005 -29"><span class='ocrx_word' id='word_1_565' title='bbox 2182 3211 2454 3282; x_wconf 82' lang='grc' dir='ltr'>ἀπόθηται</span> <span class='ocrx_word' id='word_1_566' title='bbox 2486 3214 2670 3284; x_wconf 90' lang='grc' dir='ltr'>φύσιν,</span> <span class='ocrx_word' id='word_1_567' title='bbox 2708 3217 2795 3270; x_wconf 85' lang='grc' dir='ltr'>ἵνα</span> <span class='ocrx_word' id='word_1_568' title='bbox 2818 3217 2918 3288; x_wconf 91' lang='grc' dir='ltr'><strong>τὴν</strong></span> <span class='ocrx_word' id='word_1_569' title='bbox 2947 3219 3156 3292; x_wconf 85' lang='grc' dir='ltr'>φθοράν</span> <span class='ocrx_word' id='word_1_570' title='bbox 3185 3222 3519 3292; x_wconf 80' lang='grc' dir='ltr'>ἀποδύσηται</span> <span class='ocrx_word' id='word_1_571' title='bbox 3544 3218 3691 3284; x_wconf 55' lang='grc' dir='ltr'>καὶτὴέ</span> 
     </span>
    </p>
   </div>
   <div class='ocr_carea' id='block_1_78' title="bbox 2179 3301 3695 3382">
    <p class='ocr_par' dir='ltr' id='par_1_78' title="bbox 2179 3301 3695 3382">
     <span class='ocr_line' id='line_1_78' title="bbox 2179 3301 3695 3382; baseline 0.009 -28"><span class='ocrx_word' id='word_1_572' title='bbox 2179 3301 2494 3374; x_wconf 83' lang='grc' dir='ltr'>ἀφθαρσίαν</span> <span class='ocrx_word' id='word_1_573' title='bbox 2532 3306 2843 3379; x_wconf 85' lang='grc' dir='ltr'>ἐνδύσηται,</span> <span class='ocrx_word' id='word_1_574' title='bbox 2868 3311 2957 3364; x_wconf 83' lang='grc' dir='ltr'>ἵνα</span> <span class='ocrx_word' id='word_1_575' title='bbox 2990 3312 3085 3367; x_wconf 89' lang='grc' dir='ltr'><strong>τοῦ</strong></span> <span class='ocrx_word' id='word_1_576' title='bbox 3124 3312 3364 3369; x_wconf 87' lang='grc' dir='ltr'>θανάτου</span> <span class='ocrx_word' id='word_1_577' title='bbox 3393 3313 3635 3382; x_wconf 69' lang='grc' dir='ltr'>καταλύσῃ</span> 
     </span>
    </p>
   </div>
   <div class='ocr_carea' id='block_1_79' title="bbox 2178 3395 3694 3479">
    <p class='ocr_par' dir='ltr' id='par_1_79' title="bbox 2178 3395 3694 3479">
     <span class='ocr_line' id='line_1_79' title="bbox 2178 3395 3694 3479; baseline 0.004 -32"><span class='ocrx_word' id='word_1_578' title='bbox 2178 3395 2402 3464; x_wconf 83' lang='grc' dir='ltr'>κράτος,</span> <span class='ocrx_word' id='word_1_579' title='bbox 2440 3397 2528 3449; x_wconf 87' lang='grc' dir='ltr'>ἵνα</span> <span class='ocrx_word' id='word_1_580' title='bbox 2551 3398 2658 3451; x_wconf 85' lang='grc' dir='ltr'>τῶν</span> <span class='ocrx_word' id='word_1_581' title='bbox 2691 3402 3108 3473; x_wconf 84' lang='grc' dir='ltr'>κεκοιμημένων</span> <span class='ocrx_word' id='word_1_582' title='bbox 3130 3407 3368 3479; x_wconf 79' lang='grc' dir='ltr'>ἀπαρχὴ</span> <span class='ocrx_word' id='word_1_583' title='bbox 3393 3407 3614 3477; x_wconf 82' lang='grc' dir='ltr'>γένηται,</span> <span class='ocrx_word' id='word_1_584' title='bbox 3638 3404 3694 3453; x_wconf 66' lang='grc' dir='ltr'>ἵνα</span> 
     </span>
    </p>
   </div>
   <div class='ocr_carea' id='block_1_80' title="bbox 2178 3484 3697 3570">
    <p class='ocr_par' dir='ltr' id='par_1_80' title="bbox 2178 3484 3697 3570">
     <span class='ocr_line' id='line_1_80' title="bbox 2178 3484 3697 3570; baseline -0.001 -20"><span class='ocrx_word' id='word_1_585' title='bbox 2178 3484 2347 3550; x_wconf 79' lang='grc' dir='ltr'>λύσας</span> <span class='ocrx_word' id='word_1_586' title='bbox 2375 3488 2478 3559; x_wconf 80' lang='grc' dir='ltr'><strong>τῆς</strong></span> <span class='ocrx_word' id='word_1_587' title='bbox 2500 3489 2708 3561; x_wconf 76' lang='grc' dir='ltr'>φθορᾶς</span> <span class='ocrx_word' id='word_1_588' title='bbox 2736 3493 2835 3558; x_wconf 78' lang='grc' dir='ltr'><strong>τὰς</strong></span> <span class='ocrx_word' id='word_1_589' title='bbox 2870 3495 3067 3560; x_wconf 82' lang='grc' dir='ltr'>ὠδῖνας</span> <span class='ocrx_word' id='word_1_590' title='bbox 3096 3498 3393 3570; x_wconf 78' lang='grc' dir='ltr'>ἀναδειχθῇ</span> <span class='ocrx_word' id='word_1_591' title='bbox 3417 3500 3518 3552; x_wconf 82' lang='grc' dir='ltr'>τῶν</span> <span class='ocrx_word' id='word_1_592' title='bbox 3544 3495 3697 3563; x_wconf 64' lang='grc' dir='ltr'>νεκρὼ</span> 
     </span>
    </p>
   </div>
   <div class='ocr_carea' id='block_1_81' title="bbox 2180 3577 3693 3656">
    <p class='ocr_par' dir='ltr' id='par_1_81' title="bbox 2180 3577 3693 3656">
     <span class='ocr_line' id='line_1_81' title="bbox 2180 3577 3693 3656; baseline 0.017 -29"><span class='ocrx_word' id='word_1_593' title='bbox 2180 3577 2548 3647; x_wconf 80' lang='grc' dir='ltr'>πρωτότοκος,</span> <span class='ocrx_word' id='word_1_594' title='bbox 2577 3582 2672 3635; x_wconf 85' lang='grc' dir='ltr'>καὶ</span> <span class='ocrx_word' id='word_1_595' title='bbox 2700 3583 2787 3636; x_wconf 85' lang='grc' dir='ltr'><strong>διὰ</strong></span> <span class='ocrx_word' id='word_1_596' title='bbox 2820 3586 2921 3656; x_wconf 84' lang='grc' dir='ltr'>τῆς</span> <span class='ocrx_word' id='word_1_597' title='bbox 2946 3588 3153 3653; x_wconf 79' lang='grc' dir='ltr'>οίκεὶας</span> <span class='ocrx_word' id='word_1_598' title='bbox 3190 3591 3540 3653; x_wconf 80' lang='grc' dir='ltr'>ἀναστάσεως</span> <span class='ocrx_word' id='word_1_599' title='bbox 3585 3588 3693 3652; x_wconf 67' lang='grc' dir='ltr'><strong>εὖιῒ·</strong></span> 
     </span>
    </p>
   </div>
   <div class='ocr_carea' id='block_1_82' title="bbox 2176 3668 3509 3751">
    <p class='ocr_par' dir='ltr' id='par_1_82' title="bbox 2176 3668 3509 3751">
     <span class='ocr_line' id='line_1_82' title="bbox 2176 3668 3509 3751; baseline 0.012 -32"><span class='ocrx_word' id='word_1_600' title='bbox 2176 3668 2458 3742; x_wconf 81' lang='grc' dir='ltr'>γελίσηται</span> <span class='ocrx_word' id='word_1_601' title='bbox 2489 3672 2590 3739; x_wconf 88' lang='grc' dir='ltr'><strong>τὴν</strong></span> <span class='ocrx_word' id='word_1_602' title='bbox 2616 3674 2834 3730; x_wconf 85' lang='grc' dir='ltr'>πάντων</span> <span class='ocrx_word' id='word_1_603' title='bbox 2865 3678 3167 3751; x_wconf 79' lang='grc' dir='ltr'>ἀνθρώπων</span> <span class='ocrx_word' id='word_1_604' title='bbox 3192 3682 3509 3738; x_wconf 75' lang='grc' dir='ltr'>ἀνάστασιν.</span> 
     </span>
    </p>
   </div>
   <div class='ocr_carea' id='block_1_83' title="bbox 2176 3919 3693 3998">
    <p class='ocr_par' dir='ltr' id='par_1_83' title="bbox 2176 3919 3693 3998">
     <span class='ocr_line' id='line_1_83' title="bbox 2176 3919 3693 3998; baseline 0.007 -26"><span class='ocrx_word' id='word_1_605' title='bbox 2176 3919 2275 3974; x_wconf 85' lang='grc' dir='ltr'><strong>ΙΘ’.</strong></span> <span class='ocrx_word' id='word_1_606' title='bbox 2322 3919 2650 3987; x_wconf 80' lang='grc' dir='ltr'>Ἀπόδειξις</span> <span class='ocrx_word' id='word_1_607' title='bbox 2692 3923 2781 3977; x_wconf 82' lang='grc' dir='ltr'>ὅτι</span> <span class='ocrx_word' id='word_1_608' title='bbox 2821 3926 3036 3996; x_wconf 66' lang='grc' dir='ltr'>ψυχὴν</span> <span class='ocrx_word' id='word_1_609' title='bbox 3066 3930 3292 3998; x_wconf 72' lang='grc' dir='ltr'>γοερὰν</span> <span class='ocrx_word' id='word_1_610' title='bbox 3322 3935 3357 3986; x_wconf 79' lang='grc' dir='ltr'><em>ὀ</em></span> <span class='ocrx_word' id='word_1_611' title='bbox 3393 3930 3529 3996; x_wconf 79' lang='grc' dir='ltr'>Θεό(-</span> <span class='ocrx_word' id='word_1_612' title='bbox 3559 3930 3693 3995; x_wconf 55' lang='lat' dir='ltr'><strong>MM</strong></span> 
     </span>
    </p>
   </div>
   <div class='ocr_carea' id='block_1_84' title="bbox 2847 3998 3081 4051">
    <p class='ocr_par' dir='ltr' id='par_1_84' title="bbox 2847 3998 3081 4051">
     <span class='ocr_line' id='line_1_84' title="bbox 2847 3998 3081 4051; baseline 0.004 -1"><span class='ocrx_word' id='word_1_613' title='bbox 2847 3998 3081 4051; x_wconf 75' lang='grc' dir='ltr'>ἐλαϐεν.</span> 
     </span>
    </p>
   </div>
   <div class='ocr_carea' id='block_1_85' title="bbox 2244 4104 3693 4185">
    <p class='ocr_par' dir='ltr' id='par_1_85' title="bbox 2244 4104 3693 4185">
     <span class='ocr_line' id='line_1_85' title="bbox 2244 4104 3693 4185; baseline 0.007 -29"><span class='ocrx_word' id='word_1_614' title='bbox 2244 4104 2367 4157; x_wconf 75' lang='grc' dir='ltr'><strong>Ὀτι</strong></span> <span class='ocrx_word' id='word_1_615' title='bbox 2395 4105 2451 4158; x_wconf 89' lang='grc' dir='ltr'><strong>δὲ</strong></span> <span class='ocrx_word' id='word_1_616' title='bbox 2477 4104 2651 4160; x_wconf 85' lang='grc' dir='ltr'>ταῦτα</span> <span class='ocrx_word' id='word_1_617' title='bbox 2689 4108 2866 4173; x_wconf 87' lang='grc' dir='ltr'>οῦτως</span> <span class='ocrx_word' id='word_1_618' title='bbox 2895 4110 3030 4181; x_wconf 79' lang='grc' dir='ltr'>ἔχει,</span> <span class='ocrx_word' id='word_1_619' title='bbox 3074 4117 3363 4185; x_wconf 89' lang='grc' dir='ltr'>μαρτυρεῖ</span> <span class='ocrx_word' id='word_1_620' title='bbox 3389 4115 3493 4168; x_wconf 84' lang='grc' dir='ltr'><strong>τῶν</strong></span> <span class='ocrx_word' id='word_1_621' title='bbox 3519 4110 3693 4166; x_wconf 73' lang='grc' dir='ltr'>ἀποστό-</span> 
     </span>
    </p>
   </div>
   <div class='ocr_carea' id='block_1_86' title="bbox 2170 4195 3697 4277">
    <p class='ocr_par' dir='ltr' id='par_1_86' title="bbox 2170 4195 3697 4277">
     <span class='ocr_line' id='line_1_86' title="bbox 2170 4195 3697 4277; baseline 0.005 -31"><span class='ocrx_word' id='word_1_622' title='bbox 2170 4195 2278 4247; x_wconf 85' lang='grc' dir='ltr'><strong>λων</strong></span> <span class='ocrx_word' id='word_1_623' title='bbox 2306 4197 2335 4249; x_wconf 85' lang='grc' dir='ltr'>ὁ</span> <span class='ocrx_word' id='word_1_624' title='bbox 2380 4200 2676 4268; x_wconf 87' lang='grc' dir='ltr'>κορυφαῖος</span> <span class='ocrx_word' id='word_1_625' title='bbox 2715 4201 2774 4253; x_wconf 89' lang='grc' dir='ltr'><strong>ἐν</strong></span> <span class='ocrx_word' id='word_1_626' title='bbox 2813 4204 2937 4266; x_wconf 87' lang='grc' dir='ltr'>ταῖς</span> <span class='ocrx_word' id='word_1_627' title='bbox 2981 4204 3224 4275; x_wconf 82' lang='grc' dir='ltr'>Πράξεσι</span> <span class='ocrx_word' id='word_1_628' title='bbox 3302 4207 3509 4277; x_wconf 81' lang='grc' dir='ltr'>λέγων,</span> <span class='ocrx_word' id='word_1_629' title='bbox 3538 4208 3605 4259; x_wconf 78' lang='grc' dir='ltr'>ὃτι</span> <span class='ocrx_word' id='word_1_630' title='bbox 3633 4205 3697 4255; x_wconf 73' lang='grc' dir='ltr'>οἰκ</span> 
     </span>
    </p>
   </div>
   <div class='ocr_carea' id='block_1_87' title="bbox 2171 4287 3697 4369">
    <p class='ocr_par' dir='ltr' id='par_1_87' title="bbox 2171 4287 3697 4369">
     <span class='ocr_line' id='line_1_87' title="bbox 2171 4287 3697 4369; baseline 0.012 -31"><span class='ocrx_word' id='word_1_631' title='bbox 2171 4287 2627 4362; x_wconf 79' lang='grc' dir='ltr'>ἐκγατελείφθηὴ</span> <span class='ocrx_word' id='word_1_632' title='bbox 2665 4292 2811 4364; x_wconf 74' lang='grc' dir='ltr'>ψυχὴ</span> <span class='ocrx_word' id='word_1_633' title='bbox 2848 4294 3014 4347; x_wconf 83' lang='grc' dir='ltr'>αὐτοῦ</span> <span class='ocrx_word' id='word_1_634' title='bbox 3048 4298 3127 4360; x_wconf 79' lang='grc' dir='ltr'><strong>είς</strong></span> <span class='ocrx_word' id='word_1_635' title='bbox 3174 4296 3337 4369; x_wconf 76' lang='grc' dir='ltr'>ᾅδου,</span> <span class='ocrx_word' id='word_1_636' title='bbox 3388 4299 3505 4353; x_wconf 72' lang='grc' dir='ltr'><strong>οὐδὲ</strong></span> <span class='ocrx_word' id='word_1_637' title='bbox 3546 4301 3572 4368; x_wconf 81' lang='grc' dir='ltr'>ἡ</span> <span class='ocrx_word' id='word_1_638' title='bbox 3603 4294 3697 4363; x_wconf 63' lang='grc' dir='ltr'><strong>σξιςὲ</strong></span> 
     </span>
    </p>
   </div>
   <div class='ocr_carea' id='block_1_88' title="bbox 496 4366 2083 4463">
    <p class='ocr_par' dir='ltr' id='par_1_88' title="bbox 496 4366 2068 4437">
     <span class='ocr_line' id='line_1_88' title="bbox 496 4366 2068 4437; baseline 0.003 -16"><span class='ocrx_word' id='word_1_639' title='bbox 496 4368 700 4422; x_wconf 82' lang='lat' dir='ltr'><strong>vidisse</strong></span> <span class='ocrx_word' id='word_1_640' title='bbox 741 4366 1145 4436; x_wconf 82' lang='lat' dir='ltr'><strong>corruptionem</strong></span> <span class='ocrx_word' id='word_1_641' title='bbox 1178 4366 1249 4419; x_wconf 75' lang='grc'><strong>⁸⁸.</strong></span> <span class='ocrx_word' id='word_1_642' title='bbox 1332 4366 1541 4435; x_wconf 83' lang='lat' dir='ltr'><strong>Templi</strong></span> <span class='ocrx_word' id='word_1_643' title='bbox 1575 4381 1705 4437; x_wconf 84' lang='lat' dir='ltr'><strong>ergo</strong></span> <span class='ocrx_word' id='word_1_644' title='bbox 1757 4367 1955 4424; x_wconf 88' lang='lat' dir='ltr'><strong>solutio</strong></span> <span class='ocrx_word' id='word_1_645' title='bbox 1983 4378 2068 4425; x_wconf 90' lang='lat' dir='ltr'><strong>est</strong></span> 
     </span>
    </p>
   </div>
   <div class='ocr_carea' id='block_1_89' title="bbox 2188 4366 3696 4463">
    <p class='ocr_par' dir='ltr' id='par_1_89' title="bbox 2188 4366 3696 4463">
     <span class='ocr_line' id='line_1_89' title="bbox 2188 4366 3696 4463; baseline 0.007 -32"><span class='ocrx_word' id='word_1_646' title='bbox 2188 4378 2334 4432; x_wconf 81' lang='grc' dir='ltr'>ιῦτοῦ</span> <span class='ocrx_word' id='word_1_647' title='bbox 2379 4375 2487 4434; x_wconf 75' lang='grc' dir='ltr'>οἶδε</span> <span class='ocrx_word' id='word_1_648' title='bbox 2540 4381 2855 4455; x_wconf 84' lang='grc' dir='ltr'>διαφθοράν.</span> <span class='ocrx_word' id='word_1_649' title='bbox 2903 4386 3074 4451; x_wconf 83' lang='grc' dir='ltr'>Λύσις</span> <span class='ocrx_word' id='word_1_650' title='bbox 3119 4366 3426 4463; x_wconf 79' lang='grc' dir='ltr'>τοιγαροῦν</span> <span class='ocrx_word' id='word_1_651' title='bbox 3467 4366 3696 4445; x_wconf 56' lang='grc' dir='ltr'>τούνεκά.</span> 
     </span>
    </p>
   </div>
   <div class='ocr_carea' id='block_1_90' title="bbox 492 4458 2083 4550">
    <p class='ocr_par' dir='ltr' id='par_1_90' title="bbox 492 4458 2061 4529">
     <span class='ocr_line' id='line_1_90' title="bbox 492 4458 2061 4529; baseline 0.001 -13"><span class='ocrx_word' id='word_1_652' title='bbox 492 4462 687 4516; x_wconf 76' lang='lat' dir='ltr'><strong>anima:</strong></span> <span class='ocrx_word' id='word_1_653' title='bbox 725 4475 753 4513; x_wconf 91' lang='lat' dir='ltr'><strong>a</strong></span> <span class='ocrx_word' id='word_1_654' title='bbox 789 4474 1015 4529; x_wconf 87' lang='lat' dir='ltr'><strong>corpore</strong></span> <span class='ocrx_word' id='word_1_655' title='bbox 1042 4458 1315 4528; x_wconf 82' lang='lat' dir='ltr'><strong>separatio</strong></span> <span class='ocrx_word' id='word_1_656' title='bbox 1348 4474 1364 4523; x_wconf 91' lang='lat'><strong>;</strong></span> <span class='ocrx_word' id='word_1_657' title='bbox 1413 4458 1766 4529; x_wconf 85' lang='lat' dir='ltr'><strong>vicissimque</strong></span> <span class='ocrx_word' id='word_1_658' title='bbox 1811 4476 2061 4518; x_wconf 83' lang='lat' dir='ltr'><strong>resurre-</strong></span> 
     </span>
    </p>
   </div>
   <div class='ocr_carea' id='block_1_91' title="bbox 2188 4458 3693 4550">
    <p class='ocr_par' dir='ltr' id='par_1_91' title="bbox 2188 4458 3693 4550">
     <span class='ocr_line' id='line_1_91' title="bbox 2188 4458 3693 4550; baseline 0.008 -27"><span class='ocrx_word' id='word_1_659' title='bbox 2188 4468 2348 4542; x_wconf 56' lang='lat' dir='ltr'><strong>Luxﬁc</strong></span> <span class='ocrx_word' id='word_1_660' title='bbox 2378 4473 2473 4526; x_wconf 74' lang='grc' dir='ltr'>καὶ</span> <span class='ocrx_word' id='word_1_661' title='bbox 2499 4473 2752 4545; x_wconf 84' lang='grc' dir='ltr'>σώματος</span> <span class='ocrx_word' id='word_1_662' title='bbox 2774 4481 3087 4550; x_wconf 86' lang='grc' dir='ltr'>χωρισμός·</span> <span class='ocrx_word' id='word_1_663' title='bbox 3115 4458 3414 4539; x_wconf 16' lang='grc' dir='ltr'>καὶτπάλιν</span> <span class='ocrx_word' id='word_1_664' title='bbox 3444 4485 3693 4539; x_wconf 74' lang='grc' dir='ltr'>ἀνάστασις.</span> 
     </span>
    </p>
   </div>
   <div class='ocr_carea' id='block_1_92' title="bbox 488 4552 2083 4639">
    <p class='ocr_par' dir='ltr' id='par_1_92' title="bbox 488 4552 2067 4625">
     <span class='ocr_line' id='line_1_92' title="bbox 488 4552 2067 4625; baseline 0.003 -20"><span class='ocrx_word' id='word_1_665' title='bbox 488 4555 597 4606; x_wconf 84' lang='lat' dir='ltr'><strong>ctio</strong></span> <span class='ocrx_word' id='word_1_666' title='bbox 626 4561 711 4607; x_wconf 90' lang='lat' dir='ltr'><strong>est</strong></span> <span class='ocrx_word' id='word_1_667' title='bbox 740 4552 806 4606; x_wconf 89' lang='lat' dir='ltr'><strong>ad</strong></span> <span class='ocrx_word' id='word_1_668' title='bbox 846 4552 1118 4621; x_wconf 88' lang='lat' dir='ltr'><strong>propriam</strong></span> <span class='ocrx_word' id='word_1_669' title='bbox 1164 4566 1389 4606; x_wconf 86' lang='lat' dir='ltr'><strong>carnem</strong></span> <span class='ocrx_word' id='word_1_670' title='bbox 1432 4553 1658 4607; x_wconf 86' lang='lat' dir='ltr'><strong>reditus.</strong></span> <span class='ocrx_word' id='word_1_671' title='bbox 1713 4552 1771 4608; x_wconf 87' lang='lat' dir='ltr'><strong>Si</strong></span> <span class='ocrx_word' id='word_1_672' title='bbox 1806 4568 1965 4625; x_wconf 82' lang='lat' dir='ltr'><strong>ergo,</strong></span> <span class='ocrx_word' id='word_1_673' title='bbox 2009 4565 2067 4610; x_wconf 93' lang='lat' dir='ltr'><strong>ut</strong></span> 
     </span>
    </p>
   </div>
   <div class='ocr_carea' id='block_1_93' title="bbox 2188 4552 3697 4639">
    <p class='ocr_par' dir='ltr' id='par_1_93' title="bbox 2188 4562 3697 4639">
     <span class='ocr_line' id='line_1_93' title="bbox 2188 4562 3697 4639; baseline 0.01 -25"><span class='ocrx_word' id='word_1_674' title='bbox 2188 4562 2308 4633; x_wconf 77' lang='grc' dir='ltr'>τρὸς</span> <span class='ocrx_word' id='word_1_675' title='bbox 2339 4564 2437 4633; x_wconf 86' lang='grc' dir='ltr'><strong>τὴν</strong></span> <span class='ocrx_word' id='word_1_676' title='bbox 2468 4564 2646 4635; x_wconf 81' lang='grc' dir='ltr'>σάρκα</span> <span class='ocrx_word' id='word_1_677' title='bbox 2675 4566 2773 4639; x_wconf 82' lang='grc' dir='ltr'><strong>τὴν</strong></span> <span class='ocrx_word' id='word_1_678' title='bbox 2802 4569 3012 4623; x_wconf 85' lang='grc' dir='ltr'>οίκείαν</span> <span class='ocrx_word' id='word_1_679' title='bbox 3041 4572 3314 4638; x_wconf 79' lang='grc' dir='ltr'>ἐπάνοδος</span> <span class='ocrx_word' id='word_1_680' title='bbox 3336 4593 3349 4608; x_wconf 87' lang='grc'>·</span> <span class='ocrx_word' id='word_1_681' title='bbox 3388 4578 3440 4629; x_wconf 79' lang='grc' dir='ltr'>εἰ</span> <span class='ocrx_word' id='word_1_682' title='bbox 3458 4575 3631 4636; x_wconf 78' lang='grc' dir='ltr'>τοίνυν,</span> <span class='ocrx_word' id='word_1_683' title='bbox 3649 4569 3697 4629; x_wconf 73' lang='grc' dir='ltr'>ὡς</span> 
     </span>
    </p>
   </div>
   <div class='ocr_carea' id='block_1_94' title="bbox 487 4642 2083 4736">
    <p class='ocr_par' dir='ltr' id='par_1_94' title="bbox 487 4642 2063 4713">
     <span class='ocr_line' id='line_1_94' title="bbox 487 4642 2063 4713; baseline 0.001 -14"><span class='ocrx_word' id='word_1_684' title='bbox 487 4644 759 4699; x_wconf 69' lang='lat' dir='ltr'><strong>hmrescos</strong></span> <span class='ocrx_word' id='word_1_685' title='bbox 808 4642 1147 4713; x_wconf 85' lang='lat' dir='ltr'><strong>antesignani</strong></span> <span class='ocrx_word' id='word_1_686' title='bbox 1206 4643 1382 4705; x_wconf 91' lang='lat' dir='ltr'><strong>aiunt,</strong></span> <span class='ocrx_word' id='word_1_687' title='bbox 1438 4643 1653 4699; x_wconf 85' lang='lat' dir='ltr'><strong>animas</strong></span> <span class='ocrx_word' id='word_1_688' title='bbox 1705 4643 1843 4701; x_wconf 86' lang='lat' dir='ltr'><strong>duas</strong></span> <span class='ocrx_word' id='word_1_689' title='bbox 1890 4661 2063 4701; x_wconf 88' lang='lat' dir='ltr'><strong>unus-</strong></span> 
     </span>
    </p>
   </div>
   <div class='ocr_carea' id='block_1_95' title="bbox 2188 4642 3695 4736">
    <p class='ocr_par' dir='ltr' id='par_1_95' title="bbox 2188 4655 3695 4736">
     <span class='ocr_line' id='line_1_95' title="bbox 2188 4655 3695 4736; baseline 0.005 -31"><span class='ocrx_word' id='word_1_690' title='bbox 2188 4670 2326 4707; x_wconf 75' lang='lat' dir='ltr'><strong>:aow</strong></span> <span class='ocrx_word' id='word_1_691' title='bbox 2345 4655 2395 4707; x_wconf 82' lang='grc' dir='ltr'>οἱ</span> <span class='ocrx_word' id='word_1_692' title='bbox 2426 4655 2527 4724; x_wconf 82' lang='grc' dir='ltr'>τῆς</span> <span class='ocrx_word' id='word_1_693' title='bbox 2552 4657 2819 4728; x_wconf 79' lang='grc' dir='ltr'>αἱρέσεως</span> <span class='ocrx_word' id='word_1_694' title='bbox 2845 4662 3169 4730; x_wconf 83' lang='grc' dir='ltr'>προστάται,</span> <span class='ocrx_word' id='word_1_695' title='bbox 3204 4665 3399 4736; x_wconf 77' lang='grc' dir='ltr'>ψυχὰς</span> <span class='ocrx_word' id='word_1_696' title='bbox 3424 4666 3516 4719; x_wconf 80' lang='grc' dir='ltr'><strong>δύο</strong></span> <span class='ocrx_word' id='word_1_697' title='bbox 3534 4665 3619 4717; x_wconf 82' lang='grc' dir='ltr'>τῶν</span> <span class='ocrx_word' id='word_1_698' title='bbox 3636 4660 3695 4710; x_wconf 72' lang='grc' dir='ltr'><strong>άν-</strong></span> 
     </span>
    </p>
   </div>
   <div class='ocr_carea' id='block_1_96' title="bbox 486 4734 2083 4828">
    <p class='ocr_par' dir='ltr' id='par_1_96' title="bbox 486 4734 2056 4805">
     <span class='ocr_line' id='line_1_96' title="bbox 486 4734 2056 4805; baseline 0.002 -16"><span class='ocrx_word' id='word_1_699' title='bbox 486 4736 716 4805; x_wconf 89' lang='lat' dir='ltr'><strong>quisque</strong></span> <span class='ocrx_word' id='word_1_700' title='bbox 747 4735 910 4790; x_wconf 92' lang='lat' dir='ltr'><strong>homo</strong></span> <span class='ocrx_word' id='word_1_701' title='bbox 940 4735 1098 4790; x_wconf 84' lang='lat' dir='ltr'><strong>habet</strong></span> <span class='ocrx_word' id='word_1_702' title='bbox 1120 4775 1136 4800; x_wconf 95' lang='lat'><strong>,</strong></span> <span class='ocrx_word' id='word_1_703' title='bbox 1158 4734 1377 4789; x_wconf 88' lang='lat' dir='ltr'><strong>vitalem</strong></span> <span class='ocrx_word' id='word_1_704' title='bbox 1404 4734 1682 4791; x_wconf 89' lang='lat' dir='ltr'><strong>scilicetet</strong></span> <span class='ocrx_word' id='word_1_705' title='bbox 1715 4737 2056 4804; x_wconf 82' lang='lat' dir='ltr'><strong>rationalem,</strong></span> 
     </span>
    </p>
   </div>
   <div class='ocr_carea' id='block_1_97' title="bbox 2188 4734 3697 4828">
    <p class='ocr_par' dir='ltr' id='par_1_97' title="bbox 2195 4734 3697 4828">
     <span class='ocr_line' id='line_1_97' title="bbox 2195 4734 3697 4828; baseline 0.013 -31"><span class='ocrx_word' id='word_1_706' title='bbox 2195 4743 2395 4815; x_wconf 85' lang='grc' dir='ltr'>ρώπων</span> <span class='ocrx_word' id='word_1_707' title='bbox 2432 4747 2665 4813; x_wconf 74' lang='grc' dir='ltr'>ἕκαστος</span> <span class='ocrx_word' id='word_1_708' title='bbox 2691 4749 2826 4821; x_wconf 77' lang='grc' dir='ltr'>ἔχει,</span> <span class='ocrx_word' id='word_1_709' title='bbox 2851 4752 2953 4822; x_wconf 87' lang='grc' dir='ltr'>τήν</span> <span class='ocrx_word' id='word_1_710' title='bbox 2979 4770 3040 4805; x_wconf 87' lang='grc' dir='ltr'><strong>τε</strong></span> <span class='ocrx_word' id='word_1_711' title='bbox 3071 4734 3351 4828; x_wconf 78' lang='grc' dir='ltr'>ζωτικὴν,</span> <span class='ocrx_word' id='word_1_712' title='bbox 3386 4759 3480 4812; x_wconf 81' lang='grc' dir='ltr'>καὶ</span> <span class='ocrx_word' id='word_1_713' title='bbox 3498 4756 3583 4828; x_wconf 80' lang='grc' dir='ltr'><strong>τὴν</strong></span> <span class='ocrx_word' id='word_1_714' title='bbox 3603 4753 3697 4817; x_wconf 62' lang='grc' dir='ltr'>λαγι-</span> 
     </span>
    </p>
   </div>
   <div class='ocr_carea' id='block_1_98' title="bbox 484 4825 2083 4920">
    <p class='ocr_par' dir='ltr' id='par_1_98' title="bbox 484 4825 2054 4899">
     <span class='ocr_line' id='line_1_98' title="bbox 484 4825 2054 4899; baseline 0.002 -19"><span class='ocrx_word' id='word_1_715' title='bbox 484 4836 539 4880; x_wconf 90' lang='lat' dir='ltr'><strong>et</strong></span> <span class='ocrx_word' id='word_1_716' title='bbox 569 4840 638 4881; x_wconf 91' lang='lat' dir='ltr'><strong>ne</strong></span> <span class='ocrx_word' id='word_1_717' title='bbox 666 4841 794 4881; x_wconf 90' lang='lat' dir='ltr'><strong>caro</strong></span> <span class='ocrx_word' id='word_1_718' title='bbox 818 4826 1034 4896; x_wconf 90' lang='lat' dir='ltr'><strong>quidem</strong></span> <span class='ocrx_word' id='word_1_719' title='bbox 1060 4825 1267 4896; x_wconf 89' lang='lat' dir='ltr'><strong>absque</strong></span> <span class='ocrx_word' id='word_1_720' title='bbox 1291 4825 1441 4881; x_wconf 91' lang='lat' dir='ltr'><strong>vitali</strong></span> <span class='ocrx_word' id='word_1_721' title='bbox 1476 4827 1658 4881; x_wconf 89' lang='lat' dir='ltr'><strong>anima</strong></span> <span class='ocrx_word' id='word_1_722' title='bbox 1694 4827 1921 4899; x_wconf 86' lang='lat' dir='ltr'><strong>cogitari</strong></span> <span class='ocrx_word' id='word_1_723' title='bbox 1955 4845 2054 4883; x_wconf 89' lang='lat' dir='ltr'><strong>un-</strong></span> 
     </span>
    </p>
   </div>
   <div class='ocr_carea' id='block_1_99' title="bbox 2188 4825 3695 4920">
    <p class='ocr_par' dir='ltr' id='par_1_99' title="bbox 2188 4825 3695 4920">
     <span class='ocr_line' id='line_1_99' title="bbox 2188 4825 3695 4920; baseline 0.014 -33"><span class='ocrx_word' id='word_1_724' title='bbox 2188 4834 2289 4907; x_wconf 89' lang='grc' dir='ltr'>ιὴν,</span> <span class='ocrx_word' id='word_1_725' title='bbox 2317 4837 2413 4891; x_wconf 77' lang='grc' dir='ltr'>καὶ</span> <span class='ocrx_word' id='word_1_726' title='bbox 2454 4839 2593 4911; x_wconf 81' lang='grc' dir='ltr'>σὰρξ</span> <span class='ocrx_word' id='word_1_727' title='bbox 2622 4842 2751 4895; x_wconf 78' lang='grc' dir='ltr'>ἄνευ</span> <span class='ocrx_word' id='word_1_728' title='bbox 2786 4842 2966 4913; x_wconf 79' lang='grc' dir='ltr'>ψυχῆς</span> <span class='ocrx_word' id='word_1_729' title='bbox 3001 4844 3101 4899; x_wconf 82' lang='grc' dir='ltr'><strong>οῦκ</strong></span> <span class='ocrx_word' id='word_1_730' title='bbox 3126 4845 3197 4900; x_wconf 78' lang='grc' dir='ltr'>ἄν</span> <span class='ocrx_word' id='word_1_731' title='bbox 3237 4825 3379 4903; x_wconf 78' lang='grc' dir='ltr'>ποτε</span> <span class='ocrx_word' id='word_1_732' title='bbox 3420 4825 3612 4920; x_wconf 71' lang='grc' dir='ltr'>νοηθείη</span> <span class='ocrx_word' id='word_1_733' title='bbox 3632 4842 3695 4907; x_wconf 65' lang='grc' dir='ltr'><strong>τῆἱ</strong></span> 
     </span>
    </p>
   </div>
   <div class='ocr_carea' id='block_1_100' title="bbox 484 4915 2083 5011">
    <p class='ocr_par' dir='ltr' id='par_1_100' title="bbox 484 4915 2056 4986">
     <span class='ocr_line' id='line_1_100' title="bbox 484 4915 2056 4986; baseline 0.004 -19"><span class='ocrx_word' id='word_1_734' title='bbox 484 4930 645 4984; x_wconf 89' lang='lat' dir='ltr'><strong>quam</strong></span> <span class='ocrx_word' id='word_1_735' title='bbox 661 4922 871 4984; x_wconf 89' lang='lat' dir='ltr'><strong>potest;</strong></span> <span class='ocrx_word' id='word_1_736' title='bbox 897 4930 1019 4969; x_wconf 90' lang='lat' dir='ltr'><strong>nam</strong></span> <span class='ocrx_word' id='word_1_737' title='bbox 1037 4929 1253 4983; x_wconf 90' lang='lat' dir='ltr'><strong>corpus,</strong></span> <span class='ocrx_word' id='word_1_738' title='bbox 1271 4929 1377 4969; x_wconf 91' lang='lat' dir='ltr'><strong>non</strong></span> <span class='ocrx_word' id='word_1_739' title='bbox 1401 4929 1551 4981; x_wconf 89' lang='lat' dir='ltr'><strong>caro,</strong></span> <span class='ocrx_word' id='word_1_740' title='bbox 1581 4915 1780 4986; x_wconf 89' lang='lat' dir='ltr'><strong>inquit,</strong></span> <span class='ocrx_word' id='word_1_741' title='bbox 1802 4918 1944 4986; x_wconf 90' lang='lat' dir='ltr'><strong>quod</strong></span> <span class='ocrx_word' id='word_1_742' title='bbox 1973 4929 2056 4973; x_wconf 90' lang='lat' dir='ltr'><strong>est</strong></span> 
     </span>
    </p>
   </div>
   <div class='ocr_carea' id='block_1_101' title="bbox 2188 4915 3694 5011">
    <p class='ocr_par' dir='ltr' id='par_1_101' title="bbox 2188 4915 3694 5011">
     <span class='ocr_line' id='line_1_101' title="bbox 2188 4915 3694 5011; baseline 0 -25"><span class='ocrx_word' id='word_1_743' title='bbox 2188 4927 2402 4999; x_wconf 72' lang='grc' dir='ltr'>ζωτικῆς</span> <span class='ocrx_word' id='word_1_744' title='bbox 2458 4930 2646 5002; x_wconf 83' lang='grc' dir='ltr'>(σῶμα</span> <span class='ocrx_word' id='word_1_745' title='bbox 2669 4932 2802 5005; x_wconf 83' lang='grc' dir='ltr'>γὰρ,</span> <span class='ocrx_word' id='word_1_746' title='bbox 2831 4934 2947 4989; x_wconf 85' lang='grc' dir='ltr'>ἀλλ’</span> <span class='ocrx_word' id='word_1_747' title='bbox 2975 4937 3034 4990; x_wconf 78' lang='grc' dir='ltr'>οὐ</span> <span class='ocrx_word' id='word_1_748' title='bbox 3068 4935 3234 5008; x_wconf 81' lang='grc' dir='ltr'>σὰρξ.</span> <span class='ocrx_word' id='word_1_749' title='bbox 3258 4915 3694 5011; x_wconf 41' lang='lat' dir='ltr'><strong>mensorem-3m</strong></span> 
     </span>
    </p>
   </div>
   <div class='ocr_carea' id='block_1_102' title="bbox 486 5006 2083 5103">
    <p class='ocr_par' dir='ltr' id='par_1_102' title="bbox 486 5006 2052 5081">
     <span class='ocr_line' id='line_1_102' title="bbox 486 5006 2052 5081; baseline 0.003 -20"><span class='ocrx_word' id='word_1_750' title='bbox 486 5007 811 5077; x_wconf 75' lang='lat' dir='ltr'><strong>huiusmodi,</strong></span> <span class='ocrx_word' id='word_1_751' title='bbox 843 5006 1184 5077; x_wconf 89' lang='lat' dir='ltr'><strong>appellatur;</strong></span> <span class='ocrx_word' id='word_1_752' title='bbox 1210 5007 1321 5061; x_wconf 91' lang='lat' dir='ltr'><strong>etsi</strong></span> <span class='ocrx_word' id='word_1_753' title='bbox 1360 5007 1559 5062; x_wconf 88' lang='lat' dir='ltr'><strong>Petrus</strong></span> <span class='ocrx_word' id='word_1_754' title='bbox 1589 5008 1687 5075; x_wconf 87' lang='lat' dir='ltr'><strong>ait,</strong></span> <span class='ocrx_word' id='word_1_755' title='bbox 1722 5025 1827 5065; x_wconf 91' lang='lat' dir='ltr'><strong>non</strong></span> <span class='ocrx_word' id='word_1_756' title='bbox 1852 5023 2052 5081; x_wconf 91' lang='lat' dir='ltr'><strong>corpus</strong></span> 
     </span>
    </p>
   </div>
   <div class='ocr_carea' id='block_1_103' title="bbox 2188 5006 3691 5103">
    <p class='ocr_par' dir='ltr' id='par_1_103' title="bbox 2188 5006 3691 5103">
     <span class='ocr_line' id='line_1_103' title="bbox 2188 5006 3691 5103; baseline 0.009 -34"><span class='ocrx_word' id='word_1_757' title='bbox 2188 5021 2653 5095; x_wconf 67' lang='grc' dir='ltr'>προσαγορεύεται)</span> <span class='ocrx_word' id='word_1_758' title='bbox 2668 5040 2680 5052; x_wconf 83' lang='grc'><em>’</em></span> <span class='ocrx_word' id='word_1_759' title='bbox 2700 5025 2909 5098; x_wconf 88' lang='grc' dir='ltr'>Πέτρος</span> <span class='ocrx_word' id='word_1_760' title='bbox 2934 5028 2989 5082; x_wconf 81' lang='grc' dir='ltr'><strong>δὲ</strong></span> <span class='ocrx_word' id='word_1_761' title='bbox 3016 5006 3237 5101; x_wconf 17' lang='grc' dir='ltr'>ἐφη,ήοῦ</span> <span class='ocrx_word' id='word_1_762' title='bbox 3264 5006 3341 5086; x_wconf 35' lang='grc' dir='ltr'><strong>τὸ.</strong></span> <span class='ocrx_word' id='word_1_763' title='bbox 3358 5034 3513 5103; x_wconf 84' lang='grc' dir='ltr'>σῶμα</span> <span class='ocrx_word' id='word_1_764' title='bbox 3530 5047 3607 5082; x_wconf 68' lang='grc' dir='ltr'>τοι)</span> <span class='ocrx_word' id='word_1_765' title='bbox 3625 5027 3691 5077; x_wconf 50' lang='lat' dir='ltr'><strong>Kr</strong></span> 
     </span>
    </p>
   </div>
   <div class='ocr_carea' id='block_1_104' title="bbox 481 5095 2083 5196">
    <p class='ocr_par' dir='ltr' id='par_1_104' title="bbox 481 5095 2054 5163">
     <span class='ocr_line' id='line_1_104' title="bbox 481 5095 2054 5163; baseline 0.003 -14"><span class='ocrx_word' id='word_1_766' title='bbox 481 5096 720 5163; x_wconf 81' lang='lat' dir='ltr'><strong>Domini,</strong></span> <span class='ocrx_word' id='word_1_767' title='bbox 756 5095 850 5150; x_wconf 89' lang='lat' dir='ltr'><strong>sed</strong></span> <span class='ocrx_word' id='word_1_768' title='bbox 904 5095 1114 5150; x_wconf 90' lang='lat' dir='ltr'><strong>Domini</strong></span> <span class='ocrx_word' id='word_1_769' title='bbox 1167 5108 1389 5150; x_wconf 90' lang='lat' dir='ltr'><strong>carnem</strong></span> <span class='ocrx_word' id='word_1_770' title='bbox 1437 5097 1580 5151; x_wconf 88' lang='lat' dir='ltr'><strong>haud</strong></span> <span class='ocrx_word' id='word_1_771' title='bbox 1628 5099 1829 5154; x_wconf 87' lang='lat' dir='ltr'><strong>vidisse</strong></span> <span class='ocrx_word' id='word_1_772' title='bbox 1870 5114 2054 5155; x_wconf 89' lang='lat' dir='ltr'><strong>corru-</strong></span> 
     </span>
    </p>
   </div>
   <div class='ocr_carea' id='block_1_105' title="bbox 2188 5095 3692 5196">
    <p class='ocr_par' dir='ltr' id='par_1_105' title="bbox 2188 5095 3692 5196">
     <span class='ocr_line' id='line_1_105' title="bbox 2188 5095 3692 5196; baseline 0.009 -36"><span class='ocrx_word' id='word_1_773' title='bbox 2188 5109 2306 5173; x_wconf 63' lang='grc' dir='ltr'>δίου,</span> <span class='ocrx_word' id='word_1_774' title='bbox 2341 5110 2476 5166; x_wconf 83' lang='grc' dir='ltr'>ἀλλὰ</span> <span class='ocrx_word' id='word_1_775' title='bbox 2509 5114 2609 5185; x_wconf 86' lang='grc' dir='ltr'><strong>τὴν</strong></span> <span class='ocrx_word' id='word_1_776' title='bbox 2646 5095 2829 5189; x_wconf 83' lang='grc' dir='ltr'>σάρκα</span> <span class='ocrx_word' id='word_1_777' title='bbox 2860 5119 2955 5172; x_wconf 85' lang='grc' dir='ltr'><strong>τοῦ</strong></span> <span class='ocrx_word' id='word_1_778' title='bbox 2994 5095 3205 5193; x_wconf 56' lang='grc' dir='ltr'>κυρίου</span> <span class='ocrx_word' id='word_1_779' title='bbox 3244 5124 3329 5196; x_wconf 85' lang='grc' dir='ltr'><strong>μὴ</strong></span> <span class='ocrx_word' id='word_1_780' title='bbox 3380 5095 3505 5179; x_wconf 72' lang='grc' dir='ltr'>ίδέῖν</span> <span class='ocrx_word' id='word_1_781' title='bbox 3537 5116 3692 5187; x_wconf 45' lang='lat' dir='ltr'><strong>sueta.</strong></span> 
     </span>
    </p>
   </div>
   <div class='ocr_carea' id='block_1_106' title="bbox 481 5188 2047 5261">
    <p class='ocr_par' dir='ltr' id='par_1_106' title="bbox 481 5188 2047 5261">
     <span class='ocr_line' id='line_1_106' title="bbox 481 5188 2047 5261; baseline 0.005 -21"><span class='ocrx_word' id='word_1_782' title='bbox 481 5188 741 5257; x_wconf 89' lang='lat' dir='ltr'><strong>ptionem,</strong></span> <span class='ocrx_word' id='word_1_783' title='bbox 774 5202 949 5258; x_wconf 90' lang='lat' dir='ltr'><strong>neque</strong></span> <span class='ocrx_word' id='word_1_784' title='bbox 978 5188 1213 5242; x_wconf 90' lang='lat' dir='ltr'><strong>animam</strong></span> <span class='ocrx_word' id='word_1_785' title='bbox 1245 5189 1363 5257; x_wconf 83' lang='lat' dir='ltr'><strong>ejus</strong></span> <span class='ocrx_word' id='word_1_786' title='bbox 1386 5190 1435 5243; x_wconf 89' lang='lat' dir='ltr'><strong>in</strong></span> <span class='ocrx_word' id='word_1_787' title='bbox 1461 5189 1674 5244; x_wconf 82' lang='lat' dir='ltr'><strong>inferno</strong></span> <span class='ocrx_word' id='word_1_788' title='bbox 1696 5190 2011 5248; x_wconf 89' lang='lat' dir='ltr'><strong>derelictam</strong></span> <span class='ocrx_word' id='word_1_789' title='bbox 2033 5238 2047 5261; x_wconf 91' lang='lat'><strong>,</strong></span> 
     </span>
    </p>
   </div>
   <div class='ocr_carea' id='block_1_107' title="bbox 480 5281 2052 5352">
    <p class='ocr_par' dir='ltr' id='par_1_107' title="bbox 480 5281 2052 5352">
     <span class='ocr_line' id='line_1_107' title="bbox 480 5281 2052 5352; baseline 0.007 -20"><span class='ocrx_word' id='word_1_790' title='bbox 480 5294 611 5333; x_wconf 88' lang='lat' dir='ltr'><strong>sane</strong></span> <span class='ocrx_word' id='word_1_791' title='bbox 639 5288 852 5335; x_wconf 87' lang='lat' dir='ltr'><strong>constat</strong></span> <span class='ocrx_word' id='word_1_792' title='bbox 880 5281 1097 5335; x_wconf 86' lang='lat' dir='ltr'><strong>vitalem</strong></span> <span class='ocrx_word' id='word_1_793' title='bbox 1123 5281 1307 5352; x_wconf 85' lang='lat' dir='ltr'><strong>(quam</strong></span> <span class='ocrx_word' id='word_1_794' title='bbox 1352 5283 1625 5351; x_wconf 87' lang='lat' dir='ltr'><strong>quomodo</strong></span> <span class='ocrx_word' id='word_1_795' title='bbox 1671 5294 1920 5341; x_wconf 89' lang='lat' dir='ltr'><strong>astruant</strong></span> <span class='ocrx_word' id='word_1_796' title='bbox 1956 5304 2052 5343; x_wconf 86' lang='lat' dir='ltr'><strong>ne-</strong></span> 
     </span>
    </p>
   </div>
   <div class='ocr_carea' id='block_1_108' title="bbox 479 5368 2049 5443">
    <p class='ocr_par' dir='ltr' id='par_1_108' title="bbox 479 5368 2049 5443">
     <span class='ocr_line' id='line_1_108' title="bbox 479 5368 2049 5443; baseline 0.008 -21"><span class='ocrx_word' id='word_1_797' title='bbox 479 5368 611 5438; x_wconf 83' lang='lat' dir='ltr'><strong>scio)</strong></span> <span class='ocrx_word' id='word_1_798' title='bbox 653 5370 933 5425; x_wconf 74' lang='lat' dir='ltr'><strong>exstitisse</strong></span> <span class='ocrx_word' id='word_1_799' title='bbox 970 5371 1024 5425; x_wconf 94' lang='lat' dir='ltr'><strong>in</strong></span> <span class='ocrx_word' id='word_1_800' title='bbox 1087 5386 1251 5426; x_wconf 89' lang='lat' dir='ltr'><strong>carne</strong></span> <span class='ocrx_word' id='word_1_801' title='bbox 1292 5383 1547 5441; x_wconf 88' lang='lat' dir='ltr'><strong>corrupta</strong></span> <span class='ocrx_word' id='word_1_802' title='bbox 1602 5374 1841 5430; x_wconf 90' lang='lat' dir='ltr'><strong>animam</strong></span> <span class='ocrx_word' id='word_1_803' title='bbox 1866 5416 1884 5443; x_wconf 91' lang='lat'><strong>,</strong></span> <span class='ocrx_word' id='word_1_804' title='bbox 1930 5379 2049 5433; x_wconf 90' lang='lat' dir='ltr'><strong>sine</strong></span> 
     </span>
    </p>
   </div>
   <div class='ocr_carea' id='block_1_109' title="bbox 473 5462 2046 5536">
    <p class='ocr_par' dir='ltr' id='par_1_109' title="bbox 473 5462 2046 5536">
     <span class='ocr_line' id='line_1_109' title="bbox 473 5462 2046 5536; baseline 0.01 -25"><span class='ocrx_word' id='word_1_805' title='bbox 473 5474 580 5528; x_wconf 84' lang='lat' dir='ltr'><strong>qua</strong></span> <span class='ocrx_word' id='word_1_806' title='bbox 613 5475 679 5515; x_wconf 91' lang='lat' dir='ltr'><strong>ne</strong></span> <span class='ocrx_word' id='word_1_807' title='bbox 710 5476 838 5516; x_wconf 88' lang='lat' dir='ltr'><strong>caro</strong></span> <span class='ocrx_word' id='word_1_808' title='bbox 874 5462 1118 5532; x_wconf 83' lang='lat' dir='ltr'><strong>quidem,</strong></span> <span class='ocrx_word' id='word_1_809' title='bbox 1178 5473 1237 5518; x_wconf 92' lang='lat' dir='ltr'><strong>ut</strong></span> <span class='ocrx_word' id='word_1_810' title='bbox 1281 5464 1453 5533; x_wconf 88' lang='lat' dir='ltr'><strong>aiunt,</strong></span> <span class='ocrx_word' id='word_1_811' title='bbox 1507 5467 1892 5536; x_wconf 88' lang='lat' dir='ltr'><strong>appellaretur.</strong></span> <span class='ocrx_word' id='word_1_812' title='bbox 1943 5471 2046 5526; x_wconf 88' lang='lat' dir='ltr'><strong>lm-</strong></span> 
     </span>
    </p>
   </div>
   <div class='ocr_carea' id='block_1_110' title="bbox 544 5631 1985 5713">
    <p class='ocr_par' dir='ltr' id='par_1_110' title="bbox 544 5631 1985 5713">
     <span class='ocr_line' id='line_1_110' title="bbox 544 5631 1985 5713; baseline 0.013 -28"><span class='ocrx_word' id='word_1_813' title='bbox 544 5631 589 5665; x_wconf 67' lang='grc'><strong>⁸⁵</strong></span> <span class='ocrx_word' id='word_1_814' title='bbox 629 5633 782 5691; x_wconf 81' lang='lat' dir='ltr'><strong>Joan.</strong></span> <span class='ocrx_word' id='word_1_815' title='bbox 818 5653 855 5703; x_wconf 88' lang='grc' dir='ltr'><strong>ι,</strong></span> <span class='ocrx_word' id='word_1_816' title='bbox 896 5639 975 5695; x_wconf 80' lang='lat' dir='ltr'><strong>H.</strong></span> <span class='ocrx_word' id='word_1_817' title='bbox 1054 5639 1094 5672; x_wconf 62' lang='grc' dir='ltr'><strong>δ’</strong></span> <span class='ocrx_word' id='word_1_818' title='bbox 1126 5640 1281 5697; x_wconf 79' lang='lat' dir='ltr'><strong>Joan.</strong></span> <span class='ocrx_word' id='word_1_819' title='bbox 1321 5658 1378 5707; x_wconf 78' lang='grc' dir='ltr'><strong>ιι,</strong></span> <span class='ocrx_word' id='word_1_820' title='bbox 1416 5642 1493 5699; x_wconf 90' lang='lat' dir='ltr'><strong>l9.</strong></span> <span class='ocrx_word' id='word_1_821' title='bbox 1577 5645 1621 5675; x_wconf 88' lang='lat'><strong>&#39;°</strong></span> <span class='ocrx_word' id='word_1_822' title='bbox 1650 5646 1770 5701; x_wconf 76' lang='lat' dir='ltr'><strong>Act.</strong></span> <span class='ocrx_word' id='word_1_823' title='bbox 1807 5664 1862 5713; x_wconf 82' lang='grc' dir='ltr'><strong>ιι,</strong></span> <span class='ocrx_word' id='word_1_824' title='bbox 1897 5649 1985 5703; x_wconf 73' lang='lat'><strong>9.7.</strong></span> 
     </span>
    </p>
   </div>
   <div class='ocr_carea' id='block_1_111' title="bbox 2163 5198 3689 5284">
    <p class='ocr_par' dir='ltr' id='par_1_111' title="bbox 2163 5198 3689 5284">
     <span class='ocr_line' id='line_1_111' title="bbox 2163 5198 3689 5284; baseline 0.009 -32"><span class='ocrx_word' id='word_1_825' title='bbox 2163 5198 2286 5269; x_wconf 84' lang='grc' dir='ltr'>ρὰν,</span> <span class='ocrx_word' id='word_1_826' title='bbox 2329 5202 2424 5255; x_wconf 75' lang='grc' dir='ltr'>καὶ</span> <span class='ocrx_word' id='word_1_827' title='bbox 2453 5202 2551 5275; x_wconf 85' lang='grc' dir='ltr'><strong>τὴν</strong></span> <span class='ocrx_word' id='word_1_828' title='bbox 2587 5204 2767 5280; x_wconf 77' lang='grc' dir='ltr'>ψυχὴν</span> <span class='ocrx_word' id='word_1_829' title='bbox 2810 5211 2973 5265; x_wconf 80' lang='grc' dir='ltr'>αὐτοῦ</span> <span class='ocrx_word' id='word_1_830' title='bbox 3025 5212 3098 5284; x_wconf 88' lang='grc' dir='ltr'><strong>μὴ</strong></span> <span class='ocrx_word' id='word_1_831' title='bbox 3128 5215 3620 5284; x_wconf 74' lang='grc' dir='ltr'>ἐγκαταλειφθῆναι</span> <span class='ocrx_word' id='word_1_832' title='bbox 3644 5212 3689 5262; x_wconf 64' lang='grc' dir='ltr'><strong>εὲς</strong></span> 
     </span>
    </p>
   </div>
   <div class='ocr_carea' id='block_1_112' title="bbox 2160 5289 3688 5379">
    <p class='ocr_par' dir='ltr' id='par_1_112' title="bbox 2160 5289 3688 5379">
     <span class='ocr_line' id='line_1_112' title="bbox 2160 5289 3688 5379; baseline 0.01 -37"><span class='ocrx_word' id='word_1_833' title='bbox 2160 5289 2311 5379; x_wconf 66' lang='grc' dir='ltr'>ᾅδου·</span> <span class='ocrx_word' id='word_1_834' title='bbox 2348 5290 2571 5363; x_wconf 79' lang='grc' dir='ltr'>εὔδηλον</span> <span class='ocrx_word' id='word_1_835' title='bbox 2600 5297 2676 5361; x_wconf 86' lang='grc' dir='ltr'>ὡς</span> <span class='ocrx_word' id='word_1_836' title='bbox 2709 5300 2807 5372; x_wconf 87' lang='grc' dir='ltr'><strong>τὴν</strong></span> <span class='ocrx_word' id='word_1_837' title='bbox 2831 5303 2927 5373; x_wconf 80' lang='grc' dir='ltr'>μὲν</span> <span class='ocrx_word' id='word_1_838' title='bbox 2960 5302 3227 5375; x_wconf 81' lang='grc' dir='ltr'>ζωτικὴν,</span> <span class='ocrx_word' id='word_1_839' title='bbox 3273 5308 3347 5379; x_wconf 76' lang='grc' dir='ltr'>ἢν</span> <span class='ocrx_word' id='word_1_840' title='bbox 3371 5308 3475 5362; x_wconf 76' lang='grc' dir='ltr'>οὐκ</span> <span class='ocrx_word' id='word_1_841' title='bbox 3499 5301 3688 5360; x_wconf 64' lang='grc' dir='ltr'><strong>οἷδ’ξωὸ</strong></span> 
     </span>
    </p>
   </div>
   <div class='ocr_carea' id='block_1_113' title="bbox 2158 5378 3689 5469">
    <p class='ocr_par' dir='ltr' id='par_1_113' title="bbox 2158 5378 3689 5469">
     <span class='ocr_line' id='line_1_113' title="bbox 2158 5378 3689 5469; baseline 0.008 -38"><span class='ocrx_word' id='word_1_842' title='bbox 2158 5378 2427 5449; x_wconf 90' lang='grc' dir='ltr'>λέγουσιν,</span> <span class='ocrx_word' id='word_1_843' title='bbox 2455 5380 2601 5456; x_wconf 80' lang='grc' dir='ltr'>εῖχεν</span> <span class='ocrx_word' id='word_1_844' title='bbox 2624 5389 2655 5459; x_wconf 82' lang='grc' dir='ltr'>ἡ</span> <span class='ocrx_word' id='word_1_845' title='bbox 2691 5389 3051 5464; x_wconf 83' lang='grc' dir='ltr'>διαφθαρεῖσα</span> <span class='ocrx_word' id='word_1_846' title='bbox 3089 5394 3261 5466; x_wconf 78' lang='grc' dir='ltr'>σὰρξ,</span> <span class='ocrx_word' id='word_1_847' title='bbox 3302 5378 3385 5469; x_wconf 72' lang='grc' dir='ltr'>ἧς</span> <span class='ocrx_word' id='word_1_848' title='bbox 3409 5400 3535 5453; x_wconf 76' lang='grc' dir='ltr'>ἄνευ</span> <span class='ocrx_word' id='word_1_849' title='bbox 3556 5396 3630 5448; x_wconf 65' lang='grc' dir='ltr'>οὐκ</span> <span class='ocrx_word' id='word_1_850' title='bbox 3653 5389 3689 5437; x_wconf 61' lang='grc' dir='ltr'><strong>ἐν</strong></span> 
     </span>
    </p>
   </div>
   <div class='ocr_carea' id='block_1_114' title="bbox 2158 5477 3691 5559">
    <p class='ocr_par' dir='ltr' id='par_1_114' title="bbox 2158 5477 3691 5559">
     <span class='ocr_line' id='line_1_114' title="bbox 2158 5477 3691 5559; baseline 0.018 -36"><span class='ocrx_word' id='word_1_851' title='bbox 2158 5477 2649 5551; x_wconf 77' lang='grc' dir='ltr'>ποοσαγορευθεέη,</span> <span class='ocrx_word' id='word_1_852' title='bbox 2685 5480 2759 5545; x_wconf 84' lang='grc' dir='ltr'>ὥς</span> <span class='ocrx_word' id='word_1_853' title='bbox 2788 5501 2943 5553; x_wconf 83' lang='grc' dir='ltr'>φασι,</span> <span class='ocrx_word' id='word_1_854' title='bbox 2977 5486 3140 5556; x_wconf 78' lang='grc' dir='ltr'>σάρξ·</span> <span class='ocrx_word' id='word_1_855' title='bbox 3182 5490 3219 5559; x_wconf 77' lang='grc' dir='ltr'>ἡ</span> <span class='ocrx_word' id='word_1_856' title='bbox 3274 5490 3335 5544; x_wconf 82' lang='grc' dir='ltr'><strong>δὲ</strong></span> <span class='ocrx_word' id='word_1_857' title='bbox 3374 5490 3618 5548; x_wconf 57' lang='grc' dir='ltr'>ἀθάνατα</span> <span class='ocrx_word' id='word_1_858' title='bbox 3637 5484 3691 5535; x_wconf 37' lang='grc' dir='ltr'><strong>αἱ</strong></span> 
     </span>
    </p>
   </div>
  </div>
