3856 6212
228 340 363 395 1453

1387 324 1476 381 DE
1515 318 2029 379 INCARNATIONE
2068 317 2322 376 DOMINI.

3341 322 3402 376 Η
3412 321 3479 377 ιιι

238 455 427 527 λογικὴ
465 450 562 507 καὶ
591 450 684 505 τοῦ
716 446 856 514 ζώου
901 446 999 518 τὴν
1033 444 1327 518 ἠγεμονίαν
1370 442 1802 513 πεπιστευμένη,

1915 437 2156 493 mortalis
2180 446 2360 491 autem
2400 441 2455 491 et
2498 435 2803 503 rationalis,
2860 452 2947 494 cut
2994 437 3289 494 animantis
3339 444 3481 508 regl-
3522 506 3523 509 η

225 552 283 605 ού
315 544 644 617 κατελείφθη
669 545 748 606 είς
770 541 919 614 ᾅδου,
942 539 1077 595 ἀλλὰ
1096 539 1231 611 πρὸς
1265 538 1365 608 τὴν
1391 536 1598 591 οἰκείαν
1631 538 1801 589 ὲπαν-

226 643 327 713 ῆκε
392 638 606 710 σάρκα·
668 637 764 688 καὶ
823 634 1000 704 μάτην
1049 626 1461 700 άδολεσχοῦσιν,
1518 626 1723 697 ἄψυχον
1763 626 1799 696 ἢ

227 734 386 788 ἄνουν
414 728 510 783 τοῦ
556 725 693 781 Θεοῦ
742 724 918 793 Λόγου
952 721 1045 776 τὸν
1086 721 1212 775 ναὸν
1275 718 1799 793 προσαγορεύοντες.

238 823 429 894 Ἡμεῖς
450 820 507 874 δὲ
536 817 729 890 Πέτρῳ
756 814 1023 887 ἑψόμεθα,
1046 814 1142 868 καὶ
1164 813 1343 885 σάρκα
1370 809 1692 882 κηρύττοντι
1723 809 1801 881 μὴ

226 912 522 984 δεξαμένην
548 908 866 980 διαφθορὰν,
902 907 997 961 καὶ
1032 905 1210 977 ψυχὴν
1244 904 1319 976 μὴ
1348 902 1803 973 καταλειφθεῖσαν

229 1008 306 1070 εἰς
332 1004 478 1077 ᾅδου,
520 1002 635 1057 ἀλλ’
667 998 1070 1056 ἐπανελθοῦσαν
1099 997 1193 1051 καὶ
1236 996 1314 1069 τῷ
1365 995 1550 1067 οἰκείῳ
1589 995 1802 1066 σώματι

235 1094 626 1165 συναφθεῖσαν·
655 1089 983 1161 πιστεύομεν
1009 1089 1067 1142 δὲ
1096 1089 1192 1143 καὶ
1223 1086 1373 1159 αύτῷ
1398 1087 1475 1159 τῷ
1496 1086 1685 1158 Κυρίῳ
1716 1085 1805 1139 λέ·

232 1202 410 1256 γοντι·
445 1204 465 1237 ι
488 1182 792 1256 Περίλυπός
814 1184 962 1236 ἐστιν
988 1182 1022 1252 ή
1055 1179 1201 1251 ψυχή
1238 1197 1338 1250 μου
1364 1178 1469 1243 ἕως
1491 1177 1741 1233 θανάτου.
1778 1196 1797 1231 ι

234 1279 346 1350 Τῆς
369 1276 479 1349 γὰρ
507 1277 684 1346 λύπης
706 1273 804 1346 τὴν
823 1272 1075 1344 αἴσθησιν
1101 1272 1162 1325 τὸ
1191 1273 1249 1327 ἐν
1272 1273 1407 1343 ἡμῖν
1433 1270 1647 1339 λογικὸν
1667 1270 1803 1323 ύπο-

232 1368 478 1440 δέχεται’
513 1368 562 1421 εί
613 1366 671 1420 δὲ
711 1365 832 1421 ἀντὶ
868 1362 958 1418 νοῦ
997 1364 1026 1416 6
1057 1362 1187 1427 Θεὸς
1229 1362 1400 1432 Λόγος
1431 1362 1714 1434 ὑπάρχων,
1735 1361 1806 1415 τὰ

232 1460 326 1513 τοῦ
356 1458 449 1514 νοῦ
479 1456 802 1528 κατεδέχετο
837 1452 1006 1525 πάθη,
1041 1453 1204 1516 αὐτὸς
1241 1447 1309 1523 ἦν
1337 1455 1365 1506 6
1391 1452 1674 1522 λυπηθεὶς,
1710 1452 1806 1505 καὶ

232 1549 514 1622 φοϐηθεὶς,
550 1548 645 1602 καὶ
683 1546 981 1616 ἀγνοήσας,
1006 1546 1102 1598 καὶ
1147 1544 1479 1614 ἀγωνιάσας,
1513 1544 1609 1597 καὶ
1635 1544 1804 1612 ἀγγε-

227 1645 357 1714 λικῇ
380 1639 668 1712 συμμαχίᾳ
696 1637 924 1710 ρωσθείς
943 1653 957 1668 °
986 1639 1036 1690 εί
1067 1636 1125 1690 δὲ
1150 1635 1440 1691 καὶταῦτα
1466 1637 1727 1707 φήσουσιν
1755 1635 1805 1687 οί

231 1734 330 1804 τῆς
375 1728 751 1801 Ἀπολιναρίου
812 1724 1200 1798 ματαιολογίας
1246 1724 1615 1796 κληρονόμοι,
1667 1724 1807 1794 μετὰ

1903 544 2028 585 men
2084 536 2172 585 est
2225 528 2597 595 commissum,
2650 543 2754 583 non
2810 539 2889 585 est
2936 529 2989 584 in
3050 529 3262 586 inferno
3318 532 3482 586 dere-

1902 621 2062 683 licta.
2110 622 2206 677 sed
2258 621 2327 676 ad
2361 636 2514 677 suam
2548 621 2713 677 rediit
2758 637 2977 678 carnem
3014 644 3028 679 :
3062 623 3293 694 ideoque
3360 625 3478 679 Iru-

1907 723 2022 770 stra
2051 721 2324 784 nugantur
2363 710 2439 778 hi,
2488 712 2579 782 qui
2632 711 2873 769 inauime
2917 722 2971 769 et
3010 714 3235 770 rationis
3284 729 3491 784 espers

1903 805 2073 863 fuisse
2096 807 2284 862 dicunt
2314 804 2408 861 Dei
2443 805 2605 862 Verbi
2641 806 2925 876 templum.
2967 806 3078 863 Nos
3105 816 3286 863 autem
3317 807 3483 863 Petro

1904 898 2268 956 assentiemur
2326 892 2422 968 (ιιῖί
2464 909 2521 954 et
2562 912 2782 954 carnem
2828 899 3085 967 pradicat
3135 901 3484 968 corruptione

1904 999 2204 1062 expertem,
2235 998 2291 1045 et
2324 990 2564 1046 animam
2608 990 2663 1045 in
2711 990 2925 1046 inferno
2973 1005 3083 1046 non
3136 974 3481 1061 derelictum,

1904 1083 2000 1139 sed
2031 1082 2285 1137 reducem
2314 1090 2479 1153 atque
2517 1081 2587 1137 ad
2642 1095 2842 1152 corpus
2890 1097 3050 1137 suum
3104 1083 3480 1139 recollectam.

1905 1173 2193 1231 Credimus
2229 1175 2393 1231 etiam
2423 1174 2654 1229 Domino
2684 1174 2785 1243 ipsi
2832 1174 3035 1230 dicenti
3070 1192 3084 1229 :
3124 1194 3143 1228 ι
3176 1175 3373 1233 Tristis
3403 1187 3487 1232 est

1907 1268 2087 1322 anima
2135 1281 2253 1322 mea
2294 1281 2468 1337 usque
2505 1268 2571 1321 ad
2615 1278 2844 1322 mortem
2887 1267 2970 1335 ⁸⁸;
3020 1285 3040 1320 ι
3084 1283 3207 1322 nam
3250 1269 3486 1324 tristitize

1907 1374 2123 1415 sensum
2157 1374 2281 1428 pars
2331 1369 2517 1414 nostra
2567 1358 2850 1413 rationalis
2879 1359 3103 1430 excipit.
3152 1359 3304 1427 Quod
3351 1361 3395 1415 si
3431 1362 3483 1416 iu

1909 1453 2109 1507 mentis
2152 1451 2271 1505 loco
2320 1450 2460 1507 Deus
2504 1449 2744 1505 Verbum
2786 1451 3091 1518 exsisteus,
3137 1454 3335 1507 mentis
3363 1468 3487 1520 pas-

1907 1542 2088 1598 siones
2108 1542 2443 1612 excipiebat,
2467 1542 2657 1613 utique
2684 1544 2856 1610 ipsum
2880 1541 3116 1598 Verbum
3141 1543 3484 1608 tristabatur,

1910 1632 2206 1698 metuebat,
2243 1633 2553 1704 ignorabat,
2588 1634 2915 1703 agouizabat
2940 1674 2955 1699 ,
2996 1645 3051 1689 et
3096 1634 3339 1706 angelica
3382 1651 3486 1702 ope

1909 1722 2337 1780 conlortabatur.
2366 1722 2486 1779 Jam
2533 1724 2580 1779 si
2605 1730 2719 1781 haec
2743 1741 2959 1797 quoque
2989 1727 3173 1781 dicant
3208 1727 3487 1798 Apollina-

245 1822 459 1896 Ἀρείου
479 1822 574 1876 καὶ
598 1819 863 1891 Εὑνομίου
886 1817 994 1872 τῶν
1016 1817 1396 1890 χριστομάχων
1415 1816 1802 1887 ταχθήτωσανο

1915 1817 2078 1871 τίεηεε
2103 1817 2347 1872 stultitia:
2384 1817 2646 1884 heredes,
2667 1819 2701 1872 ii
2730 1820 2973 1888 profecto
2994 1834 3117 1875 cum
3162 1819 3364 1876 Christi
3390 1821 3488 1876 ho-

232 1911 308 1970 ὧν
341 1915 451 1987 γὰρ
501 1915 593 1983 ἴση
646 1914 680 1983 ἡ
735 1910 1073 1982 βλασφημία,
1104 1907 1309 1962 τούτων
1343 1907 1474 1980 μίαν
1522 1902 1660 1961 εἶναι
1708 1906 1807 1979 τὴν

234 2007 480 2080 ἑταιρίαν
505 2005 714 2060 δίκαιον
738 2003 849 2075 (1)·
875 2004 1039 2073 ἡμεῖς
1057 2000 1113 2054 δὲ
1136 2000 1462 2071 ἀκούσωμεν
1480 1997 1575 2052 τοῦ
1599 1998 1807 2069 Κυρίου

234 2099 489 2167 λέγοντος
506 2114 522 2133 ο
551 2117 569 2150 ι
606 2095 886 2162 Ἐξουσίαν
912 2094 1021 2164 ἔχω
1044 2093 1214 2147 θεῖναι
1239 2092 1337 2165 τὴν
1358 2092 1535 2164 ψυχήν
1565 2110 1689 2164 μου,
1716 2092 1812 2148 καὶ

235 2190 487 2260 ἐξουσίαν
514 2188 622 2260 ἔχω
643 2186 805 2242 πάλιν
828 2178 1013 2240 λαϐεῖν
1038 2186 1211 2257 αὑτήν
1233 2201 1248 2215 '
1275 2184 1448 2249 οὐδεὶς
1474 2184 1619 2255 αἴρει
1643 2183 1812 2255 αὐτὴν

234 2285 333 2338 ἀπ’
354 2279 510 2353 ἐμοῦ.
537 2299 557 2332 ο
598 2280 693 2332 Ἐκ
720 2279 829 2350 γὰρ
855 2277 964 2331 τῶν
994 2277 1169 2346 λόγων
1190 2276 1397 2330 τούτων
1425 2275 1806 2347 μαθησόμεθα,

232 2378 311 2441 ὡς
347 2377 535 2447 ἔτερος
561 2373 660 2445 μὲν
687 2373 716 2425 6
743 2372 938 2436 τιθεὶς,
973 2370 1162 2442 ἕτερον
1183 2370 1240 2423 δὲ
1275 2369 1337 2423 τὸ
1368 2369 1653 2440 τιθέμενον
1672 2386 1687 2401 ’
1717 2370 1811 2424 καὶ

234 2468 370 2531 Θεὸς
404 2467 501 2539 μὲν
527 2467 556 2520 6
576 2464 746 2529 τιθεὶς
772 2464 867 2517 καὶ
884 2462 1197 2533 λαμϐάνων,
1223 2460 1370 2533 ψυχὴ
1396 2461 1454 2515 δὲ
1487 2464 1520 2533 ή
1552 2460 1811 2533 τιθεμένη

235 2561 334 2614 καὶ
360 2556 779 2629 λαμϐανομένηο
812 2556 905 2609 καὶ
929 2554 1062 2619 Θεὸς
1096 2554 1193 2625 μὲν
1222 2554 1322 2625 τήν
1355 2552 1606 2619 ἐξουσίαν
1649 2552 1807 2624 ἔχων,

232 2650 384 2724 ψυχὴ
409 2651 467 2706 δὲ
498 2651 533 2721 ή
559 2648 666 2703 ὑπὸ
687 2647 786 2721 τὴν
807 2646 1054 2714 ἐξουσίαν
1082 2646 1300 2717 ἐκείνην
1336 2644 1667 2716 τεταγμένη.

1909 1909 2084 1964 stibus
2108 1910 2241 1964 Ario
2271 1917 2433 1979 atque
2448 1909 2668 1981 830m
2692 1909 2958 1966 Eunomio
2980 1912 3481 1968 collocentur.Nam

1908 2015 2140 2071 quorum
2178 2015 2281 2072 par
2330 2009 2415 2056 est
2458 2002 2799 2072 blasphemia
2829 2043 2846 2071 ,
2890 2003 3084 2059 horum
3145 2020 3310 2060 unam
3362 2021 3486 2061 esse

1909 2091 2259 2148 sodalitatem
2285 2107 2497 2162 aequum
2528 2103 2633 2147 est.
2682 2092 2791 2148 Nos
2815 2110 2945 2149 vero
2978 2096 3263 2151 Dominum
3302 2097 3487 2152 dicen-

1911 2189 2021 2236 tem
2095 2181 2382 2237 audiamus
2435 2197 2450 2234 :
2506 2199 2525 2233 ι
2609 2180 2945 2238 Potestatem
3006 2183 3179 2240 habeo
3249 2187 3484 2254 ponendi

1916 2273 2153 2328 animam
2208 2286 2408 2338 meam,
2455 2281 2511 2326 et
2561 2281 2884 2341 potestatem
2935 2272 3110 2329 habeo
3145 2277 3341 2331 iterum
3393 2293 3488 2333 su-

1918 2364 2097 2421 mendi
2132 2379 2291 2431 eam;
2326 2378 2485 2420 nemo
2520 2363 2660 2419 tollit
2688 2378 2807 2419 eam
2847 2379 2876 2418 a
2902 2380 2987 2421 me
3011 2367 3080 2421 ".
3111 2386 3130 2419 ι
3154 2368 3398 2439 Namque
3419 2387 3486 2427 ex

1918 2458 2263 2513 sermonibus
2313 2456 2402 2514 bis
2448 2457 2707 2513 discimus
2775 2458 2939 2513 alium
2991 2474 3113 2515 esse
3153 2462 3243 2531 qui
3297 2466 3486 2532 ponit.

1916 2548 2059 2603 aliud
2089 2549 2231 2618 quod
2262 2558 2345 2605 est
2359 2548 2634 2620 positum;
2669 2548 2944 2620 Deumque
2965 2565 3085 2606 esse
3114 2553 3205 2622 qui
3232 2556 3403 2624 ponit,
3435 2570 3490 2612 et

1919 2641 2011 2712 qui
2049 2640 2214 2696 sumit
2243 2659 2259 2709 ;
2292 2641 2527 2696 animam
2552 2650 2731 2696 autem
2767 2651 2821 2695 et
2842 2643 3073 2710 positam
3098 2654 3150 2697 et
3175 2657 3443 2716 sumptam
3469 2667 3484 2712 ;

1817 2737 1826 2743 ‘
1918 2742 1976 2788 et
2002 2732 2097 2787 Dei
2126 2732 2345 2803 quidem
2385 2746 2508 2788 esse
2543 2739 2888 2802 potestatem,
2920 2733 3154 2789 animam
3183 2747 3361 2792 autem
3389 2744 3493 2794 sub

234 2939 326 2994 K'.
363 2937 493 2991 Ὀτι
528 2937 581 2991 oi
616 2934 913 3007 προφῆται
945 2935 1185 3002 τελείως
1216 2936 1331 3005 τὴν
1366 2938 1557 3007 φύσιν
1585 2937 1813 3007 ἀναλη-

722 3006 943 3077 φθῆναι
983 3006 1352 3069 θεσπίζουσι.

1934 2837 2000 2877 ea
2030 2830 2294 2892 potestate
2324 2822 2595 2878 locatam.

1920 2932 2038 2989 XX.
2079 2933 2234 3001 Quod
2260 2934 2524 3005 propheta:
2551 2934 2835 3011 perfectam
2861 2936 3028 3007 fuisse
3052 2951 3371 3011 assumptum
3400 2962 3497 2999 ua-

2462 3014 2637 3059 turam
2669 3007 2946 3076 aﬁirmant.

313 3114 537 3180 Τούτοις
572 3093 781 3188 συνῳδά
818 3118 913 3171 καὶ
940 3118 1167 3183 Ἡσαΐας
1194 3120 1223 3173 ό
1250 3121 1538 3193 προφήτης
1566 3120 1811 3185 θεσπίζει

1985 3117 2081 3175 His
2111 3133 2348 3175 consona
2385 3118 2551 3175 Isaias
2583 3135 2799 3190 quoque
2830 3123 3089 3190 propheta
3123 3123 3374 3193 aﬂirmat,
3409 3129 3494 3183 di-

236 3207 381 3281 βοῶν
395 3222 410 3238 ο
423 3226 441 3259 ι
462 3207 643 3279 Ἰδοὺή
670 3207 935 3279 παρθένος
950 3210 1217 3281 ὲνγαστρὶ
1235 3210 1486 3282 λήψεται,
1501 3213 1593 3266 καὶ
1602 3212 1814 3279 τέξεται

233 3302 375 3365 υἱὸν,
390 3300 482 3355 καὶ
526 3299 817 3353 καλέσουσι
844 3299 905 3353 τὸ
935 3300 1106 3371 ὄνομα
1135 3303 1302 3356 αὑτοῦ
1342 3304 1711 3375 Ἐμμανουήλ,
1738 3322 1757 3356 ι
1788 3303 1817 3357 ὃ

232 3397 357 3448 ἔστι
385 3392 946 3465 μεθερμηνευόμενον,
973 3393 1115 3447 κατὰ
1138 3393 1237 3466 τὴν
1253 3395 1361 3448 τῶν
1376 3395 1722 3465 Εὐαγγελίων
1742 3395 1819 3449 δι-

230 3481 697 3548 δασκαλίαν,Μεθ’
715 3483 748 3553 ή
756 3481 870 3553 μῶν
892 3483 921 3535 6
939 3482 1091 3547 Θεός⁹
1107 3483 1169 3538 τὸ
1189 3484 1266 3549 δὲ,
1289 3485 1470 3557 Μεθ’ίή
1478 3486 1595 3556 μῶν
1612 3489 1640 3539 ό
1662 3486 1814 3552 Θεὸς,

234 3580 384 3651 μετὰ
401 3578 497 3631 ἀνθ
506 3576 703 3650 ρώπων
717 3575 1006 3647 ὲρμηνεύει
1019 3576 1169 3631 Θεόν·
1186 3578 1425 3633 είτοίνυν
1439 3580 1499 3632 τὸ
1516 3580 1702 3650 κύημα
1716 3577 1817 3649 τῆς

232 3670 522 3744 Παρθένου
554 3669 759 3740 ταύτην
803 3668 964 3723 ἔλαϐε
1011 3670 1109 3742 τὴν
1153 3671 1522 3744 προσηγορίαν
1547 3715 1562 3737 ,
1595 3671 1816 3742 εὔδηλον

232 3764 319 3827 ὼς
340 3764 369 3816 6
395 3762 525 3825 Θεὸς
549 3761 683 3832 ὁμοῦ
715 3761 806 3814 καὶ
828 3760 1116 3834 ἄνθρωπος
1156 3760 1224 3834 ἦν
1249 3779 1265 3795 ο
1306 3763 1366 3817 τὸ
1401 3763 1500 3835 μὲν
1529 3763 1813 3835 ὑπάρχων,

232 3854 301 3909 τὸ
324 3854 380 3908 δὲ
409 3853 610 3918 λαϐὼν,
638 3852 757 3908 καθ’
780 3854 1040 3925 ἑκάτερον
1068 3854 1301 3918 τέλειος·
1323 3854 1413 3908 διὰ
1445 3855 1543 3926 μὲν
1566 3856 1674 3927 γὰρ
1696 3855 1814 3920 τοῦ,

239 3966 259 4000 ι
300 3945 441 4000 Μεθ’
465 3945 644 4017 ἡμῶν,
672 3966 691 3999 ι
725 3945 820 3999 τοῦ
851 3945 1142 4016 ἀνθρώπου
1171 3946 1231 3999 τὸ
1270 3946 1480 4000 τέλειον
1507 3947 1813 4000 δείκνυταιο

228 4036 462 4100 τελείως
499 4038 609 4109 γὰρ
650 4037 811 4110 ήμῶν
841 4037 1075 4102 ἕκαστος
1106 4037 1218 4109 ἔχει
1263 4038 1359 4091 τοῦ
1392 4036 1682 4109 ἀνθρώπου
1718 4038 1819 4110 τὴν

230 4126 436 4198 φύσιν·
470 4128 559 4182 διὰ
585 4128 643 4182 δὲ
666 4127 786 4194 τοῦ,
824 4148 842 4182 ι
876 4129 1029 4195 Θεὸς,
1064 4149 1082 4183 ι
1114 4130 1209 4183 καὶ
1238 4130 1337 4201 τῆς
1374 4130 1694 4201 προσθήκης
1716 4129 1811 4183 τοῦ

229 4221 471 4293 ἄρθρου,
502 4223 535 4293 ή
574 4220 667 4275 τοῦ
700 4222 831 4276 Υίοῦ
879 4222 1069 4295 θεότης
1094 4221 1447 4294 γνωρίζεται·
1492 4223 1587 4275 καὶ
1626 4222 1818 4276 τούτου

228 4312 559 4378 διδάσκαλος
590 4316 621 4368 6
655 4314 928 4385 μακάριος
962 4312 1175 4376 Παῦλος
1204 4313 1400 4383 λέγων·
1434 4331 1453 4365 ι
1495 4312 1585 4367 Ἐν
1615 4306 1660 4381 ᾧ
1684 4328 1817 4366 κατ-

228 4408 382 4461 οικεῖ
414 4407 523 4459 πᾶν
548 4403 610 4459 τὸ
657 4405 934 4477 πλήρωμα
957 4406 1058 4477 τῆς
1103 4405 1355 4475 θεότητος
1399 4405 1726 4477 σωματικῶς
1745 4420 1758 4433 ο
1790 4423 1809 4455 ι

1921 3226 2053 3266 cens
2080 3230 2095 3265 :
2129 3210 2300 3265 «Ecce
2338 3210 2488 3282 virgo
2514 3210 2783 3281 concipiet
2810 3222 2865 3268 et
2893 3214 3066 3282 pariet
3096 3215 3285 3285 lilium,
3319 3228 3374 3275 et
3396 3236 3492 3275 vo-

1918 3301 2130 3357 cabitur
2147 3316 2341 3356 nomen
2363 3298 2481 3370 ejus
2499 3302 2816 3357 Emmanuel
2832 3300 2898 3369 ⁸⁸,
2921 3322 2941 3357 ι
2964 3306 3104 3375 quod
3126 3318 3210 3363 est
3232 3308 3495 3381 interpre-

1919 3400 2114 3458 tatum,
2148 3394 2443 3448 secundum
2475 3392 2753 3465 Evangelii
2786 3397 3089 3455 doctrinam
3111 3400 3177 3469 ⁸⁸,
3197 3402 3489 3461 Nobiscum

1919 3486 2082 3541 Deus.
2115 3485 2286 3540 Porro
2317 3483 2457 3540 Deus
2494 3486 2765 3541 nobiscum
2824 3489 2993 3545 Deum
3029 3506 3150 3546 cum
3185 3494 3495 3552 hominibus

1919 3578 2206 3648 signiﬁcat.
2239 3578 2299 3634 Si
2334 3593 2465 3649 ergo
2488 3580 2725 3650 Virginis
2757 3592 3053 3653 conceptus
3085 3584 3228 3641 hanc
3256 3588 3495 3643 obtinuit

1921 3670 2357 3741 appellationem,
2403 3678 2553 3739 patet
2598 3670 2766 3727 Deum
2814 3673 2982 3729 fuisse
3024 3676 3184 3731 simul
3225 3689 3278 3732 et
3318 3678 3495 3735 homi-

1920 3774 2076 3826 nem;
2107 3768 2219 3812 tum
2246 3760 2730 3829 praeexsistentem,
2758 3770 2869 3815 tum
2895 3763 3059 3817 etiam
3086 3766 3493 3837 suscipientem,

1921 3852 1973 3907 in
2010 3851 2240 3920 utroque
2271 3850 2591 3920 perfectum.
2622 3848 2758 3905 Nam
2790 3852 3051 3909 vocabulo
3086 3872 3105 3906 ι
3147 3855 3426 3912 nobiscum
3468 3877 3488 3911 ι

1920 3944 2197 3999 hominem
2232 3942 2533 4011 perfectum
2576 3943 2797 3998 denotat
2835 3962 2849 3998 :
2884 3946 3085 4001 etenim
3126 3949 3496 4020 unusquisque

1921 4044 2167 4092 nostrum
2198 4032 2492 4106 perfectam
2525 4034 2689 4091 habet
2719 4034 2957 4091 hominis
2989 4046 3255 4092 naturam.
3290 4039 3366 4095 Ex
3397 4056 3493 4095 vo-

1921 4130 2111 4187 cabulo
2141 4138 2319 4185 autem
2357 4147 2376 4180 ‹
2413 4127 2556 4183 Deus
2590 4148 2611 4181 ι
2640 4138 2695 4184 et
2722 4129 2935 4184 articuli
2966 4129 3140 4186 Graeci
3193 4132 3495 4203 adjectione

1924 4223 2046 4279 Filii
2087 4223 2348 4278 divinitas
2382 4222 2734 4292 conspicitur.
2767 4222 2943 4293 Atque
2977 4221 3119 4278 hanc
3157 4237 3268 4278 rem
3303 4224 3496 4281 beatus

1921 4316 2078 4370 docet
2102 4312 2298 4368 Paulus
2323 4312 2508 4368 dicens
2538 4332 2555 4366 ι
2589 4330 2604 4369 :
2632 4313 2684 4368 In
2710 4328 2819 4383 quo
2844 4313 3109 4370 inhabitat
3129 4315 3304 4369 omnis
3325 4316 3497 4386 pleni-

1892 4386 1900 4394 .
1927 4407 2059 4461 tudo
2092 4405 2397 4460 divinitatis
2427 4404 2869 4474 corporaliter".
2909 4423 2929 4457 ι
2961 4403 3093 4460 Item
3121 4421 3150 4459 a
3182 4404 3291 4461 Deo
3320 4406 3492 4479 inspi-

229 4499 341 4553 καὶ
368 4499 397 4551 6
435 4497 730 4569 θεόληπτος
760 4497 817 4550 δὲ
848 4499 1062 4560 Λουκᾶς
1090 4498 1119 4550 6
1144 4496 1539 4568 εύαγγελιστὴς
1569 4495 1812 4567 ἐναργῶς

1926 4506 2076 4551 ratus
2123 4496 2298 4552 Lucas
2344 4498 2667 4565 evangelista
2718 4498 2999 4568 perspicue
3048 4498 3208 4553 nobis
3256 4501 3497 4555 ostendit

228 4592 376 4662 ἡμῖν
397 4590 640 4644 δείκνυσι
664 4588 756 4641 τὸν
797 4587 923 4641 νοῦν
952 4588 1046 4642 τὸν
1071 4586 1415 4659 ἀνθρώπινον
1435 4587 1530 4641 τοῦ
1565 4588 1818 4658 Σωτῆρος

228 4678 485 4752 Χριστοῦ
506 4695 520 4709 ’
546 4697 565 4731 ι
593 4676 668 4732 Τὸ
695 4676 904 4730 παιδίον
936 4676 1065 4750 γὰρ,
1081 4677 1264 4748 φησὶν,
1296 4676 1521 4746 ηὔξανε,
1545 4677 1637 4729 καὶ
1656 4677 1819 4747 ἐκρα-

226 4768 466 4825 ταιοῦτο
503 4768 798 4838 πνεύματι,
856 4765 1232 4839 πληρούμενον
1266 4768 1477 4836 σοφίας,
1522 4768 1617 4821 καὶ
1658 4768 1819 4839 χάρις

227 4858 383 4916 Θεοῦ
403 4855 470 4931 ἦν
491 4860 575 4913 ἐπ’
594 4859 762 4931 αὐτῷ.
790 4878 808 4912 ι
836 4860 945 4915 Καὶ
972 4862 1091 4931 μετ’
1110 4860 1294 4929 όλίγα”
1330 4879 1349 4914 ι
1373 4861 1580 4933 Ἰησοῦς
1607 4860 1664 4914 δὲ
1688 4877 1821 4933 προ-

228 4952 474 5006 ἔκοπτεν
500 4950 707 5023 ἡλικίᾳ,
733 4950 829 5005 καὶ
860 4950 1042 5023 σοφίᾳ,
1066 4952 1159 5005 καὶ
1193 4952 1380 5023 χάριτι
1406 4952 1559 5023 παρά
1585 4951 1704 5023 Θεῷ
1726 4951 1821 5005 καὶ

224 5040 575 5114 ἀνθρώποις.
612 5063 631 5095 ι
665 5045 741 5097 Το
767 5044 823 5096 δὲ
872 5044 1036 5116 σοφίᾳ
1072 5044 1427 5116 προκόπτειν,
1460 5045 1522 5098 ού
1551 5042 1686 5097 Θεοῦ
1724 5043 1820 5097 τοῦ

230 5133 439 5203 σοφοῦ,
478 5133 572 5187 τοῦ
614 5135 967 5207 άπροσδεοῦς,
1013 5138 1107 5190 καὶ
1141 5138 1227 5190 ἀεὶ
1281 5138 1515 5203 τελείου,
1545 5138 1640 5192 καὶ
1687 5139 1822 5209 μήτε

226 5224 509 5290 ἐπίδοσιν,
536 5228 674 5299 μήτε
696 5227 990 5282 ἐλάττωσιν
1005 5228 1321 5301 δεχομένου,
1354 5229 1490 5283 ἀλλὰ
1506 5229 1595 5282 τοῦ
1614 5229 1706 5284 νοῦ
1723 5228 1817 5284 τοῦ

222 5316 613 5383 ἀνθρωπίνου,
644 5317 736 5371 τοῦ
758 5322 876 5383 ταῖς
898 5320 1138 5392 ήλικίαις
1169 5323 1584 5393 συμπροῖόντος,
1620 5324 1711 5375 καὶ
1739 5322 1820 5374 διο

1919 4589 2207 4644 humanam
2243 4586 2444 4644 Christi
2480 4589 2787 4644 Servatoris
2821 4596 3057 4644 mentem
3095 4609 3108 4644 :
3150 4607 3169 4640 ‹
3212 4587 3371 4656 Puer,
3404 4589 3493 4644 iu-

1918 4680 2065 4752 quit,
2097 4680 2376 4736 crescebat
2404 4689 2459 4735 et
2487 4680 2894 4736 confortabatur
2920 4681 3149 4749 spiritu,
3182 4680 3370 4751 plenus
3402 4698 3493 4737 sa-

1917 4773 2142 4844 pientia,
2185 4781 2240 4829 et
2277 4773 2449 4844 gratia
2490 4772 2583 4828 Dei
2624 4782 2743 4828 erat
2779 4787 2903 4827 cum
2944 4772 3033 4827 illo
3052 4771 3118 4826 “.
3164 4790 3184 4825 ι
3231 4771 3297 4827 Et
3336 4774 3496 4842 paqu

1919 4875 2041 4937 post
2080 4883 2094 4920 :
2146 4884 2166 4917 ι
2214 4865 2372 4922 Jesus
2415 4865 2733 4936 proficiebat
2773 4873 2961 4926 aetate,
3001 4879 3066 4919 ac
3108 4865 3402 4936 sapientia,
3441 4876 3496 4919 et

1919 4957 2094 5027 gratia
2141 4955 2284 5026 apud
2329 4956 2496 5011 Deum
2539 4966 2595 5011 et
2636 4955 2882 5009 homines
2904 4954 2969 5005 ".
3019 4972 3038 5006 ι
3078 4953 3197 5008 Jam
3233 4968 3362 5008 vero
3401 4968 3494 5008 sa-

1921 5050 2121 5119 pientia
2158 5048 2445 5119 proﬁcere,
2482 5063 2588 5103 non
2626 5055 2709 5106 est
2746 5046 2838 5103 Dei
2875 5047 3152 5116 sapientis,
3191 5045 3495 5117 nulliusque

1920 5141 1999 5196 rei
2039 5140 2231 5210 indigi,
2276 5154 2598 5211 semperque
2642 5137 2900 5209 perfecti,
2940 5138 3032 5191 sed
3080 5135 3275 5191 mentis
3317 5138 3496 5205 potius

1918 5231 2190 5293 humanze,
2231 5244 2350 5299 quae
2387 5228 2548 5284 simul
2589 5243 2710 5283 cum
2751 5236 2910 5283 aetate
2952 5226 3185 5295 prolicit,
3223 5234 3279 5280 et
3314 5228 3497 5281 erudi-

1923 5323 2065 5377 tione
2087 5332 2227 5390 eget,
2250 5332 2305 5377 et
2324 5323 2426 5376 arti
2450 5321 2671 5392 831m
2698 5331 2858 5391 atque
2897 5319 3138 5374 scientize
3168 5321 3499 5389 excipiendae

306 5454 356 5483 ⁸¹
394 5452 582 5507 Matth.
604 5470 751 5521 nm,
780 5455 869 5510 58.
928 5456 975 5486 ⁸³
1006 5455 1165 5511 Joan.
1199 5472 1255 5521 Χ,
1288 5456 1370 5511 18.
1448 5456 1494 5489 ⁸³
1522 5458 1625 5511 lsa.
1656 5472 1751 5521 vn,
1784 5456 1878 5511 H.

223 5524 277 5556 ⁸’
316 5522 461 5577 ibid.
499 5522 588 5578 52.

1968 5458 2014 5489 ⁸⁸
2041 5456 2232 5513 Matth.
2262 5472 2300 5520 ι,
2335 5456 2425 5511 23.
2504 5457 2549 5488 ⁸⁸
2578 5456 2782 5511 Coloss.
2803 5471 2859 5519 II,
2885 5455 2940 5511 9.
3015 5454 3061 5486 "
3093 5455 3219 5510 Luc.
3248 5469 3304 5517 II,
3334 5453 3426 5519 40.

308 5632 403 5709 (Ι)
434 5632 639 5709 Recole
682 5648 801 5709 cap.
845 5649 922 5709 ix.
965 5632 1207 5709 Eamque
1248 5636 1425 5691 anima
1468 5648 1657 5690 amens
1698 5649 1795 5706 par
1838 5636 1963 5692 nulli
1994 5648 2237 5709 reputata
2304 5638 2511 5693 fuisset.
2562 5641 2729 5693 Porro
2790 5638 3023 5692 animum
3055 5652 3242 5707 reapse
3270 5636 3320 5688 iu
3347 5632 3502 5690 Chri-

222 5718 323 5763 sto
361 5707 558 5769 luisse,
594 5708 856 5771 negabunt
886 5704 1094 5758 Ariani.
