3856 6212
435 233 564 290 1451

1434 230 1494 284 S.
1531 225 1804 283 CYRILLI
1837 224 2309 284 ALEXANDRINI
2353 227 2680 285 ARCHIEP.

3556 233 3692 287 “5?.

431 355 751 411 exsistentia
773 354 847 410 ad
877 353 1258 411 exsistendum
1294 361 1566 418 traxerat,
1606 350 1699 421 qui
1735 349 1845 405 vita
1884 363 1978 405 era

2109 350 2190 412 είς
2210 349 2270 402 τὸ
2297 345 2437 404 εἶναι
2460 353 2719 422 ποιήσας,
2748 351 2781 423 ἡ
2804 348 2940 423 ζωὴ,
2972 350 3031 404 τὸ
3057 350 3173 419 φῶς
3194 349 3258 404 τὸ
3282 349 3567 423 ἀληθινὸν,
3595 354 3694 423 τὴν

433 460 488 504 et
516 448 608 504 lux
634 462 796 514 vera;
823 447 940 514 hic,
974 447 1071 512 ait,
1100 444 1381 501 hominum
1400 457 1527 499 suas
1553 442 1683 498 fecit
1703 440 2006 524 passiones,

435 540 562 596 dum
604 538 881 594 hominum
907 536 1138 593 salutem
1168 542 1512 603 operaretur.
1546 532 1792 602 Cumque
1831 531 2009 587 adhuc

438 633 611 705 magis
666 631 1049 687 beneficiorum
1109 628 1252 685 illius
1314 625 1746 696 magnitudinem
1782 623 2009 678 demon-

436 732 613 779 strare
635 721 815 785 vellet,
842 733 1185 790 nequaquam
1211 718 1280 773 de
1309 715 1604 772 immortali
1626 715 1808 769 anima
1840 712 2004 768 verba

436 817 583 883 fecit,
614 816 708 871 sed
746 815 813 870 de
834 812 1078 885 passibili
1105 825 1292 875 carne,
1316 807 1531 865 mortali
1559 817 1613 864 et
1639 804 2003 877 corruptibili,

434 923 500 960 ex
532 908 659 962 limo
682 904 869 971 facta;
917 910 1082 973 atque
1118 916 1148 956 a
1192 908 1347 971 parte
1395 906 1561 953 totam
1606 905 1857 951 naturam
1904 894 2003 950 de-

434 996 657 1050 claravit
679 1034 696 1061 ,
737 1004 797 1050 ut
820 992 1102 1062 sequentia
1134 999 1406 1045 testantur
1440 1006 1455 1043 :
1491 1005 1510 1038 ι
1549 986 1784 1042 Verbum
1814 984 2000 1052 enim),

434 1087 650 1157 inquit,
721 1100 853 1142 caro
905 1084 1109 1140 factum
1169 1089 1253 1139 est
1288 1121 1303 1147 ,
1367 1087 1422 1136 et
1475 1078 1743 1135 habitavit
1791 1078 1846 1135 in
1899 1093 2000 1134 no-

432 1180 515 1235 bis
542 1179 606 1233 ⁵⁸.
646 1197 666 1231 ι

500 1290 654 1346 Alius
679 1304 810 1345 vero
840 1289 887 1345 is
912 1296 1054 1354 erat,
1100 1287 1189 1357 qui
1233 1286 1396 1342 modo
1453 1285 1683 1341 naturali
1732 1284 2003 1340 inhabita-

430 1386 544 1447 bat,
583 1381 726 1436 aliud
761 1396 888 1436 vero
921 1379 1202 1448 templum.
1237 1378 1416 1444 Quare
1446 1386 1500 1431 et
1531 1375 1731 1431 Judaais
1779 1376 1998 1431 aiebat:

434 1492 455 1527 ι
493 1473 696 1530 Solvite
746 1471 1002 1541 templum
1040 1471 1161 1535 boc,
1184 1478 1238 1523 et
1279 1483 1379 1539 ego
1423 1468 1597 1523 tribus
1626 1468 1815 1524 diebus
1850 1470 2004 1524 exci.

430 1566 557 1621 tabo
583 1564 729 1619 illud.
761 1563 828 1617 δ’.
871 1582 890 1616 ι
929 1560 1138 1631 Templi
1177 1576 1309 1615 vero
1340 1559 1539 1615 solutio
1570 1568 1690 1614 erat
1721 1561 1920 1615 animae
1968 1576 1999 1617 a

2112 440 2365 514 φθαρτὴν
2389 442 2622 497 ἀνέλαϐε
2643 441 2829 513 φύσιν,
2844 442 2938 497 καὶ
2959 442 3148 497 τάτῶν
3164 441 3475 518 ἀνθρώπιον
3492 443 3696 515 ᾠκειώ-

2111 550 2244 588 σατο
2288 533 2459 605 πάθη,
2495 534 2595 607 τὴν
2639 535 2749 589 τῶν
2809 534 3117 608 ἀνθρώπων
3166 537 3694 609 πραγματευόμενος

2110 625 2407 696 σωτηρίαν.
2435 627 2548 680 Καὶ
2571 625 2837 697 μειζόνως
2861 626 3025 681 αὑτοῦ
3049 627 3220 692 δεῖξαι
3238 627 3343 699 τῆς
3367 627 3692 701 εὐεργεσίας

2106 714 2167 767 τὸ
2199 704 2432 785 μέγεθος
2460 715 2748 788 ἐθελήσας,
2770 717 2833 770 οὐ
2862 718 2964 789 τῆς
2986 716 3169 789 ψυχῆς
3196 718 3571 789 ἐμνημόνευσε
3590 718 3691 788 τῆς

2105 806 2402 872 ἀθανάτου,
2440 808 2577 862 ἀλλὰ
2606 810 2707 881 τῆς
2746 811 2951 882 σαρκὸς
2974 811 3075 883 τῆς
3108 809 3380 883 παθητῆς,
3409 811 3511 883 τῆς
3558 810 3691 883 θνη-

2104 897 2224 969 τῆς,
2256 897 2359 967 τῆς
2394 898 2785 972 φθειρομένης,
2835 899 2936 970 τῆς
2978 902 3044 953 ἐκ
3088 899 3260 971 πηλοῦ
3290 899 3692 973 γεγενημένης

2105 988 2197 1043 καὶ
2220 989 2329 1045 ἀπὸ
2370 990 2467 1044 τοῦ
2502 991 2703 1062 μέρους
2734 992 2833 1064 τὴν
2858 994 3045 1046 πᾶσαν
3075 993 3239 1061 φύσιν
3283 992 3580 1064 ἐδήλωσεν,
3613 991 3695 1053 ὡς

2108 1084 2382 1153 μαρτυρεῖ
2421 1082 2492 1136 τὰ.
2539 1083 2898 1153 ἐπαγόμενα·
2938 1103 2957 1135 ι
2998 1083 3057 1137 Ὀ
3103 1084 3276 1152 Λόγος
3318 1083 3451 1155 γὰρ,
3498 1083 3690 1156 φησιν,

1990 1232 1997 1241 ,
2111 1172 2248 1244 σὰρξ
2272 1173 2514 1241 ἐγένετο,
2547 1175 2643 1228 καὶ
2662 1176 2975 1245 ἐσκήνωσεν
2998 1177 3056 1229 ἐν
3084 1177 3238 1246 ήμῖν.
3268 1194 3287 1227 ι

2175 1283 2406 1355 Ἕτερος
2442 1285 2501 1339 δὲ
2532 1287 2559 1339 6
2583 1287 2918 1357 κατοικήσας
2954 1286 3095 1339 κατὰ
3118 1285 3212 1338 τὸν
3254 1284 3410 1354 λόγον
3444 1286 3546 1357 τῆς
3583 1288 3693 1356 φύ-

2104 1392 2262 1438 σεως,
2289 1376 2384 1430 καὶ
2407 1376 2596 1448 ἐτερος
2615 1379 2644 1431 6
2670 1377 2924 1440 ναός.Διδ
2942 1376 3040 1431 καὶ
3064 1380 3178 1441 τοῖς
3207 1378 3483 1441 Ἰουδαίοις
3507 1378 3688 1448 ἔλεγε·

2109 1486 2126 1518 ι
2155 1465 2367 1520 Λύσατε
2398 1466 2489 1521 τὸν
2535 1468 2664 1522 ναὸν
2715 1468 2925 1535 τοῦτον,
2973 1470 3071 1522 καὶ
3122 1470 3179 1524 ἐν
3224 1471 3407 1542 τρισὶν
3448 1472 3694 1543 ήμέραις

2101 1557 2281 1629 ἐγερῶ
2312 1558 2494 1612 αὐτόν.
2524 1577 2543 1610 ι
2566 1558 2736 1625 Λύσις
2763 1559 2819 1612 δέ
2850 1560 2945 1615 τοῦ
2970 1561 3127 1626 ναοῦ,
3154 1561 3334 1639 ψυχῆς
3359 1563 3455 1616 καὶ
3495 1563 3691 1634 σώμα-

428 1670 656 1728 corpore
688 1654 1006 1710 dissolutio:
1029 1668 1154 1708 nam
1182 1666 1331 1707 mors
1355 1660 1448 1707 est
1471 1651 1667 1706 animae
1707 1667 1737 1706 a
1758 1666 1986 1722 corpore

2099 1665 2191 1713 τος
2226 1650 2259 1721 ή
2296 1649 2601 1715 διάζευξις·
2645 1651 2877 1715 θάνατος
2916 1653 3024 1726 γάρ
3051 1654 3170 1707 ἐστι
3225 1653 3402 1724 ψυχῆς
3432 1654 3545 1709 ἀπὸ
3579 1655 3691 1708 σώ-

427 1764 695 1806 recessus.
728 1748 870 1818 Ergo
907 1747 1089 1817 templi
1139 1746 1463 1800 solutionem
1506 1752 1765 1815 operatur
1804 1746 1986 1799 animat

2105 1758 2273 1812 ματος
2296 1743 2679 1816 ἀναχώρησιςο
2704 1744 2900 1799 οὐκοῦν
2925 1745 3026 1817 τὴν
3064 1745 3221 1801 λύσιν
3246 1746 3340 1802 τοῦ
3369 1746 3498 1802 ναοῦ
3530 1749 3560 1802 ό
3582 1747 3692 1818 τῆς

425 1857 456 1895 a
482 1854 711 1911 corpore
744 1838 1036 1906 separatio.
1072 1835 1248 1907 igitur
1298 1836 1342 1890 si
1384 1833 1553 1889 Judaei
1598 1834 1855 1905 templum
1894 1836 2002 1890 sol-

426 1941 659 1998 verunt,
712 1930 859 1985 cruci
914 1929 1185 1997 mortique
1243 1928 1519 1982 tradentes
1554 1966 1569 1992 ,
1629 1926 1831 1995 solutio
1868 1942 2000 1983 vero

426 2022 610 2091 templi
659 2019 1068 2088 coniunctorum
1112 2017 1386 2089 separatio
1424 2015 1527 2071 fuit
1556 2056 1572 2082 ,
1638 2017 1782 2072 Deus
1816 2025 1997 2072 autem

427 2114 662 2170 Verbum
695 2116 796 2168 hoc
825 2112 1145 2168 dissolutum
1209 2110 1563 2166 resuscitavit
1588 2151 1603 2174 ,
1651 2109 1997 2180 exploratum

424 2205 662 2261 arbitror
697 2220 821 2261 esse
865 2203 1252 2274 prudentibus,
1309 2218 1413 2257 non
1476 2203 1770 2257 iuauimem
1822 2218 2000 2273 neque

424 2308 606 2354 mente
649 2306 946 2360 carentem,
972 2296 1067 2351 sed
1110 2295 1420 2364 perfectum
1479 2297 1755 2350 hominem
1812 2311 1841 2350 a
1886 2296 1998 2352 Deo

428 2390 602 2444 Verbo
638 2397 972 2457 assumptum
1025 2383 1221 2439 fuisse.
1282 2383 1413 2438 Nam
1454 2384 1503 2438 si
1552 2401 1653 2454 pro
1701 2385 1996 2441 immortali

421 2479 627 2545 anima,
664 2477 718 2531 in
761 2483 1044 2543 assumpto
1092 2488 1319 2543 corpore
1354 2473 1496 2528 Deus
1544 2473 1777 2528 Verbum
1828 2474 1997 2527 exsti-

422 2570 613 2636 tisset,
645 2566 831 2636 utique
866 2564 1066 2620 ludatis
1116 2565 1347 2620 dixisset
1395 2582 1408 2619 :
1448 2563 1736 2619 Dissolvite
1775 2580 1882 2630 me,
1941 2575 1996 2621 et

421 2662 601 2715 triduo
634 2672 933 2726 resurgam.
967 2646 1125 2711 Nunc
1146 2670 1278 2710 vero
1308 2670 1429 2710 cum
1458 2655 1675 2721 doceat,
1706 2663 1760 2711 et
1809 2656 1993 2726 templi

418 2752 563 2807 illius
581 2751 1049 2812 niortalitatcm,et
1062 2747 1415 2803 inhabitantis
1428 2747 1653 2803 Deitatis
1670 2748 1991 2819 potentiam,

421 2862 445 2897 ι
485 2843 711 2909 Solvite,
745 2842 948 2911 inquit,
968 2840 1226 2911 templum
1263 2841 1389 2904 hoc,
1415 2849 1470 2895 et
1502 2854 1601 2911 ego
1638 2841 1817 2896 triduo
1842 2841 1995 2897 exci-

418 2938 544 2992 tabo
570 2936 718 2990 illud.
759 2952 778 2987 ι
823 2933 940 2989 Νοη
964 2933 1110 2988 enim
1143 2946 1268 3001 ego,
1298 2932 1411 2998 ait,
1446 2948 1478 2987 a
1507 2932 1662 2988 vobis
1694 2933 1986 3002 dissolvar,

416 3030 510 3084 sed
542 3036 874 3092 assumptum
910 3041 939 3080 a
968 3040 1055 3081 me
1088 3025 1385 3095 templum;
1441 3027 1626 3082 ethoc
1657 3028 1873 3095 quidem
1908 3029 1990 3099 ip-

2102 1832 2282 1904 ψυχῆς
2318 1834 2614 1907 ἐργάζεται
2644 1837 2957 1908 χωρισμός⁶
3010 1839 3060 1892 εί
3087 1838 3266 1893 τοίνυν
3308 1839 3550 1893 Ἰουδαῖοι
3592 1840 3691 1893 τὸν

2102 1925 2231 1978 ναὸν
2279 1925 2479 1980 ἔλυσαν
2518 1927 2741 1999 σταυρῷ
2786 1929 2884 1982 καὶ
2931 1928 3149 2000 θανάτῳ
3203 1930 3652 2001 παραδεδωκότες
3673 1971 3688 1992 ,

2101 2016 2256 2082 λύσις
2279 2017 2336 2071 δὲ
2367 2018 2498 2072 ναοῦ
2521 2019 2631 2073 τῶν
2652 2018 3019 2091 συνημμένων
3049 2023 3078 2075 ὁ
3104 2021 3405 2093 χωρισμὸς,
3426 2024 3454 2075 6
3473 2021 3533 2076 δέ
3552 2021 3691 2085 Θεὸς

2100 2109 2276 2177 Λόγος
2308 2107 2497 2163 τοῦτον
2544 2109 2777 2164 λυθέντα
2831 2111 3124 2183 ἀνέστησε,
3169 2114 3339 2183 σαφὲς
3366 2110 3525 2185 οἶμαι
3571 2119 3689 2179 τοῖς

2101 2198 2390 2277 ἐμφροσιν,
2427 2200 2504 2265 ὡς
2536 2203 2637 2255 οὐκ
2681 2202 2890 2274 ἄψυχον
2922 2204 3047 2258 ούδέ
3070 2205 3261 2273 ἄνουν,
3309 2205 3453 2265 ἀλλά
3479 2207 3689 2260 τέλειον

2098 2287 2390 2371 άνθρωπον
2423 2293 2451 2344 6
2480 2290 2615 2356 Θεὸς
2652 2292 2949 2347 ἀνελάϐετο
2972 2296 3146 2365 Λόγος
3168 2314 3182 2329 ·
3217 2298 3267 2351 εί
3299 2298 3407 2370 γὰρ
3434 2298 3559 2352 ἀντὶ
3585 2299 3689 2369 τῆς

2097 2378 2366 2435 ἀθανάτου
2392 2381 2593 2453 ψυχῆς,
2618 2384 2676 2436 ἐν
2704 2382 2782 2455 τῷ
2813 2385 3180 2456 άναληφθέντι
3216 2388 3433 2460 σώματι
3458 2390 3690 2459 γέγονεν

2096 2470 2124 2521 6
2167 2472 2301 2532 Θεὸς
2323 2473 2515 2543 Λόγος,
2549 2469 2703 2528 εἶπεν
2734 2476 2799 2530 ἂν
2838 2480 2954 2539 τοῖς
2996 2478 3297 2545 Ἰουδαίοις·
3338 2480 3556 2536 Λύσατέ
3590 2501 3687 2550 με,

2106 2564 2201 2616 καὶ
2238 2565 2297 2617 ἐν
2350 2566 2528 2636 τρισὶν
2574 2567 2814 2639 ἡμέραις
2846 2570 3260 2643 ἀναστήσομαι·
3318 2573 3415 2627 νῦν
3438 2574 3499 2628 δὲ
3536 2574 3687 2630 διδά-

2100 2669 2266 2716 σκων,
2298 2653 2392 2706 καὶ
2426 2652 2522 2708 τοῦ
2562 2655 2692 2710 ναοῦ
2726 2657 2788 2711 τὸ
2815 2658 3116 2728 τηνικαῦτα
3142 2663 3206 2714 τὸ
3247 2662 3462 2733 θνητὸν,
3492 2664 3591 2717 καὶ
3626 2665 3688 2717 τὺ

2094 2738 2319 2798 δυνατὸν
2350 2744 2451 2815 τῆς
2486 2746 2804 2818 ἐνοικούσης
2849 2748 3138 2821 Θεότητος,
3190 2770 3210 2803 ι
3252 2751 3491 2819 Λύσατε,
3523 2756 3684 2823 φησι,

2092 2834 2185 2888 τὸν
2211 2834 2337 2899 ναὸν
2380 2835 2604 2900 τοῦτον,
2654 2839 2747 2891 καὶ
2779 2841 2835 2892 ἐν
2880 2841 3057 2910 τρισὶν
3098 2842 3335 2914 ἡμέραις
3368 2843 3550 2917 ἐγερῶ
3574 2846 3684 2899 αύ-

2092 2925 2183 2982 τόν
2203 2945 2216 2957 °
2249 2947 2268 2979 ι
2296 2930 2359 2983 ού
2392 2930 2502 3003 γὰρ
2537 2932 2668 3001 ἐγὼ,
2686 2933 2872 3002 φησὶν,
2903 2934 2993 3004 ὑφ’
3024 2935 3177 3006 ὑμῶν
3204 2936 3532 3008 λυθήσομαι,
3559 2940 3685 2993 ἀλλ’

2093 3020 2121 3070 6
2149 3018 2380 3090 ληφθεὶς
2417 3024 2509 3075 ὑπ’
2558 3022 2695 3093 ἐμοῦ
2735 3026 2895 3089 ναός·
2927 3027 3023 3079 καὶ
3056 3020 3211 3093 οὗτος
3240 3029 3297 3083 δέ
3339 3029 3551 3096 λύεται,
3589 3032 3684 3085 Iv:

416 3138 535 3177 sum
568 3120 639 3174 ita
667 3118 981 3174 dissolvitur
1010 3155 1026 3183 ,
1059 3126 1119 3171 ut
1152 3118 1376 3173 meliore
1409 3120 1811 3175 resurrectione
1838 3133 1986 3191 post-

2093 3110 2405 3180 κρείττονος
2445 3113 2800 3180 ἀναστάσεως
2854 3117 3160 3191 ἀπολαύσῃ,
3213 3120 3301 3173 ἴνα
3336 3121 3436 3193 τὴν
3472 3122 3683 3196 θνητὴν

412 3229 476 3269 ea
519 3213 750 3276 fruatur,
783 3219 841 3265 ut
868 3209 1153 3264 mortalem
1184 3210 1421 3277 deponat
1457 3221 1733 3276 naturam,
1771 3221 1830 3265 ut
1863 3228 1987 3267 cor-

414 3305 718 3376 ruptionem
747 3311 911 3355 exuat
940 3309 995 3355 et
1027 3300 1213 3355 induat
1240 3302 1724 3373 incorruptionem,
1763 3304 1985 3375 829m

413 3404 472 3448 ut
503 3394 693 3448 mortis
725 3391 1013 3461 imperium
1077 3392 1343 3455 destruat,
1372 3400 1430 3445 ut
1477 3392 1571 3446 [lat
1601 3392 1987 3449 dormientium

412 3486 703 3555 primitiae,
767 3493 826 3537 ut
862 3482 1244 3550 corruptionis
1294 3482 1574 3539 doloribus
1638 3485 1833 3542 solutis
1876 3502 1980 3556 ap-

411 3587 598 3645 pareat
621 3584 951 3630 mortuorum
974 3574 1399 3644 .pritnogenitus,
1456 3585 1510 3630 et
1548 3579 1765 3647 propria
1803 3594 1985 3634 resur-

409 3669 651 3725 rectione
706 3668 943 3724 omnium
1007 3666 1285 3722 hominum
1341 3670 1797 3726 resurrectionem
1852 3687 1980 3739 por-

410 3761 615 3816 tendat.

408 3897 549 3954 XIX.
590 3898 974 3955 Demonstratio
1008 3939 1022 3964 ,
1079 3901 1221 3969 quod
1267 3901 1503 3954 animam
1570 3899 1981 3956 intellectualem

796 3970 937 4025 Deus
979 3969 1198 4025 Verbum
1229 3972 1587 4039 assumpscrit.

481 4081 634 4149 Quod
689 4092 869 4136 autem
919 4082 1033 4138 haec
1063 4081 1136 4137 ita
1171 4096 1230 4137 se
1266 4081 1520 4146 habeant,
1565 4091 1796 4139 testatur
1847 4099 1981 4155 apo-

405 4174 667 4231 stolorum
698 4174 949 4245 princeps
976 4175 1027 4228 in
1052 4174 1276 4229 Actibus
1298 4174 1616 4241 dicens,non
1643 4174 1809 4232 fuisse
1824 4177 1979 4232 dere-

405 4268 585 4322 lictam
613 4269 848 4322 animam
882 4265 1001 4335 ejus
1030 4266 1084 4320 in
1118 4265 1353 4328 inferno,
1384 4282 1559 4337 neque
1593 4283 1813 4324 carnem
1859 4271 1977 4340 ejus

405 4358 608 4413 vidisse
649 4356 1053 4427 corruptionem
1086 4356 1156 4409 κ.
1239 4357 1448 4425 Templi
1483 4372 1613 4428 ergo
1665 4358 1863 4415 solutio
1892 4368 1977 4415 est

2089 3201 2362 3272 ἀπόθηται
2394 3204 2579 3273 φύσιν,
2616 3207 2703 3260 ἴνα
2727 3207 2826 3278 τὴν
2854 3209 3065 3282 φθοράν
3096 3213 3433 3284 ἀποδύσηται
3463 3219 3557 3269 καὶ
3577 3217 3685 3287 τὴν

2087 3291 2402 3363 ἀφθαρσίαν
2440 3296 2751 3369 ἐνδύσηται,
2776 3301 2863 3354 ἵνα
2897 3302 2994 3356 τοῦ
3034 3303 3267 3359 θανάτου
3296 3307 3581 3381 καταλύσῃ
3619 3312 3685 3364 τὺ

2086 3385 2310 3454 κράτος,
2348 3387 2436 3440 ἵνα
2459 3388 2566 3440 τῶν
2599 3392 3017 3463 κεκοιμημένων
3038 3397 3268 3469 ἀπαρχὴ
3297 3398 3546 3471 γένηται,
3586 3403 3684 3455 ἴνα

2086 3473 2255 3541 λύσας
2283 3478 2385 3549 τῆς
2408 3479 2616 3551 φθορᾶς
2644 3483 2743 3548 τὰς
2779 3485 2975 3550 ὠδῖνας
3004 3488 3294 3561 ἀναδειχθῇ
3318 3492 3426 3544 τῶν
3458 3495 3683 3563 νεκρῶν

2087 3567 2456 3636 πρωτότοκος,
2485 3572 2581 3625 καὶ
2609 3573 2695 3627 διὰ
2728 3576 2829 3646 τῆς
2855 3578 3061 3644 οἰκείας
3100 3581 3453 3647 ἀναστάσεως
3508 3586 3680 3656 εὐαγ-

2083 3658 2367 3732 γελίσηται
2397 3662 2499 3730 τὴν
2524 3664 2743 3720 πάντων
2773 3668 3075 3741 ἀνθρώπων
3100 3672 3413 3729 ἀνάστασιν.

2084 3909 2182 3964 ῙΘ’.
2230 3910 2559 3978 Ἀπόδειξις
2600 3913 2689 3967 ὅτι
2730 3916 2943 3997 1.53:1}?-
2972 3920 3191 3988 γοερὰν
3220 3925 3253 3977 ὁ
3289 3924 3434 3990 Θεὸς
3471 3928 3671 3997 Λόγος

2755 3988 2988 4042 ἐλαϐεν.

2151 4094 2275 4148 Ὅτι
2302 4095 2360 4148 δὲ
2385 4095 2561 4151 ταῦτα
2598 4098 2774 4163 οὕτως
2803 4100 2937 4171 ἔχει,
2981 4107 3257 4176 μαρτυρεῖ
3283 4106 3392 4160 τῶν
3420 4109 3669 4167 ἀποστό-

2078 4185 2186 4237 λων
2214 4188 2243 4239 6
2287 4191 2584 4259 κορυφαῖος
2623 4192 2683 4244 ἐν
2721 4194 2844 4256 ταῖς
2889 4194 3127 4265 Πράξεσι
3199 4197 3406 4267 λέγων,
3440 4202 3525 4255 ὅτι
3561 4206 3672 4260 οὐκ

2079 4278 2535 4369 ἐκγατελείφθηή
2574 4282 2720 4354 ψυχὴ
2756 4283 2921 4337 αὐτοῦ
2956 4288 3035 4351 είς
3082 4286 3230 4359 ᾅδου,
3279 4292 3402 4345 οὐδὲ
3451 4297 3483 4367 ή
3523 4298 3673 4369 σὰρξ

2078 4368 2242 4422 αὐτοῦ
2288 4366 2396 4425 οἶδε
2448 4372 2763 4445 διαφθοράν.
2812 4377 2981 4441 Λύσις
3028 4382 3315 4453 τοιγαροῦν
3358 4385 3454 4439 τοῦ
3504 4366 3666 4455 ναοῦ,

400 4453 595 4507 anima:
632 4465 661 4503 a
696 4464 923 4519 corpore
950 4449 1223 4518 separatio
1255 4438 1674 4520 {vicissimque
1719 4466 1969 4508 resurre-

2093 4460 2256 4532 Ῑνυχῆς
2287 4464 2382 4516 καὶ
2408 4438 2660 4535 σώματος
2682 4438 2996 4541 χωρισμόςλ
3023 4438 3302 4529 καίπάλιν
3332 4438 3664 4548 ἀνάστασις,

396 4545 505 4598 ctio
535 4552 618 4598 est
648 4542 713 4596 ad
754 4541 1026 4611 propriam
1072 4557 1297 4597 carnem
1339 4544 1565 4598 reditus.
1621 4543 1680 4598 Si
1714 4558 1873 4616 ergo,
1918 4555 1975 4601 ut

395 4634 666 4690 haereseos
716 4633 1055 4703 antesignani
1113 4633 1289 4696 aiunt,
1346 4634 1561 4690 animas
1612 4635 1751 4691 duas
1798 4652 1971 4692 unus-

393 4727 624 4796 quisque
655 4726 818 4781 homo
847 4725 1006 4781 habet
1028 4766 1044 4791 ,
1066 4724 1285 4780 vitalem
1311 4725 1589 4782 scilicetet
1624 4727 1965 4796 rationalem,

391 4827 448 4871 et
477 4831 546 4872 ne
574 4832 702 4872 caro
726 4816 943 4886 quidem
968 4816 1175 4887 absque
1198 4816 1349 4872 vitali
1384 4818 1567 4871 anima
1602 4818 1830 4889 cogitari
1863 4836 1963 4873 un-

392 4920 553 4975 quam
569 4913 743 4975 potest
764 4923 780 4973 ;
804 4920 927 4960 nam
945 4919 1161 4974 corpus,
1180 4920 1285 4960 non
1309 4920 1460 4971 caro,
1490 4906 1688 4976 inquit,
1710 4909 1852 4978 quod
1881 4920 1965 4964 est

394 4998 719 5069 huiusmodi,
751 4997 1053 5068 appellatur
1078 5014 1093 5063 ;
1118 4997 1229 5052 etsi
1268 4997 1466 5053 Petrus
1497 5000 1595 5066 ait,
1631 5016 1736 5055 non
1761 5015 1961 5072 corpus

390 5088 628 5154 Domini,
664 5086 758 5141 sed
812 5086 1023 5141 Domini
1075 5100 1298 5142 carnem
1346 5087 1488 5141 haud
1536 5090 1738 5145 vidisse
1778 5105 1962 5145 corru-

389 5180 649 5250 ptionem,
682 5193 857 5249 neque
886 5180 1122 5233 animam
1154 5180 1271 5248 ejus
1294 5181 1343 5234 in
1369 5180 1582 5236 iul'eruo
1605 5181 1920 5238 derelictam
1942 5229 1957 5252 ,

388 5286 519 5326 sane
547 5280 761 5326 constat
789 5272 1005 5327 vitalem
1031 5272 1215 5343 (quam
1260 5274 1534 5342 quomodo
1580 5286 1829 5333 astruant
1866 5295 1960 5334 ne-

387 5361 520 5431 scio)
560 5362 842 5417 exstitisse
879 5363 933 5416 in
994 5378 1161 5417 carne
1200 5374 1455 5432 corrupta
1512 5365 1793 5433 animam,
1839 5370 1958 5425 sine

381 5467 488 5522 qua
522 5468 587 5508 ne
618 5469 747 5509 caro
783 5455 1026 5525 quidem,
1087 5464 1145 5509 ut
1190 5455 1362 5523 aiuut,
1415 5458 1801 5528 appellaretur.
1852 5461 1955 5517 lm-

452 5625 497 5659 ⁵⁵
538 5627 691 5685 Joau.
726 5646 763 5696 ι,
804 5632 883 5688 li.
962 5632 1002 5665 δ’
1034 5632 1190 5689 Joan.
1230 5650 1286 5715 η,
1325 5633 1402 5690 19.
1486 5638 1530 5667 ⁸⁰
1559 5638 1679 5692 Act.
1715 5656 1770 5705 ιι,
1805 5640 1894 5695 27.

2077 4553 2216 4624 πρὸς
2248 4554 2346 4623 τὴν
2377 4554 2555 4626 σάρκα
2584 4557 2682 4629 τὴν
2711 4560 2921 4613 οἰκείαν
2950 4563 3205 4627 ἐπάνοδος
3226 4583 3239 4597 ο
3274 4568 3325 4620 εί
3344 4568 3556 4637 τοίνυν,
3582 4572 3667 4639 ὥς

2071 4660 2234 4715 φασιν
2254 4645 2303 4697 οἱ
2335 4645 2436 4715 τῆς
2460 4648 2728 4719 αἱρέσεως
2753 4654 3079 4721 προστάται,
3109 4654 3285 4726 ψυχὰς
3311 4656 3408 4712 δύο
3430 4662 3540 4715 τῶν
3564 4663 3667 4715 ἀν·

2068 4733 2303 4805 θρώπων
2340 4737 2574 4804 ἐκαστος
2599 4739 2735 4811 ἔχει,
2759 4744 2862 4813 τήν
2888 4760 2949 4797 τε
2981 4742 3239 4819 ζωτικὴν,
3272 4750 3369 4803 καὶ
3388 4750 3489 4823 τήν
3517 4752 3667 4822 λογιο

2074 4825 2197 4897 κὴν,
2225 4828 2321 4881 καὶ
2362 4830 2501 4902 σάρξ
2530 4832 2660 4886 ἄνευ
2695 4833 2875 4904 ψυχῆς
2910 4836 3011 4889 οὐκ
3037 4836 3103 4890 ἄν
3137 4856 3266 4894 ποτε
3306 4841 3528 4916 νοηθείη
3555 4845 3663 4913 τῆς

2074 4916 2310 4989 ζωτικῆς
2367 4920 2554 4993 (σῶμα
2578 4923 2711 4996 γὰρ,
2740 4925 2856 4980 ἀλλ’
2884 4928 2945 4981 ού
2979 4926 3135 5000 σὰρξ,
3155 4932 3309 5001 φησι,
3327 4932 3388 4985 τὸ
3410 4935 3664 4989 τοιοῦτον

2072 5012 2590 5085 προσαγορεύεται)·
2609 5016 2818 5089 Πέτρος
2843 5019 2899 5073 δὲ
2925 5019 3048 5092 ἔφη,
3076 5022 3137 5074 οὺ
3160 5023 3221 5075 τὸ
3246 5023 3401 5094 σῶμα
3421 5040 3519 5078 του
3543 5027 3624 5079 Κυ
3650 5058 3663 5067 -

2075 5100 2215 5170 ρίου,
2250 5101 2385 5156 ἀλλὰ
2418 5104 2518 5176 τὴν
2556 5105 2737 5179 σάρκα
2769 5110 2865 5163 τοῦ
2904 5113 3109 5185 Κυρίου
3143 5114 3217 5185 μὴ
3264 5115 3391 5168 ἰδεῖν
3427 5117 3657 5187 διαφθο-

2072 5189 2194 5260 ρὰν,
2238 5192 2333 5246 καὶ
2361 5193 2460 5266 τὴν
2496 5195 2676 5270 ψυχὴν
2718 5202 2883 5256 αὐτοῦ
2935 5203 3009 5275 μὴ
3038 5206 3535 5278 ἐγκαταλειφθῆναι
3570 5211 3655 5271 είς

2069 5280 2220 5351 ᾅδου·
2256 5282 2480 5355 εὔδηλον
2510 5288 2585 5352 ὡς
2618 5290 2716 5362 τὴν
2740 5293 2836 5363 μὲν
2869 5293 3127 5367 ζωτικὴν,
3167 5297 3234 5368 ἣν
3257 5298 3358 5351 ούκ
3383 5294 3651 5362 οἷδ’ὄπως

2067 5369 2336 5440 λέγουσιν,
2365 5371 2565 5450 εἶχενή
2600 5379 2961 5455 διαφθαρεῖσα
3000 5386 3156 5457 σὰρξ,
3200 5382 3269 5458 ἧς
3293 5388 3423 5442 ἄνευ
3450 5390 3548 5442 οὐκ
3580 5389 3653 5441 ἂν

2067 5467 2559 5541 ποοσαγορευθείη,
2594 5470 2667 5536 ὥς
2697 5491 2853 5544 φασι,
2887 5478 3053 5548 capi"
3088 5480 3121 5549 ή
3168 5479 3223 5533 δὲ
3258 5479 3529 5545 ἀθάνατος
3553 5485 3653 5536 καὶ
