3856 6212
247 325 382 380 1453

1404 309 1493 365 DE
1533 302 2046 364 INCARNATIONE
2084 302 2339 360 DOMINI.

3358 304 3496 361 1454

256 440 445 512 λογικὴ
483 435 580 492 ml.
609 435 703 490 τοῦ
734 432 874 499 ζὼου
919 432 1017 503 τὴν
1051 428 1343 503 ἠγεμονίαν
1387 427 1820 498 πεπιστευμένη,

1933 421 2173 478 mortalis
2197 429 2377 475 autem
2418 425 2472 475 et
2517 419 2820 487 rationalis,
2877 436 2964 477 cut
3012 421 3306 477 animantis
3356 427 3497 492 regi-
3538 490 3539 493 η

244 537 301 590 οὐ
333 529 662 602 κατελείφθη
687 530 767 592 είς
788 526 936 599 ᾅδου,
961 524 1095 580 ἀλλὰ
1114 524 1248 595 πρὸς
1282 523 1383 593 τὴν
1408 521 1616 575 οἰκείαν
1649 522 1818 573 ἐπαν-

244 627 345 698 ἧκε
410 623 624 695 σάρκαο
685 622 781 673 καὶ
841 619 1017 689 μάτην
1067 612 1479 685 ἀδολεσχοῦσιν,
1535 611 1740 682 ἄψυχον
1781 610 1817 681 ἢ

246 719 404 773 ἄνουν
432 713 528 769 τοῦ
574 711 711 766 Θεοῦ
760 709 936 778 Λόγου
970 707 1063 761 τὸν
1104 706 1230 761 ναὸν
1293 702 1816 777 προσαγορεύοντες.

256 808 447 880 Ἡμεῖς
468 805 526 859 δέ
554 803 748 875 Πέτρῳ
775 799 1042 873 ἑψόμεθα,
1064 798 1161 853 καὶ
1182 798 1361 869 σάρκα
1388 794 1710 867 κηρύττοντι
1741 793 1819 866 μὴ

245 897 540 970 δεξαμένην
565 894 884 965 διαφθορὰν,
920 892 1015 946 καὶ
1049 890 1228 962 ψυχὴν
1262 889 1337 961 μὴ
1365 886 1821 958 καταλειφθεῖσαν

248 994 324 1055 εἰς
350 988 496 1062 ᾆδον,
538 987 654 1042 ἀλλ’
686 983 1088 1041 ἐπανελθοῦσαν
1117 982 1212 1037 καὶ
1253 982 1332 1053 τῷ
1383 980 1567 1052 οἰκείῳ
1606 979 1820 1050 σώματι

253 1080 644 1150 συναφθεῖσαν·
673 1074 1001 1147 πιστεύομεν
1027 1074 1085 1127 δέ
1114 1074 1210 1128 καὶ
1241 1071 1391 1144 αύτῷ
1415 1071 1493 1143 τῷ
1513 1071 1703 1143 Κυρίῳ
1734 1069 1823 1124 λέ·-

250 1188 429 1241 γοντιο
463 1189 483 1222 ι
507 1168 811 1241 Περίλυπός
832 1169 981 1221 ἐστιν
1005 1167 1040 1238 ή
1074 1164 1220 1236 ψυχή
1256 1181 1356 1236 μου
1382 1163 1486 1227 ἓως
1509 1162 1759 1218 θανάτου.
1795 1181 1815 1216 ι

252 1264 364 1336 Τῆς
387 1262 498 1334 γὰρ
526 1261 703 1331 λύπης
725 1259 823 1331 τὴν
842 1257 1093 1329 αἴσθησιν
1120 1256 1181 1310 τὸ
1208 1258 1266 1311 ἐν
1291 1258 1426 1328 ἡμῖν
1452 1256 1665 1324 λογικὸν
1685 1255 1821 1307 ὑπο-

250 1354 497 1426 δέχεταιο
532 1353 581 1406 εί
631 1351 689 1405 δέ
729 1350 851 1406 ιἰντ)⁵
886 1347 976 1402 νοῦ
1015 1349 1044 1401 6
1075 1348 1206 1412 Θεὸς
1247 1348 1418 1417 Λόγος
1449 1347 1732 1419 ὑπάρχων,
1754 1345 1824 1399 τὰ

251 1444 344 1498 τοῦ
374 1443 468 1499 νοῦ
498 1442 820 1513 κατεδέχετο
855 1438 1024 1510 πάθη,
1059 1438 1223 1501 αὐτὸς
1259 1433 1328 1509 ἦν
1355 1440 1383 1491 6
1410 1436 1692 1507 λυπηθεὶς,
1730 1437 1824 1490 καὶ

251 1534 532 1607 φοϐηθεὶς,
568 1533 664 1587 καὶ
702 1532 999 1601 ἀγνοήσας,
1024 1530 1120 1583 καὶ
1166 1528 1498 1598 ἀγωνιάσας,
1532 1529 1627 1582 καὶ
1653 1529 1822 1597 ἀγγε-

246 1630 376 1699 λικῇ
399 1624 687 1698 συμμαχίᾳ
715 1622 942 1696 ρωσθείς
962 1639 976 1653 ·
1005 1625 1055 1675 εί
1086 1621 1144 1675 δέ
1169 1622 1264 1676 καὶ
1284 1620 1458 1675 ταῦτα
1484 1622 1746 1692 φήσουσιν
1773 1620 1823 1672 οί

250 1719 349 1790 τῆς
394 1713 770 1785 ’Λπολιναρίου
831 1708 1218 1783 ματαιολογίας
1264 1709 1633 1780 κληρονόμοι,
1685 1708 1825 1779 μετά

1920 528 2046 570 men
2101 520 2189 569 est
2242 511 2615 579 commissum,
2667 527 2772 567 non
2827 523 2906 568 est
2953 512 3006 567 in
3067 512 3279 570 inferno
3334 515 3499 570 dere-

1919 605 2079 667 licta.
2127 606 2223 662 sed
2276 606 2344 661 ad
2379 620 2531 661 suam
2565 605 2731 661 rediit.
2775 620 2994 661 carnem
3032 627 3045 663 :
3080 607 3310 678 ideoque
3378 609 3494 663 frn-

1925 707 2039 755 stra
2069 706 2342 769 nugantur
2380 695 2457 762 hi,
2505 696 2597 766 qui
2650 695 2890 752 inanime
2934 705 2989 753 et
3028 698 3253 754 rationis
3301 713 3507 768 etpers

1921 789 2091 848 fuisse
2113 790 2301 846 dicunt
2333 788 2426 845 Dei
2461 789 2622 846 Verbi
2658 789 2943 860 templum.
2984 789 3095 847 Nos
3122 801 3304 847 autem
3336 791 3500 847 Petro

1922 883 2286 940 assentiemur
2343 876 2439 952 qtii
2482 893 2538 938 et
2579 896 2799 938 carnem
2846 882 3103 951 praedicat
3154 885 3501 963 corruptione

1922 984 2222 1047 expertem,
2253 983 2308 1029 et
2342 974 2582 1030 animam
2626 974 2680 1029 in
2728 974 2943 1030 inferno
2990 990 3100 1030 non
3154 975 3498 1045 derelictam,

1921 1067 2018 1123 sed
2049 1067 2302 1121 reducem
2332 1074 2497 1137 atque
2535 1064 2604 1120 ad
2660 1080 2860 1137 corpus
2907 1081 3068 1121 suum
3122 1066 3498 1123 recollectam.

1923 1158 2210 1215 Credimus
2247 1159 2411 1215 etiam
2441 1158 2671 1213 Domino
2702 1158 2803 1228 ipsi
2850 1158 3053 1215 dicenti
3087 1176 3101 1213 :
3141 1178 3161 1212 ι
3194 1158 3390 1217 Tristis
3420 1170 3504 1216 est

1925 1253 2106 1307 anima
2153 1265 2271 1306 mea
2312 1265 2485 1321 usque
2523 1252 2589 1305 ad
2632 1262 2862 1306 mortem
2905 1251 2988 1319 ⁵⁸;
3038 1269 3057 1303 ι
3101 1266 3225 1306 nam
3267 1253 3503 1307 tristitia:

1924 1359 2141 1399 sensum
2176 1358 2299 1413 pars
2349 1353 2534 1398 nostra
2584 1341 2868 1397 rationalis
2896 1343 3120 1414 excipit.
3169 1342 3322 1410 Quod
3369 1344 3501 1399 siin

1927 1437 2127 1491 mentis
2170 1436 2289 1490 loco
2338 1434 2478 1492 Deus
2522 1433 2762 1490 Verbum
2804 1435 3109 1502 exsistens,
3155 1437 3352 1491 mentis
3380 1452 3505 1503 pas-

1926 1527 2106 1583 siones
2126 1526 2461 1597 excipiebat,
2484 1526 2675 1596 utique
2702 1528 2873 1594 ipsum
2898 1526 3134 1583 Verbum
3158 1527 3502 1591 tristabatnr,

1928 1616 2223 1682 metuebat,
2260 1617 2571 1688 ignorabat,
2606 1618 2973 1688 agonizabat,
3014 1628 3069 1673 et
3114 1619 3358 1690 angelica
3400 1635 3503 1686 ope

1927 1707 2355 1765 conlortabatur.
2384 1706 2504 1763 Jam
2551 1707 2599 1763 si
2624 1714 2737 1765 haec
2761 1725 2977 1781 quoque
3007 1711 3190 1765 dicant
3225 1711 3505 1782 Apollina-

263 1808 478 1881 Ἀρείου
498 1807 593 1861 καὶ
617 1804 882 1875 Εύνομίου
904 1802 1013 1857 τῶν
1035 1802 1415 1875 χριστομάχων
1434 1800 1792 1872 ταχθήτωσαν
1806 1816 1821 1830 ·

1933 1801 2096 1856 rianre
2121 1801 2365 1856 stultitim
2403 1801 2665 1869 haeredes,
2686 1803 2719 1856 ii
2748 1804 2991 1872 profecto
3012 1818 3136 1859 cum
3180 1802 3382 1860 Christi
3408 1804 3505 1859 ho-

251 1896 328 1956 ὧν
360 1900 469 1972 γὰρ
520 1900 612 1968 ἴση
665 1899 699 1968 ή
754 1895 1093 1967 βλασφημία,
1122 1892 1328 1947 τούτων
1362 1892 1493 1964 μίαν
1541 1887 1679 1945 εἶναι
1726 1890 1826 1962 τὴν

252 1992 498 2064 ἐταιρίαν
524 1990 733 2045 δίκαιον
758 1987 867 2060 (1)·
894 1988 1059 2058 ἡμεῖς
1075 1985 1132 2039 δὲ
1155 1985 1481 2055 ἀκούσωμεν
1498 1982 1594 2037 τοῦ
1617 1982 1825 2053 Κυρίου

253 2085 508 2153 λέγοντος
525 2100 541 2118 ο
570 2102 588 2136 ι
625 2079 905 2147 Ἐξουσίαν
931 2078 1039 2149 ἔχω
1063 2078 1234 2132 θεῖναι
1258 2076 1356 2149 τὴν
1377 2076 1554 2149 ψυχήν
1583 2094 1708 2149 μου,
1734 2076 1830 2132 καὶ

255 2175 506 2245 ἐξουσίαν
534 2173 641 2245 ἐχω
662 2172 825 2227 πάλιν
848 2172 1032 2225 λαϐεῖν
1057 2171 1230 2241 αὑτήν
1252 2186 1267 2200 ·
1294 2168 1468 2233 οὐδεὶς
1493 2168 1638 2239 αἴρει
1662 2167 1830 2239 αὐτὴν

254 2270 351 2323 ἀπ’
374 2264 529 2338 ἐμοῦ.
556 2284 575 2317 ι
617 2265 712 2318 Ἐκ
739 2263 848 2334 γὰρ
874 2262 984 2316 τῶν
1013 2262 1188 2331 λόγων
1209 2260 1416 2315 τούτων
1445 2259 1825 2331 μαθησόμεθα,

252 2363 329 2426 ὡς
365 2362 554 2432 ἔτερος
580 2358 679 2430 μὲν
706 2358 735 2410 ὁ
763 2356 958 2420 τιθεὶς,
992 2355 1181 2427 ἓτερον
1202 2354 1260 2408 δὲ
1295 2354 1356 2408 τὸ
1387 2354 1672 2425 τιθέμενον
1691 2370 1705 2385 ⁸
1735 2354 1830 2408 καὶ

254 2453 389 2517 Θεὸς
422 2453 519 2523 μέν
546 2453 575 2505 6
595 2449 765 2514 τιθεὶς
791 2449 886 2502 καὶ
904 2447 1217 2518 λαμϐάνων,
1242 2446 1390 2518 ψυχὴ
1416 2446 1473 2499 δέ
1506 2448 1539 2517 ἡ
1571 2444 1830 2518 τιθεμένη

254 2547 351 2599 καὶ
379 2541 799 2615 λαμϐανομένηο
831 2541 924 2594 καὶ
948 2539 1080 2603 Θεὸς
1116 2539 1213 2610 μὲν
1242 2539 1342 2609 τὴν
1375 2537 1625 2604 ἐξουσίαν
1668 2537 1826 2608 ἔχων,

251 2636 403 2709 ψυχὴ
428 2636 486 2691 δέ
517 2637 552 2707 ή
578 2634 685 2688 ὑπὸ
706 2632 806 2706 τὴν
827 2631 1074 2699 ἐξουσίαν
1102 2630 1321 2702 ἐκείνην
1356 2628 1686 2701 τεταγμένη.

1927 1893 2103 1948 stibus
2127 1894 2259 1948 Ario
2289 1902 2451 1964 atque
2466 1893 2687 1965 830m
2710 1893 2976 1950 Eunomio
2998 1896 3500 1952 collocentur.Nam

1927 1999 2159 2055 quorum
2196 1999 2299 2056 par
2348 1993 2434 2040 est
2477 1985 2817 2057 blasphemia
2848 2027 2864 2054 ,
2909 1988 3103 2043 horum
3163 2004 3329 2044 unam
3380 2004 3505 2045 esse

1927 2075 2277 2132 sodalitatem
2303 2091 2516 2146 aequum
2546 2087 2652 2132 est.
2700 2076 2810 2132 Nos
2834 2093 2964 2133 vero
2996 2079 3281 2135 Dominum
3321 2081 3506 2136 dicen-

1929 2173 2039 2219 tem
2114 2165 2401 2221 audiamus
2454 2181 2468 2218 :
2525 2184 2544 2217 ι
2628 2164 2964 2223 Potestatem
3024 2166 3197 2223 habeo
3268 2171 3502 2238 ponendi

1934 2256 2171 2312 animam
2226 2271 2426 2322 meam,
2473 2265 2529 2311 et
2580 2265 2903 2326 potestatem
2954 2256 3129 2313 habeo
3165 2261 3359 2315 iterum
3412 2277 3506 2316 su.

1936 2349 2115 2405 mendi
2150 2363 2309 2416 eam;
2344 2362 2504 2404 nemo
2538 2347 2678 2403 tollit
2707 2362 2826 2403 eam
2866 2364 2895 2402 a
2921 2363 3006 2404 me
3030 2350 3098 2405 δ’.
3130 2370 3148 2402 ι
3172 2351 3416 2423 Namque
3437 2370 3504 2410 ex

1937 2442 2282 2497 sermonibus
2332 2440 2420 2497 his
2467 2442 2726 2497 discimus
2793 2441 2958 2497 alium
3009 2457 3131 2499 esse
3172 2446 3262 2515 qui
3316 2449 3505 2516 ponit,

1935 2532 2078 2587 aliud
2108 2533 2250 2603 quod
2280 2542 2364 2589 est
2378 2532 2653 2604 positum;
2688 2531 2962 2604 Deumque
2983 2548 3104 2590 esse
3132 2536 3223 2606 qui
3251 2539 3422 2607 ponit,
3454 2552 3510 2595 et

1938 2627 2029 2696 qui
2068 2625 2233 2681 sumit
2262 2643 2277 2692 ;
2310 2625 2546 2680 animam
2571 2633 2750 2680 autem
2786 2634 2840 2679 et
2860 2626 3092 2694 positam
3117 2637 3170 2681 et
3194 2639 3461 2699 sumptam
3488 2650 3503 2693 ;

1835 2721 1845 2728 ”
1937 2726 1995 2773 et
2022 2717 2115 2771 Dei
2145 2716 2364 2786 quidem
2405 2730 2527 2772 esse
2562 2722 2907 2786 potestatem,
2939 2717 3172 2772 animam
3202 2730 3380 2775 autem
3409 2727 3511 2778 sub

250 2924 340 2979 K'.
382 2922 512 2977 "Ott
547 2922 601 2976 οἱ
635 2919 933 2992 προφῆται
964 2920 1204 2987 τελείως
1236 2920 1350 2989 τὴν
1386 2923 1577 2992 φύσιν
1604 2921 1833 2991 ἀναλη..

742 2991 963 3061 φθῆναι
1003 2992 1372 3053 θεσπίζουσι.

1953 2821 2019 2861 ea
2049 2814 2314 2877 potestate
2343 2807 2597 2862 locatam.

1939 2917 2057 2973 XX.
2098 2918 2254 2985 Quod
2279 2918 2544 2990 propheta
2570 2918 2853 2993 perfectam
2880 2920 3047 2989 fuisse
3071 2934 3389 2993 assumptum
3418 2945 3515 2981 na-

2481 2998 2655 3043 turam
2688 2991 2965 3060 afﬁrmant.

328 3100 557 3165 Τούτοις
591 3077 801 3173 συνῳδὰ
838 3103 933 3156 καὶ
960 3103 1188 3167 Ἡσαΐας
1214 3105 1243 3157 6
1269 3106 1557 3178 προφήτης
1585 3105 1829 3170 θεσπίζει

2004 3102 2100 3159 His
2131 3118 2367 3159 consona
2404 3102 2570 3159 Isaias
2602 3118 2818 3174 quoque
2849 3106 3108 3173 propheta
3142 3106 3393 3177 aﬂirmat,
3428 3112 3513 3166 di-

253 3193 399 3266 βοῶν
413 3208 428 3223 ο
442 3212 460 3245 ι
482 3192 613 3247 Ἰδοὺ
629 3194 663 3264 ή
689 3193 955 3264 παρθένος
969 3194 1237 3265 ἐνγαστρὶ
1255 3195 1505 3267 λήψεται,
1520 3198 1612 3250 καὶ
1622 3196 1834 3263 τέξεται

250 3288 392 3350 υἱὸν,
407 3285 502 3340 καὶ
546 3285 837 3339 καλέσουσι
864 3284 924 3338 τὸ
955 3285 1126 3357 όνομα
1155 3287 1321 3340 αὑτοῦ
1362 3288 1730 3360 Ἐμμανουήλ,
1758 3307 1776 3340 ι
1807 3288 1836 3342 ὃ

248 3382 372 3433 ἐστι
402 3378 965 3450 μεθερμηνευόμενον,
993 3377 1135 3432 κατὰ
1158 3378 1257 3451 τὴν
1272 3379 1380 3433 τῶν
1395 3380 1741 3449 Εύαγγελίων
1761 3380 1838 3434 δι-

245 3466 717 3533 δασκαλίαν,Μεθ’
735 3470 767 3538 ή
776 3467 889 3539 μῶν
911 3469 940 3520 6
959 3467 1110 3532 Θεός’
1127 3469 1188 3523 τὸ
1208 3469 1286 3534 δέ,
1308 3470 1489 3542 Μεθ’ίή
1498 3471 1614 3541 μῶν
1631 3473 1659 3524 6
1680 3471 1834 3537 Θεὸς,

247 3566 400 3637 μετὰ
418 3563 516 3617 ἀνθ
526 3561 723 3635 ρώπων
737 3560 1026 3632 ἐρμηνεύει
1038 3562 1188 3617 Θεόν·
1205 3564 1254 3616 εί
1265 3562 1444 3617 τοίνυν
1459 3564 1518 3617 τὸ
1535 3564 1722 3634 κύημα
1736 3562 1837 3634 τῆς

246 3656 542 3730 Παρθένου
574 3654 779 3725 ταύτην
823 3654 984 3708 ἔλαϐε
1031 3655 1129 3727 τὴν
1172 3656 1541 3729 προσηγορίαν
1567 3700 1581 3721 ,
1615 3656 1836 3727 εὔδηλον

246 3750 327 3814 ὡς
350 3751 381 3802 6
412 3748 546 3810 Θεὸς
569 3746 703 3818 ὁμοῦ
735 3746 826 3800 καὶ
848 3746 1136 3819 ἄνθρωπος
1175 3745 1243 3819 ἦν
1269 3765 1284 3780 ο
1325 3748 1386 3801 τὸ
1420 3748 1519 3819 μὲν
1549 3748 1833 3819 ὑπάρχων,

243 3840 309 3896 τὸ
332 3841 394 3895 δὲ
427 3838 629 3903 λαϐὼν,
657 3837 777 3893 καθ’
800 3840 1060 3911 ἑκάτερον
1088 3839 1292 3903 τέλειος
1307 3855 1321 3869 ο
1342 3839 1433 3893 διὰ
1465 3841 1562 3911 μὲν
1585 3840 1693 3911 γὰρ
1715 3839 1833 3905 τοῦ,

248 3953 269 3987 ι
308 3931 461 3988 Μεθ’
485 3930 665 4003 ήμῶν,
693 3950 711 3983 ι
746 3930 840 3985 τοῦ
871 3930 1162 4001 ἀνθρώπου
1191 3930 1251 3984 τὸ
1289 3930 1500 3985 τέλειον
1526 3931 1833 3984 δείκνυταιο

239 4023 481 4086 τελείως
519 4023 629 4094 γὰρ
670 4022 831 4095 ἡμῶν
861 4022 1095 4087 ἕκαστος
1126 4022 1239 4094 έχει
1283 4022 1379 4076 τοῦ
1412 4021 1702 4094 ἀνθρώπου
1737 4022 1838 4094 τὴν

239 4116 453 4187 φύσιν·
489 4114 579 4169 διὰ
606 4114 663 4168 δέ
686 4112 806 4180 τοῦ,
844 4134 863 4168 ι
896 4114 1050 4181 Θεὸς,
1084 4134 1103 4168 ι
1134 4115 1229 4168 καὶ
1257 4115 1358 4185 τῆς
1394 4115 1714 4186 προσθήκης
1736 4114 1831 4167 τοῦ

239 4209 554 4282 ἄρθρου,ή
595 4206 687 4261 τοῦ
720 4207 852 4261 Υίοῦ
900 4207 1089 4280 θεότης
1115 4206 1467 4278 γνωρίζεται·
1512 4208 1607 4260 καὶ
1647 4206 1838 4260 τούτου

236 4300 579 4365 διδάσκαλος
611 4302 641 4354 ό
674 4300 948 4371 μακάριος
983 4298 1195 4361 Παῦλος
1224 4298 1420 4367 λέγων’
1455 4316 1473 4350 ι
1516 4297 1605 4351 Ἐν
1635 4290 1680 4365 ᾦ
1704 4314 1837 4351 κατ-

237 4397 390 4449 οικεῖ
427 4394 543 4446 πᾶν
568 4389 629 4445 τὸ
677 4391 955 4464 πλήρωμα
978 4392 1078 4463 τῆς
1123 4390 1376 4460 θεότητος
1419 4390 1778 4461 σωματικῶςο
1810 4408 1829 4440 ι

1940 3211 2072 3251 cens
2099 3214 2114 3249 :
2149 3195 2320 3249 «Ecce
2357 3194 2508 3266 virgo
2533 3193 2802 3265 concipiet
2829 3205 2885 3251 et
2912 3197 3085 3266 pariet
3116 3199 3304 3269 tilium,
3337 3212 3392 3258 et
3415 3219 3511 3258 vo-

1938 3286 2149 3342 cabitur
2166 3300 2360 3340 nomen
2382 3282 2500 3354 ejus
2519 3285 2835 3341 Emmanuel
2851 3284 2917 3354 ⁸³,
2941 3305 2961 3340 ι
2983 3289 3123 3358 quod
3144 3301 3229 3346 est
3250 3292 3514 3364 interpre-

1939 3384 2133 3442 tatum,
2167 3378 2463 3432 secundum
2494 3374 2773 3449 Evangelii
2805 3380 3108 3438 doctrinam
3130 3384 3196 3451 ⁸⁸,
3216 3385 3509 3444 Nobiscum

1938 3470 2101 3525 Deus.
2134 3468 2306 3524 Porro
2336 3468 2477 3524 Deus
2513 3470 2783 3525 nobiscum
2844 3472 3012 3529 Deum
3049 3490 3169 3530 cum
3205 3477 3514 3535 hominibus

1938 3562 2225 3633 signiﬁcat.
2258 3562 2319 3618 Si
2353 3578 2484 3634 ergo
2507 3563 2745 3633 Virginis
2776 3575 3072 3635 conceptus
3104 3568 3247 3625 hanc
3276 3570 3515 3626 obtinuit

1941 3654 2377 3725 appellationem,
2422 3662 2572 3723 patet
2618 3653 2786 3710 Deum
2834 3656 3002 3713 fuisse
3042 3659 3203 3714 simul
3244 3672 3298 3715 et
3338 3660 3515 3717 homi-

1940 3758 2096 3809 nem;
2126 3751 2239 3797 tum
2266 3743 2749 3813 praeexsistentem,
2777 3754 2889 3799 tum
2915 3746 3079 3800 etiam
3106 3748 3513 3819 suscipientem,

1941 3836 1993 3891 in
2030 3836 2260 3904 utroque
2290 3833 2611 3904 perfectum.
2643 3832 2777 3889 Nam
2810 3835 3071 3892 vocabulo
3105 3855 3124 3889 ι
3167 3838 3446 3895 nobiscum
3487 3860 3508 3894 ι

1940 3928 2216 3983 hominem
2252 3925 2553 3996 perfectum
2596 3927 2817 3982 denotat
2855 3945 2869 3982 :
2904 3929 3104 3984 etenim
3145 3932 3516 4003 unusquisque

1940 4028 2187 4077 nostrum
2218 4017 2512 4090 perfectam
2544 4018 2709 4075 habet
2739 4018 2977 4075 hominis
3009 4030 3274 4076 naturam.
3309 4021 3385 4077 Ex
3417 4038 3513 4078 vo-

1941 4114 2131 4171 cabulo
2161 4122 2339 4169 autem
2377 4131 2396 4164 ι
2433 4111 2576 4167 Deus
2610 4132 2631 4165 ι
2660 4121 2715 4168 et
2742 4112 2954 4167 articuli
2986 4112 3161 4169 Graeci
3213 4115 3515 4186 adjectione

1943 4208 2066 4263 Filii
2107 4207 2368 4262 divinitas
2402 4206 2754 4275 conspicitur.
2787 4205 2963 4277 Atque
2997 4205 3138 4261 hanc
3177 4220 3288 4261 rem
3323 4206 3516 4263 beatus

1941 4301 2098 4354 docet
2121 4297 2318 4353 Paulus
2343 4296 2529 4352 dicens
2558 4316 2576 4350 ι
2610 4313 2624 4353 :
2652 4297 2705 4351 in
2731 4312 2839 4367 quo
2863 4296 3129 4352 inhabitat
3149 4298 3324 4352 omnis
3346 4299 3517 4369 pleni-

1912 4371 1920 4378 ’
1947 4391 2080 4445 tudo
2113 4389 2417 4445 divinitatis
2447 4388 2806 4458 corporaliter
2822 4389 2889 4444 ⁸³.
2929 4406 2949 4440 ι
2981 4386 3113 4443 item
3141 4404 3171 4442 a
3203 4387 3311 4443 Deo
3340 4390 3512 4461 inspi-

236 4489 342 4541 καὶ
373 4488 406 4540 6
449 4484 749 4555 θεόληπτος
780 4484 837 4536 δέ
869 4484 1082 4546 Λουκᾶς
1111 4484 1140 4535 6
1164 4480 1559 4553 εύαγγελιστής
1588 4479 1829 4551 ἐναργῶς

1946 4491 2097 4535 ratus
2143 4480 2319 4536 Lucas
2363 4481 2688 4549 evangelista
2738 4481 3019 4552 perspicue
3068 4481 3228 4537 nobis
3277 4483 3518 4538 ostendit

236 4581 381 4651 ἡμῖν
404 4576 661 4631 δείκνυσι
684 4574 776 4627 τὸν
817 4573 943 4627 νοῦν
973 4574 1066 4627 τὸν
1092 4572 1435 4644 ἀνθρώπινον
1455 4572 1551 4625 τοῦ
1585 4573 1838 4642 Σωτῆρος

233 4664 502 4741 Χριστοῦ
525 4681 540 4695 ο
566 4683 584 4717 ι
613 4663 689 4718 Τὸ
716 4662 925 4717 παιδίον
956 4661 1285 4735 γὰρ,φησὶν,
1317 4660 1541 4731 ηὔξανε,
1565 4662 1657 4714 καὶ
1677 4661 1839 4731 ἐκρα-

229 4756 478 4813 ταιοῦτο
520 4754 818 4824 πνεύματι,
876 4751 1252 4825 πληρούμενον
1287 4752 1497 4821 σοφίας,
1542 4753 1637 4805 καὶ
1678 4752 1839 4823 χάρις

226 4848 379 4905 Θεοῦ
402 4843 479 4919 ἦν
500 4846 596 4899 ἐπ’
615 4846 782 4917 αὐτῷ.
810 4864 828 4898 ι
856 4846 967 4901 Καὶ
993 4847 1112 4917 μετ’
1131 4845 1315 4914 όλίγα·
1350 4864 1370 4898 ι
1393 4845 1600 4917 Ἰησοῦς
1627 4845 1685 4899 δέ
1708 4861 1841 4917 προ-

218 4942 476 4995 έκοπτεν
506 4936 727 5009 ἡλικίᾳ,
753 4937 850 4992 καὶ
881 4936 1063 5009 σοφίᾳ,
1087 4937 1180 4990 καὶ
1213 4937 1401 5009 χάριτι
1426 4936 1580 5008 παρά
1605 4936 1725 5007 Θεῷ
1746 4935 1841 4989 καὶ

1940 4573 2227 4627 humanam
2263 4570 2464 4628 Christi
2500 4572 2806 4628 Servatoris
2841 4580 3077 4627 mentem
3114 4592 3129 4627 :
3170 4589 3190 4624 ι
3232 4570 3392 4639 Puer,
3424 4572 3513 4628 iu-

1938 4664 2085 4736 quit,
2117 4664 2397 4720 crescebat
2424 4673 2479 4719 et
2508 4663 2915 4720 confortabatur
2941 4664 3133 4733 spiritu
3154 4703 3170 4729 ,
3203 4664 3391 4735 plenus
3422 4681 3514 4720 sa-

1937 4757 2162 4828 pientia,
2206 4765 2260 4813 et
2298 4756 2469 4827 gratia
2510 4756 2603 4811 Dei
2644 4766 2763 4811 erat
2798 4770 2923 4811 cum
2964 4755 3055 4810 illo
3072 4754 3139 4809 ⁸⁸.
3185 4774 3204 4808 ι
3252 4755 3318 4810 Et
3356 4756 3516 4825 paulu

1939 4859 2061 4921 post
2101 4867 2115 4904 :
2167 4869 2186 4902 ι
2235 4848 2393 4906 .lesus
2435 4848 2753 4920 proﬁciebat
2794 4857 2982 4910 aetate,
3022 4862 3087 4902 ac
3129 4848 3423 4919 sapientia,
3462 4858 3517 4902 et

1940 4941 2114 5011 gratia
2162 4940 2305 5010 apud
2349 4940 2517 4995 Deum
2560 4949 2615 4994 et
2657 4938 2903 4992 homines
2924 4937 2990 4989 ⁸⁷.
3040 4955 3059 4989 ι
3099 4936 3218 4992 1am
3254 4951 3382 4991 vero
3421 4950 3514 4991 sa-

215 5028 526 5105 ὰνθρὼτωι
548 5046 595 5092 ς.
633 5050 651 5081 ι
686 5031 762 5083 Το
787 5030 845 5082 δὲ
893 5031 1057 5101 σοφίᾳ
1094 5029 1448 5101 προκόπτειν,
1480 5029 1543 5082 ού
1572 5027 1707 5082 Θεοῦ
1745 5027 1829 5081 τοῐ

1942 5034 2142 5103 pientia
2178 5032 2465 5103 proiicere,
2502 5047 2609 5087 non
2647 5038 2730 5089 est
2766 5030 2859 5087 Dei
2895 5030 3173 5099 sapientis.
3211 5028 3517 5099 nulliusqne

227 5122 441 5195 σοφοῦ,
483 5119 592 5173 τοῦ
635 5121 988 5193 ἀπροσδεοῦς,
1034 5123 1129 5175 καὶ
1162 5123 1248 5175 ἀεὶ
1302 5122 1536 5187 τελείου,
1566 5122 1661 5177 καὶ
1708 5123 1829 5193 μήτε

1941 5125 2019 5180 rei
2060 5124 2252 5194 indigi,
2297 5137 2619 5195 semperque
2663 5120 2920 5193 perfecti,
2961 5121 3053 5175 sed
3102 5119 3296 5174 mentis
3338 5121 3517 5188 potius

226 5217 522 5275 ἐπίδοσιν,
554 5214 695 5286 μήτε
718 5213 1011 5267 ἐλάττωσιν
1026 5213 1342 5286 δεχομένου,
1376 5213 1512 5268 ἀλλὰ
1527 5214 1616 5267 τοῦ
1635 5213 1727 5268 νοῦ
1744 5213 1829 5268 τοῐ

1939 5215 2211 5277 humanm,
2252 5228 2371 5284 quae
2409 5212 2569 5268 simul
2610 5227 2731 5266 cum
2772 5220 2931 5267 astate
2973 5209 3205 5279 prolicit,
3244 5218 3299 5263 et
3335 5211 3518 5264 eruni-

223 5302 635 5374 ἀνθρωπίνου,
664 5304 757 5358 τοῦ
779 5308 897 5369 ταῖς
920 5306 1160 5377 ἡλικίαις
1190 5308 1605 5378 συμπροῖόντος,
1641 5308 1732 5359 καὶ
1760 5306 1829 5359 δι-

1944 5308 2086 5361 tione
2108 5316 2249 5374 eget,
2272 5316 2325 5361 et
2345 5306 2447 5360 arti
2470 5305 2691 5376 831m
2718 5314 2880 5374 atque
2918 5302 3158 5357 scientiae
3190 5304 3520 5372 excipienda:

300 5446 348 5477 "
384 5436 599 5507 Matth.
625 5456 772 5507 xxvr,
802 5441 890 5497 '58.
950 5442 996 5472 "
1028 5440 1186 5496 Joan.
1219 5458 1276 5506 κ,
1309 5441 1392 5497 18.
1470 5441 1515 5473 ⁸³
1544 5442 1647 5496 lsa.
1678 5456 1773 5506 vn,
1806 5441 1899 5496 H.

220 5516 272 5547 ⁸’
308 5512 456 5568 ibid.
500 5504 609 5563 52.

177 5621 187 5635 '
300 5624 385 5690 (ι)
434 5619 660 5673 Recole
704 5635 823 5689 cap.
866 5635 943 5693 ix.
986 5617 1229 5693 Namque
1269 5621 1447 5675 anima
1490 5633 1680 5675 amens
1720 5634 1817 5691 par
1859 5620 1985 5676 nulli
2016 5632 2258 5693 reputate
2325 5622 2532 5677 fuisset.
2583 5625 2750 5677 l’urro
2810 5621 3045 5675 animam
3076 5635 3264 5690 reapse
3292 5618 3342 5671 in
3369 5616 3523 5673 Chri-

218 5711 314 5756 sto
350 5694 559 5752 luisse,
616 5694 877 5763 negabant
908 5690 1116 5743 Ariani.

1989 5442 2036 5474 “
2062 5440 2254 5496 Matth.
2283 5457 2321 5503 ι,
2356 5440 2445 5495 23.
2525 5441 2570 5472 "
2599 5439 2803 5494 Coloss.
2824 5454 2880 5502 ιι,
2906 5438 2961 5493 9.
3036 5438 3082 5470 '°
3114 5438 3241 5494 Luc.
3269 5452 3325 5501 ιι,
3356 5436 3447 5502 40,
