3856 6212
350 321 487 374 iifiz‘i

1378 296 1435 352 S.
1480 288 1757 348 CYBILLI
1800 281 2271 337 ALEXM‘DHINI
2323 277 2648 332 AliCHIILP.

3479 266 3625 319 “56

345 435 539 486 idonea
566 438 668 496 est,
698 436 751 484 et
776 440 895 496 qua:
921 418 1179 494 paulatim
1209 426 1320 472 tum
1348 413 1583 467 humana
1610 405 1790 468 discit,
1817 410 1929 454 tum

2065 394 2334 458 ασκαλίας
2357 392 2639 463 δεομένου,
2667 390 2763 443 καὶ
2805 388 3007 459 τέχνης
3040 384 3134 439 καὶ
3180 382 3491 454 ἐπιστήμης
3528 379 3620 432 δε-

2194 487 2221 496 -
2375 486 2386 496 .
2551 483 2562 496 ι
2629 483 2654 496 n
2774 481 2787 496 ι
2885 481 2896 496 ν
3058 478 3070 493 ο
3115 474 3216 496 Α-)
3241 492 3360 496 _.-__
3413 472 3507 496 ---λ
3551 468 3620 496 ..αὶ

346 522 548 580 divina.

350 721 498 782 XXI.
532 720 620 778 Ea:
648 714 989 789 Epistulam!
1021 705 1693 789 llebrteos'delruonsgtratur
1714 703 1934 749 natura-

697 771 821 844 tam
851 783 1143 847 distinctio,
1171 790 1220 834 et
1248 775 1402 833 Verbi
1435 771 1582 826 uuio.

422 972 663 1036 Clarius,
692 964 906 1037 opinor,
939 976 1005 1015 ex
1038 954 1274 1027 Epistula
1308 953 1375 1008 ad
1409 948 1665 1005 llebrzeos
1694 942 1934 1000 divinam

353 1067 514 1128 simul
536 1072 592 1120 et
618 1063 908 1118 humanam
938 1062 1191 1108 naturam
1219 1056 1548 1116 cognoscere
1576 1039 1724 1105 licet,
1744 1049 1936 1106 opera-

354 1126 592 1220 tionibus
625 1154 840 1225 quidem
877 1147 1194 1209 distinctas,
1229 1150 1459 1211 persona
1495 1144 1673 1188 tamen
1706 1126 1936 1198 conjun-

354 1215 493 1317 διες,
524 1215 685 1317 atque
719 1243 933 1297 unicum
970 1237 1405 1292 demonstrantes
1431 1222 1649 1279 Filium.
1684 1215 1937 1288 Epistula:

357 1309 614 1417 apprime
645 1333 969 1410 proauuium
1012 1330 1155 1385 hanc
1197 1322 1438 1379 continet
1480 1316 1802 1372 doctrinam.
1848 1309 1939 1365 Ait

353 1402 500 1492 enim
526 1402 682 1487 divus
710 1425 909 1482 Paulus
943 1439 960 1479 :
993 1438 1012 1472 ι
1050 1417 1150 1486 Qui
1182 1430 1304 1471 cum
1336 1411 1406 1467 sit
1434 1408 1691 1480 splendor
1718 1402 1933 1473 gloriae,

356 1539 413 1584 et
450 1526 621 1597 ligura
656 1516 977 1577 substantia:
1009 1511 1158 1581 eius,
1192 1515 1525 1578 portansque
1558 1496 1740 1553 omnia
1769 1492 1937 1548 verbo

2033 487 2258 553 κτικοῦ,
2304 486 2398 540 καὶ
2434 483 2575 538 κατά
2629 481 2803 555 βραχὺ
2838 481 2908 536 τά
2947 496 3007 534 τε
3047 474 3365 548 ἀνθρώπινα
3413 472 3513 527 καὶ
3551 468 3625 522 τὲ

2034 580 2154 636 θεῖα
2181 576 2545 649 γνωρίζοντος
2567 574 2666 644 (1).

2033 694 2165 749 KA'.
2205 689 2531 755 Ἀπόδειξις
2566 688 2636 742 ἐκ
2659 688 2767 756 τῆς
2801 685 2952 755 πρὸς
2995 681 3624 756 Ἐϐραίουςῇείτιστος

2101 747 2220 833 λῆς
2251 761 2364 833 τῆς
2540 747 2791 829 φύσεώ
2821 747 3202 824 διακρίσεως,
3231 750 3333 807 καί
3366 748 3478 820 τῆς
3510 747 3621 802 τοῦ

2108 829 2320 904 Λὸἀυύ
2340 829 2630 897 ἐνώσεως.

2105 948 2447 1018 Σαφὲστερον
2466 945 2509 999 δ’
2542 942 2607 997 ἀν
2642 959 2725 1005 τις
2753 942 2819 994 ὲκ
2846 938 2950 1010 τῆς
2970 937 3109 1010 πρὸς
3145 935 3431 1009 Ἐϐραίους
3471 933 3627 987 Ἐπι-

2038 1040 2231 1111 στολῆς
2263 1038 2361 1111 τὴν
2383 1036 2533 1092 θείαν
2554 1034 2717 1107 φύσιν
2761 1032 2858 1087 καὶ
2884 1032 2988 1103 τὴν
3015 1029 3363 1102 ἀνθρωπείαν
3387 1025 3630 1088 κατίδοι,

2035 1135 2153 1196 ταῖς
2174 1130 2478 1202 ἐνεργείαις
2502 1127 2600 1200 μὲν
2626 1125 2988 1197 διῃρημένας,
3012 1121 3095 1194 τῷ
3122 1123 3401 1193 προσώπῳ
3424 1118 3485 1174 δὲ
3507 1135 3631 1171 συν-
3732 1142 3735 1145 ·

2036 1223 2310 1296 ημμένας,
2336 1221 2430 1275 καὶ
2455 1220 2547 1274 τὸν
2562 1218 2659 1273 ἕνα
2689 1215 3083 1279 ὑποδεικνύσας
3116 1214 3265 1268 Υίόν.
3286 1213 3397 1283 Οὐχ
3421 1212 3631 1283 ἥκιστα

2036 1317 2093 1370 δὲ
2114 1316 2210 1369 καὶ
2237 1314 2337 1384 τῆς
2379 1309 2702 1380 Ἐπιστολῆς
2729 1309 2790 1362 τὸ
2815 1304 3368 1381 προοίμιονηταὺτην
3392 1303 3631 1373 ἔχειτὴν

2034 1405 2409 1461 διδασκαλίαν.
2435 1400 2570 1457 Ε’ίπε
2599 1402 2709 1472 γὰρ
2732 1402 2760 1453 6
2781 1398 3070 1462 θεσπέσιος
3093 1398 3306 1461 Παῦλος
3329 1415 3342 1427 ο
3375 1415 3394 1447 ι
3429 1398 3528 1455 Ὃς
3552 1395 3632 1447 ὣν

2039 1497 2382 1567 ἀπαύγασμα
2428 1496 2527 1566 τῆς
2568 1493 2747 1564 δόξης,
2790 1492 2885 1545 καί
2938 1488 3223 1561 χαρακτὴρ
3253 1488 3353 1558 τῆς
3388 1487 3636 1540 ὑποστά-

357 1579 577 1677 νίτίιιῖἰε
602 1612 794 1670 suae".
830 1629 851 1664 ι
884 1579 1134 1676 Cumque
1163 1601 1598 1656 demonstrasset
1630 1590 1779 1645 illum
1811 1595 1939 1642 ante

2065 1608 2179 1655 rem;
2208 1587 2399 1651 αὑτοῦ,
2433 1588 2616 1657 φέρων
2651 1602 2711 1637 τε
2738 1584 2806 1638 τά
2848 1583 3029 1637 πάντα
3058 1579 3137 1652 τῷ
3166 1581 3373 1653 ῥήματι
3406 1583 3510 1651 τῆς
3543 1579 3639 1632 δν-

549 1718 760 1777 tempus
785 1717 848 1757 ac
873 1672 1068 1757 saecula
1095 1708 1215 1751 esse
1241 1694 1362 1763 (per
1384 1689 1560 1758 ipsum
1585 1682 1784 1753 quippe
1811 1678 1939 1734 fecit

2065 1684 2262 1755 ιάμεως
2291 1679 2479 1735 αὑτοῦ.
2519 1698 2537 1731 ι
2574 1678 2686 1731 Καὶ
2729 1675 2911 1743 δείξας
2964 1674 3129 1730 αὐτὸν
3157 1672 3497 1745 ὐπέρχρονον
3538 1672 3640 1726 καὶ

1025 1749 1197 1843 Dedit
1326 1749 1619 1836 deiteram—
1638 1749 1941 1840 maiestatis

2065 1749 2377 1844 τροαιώνιον
2414 1768 2515 1853 (δι’
2544 1765 2712 1821 αὑτοῦ
2756 1766 2887 1835 γάρ,
2922 1764 3109 1837 φησὶν,
3155 1762 3251 1818 καὶ
3280 1763 3404 1826 τοὺς
3426 1761 3642 1825 αἰῶνας

361 1897 414 1950 in
459 1852 690 1949 excelsis
728 1905 743 1942 :
786 1892 937 1940 tanto
981 1877 1174 1934 melior
1209 1872 1419 1945 angelis
1456 1867 1701 1929 etl‘ectus,
1740 1870 1942 1933 quanto

2065 1860 2350 1932 ιποίησεν),
2379 1852 2681 1930 ἐπήγαγεν
2712 1875 2730 1907 ι
2754 1853 3041 1908 Ἐκάθισεν
3074 1857 3133 1908 ὲν
3163 1852 3314 1925 δεξιᾷ
3330 1853 3429 1923 τῆς
3460 1869 3644 1924 μεγα-

362 1983 701 2043 tlilIerentius
728 1993 839 2050 prae
866 1975 969 2030 illis
1000 1984 1194 2025 nomen
1222 1959 1647 2020 haereditavit".
1681 1976 1699 2008 ι
1729 1955 1822 2011 Est
1847 1968 1945 2007 au-

364 2085 472 2129 tem
526 2044 749 2126 verbum
790 2064 917 2136 efﬁci
958 2058 1291 2116 contrarium
1332 2052 1497 2109 verbo
1543 2065 1675 2105 esse.
1722 2045 1854 2100 Nam
1900 2044 1946 2100 is

363 2167 455 2238 qui
500 2173 583 2221 est
621 2160 875 2232 splendor
910 2154 1113 2226 glorise,
1152 2160 1207 2205 et
1250 2148 1418 2218 ﬁgura
1461 2140 1798 2203 substantia},
1837 2152 1947 2192 non

363 2230 593 2316 ell'icitur
628 2230 1082 2319 melior.angelis,
1116 2241 1210 2298 sed
1247 2250 1331 2295 est
1364 2235 1573 2309 angelis
1610 2249 1715 2288 non
1756 2230 1949 2286 melior

367 2343 760 2407 tantummodo,
794 2352 984 2394 verum
1021 2335 1184 2390 etiam
1224 2330 1464 2398 ipsorum
1501 2334 1717 2381 creator
1747 2337 1812 2377 ac
1850 2322 1946 2376 du-

367 2442 566 2496 minus.
608 2433 726 2491 lam
766 2431 814 2487 si
856 2427 1023 2484 verbo
1063 2440 1173 2480 esse
1216 2420 1552 2477 contrarium
1596 2424 1679 2470 est
1719 2412 1949 2467 verbum

365 2530 516 2601 efﬁci,
552 2541 647 2597 per
675 2523 805 2579 illud
836 2519 1053 2590 quidem
1110 2508 1567 2584 setnpiternaliter
1595 2504 1947 2560 exsistentem

368 2595 752 2689 intelligemus,
778 2627 872 2683 per
893 2612 994 2666 hoc
1046 2616 1224 2662 autem
1259 2617 1381 2657 eum
1409 2601 1497 2668 qui
1528 2599 1593 2652 de
1624 2595 1777 2651 nobis
1804 2609 1952 2649 sun-

369 2720 491 2783 ptus
515 2709 636 2772 fuit,
658 2715 713 2761 et
732 2701 939 2774 angelis
964 2699 1152 2756 melior
1171 2705 1256 2750 est
1280 2692 1524 2756 ell'ectus,
1552 2697 1771 2759 pr0pter
1793 2700 1950 2739 suam

370 2775 492 2858 cum
523 2806 828 2855 assumente
858 2791 1258 2848 adunationem.
1293 2785 1354 2839 Et
1388 2782 1547 2853 paulo
1600 2788 1720 2851 post
1766 2776 1831 2831 ad
1863 2775 1951 2831 Fi-

372 2892 501 2944 lium
530 2887 747 2958 quidem
778 2883 910 2937 dicit
941 2900 956 2936 :
994 2899 1012 2932 ι
1045 2878 1296 2933 'l‘bronus
1327 2885 1467 2939 tuus,
1505 2874 1664 2936 Deus,
1698 2870 1749 2922 iu
1783 2884 1953 2923 saccu-

372 2980 483 3034 lum
520 2956 736 3041 steculi;
773 2974 924 3043 virga
965 2968 1258 3040 aequitatis,
1299 2968 1450 3035 virga
1495 2965 1645 3032 regni
1694 2962 1768 3015 tui
1813 2977 1827 3013 :
1873 2956 1955 3013 di—

372 3070 550 3127 lexisti
588 3066 879 3136 justitiam,
923 3074 979 3119 et
1016 3060 1178 3117 odisti
1223 3057 1563 3127 iniquitatem
1607 3072 1621 3108 :
1667 3060 1951 3124 propterea

375 3161 531 3216 unxit
572 3170 624 3214 te
668 3158 834 3222 Deus,
880 3155 1021 3209 Deus
1064 3163 1219 3217 tuus,
1263 3150 1383 3205 oleo
1422 3146 1802 3203 exsultatiouis
1843 3159 1954 3213 prtn

370 3251 731 3331 participibus
775 3246 970 3304 tuis".
1024 3264 1044 3297 ›
1091 3243 1209 3299 Jam
1253 3256 1382 3297 vero
1425 3240 1596 3304 Deus,
1638 3247 1691 3293 et
1734 3227 1954 3309 quidem

374 3348 565 3402 Graeco
591 3341 819 3398 articulo
846 3339 1135 3411 prmposilo
1162 3335 1380 3409 proprie
1404 3333 1582 3389 dictus
1606 3331 1770 3397 Deus,
1801 3331 1953 3384 thro—

377 3452 613 3508 numque
650 3445 840 3490 tenens
875 3434 926 3487 in
966 3428 1222 3485 saeculum
1262 3425 1467 3492 saeculi,
1501 3426 1592 3496 qui
1632 3424 1746 3480 ﬁeri
1784 3432 1957 3494 potest

379 3541 437 3588 ut
476 3548 506 3586 a
549 3530 659 3586 Deo
699 3524 964 3597 ungatur?
999 3522 1277 3591 Quomodo
1316 3519 1385 3574 ab
1424 3518 1690 3573 electione
1732 3531 1958 3585 regnum

379 3623 663 3687 sortietur,
696 3621 785 3690 qui
815 3619 938 3686 jure
972 3613 1203 3670 naturali
1235 3626 1460 3683 regnum
1491 3608 1694 3665 liabet?
1725 3627 1744 3661 ι
1784 3606 1960 3663 Thro-

381 3732 484 3773 nus
506 3717 650 3771 enim
685 3724 828 3778 tuus,
852 3710 1068 3782 832m
1094 3706 1288 3777 inquit,
1312 3704 1476 3770 Deus,
1502 3701 1554 3758 in
1575 3699 1831 3758 sarculum
1855 3715 1959 3756 sce-

380 3808 512 3866 culi.
556 3824 578 3860 ›
618 3806 755 3861 Esse
788 3804 970 3872 itaque
1007 3814 1214 3870 regem,
1248 3796 1580 3852 contrarium
1617 3802 1702 3850 est
1737 3793 1960 3848 dictioni

372 3900 513 3972 ungi
541 3900 595 3955 in
627 3912 830 3969 regem.
854 3894 991 3962 Quia
1023 3889 1257 3947 dilexisti
1278 3887 1549 3957 justitiam
1578 3896 1633 3941 et
1662 3885 1828 3941 odisti
1857 3883 1964 3939 ini-

383 3995 669 4065 quitatem.
693 3987 830 4043 Nam
862 3987 1106 4042 laborum
1142 3982 1420 4055 praemium
1451 3988 1535 4035 est
1568 3979 1677 4034 tale
1710 3993 1958 4049 regnum.

382 4089 594 4144 liursus
633 4085 816 4154 itaque
865 4080 1029 4135 Deum
1058 4075 1211 4145 cuius
1243 4076 1469 4130 thronus
1497 4074 1550 4128 in
1580 4074 1836 4127 saeculum
1862 4085 1965 4126 sa:-

384 4179 515 4247 culi,
538 4172 999 4246 sempiternaliter
1020 4169 1168 4224 illum
1195 4167 1546 4223 exsistentem
1573 4163 1961 4235 intelligemus.

388 4272 523 4328 Eum
564 4280 745 4325 autem
785 4265 876 4336 qui
920 4272 1110 4336 postea
1152 4269 1345 4316 unctus
1387 4256 1508 4323 fuit,
1550 4264 1771 4326 propter
1806 4270 1961 4308 suum

387 4360 593 4434 peccati
626 4358 833 4418 odium,
862 4365 917 4410 et
943 4351 1169 4422 iustitia:
1202 4361 1467 4414 amorem,
1497 4345 1645 4401 illum
1678 4342 1966 4399 credemus

2045 1954 2295 2025 λωσύνης
2342 1955 2399 2006 ἐν
2446 1949 2694 2022 ὑψηλοῖς,
2736 1947 2979 2019 τοσούτῳ
3029 1944 3298 2019 κρείττων
3342 1944 3644 2015 γενόμενος

2045 2044 2156 2099 τῶν
2181 2042 2453 2113 ἀγγέλων,
2481 2042 2605 2113 ὅσῳ’
2627 2038 3031 2113 διαφορώτερον
3065 2038 3196 2107 παρ’
3220 2036 3405 2099 αὐτοῖς
3432 2035 3643 2105 κεκλη-

2050 2137 2355 2211 ρονόμηκεν
2397 2133 2594 2205 ὄνομα.
2626 2151 2645 2185 ι
2699 2131 2975 2187 Ἐναντίον
3007 2130 3065 2184 δὲ
3108 2128 3203 2184 τοῦ
3249 2127 3507 2199 γενέσθαι
3530 2169 3549 2193 ,
3586 2126 3646 2179 τὸ

2048 2224 2221 2284 εἶναι’
2250 2230 2278 2282 6
2301 2226 2411 2299 γὰρ
2432 2224 2507 2280 ὣν
2531 2225 2876 2297 ἀπαύγασμα
2900 2224 3001 2295 τῆς
3033 2213 3213 2294 δόξης,
3233 2221 3328 2275 καὶ
3351 2221 3648 2292 χαρακτὴρ

2047 2322 2150 2393 τῆς
2179 2318 2648 2384 ὑποστάσεως,ὀὐ
2678 2316 2887 2387 γίνεται
2918 2314 3186 2387 κρείττων
3218 2314 3488 2383 ἀγγέλων,
3524 2313 3650 2365 ἀλλ’

2049 2412 2196 2466 ἔστιν
2219 2411 2468 2481 ἀγγέλων
2489 2410 2549 2465 οὑ
2575 2409 2843 2481 κρείττων
2870 2407 3053 2479 μόνον,
3082 2405 3220 2461 ἀλλά
3249 2405 3346 2460 καὶ
3370 2405 3651 2477 Ποιητὴς,

2051 2506 2146 2559 καὶ
2182 2476 2463 2574 Δεσπότης
2483 2518 2500 2535 ο
2528 2503 2577 2555 εί
2611 2476 2939 2555 ἐναντίον
2968 2497 3062 2551 τοῦ
3094 2493 3235 2551 εἶναι
3262 2495 3324 2549 τὸ
3357 2476 3653 2565 γενέσθαι,

2049 2597 2116 2652 δι’
2153 2596 2361 2649 ἐκείνου
2393 2595 2495 2667 μὲν
2523 2595 2613 2647 τὸν
2642 2595 2730 2648 ἀεὶ
2760 2591 2891 2646 ὅντα
2925 2594 3216 2663 νοήσομεν,
3240 2589 3329 2643 διὰ
3362 2589 3568 2641 τούτου
3599 2589 3655 2640 δὲ

2050 2690 2111 2743 τὸ
2134 2692 2193 2757 ἐξ
2217 2688 2377 2760 ήμῶν
2404 2686 2742 2758 ἀναληφθὲν,
2766 2684 2863 2740 καὶ
2881 2688 3129 2755 κρεῖττον
3150 2682 3257 2737 τῶν
3282 2682 3545 2751 ἀγγέλων
3564 2699 3657 2750 γε-

2051 2782 2373 2854 γενημένον,
2386 2779 2477 2833 διὰ
2494 2779 2591 2849 τὴν
2606 2778 2744 2851 πρὸς
2760 2777 2854 2831 τὸν
2876 2776 3211 2847 ἀνειληφότα
3232 2774 3427 2828 ἕνωσιν
3443 2789 3458 2804 ⁸
3479 2773 3657 2828 πάλιν

2057 2875 2175 2949 μετ’
2190 2873 2373 2943 ὀλίγα,
2416 2872 2557 2944 πρὸς
2580 2871 2679 2943 μὲν
2704 2871 2796 2931 τὸν
2820 2870 2949 2924 Υἱόν
2971 2886 3135 2941 φησιν
3151 2885 3165 2898 ο
3185 2888 3205 2921 ‹
3228 2868 3284 2922 '0
3315 2867 3507 2938 θρόνος
3536 2885 3658 2927 σου,

2052 2971 2082 3022 6
2110 2967 2260 3030 Θεὸς,
2293 2967 2373 3029 εἰς
2395 2964 2485 3018 τὸν
2515 2963 2689 3018 αἰῶνα
2708 2962 2802 3017 τοῦ
2839 2961 3034 3025 αἰῶνος
3059 2977 3072 2989 ·
3105 2960 3298 3031 ῥάϐδος
3326 2958 3657 3028 εὐθύτητος,

2055 3063 2089 3132 ἡ
2123 3059 2318 3131 ῥάϐδος
2347 3061 2447 3130 τῆς
2481 3057 2759 3130 βασιλείας
2789 3073 2884 3109 σου
2908 3073 2923 3087 ’
2947 3055 3245 3127 ἠγάπησας
3270 3052 3659 3124 δικαιοσύνην,

2057 3155 2150 3208 καὶ
2177 3153 2447 3224 ἐμίσησας
2485 3149 2715 3221 ἀνομίαν
2735 3163 2748 3176 ·
2778 3147 2865 3201 διὰ
2890 3146 3051 3201 τοῦτο
3083 3146 3268 3218 ἔχρισε
3298 3162 3355 3198 σε
3385 3146 3414 3196 ὁ
3434 3144 3605 3209 Θεὸς,
3633 3149 3663 3199 6

2057 3246 2192 3309 Θεός
2220 3262 2338 3310 σου,
2389 3243 2568 3297 ἔλαιον
2616 3240 2996 3309 ἀγαλλιάσεως
3034 3240 3189 3309 παρά
3217 3238 3343 3301 τοὺς
3383 3237 3663 3309 μετόχους

2059 3356 2174 3392 σου.
2206 3357 2225 3389 ι
2267 3338 2326 3392 Ὀ
2353 3337 2409 3391 δὲ
2438 3336 2596 3399 Θεὸς,
2630 3334 2725 3389 καὶ
2757 3331 2897 3404 μετά
2916 3330 3012 3385 τοῦ
3043 3331 3247 3403 ἄρθρου
3277 3346 3666 3404 προσαγορευ-

2058 3430 2171 3495 θεὶς
2194 3430 2349 3495 Θεὸς,
2370 3428 2580 3483 καὶτὸν
2603 3426 2791 3498 θρόνον
2814 3424 2954 3495 ἔχων
2977 3425 3058 3484 είς
3086 3422 3178 3475 τὸν
3204 3421 3375 3475 αἰῶνα
3402 3420 3498 3474 τοῦ
3524 3422 3664 3475 αἰῶ-

2058 3540 2171 3587 νος,
2204 3521 2323 3585 πῶς
2350 3520 2417 3575 ἂν
2449 3518 2555 3573 ὑπὸ
2590 3516 2686 3573 τοῦ
2715 3517 2849 3571 Θεοῦ
2881 3515 3133 3589 χρισθείη
3159 3532 3174 3577 ;
3204 3514 3328 3577 Πῶς
3372 3513 3441 3567 ἂν
3471 3532 3667 3585 χειρο-

2058 3614 2291 3687 τονητὴν
2337 3612 2495 3667 λάϐοι
2531 3609 2833 3683 βασιλείαν,
2882 3608 3121 3678 φυσικὴν
3158 3606 3297 3676 έχων
3332 3604 3664 3676 βασιλείαν;

2069 3727 2088 3760 ι
2117 3708 2176 3761 Ὀ
2195 3706 2383 3779 θρόνος
2407 3722 2503 3758 σου
2534 3704 2668 3777 γὰρ,
2695 3702 2880 3774 φησὶν,
2907 3702 2935 3754 6
2960 3699 3119 3764 Θεὸς,
3146 3701 3224 3763 εἰς
3240 3698 3331 3751 τὸν
3361 3697 3543 3751 αἰῶνα
3570 3698 3665 3752 τοῦ

2061 3800 2278 3863 αἰῶνος.
2305 3817 2324 3850 ι
2364 3796 2576 3852 Οὐκοῦν
2607 3795 2853 3852 ἐναντίον
2889 3794 2951 3848 τὸ
2996 3788 3143 3847 εἶναι
3177 3790 3407 3861 βασιλέα
3442 3790 3543 3845 τοῦ
3587 3793 3667 3856 είς

2065 3889 2290 3962 βασιλέα
2343 3888 2661 3961 χρισθῆναι,
2709 3885 2801 3940 διὰ
2841 3885 2903 3939 τὸ
2953 3884 3239 3955 ἀγαπῆσαι
3281 3882 3665 3953 δικαιοσύνην,

2064 3983 2161 4038 καὶ
2193 3982 2424 4055 μισῆσαι
2471 3980 2724 4051 ἀνομίαν.
2763 3978 2949 4032 Πόνων
2989 3977 3098 4049 γάρ
3154 3972 3318 4031 ἆθλον
3358 3977 3395 4047 ἡ
3430 3976 3664 4046 τοιαύτη

2067 4074 2337 4147 βασιλεία.
2359 4071 2573 4128 Οὐκοῦν
2602 4071 2764 4126 πάλιν
2784 4070 2877 4124 τὸν
2908 4070 3008 4141 μὲν
3034 4069 3190 4134 Θεὸν,
3209 4061 3272 4122 οὗ
3294 4071 3323 4122 6
3355 4069 3552 4139 θρόνος
3586 4070 3667 4130 εἰς

2065 4164 2239 4219 αίῶνα
2268 4163 2487 4228 αἰῶνος,
2528 4162 2619 4216 τὸν
2644 4162 2732 4216 ἀεὶ
2753 4161 2884 4214 ὄντα
2905 4161 3170 4231 νοήσομεν
3188 4175 3202 4188 ο
3232 4158 3327 4212 τὸν
3346 4158 3407 4212 δὲ
3437 4158 3665 4231 ῦστερόν

2065 4272 2199 4310 ποτε
2228 4255 2526 4327 χρισθέντα
2548 4254 2637 4309 διὰ
2666 4253 2728 4307 τὸ
2754 4252 2884 4324 περὶ
2910 4253 3012 4325 τὴν
3043 4250 3323 4323 ἁμαρτίαν
3357 4254 3538 4322 μῖσος,
3569 4252 3667 4303 καὶ

2066 4349 2167 4420 τὴν
2198 4347 2578 4418 άγαπηθεῖσαν
2609 4347 2700 4400 ὑπ’
2730 4344 2895 4399 αὐτοῦ
2928 4344 3304 4414 δικαιοσύνην,
3325 4345 3388 4396 τὸ
3419 4344 3479 4410 ἐξ
3505 4343 3667 4415 ἡμῶν

386 4459 451 4509 de
480 4450 637 4508 nobis
667 4456 973 4518 sumptum,
1007 4453 1061 4498 et
1092 4457 1158 4498 ex
1198 4440 1397 4495 Davide
1433 4450 1593 4508 atque
1624 4437 1954 4502 Abrahamo,

2067 4441 2295 4513 ληφθὲν,
2326 4441 2388 4493 τὸ
2428 4442 2493 4493 ὲκ
2534 4439 2723 4505 Δαϐὶδ,
2767 4440 2827 4495 τὸ
2867 4437 2929 4503 ἐξ
2977 4437 3254 4509 Ἀϐραὰμ,
3300 4436 3361 4489 τὸ
3398 4438 3668 4507 μετόχους

385 4556 441 4601 et
478 4544 569 4614 qui
610 4540 746 4596 alios
788 4536 1081 4609 participes
1121 4533 1206 4588 sui
1245 4531 1431 4597 habet,
1468 4543 1606 4599 quos
1645 4528 1788 4582 inter
1824 4525 1970 4581 chri-

2070 4531 2216 4603 έχον,
2262 4525 2345 4594 οἷς
2375 4530 2693 4584 πλεονεκτεῖ
2729 4528 2808 4601 τῷ
2843 4529 3131 4602 χρίσματι,
3180 4530 3238 4581 ἐν
3291 4525 3470 4596 ἑαντῷ
3511 4525 3669 4591 δεξά-

386 4648 561 4692 smate
594 4632 846 4696 excellit,
884 4631 1088 4700 quique
1127 4626 1311 4682 omnia
1368 4621 1695 4679 sanctissimi
1737 4618 1954 4690 Spiritu:

2072 4641 2234 4700 μενον
2265 4623 2444 4677 πάντα
2475 4623 2544 4676 τά
2587 4621 2911 4694 χαρίσματα
2940 4620 3036 4674 τοῦ
3086 4621 3359 4687 παναγίου
3403 4618 3669 4690 Πνεῦμα-

374 4730 719 4787 charismata
761 4726 814 4779 in
851 4738 914 4778 se
953 4720 1177 4791 recepit.
1216 4719 1471 4773 Attamen
1508 4716 1562 4770 in
1604 4722 1835 4783 utraque
1872 4727 1970 4767 na—

391 4836 510 4878 tura
540 4835 703 4875 unum
733 4817 929 4873 Filium
959 4810 1329 4867 adorabimus.

461 4911 661 4967 lterum
701 4911 892 4965 beatus
929 4904 1130 4961 Paulus
1169 4900 1430 4957 Davidem
1472 4906 1665 4955 testem
1708 4889 1968 4951 invocans

390 5007 485 5078 qui
517 5006 595 5059 ait
627 5022 639 5058 :
679 5021 697 5055 ι
735 5001 982 5064 Domine,
1017 4998 1144 5068 quid
1178 5004 1261 5050 est
1284 4996 1470 5057 homo,
1500 4990 1643 5062 quod
1675 5004 1881 5044 memor
1910 5003 1969 5043 es

391 5100 532 5169 ejus,
568 5104 661 5150 aut
698 5095 837 5147 lilius
875 5089 1109 5145 hominis
1149 5086 1406 5156 quoniam
1444 5085 1634 5137 visitas
1669 5081 1833 5136 eum?
1869 5080 1967 5134 Mi-

393 5190 559 5246 nuisti
590 5203 711 5243 eum
734 5187 889 5256 paulo
917 5184 1093 5238 minus
1120 5182 1185 5235 ab
1212 5179 1444 5249 angelis;
1476 5176 1646 5247 gloria
1678 5185 1733 5230 et
1763 5176 1968 5230 honore

394 5281 666 5339 coronasti
699 5296 820 5335 eum
853 5278 932 5344 ⁶¹;
965 5295 984 5330 ι
1014 5275 1257 5329 addidit:
1289 5291 1306 5323 ι
1343 5272 1476 5324 Eum
1511 5280 1691 5324 autem
1724 5268 1815 5339 qui
1850 5283 1964 5321 uto-

2067 4734 2160 4780 τος
2179 4733 2191 4745 ·
2225 4718 2282 4769 ὲν
2309 4713 2549 4786 ἑκατέρᾳ
2578 4715 2636 4770 δὲ
2660 4714 2819 4785 φύσει
2846 4713 2924 4785 (2)
2954 4714 3044 4767 τὸν
3070 4712 3169 4768 ἕνα
3196 4712 3322 4766 Υἱὸν
3343 4713 3669 4782 προσκυνή-

2073 4826 2279 4879 σωμεν.

2145 4902 2257 4955 Καὶ
2285 4896 2441 4964 αὖθις
2475 4899 2532 4953 δὲ
2553 4901 2581 4952 6
2618 4898 2888 4971 μακάριος
2931 4894 3142 4959 Παῦλος
3176 4896 3268 4949 τὸν
3300 4894 3470 4947 Δαϐὶδ
3508 4895 3672 4947 καλέ-

2078 5011 2176 5056 σας
2216 4994 2295 5057 είς
2342 4991 2650 5064 μαρτυρίαν
2689 4992 2917 5059 λέγοντα
2943 5008 2955 5021 ·
2990 5009 3008 5040 ι
3037 4989 3231 5061 Κύριε,
3273 4988 3323 5040 τί
3370 4989 3527 5040 ἐστιν
3576 4991 3659 5041 ἄνη

2073 5084 2291 5155 θρωπος
2326 5085 2409 5137 ὅτι
2455 5084 2741 5157 μιμνήσκῃ
2780 5081 2982 5147 αὑτοῦ,
3022 5082 3054 5152 ἦ
3088 5081 3204 5145 υἱὸς
3258 5080 3555 5151 ἀνθρώπου
3589 5082 3670 5131 ὅτι

2074 5176 2385 5249 ἐπισκέπτῃ
2418 5176 2619 5242 αὐτόν;
2656 5176 3007 5239 Ἦλάττωσας
3042 5174 3206 5229 αὐτὸν
3246 5173 3423 5245 βραχύ
3452 5191 3508 5226 τι
3540 5173 3668 5239 παρ’

2075 5269 2361 5339 ἀγγέλους,
2401 5268 2527 5341 δόξῃ
2558 5269 2655 5323 καὶ
2682 5271 2818 5341 τιμῇ
2854 5267 3237 5337 ἐστεφάνωσας
3272 5267 3439 5321 αὐτόν
3464 5282 3479 5295 ο
3507 5284 3527 5316 ι
3569 5265 3667 5315 ἑπ-

466 5462 514 5498 ⁸⁸
550 5461 712 5516 llebr.
743 5473 781 5525 I,
815 5459 869 5513 ’5.
946 5455 992 5487 ⁸⁹
1026 5456 1154 5510 ibid.
1191 5454 1245 5508 4.
1324 5450 1368 5482 ⁸⁸
1402 5449 1530 5504 ibid.
1556 5449 1608 5515 8,
1637 5447 1690 5502 9.
1771 5448 1812 5480 ⁶¹
1851 5445 1954 5502 Heli

2065 5463 2113 5513 :I,
2158 5448 2212 5515 6,
2241 5448 2298 5506 7.

468 5618 544 5687 (l)
584 5617 663 5671 Ad
688 5617 830 5687 hunc
854 5614 1007 5687 Luca:
1035 5606 1376 5687 locumquod
1405 5604 1596 5686 attinet
1620 5604 1975 5687 legatur-pul-

2158 5604 2239 5677 (Ξ)
2281 5604 2378 5660 llic
2408 5620 2624 5675 quoque
2654 5606 2787 5658 duas
2815 5604 2867 5658 in
2889 5618 3005 5677 uno
3027 5601 3252 5677 Christo
3277 5612 3509 5677 naturas
3534 5596 3670 5669 apud

392 5673 538 5742 rlira'
564 5686 747 5757 Cyrilli
785 5686 952 5757 nostri
988 5673 1265 5757 enarratio
1288 5677 1450 5757 etiam
1492 5677 1544 5727 in
1575 5674 1979 5757 (.30llllllltzrll‘iﬂll'ji§
2087 5673 2343 5749 Cyrillum
2383 5673 2633 5748 legimus,
2667 5677 2850 5731 invitis
2884 5676 3082 5729 frustra
3119 5673 3455 5728 Severianus.

530 5740 663 5822 quos
693 5771 788 5813 nos
814 5754 1100 5810 edidimus.
1125 5748 1385 5819 (Hujusce
1408 5745 1612 5800 Patrol.
1641 5756 1680 5799 t.
1712 5740 1976 5811 LXXII.)
