3856 6212
267 409 400 463 H57

1432 417 1521 471 DE
1559 415 2071 473 lNCAﬂNATIONE
2109 414 2367 473 DOMINI.

3393 390 3566 465 ttss'

262 543 468 599 ηγαγεο
506 548 525 582 ι
554 530 659 585 Τὸν
696 531 754 586 δὲ
796 533 969 606 βραχύ
1018 553 1070 588 τι
1116 535 1245 607 παρ’
1286 537 1553 606 ἀγγέλους
1598 540 1842 608 ἠλαττω-

1951 539 2073 595 dico
2115 555 2278 609 quam
2322 538 2499 609 angeli
2542 536 2848 592 minoratus
2889 544 2993 599 est,
3033 534 3279 589 videmus
3316 529 3527 591 Iesum,

266 620 428 689 μένον
467 621 738 694 βλέπομεν
772 626 1001 695 Ἰησοῦν,
1045 626 1133 681 διὰ
1171 627 1231 683 τὸ
1274 629 1507 701 πάθημα
1546 628 1644 683 τοῦ
1678 629 1845 683 θανά-

262 729 387 776 του,
432 714 561 789 δόξῃ
600 716 696 771 καὶ
744 720 877 790 τιμῇ
929 720 1403 791 ἐστεφανωμένον,
1462 721 1608 785 ὅπως
1663 722 1845 792 χάριτι

260 802 397 858 Θεοῦ
428 805 568 877 ὑπὲρ
597 808 799 873 παντὸς
823 809 1090 882 γεύσηται
1120 811 1374 868 θανάτου.
1400 831 1419 863 ι
1454 812 1627 867 Τοῦτο
1654 813 1712 866 δὲ
1749 813 1847 884 μά-

263 893 422 949 λιστα
473 898 663 967 σαφῶς
700 900 938 955 δείκνυσι
967 903 1061 957 τοῦ
1105 904 1508 974 ἀναληφθέντος
1554 904 1843 976 ἀνθρώπου

261 987 323 1041 τὸ
354 989 590 1045 τέλειονο
617 994 713 1047 καὶ
742 996 850 1067 γάρ
903 1014 1035 1068 φησι
1055 1014 1068 1027 ·
1106 1016 1125 1048 ι
1154 997 1220 1050 Τί
1250 998 1398 1051 ἐστιν
1426 997 1732 1070 ἄνθρωπος,
1763 999 1847 1052 ὅτι

268 1084 552 1157 μιμνήσκῃ
606 1088 808 1157 αὐτοῦ;
846 1108 864 1142 ι
905 1090 1043 1144 ἀλλά
1090 1091 1141 1144 τί
1186 1091 1335 1147 ἐστιν
1382 1091 1701 1163 ἄνθρωπος,
1750 1092 1843 1144 καὶ

264 1179 446 1231 πᾶσαν
484 1181 617 1251 ὁμοῦ
647 1181 745 1255 τήν
783 1183 946 1253 φύσιν
982 1184 1320 1256 περιλαϐών·
1354 1186 1450 1239 καὶ
1496 1185 1701 1256 Κύριον
1748 1185 1845 1256 μὲν

264 1273 747 1344 προσαγορεύσας,
792 1276 884 1331 τὸν
938 1279 1293 1350 ἐνοικήσαντα
1337 1277 1471 1332 Θεὸν
1512 1277 1707 1347 Λόγον,
1752 1278 1844 1331 τὸν

259 1363 360 1433 τῆς
398 1365 605 1430 οἰκείας
643 1368 850 1434 εἰκόνος
897 1370 1224 1440 μνησθέντα,
1270 1370 1363 1424 τὸν
1392 1371 1617 1442 ἁρῤήτῳ
1657 1369 1845 1440 φιλαν-

262 1457 482 1531 θρωπίᾳ
538 1461 890 1533 χρησάμενον
918 1480 929 1491 ·
987 1462 1276 1535 ἄνθρωπον
1332 1462 1389 1517 δὲ
1430 1462 1522 1517 τὸν
1566 1462 1624 1530 ἐξ
1685 1461 1844 1533 ἡμῶν

260 1551 639 1623 ἀναληφθέντα
670 1554 816 1619 ναὸν,
847 1555 906 1609 ὃν
935 1558 1002 1626 τῇ
1039 1555 1313 1628 παρουσίᾳ
1342 1554 1709 1625 ἐπεσκέψατο,
1746 1555 1844 1607 καὶ¹

259 1644 440 1715 ἐαυτῷ
472 1646 699 1716 συνῆψε,
728 1648 824 1701 καὶ
852 1650 916 1720 τῇ
952 1646 1142 1701 ὲνώσει
1181 1648 1282 1723 τῂν
1325 1646 1602 1719 σωτηρίαν
1656 1647 1845 1718 εἰργά-

260 1741 397 1787 σατο
414 1752 428 1766 ·
458 1735 553 1789 καὶ
583 1734 742 1790 τοῦτο
792 1736 1109 1809 ἑρμηνεύων
1140 1737 1244 1810 ἔφη
1264 1756 1279 1771 ο
1313 1756 1331 1790 ι
1362 1738 1466 1792 Τὸν
1484 1737 1544 1792 δὲ
1576 1737 1753 1810 βραχύ
1793 1756 1844 1791 τι

261 1826 393 1895 παρ’
413 1825 680 1894 ἀγγέλους
708 1826 1091 1899 ἠλαττωμένον
1121 1827 1395 1899 βλέπομεν
1429 1827 1638 1899 Ἰησοῦν
1665 1828 1755 1882 διὰ
1780 1829 1844 1882 τὸ

1948 640 2171 701 propter
2198 632 2502 701 passionem
2534 629 2748 695 mortis,
2777 628 2947 699 gloria
2980 635 3033 683 et
3064 628 3269 683 honore
3298 639 3529 681 cor0na-

1948 734 2093 787 tum,
2138 732 2198 778 ut
2242 722 2413 794 gratia
2463 719 2591 787 Dei,
2632 735 2732 793 pro
2772 719 3025 776 omnibus
3069 725 3299 772 mortem
3345 725 3527 786 gusta-

1948 824 2032 870 ret
2055 816 2123 871 “.
2163 834 2182 867 ι
2214 816 2329 871 Hoc
2359 823 2538 869 autem
2570 812 3017 869 manifestissime
3048 809 3313 878 assumpti
3348 804 3526 862 homi-

1945 907 2031 962 uis
2063 906 2455 975 perfectionem
2484 905 2843 961 demonstrat.
2874 903 2962 957 Ait
2991 901 3134 957 enim
3166 918 3180 955 :
3219 918 3239 952 ι
3276 898 3415 965 Quid
3443 909 3527 951 est

1946 1001 2130 1066 homo,
2162 998 2306 1070 quod
2342 1012 2549 1053 memor
2578 1012 2639 1053 es
2673 996 2827 1065 ejus?
2866 1014 2884 1047 ι
2925 994 3032 1049 Sed
3068 992 3196 1064 quid
3236 998 3322 1047 est
3359 991 3526 1046 homo

1944 1094 2071 1147 dum
2113 1095 2207 1159 ait,
2248 1091 2557 1145 universam
2597 1090 2757 1145 simul
2792 1096 3043 1143 naturam
3088 1082 3521 1155 comprehendit.

1944 1185 2011 1239 Et
2047 1184 2174 1239 dum
2219 1182 2502 1239 Dominum
2544 1181 2799 1257 appellat,
2836 1178 3004 1234 Deum
3036 1176 3271 1233 Verbum
3312 1173 3527 1229 inhabi-

1944 1286 2066 1331 tans
2097 1276 2246 1341 dicit,
2272 1275 2415 1345 quod
2447 1289 2559 1329 suae
2590 1271 2845 1343 imaginis
2875 1285 3082 1324 memor
3109 1268 3234 1332 fuit,
3262 1266 3406 1337 quod
3445 1265 3527 1318 in-

1941 1369 2208 1425 ell‘abilem
2232 1367 2575 1423 clementiam
2596 1366 2950 1436 exprompsit.
2977 1360 3259 1417 Hominem
3274 1358 3523 1426 denique

1944 1462 2018 1518 ait
2067 1461 2195 1516 illud
2223 1462 2364 1531 quod
2390 1461 2458 1516 de
2484 1459 2640 1515 nobis
2668 1466 2941 1526 sumptum
2969 1464 3051 1511 est
3078 1452 3354 1523 templum,
3379 1450 3522 1519 quod

1945 1553 2230 1625 prmsentia
2258 1568 2361 1608 sua
2381 1550 2647 1617 visitavit,
2674 1550 2891 1620 sibique
2915 1545 3209 1617 copulavit,
3231 1557 3405 1611 eaque
3430 1542 3525 1594 ad-

1944 1647 2201 1701 unatione
2224 1644 2453 1700 salutem
2479 1644 2705 1715 peregit.
2727 1641 2857 1710 Quae
2882 1640 2996 1711 ipse
3022 1639 3389 1709 interpretans
3411 1632 3518 1687 ait:

1949 1758 1969 1792 ι
2014 1738 2148 1794 Ειιιη
2189 1750 2366 1794 autem
2404 1738 2498 1808 qui
2540 1737 2756 1793 modico
2795 1750 2957 1805 quam
3003 1730 3179 1802 angeli
3222 1729 3522 1783 minoratus

1945 1841 2052 1898 est,
2090 1830 2337 1887 videmus
2376 1830 2591 1898 Jesum,
2630 1837 2851 1901 propter
2890 1826 3083 1881 mortis
3119 1823 3450 1895 passionem.
3498 1836 3518 1870 ι

143 1964 146 1967 .
258 1916 493 1989 πάθημα
529 1918 624 1972 τοῦ
661 1919 912 1974 θανάτου.
940 1938 958 1971 ι
1006 1920 1273 1976 Ἀπέθανε
1303 1921 1360 1976 δὲ
1392 1922 1490 1993 ούχ
1519 1924 1547 1977 6
1575 1921 1842 1986 ἀθάνατος

1948 1923 2189 1978 Mortuus
2211 1932 2295 1979 est
2321 1923 2501 1994 itaque
2525 1900 2985 1978 noniimmortalis
3015 1919 3176 1981 Deus,
3203 1914 3297 1970 sed
3327 1921 3523 1967 natura

256 2007 393 2074 Θεὸς
422 2009 615 2079 Λόγος,
649 2010 765 2065 ἀλλ’
796 2013 829 2082 ἡ
866 2011 1035 2085 θνητὴ
1070 2012 1252 2083 φύσις.
1287 2013 1379 2069 Διὸ
1413 2015 1509 2068 καὶ
1544 2013 1846 2085 ἠλαττοῦτο

257 2098 435 2171 βραχύ
471 2117 526 2153 τι
587 2102 718 2173 παρ’
747 2100 1049 2170 ἀγγέλους,
1089 2100 1169 2172 τῷ
1209 2102 1336 2166 τοὺς
1402 2103 1500 2173 μὲν
1541 2102 1845 2167 ἀθανάτους

256 2188 421 2256 εἶναι,
454 2192 553 2264 τὴν
591 2193 649 2247 δὲ
680 2193 902 2265 θνητήν.
943 2194 1003 2250 Ὀ
1032 2194 1089 2249 δὲ
1111 2194 1244 2259 Θεὸς
1272 2195 1446 2264 Λόγος
1467 2195 1568 2249 οὐκ
1604 2195 1843 2250 ἐλάττων

254 2286 528 2355 ἀγγέλων,
569 2286 706 2342 ἀλλά
732 2288 999 2359 δεσπότης
1031 2288 1281 2357 ἀγγέλων
1302 2305 1316 2320 ο
1357 2308 1376 2341 ί
1416 2289 1504 2342 Ἐν
1535 2287 1687 2358 αὐτῷ
1733 2286 1844 2359 γὰρ

253 2379 485 2450 ἐκτίσθη
525 2380 595 2434 τὰ
634 2379 846 2446 πάντα,
880 2379 991 2434 εἴτε
1035 2380 1243 2450 ὁρατὰ,
1289 2380 1401 2435 εἴτε
1445 2379 1690 2453 ἀόρατα,
1731 2380 1843 2433 είτε

250 2471 472 2543 Θρόνοι,
503 2473 614 2526 εἴτε
645 2473 1001 2545 κυριότητες,
1025 2474 1134 2528 εἴτε
1162 2474 1373 2546 Ἀρχαὶ,
1401 2473 1511 2527 εἴτε
1549 2472 1841 2539 Ἐξουσίαι,

250 2563 373 2618 εἴτε
401 2563 678 2634 Ἄγγελοι,
699 2565 809 2620 εἴτε
832 2566 1103 2639 Δυνάμεις
1119 2584 1131 2597 °
1164 2568 1342 2623 πάντα
1367 2568 1424 2622 δὲ
1445 2568 1512 2623 δι’
1538 2568 1728 2635 αὑτοῦ,
1750 2570 1845 2623 καὶ

250 2658 335 2722 είς
372 2656 537 2712 αὑτὸν
568 2657 831 2714 ἔκτισται.
867 2679 885 2710 ι
938 2659 1049 2714 Καὶ
1092 2660 1231 2732 μετά
1262 2661 1433 2717 πολλά
1473 2661 1638 2716 πάλιν
1658 2680 1671 2693 ο
1703 2680 1721 2715 ι
1749 2665 1846 2727 Ὃς

250 2752 315 2805 ἐν
336 2754 464 2815 ταῖς
492 2751 748 2824 ἡμέραις,
776 2754 931 2824 φησὶ,
960 2754 1061 2825 τῆς
1092 2754 1296 2827 σαρκὸς
1326 2755 1489 2810 αὑτοῦ
1513 2757 1726 2829 δεήσεις
1750 2757 1847 2810 καὶ

253 2843 547 2916 ἱκετηρίας
576 2845 713 2918 πρὸς
752 2845 843 2900 τὸν
886 2846 1183 2917 δυνάμενον
1208 2847 1368 2901 αὑτὸν
1392 2849 1457 2902 ὲκ
1487 2847 1718 2902 θανάτου
1753 2850 1847 2920 ῥύ-

252 2937 462 2991 σασθαι
509 2939 650 3009 μετά
699 2940 947 3011 κραυγῆς
989 2942 1214 3014 ἰσχυρᾶς
1257 2942 1351 2996 καὶ
1380 2926 1633 3014 δᾰκρύων
1677 2959 1847 3015 προσ⁹

248 3028 532 3100 ενεγκὼν,
578 3031 674 3085 καὶ
735 3033 1111 3098 εἰσακουσθεὶς
1164 3034 1273 3088 ἀπὸ
1324 3034 1423 3105 τῆς
1469 3034 1776 3099 εὐλαϐείας.
1818 3055 1836 3087 ι

210 3150 217 3157 -
247 3124 481 3194 Καὶπερ
511 3123 587 3177 ὢν
619 3124 767 3191 Υἱὸς,
804 3125 1009 3196 ἔμαθεν
1042 3127 1101 3194 ἐξ
1148 3120 1222 3181 ὧν
1248 3126 1417 3182 ἔπαθε
1446 3126 1547 3199 τὴν
1578 3128 1841 3201 ὑπακοὴν,

246 3215 346 3268 καὶ
374 3214 684 3281 τελειωθεὶς
715 3216 936 3286 γέγονεν
964 3218 1138 3272 ἅπασι
1162 3220 1274 3283 τοῖς
1298 3219 1665 3275 ὑπακούουσιν
1693 3218 1843 3291 αὐτῷ
1868 3265 1913 3324 c

244 3307 431 3371 αἴτιος
463 3307 738 3377 σωτηρίας
776 3309 1024 3384 αἰωνίου.-

320 3486 427 3550 Τίς
462 3484 641 3538 τοίνυν
668 3487 697 3540 6
726 3486 1192 3558 προσευχόμενος,
1233 3487 1329 3542 καὶ
1359 3487 1575 3560 δεήσεις
1604 3490 1698 3544 καὶ
1734 3490 1849 3544 ἱκε-

242 3597 313 3650 τη
323 3579 454 3650 ρίας
475 3575 614 3649 μετά
643 3577 891 3649 κραυγῆς
913 3578 1142 3649 ἰσχυρᾶς
1158 3579 1255 3633 καὶ
1273 3580 1527 3653 δακρύων
1549 3598 1849 3652 προσενεγ⁸

244 3672 399 3739 κών;
454 3671 550 3735 Τίς
595 3672 623 3724 6
651 3672 708 3724 ὲν
741 3670 996 3743 εὐλαϐείᾳ
1033 3674 1307 3746 συζήσας,
1339 3674 1436 3729 καὶ
1464 3674 1552 3729 διὰ
1581 3675 1744 3731 τοῦτο
1787 3677 1848 3731 ὃν

243 3766 506 3820 ἱκέτευσε
563 3764 794 3831 πείσας;
827 3764 923 3827 Τίς
952 3766 982 3819 6
1017 3764 1207 3836 μαθὼν
1251 3766 1347 3835 ἀφ’
1395 3761 1477 3821 ὧν
1522 3766 1695 3822 ἔπαθε
1746 3769 1851 3842 τὴν

241 3856 528 3929 ὑπακοὴν,
555 3857 649 3911 κοιλ⁷
674 3857 772 3927 τὴν
798 3859 996 3927 πεῖραν
1022 3856 1207 3911 λαϐὼν
1228 3858 1570 3925 διδάσκαλον,
1598 3859 1695 3915 καὶ
1725 3862 1850 3915 ταύ-

238 3969 348 4023 την
377 3948 597 4017 ἀγνοῶν
619 3948 724 4021 πρὸ
748 3952 847 4020 τῆς
874 3948 1071 4021 πείρας
1089 3967 1112 4016 -,
1130 3951 1226 4015 Τίς
1251 3953 1279 4004 ό
1301 3950 1481 4005 λαϐὼν
1507 3952 1650 4008 κατά
1682 3954 1849 4027 μέρος

237 4044 347 4114 τὴν
389 4038 745 4111 τελειότητα;
776 4041 893 4111 υὺχ
931 4042 961 4094 6
998 4041 1131 4106 Θεὸς
1161 4042 1357 4111 Λόγος,
1387 4045 1417 4097 6
1448 4042 1674 4112 τέλειος,
1707 4046 1737 4098 6
1771 4048 1848 4099 εἱο

236 4136 353 4199 δὼς
394 4133 581 4186 πάντα
620 4133 749 4202 πρὶν
795 4134 1064 4203 γενέσεως
1095 4134 1296 4200 αὐτῶν,
1328 4134 1529 4191 ἀλλὀὐ
1568 4140 1635 4210 τῇ
1684 4139 1849 4212 πείρᾳ

243 4226 582 4304 μανθάνων·
611 4225 640 4277 6
686 4227 895 4290 πάντας
927 4226 1068 4298 ἔχων
1113 4228 1572 4300 εὐλαϐουμένους,
1605 4230 1720 4285 ἀλλ’
1746 4232 1849 4287 οὐκ

238 4320 417 4383 αὐτὸς
451 4316 851 4387 εὐλαϐούμενος
872 4334 886 4351 ο
919 4321 948 4373 6
979 4318 1313 4391 ἀφελόμενος
1339 4322 1447 4375 πᾶν
1478 4321 1715 4394 δάκρυον
1741 4324 1848 4378 ἀπὸ

239 4412 463 4474 παντὸς
504 4408 821 4479 προσώπου,
848 4409 963 4463 ἀλλ’
990 4411 1053 4464 οὑ
1082 4410 1343 4482 δακρύειν
1376 4412 1470 4466 ὑπ’
1493 4413 1686 4484 ὀδύνης
1718 4415 1849 4468 ἀνα-

236 4505 633 4579 γκαζόμενος·
669 4503 699 4555 ὁ
726 4502 943 4573 ἀπαθὴς
984 4506 1079 4556 καὶ
1111 4503 1396 4569 ἀθάνατος,
1425 4505 1541 4560 ἀλλ’
1566 4507 1628 4560 ού
1661 4506 1847 4571 δεδιὼς

1949 2014 2216 2070 mortalis.
2262 2015 2384 2070 Ideo
2424 2022 2479 2069 et
2522 2013 2736 2068 modico
2778 2010 2917 2066 inira
2963 2007 3184 2079 angelos
3223 2004 3524 2059 minoratus

1945 2113 2050 2166 est,
2077 2105 2201 2172 quia
2230 2105 2281 2158 hi
2310 2112 2438 2159 sunt
2466 2101 2824 2167 immortales,
2850 2100 2939 2155 illa
2969 2113 3133 2153 secus
3157 2106 3350 2151 natura
3379 2108 3525 2147 mor-

1948 2197 2073 2252 talis
2098 2206 2199 2253 est.
2227 2196 2397 2251 Porro
2428 2195 2568 2250 Deus
2592 2194 2826 2249 Verbum
2854 2208 2958 2247 non
2988 2201 3073 2246 est
3100 2188 3238 2244 infra
3268 2185 3523 2255 angelos,

1945 2290 2040 2344 sed
2069 2287 2383 2356 angelorum
2409 2286 2627 2358 833m
2660 2285 2936 2339 Dominus.
2983 2300 3001 2332 ι
3033 2278 3385 2347 Quoniamin
3408 2275 3525 2343 ipso

1946 2382 2165 2437 condita
2199 2389 2326 2435 sunt
2357 2380 2645 2441 universa,
2682 2377 2795 2431 sive
2828 2373 3096 2439 visibilia,
3133 2372 3246 2426 sive
3282 2368 3527 2423 invisibi-

1947 2473 2040 2541 lia,
2071 2472 2187 2529 sive
2215 2471 2445 2539 Throni,
2476 2469 2594 2526 sive
2629 2467 3061 2533 nominationes,
3096 2465 3209 2519 sive
3246 2461 3525 2531 Principa-

1949 2576 2064 2632 tus,
2090 2565 2205 2620 sive
2230 2562 2564 2627 Potestates,
2591 2562 2705 2616 sive
2730 2558 2917 2629 Angeli
2936 2598 2952 2623 ,
2981 2557 3094 2612 sive
3110 2553 3382 2617 Virtutes;
3408 2565 3525 2605 om-

1949 2659 2037 2714 nia
2068 2667 2246 2713 autem
2278 2670 2374 2727 per
2401 2650 2598 2725 ipsum,
2625 2662 2680 2709 et
2708 2653 2761 2706 in
2797 2651 2916 2721 ipso
2946 2656 3129 2704 creata
3160 2654 3287 2701 sunt
3310 2644 3375 2696 ⁸³.
3413 2661 3432 2695 ι
3464 2642 3527 2694 ιςι

1946 2751 2072 2807 alibi
2116 2748 2295 2806 denuo
2334 2765 2349 2803 :
2392 2766 2410 2799 ι
2455 2746 2558 2814 Qui
2601 2746 2654 2800 in
2701 2745 2916 2806 diebus,
2960 2742 3153 2808 inquit,
3191 2737 3373 2794 carnis
3415 2750 3526 2788 sua:

1948 2857 2137 2913 preces
2172 2838 2707 2909 supplicationesque
2740 2836 2806 2890 ad
2842 2849 2966 2890 eum
2987 2872 3002 2899 ,
3036 2831 3131 2903 qui
3168 2830 3339 2901 possit
3373 2826 3524 2882 illum

1946 2934 2153 2989 salvum
2186 2932 2369 2987 facere
2404 2947 2435 2985 a
2475 2939 2671 2995 morte,
2709 2943 2830 2983 cum
2866 2925 3100 2981 clamore
3134 2922 3311 2976 valido
3348 2928 3401 2974 et
3443 2918 3526 2973 la-

1946 3026 2147 3098 crymis
2190 3023 2452 3087 offerens,
2502 3021 2790 3077 exauditus
2842 3027 2926 3074 est
2976 3031 3074 3086 pro
3119 3030 3216 3069 sua
3267 3025 3525 3066 reveren-

1947 3121 2019 3173 tia
2045 3117 2111 3172 “.
2157 3136 2177 3170 ι
2215 3116 2281 3171 Ει
2312 3116 2531 3187 quidem
2573 3120 2878 3169 cuuresset
2914 3110 3109 3175 Filius,
3147 3107 3332 3162 didicit
3357 3120 3423 3159 ex
3459 3105 3525 3158 iis

1949 3226 2069 3281 qum
2103 3224 2297 3280 passus
2330 3219 2414 3263 est
2444 3206 2807 3262 obedientiam
2841 3222 2857 3259 :
2888 3213 2943 3259 et
2976 3210 3406 3261 consummatus,
3441 3197 3522 3250 fu-

1948 3313 2069 3359 ctus
2099 3310 2185 3357 est
2217 3299 2471 3356 omnibus
2499 3295 3002 3367 obtemperantibus
3033 3293 3159 3357 sibi,
3187 3306 3347 3347 causa
3382 3290 3524 3344 salu-

1948 3395 2016 3452 tis
2044 3405 2284 3450 aeternae.

2016 3484 2150 3553 Quis
2178 3497 2309 3555 ergo
2343 3490 2431 3538 est
2458 3495 2650 3545 orans,
2679 3488 2735 3535 et
2767 3491 2958 3550 preces
2992 3473 3525 3546 supplicationesque

1946 3590 2071 3631 cum
2100 3575 2339 3630 clamore
2365 3572 2542 3627 valido
2570 3579 2626 3626 et
2654 3569 2909 3640 lacrymis
2938 3564 3208 3623 oﬂ'erens?
3237 3564 3370 3631 Quis
3401 3576 3522 3617 cum

1948 3668 2199 3739 religiosa
2230 3665 2527 3721 reverentia
2554 3663 2764 3727 vivens,
2794 3662 3022 3730 ideoque
3051 3659 3117 3714 ab
3148 3674 3212 3713 eo
3243 3672 3400 3727 quem
3436 3671 3525 3709 ro-

1945 3762 2092 3834 gavit
2120 3758 2453 3830 impetraris?
2476 3757 2608 3821 Quis
2637 3758 2857 3811 discens
2880 3770 2945 3823 ex
2975 3754 3041 3807 iis
3069 3767 3190 3822 qua:
3219 3765 3412 3819 passus
3439 3758 3526 3803 est

1916 3830 2335 3918 .obedientiam,
2358 3862 2413 3907 et
2444 3848 2689 3919 magistri
2722 3847 2842 3903 loco
2868 3843 3260 3914 experientiam
3292 3841 3523 3903 habens,

1946 3948 2169 4019 ignarus
2196 3946 2315 4016 ejus
2344 3943 2420 3999 rei
2451 3952 2749 4011 antequam
2777 3936 3153 4009 experiretur?
3201 3936 3335 4002 Quis
3362 3934 3525 4005 pede-

1948 4042 2138 4099 tentim
2174 4040 2404 4109 adeptus
2439 4046 2525 4093 est
2561 4032 2985 4106 perlectionem?
3024 4029 3175 4085 Haud
3212 4043 3344 4084 sane
3383 4027 3525 4081 Deus

1946 4134 2206 4200 Verbum,
2242 4132 2540 4202 perlectum
2577 4127 2726 4192 illud,
2752 4135 2807 4181 et
2842 4127 2983 4196 quod
3017 4123 3201 4179 omnia
3234 4130 3523 4190 antequam

1948 4231 2080 4283 liant
2107 4226 2287 4290 novit,
2309 4224 2532 4279 minime
2558 4236 2687 4277 vero
2715 4218 3050 4289 experientia
3084 4216 3347 4271 discens:
3379 4213 3523 4282 quod

1945 4335 2135 4377 omnes
2158 4318 2323 4373 habet
2343 4316 2431 4372 sui
2450 4314 2708 4377 cultores,
2730 4311 2859 4366 dum
2884 4308 2952 4364 ab
2972 4308 3089 4377 ipso
3111 4306 3307 4363 colitur
3326 4318 3524 4370 nemo;

1946 4412 2199 4468 auferens
2232 4408 2301 4464 ab
2326 4407 2473 4464 omni
2508 4405 2650 4461 facie
2679 4404 2998 4474 lacrymam,
3026 4401 3198 4470 ipsum
3224 4413 3353 4453 vero
3383 4395 3528 4450 nullo

1946 4508 2134 4563 dolore
2168 4501 2457 4574 lacrymari
2490 4498 2829 4569 compulsum
2864 4514 2880 4563 ;
2915 4492 3273 4566 impassibile,
3308 4491 3529 4545 immor-

236 4603 336 4656 τὸν
371 4598 637 4659 θάνατον,
669 4592 763 4647 καὶ
813 4593 952 4662 μετά
999 4594 1253 4665 κραυγῆς
1296 4597 1555 4651 ἱκετεύων
1598 4597 1842 4652 ἀπαλλα-

1954 4601 2083 4665 tale,
2118 4613 2222 4653 non
2265 4604 2447 4651 autem
2490 4601 2720 4647 mortem
2768 4590 2987 4653 timens,
3032 4599 3209 4656 neque
3251 4591 3310 4637 ut
3352 4582 3421 4637 ab
3461 4596 3525 4635 ea

236 4696 416 4764 γῆναι
454 4688 715 4742 θανάτου.
748 4684 959 4740 Οὐκοῦν
989 4686 1095 4739 ῑδια
1120 4686 1294 4741 ταῦτα
1316 4691 1416 4759 τῆς
1447 4689 1849 4761 ἀναληφθείσης

234 4780 723 4857 ἁνθρωπότητος,
756 4780 792 4849 ἢ
827 4777 921 4833 καὶ
962 4779 1052 4832 τὸν
1086 4779 1317 4834 θάνατον
1364 4781 1579 4846 ἐδεδίει,
1630 4783 1727 4836 καί
1767 4783 1847 4836 δι-

233 4877 427 4934 ετέλει
468 4871 929 4943 προσευχομένη,
974 4872 1074 4943 τῆς
1124 4872 1441 4945 ὲνοικούσης
1487 4873 1752 4947 Θεότητος
1773 4874 1861 4946 τῷ

232 4973 401 5045 φόϐῳ
444 4964 928 5037 παραχωρούσης,
964 4964 1053 5020 ἵνα
1084 4965 1173 5019 διὰ
1204 4965 1312 5019 τῶν
1348 4966 1690 5038 παθημάτων
1738 4969 1849 5022 δει-

231 5068 347 5142 χθῇ
397 5058 502 5117 τοῦ
537 5058 840 5130 ληφθέντος
883 5060 916 5130 ή
950 5056 1133 5129 φύσις.
1182 5059 1295 5114 Kal
1342 5059 1537 5114 πάλιν·
1576 5081 1595 5113 ι
1624 5063 1703 5116 Οὐ
1742 5062 1861 5134 γὰρ

231 5164 424 5234 δήπου
493 5151 753 5220 ἀγγέλων
814 5149 1281 5221 ἐπιλαμϐάνεται,
1339 5151 1478 5206 ἀλλά
1536 5153 1853 5227 σπέρματος

248 5249 524 5322 Ἀϐραὰμ
579 5244 1045 5315 ἐπιλαμϐάνεται’
1082 5244 1205 5299 ὅθεν
1248 5244 1448 5314 ὤφειλε
1498 5246 1640 5302 κατά
1672 5248 1853 5301 πάντα

231 5350 356 5408 τοῖς
408 5337 675 5404 ἀδελφοῖς
707 5336 1076 5408 ὁμοιωθῆναι,
1124 5338 1204 5400 εἰς
1246 5338 1308 5391 τὸ
1366 5338 1683 5394 ἱλάσκεσθαι
1726 5343 1853 5405 ταῖς

234 5431 565 5508 ἁμαρτίαις
609 5429 704 5483 τοῦ
748 5429 899 5484 λαοῦ.
930 5450 951 5483 ι
1000 5431 1089 5485 Ἐν
1130 5423 1174 5497 ᾧ
1214 5431 1323 5504 γὰρ
1371 5433 1639 5487 πέπονθεν
1691 5435 1855 5498 αὐτὸς

235 5523 616 5600 πειρασθεὶς,
666 5521 890 5577 δύναται
936 5527 1051 5589 τοῖς
1108 5526 1525 5596 πειραζομένοις
1564 5526 1849 5597 βοηθῆσαι.

233 5625 354 5682 Καὶ
392 5618 523 5692 μετ’
566 5612 765 5683 ὄλίγαο
800 5635 819 5666 ‹
848 5617 924 5671 Οὐ
956 5618 1066 5688 γὰρ
1104 5619 1302 5689 ἔχομεν
1345 5619 1609 5691 ἀρχιερέα
1652 5618 1727 5690 μὴ
1760 5619 1852 5672 δυ-

232 5717 486 5782 νάμενον
537 5703 907 5775 συμπαθῆσαι
940 5709 1061 5769 ταῖς
1088 5707 1394 5773 ἀσθενείαις
1440 5708 1618 5778 ήμῶν,
1663 5725 1854 5761 πεπει-

308 5890 353 5917 αν
382 5887 450 5941 ΙΙ.
475 5882 561 5937 br.
598 5891 671 5947 ix,
712 5882 764 5935 9.
842 5883 885 5912 υ
918 5880 1123 5937 Coloss.
1154 5900 1189 5951 l,
1236 5882 1311 5937 l6.
1394 5884 1433 5912 “
1471 5883 1631 5941 llcbr.
1664 5902 1712 5951 γ,
1749 5888 1797 5941 7.

1950 4695 2211 4750 liberetur
2241 4702 2366 4744 cum
2410 4684 2648 4740 clamore
2687 4680 3022 4750 supplicans.
3059 4677 3322 4742 Superest
3362 4672 3529 4742 igitur

1951 4795 2010 4840 ιιι
2043 4786 2157 4838 haec
2189 4775 2546 4835 humanitatis
2580 4782 2870 4844 assumpta:
2906 4771 3014 4824 siut
3050 4766 3289 4839 propria,
3323 4779 3441 4833 qua:
3475 4771 3529 4814 et

1953 4885 2182 4933 mortem
2210 4870 2506 4939 metuebat,
2530 4876 2585 4922 et
2612 4867 2666 4921 in
2694 4863 2943 4921 oratione
2971 4857 3377 4930 perseverabat,
3401 4870 3528 4923 qua-

1954 4980 2113 5024 tenus
2147 4964 2458 5021 inhabitans
2490 4960 2671 5016 Deitas
2700 4958 2879 5012 timori
2916 4955 3090 5009 locum
3124 4965 3248 5007 esse
3278 4948 3484 5004 sinebat
3510 4963 3526 5011 ;

1949 5073 2007 5117 ut
2042 5077 2110 5117 ex
2150 5056 2491 5129 passionibus
2530 5051 2791 5120 assumpti
2836 5046 3068 5102 hominis
3105 5053 3297 5099 natura
3337 5040 3531 5110 digno-

1949 5160 2215 5207 sceretur.
2248 5147 2315 5203 Et
2349 5160 2537 5201 rursus
2572 5164 2586 5199 :
2630 5161 2649 5196 ι
2691 5141 2965 5210 Nusquam
3002 5137 3145 5215 enim
3182 5132 3402 5204 angelos
3436 5147 3531 5199 ap-

1952 5242 2270 5317 prehendit,
2305 5240 2400 5295 sed
2444 5252 2627 5293 semen
2669 5235 2908 5290 Abrahae
2949 5227 3302 5299 apprehendit
3338 5240 3353 5278 :
3389 5225 3532 5278 unde

1955 5335 2141 5393 debuit
2176 5348 2273 5404 per
2303 5332 2487 5388 omnia
2523 5328 2783 5383 fratribus
2815 5322 3071 5386 similari,
3110 5330 3169 5375 ul
3202 5318 3398 5375 delicta
3430 5332 3529 5387 po-

1951 5431 2060 5502 puli
2094 5424 2562 5498 repropitiaret“.
2596 5442 2614 5474 ι
2647 5421 2703 5476 In
2730 5436 2796 5476 eo
2825 5418 2968 5475 enim
3001 5417 3057 5471 in
3088 5430 3196 5486 quo
3226 5426 3421 5484 passus
3449 5420 3534 5465 est

1951 5522 2066 5589 ipse
2103 5528 2158 5574 et
2200 5525 2470 5581 tentatus,
2513 5522 2706 5585 potens
2746 5521 2830 5567 est
2870 5519 2925 5564 et
2968 5509 3048 5563 eis
3091 5505 3184 5577 qui
3230 5512 3536 5565 tentantur,

1951 5610 2221 5667 auxiliari.
2257 5609 2326 5663 Et.
2363 5607 2506 5663 haud
2547 5605 2733 5661 multis
2772 5601 3074 5672 interiectis
3108 5616 3123 5653 :
3165 5616 3184 5650 ι
3228 5595 3346 5652 Non
3386 5593 3545 5649 enim.

1952 5705 2221 5760 habemus
2249 5700 2593 5771 pontiﬁcem,
2630 5698 2721 5770 qui
2762 5713 2868 5754 nou
2905 5695 3076 5765 possit
3110 5688 3346 5761 compati
3381 5685 3539 5743 inlin-

1902 5885 1919 5915 ⁵
1959 5884 2119 5938 llcbr.
2158 5899 2217 5949 ιι,
2260 5884 2339 5938 16.
