3856 6212
411 396 547 452 1-559

1402 384 1459 441 S.
1501 385 1780 441 (lYlllLLl
1807 386 2279 441 ALEXANDRINI
2315 384 2640 444 ARCHIEI’.

3515 388 3630 447 1160

410 513 688 569 tnilat'tltUs
711 508 941 571 nostris,
966 513 1222 560 tentatum
1243 512 1418 558 autem
1442 503 1660 575 83am
1687 521 1779 574 per
1807 505 1976 559 omnia

2089 505 2324 577 ραμὲνον
2356 504 2410 558 δὲ
2436 504 2577 558 κατὰ
2612 504 2786 559 πάντα
2825 504 2947 557 καθ’
2966 504 3256 575 ὁμοιότητα
3293 505 3452 576 χωρὶς
3481 506 3631 577 ἁμαρ-

407 621 507 675 pro
529 583 883 657 similitudine
906 598 1106 665 absque
1132 604 1353 666 peccato
1371 594 1435 649 “.
1465 614 1482 645 ι
1506 593 1598 649 Est
1624 596 1785 666 igitur
1806 595 1975 650 Abra-

411 696 556 750 hami
601 707 781 748 semen
825 692 1036 745 diversa
1082 704 1167 744 res
1205 688 1274 743 ab
1311 688 1400 742 illo
1437 686 1529 757 qui
1571 687 1624 742 id
1663 686 1971 755 assumpsit.

412 785 608 840 Semen
647 797 775 837 vero
815 780 1105 835 Abrahami
1146 778 1353 833 sciebat
1392 778 1582 832 beatus
1617 775 1816 830 Paulus
1854 789 1974 829 esse

412 879 753 933 Senatorem
789 873 1060 930 Christum
1096 874 1387 926 secundum
1404 885 1676 924 carnem.t
1704 868 1821 923 Non
1840 867 1976 921 dixit

410 979 465 1024 et
502 966 800 1023 seminibus
840 964 979 1027 tuis,
1021 961 1174 1032 quasi
1217 961 1283 1016 de
1324 960 1539 1025 multis;
1580 960 1673 1014 sed
1712 958 1866 1029 quasi
1908 957 1976 1011 de

412 1075 517 1115 uno
543 1076 557 1112 :
590 1077 607 1111 t
632 1056 699 1112 Et
726 1055 917 1112 semini
952 1064 1065 1116 tuo,
1091 1055 1179 1122 qui
1210 1062 1293 1107 est
1318 1050 1655 1105 Christus".
1688 1068 1705 1102 ι
1740 1049 1975 1119 Denique

408 1150 570 1204 etiam
602 1147 793 1201 tentari
828 1145 893 1201 ad
925 1142 1327 1199 similitudinem
1356 1141 1560 1209 absque
1590 1148 1837 1210 peccato,
1867 1153 1973 1193 non

407 1249 492 1293 est
520 1236 613 1295 Dei
639 1236 819 1298 Verbi.
845 1235 937 1290 sed
966 1232 1229 1302 assumpti
1259 1230 1485 1285 seminis
1513 1229 1812 1299 proprium.

408 1345 573 1403 XXII.
612 1347 765 1414 Quod
794 1345 947 1400 Jews
980 1352 1028 1399 et
1060 1342 1196 1397 Deus
1245 1340 1462 1395 Verbum
1491 1350 1537 1394 et
1576 1342 1731 1393 homo
1756 1339 1971 1392 dicitur.

448 1530 520 1581 lta
542 1523 980 1597 purelarissimus
1008 1517 1207 1574 Paulus
1231 1531 1323 1588 per
1355 1525 1516 1571 totam
1545 1515 1834 1583 Epistolam
1862 1522 1972 1569 tum

410 1633 614 1674 natura:
648 1617 1025 1686 proprietates,
1064 1621 1172 1664 tum
1221 1622 1465 1679 personae
1514 1607 1768 1676 praedicat
1799 1607 1976 1658 unita-

410 1723 513 1766 tem
551 1727 564 1763 :
596 1710 819 1776 ideoque
843 1703 1024 1759 Jesum
1047 1702 1326 1757 Christum
1354 1708 1407 1753 et
1433 1699 1706 1753 hominem
1742 1698 1976 1767 appellat

407 1813 461 1855 et
504 1800 691 1854 Deum.
743 1814 761 1847 ι
792 1794 960 1857 Unus,
1000 1792 1192 1860 inquit,
1236 1790 1493 1845 Dominus
1523 1788 1680 1844 Jesus
1707 1789 1971 1853 Christus,

407 1908 502 1960 per
519 1904 675 1958 quem
703 1887 883 1942 omnia
907 1885 972 1937 ⁸⁸.
1005 1870 1023 1936 ι
1048 1883 1361 1951 Rursusque
1385 1881 1670 1936 Timotheo
1694 1879 1935 1934 scribens
1958 1898 1971 1933 :
2009 1863 2050 1918 Β

413 2003 431 2033 ι
470 1981 619 2037 Unus
655 1978 937 2039 mediator,
985 1976 1182 2042 inquit,
1234 1974 1327 2029 Dei
1376 1984 1431 2027 et
1482 1973 1778 2036 hominum,
1816 1971 1975 2024 homo

406 2072 655 2126 Christus
690 2068 849 2124 Jesus

407 2167 542 2221 stola
587 2184 601 2221 :
652 2183 670 2215 ι
707 2161 865 2218 Jesus
897 2162 1144 2214 Christus
1182 2157 1297 2211 heri
1343 2166 1396 2211 et
1431 2154 1609 2218 hodie,
1656 2154 1768 2223 ipse
1817 2160 1871 2207 et
1920 2151 1975 2205 in

406 2254 599 2310 saecula
649 2254 723 2307 ’⁸.
755 2272 773 2305 ι
809 2253 925 2307 Alia
978 2264 1214 2320 quoque,
1265 2246 1309 2301 si
1357 2246 1477 2316 quis
1526 2244 1692 2308 volet,
1740 2244 1977 2298 inveniet

405 2354 658 2401 sexcenta
704 2341 1008 2399 testimonia
1059 2340 1109 2393 in
1150 2338 1327 2391 divina
1375 2336 1652 2403 Scriptura
1698 2349 1815 2400 quze
1850 2348 1969 2400 per-

408 2440 603 2492 fectum
664 2434 931 2488 hominem
990 2430 1305 2501 przedieant,
1378 2437 1540 2496 atque
1599 2426 1975 2480 haereticorum

403 2536 699 2595 coarguunt
721 2524 1009 2579 insaniam.
1041 2520 1207 2576 Nobis
1234 2531 1412 2575 tamen
1437 2518 1604 2574 Otium
1639 2518 1691 2571 in
1725 2516 1974 2585 praesenti

404 2636 510 2676 non
536 2628 619 2675 est
648 2632 711 2673 ea
733 2614 1035 2683 colligendi.
1060 2611 1331 2667 Studiosis
1362 2611 1541 2677 itaque
1564 2608 1803 2662 laborem
1834 2605 1978 2659 hunc

403 2713 762 2773 dimittentes,
816 2724 915 2764 nos
944 2706 1159 2777 quidem
1213 2704 1544 2774 propositum
1595 2706 1975 2769 argumentum

404 2815 812 2881 prosequamur.

641 2915 827 2971 XXIII.
871 2914 945 2970 De
985 2912 1242 2983 ineffabili
1282 2909 1509 2980 Virginis
1545 2917 1721 2978 partu.

473 3033 638 3104 Igitur
660 3030 932 3101 propriam
970 3027 1259 3098 imaginem
1306 3022 1447 3079 bello
1488 3022 1828 3076 fatiscentem
1871 3016 1976 3072 mi-

402 3135 617 3182 seratus
648 3122 896 3185 Creator,
926 3130 979 3176 et
1006 3119 1163 3175 morti
1194 3116 1466 3179 traditam,
1500 3113 1780 3169 inclinavit
1807 3112 1977 3167 eteius

893 2070 957 2121 σν.
992 2084 1011 2118 ι
1050 2065 1115 2119 Ει
1155 2066 1207 2118 in
1235 2064 1420 2117 eadem
1448 2062 1513 2116 ad
1566 2061 1817 2115 Hebraios
1846 2058 1961 2127 Epi-
2038 2072 2046 2081 '

2080 594 2218 661 τίας.
2251 597 2480 667 Ἕτερον
2522 596 2703 650 τοίνυν
2735 596 2797 650 τὸ
2826 596 2920 650 τοῦ
2966 596 3214 667 Ἀϐραὰμ
3260 597 3471 667 σπέρμα
3502 600 3627 668 παρὰ

2079 686 2169 738 τὸν
2211 687 2714 759 ἐπιλαμϐανόμενον
2753 687 2964 742 τούτου.
2994 709 3011 740 ι
3050 689 3281 761 Σπέρμα
3314 689 3370 741 δὲ
3407 690 3626 761 Ἀϐραὰμ

2079 772 2221 831 οἶδεν
2246 778 2274 831 6
2310 778 2578 849 μακάριος
2607 780 2819 843 Παῦλος
2859 780 2951 833 τὸν
2985 780 3214 851 Σωτῆρα
3254 781 3480 850 Χριστὸν
3510 782 3627 835 κατὰ

2082 868 2279 939 σάρκα·
2322 888 2340 920 ι
2363 870 2435 923 Ού
2463 870 2571 940 γὰρ
2590 867 2733 934 εἷπε,
2764 870 2915 941 φησὶ,
2940 871 3052 923 Καὶ
3082 874 3196 934 τοῖς
3234 871 3501 941 σπέρμασί
3532 889 3627 935 σου,

2080 959 2156 1023 ὡς
2181 959 2273 1013 ἐπὶ
2302 960 2530 1025 πολλῶν,
2559 962 2671 1015 ἀλλ’
2694 961 2769 1025 ὡς
2800 962 2883 1032 ἐφ’
2910 963 3047 1026 ἑνὸς,
3097 962 3210 1016 Καὶ
3272 962 3348 1033 τῷ
3379 964 3625 1033 σπέρματί

2083 1067 2197 1113 σου,
2226 1052 2283 1114 ὃς
2319 1052 2432 1105 ἐστι
2468 1052 2721 1124 Χριστός.
2754 1071 2774 1104 ι
2824 1053 2935 1106 Καὶ
2978 1052 3038 1107 τὸ
3084 1052 3407 1124 πειραθῆναι
3445 1054 3495 1107 δὲ
3526 1056 3628 1108 καθ’

2079 1142 2372 1211 ὁμοιότητα
2406 1143 2574 1214 χωρὶς
2605 1143 2901 1215 ἁμαρτίας,
2928 1143 2989 1197 ού
3014 1143 3109 1197 τοῦ
3139 1144 3275 1197 Θεοῦ
3299 1146 3468 1214 Λόγου
3495 1147 3626 1212 ἴδιον,

2080 1232 2215 1286 ἀλλὰ
2246 1233 2341 1286 τοῦ
2368 1233 2767 1304 ἀναληφθέντος
2793 1234 3125 1307 σπέρματος.

2080 1347 2208 1401 KB'.
2244 1347 2363 1400 Ὅτι
2399 1347 2630 1416 Ἰησοῦς
2679 1348 2953 1471 κιὲἐθεὸς
2982 1350 3171 1418 Λόγος
3220 1349 3320 1403 καί
3349 1350 3630 1420 ἅνθρωπος

2814 1435 2995 1471 γεται.

2814 1435 2995 1488 rem.

2154 1526 2339 1590 09mg
2365 1529 2393 1582 6
2409 1527 2681 1592 θειότατος
2699 1528 2930 1593 Παῦλος,
2961 1529 3049 1582 διὰ
3084 1530 3262 1601 πάσης
3284 1530 3386 1599 τῆς
3413 1532 3632 1585 Ἐπιστο-

2081 1620 2201 1690 λῆς,
2223 1620 2321 1684 τάς
2346 1638 2405 1674 τε
2430 1619 2538 1674 τῶν
2566 1620 2781 1689 φύσεων
2811 1620 3097 1690 ίδιότητας,
3122 1620 3215 1674 καὶ
3241 1621 3335 1675 τοῦ
3364 1622 3631 1693 προσώπου

2083 1711 2339 1783 κηρύττει
2389 1712 2487 1782 τὴν
2533 1711 2760 1765 ἕνωσιν
2795 1711 2877 1765 διδ
2909 1712 3113 1782 Ἰησοῦν
3148 1713 3383 1782 Χριστὸν
3426 1714 3515 1767 καὶ
3550 1715 3630 1768 άν-

2082 1802 2300 1874 θρωπον
2353 1804 2447 1858 καὶ
2492 1803 2623 1857 Θεὸν
2658 1804 3087 1875 προσαγορεύει⁸
3130 1824 3148 1856 ι
3183 1800 3279 1869 Εἷς
3323 1804 3451 1875 γὰρ,
3488 1808 3631 1878 φησι,

2079 1895 2281 1968 Κύριος
2313 1896 2519 1967 Ἰησοῦς
2545 1896 2801 1969 Χριστὸς.
2826 1897 2893 1949 δι’
2914 1891 2974 1951 οῦ
2998 1897 3066 1951 τὰ
3088 1897 3289 1951 πάντα.
3309 1917 3329 1949 ›
3362 1899 3470 1952 Καὶ
3495 1900 3633 1953 πάλιν

2078 1987 2328 2057 Τιμοθέῳ
2387 1986 2615 2057 γράφων
2638 2004 2653 2019 ο
2692 2006 2711 2038 ι
2740 1981 2835 2049 Εἷς
2872 1987 3130 2057 μεσίτης,
3179 1989 3346 2057 φησι,
3384 1986 3513 2040 Θεοῦ
3554 1987 3633 2040 καὶ

2080 2077 2703 2150 ἀνθρώπων,άνθρωπος
2725 2078 2960 2150 Χριστὸς
2990 2076 3195 2149 Ἰησοῦς
3216 2094 3230 2105 ·
3257 2096 3281 2129 ι
3308 2079 3403 2132 καὶ
3432 2080 3488 2132 ὲν
3517 2079 3634 2147 σὺτῇ

2076 2169 2132 2221 δὲ
2174 2170 2239 2239 τῇ
2290 2168 2429 2239 πρὸς
2462 2168 2782 2243 Ἐϐραίους·
2821 2188 2840 2221 ι
2882 2168 3091 2240 Ἰησοῦς
3125 2169 3363 2242 Χριστὸς
3402 2168 3526 2241 χθὲς
3556 2169 3636 2221 καὶ

2081 2263 2321 2333 σήμερον
2347 2264 2375 2314 6
2402 2262 2586 2326 αὐτὸς.
2611 2263 2705 2317 καὶ
2727 2263 2808 2326 είς
2838 2263 2965 2326 τοὺς
2988 2262 3190 2326 αἰῶνας
3209 2279 3223 2294 ·
3252 2282 3270 2315 ι
3303 2264 3401 2316 καὶ
3425 2262 3577 2324 ἄλλας
3598 2260 3636 2313 δ’

2079 2351 2144 2405 ἄν
2166 2369 2247 2415 τις
2273 2351 2532 2423 ἐθελήσας
2556 2350 2707 2421 εὖροι
2739 2352 2939 2423 μυρίας
2970 2351 3274 2423 μαρτυρίας
3300 2353 3369 2405 ὲκ
3391 2352 3487 2423 τῆς
3507 2350 3639 2414 θείας

2078 2441 2303 2512 Γραφῆς
2330 2441 2426 2494 τὸν
2464 2441 2670 2494 τέλειον
2690 2441 2976 2511 ἄνθρωπον
3006 2440 3409 2513 κηρυττούσας,
3435 2441 3638 2494 καὶτῶν

2078 2531 2370 2601 αἱρετικῶν
2393 2530 2719 2601 ὲλεγχούσας
2740 2529 2839 2600 τὴν
2862 2529 3069 2585 ἄνοιαν.
3096 2529 3236 2583 Ἀλλ’
3258 2531 3394 2599 ήμῖν
3415 2531 3475 2583 οὒ
3495 2530 3638 2601 σχολὴ

2076 2620 2249 2675 ταῦτα
2280 2621 2559 2688 συλλέγειν
2596 2622 2687 2675 ἐπὶ
2715 2620 2809 2675 ⁴τοῦ
2854 2621 3139 2691 παρόντος.
3179 2621 3306 2683 Τοῖς
3356 2621 3639 2691 φιλοπόνοις

2077 2710 2257 2763 τοίνυν
2279 2710 2369 2763 τὸν
2399 2710 2558 2765 πόνον
2583 2709 2769 2763 τοῦτον
2793 2709 3202 2775 καταλιπόντες,
3222 2713 3389 2780 ἡμεῖς
3413 2713 3508 2782 τῆς
3532 2726 3641 2781 προ-

2078 2800 2336 2872 κειμένης
2370 2802 2753 2873 πραγματείας
2781 2800 3054 2873 ἐχώμεθα.

2077 2912 2205 2966 Kl".
2240 2913 2377 2981 Περὶ
2403 2912 2513 2982 τῆς
2533 2913 2795 2983 ἀρῤήτου
2820 2913 2931 2983 τῆς
2956 2913 3264 2983 Παρθένου
3290 2913 3640 2984 πτννήσεως.

2149 3024 2447 3095 Τοιγαροῦν
2491 3024 2587 3097 τὴν
2637 3026 2842 3079 οἰκείαν
2894 3029 3076 3081 εἰκόνα
3131 3026 3546 3098 πολεμουμένην
3573 3025 3640 3078 oi-

2079 3115 2301 3185 κτείρας
2348 3116 2375 3167 ὁ
2410 3114 2667 3185 Ποιητής,
2714 3115 2809 3167 καὶ
2863 3114 3077 3187 θανάτῳ
3121 3115 3640 3186 παραπεμπομένην,

403 3226 457 3271 et
479 3213 756 3270 descendit
775 3212 842 3277 ",
876 3209 1017 3266 haud
1044 3223 1175 3261 sane
1204 3206 1379 3261 locum
1410 3213 1647 3268 mutans,
1673 3216 1846 3270 neque
1868 3200 1975 3255 alio

2083 3205 2287 3259 ἔκλινεν
2339 3206 2622 3278 οὐρανοὺς,
2652 3207 2748 3259 καὶ
2773 3207 3000 3277 κατέϐη,
3056 3208 3117 3261 οὐ
3161 3208 3253 3261 τὸν
3291 3208 3459 3261 τόπον
3502 3207 3641 3276 ἀμεί-

405 3320 465 3359 se
495 3302 863 3367 transferens;
893 3298 1093 3354 etenim
1122 3296 1303 3351 omnia
1334 3294 1546 3365 implet;
1596 3296 1704 3348 imo
1734 3291 1976 3347 infinitus

405 3405 511 3461 est,
560 3396 707 3449 nullo
766 3392 996 3448 termino
1046 3390 1493 3460 comprehensus,
1544 3395 1845 3452 cuncta,ut
1902 3384 1977 3438 ait

405 3489 689 3558 prepheta,
725 3502 883 3540 manu
937 3484 1221 3539 continens
1264 3499 1277 3535 :
1314 3499 1333 3531 ι
1370 3479 1501 3547 Quis
1560 3479 1727 3543 enim,
1780 3477 1974 3546 inquit,

410 3592 628 3634 mensus
659 3586 741 3631 est
772 3592 928 3630 manu
976 3591 1072 3629 sua
1125 3588 1315 3641 aquas,
1360 3581 1414 3626 et
1447 3568 1641 3626 caelum
1692 3568 1889 3639 palmo,
1924 3577 1979 3622 et

407 3672 714 3725 universam
742 3679 937 3721 terram
963 3666 1219 3735 pugillo"
1243 3665 1266 3717 ?
1291 3684 1309 3715 ι
1334 3663 1571 3731 Itemque
1587 3661 1777 3715 David:
1799 3678 1817 3711 t
1842 3659 1975 3725 Quia

406 3762 462 3816 in
499 3777 659 3815 tnantt
707 3760 823 3827 ejus
853 3771 980 3813 sunt
1024 3773 1211 3812 omnes
1260 3756 1392 3811 lines
1419 3752 1666 3809 terrae".
1702 3770 1720 3803 ι
1757 3751 1822 3805 Et
1864 3751 1987 3829 ipsq

410 3852 551 3909 Deus
578 3868 673 3922 per
719 3852 1031 3920 prophetam
1080 3868 1092 3902 :
1140 3868 1157 3900 ι
1189 3847 1392 3903 Caelum
1443 3846 1601 3900 sedes
1657 3859 1796 3906 mea,
1836 3852 1977 3896 terra

408 3957 585 4004 autem
614 3945 903 4001 seabellum
933 3944 1124 4011 pedum
1167 3956 1407 3996 meorum
1439 3938 1507 3993 ⁷⁵.
1547 3957 1564 3991 ι
1587 3939 1725 4007 Ergo
1759 3936 1980 4008 335m

410 4043 727 4094 descensum
792 4034 1305 4091 eondesceusionem
1369 4031 1547 4101 potius
1586 4031 1976 4085 existimemus.

411 4128 692 4184 Inclinavit
716 4128 897 4197 itaque
921 4124 1089 4181 cmlos
1116 4131 1171 4177 et
1200 4123 1498 4183 descendit,
1527 4131 1581 4176 et
1608 4121 1851 4191 virgineo
1883 4120 1979 4174 de-

2075 3298 2203 3367 ψας,
2228 3298 2335 3351 οὐδ’
2358 3298 2591 3368 ἑτέρωσε
2623 3298 2879 3369 μεταϐὰς
2902 3298 3100 3371 πληροῖ
3124 3297 3231 3369 γὰρ
3256 3299 3328 3352 τά
3353 3297 3643 3369 σύμπαντα,

2080 3390 2281 3460 μᾶλλον
2314 3391 2371 3443 δὲ
2397 3390 2624 3461 ἄπειρός
2664 3392 2815 3455 ἐστι,
2855 3391 2950 3443 καὶ
2992 3388 3298 3461 ἀχώρητος,
3348 3390 3442 3443 καὶ
3486 3389 3645 3441 πάντα

2077 3480 2383 3551 ἐχων,κατὰ
2404 3480 2492 3533 τὸν
2510 3482 2813 3551 προφήτην,
2834 3482 2890 3533 ὲν
2910 3483 2976 3552 τῇ
2997 3481 3299 3551 χειρί.ιΤίς
3322 3480 3454 3551 γὰρ,
3478 3480 3644 3548 φησὶν.

2078 3574 2350 3645 ἐμέτρησε
2379 3574 2445 3642 τῇ
2480 3573 2623 3643 χειρὶ
2668 3566 2833 3626 αὐτοῦ
2878 3573 2938 3625 τὸ
2983 3572 3145 3643 ὕδωρ,
3177 3571 3271 3623 καὶ
3306 3573 3404 3623 τὸν
3437 3569 3647 3639 οὐρανὸν

2081 3664 2359 3737 σπιθαμῇ,
2405 3668 2499 3718 καὶ
2534 3667 2715 3719 πᾶσαν
2744 3664 2841 3735 τὴν
2884 3665 2987 3734 γῆν
3016 3662 3210 3733 δρακίς
3238 3681 3255 3715 ι
3297 3663 3415 3715 Καὶ
3452 3660 3648 3714 πάλινὸ

2079 3758 2240 3811 Δαϐίδ
2259 3775 2272 3788 ·
2303 3777 2322 3810 ι
2350 3759 2471 3812 ’Ὁτι
2502 3760 2558 3811 ὲν
2582 3761 2649 3829 τῇ
2678 3758 2819 3829 χειρὶ
2840 3755 3004 3810 αὑτοῦ
3031 3756 3100 3809 τὰ
3129 3756 3348 3828 πέρατα
3376 3756 3474 3825 τῆς
3502 3753 3641 3822 γῆς.»

2080 3850 2189 3903 Καὶ
2215 3850 2375 3914 αὐτὸς
2402 3850 2458 3903 δὲ
2487 3853 2515 3905 6
2546 3850 2678 3915 Θεδς
2704 3848 2790 3903 διὰ
2819 3850 2914 3903 τοῦ
2943 3850 3220 3920 προφήτου
3243 3863 3255 3876 ·
3301 3867 3320 3899 ι
3351 3849 3413 3901 '0
3440 3844 3647 3917 οὐρανός

2082 3942 2440 4014 μου’θρόνος,
2481 3944 2516 4014 ή
2566 3943 2621 3996 δὲ
2667 3944 2737 4013 γῆ
2775 3943 3063 3996 ὑποπόδιον
3111 3941 3220 3994 τῶν
3253 3941 3439 3993 ποδῶν
3490 3957 3599 4009 μου.
3627 3957 3642 3987 ι

2081 4034 2289 4089 Οὐκοῦν
2303 4035 2399 4106 τὴν
2422 4035 2721 4089 κατάϐασιν
2738 4036 3020 4105 νοήσωμεν
3037 4033 3473 4101 συγκατάϐασιν·
3494 4030 3646 4084 ἔκλινε

2080 4126 2260 4180 τοίνυν
2289 4127 2571 4197 οὐρανοὺς,
2611 4128 2705 4180 καὶ
2753 4127 2978 4195 κατέϐη,
3010 4126 3104 4179 καὶ
3139 4125 3483 4196 παρθενικὴν
3513 4123 3647 4176 έκλι-

410 4222 552 4276 lecto
580 4229 734 4275 utero
775 4232 977 4274 sancta:
1016 4215 1203 4287 puellae
1248 4225 1408 4285 atque
1452 4215 1503 4269 in
1543 4224 1687 4269 recta
1721 4213 1976 4283 religione

2083 4218 2315 4288 ξάμενος
2348 4217 2507 4289 νηδὺν
2531 4218 2697 4290 κόρης
2734 4218 2896 4287 ἁγίας
2925 4218 3018 4271 καὶ
3051 4217 3308 4289 εὐσεϐείᾳ
3336 4215 3646 4287 συντεθραμ-

411 4313 645 4377 nutritas,
675 4311 918 4379 angelica
946 4324 1078 4364 voce
1105 4316 1315 4377 partum
1339 4307 1751 4376 prmnuntiante,
1775 4312 1829 4359 et
1851 4319 1976 4360 con-

2086 4310 2278 4381 μένης,
2307 4308 2376 4363 δι’
2400 4309 2699 4379 άγγελικῆς
2728 4310 2911 4379 φωνῆς
2952 4308 3047 4361 τὸν
3095 4308 3255 4361 τόκον
3309 4305 3647 4380 προμηνυσά-

411 4404 674 4473 eeptionis
708 4402 972 4458 rationem
1019 4409 1174 4455 antea
1207 4398 1533 4468 explicante,
1568 4396 1976 4466 virgineumque

2086 4418 2206 4473 σης,
2238 4402 2332 4456 καὶ
2356 4401 2459 4470 τῆς
2487 4401 2799 4473 συλλήψεως
2842 4401 2935 4456 τὸν
2961 4400 3164 4473 τρόπον
3211 4395 3647 4472 προερμηνευσάι

410 4509 666 4566 pavorem
706 4509 769 4549 ea
816 4492 1181 4548 declaratione
1223 4491 1498 4553 solvente,
1546 4491 1821 4558 proprium
1875 4486 1976 4542 sibi

2088 4507 2208 4560 σης,
2246 4492 2342 4546 καὶ
2382 4493 2480 4563 τῆς
2513 4492 2807 4563 παρθενίας
2837 4493 2928 4545 τὸν
2972 4492 3136 4562 φόϐον
3164 4495 3231 4563 τῇ
3269 4492 3537 4563 ἑρμηνεία
3567 4489 3647 4539 λυ-

412 4586 544 4640 facit
571 4593 956 4654 comparatque
981 4582 1260 4650 templum,
1303 4590 1358 4636 et
1394 4596 1569 4649 neque
1600 4593 1771 4635 satam
1806 4594 1976 4649 neque

2087 4585 2280 4655 σάσης,
2304 4584 2653 4648 εἰσοικίζεταί
2672 4602 2752 4650 τε,
2779 4586 2872 4638 καὶ
2893 4584 3019 4639 ναὸν
3040 4583 3217 4654 ἐαυτῷ
3237 4579 3649 4645 κατασκευάζει.

414 4678 523 4731 ullo
557 4677 700 4731 cnltn
734 4675 1048 4743 dispositam
1078 4673 1181 4728 sibi
1216 4672 1415 4727 format
1447 4672 1733 4726 stationem
1772 4689 1785 4725 :
1824 4670 1976 4725 sicuti

2083 4676 2180 4727 καὶ
2206 4676 2306 4746 τὴν
2334 4678 2636 4746 ἄσπαρτον,
2665 4677 2759 4729 καὶ
2784 4676 3046 4746 ἁνήροτον
3076 4676 3284 4746 σκηνὴν
3315 4674 3646 4729 διαπλάττειο

412 4766 503 4822 ille
537 4769 626 4834 qui
678 4764 883 4832 primus
914 4761 1103 4817 serviit
1132 4770 1390 4830 ,peccato,
1433 4760 1550 4814 sine
1592 4769 1744 4829 patre
1785 4760 1976 4825 fuerat,

2084 4765 2273 4837 ἐπειδὴ
2316 4767 2346 4819 6
2382 4765 2613 4837 πρώτως
2654 4766 2948 4831 δουλεύσας
2990 4770 3056 4838 τῇ
3108 4765 3394 4837 ἁμαρτίᾳ,
3442 4765 3650 4831 ἀπάτωρ

412 4872 683 4923 unamque
712 4854 943 4908 habebat
969 4863 1167 4908 terram
1194 4862 1442 4907 matrem.
1490 4870 1509 4903 ι
1551 4849 1791 4920 Sumpsit
1815 4852 1976 4915 enim,

2083 4855 2364 4926 ἐτύγχανε,
2404 4856 2617 4927 μητέρα
2644 4856 2701 4910 δὲ
2746 4856 2916 4927 μόνην
2951 4850 3065 4927 εἶχε
3088 4857 3188 4927 τὴν
3229 4860 3344 4927 γῆν
3370 4874 3386 4887 ο
3439 4853 3649 4908 ιἘλαϐε

415 4948 613 5016 inquit,
657 4948 797 5001 Deus
844 4944 1113 5014 pulverem
1144 4945 1211 4998 de
1249 4955 1413 5011 terra,
1454 4945 1837 5013 hominemque
1868 4944 1982 4998 for-

415 5042 582 5094 mavit
610 5040 676 5092 ⁷⁸.
716 5057 735 5090 ι
774 5036 1131 5103 Quamobrem
1161 5038 1352 5092 beatus
1380 5052 1593 5107 quoque
1634 5036 1830 5091 Paulus
1859 5037 1936 5091 ait
1961 5051 1978 5090 :

420 5149 438 5180 ι
481 5130 692 5183 Primus
720 5130 880 5183 homo
909 5130 973 5183 de
1008 5138 1149 5183 terra
1199 5137 1481 5194 terrenus;
1519 5130 1786 5183 secundus
1819 5128 1981 5183 homo

417 5223 673 5277 Dominus
698 5221 763 5273 de
796 5220 934 5275 emlo
960 5220 1027 5274 ⁷⁸.
1067 5239 1085 5271 ι
1128 5218 1298 5289 Hujus
1327 5222 1403 5273 rei
1438 5223 1610 5289 gratia
1642 5220 1978 5289 unigenitum

416 5312 509 5368 Dei
545 5310 779 5366 Verbum
806 5327 873 5365 ex
917 5310 1029 5365 sola
1061 5311 1283 5380 Virgine
1313 5312 1589 5365 materiam
1641 5311 1855 5363 fabrica!
1886 5327 1979 5366 sn-

416 5418 591 5467 meus,
621 5410 782 5471 atque
815 5402 885 5455 ita
914 5401 1252 5455 illaboratum
1285 5401 1523 5455 formans
1554 5404 1827 5469 templum.
1856 5402 1987 5455 sibi-

2085 4945 2216 5017 γὰρ,
2236 4945 2421 5016 φησὶν,
2442 4948 2470 4999 ὁ
2493 4945 2625 5009 Θεὸς
2644 4944 2773 5015 χοῦν
2805 4947 2915 5001 ἀπὸ
2935 4947 3033 5018 τῆς
3059 4946 3192 5016 γῆς,
3217 4947 3319 5001 καὶ
3360 4946 3558 5001 ἔπλασε
3577 4943 3650 4996 τὸν

2084 5036 2391 5107 ἄνθρωπον.
2412 5055 2429 5087 ι
2467 5036 2557 5089 Διὸ
2588 5036 2680 5089 καὶ
2702 5038 2731 5091 6
2776 5037 3044 5109 μακάριος
3090 5036 3304 5099 Παῦλός
3337 5054 3536 5107 φησιν·
3569 5034 3651 5085 «Ὁ

2086 5128 2302 5200 πρῶτος
2332 5128 2616 5200 ἄνθρωπος
2651 5131 2715 5183 ὲκ
2754 5130 2858 5199 γῆς
2887 5129 3090 5200 χοῖκὸς,
3118 5130 3146 5182 6
3171 5128 3439 5200 δεύτερος
3470 5127 3653 5199 ἄνθρω-

2090 5238 2189 5283 πος
2214 5222 2243 5274 ὁ
2275 5219 2480 5290 Κύριος
2514 5220 2572 5285 ἐξ
2601 5219 2852 5290 οὐρανοῦ.
2881 5239 2900 5273 ι
2934 5220 3137 5274 Τούτου
3171 5219 3343 5291 χάριν
3377 5222 3409 5274 6
3452 5236 3649 5291 μονογε-

2087 5310 2185 5381 νὴς
2222 5310 2318 5364 τοῦ
2348 5310 2483 5364 Θεοῦ
2514 5311 2684 5379 Λόγος
2727 5312 2793 5365 ὲκ
2825 5310 2995 5382 μόνης
3034 5310 3318 5379 Παρθένου
3366 5310 3469 5376 τὰς
3507 5314 3652 5381 ἀφορ·

2086 5400 2192 5471 μὰς
2217 5399 2398 5455 λαϐὼν
2425 5401 2523 5471 τῆς
2548 5400 2913 5465 διαπλάσεως,
2936 5401 3032 5453 καὶ
3060 5400 3233 5470 τούτῳ
3258 5399 3343 5472 τῷ
3369 5404 3559 5473 τρόπῳ
3580 5401 3653 5453 τὸν

415 5506 521 5559 que
563 5493 777 5554 uniens,
823 5492 996 5560 prodit
1040 5506 1104 5545 ex
1161 5489 1397 5560 Virgine,
1436 5491 1577 5546 haud
1627 5493 1878 5559 equidem
1934 5493 1976 5544 in

2083 5490 2434 5563 ἀγεώργητον
2460 5493 2871 5563 δημιουργήσας
2894 5492 3041 5557 ναὸν,
3070 5492 3165 5547 καὶ
3192 5492 3384 5563 ἐαυτῷ
3412 5492 3650 5561 συνάψας.

417 5593 676 5651 conceptu
733 5583 948 5638 solvens
996 5583 1293 5653 virgineam
1350 5600 1563 5649 zonam,
1625 5599 1798 5655 neque
1850 5586 1976 5639 hanc

2087 5586 2332 5656 πρόεισιν
2356 5586 2420 5639 ἐκ
2450 5586 2546 5656 τῆς
2572 5585 2870 5657 Παρθένου,
2896 5587 2956 5639 οῦ
2981 5585 3149 5650 λύσας
3176 5587 3240 5656 τῇ
3279 5587 3550 5658 συλλήψει
3574 5583 3652 5652 τὴν

486 5737 530 5767 ’δ
564 5734 724 5789 llehr.
760 5752 835 5793 tv.
860 5737 944 5791 15.
1021 5738 1065 5768 "
1088 5738 1260 5794 Galat.
1287 5756 1368 5798 ιιι.
1390 5741 1469 5796 16.
1546 5742 1589 5773 "
1617 5740 1897 5804 lCor.\'ttI,
1925 5742 1976 5795 6.

417 5804 460 5834 "
492 5802 597 5861 lsu.
631 5818 716 5861 ιι..
756 5808 836 5861 12.
916 5810 959 5839 ⁷³
991 5807 1133 5861 Psal.
1171 5828 1312 5861 χειν.
1346 5814 1395 5861 ι.
1472 5814 1515 5842 7"
1546 5811 1643 5861 lsa.
1682 5828 1800 5861 L\\'l
1852 5827 1886 5861 ι.
1966 5816 1976 5841 ⁷

2083 5742 2098 5770 °
2131 5739 2146 5791 ί
2176 5740 2316 5794 Tim.
2345 5756 2410 5801 tt,
2437 5740 2489 5794 5.
2547 5739 2593 5769 ⁷ο
2624 5737 2785 5792 llehr.
2818 5756 2935 5802 xm.
2957 5740 3010 5794 8.
3089 5742 3128 5773 τ’
3158 5738 3197 5795 ll
3223 5739 3368 5813 Reg.
3404 5756 3544 5805 nu,
3580 5736 3647 5793 10.

2085 5827 2168 5861 en-
2199 5828 2253 5861 ιι.
2287 5813 2336 5861 7.
2415 5811 2459 5841 "‘
2488 5810 2504 5861 l
2530 5810 2655 5861 Cor.
2688 5826 2771 5861 xv.
2804 5809 2889 5861 47.

518 5823 597 5859 sa.
631 5818 716 5871 ιι,
756 5808 836 5861 12.
916 5810 959 5839 ⁷³
991 5807 1133 5863 Psal.
1171 5828 1312 5878 XCIV,
1346 5814 1395 5866 γι.
1472 5814 1515 5842 7"
1546 5811 1643 5869 lsa.
1682 5828 1822 5874 un,
1852 5827 1886 5866 ι.
1966 5816 1976 5841 ⁷

2085 5827 2169 5869 eu.
2199 5828 2253 5877 ιι,
2287 5813 2336 5865 7.
2415 5811 2459 5841 ⁷⁸
2488 5810 2504 5865 Ι
2530 5810 2655 5863 Cor.
2688 5826 2771 5873 xv,
2804 5809 2889 5863 i7.
