3856 6212
412 360 553 415 1465

1408 345 1467 402 S.
1510 343 1783 401 CYRILLI
1822 338 2289 397 ALEXANDRINI
2327 338 2653 399 ARCHIEP.

3545 345 3666 403 1464

412 481 768 537 monstratur,
798 467 1014 525 ducitur
1046 468 1105 523 in
1140 467 1416 524 desertum
1449 467 1599 522 velut
1630 466 1698 521 ad
1740 464 1986 521 idoneam

2102 461 2234 533 δάνῃ
2263 461 2577 534 βάπτισμα,
2603 464 2785 518 δίδωσι
2820 463 2975 528 τέλος
3005 465 3081 536 τῷ
3109 466 3279 537 νόμῳ,
3313 466 3407 519 καὶ
3441 465 3541 539 τὴν
3577 465 3663 520 θύ·

411 566 701 635 quamdam
746 561 1093 633 palmstram,
1144 568 1200 616 et
1242 558 1450 629 ieiunat
1488 557 1708 629 837m
1750 556 1991 626 quidem,

414 673 522 713 non
551 666 731 713 tamen
760 653 900 709 ultra
925 660 1131 708 natura:
1152 662 1499 715 mensuram;
1525 658 1580 704 et
1606 648 1749 704 vesci
1773 646 1992 719 quidem

412 748 584 818 cupit,
624 745 977 802 nihilominus
1016 741 1314 814 appetitum
1356 740 1596 805 cohibet,
1625 753 1800 809 neque
1834 738 1992 794 volu-

414 837 654 908 ptatibus
681 836 870 891 servit.
905 833 972 889 Et
1002 832 1161 888 famis
1188 831 1407 903 quidem
1447 845 1611 886 causa
1634 829 1872 886 concitat
1897 828 1997 885 ad-

415 926 715 981 versarium
742 926 806 980 ad
837 924 1060 990 luctam,
1091 936 1251 993 quem
1274 930 1454 977 tamen
1486 921 1720 975 humana
1754 920 1993 989 philoso-

416 1018 541 1088 phia
587 1025 832 1089 superat,
876 1032 984 1073 non
1037 1014 1339 1070 divinitatis
1378 1021 1680 1083 potestate;
1735 1012 1992 1078 luctatur,

413 1119 652 1178 superat,
677 1109 869 1173 vincit,
898 1108 1167 1179 proﬂigat,
1195 1106 1533 1178 tyrannidem
1549 1104 1818 1168 dissolvit,
1842 1102 1995 1159 inlir-

413 1201 658 1256 mitatem
691 1200 836 1256 illius
882 1200 1239 1264 demonstrat,
1269 1197 1584 1266 clademque
1610 1195 1935 1265 depraedicat
1974 1208 1991 1249 :

418 1311 438 1347 ι
461 1293 748 1359 Conﬁdite,
772 1292 967 1369 inquit,
996 1307 1096 1363 ego
1114 1290 1216 1346 vici
1239 1290 1498 1345 mundum
1522 1289 1602 1341 ἐξ
1628 1308 1647 1340 ι
1680 1299 1911 1343 cunctos
1926 1286 1993 1341 ad

412 1387 665 1441 virtutem
694 1386 958 1449 hortatur,
979 1383 1279 1440 divinorum
1304 1384 1613 1452 dogmatum
1634 1379 1842 1435 tabulas
1858 1395 1994 1435 eon-

412 1478 514 1545 dit,
548 1476 856 1532 nuntiatum
886 1490 982 1532 ore
1015 1476 1295 1546 propheta:
1340 1473 1749 1530 Testamentum
1793 1487 1989 1527 novum

415 1568 581 1624 tradit
605 1569 674 1635 7’,
694 1568 955 1624 caelorum
984 1582 1212 1637 regnum
1235 1566 1523 1637 promittit,
1559 1563 1718 1620 ofﬁcii
1745 1559 2023 1620 contem-'

414 1660 659 1731 ptoribus
685 1661 945 1731 gehennae
985 1661 1161 1731 ignem
1198 1658 1580 1716 comminatur.

2105 572 2203 627 ραν
2236 555 2517 624 ὑπανοίγει
2542 556 2643 627 τῆς
2670 558 2913 628 χάριτος,
2940 558 3047 613 ὑπὸ
3076 558 3173 614 τοῦ
3199 561 3415 630 [ἰατρὸς
3447 560 3664 633 οὐρανό-

2101 646 2194 699 θεν
2250 638 2706 719 ἀνακηρύττεται,
2760 651 2829 721 τῇ
2879 651 3155 723 παρουσίᾳ
3206 650 3301 706 τοῦ
3360 650 3665 722 Πνεύματος

2098 738 2402 806 δείκνυται,
2434 741 2699 809 ἀνάγεται
2728 744 2808 807 είς
2830 742 2929 816 τὴν
2960 743 3170 816 ἔρημον
3197 743 3274 810 ώς
3297 744 3380 810 είς
3407 745 3667 816 ἀρμοδίαν

2091 830 2215 886 τινὰ
2250 831 2594 904 παλαίστραν
2634 834 2741 888 ὑπὸ
2788 834 2885 889 τοῦ
2923 835 3265 908 Πνεύματος,
3299 837 3393 891 καὶ
3425 838 3667 907 νηστεύει

2093 924 2238 995 μὲν,
2288 926 2353 983 οὐ
2412 925 2555 998 πέρα
2611 927 2671 981 δὲ
2719 928 2827 981 τῶν
2881 928 3097 1000 μέτρων
3145 929 3249 999 τῆς
3293 931 3531 999 φύσεως,
3576 930 3668 983 καὶ

2090 1017 2295 1089 τροφῆς
2329 1018 2430 1089 μὲν
2460 1018 2701 1089 ἐφίεται,
2748 1020 2885 1076 ἀλλά
2931 1022 3126 1093 κρατεῖ
3167 1022 3268 1093 τῆς
3309 1022 3542 1092 ὀρέξεως
3566 1064 3581 1090 ,
3609 1022 3667 1076 ού

2090 1109 2334 1165 δουλεύει
2376 1114 2497 1175 ταῖς
2538 1112 2781 1183 ἡδοναῖς’
2832 1114 2929 1169 καὶ
2972 1114 3133 1169 καλεῖ
3178 1114 3279 1185 μὲν
3303 1118 3368 1187 τῇ
3395 1116 3556 1187 πείνῃ
3583 1115 3669 1177 τὸν

2092 1200 2388 1255 ἀντίπαλον
2442 1204 2523 1266 είς
2570 1203 2671 1277 τὴν
2728 1205 2948 1277 πάλην,
3015 1207 3354 1278 περιγίνεται
3397 1208 3456 1261 δὲ
3508 1208 3669 1263 αὑτοῦ

2094 1291 2414 1366 ἀνθρωπίνῃ
2462 1294 2750 1368 φιλοσοφίᾳ
2775 1339 2790 1362 ,
2840 1298 2955 1352 ἀλλ’
3004 1299 3106 1353 οὐκ
3146 1298 3366 1370 ἐξουσίᾳ
3402 1300 3669 1371 θεότητος,

2094 1381 2429 1450 ἀγωνίζεται
2455 1425 2471 1451 ,
2516 1387 2946 1455 καταγωνίζεται
2969 1429 2986 1453 ,
3028 1391 3157 1460 νικᾷ
3180 1429 3195 1453 ,
3229 1390 3503 1457 ἐξελαύνει
3528 1432 3545 1452 .
3576 1392 3671 1463 τὴν

2095 1474 2387 1543 τυραννίδα
2417 1478 2679 1531 καταλύει
2698 1519 2714 1540 .
2761 1480 2821 1533 τὸ
2844 1480 3069 1546 ἀσθενὲς
3094 1482 3305 1553 ἐλέγχει
3329 1525 3345 1547 ,
3380 1485 3482 1555 τὴν
3508 1478 3672 1555 ἧτταν

2099 1562 2365 1634 κηρύττει
2384 1581 2397 1595 ·
2438 1585 2456 1617 ι
2489 1567 2754 1638 Θαρσεῖτε
2778 1569 2911 1641 γὰρ,
2945 1572 3128 1642 φησὶν,
3165 1570 3276 1640 ἐγὼ
3301 1573 3563 1644 νενίκηκα
3586 1574 3673 1625 τὸν

2098 1656 2307 1728 κόσμον
2348 1674 2363 1690 ο
2422 1677 2442 1711 ι
2488 1662 2795 1733 προτρέπει
2859 1664 3069 1728 πάντας
3130 1666 3209 1728 εἰς
3272 1666 3509 1739 ἀρετὴν,
3580 1668 3675 1737 τὴν

416 1750 735 1823 νομοθεσίαν
764 1752 872 1809 τῶν
905 1751 1068 1807 θείων
1113 1750 1399 1822 δογμάτων
1437 1752 1601 1815 ποιεῖ,
1642 1750 1743 1821 τὴν
1801 1749 1892 1803 διά
1926 1749 2023 1803 τοῦ
2069 1751 2357 1823 προφήτου
2406 1753 2830 1827 ἐπηγγελμένην
2874 1757 3073 1829 καινὴν
3098 1758 3375 1832 Διαθήκην
3438 1760 3674 1822 δίδωσιν.

413 1840 659 1917 οὐρανῶν
725 1845 1007 1917 βασιλείαν
1061 1845 1425 1916 ὑπισχνεῖται,
1478 1847 1589 1909 τοῖς
1618 1843 1911 1916 ἀμελοῦσιν
1950 1843 2166 1899 ἀπειλεῖ
2190 1844 2290 1915 τῆς
2311 1845 2538 1918 γεέννης
2569 1847 2669 1920 τὴν
2693 1846 2888 1934 φλόγα.

473 1957 643 2015 XXV.
682 1956 1088 2027 Compendiaria
1117 1959 1516 2040 Dominicorum
1545 1958 1930 2014 miraculorum

1072 2041 1331 2086 narratio.

484 2146 653 2201 Dictis
680 2145 844 2200 fidem
881 2143 1016 2200 facit
1040 2145 1229 2215 grandi
1262 2152 1473 2214 patrato
1501 2142 1782 2209 miraculo,
1809 2142 1995 2198 vinum

418 2252 609 2307 nempe
639 2236 780 2291 nulla
805 2235 1013 2291 cultura
1040 2236 1366 2306 acquisitum
1400 2236 1599 2305 nuptiis
1623 2236 1994 2307 suppeditans,

415 2323 599 2377 vinum
636 2323 754 2377 sine
790 2322 1101 2392 palmitibus
1148 2340 1216 2379 ex
1262 2340 1403 2396 aqua
1457 2326 1777 2390 conﬁciens,
1809 2327 1995 2381 vinum

416 2412 620 2482 absque
654 2426 763 2473 nva
807 2411 1118 2483 nuptiarum
1147 2414 1394 2469 convivis
1426 2413 1682 2484 largiens,
1716 2416 1769 2469 in
1811 2417 1994 2471 vinum

419 2510 633 2556 mutans
665 2515 926 2572 aquarum
965 2512 1237 2568 naturam,
1279 2504 1425 2558 nulla
1468 2505 1861 2563 interveniente
1888 2509 1997 2565 vite

418 2591 699 2647 humorem
740 2605 899 2650 terrae
928 2596 1269 2663 deprzedans,
1314 2606 1476 2666 atque
1526 2598 1598 2653 ita
1634 2602 1848 2668 nuptias
1890 2616 1994 2655 non

417 2682 699 2751 praesentia
726 2685 1119 2751 tantummodo,
1155 2701 1338 2741 verum
1358 2689 1520 2743 etiam
1550 2691 1795 2759 prodigio
1826 2691 1997 2748 bono—

420 2788 566 2827 raus.
601 2771 734 2828 Nam
770 2775 896 2846 quia
924 2777 1037 2845 ipse
1058 2776 1123 2832 de
1149 2776 1389 2848 virginea
1422 2780 1577 2835 vulva
1613 2784 1907 2850 prodierat,
1939 2793 1995 2840 et

418 2864 781 2934 virginitatem
817 2881 914 2921 usu
957 2867 1174 2936 proprio
1206 2877 1262 2923 et
1294 2870 1475 2925 verbis
1502 2872 1817 2940 extollebat,
1849 2875 1996 2930 caeli-

415 2956 706 3025 batumque
730 2971 893 3027 opere
932 2973 996 3013 ac
1037 2961 1381 3018 sermonibus
1418 2962 1741 3031 honorabat,
1779 2982 1844 3021 ne
1874 2969 1995 3037 quis

420 3047 559 3103 forte
611 3048 921 3119 coniugium
960 3051 1394 3120 intemperantiae
1442 3053 1561 3110 loco
1603 3056 1848 3123 haberet,
1891 3075 1994 3115 nu-

417 3138 667 3208 ptiasque
713 3153 811 3193 ceu
865 3139 1080 3196 illicitas
1126 3143 1456 3211 traduceret,
1503 3146 1717 3214 nuptias
1743 3147 1992 3204 honestat

2025 1944 2069 1999 Β
2100 1958 2228 2015 ΚΕ’.
2282 1961 2592 2032 Σύνεομος
2628 1962 2749 2018 τῶν
2784 1964 3168 2037 Δεσποτικῶν
3216 1967 3538 2037 θαυμάτων
3592 1970 3676 2025 διο

2767 2034 3008 2106 amour.

2151 2144 2465 2201 ’Πιστοῦται
2503 2146 2573 2203 τὰ
2597 2147 2868 2219 λεγόμενα
2891 2153 2959 2221 τῇ
2986 2151 3199 2226 μεγάλῃ
3239 2152 3674 2227 Θαυματουργίᾳ,

2096 2233 2239 2294 οἶνον
2270 2241 2626 2314 ἀγεώργητον
2653 2243 2732 2315 τῷ
2761 2246 2925 2316 γάμῳ
2946 2245 3311 2319 δωρούμενος,
3342 2243 3487 2302 οἶνον
3510 2250 3678 2322 χωρὶς

2096 2332 2394 2403 κλημάτων
2425 2334 2485 2399 ἐξ
2523 2335 2714 2400 ὕδατος
2747 2337 3136 2409 ἐργαζόμενος,
3182 2334 3326 2393 οἶνον
3366 2340 3679 2410 ἀστάφυλσν

2096 2426 2209 2487 τοῖς
2254 2422 2351 2477 τοῦ
2401 2424 2581 2495 γάμου
2621 2425 2909 2498 δαιτυμόσι
2965 2427 3348 2501 χαριζόμενος,
3401 2431 3483 2495 εἰς
3536 2426 3679 2486 οἶνον

2099 2514 2425 2586 μεταϐαλὼν
2457 2518 2566 2571 τῶν
2587 2518 2795 2573 ὑδάτων
2822 2520 2924 2591 τὴν
2950 2520 3135 2590 φύσιν,
3172 2522 3246 2595 μὴ
3282 2525 3681 2597 μεσιτευούσης

2097 2606 2346 2676 ἀμπέλου
2372 2647 2388 2673 ,
2418 2608 2516 2663 καὶ
2558 2609 2659 2681 τῆς
2697 2610 2804 2681 γῆς
2836 2611 2937 2684 τὴν
2984 2613 3166 2668 νοτίδα
3205 2615 3468 2686 συλήσας,
3502 2618 3680 2687 τιμῶν

2095 2698 2187 2753 τὸν
2217 2699 2396 2770 γάμον
2427 2701 2488 2755 ού
2515 2704 2582 2773 τῇ
2633 2702 2910 2775 παρουσίᾳ
2938 2703 3121 2774 μόνον,
3148 2704 3285 2760 ἀλλά
3315 2707 3412 2761 καὶ
3448 2709 3519 2779 τῇ
3552 2708 3683 2763 θαυ-

2099 2791 2446 2863 ματουργία·
2495 2793 2683 2865 ἐπειδὴ
2730 2793 2840 2865 γάρ
2880 2795 2946 2848 ἐκ
2988 2796 3327 2868 παρθενικῆς
3373 2797 3681 2871 ἐϐλάστησε

2098 2883 2309 2954 μήτρας
2334 2923 2349 2948 ν
2396 2886 2491 2939 καὶ
2510 2885 2818 2957 ’παρθενίαν
2848 2886 3057 2959 ῆσκησέ
3098 2905 3160 2943 τε
3201 2889 3299 2946 καὶ
3336 2892 3450 2954 τοῖς
3499 2890 3681 2961 λόγοις

2095 2975 2282 3046 ἐξῆρε,
2310 2976 2406 3030 καὶ
2442 2977 2544 3049 τὴν
2574 2977 2807 3048 άζυγίαν
2850 2979 3032 3051 ἔργοις
3057 2982 3154 3035 καὶ
3180 2982 3359 3051 λόγοις
3393 2983 3677 3055 ἐτίμησεν,

2094 3068 2183 3123 ἵνα
2235 3071 2311 3144 μή
2358 3087 2443 3135 τις
2488 3071 2787 3127 ἀκολασίαν
2824 3069 2966 3129 εἶναι
2996 3075 3194 3147 νομίζῃ
3237 3077 3336 3147 τὴν
3385 3077 3681 3148 συζυγίαν,

2094 3162 2191 3214 καὶ
2219 3161 2296 3227 ώς
2328 3163 2648 3234 παρανόμου
2676 3165 2772 3218 τοῦ
2803 3165 2987 3236 γάμου
3027 3168 3392 3239 κατηγοροίη,
3422 3172 3564 3243 τιμᾷ
3584 3172 3683 3225 τὸν

418 3230 701 3298 ριίεεεηίίει
762 3246 897 3297 sua,
958 3232 1217 3289 honorem
1288 3236 1484 3306 insigni
1534 3254 1771 3295 munere
1807 3251 1986 3311 auget,

418 3333 671 3345 “Amm
708 3322 978 3345 nam-.-
1009 3324 1217 3345 -__-...
1570 3330 1593 3345 ..
1656 3330 1689 3345 ._
1774 3340 1806 3345 --
1892 3333 1923 3345 ..

2094 3253 2274 3321 γάμον
2303 3256 2370 3324 τῇ
2410 3230 2685 3328 παρουσίᾳ
2716 3230 2828 3328 (1),
2850 3230 3004 3323 α’ύξει
3027 3259 3127 3328 τὴν
3155 3230 3329 3332 ’τιμὴν
3345 3230 3421 3333 τῇ
3445 3230 3551 3315 τού
3572 3263 3683 3316 δώο

415 3333 673 3388 sponsum
706 3322 981 3377 anxietate
1004 3324 1242 3394 expedit,
1280 3328 1535 3382 convivas
1568 3330 1697 3384 facit
1737 3333 1995 3387 attonitos

417 3425 568 3465 nova:
614 3411 689 3467 rei
745 3412 1068 3483 fragrantia,
1125 3430 1185 3470 se
1223 3417 1395 3486 ipsum
1454 3419 1554 3474 hoc
1583 3420 1724 3476 dono
1779 3423 1994 3491 publice

416 3502 747 3559 manifestat.
800 3502 934 3559 Nam
982 3506 1076 3574 qui
1126 3508 1448 3564 naturaliter
1500 3511 1817 3569 illaboratus
1852 3526 1991 3583 erat,

414 3591 755 3649 illaboratum
808 3594 992 3650 vinum
1030 3598 1412 3668 suppeditavit.
1458 3599 1715 3657 Posthinc
1759 3613 1993 3674 aegrotos

413 3693 590 3748 sanat,
629 3699 880 3741 sermone
924 3689 1142 3743 morbos
1182 3689 1421 3757 resolvit,
1458 3704 1586 3747 nutu
1631 3693 1823 3750 liberat
1864 3712 1990 3766 pas-

413 3776 658 3831 siouibus
691 3774 1022 3843 laborantes,
1069 3780 1429 3836 dauuoniacos
1463 3783 1609 3838 rabie
1653 3784 1866 3855 liberat,
1908 3788 1991 3841 fu-

412 3876 595 3922 rentes
632 3867 698 3922 ad
726 3868 967 3939 quietam
1000 3881 1234 3926 mentem
1278 3884 1513 3937 revocat,
1551 3876 1874 3950 paralyticos
1903 3894 1991 3933 so-

412 3957 565 4024 lidat,
592 3961 902 4014 claudorum
934 3962 1095 4031 pedes
1118 3963 1465 4033 redintegrat,
1498 3968 1667 4022 solem
1686 3971 1801 4024 visu
1818 3972 1990 4027 cassis

411 4048 630 4120 838m
671 4051 927 4115 ostendit,
963 4050 1107 4108 fores
1152 4053 1405 4110 nimirum
1443 4060 1690 4127 corporis
1737 4063 1989 4131 aperiens

413 4154 510 4209 per
527 4154 664 4209 quas
690 4139 885 4196 animae
906 4141 1127 4197 visualis
1154 4143 1385 4200 facultas
1410 4156 1563 4202 extra
1589 4150 1793 4217 prodit;
1828 4152 1987 4222 idque

413 4230 573 4285 modo
610 4231 724 4287 solo
752 4247 1003 4288 sermone
1030 4234 1221 4302 efﬁcit,
1255 4238 1412 4291 modo
1455 4249 1613 4308 sputo
1642 4256 1707 4296 ac
1753 4243 1866 4298 luto
1895 4246 1987 4300 de-

415 4320 681 4376 ﬁcientem
710 4332 913 4392 partem
956 4326 1186 4395 supplet,
1222 4327 1459 4399 facitque
1498 4331 1687 4399 lutum,
1711 4337 1855 4405 quod
1890 4353 1986 4406 per

411 4428 473 4468 se
499 4415 669 4468 oculis
702 4424 786 4469 est
816 4416 1091 4482 infestum,
1119 4418 1396 4475 oculorum
1432 4423 1720 4493 medicum,
1763 4438 1819 4483 et
1855 4445 1985 4486 con-

413 4504 580 4559 trario
610 4505 904 4575 pltartnaco
928 4507 1117 4574 utitur,
1164 4519 1219 4565 et
1258 4525 1369 4566 rem
1400 4515 1613 4571 noxiam
1652 4521 1865 4575 exhibet
1897 4539 1983 4578 sa-

2098 3357 2193 3411 ρου
2226 3341 2526 3417 φιλοτιμίᾳ,
2577 3343 2697 3398 λύει
2747 3345 2843 3401 τοῦ
2873 3347 3110 3419 νυμφίου
3146 3351 3247 3421 τὴν
3288 3352 3552 3424 ἀπορίαν,
3586 3356 3685 3408 ἐκ-

2094 3432 2323 3504 πλήττει
2383 3435 2512 3501 τοὺς
2546 3438 2828 3507 συμπότας
2863 3443 2931 3511 τῇ
2979 3440 3074 3495 τοῦ
3120 3442 3304 3496 καινοῦ
3348 3444 3686 3516 πράγματος

2092 3524 2348 3597 εύοσμίᾳ,
2382 3528 2576 3582 ἐαυτὸν
2610 3528 2697 3584 διά
2737 3530 2831 3583 τοῦ
2860 3531 3033 3603 δώρου
3078 3532 3360 3604 κηρύττει.
3429 3535 3684 3608 Ἀγεώρ-

2091 3634 2257 3687 γητος
2282 3617 2390 3691 γάρ
2425 3619 2522 3683 ὢν,
2550 3620 2641 3674 τδν
2665 3622 3019 3695 ἀγεώργητον
3043 3619 3183 3680 οἶνον
3207 3627 3459 3681 δέδωκεν.
3505 3629 3685 3684 Ἐκεῖ-

2093 3709 2186 3764 θεν
2210 3710 2338 3775 τοὺς
2360 3710 2680 3785 ἀρρώστους
2712 3716 2987 3782 ίᾶται,καὶ
3010 3717 3156 3788 λόγῳ
3186 3717 3304 3772 λύει
3324 3720 3427 3782 τάς
3458 3721 3680 3785 νόσους,

2090 3804 2186 3856 καὶ
2209 3803 2440 3875 νεύματι
2466 3806 2579 3859 τῶν
2609 3806 2803 3861 παθῶν
2820 3808 3155 3865 ἀπαλλάττει
3184 3811 3309 3875 τοὺς
3336 3812 3679 3883 κάμνοντας,

2090 3895 2217 3959 τοὺς
2269 3894 2645 3967 δαιμονῶντας
2692 3899 2796 3970 τῆς
2843 3901 3042 3973 λύττης
3084 3902 3381 3975 ἐλευθεροῖ,
3426 3905 3681 3960 δείκνυσι

2087 3984 2216 4049 τοὺς
2252 3987 2563 4057 μεμηνότας
2608 3989 3035 4062 καθεστηκότας,
3080 3995 3301 4065 σφίγγει
3347 3997 3481 4061 τοὺς
3530 4017 3678 4069 παρ·

2087 4076 2359 4147 ειμένους,
2391 4079 2687 4151 ἀρτίποδας
2716 4084 2846 4147 τοὺς
2871 4085 3079 4155 χωλοὺς
3124 4087 3534 4157 ἀπεργάζεται,
3564 4091 3677 4143 δεί-

2087 4184 2243 4222 κνυσι
2267 4169 2359 4223 τὸν
2390 4170 2541 4242 ἥλιον
2561 4175 2674 4237 τοῖς
2700 4173 2763 4227 τὸ
2792 4175 3009 4245 βλέπειν
3035 4179 3430 4251 ἀφῃρημένοις,
3463 4182 3676 4249 ἀνοίγει

2086 4258 2185 4322 τὰς
2215 4258 2384 4331 θύρας
2438 4262 2532 4316 τοῦ
2562 4264 2816 4336 σώματος
2858 4268 2927 4321 δι’
2951 4262 3029 4323 ὧν
3060 4271 3152 4323 ἐπὶ
3172 4271 3241 4324 τὰ
3267 4270 3375 4336 ἔξω
3396 4272 3676 4342 διαχεῖται

2083 4349 2146 4403 τὸ
2174 4349 2275 4422 τῆς
2299 4352 2479 4425 ψυχῆς
2511 4355 2757 4423 ὀπτικδν,
2791 4359 2884 4413 καὶ
2910 4359 3007 4414 νῦν
3038 4362 3137 4432 μὲν
3170 4363 3312 4435 λόγῳ
3337 4365 3488 4436 μόνῳ
3510 4368 3679 4422 τοῦτο

2084 4446 2248 4507 ποιεῖ,
2274 4445 2368 4500 τὸν
2402 4447 2571 4518 πηλὸν
2593 4449 2688 4505 τὸν
2712 4452 2823 4505 τῶν
2854 4452 3122 4525 ὀμμάτων
3168 4456 3453 4511 ἐπίϐουλον
3478 4459 3677 4530 ὀμμά-

2083 4550 2191 4587 των
2223 4533 2583 4611 θεραπευτὴν,
2608 4543 2702 4595 κα¹ι
2724 4542 2803 4613 τῷ
2847 4544 3094 4616 πολεμίῳ
3139 4548 3414 4620 φαρμάκῳ
3451 4551 3676 4622 κέχρη-

412 4593 658 4649 lutarem.
687 4595 921 4655 Auribus
949 4598 1018 4653 ab
1046 4598 1313 4656 audiendo
1338 4603 1522 4670 dictis,
1547 4608 1640 4661 sed
1669 4619 1845 4667 tamen
1883 4628 1979 4666 au-

413 4683 522 4709 ιιι...
568 4687 874 4709 Α---.-.η----
946 4691 1184 4709 μ,.---ᾼι-
1208 4707 1234 4709 ,_
1280 4694 1291 4706 ι
1458 4699 1508 4709 ..γ
1785 4704 1817 4709 _
1936 4708 1939 4709 ,

2091 4640 2188 4689 rat,
2214 4593 2310 4679 xui.
2347 4628 2410 4682 τὸ
2450 4593 2796 4704 δηλητηριᾷἶ
2827 4593 3676 4709 ί

410 4683 523 4738 ditu
566 4687 898 4755 carentibus,
945 4691 1245 4748 naturalem
1280 4694 1519 4765 impertit
1551 4715 1726 4759 nsum.
1784 4704 1978 4764 Paucis

410 4774 640 4844 panibus
667 4777 717 4831 in
759 4779 973 4836 deserto
1005 4782 1169 4838 multa
1206 4785 1484 4844 hominum
1533 4793 1694 4847 millia
1738 4796 1975 4865 satiavit,

410 4867 649 4935 quinque
687 4869 893 4929 scilicet
923 4887 1113 4941 panes,
1148 4884 1402 4947 tanquam
1446 4880 1498 4935 in
1536 4898 1721 4938 arvum
1767 4902 1976 4957 semen,

411 4958 657 5015 manibus
695 4962 933 5027 tradens,
975 4974 1029 5019 et
1066 4966 1259 5038 lingute
1291 4970 1715 5030 benedictionem
1756 4994 1852 5034 ceu
1900 4983 1975 5037 ri-

408 5061 572 5115 guum
596 5048 836 5105 nimbum
860 5054 1154 5121 adducens,
1178 5057 1396 5113 densam
1423 5062 1694 5133 altamque
1719 5080 1975 5139 segetem,

409 5146 465 5192 et
490 5137 703 5205 plenam
734 5155 914 5198 aream
938 5147 1303 5215 apostolorum
1331 5168 1522 5208 manus
1541 5155 1720 5212 effecit
1748 5176 1761 5215 :
1787 5137 1977 5218 aream

410 5242 511 5282 nec
540 5229 841 5287 ventilabro
884 5249 985 5289 nec
1018 5241 1330 5308 purgatorio
1377 5256 1643 5314 egentem,
1688 5266 1791 5303 non
1840 5254 1977 5309 mola

409 5335 507 5378 nec
537 5331 740 5379 mactra
780 5340 880 5382 nec
908 5326 1030 5397 igne
1056 5339 1149 5385 aut
1193 5331 1428 5401 clibano,
1471 5336 1577 5405 sed,
1606 5340 1748 5407 ipsos
1778 5358 1873 5412 per
1917 5363 1979 5404 se

476 5481 521 5513 ⁷⁸
543 5480 696 5538 Joan.
722 5497 834 5549 xvi,
860 5483 953 5540 35.
1027 5485 1071 5517 "
1094 5484 1293 5543 Jerem.
1320 5505 1469 5555 xm,
1489 5493 1579 5548 5i.

476 5637 551 5705 (l)
589 5637 847 5695 Eamdcm
886 5640 1207 5694 sententiam
1245 5643 1410 5698 habes
1447 5646 1498 5699 in
1539 5662 1677 5703 novo
1712 5652 1874 5705 etiam
1910 5664 1964 5708 et

407 5708 643 5771 apprime
681 5708 913 5831 genuino
953 5710 1125 5763 sancti
1162 5711 1439 5781 Augustini
1480 5732 1727 5774 sermone
1768 5723 1833 5777 de
1872 5740 1965 5777 nu-

407 5777 529 5831 ntiis
561 5793 682 5831 ιιιιυι
729 5780 949 5831 (lanam.
982 5794 1138 5831 ouem
1175 5796 1271 5831 nos
1303 5798 1366 5831 ex
1403 5786 1538 5831 mim
1572 5790 1755 5831 rmlinn
1784 5794 1960 5831 cmpuli

406 5780 529 5847 ptiis
561 5780 697 5847 apud
729 5780 949 5841 (lanam,
982 5794 1138 5849 quem
1175 5780 1271 5837 nos
1303 5798 1366 5838 ex
1403 5786 1538 5839 miro
1572 5790 1755 5845 codice
1784 5794 1962 5850 saeculi

2080 4714 2273 4781 ἀκοαῖς
2301 4718 2684 4791 καλουμέναις,
2706 4723 2768 4778 τὸ
2793 4725 2850 4780 δὲ
2876 4727 3095 4782 ἀκούειν
3118 4730 3536 4803 ἀφῃρημέναις,
3566 4735 3675 4805 τὴν

2080 4807 2288 4862 οἰκείαν
2310 4809 2591 4883 ἐνέργειαν
2612 4815 3134 4891 ἐπιδίδωσι.”Αρτοις
3151 4821 3354 4890 ὀλίγοις
3375 4823 3437 4875 ἐν
3468 4826 3675 4896 ἐρήμῳ

2081 4899 2283 4964 πολλὰς
2331 4904 2555 4975 ἐκόρεσε
2582 4906 2845 4977 χιλιάδας,
2877 4912 3005 4976 τοὺς
3032 4912 3192 4967 πέντε
3218 4914 3443 4984 ἄρτους,
3469 4917 3630 4970 ὥσπε
3641 4936 3672 4988 ρ

2081 4989 2161 5052 είς
2188 4991 2426 5065 ἀρουραν
2463 4998 2686 5069 σπέρμα
2705 5040 2720 5065 ,
2746 5003 2866 5065 ταῖς
2904 5004 3091 5074 χερσὶν
3120 5004 3396 5075 ἐμϐαλὼν,
3431 5010 3531 5060 καὶ
3562 5009 3672 5077 τῆς

2074 5080 2321 5151 γλώττης
2346 5086 2444 5157 τὴν
2468 5088 2719 5159 εὐλογίαν
2748 5087 2860 5148 οἷόν
2889 5112 2942 5148 τι
2969 5095 3128 5164 νέφος
3161 5098 3492 5166 ἐπαγαγὼν,
3523 5100 3669 5154 δασὺ

2074 5170 2169 5223 καὶ
2210 5171 2346 5242 βαθὺ
2376 5175 2526 5247 λήϊον
2572 5181 2666 5233 καὶ
2695 5180 2809 5236 ἀλω
2840 5183 3021 5255 πλήρη
3048 5185 3147 5250 τάς
3182 5188 3292 5241 τῶν
3335 5190 3669 5246 ἀποστόλων

2073 5262 2263 5332 χεῖρας
2305 5265 2618 5339 ἀπέφηνεν,
2649 5271 2764 5327 ἀλω
2792 5274 2854 5327 οὐ
2886 5275 3054 5329 πτύου
3094 5277 3359 5350 δεομένην
3400 5283 3506 5335 καὶ
3549 5284 3673 5337 8::-

2073 5355 2328 5428 κρίσεως,
2359 5361 2419 5414 ού
2453 5361 2621 5431 μύτου
2648 5368 2742 5428 καὶ
2788 5368 3037 5439 μάκτρας
3066 5372 3157 5423 καὶ
3191 5372 3364 5442 πυρὸς
3402 5377 3506 5428 καὶ
3542 5376 3668 5429 κλι-

2327 5667 2590 5728 edidimus
2627 5675 2677 5728 iu
2710 5677 2989 5751 Spirilcgio
3028 5681 3219 5755 Rom,
3258 5699 3295 5743 t.
3333 5689 3471 5749 νιιι,
3514 5699 3667 5753 circa
