3856 6212
200 358 335 415 Ηθό
1354 352 1442 410 DE
1482 353 2002 415 INCAIlNATIONE
2042 354 2297 412 DOMINI.
3320 358 3461 415 “06

199 471 387 536 δάνου,
434 468 552 525 ἀλλ’
594 467 793 533 αὐτοὺς
840 468 968 532 τοὺς
1018 467 1217 539 ἄρτους
1267 467 1538 540 βρύουσάν
1576 488 1637 525 τε
1678 472 1803 534 καὶ,

1913 485 2045 527 anes
2096 470 2494 541 germinantem
2546 476 2709 539 atque
2763 478 3121 528 eructantem.
3178 470 3356 542 Atque
3404 487 3463 531 ut

201 560 585 633 πηγάξουσαν·
634 558 728 613 καὶ
769 559 859 614 ἵνα
906 559 965 612 ἐν
1004 558 1287 630 κεφαλαίῳ
1335 560 1495 625 εἴπω,
1538 561 1771 632 αἵματος

1913 563 2035 618 erba
2067 562 2136 618 ad
2178 562 2563 630 compendium
2593 563 2894 626 conferam,
2939 564 3222 634 sanguinis
3254 564 3461 619 ﬂuxum

201 653 426 724 ἔστησεν
467 651 690 723 ὀχετοὺς
719 650 819 722 τὴν
866 649 1011 705 ἴασιν
1040 651 1221 704 ἐκοντὶ
1260 651 1546 723 συληθείς·
1600 653 1771 723 κόρην

1913 656 2135 720 ohibuit,
2165 656 2398 710 sanitate
2448 655 2517 709 ab
2541 671 2607 710 eo
2643 665 2834 724 sponte
2883 656 3123 726 quidem,
3162 657 3255 711 sed
3305 661 3463 727 quasi

201 745 375 815 ἄωρον
399 743 743 815 ἁρπαγεῖσαν
771 741 876 795 ὑπὸ
898 741 1126 797 Θανάτου
1152 742 1247 795 καὶ
1274 742 1647 815 πενθουμένην
1668 744 1776 797 ὑπὸ

1913 748 2086 811 trtim,
2120 747 2435 816 impetrata.
2463 745 2705 800 Puellam
2738 746 3074 815 impuberem
3108 758 3282 803 morte
3307 750 3468 802 abre-

200 837 307 891 τῶν
338 836 556 891 οἰκείων
592 833 949 905 ἀνθαρπάσας
972 836 1085 899 τοῖς
1114 836 1353 907 φύσασιν
1388 835 1732 890 ἀποδέδωκεν
1755 851 1771 868 ·

1914 849 2021 894 tam
2049 878 2065 904 ,
2096 846 2152 894 et
2177 855 2207 892 a
2237 838 2351 895 suis
2386 838 2657 902 defletam,
2685 838 2925 893 vicissim
2970 839 3229 907 eripiens,
3274 855 3469 909 paren-

98 958 105 966 ~
203 929 388 1013 ἐτερον
434 927 651 982 νεανίαν
697 927 778 990 είς
822 925 916 981 τὸν
959 927 1131 996 τάφον
1168 927 1655 998 προπεμπόμενον,
1696 928 1776 992 είς

1913 937 2024 989 ibus
2068 932 2324 987 reddidit.
2362 931 2543 985 Alium
2588 930 2982 985 adolescentem
3022 933 3088 985 ad
3131 932 3463 995 sepulturam

206 1019 350 1091 ζωὴν
375 1020 712 1090 ἐπανήγαγε,
743 1018 840 1072 καὶ⁵
870 1018 953 1082 είς
974 1017 1150 1091 χαράν
1177 1018 1238 1072 τὸ
1263 1019 1457 1082 πένθος
1488 1020 1776 1090 μετέϐαλε,

1913 1026 2104 1089 latum,
2136 1024 2258 1078 vita:
2291 1024 2551 1086 restituit,
2599 1032 2655 1077 et
2686 1023 2739 1077 in
2792 1022 3046 1092 gaudium
3095 1022 3296 1076 luctum
3340 1037 3469 1077 eon-

205 1113 300 1167 καὶ
323 1110 413 1165 τὸν
444 1110 730 1181 ἐπιτάφιον
759 1109 957 1181 θρῆνον
986 1111 1067 1175 είς
1087 1107 1274 1180 ὕμνων
1306 1110 1464 1179 λόγον
1492 1111 1781 1183 γαμηλίων

1916 1115 2064 1179 ertit,
2095 1124 2152 1169 et
2176 1112 2457 1169 funebrem
2493 1112 2938 1167 lamentationem
2971 1112 3024 1166 in
3060 1111 3331 1180 nuptiales
3371 1115 3468 1184 hy-

205 1202 397 1276 ἔτρεψε
416 1218 429 1232 ⁸
460 1203 555 1257 καὶ
581 1202 672 1255 τὸν
701 1200 912 1273 δυσώδη
942 1201 1139 1273 νεκρὸν
1188 1203 1327 1273 μετὰ
1373 1203 1645 1274 τετάρτην
1680 1206 1782 1275 τῆς

204 1296 460 1365 τελευτῆς
495 1296 561 1348 ἐκ
588 1294 689 1365 τῆς
722 1293 899 1367 θήκης
929 1294 1187 1365 ἐξήγαγε,
1217 1295 1312 1347 καὶ
1340 1293 1432 1348 τὸν
1465 1293 1781 1365 πεπεδημέ-

207 1406 297 1444 νον
323 1386 559 1460 βαδίζειν
588 1385 897 1451 ἐκέλευσεν,
922 1385 1018 1440 καὶ
1042 1384 1388 1458 παραχρῆμα
1415 1385 1444 1439 ὃ
1471 1402 1531 1439 τε
1549 1385 1785 1448 θάνατος

208 1481 623 1555 ἐδραπέτευσεν,
673 1479 769 1534 καὶ
813 1481 843 1534 ό
874 1478 1067 1550 νεκρὸς
1104 1478 1307 1550 έδραμε
1351 1480 1454 1548 τῆς
1486 1477 1787 1549 σηπεδόνος

207 1573 541 1642 ἀπαλλαγεὶς
561 1613 575 1637 ,
629 1572 724 1625 καὶ
769 1571 871 1643 τὴν
926 1570 1026 1641 τῆς
1091 1570 1385 1640 σηπεδόνος
1444 1569 1787 1639 ἀποθέμενος

207 1665 494 1729 δυσωδίαν,
536 1666 631 1719 καὶ
654 1664 753 1729 τὰς
779 1661 876 1717 τοῦ
905 1662 1139 1718 θανάτου
1164 1661 1337 1727 πύλας
1365 1659 1667 1731 διαφυγὼν,
1690 1661 1789 1715 καὶ

210 1757 318 1812 ὑπὸ
357 1755 467 1811 τῶν
493 1756 710 1828 δεσμῶν
742 1756 960 1826 τρέχειν
982 1754 1044 1808 οὐ
1074 1756 1440 1826 κωλυόμενος,
1466 1756 1563 1809 καὶ
1584 1754 1662 1827 τῷ
1690 1756 1789 1827 μὲν

1882 1220 2038 1261 mnos
2076 1204 2480 1260 transmutavit.
2537 1202 2805 1258 Prreterea
2871 1201 3046 1258 fetens
3104 1212 3224 1273 post
3256 1204 3469 1272 quatri-

1884 1298 2051 1353 duum
2096 1300 2164 1352 ab
2196 1296 2345 1351 obitu
2375 1296 2609 1350 cadaver
2654 1310 2722 1350 ex
2760 1310 2885 1349 area
2919 1295 3125 1361 eduxit,
3170 1303 3223 1349 et
3267 1294 3473 1351 institis

1886 1392 2148 1463 illigatum
2197 1390 2475 1447 ambulare
2510 1390 2709 1461 jussit;
2770 1406 2939 1461 reque
2990 1405 3117 1446 vera
3160 1390 3475 1461 diﬂ'ugiente

1887 1494 2081 1553 morte,
2113 1493 2361 1539 mortuus
2389 1482 2668 1549 discurrit,
2712 1483 3001 1553 putredine
3044 1482 3199 1550 liber,
3228 1484 3476 1553 putredi-

1889 1577 2082 1647 nisque
2135 1576 2309 1632 fetore
2361 1575 2647 1645 deposito,
2696 1590 2728 1630 e
2774 1574 2964 1629 mortis
3016 1573 3200 1641 januis
3253 1574 3472 1629 evasit:

1891 1678 2055 1739 atque
2089 1668 2162 1722 ita
2192 1667 2335 1722 haud
2363 1665 2476 1736 jam
2511 1666 2757 1735 ligaturis
2786 1681 2815 1721 a
2846 1681 3006 1721 cursu
3056 1666 3381 1736 prohibitus,
3421 1680 3477 1720 et

1892 1774 1923 1813 a
1968 1758 2191 1813 funereo
2219 1757 2378 1814 faciei
2421 1758 2539 1813 velo
2588 1758 2733 1813 haud
2786 1757 2985 1813 diutius
3024 1759 3145 1814 visu
3192 1758 3475 1828 spoliatus,

206 1848 305 1903 τοῦ
335 1821 630 1920 προσώπου
676 1821 996 1918 καλύμματι
1040 1846 1103 1899 τὸ
1150 1821 1368 1917 βλέπειν
1409 1821 1788 1918 ἀφῃρημένος,

1913 1852 2011 1907 :ine
2050 1851 2159 1907 ullo
2189 1850 2597 1922 impedimento,
2644 1850 2714 1907 ad
2763 1860 3070 1917 vocantem,
3117 1851 3303 1923 agnita
3345 1865 3478 1908 voce

207 1940 506 2004 ἀκωλύτως
536 1939 593 1994 δέ
618 1939 830 2013 τρέχων
861 1938 1002 2010 πρὸς
1038 1939 1131 1994 τὸν
1176 1939 1506 2005 καλέσαντα,
1556 1939 1655 1993 καὶ
1692 1936 1794 2009 τὴν

209 2032 549 2104 Δεσποτικὴν
579 2028 961 2101 ἐπιγινώσκων
989 2032 1195 2103 φωνήν.

212 2151 359 2218 KG".
380 2149 501 2203 ’Ὁτι
521 2148 819 2216 ἑκουσίως
840 2148 913 2203 τὰ
936 2146 1201 2218 σωτήρια
1222 2146 1385 2210 πάθη
1404 2145 1793 2212 κατεδέξατο.

284 2327 384 2383 Διά
413 2326 618 2381 τούτων
649 2326 744 2381 καὶ
767 2324 946 2381 ἄλλων
983 2321 1133 2396 [cod.
1169 2321 1281 2376 τῶν
1311 2336 1408 2392 pro
1431 2318 1632 2392 ἀλλων]
1659 2318 1796 2373 θαυο

216 2422 427 2495 μάτων,
453 2419 564 2475 τῶν
606 2415 950 2488 ἐπαγγελιῶν
982 2414 1308 2487 ἐμπεδώσας
1330 2412 1389 2467 τὸ
1424 2411 1672 2483 μέγεθος,
1703 2410 1797 2465 καὶ

211 2511 309 2566 τὸν
339 2510 500 2581 χορὸν
522 2508 632 2562 τῶν
658 2504 975 2561 ἀποστόλων
1000 2507 1081 2569 είς
1112 2502 1316 2575 ἀρετὴν
1344 2500 1793 2572 παιῶτριὸήσας,

212 2600 549 2673 προστρέχει
606 2601 722 2662 τοῖς
776 2594 1149 2667 ἀναγράπτοις
1197 2594 1426 2649 πάθεσιν
1479 2592 1796 2663 ἐθελοντὴςο

212 2692 485 2757 πολλάκις
537 2690 638 2763 μὲν
679 2687 855 2744 ταῦτα
892 2690 1009 2751 τοῖς
1064 2689 1348 2758 φοιτηταῖς
1398 2682 1798 2756 προμηνύσας,

212 2786 553 2856 ἐπιτιμήσας
587 2782 645 2837 δὲ
668 2780 744 2852 τῷ
768 2780 985 2851 Πέτρῳ,
1008 2777 1129 2850 μεθ’
1154 2777 1349 2850 ἡδονῆς
1378 2776 1455 2848 μὴ
1488 2773 1798 2838 καταδεξα-

214 2879 370 2951 μένῳ
416 2876 484 2930 τὰ
511 2875 620 2929 τῶν
662 2871 852 2927 παθῶν
883 2870 1202 2941 εὐαγγέλια,
1247 2870 1343 2923 καὶ
1388 2868 1569 2934 δείξας
1600 2866 1676 2930 ὡς
1711 2865 1803 2919 διὰ

208 2971 424 3027 τούτων
452 2965 812 3040 κατορθοῦται
845 2965 946 3036 τῆς
982 2962 1311 3035 οἰκουμένης
1344 2963 1379 3033 ἡ
1411 2960 1657 3030 σωτηρία
1678 2975 1691 2988 ·
1718 2956 1801 3011 διὸ

210 3065 315 3118 καὶ
337 3066 449 3125 τοῖς
477 3058 796 3116 ἐπελθοῦσιν
832 3056 1024 3113 ἑαυτὸν
1056 3054 1340 3120 ὑπέδειξεν
1372 3054 1578 3123 λέγων’
1617 3072 1635 3105 ι
1658 3049 1803 3121 Ἐγώ

1897 1943 2198 2010 Dsminica,
2222 1943 2480 2000 accurrit.

1895 2142 2087 2200 XXVI.
2130 2137 2290 2210 Quod
2331 2127 2516 2212 sponte
2564 2142 2802 2226 (usus),
2841 2143 3129 2198 salutarem
3183 2144 3478 2212 passionem

2547 2224 2831 2283 exceperit.

1969 2324 2062 2380 His
2087 2324 2317 2395 aliisque
2346 2324 2623 2380 miraculis
2653 2323 3073 2394 promissionum
3113 2339 3335 2380 suarum
3368 2340 3483 2378 ma-

1896 2417 2181 2489 gnitudine
2216 2415 2562 2483 conﬁrmata,
2594 2424 2649 2472 et
2678 2416 3050 2487 apostolorum
3084 2416 3254 2472 choro
3286 2416 3353 2472 ad
3374 2417 3483 2472 vir-

1900 2515 2067 2563 tutem
2113 2507 2347 2573 erudito,
2398 2515 2593 2576 sponte
2636 2508 2880 2566 accurrit
2919 2508 2987 2563 ad
3029 2521 3124 2562 eas
3152 2523 3273 2578 qua:
3314 2508 3382 2562 de
3418 2524 3485 2563 eo

1899 2600 2116 2669 scripta:
2162 2598 2374 2654 fuerant
2416 2597 2636 2669 839m
2686 2599 2998 2668 passiones;
3039 2614 3173 2667 quas
3214 2613 3355 2667 saepe
3398 2600 3483 2651 di-

1900 2690 2125 2760 scipulis
2148 2689 2263 2745 suis
2293 2692 2776 2760 praenuntiaverat,
2818 2687 2983 2743 Petro
3014 2690 3177 2744 etiam
3223 2689 3487 2757 increpito

1901 2782 1991 2852 qui
2039 2782 2181 2837 haud
2228 2781 2460 2836 libenter
2502 2782 2814 2851 passionum
2848 2782 3095 2836 nuntium
3143 2780 3484 2851 excipiebat;

1903 2874 2279 2929 demonstrans
2319 2872 2554 2943 denique
2600 2873 2832 2929 salutem
2880 2874 3068 2928 mundi
3098 2888 3194 2942 per
3238 2874 3333 2928 has
3358 2889 3490 2927 eon-

1904 2964 2042 3020 fieri.
2091 2963 2383 3034 Propterea
2437 2972 2493 3018 et
2539 2964 2952 3019 advenientibus
3012 2973 3183 3019 semet
3235 2963 3486 3017 exhibuit

1906 3057 2092 3111 dicens
2124 3071 2139 3109 :
2179 3073 2199 3107 ι
2232 3055 2345 3126 Ego
2370 3071 2488 3111 sum
2517 3070 2678 3126 quem
2706 3055 2949 3125 quaeritis
2971 3056 3040 3112 3°.
3066 3074 3085 3108 ι
3116 3055 3177 3111 Ει
3203 3064 3491 3111 accusatus

209 3158 337 3227 είμι
364 3153 423 3208 ὃν
450 3151 685 3224 ζητεῖτε.
717 3169 736 3202 s
758 3150 869 3204 Kal.
890 3147 1367 3219 κατηγορούμενος
1394 3146 1495 3200 οὐκ
1525 3146 1800 3209 ἀντεῖπεν,

1913 3162 2011 3202 non
2039 3148 2337 3217 respondit,
2371 3156 2428 3202 ct
2453 3163 2574 3201 cum
2610 3159 2793 3217 posset
2823 3146 3012 3214 latere,
3049 3146 3258 3213 noluit;
3311 3162 3489 3217 quatt-

211 3251 315 3304 καὶ
359 3244 656 3316 δυνάμενος
702 3240 911 3301 λαθεῖν,
956 3239 1116 3294 τοῦτο
1162 3241 1336 3293 ποιεῖν
1372 3239 1473 3291 οὐκ
1513 3237 1803 3308 ἠνέσχετο·

210 3342 315 3397 καὶ
346 3337 524 3393 ταῦτα
564 3335 823 3398 πολλάκις
844 3332 1010 3405 ἡνίκα
1035 3330 1313 3402 ἠϐουλήθη
1339 3328 1621 3399 διαφυγών
1637 3344 1651 3359 ·
1671 3327 1810 3383 ἀλλά

211 3434 317 3489 καὶ
351 3430 528 3486 κλαίει
560 3428 660 3500 μὲν
687 3425 788 3499 τὴν
820 3422 1199 3497 Ἰερουσαλὴμ,
1230 3422 1307 3486 ὡς
1331 3422 1395 3493 δὴ
1423 3422 1522 3493 τῆς
1552 3420 1810 3485 ἀπιστίας

211 3522 618 3593 ἐπισπωμένης
665 3516 762 3571 τὸν
791 3514 1035 3586 ὄλεθρον,
1081 3511 1524 3583 καταψηφίζεται
1571 3510 1630 3565 δέ
1668 3527 1809 3564 παν-

212 3616 504 3688 ωλεθρίως
546 3612 642 3667 τοῦ
677 3609 1118 3683 πολυθρυλλὴτου
1162 3605 1334 3661 πάλαι
1382 3604 1507 3659 δεώ’
1555 3605 1809 3676 ἀνέχεται

214 3708 321 3764 καὶ
354 3706 449 3760 ἐπὶ
474 3706 652 3775 κάρης
680 3700 839 3775 [cod.
866 3700 1039 3771 κόρης
1064 3696 1085 3771 ]
1122 3696 1438 3768 παιόμενος,
1478 3694 1584 3749 ὑπὸ
1610 3693 1809 3765 διπλῆν

214 3797 474 3856 δουλείαν
502 3795 843 3858 δουλεύοντος
872 3791 1020 3865 [cod.
1051 3786 1418 3861 δουλεύοντες]
1446 3785 1810 3857 κολαφιζόμε-

214 3910 354 3961 νος,
420 3889 829 3960 ἐμπτυόμενος,
876 3882 1296 3953 ὀνειδιζόμενος,
1356 3877 1808 3951 στρεϐλούμενος,

218 3981 701 4057 μαστιγούμενος,
752 3978 846 4032 καὶ
896 3977 960 4031 τὸ
1006 3975 1318 4030 τελευταῖον
1382 3970 1806 4043 σταυρούμενος,

215 4080 325 4133 καὶ
357 4074 654 4146 λαμϐάνων
689 4071 895 4144 λῃστὰς
936 4070 1035 4142 τῆς
1067 4068 1338 4141 τιμωρίας
1363 4066 1652 4129 κοινωνοὺς
1682 4064 1812 4117 έκα-

214 4165 496 4243 τέρωθεν,
523 4166 617 4219 καὶ⁸
643 4163 990 4234 ἀνδροφόνοις
1028 4162 1124 4216 καὶ
1153 4159 1487 4231 κακούργοις
1517 4154 1811 4211 συνταττό-

218 4275 423 4335 μενος,
454 4258 548 4311 καὶ
571 4256 691 4321 ὅξος
723 4256 818 4308 καὶ
856 4254 1018 4326 χολὴν
1048 4252 1197 4324 παρὰ
1220 4250 1315 4305 τοῦ
1350 4249 1522 4303 κακοῦ
1552 4246 1812 4319 ἀμπελῶ-

216 4372 317 4419 νος
347 4348 757 4422 καρπούμενος,
798 4347 892 4400 καὶ
923 4344 1187 4407 ἀκάνθαις
1232 4343 1354 4397 ἀντὶ
1384 4341 1679 4412 κλημάτων
1716 4338 1811 4391 καὶ

217 4442 481 4519 βοτρύων
545 4436 892 4507 στεφόμενος,
941 4436 1036 4489 καὶ
1083 4432 1376 4505 πορφυρίδι
1417 4428 1837 4502 χλευαζόμενος,

215 4536 619 4613 ὀρυττόμενος,
644 4533 738 4587 καὶ
759 4530 910 4594 τέλος
938 4529 1097 4599 τάφῳ
1127 4524 1656 4598 παραπεμπόμενος.

1905 3234 2069 3309 quain
2112 3238 2220 3294 alio
2266 3253 2374 3293 non
2427 3240 2597 3294 semel
2644 3250 2885 3310 tempore
2935 3240 3205 3310 appetitus
3255 3238 3491 3303 insidiis,

1907 3330 2297 3385 declinaverat.
2348 3329 2573 3401 Insuper
2619 3340 2674 3386 et
2718 3330 3021 3386 Jerusalem
3072 3331 3336 3401 deplorat,
3371 3346 3493 3400 quze

1908 3420 2288 3478 incredulitate
2328 3438 2427 3477 sua
2468 3423 2696 3478 exilium
2733 3424 2838 3479 sibi
2882 3424 3255 3492 comparabat,
3303 3431 3359 3476 et
3399 3437 3495 3476 su-

1908 3529 2111 3584 prema:
2155 3515 2327 3570 ruinas
2356 3514 2559 3570 addicit
2606 3515 2865 3585 templum
2913 3515 3042 3569 olim
3092 3515 3491 3585 famigeratum.

1910 3603 2188 3659 Patienter
2208 3620 2423 3675 quoque
2452 3620 2512 3661 se
2539 3605 2591 3659 in
2616 3606 2799 3676 capite
2823 3620 3137 3675 percussum
3170 3605 3274 3660 fert
3296 3604 3364 3659 ab
3398 3603 3497 3658 ho-

1911 3698 2058 3752 mine
2091 3697 2378 3767 dupliciter
2426 3697 2632 3753 servili.
2678 3697 3030 3767 Esalapatus,
3066 3707 3379 3765 eonsputus,
3414 3695 3497 3750 vi-

1915 3797 2215 3858 tuperatus,
2252 3790 2615 3855 excruciatus,
2665 3789 2986 3859 ﬂagellatus,
3026 3799 3081 3844 et
3124 3798 3397 3859 postremo
3438 3787 3494 3842 in

1914 3898 2128 3938 crucem
2158 3892 2333 3949 actus,
2357 3892 2413 3937 et
2441 3884 2618 3939 socios
2640 3881 2890 3953 supplicii
2910 3881 3200 3937 admittens
3222 3879 3495 3948 utrimque

1916 3972 2174 4037 latrones,
2219 3984 2274 4030 et
2319 3990 2442 4030 cum
2492 3974 2777 4030 bomicidis
2808 3984 2971 4044 atque
2999 3973 3240 4029 scelestis
3277 3987 3501 4041 compu-

1921 4074 2086 4129 tatus,
2118 4076 2441 4136 acetumque
2486 4076 2538 4122 et
2593 4065 2663 4122 fel
2716 4081 2782 4123 ex
2833 4066 2971 4120 mala
3024 4066 3132 4120 vite
3176 4063 3497 4135 percipiens,

1918 4157 2197 4226 Spinisque
2232 4172 2330 4227 pro
2363 4156 2677 4228 palmitibus
2707 4167 2870 4228 atque
2910 4158 3145 4213 racemis
3186 4164 3497 4215 eoronatm,

1918 4257 1973 4303 et
2023 4263 2258 4319 purpura
2311 4249 2524 4314 illusus,
2581 4250 2898 4319 calamoque
2951 4265 3257 4317 percussus,
3316 4248 3500 4301 lancea

1918 4340 2062 4396 latus
2094 4338 2395 4410 perfossus,
2423 4348 2478 4394 et
2509 4340 2745 4411 denique
2772 4340 3020 4411 sepulcro
3050 4339 3254 4393 illatus.
3282 4358 3288 4365 ·

1915 4431 2010 4484 καὶ
2064 4429 2292 4503 καλάμῳ
2347 4430 2684 4503 παιόμενος,
2734 4432 2831 4486 καὶ
2892 4432 3066 4504 λόγχῃ
3112 4429 3215 4502 τὴν
3261 4426 3505 4497 πλευρὰν

261 4659 402 4718 ΚΖ’.
444 4658 539 4726 Τίς
566 4654 688 4711 τῶν
718 4648 1106 4708 Δεσποτικῶν
1137 4646 1499 4717 παθημάτων
1528 4646 1567 4716 ἠ
1600 4645 1781 4699 αίτία.

1920 4639 2137 4697 XXVII.
2180 4640 2437 4708 Quwnam
2479 4637 2771 4693 Dominicis:
2808 4634 3071 4703 passionis
3115 4648 3276 4688 causa
3320 4631 3504 4702 fuerit.

312 4766 614 4840 ’Υπέμεινε
661 4764 718 4819 δέ
747 4761 940 4824 ταῦτα,
974 4759 1074 4830 τὴν
1107 4758 1382 4829 ἡμετέραν
1428 4752 1821 4827 μηχανώμενος

223 4859 521 4933 σωτηρίαν
541 4873 556 4889 ’
588 4857 777 4927 ἐπειδὴ
810 4856 919 4925 γὰρ
948 4852 998 4905 οἱ
1026 4852 1094 4922 τῇ
1143 4847 1389 4920 ἁμαρτίᾳ
1428 4845 1821 4911 δουλεύσαντες

222 4956 349 5015 τοῖς
384 4948 685 5020 ἐπιτιμίοις
719 4944 1011 4999 ὑπεύθυνοι
1056 4940 1154 5010 τῆς
1199 4938 1472 5009 ἁμαρτίας
1501 4937 1818 5007 ἐτύγχανον,

224 5042 406 5103 αὐτὸς
433 5038 707 5111 ἁμαρτίας
740 5031 1183 5107 ἀπηλλαγμένος,
1221 5029 1317 5083 καὶ
1341 5029 1430 5082 διά
1455 5027 1633 5098 πάσης
1674 5026 1825 5081 ὁδεύ-

228 5153 342 5200 σας
396 5130 767 5200 δικαιοσύνης,
806 5127 906 5198 τὴν
955 5124 1064 5177 τῶν
1114 5119 1458 5192 ἁμαρτωλῶν
1504 5117 1827 5182 κατεδέξατο

226 5223 544 5300 τιμωρίαν,
577 5221 664 5275 διὰ
697 5221 795 5292 μὲν
835 5216 933 5272 τοῦ
980 5212 1237 5285 σταυροῦ,
1266 5212 1365 5283 τῆς
1411 5209 1648 5273 παλαιᾶς
1693 5225 1829 5263 κατ-

228 5323 387 5392 άρας
445 5314 546 5385 τὴν
589 5312 862 5382 ἀπόφασιν
902 5308 1045 5362 λύων
1089 5324 1106 5357 ι
1142 5302 1413 5375 (Χριστὸς
1458 5300 1589 5372 γάρ,
1640 5300 1827 5371 φησὶν,

227 5405 588 5480 ἐξηγόρασεν
612 5405 757 5474 ἡμᾶς
786 5402 852 5454 ἐκ
886 5400 987 5470 τῆς
1029 5398 1274 5468 κατάρας
1315 5394 1411 5448 τοῦ
1456 5394 1644 5465 νόμου,
1676 5393 1832 5462 γενόο

231 5514 411 5577 μενος
479 5498 621 5569 ὑπὲρ
654 5494 810 5566 ἡμῶν
845 5492 1091 5562 κατάρα·
1147 5488 1461 5559 γέγραπται
1508 5487 1638 5558 γάρ’
1679 5487 1833 5540 Ἐπι-

229 5589 572 5659 κατάρατος
603 5588 710 5651 πᾶς
730 5586 760 5640 ὁ
779 5582 1124 5656 κρεμάμενος
1156 5582 1214 5633 ἐν
1253 5579 1399 5651 ξύλῳ
1424 5578 1493 5651 ι),
1515 5578 1603 5634 διά
1625 5577 1684 5633 δὲ
1720 5577 1829 5635 τῶν

310 5768 362 5799 ⁸ο
394 5762 564 5823 Joan.
597 5776 751 5828 xvm,
782 5761 837 5817 6.
906 5763 947 5794 ⁸⁸
975 5759 1149 5818 Galat.
1180 5773 1265 5825 Ill,
1300 5759 1384 5826 15,
1416 5757 1504 5813 Μ.

1999 4754 2127 4810 Ilzee
2155 4764 2333 4809 autem
2367 4765 2657 4822 perpessus
2690 4757 2798 4811 est,
2830 4749 2955 4802 dum
2978 4745 3154 4812 fsaluti
3191 4753 3388 4799 nostra:
3416 4746 3508 4799 dat

1927 4861 2170 4917 operam.
2204 4843 2336 4899 Nam
2355 4844 2482 4914 quia
2517 4843 2553 4897 ii
2581 4842 2674 4913 qui
2704 4848 2926 4912 peccato
2947 4838 3271 4903 servierant,
3296 4836 3505 4907 peccati

1927 4939 2101 5009 ρωιιίε
2134 4937 2256 4991 facti
2288 4944 2444 4992 erant
2464 4933 2707 4997 obnoxii,
2738 4931 2856 5002 ipse
2883 4928 3031 4985 omni
3063 4936 3286 4997 peccato
3310 4926 3510 4981 immu-

1930 5032 2035 5097 nis,
2074 5040 2128 5085 et
2155 5030 2246 5099 qui
2283 5026 2460 5083 omnis
2497 5024 2723 5093 iustitiae
2762 5037 2978 5078 cursum
3024 5019 3352 5085 confecerat,
3388 5032 3511 5087 pec-

1933 5122 2173 5177 cautium
2199 5119 2521 5191 supplicium
2560 5104 2750 5182 subiit,
2786 5113 2987 5169 veteris
3021 5111 3292 5167 maledicti
3317 5110 3510 5165 decre-

1936 5220 2046 5266 tum
2075 5224 2238 5265 cruce
2262 5225 2357 5265 sua
2387 5207 2594 5264 deleas.
2626 5225 2645 5258 ι
2664 5205 2919 5262 Christus
2942 5203 3109 5269 enim,
3137 5201 3315 5272 inquit
3346 5201 3513 5273 (Pau-

1936 5303 2073 5374 lus),
2108 5318 2206 5357 nos
2234 5302 2466 5357 redemit
2494 5300 2559 5355 de
2591 5298 2875 5354 maledicto
2906 5296 3061 5367 legis,
3088 5295 3265 5350 factus
3292 5308 3391 5364 pro
3411 5309 3512 5348 no-

1937 5396 2022 5450 bis
2066 5394 2413 5449 maledictum
2450 5410 2464 5447 :
2513 5392 2641 5461 quia
2672 5392 2957 5459 scriptum
3003 5397 3088 5443 est
3131 5404 3146 5443 :
3196 5385 3513 5442 Maledictns

1935 5485 2116 5542 onmis
2144 5484 2236 5555 qui
2275 5484 2468 5555 pendet
2497 5483 2550 5537 in
2584 5482 2730 5553 ligno
2758 5482 2837 5547 δίς
2879 5499 2897 5533 ι
2928 5479 3114 5551 spinea
3145 5492 3273 5533 vero
3314 5492 3511 5533 corona

1937 5578 2096 5641 (litem
2123 5576 2314 5633 Adami
2340 5574 2617 5648 suppliciis
2644 5576 2945 5646 imponens.
2988 5570 3202 5627 Etenim
3236 5578 3355 5641 post
3389 5584 3512 5639 pee-
