3856 6212
362 347 384 401 Ι
396 347 496 402 467

1385 352 1442 409 S.
1484 353 1763 411 CYRILLI
1791 354 2259 414 ALEXANDlllNl
2298 355 2618 415 AllClllEP.

3480 340 3626 397 1568

362 470 542 515 catum
575 461 665 518 ille
694 462 942 520 audierat
974 485 989 523 :
1030 485 1049 519 ι
1076 464 1360 524 Maledicta
1401 477 1543 524 terra
1594 470 1650 525 in
1681 470 1934 542 operibus
1962 532 1963 535 η

2066 472 2314 536 ικανθῶν,
2340 471 2492 534 τέλος
2531 468 2706 531 διδοὺς
2746 467 2863 528 ταῖς
2900 461 3072 533 Ἀδάμ
3103 474 3397 531 τιμωριαις
3437 458 3455 525 (
3475 454 3624 526 μετά

365 551 475 605 tuis
508 568 523 606 :
556 554 744 622 spinas
796 564 851 611 et
894 556 1119 612 tribulos
1163 559 1487 629 germinabit
1520 560 1615 616 tibi
1643 562 1710 617 ⁸⁸.
1744 580 1763 613 ι
1800 561 1944 618 Felle

367 644 785 701 amaritudinem
830 662 894 703 ac
931 649 1231 705 molestiam
1275 652 1522 708 mortalis
1564 654 1945 725 passibilisque

368 732 649 787 hominum
694 735 817 790 vitae
852 736 903 791 in
952 752 1013 792 se
1058 738 1279 807 recepit.
1332 739 1500 795 Aceto
1548 739 1831 795 hominum
1888 742 1942 796 in

370 821 522 891 pejus
554 827 907 881 mutationem
940 827 1050 895 ipse
1081 828 1182 883 sibi
1216 827 1517 898 imputavit,
1545 837 1599 883 et
1628 829 1694 882 ad
1724 828 1943 884 meliora

371 914 605 970 reditum
650 916 874 987 largitus
900 912 1007 973 est.
1041 919 1284 990 Purpura
1330 935 1553 991 regnum
1601 919 1943 991 signiﬁcavit,

370 1004 614 1078 δή.οω
658 1008 866 1065 calamo
914 1010 1281 1067 infirmitatem
1326 1010 1785 1082 fragilitatemque
1848 1027 1948 1083 po-

375 1096 558 1150 tentiae
585 1096 784 1152 diaboli
819 1099 1018 1165 innuit,
1063 1101 1219 1171 alapa
1267 1110 1510 1157 nostram
1547 1102 1843 1172 publicavit
1884 1102 1950 1157 li.

373 1186 661 1255 bertatem,
690 1189 845 1247 nobis
874 1192 1083 1247 debitas
1115 1192 1354 1249 tolerans
1383 1194 1497 1265 ipse
1542 1194 1789 1261 injurias,
1830 1209 1950 1249 cor-

2045 565 2154 635 γὰρ
2182 565 2283 634 τὴν
2317 560 2596 634 ἁμαρτίαν
2628 559 2771 631 [ρυιί.
2798 550 3115 626 τιμωρίαν],
3133 552 3365 623 ἤκουσεν
3389 548 3624 607 ἐκεῖνος’

2051 674 2070 708 ι
2120 656 2549 724 Ἐπικατάρατος
2583 653 2615 722 ή
2649 648 2719 719 γῆ
2754 649 2810 701 ὲν
2837 648 2952 710 τοῖς
2980 645 3165 717 ἔργοις
3221 658 3338 707 σου,
3377 638 3630 698 ἀκάνθας

2045 746 2141 800 καὶ
2185 746 2467 818 τριϐόλους
2513 742 2764 797 ἀνατελεί
2794 757 2877 793 σοι
2911 742 2983 810 ι),
3014 738 3102 791 διὰ
3134 736 3193 792 δὲ
3235 736 3334 806 τῆς
3359 732 3528 802 χολῆς
3567 730 3631 781 τὸ

2047 838 2243 908 πικρὸν
2273 838 2368 891 καὶ
2394 837 2652 892 ἐπίπονον
2681 833 2782 903 τῆς
2822 830 3023 902 θνητῆς
3061 830 3156 883 καὶ
3188 825 3437 896 παθητῆς
3475 820 3631 889 ζωῆς

2047 930 2158 983 τῶν
2192 928 2496 1000 ἀνθρώπων
2526 930 2608 992 είς
2636 926 2829 979 ἑαυτὸν
2853 922 3253 993 ἀναλαμϐάνων
3273 935 3287 949 ·
3323 917 3413 972 διὰ
3439 916 3501 970 δὲ
3530 913 3631 967 τοῦ

2048 1015 2204 1081 δξους
2249 1016 2350 1085 τὴν
2396 1016 2488 1070 ἐπὶ
2515 1015 2575 1069 τὸ
2604 1016 2783 1087 χεῖρον
2831 1015 2940 1067 τῶν
2984 1010 3286 1083 ἀνθρώπων
3320 1005 3634 1079 μεταϐολὴν

2049 1106 2210 1169 αὐτὸς
2252 1105 2566 1175 δεχόμενος,
2605 1104 2701 1159 καὶ
2730 1102 2831 1175 τὴν
2861 1104 2941 1168 είς
2974 1103 3033 1156 τὸ
3066 1102 3316 1171 κρεῖττον
3367 1096 3636 1151 ἐπάνοδον

2050 1197 2443 1269 χαριζόμενος·
2512 1198 2580 1267 τῇ
2630 1194 2921 1267 πορφυρίδι
2974 1193 3263 1265 σημαίνων
3319 1190 3420 1260 τὴν
3468 1187 3635 1259 βασι-

374 1281 645 1337 rectiones
670 1294 831 1354 atque
850 1285 1051 1354 plagas.
1072 1284 1259 1354 Latus,
1276 1301 1429 1357 aeque
1457 1301 1522 1342 ac
1545 1287 1809 1353 Adamus,
1826 1303 1950 1356 per-

2066 1290 2230 1355 κείαν,
2279 1289 2357 1359 τῷ
2390 1287 2619 1358 καλάμῳ
2660 1287 2721 1342 τὸ
2759 1286 2984 1349 ἀσθενὲς
3023 1285 3119 1339 καὶ
3170 1282 3366 1355 σαθρὸν
3398 1282 3497 1352 τῆς
3536 1278 3637 1331 τοῦ

377 1372 574 1441 fossus,
619 1390 728 1431 non
761 1385 937 1432 tamen
988 1377 1243 1433 feminam
1295 1378 1420 1434 inde
1449 1388 1816 1449 emergentem
1857 1394 1953 1435 ex-

2066 1381 2302 1436 Βιαϐόλου
2342 1380 2623 1451 δυνάμεως
2648 1378 3016 1449 αἰνιττόμενος
3036 1416 3051 1440 ,
3080 1375 3160 1446 τῷ
3196 1374 3502 1447 ραπίσματι
3534 1368 3640 1441 τὴν

377 1465 587 1534 bibens,
618 1481 738 1537 quae
790 1478 1018 1525 mortem
1066 1485 1166 1526 suo
1213 1486 1401 1526 errore
1430 1471 1634 1542 genuit,
1686 1473 1779 1526 sed
1829 1473 1953 1527 vita:

2066 1472 2327 1546 ήμετέραν
2354 1472 2639 1544 κηρύττων
2687 1469 3021 1541 ἐλευθερίαν,
3065 1468 3164 1532 τὰς
3195 1465 3469 1537 ἡμετέρας
3505 1464 3642 1515 ὑπο-

376 1558 578 1614 foutem
603 1561 692 1629 qui
720 1561 917 1631 duplici
952 1563 1121 1618 rivulo
1146 1565 1402 1619 mundum
1424 1564 1697 1631 vivificat;
1723 1580 1951 1634 quorum

2066 1564 2234 1637 μένων
2280 1564 2465 1636 ὕϐρεις
2497 1605 2511 1627 ,
2563 1564 2657 1618 καὶ
2695 1561 2978 1626 παιδείας,
3026 1562 3121 1614 καὶ
3174 1560 3463 1629 μάστιγας.
3526 1553 3643 1621 Τὴν

378 1648 515 1704 alter
545 1651 597 1705 in
630 1652 949 1721 baptisterio
986 1669 1085 1710 nos
1132 1664 1358 1709 renovat
1388 1664 1444 1709 et
1489 1655 1780 1709 immortali
1815 1655 1952 1711 stola

2066 1656 2298 1729 πλευράν
2344 1655 2423 1727 τῷ
2468 1656 2642 1727 Ἀδὰμ
2688 1654 3071 1727 παραπλήσιον
3118 1650 3479 1719 νυττόμενος,
3526 1644 3644 1698 ἀλλ’

376 1742 560 1807 vestit,
604 1742 741 1798 alter
770 1744 982 1815 genitos
1019 1744 1115 1799 alit
1148 1748 1199 1801 in
1250 1747 1428 1801 divina
1474 1761 1684 1812 mensa,
1725 1762 1821 1802 ceu
1875 1748 1955 1803 lac

2066 1750 2118 1803 οὐ
2156 1750 2393 1819 γυναῖκα
2437 1746 2731 1815 προϊοῦσαν
2772 1745 2980 1800 ἐκεῖθεν
3014 1743 3248 1807 δεικνὺς,
3278 1742 3367 1795 τὸν
3408 1738 3648 1793 θάνατον

379 1835 651 1902 parvulos.
1992 1826 2034 1882 Β
2062 1841 2150 1895 διὰ
2190 1840 2289 1911 τῆς
2329 1838 2545 1909 ἀπάτης
2584 1840 2945 1911 γεννήσασαν,
2979 1836 3116 1890 ἀλλὰ
3146 1834 3329 1905 πηγὴν
3373 1830 3524 1899 ζωῆς
3566 1826 3648 1896 τῷ

377 1928 551 1998 διπλῷ
583 1932 783 2000 νάματι
818 1932 914 2001 τὴν
947 1932 1274 2003 οἰκουμένην
1320 1934 1728 2004 ξωογονοῠσανο
1776 1926 1853 1987 ὧν
1890 1931 1952 1985 τὸ
1993 1932 2092 2004 μὲν
2121 1934 2269 2003 ἡμᾶς
2303 1935 2361 1987 ἐν
2430 1930 2786 2004 κολυμϐήθρᾳ
2849 1931 3103 1994 νεοποιεῖ,
3153 1927 3245 1979 καί⁵
3274 1926 3340 1995 τῇ
3387 1919 3647 1989 ἀθανάτῳ

380 2025 698 2094 περιϐάλλει
729 2028 887 2100 στολῇ
915 2045 925 2056 ·
962 2029 1023 2081 τὸ
1064 2028 1121 2081 δὲ
1166 2028 1358 2100 τρέφει
1388 2029 1749 2102 γεννηθέντας
1788 2032 1847 2082 ὲν
1882 2030 1950 2099 τῇ
1990 2027 2238 2100 τραπέζῃ
2263 2032 2329 2100 τῇ
2359 2028 2500 2099 θείᾳ,
2535 2026 2789 2098 καθάπερ
2818 2024 2887 2079 τά
2922 2023 3100 2096 βρέφη
3127 2022 3187 2075 τὸ
3220 2021 3382 2090 γάλα-

380 2160 613 2218 XXVIII.
673 2162 824 2227 Quod
859 2179 923 2217 ex
948 2160 1145 2217 Christi
1200 2164 1518 2218 cruciatibus
1581 2164 1725 2218 salus
1771 2169 1952 2216 nostra

2066 2160 2197 2213 KH'.
2232 2159 2359 2212 "Ott
2387 2156 2485 2210 διὰ
2509 2155 2643 2227 τῶνΔ
2662 2154 2770 2209 τοῦ
2800 2154 3060 2227 Χριστοῦ
3084 2151 3290 2207 παθῶν
3317 2151 3357 2217 ἠ
3390 2150 3651 2221 ἡμετέρα

1055 2245 1171 2287 orla
1197 2236 1287 2287 sit.

449 2365 749 2421 Pharmaca
788 2367 972 2437 itaque
1005 2377 1190 2421 nostra
1235 2377 1361 2423 sunt
1413 2368 1724 2425 Servatoris
1790 2372 1961 2426 nostri

382 2462 671 2515 cruciatus.
702 2458 854 2525 Quod
881 2460 1139 2529 propheta
1159 2462 1360 2515 docens
1396 2462 1472 2517 ait
1502 2481 1515 2517 :
1547 2481 1565 2514 ι
1591 2461 1709 2533 Ipse
1740 2475 1962 2534 peccata

382 2560 564 2606 nostra
603 2549 825 2619 perfert,
863 2560 919 2605 et
948 2565 1045 2620 pro
1070 2550 1223 2606 nobis
1252 2552 1397 2607 dolet
1433 2571 1447 2607 :
1479 2568 1577 2609 nos
1605 2566 1781 2609 autem
1803 2571 1963 2624 repu-

384 2641 615 2695 tavimus
652 2656 776 2697 eum
831 2641 885 2696 in
942 2641 1129 2696 labore
1166 2651 1222 2697 et
1257 2643 1411 2713 plaga
1458 2652 1622 2714 atque
1677 2644 1965 2701 afﬂictione

384 2733 611 2787 versari.
646 2730 765 2803 Ipse
802 2733 1114 2789 vulneratus
1145 2744 1228 2789 est
1255 2744 1475 2805 propter
1500 2747 1721 2807 peccata
1755 2750 1963 2803 nostra,

386 2813 603 2879 attritus
630 2834 715 2880 est
752 2833 972 2895 propter
1006 2824 1211 2879 scelera
1240 2834 1425 2880 nostra
1460 2842 1477 2884 :
1506 2826 1792 2897 disciplina
1814 2830 1966 2898 pacis

388 2927 587 2971 nostra:
613 2931 775 2986 super
806 2931 929 2972 eum
959 2934 973 2970 :
1010 2915 1179 2971 livore
1207 2916 1322 2987 ejus
1380 2931 1479 2972 nos
1534 2918 1712 2973 sanati
1756 2934 1965 2977 sumus.

388 3011 591 3063 Omnes
626 3010 783 3079 quasi
813 3023 943 3064 oves
979 3009 1283 3064 erravimus
1315 3026 1330 3076 ;
1374 3009 1495 3065 ideo
1550 3018 1803 3080 tanquam
1851 3013 1969 3069 ovis

388 3104 455 3158 ad
478 3102 801 3156 occisionem
838 3102 1030 3156 ductus
1048 3109 1150 3167 est,
1180 3110 1234 3155 et
1264 3101 1406 3155 sicut
1431 3115 1603 3169 agnus
1635 3116 1819 3156 coram
1852 3113 1970 3157 ton-

389 3196 552 3250 dente
592 3209 653 3250 se
696 3194 967 3250 obmutuit
992 3192 1060 3249 ⁸³.
1101 3211 1121 3245 ›
1173 3191 1241 3247 Et
1282 3193 1424 3247 sicut
1459 3203 1645 3263 pastor
1697 3193 1971 3263 dispersas

388 3303 519 3342 oves
542 3302 792 3352 cernens,
835 3301 994 3341 unam
1022 3300 1089 3341 ex
1120 3285 1313 3341 ovibus
1366 3300 1526 3339 manu
1583 3295 1791 3350 tenens,
1826 3297 1880 3340 et
1900 3288 1968 3343 ad

2580 2224 2787 2296 γέγονε
2836 2224 3121 2293 σωτηρία.

2130 2363 2403 2435 Φάρμακα
2428 2361 2608 2416 τοίνυν
2662 2358 2811 2413 ἐστὶν
2859 2357 3103 2429 ἡμέτερα
3152 2354 3221 2409 τά
3257 2354 3351 2407 τοῦ
3398 2354 3659 2423 Σωτῆρος

2062 2456 2219 2529 ἡμῶν
2250 2455 2590 2526 παθήματα⁶
2640 2454 2737 2508 καὶ
2783 2451 2941 2506 τοῦτο
2982 2450 3246 2505 διδάσκων
3287 2450 3315 2501 ό
3358 2449 3659 2519 προφήτης

2066 2548 2201 2622 βοᾷ·
2244 2570 2263 2602 ι
2292 2548 2465 2613 Αὐτός
2512 2548 2613 2612 τὰς
2664 2546 2937 2619 ἁμαρτίας
2970 2545 3129 2617 ήμῶν
3160 2544 3336 2616 φέρει,
3372 2544 3471 2597 καὶ
3512 2542 3662 2613 ὑπὲρ

2063 2642 2097 2713 ή
2107 2642 2220 2713 μῶν
2246 2642 2499 2695 ὀδυνᾶται
2519 2655 2533 2669 ⁸
2563 2642 2727 2711 ἡμεῖς
2752 2639 2807 2693 δὲ
2835 2639 3203 2710 ἐλογισάμεθα
3228 2638 3394 2690 αὑτὸν
3420 2634 3572 2690 εἶναι
3598 2639 3658 2690 ἒν

2064 2734 2233 2803 πόνῳ,
2272 2732 2366 2786 καλ⁵
2412 2734 2473 2786 ἐν
2522 2732 2733 2803 πληγῇ,
2790 2731 2885 2785 καὶ
2936 2733 2995 2784 ὲν
3034 2728 3314 2792 κακώσει·
3375 2727 3552 2791 αὐτὸς
3604 2726 3661 2780 δὲ

2065 2828 2478 2902 ὲτραυματίσθη
2504 2826 2593 2880 διὰ¹
2620 2828 2722 2889 τὰς
2754 2825 3030 2897 ἁμαρτίας
3059 2824 3239 2897 ήμιῖιν,
3275 2824 3371 2877 κα)⁸
3402 2839 3469 2894 με
3482 2822 3663 2893 μαλά-

2064 2935 2249 2974 κισται
2282 2917 2370 2971 διὰ
2398 2918 2498 2982 τὰς
2520 2916 2751 2989 ἀνομίας
2775 2917 2934 2988 ἡμῶν
2957 2934 2970 2946 ·
3003 2915 3222 2969 παιδεία
3246 2914 3473 2985 εἰρήνης
3501 2914 3663 2983 ήμῶν

2070 3011 2158 3063 ἐπ’
2181 3010 2330 3080 αὐτῷ
2356 3028 2368 3040 ·
2404 3009 2481 3079 τῷ
2512 3008 2739 3080 μώλωπι
2769 3009 2933 3063 αὑτοῦ
2962 3011 3126 3079 ἡμεῖς
3149 3007 3380 3075 ίάθημεν
3403 3024 3419 3038 ο
3452 3006 3663 3067 πάντες

2066 3100 2142 3165 ὼς
2174 3100 2425 3170 πρόϐατα
2453 3100 2860 3172 ἐπλανήθημεν,
2885 3100 2965 3153 διὸ
2988 3100 3064 3162 ὡς
3093 3097 3367 3169 πρόϐατον
3392 3096 3491 3148 ἐπὶ
3526 3113 3664 3164 σφα-

2067 3191 2169 3263 γὴν
2222 3193 2385 3264 ήχθη,
2440 3193 2535 3246 καὶ
2577 3193 2654 3256 ὡς
2712 3192 2885 3263 ἀμνὸς
2932 3191 3174 3244 ἐναντίον
3222 3188 3317 3243 τοῦ
3371 3189 3666 3260 κείραντος

2067 3282 2231 3336 αὐτὸν
2262 3282 2495 3351 ἄφωνος.
2530 3302 2548 3334 ι
2601 3284 2711 3337 Καὶ
2759 3282 3010 3353 καθάπερ
3048 3281 3251 3353 ποιμὴν
3290 3280 3362 3334 τὰ
3412 3281 3670 3353 πρόϐατα

389 3380 646 3447 placitum
674 3378 776 3433 sibi
804 3392 1060 3449 pascuum
1089 3376 1317 3445 ducens,
1347 3376 1583 3447 reliquas
1614 3376 1777 3432 etiam
1804 3377 1963 3450 hujus

2071 3376 2504 3446 διεσκεδασμένα
2544 3375 2790 3448 θεωρῶν,
2825 3376 2884 3429 ἒν
2928 3375 3035 3429 τῶν
3065 3374 3351 3446 προϐάτων
3386 3374 3667 3445 κατέχων,

390 3471 640 3541 exemplo
685 3470 752 3525 ad
792 3483 851 3525 se
903 3468 1325 3539 pertrahit;sic
1348 3466 1491 3523 Deus
1544 3465 1780 3522 Verbum
1839 3484 1960 3523 cum

391 3577 563 3633 genus
595 3563 871 3617 hominum
902 3560 1265 3616 errabundum
1310 3560 1556 3623 vidisset,
1600 3562 1742 3615 servi
1793 3560 1965 3615 forma

391 3665 692 3726 assumpta,
722 3668 893 3724 eaque
915 3652 1017 3708 sibi
1056 3650 1325 3721 copulata,
1367 3653 1434 3706 ad
1465 3667 1524 3707 se
1550 3667 1645 3722 per
1667 3652 1811 3707 illam
1838 3667 1969 3708 eon—

390 3746 558 3799 vertit
610 3745 917 3800 universam
951 3745 1230 3798 hominum
1264 3755 1535 3809 naturam,
1568 3753 1732 3814 atque
1771 3743 1838 3798 ad
1883 3742 1967 3797 di-

392 3841 520 3894 vina
567 3854 766 3911 pascua
799 3840 1023 3893 deduxit
1076 3853 1170 3893 eos
1198 3838 1289 3907 qui
1333 3836 1471 3891 male
1504 3837 1867 3907 pascebantur
1915 3847 1970 3892 et

350 3928 353 3931 ’
391 3930 533 4001 lupis
573 3941 731 3986 erant
758 3929 979 3999 objecti.
1000 3930 1292 3999 Propterea
1312 3929 1569 3984 Servator
1596 3938 1781 3983 noster
1810 3938 1970 3984 natu-

392 4038 509 4076 ram
540 4030 781 4075 nostram
810 4021 1100 4089 assumpsit
1130 4037 1143 4073 :
1184 4030 1469 4089 prepterea
1500 4018 1750 4074 Christus
1794 4020 1971 4073 Domi-

394 4130 494 4168 nus
527 4112 860 4169 salutiferam
886 4112 1102 4181 excepit
1141 4110 1469 4180 passionem,
1509 4110 1778 4179 mortique
1818 4112 1970 4166 dedi-

394 4217 499 4271 tus,
542 4204 787 4275 sepulcro
833 4204 1083 4267 traditus,
1130 4202 1403 4272 antiquam
1440 4203 1584 4256 illaut
1622 4204 1965 4275 tyrannidem

392 4298 618 4366 depulit,
650 4308 705 4352 et
751 4295 1057 4365 corruptela
1108 4296 1342 4350 detentis
1402 4294 1965 4365 incorruptibilitatem

392 4389 662 4459 promisit.
723 4383 857 4440 Nam
897 4383 1221 4439 dissolutqu
1282 4384 1541 4455 templum
1572 4393 1885 4439 restaurans
1915 4391 1970 4437 et

392 4480 748 4543 resuscitans,
770 4478 999 4532 mortuis
1024 4491 1239 4547 quoque
1263 4485 1426 4547 atque
1467 4475 1585 4545 ejus
1620 4476 1971 4531 resurrectio-

392 4588 517 4628 nem
553 4569 996 4641 exspectantibus
1048 4585 1205 4625 veras
1245 4569 1538 4638 firmasque
1575 4568 1736 4642 84],
1769 4586 1817 4623 m
1853 4587 1971 4640 pro-

393 4664 684 4719 missiones
743 4662 998 4717 ostendit.
1054 4661 1190 4715 Nam
1239 4661 1716 4730 quemadmodum,
1768 4662 1965 4730 inquit,

2071 3467 2166 3519 καὶ
2192 3468 2275 3535 ἐφ’
2302 3467 2369 3538 ἣν
2400 3466 2651 3537 βούλεται
2689 3468 2862 3538 νομὴν
2904 3467 3076 3535 ἄγων,
3115 3467 3264 3520 ’ἐλκει
3293 3466 3365 3519 τά
3398 3467 3572 3521 λοιπά
3596 3466 3670 3520 δι’

2070 3559 2280 3612 ἐκείνου
2315 3559 2449 3629 πρὸς
2470 3560 2681 3613 ἑαυτόν·
2714 3560 2887 3624 οὕτως
2908 3562 2936 3613 ὁ
2957 3559 3091 3623 Θεὸς
3118 3559 3292 3627 Λόγος
3318 3559 3432 3612 τῶν
3456 3560 3670 3630 ἀνθρὼ-

2072 3668 2190 3702 πων
2226 3650 2286 3703 se
2317 3650 2477 3717 γένος
2512 3649 2937 3722 πεπλανημένον
2971 3649 3115 3714 ἰδὼν,
3150 3648 3244 3702 τοῦ
3267 3649 3460 3703 δούλου
3480 3648 3669 3703 λαϐὼν

2070 3741 2167 3813 τὴν
2200 3742 2435 3814 μορφὴν,
2482 3742 2578 3796 καὶ
2610 3742 2817 3813 ταύτην
2849 3743 3097 3813 συνάψας
3129 3743 3329 3814 ἑαυτῷ,
3362 3744 3507 3815 πρὸς
3540 3745 3666 3797 ἑαυ-

2069 3833 2162 3886 τὸν
2190 3833 2257 3886 δι’
2290 3834 2508 3905 ἐκείνης
2542 3834 2843 3906 ἐπέστρεψε
2886 3835 3068 3889 πᾶσαν
3096 3836 3193 3907 τὴν
3216 3836 3323 3889 τῶν
3351 3835 3451 3889 ἀνθ
3463 3836 3665 3908 ρώπων

2071 3923 2253 3993 φύσιν,
2296 3927 2390 3978 καὶ
2433 3928 2511 3990 εἰς
2558 3927 2657 3997 τὴν
2699 3927 2849 3980 θείαν
2899 3929 3069 3998 νομὴν
3120 3929 3297 3999 ἤγαγε
3349 3930 3423 3983 τά
3476 3931 3666 3994 κακῶς

2070 4017 2367 4087 νεμόμενα,
2399 4020 2494 4073 καὶ
2522 4021 2634 4083 τοῖς
2666 4018 2853 4083 λύκοις
2886 4019 3246 4091 προκείμενα.
3290 4022 3393 4075 Διά
3434 4022 3613 4077 ταῦτα
3638 4026 3665 4076 ὁ

2070 4109 2263 4180 Σωτὴρ
2317 4110 2345 4161 ό
2399 4110 2673 4181 ἡμέτερος
2729 4110 2829 4181 τὴν
2876 4111 3153 4184 ήμετέραν
3194 4112 3361 4182 φύσιν
3406 4114 3659 4169 ἀνέλαϐε.

2069 4200 2171 4253 Διὰ
2186 4201 2356 4254 ταῦτα
2381 4203 2408 4253 ὁ
2423 4204 2702 4273 Δεσπότης
2726 4204 2961 4276 Χριστὸς
2975 4204 3044 4258 τά
3062 4208 3304 4277 σωτήρια
3331 4207 3664 4273 κατεδέξατο

2071 4292 2245 4363 πάθη,
2276 4294 2372 4346 καὶ
2395 4292 2613 4365 θανάτῳ
2643 4296 3094 4367 παραπεμφθεὶς,
3128 4299 3224 4352 καὶ
3249 4302 3396 4371 ταφῇ
3426 4300 3665 4369 παραδο-

2071 4385 2205 4449 θεὶς,
2237 4386 2297 4439 τὸ
2328 4387 2427 4456 μὲν
2468 4387 2703 4441 παλαιὸν
2733 4391 2906 4443 ἐκεῖνο
2936 4390 3031 4442 καὶ
3062 4390 3417 4461 πολυχρόνιον
3456 4393 3661 4463 κράτος

2071 4478 2247 4544 ἔλυσε,
2285 4483 2395 4544 τοῖς
2422 4481 2480 4534 δὲ
2506 4484 2573 4553 τῇ
2597 4482 2771 4553 φθορᾷ
2793 4483 3190 4553 πεπεδημένοις
3214 4485 3314 4556 τὴν
3343 4484 3665 4557 ἀφθαρσίαν

2072 4570 2363 4641 ὑπέσχετο.
2401 4571 2505 4623 Τὸν
2534 4572 2642 4641 γὰρ
2669 4572 2898 4625 λυθέντα
2931 4573 3054 4625 ναὸν
3080 4563 3536 4644 ἀνοικοδομήσας,
3569 4575 3665 4628 καὶ

2071 4662 2379 4735 ἀνεγείρας,
2441 4664 2535 4717 καὶ
2578 4667 2688 4728 τοῖς
2742 4666 3018 4736 κειμένοις
3069 4667 3161 4718 καὶ
3205 4666 3663 4737 προσδεχομένοις

392 4763 608 4825 sumpta
631 4770 697 4809 ex
723 4753 877 4810 vobis
904 4764 1119 4818 natura,
1154 4753 1375 4808 deitatis
1398 4752 1963 4823 inhabitationeatque

2073 4754 2237 4807 αὑτοῦ
2268 4756 2367 4826 τὴν
2401 4756 2700 4810 ἀνάστασιν
2730 4758 2951 4828 ἀληθεῖς
2981 4760 3072 4813 καὶ
3097 4758 3322 4829 βεϐαίας
3348 4758 3451 4825 τὰς
3513 4761 3664 4814 ὑπο-

394 4844 743 4909 adunatione,
763 4844 1216 4899 resurrectionem
1243 4843 1497 4909 obtinuit,
1522 4853 1575 4899 et
1605 4844 1971 4913 corruptibili-

396 4948 507 4993 tate
533 4936 982 5007 passionibusqne
1006 4935 1284 5005 depositis,
1313 4935 1378 4989 ad
1398 4934 1966 5005 incorruptibilitatem

394 5027 964 5096 immortalitatemque
993 5027 1263 5090 transivit,
1297 5028 1376 5081 sic
1406 5033 1460 5080 et
1487 5040 1581 5081 vos
1612 5026 1748 5080 dura
1776 5026 1967 5080 mortis

394 5120 657 5177 servitute
690 5117 1062 5184 absolvemini,
1092 5117 1411 5186 abjectaque
1457 5118 1806 5186 corruptione
1842 5130 1964 5170 cum

393 5210 759 5284 passionihus,
815 5208 1248 5279 impassibilitate
1290 5207 1617 5262 vestiemini.
1666 5205 1889 5262 ldcirco‘
1920 5215 1974 5262 et

395 5301 649 5376 baptismi
710 5303 910 5358 donum
961 5301 1170 5356 cunctis
1214 5299 1524 5354 hominibus
1573 5314 1670 5368 per
1698 5298 1971 5369 apostolos

396 5397 565 5452 misit.
601 5412 620 5447 ι
656 5392 856 5449 Euntes
885 5394 1053 5458 enim,
1092 5392 1289 5462 inquit,
1320 5393 1507 5447 docete
1535 5405 1727 5447 omnes
1758 5391 1968 5462 gentes,

399 5489 738 5559 baptizantes
764 5504 858 5542 eas
906 5489 957 5543 in
1008 5487 1223 5543 nomine
1268 5485 1455 5540 Patris
1475 5491 1532 5539 et
1564 5482 1687 5538 Filii
1714 5494 1768 5539 et
1797 5483 1971 5554 Spiri-

399 5590 486 5634 tus
521 5580 694 5635 sancti
720 5580 786 5633 ⁸³.
833 5599 849 5632 ι
881 5578 1186 5649 Baptismus
1235 5574 1577 5633 adumbratio
1603 5575 1849 5646 quaedam
1884 5585 1971 5631 est

2078 4845 2293 4915 σχέσεις
2313 4846 2610 4912 ὑπέδειξεν.
2639 4850 2736 4902 Ὃν
2755 4848 2957 4920 τρόπον
2987 4851 3115 4920 γάρ,
3146 4850 3330 4920 φησὶν,
3355 4853 3389 4922 ή
3418 4850 3482 4916 ἐξ
3509 4852 3663 4924 ὑμῶν

2071 4936 2444 5006 ἀναληφθεῖσα
2472 4937 2634 5007 φύσις
2657 4942 2723 5010 τῇ
2752 4940 2853 5013 τῆς
2886 4939 3139 5011 θεότητος
3164 4942 3434 5013 ἐνοικήσει
3468 4958 3536 4995 τε
3570 4945 3662 4995 καὶ

2075 5026 2284 5090 ὲνώσει,
2327 5031 2427 5100 τῆς
2454 5030 2806 5093 ἀναστάσεως
2834 5031 3016 5101 ἔτυχε,
3044 5032 3138 5084 καὶ
3171 5032 3234 5086 τὸ
3263 5032 3506 5103 φθαρτὸν
3534 5035 3663 5087 ἀνα-

2073 5120 2333 5191 τιθεμένη
2380 5123 2479 5175 σὺν
2534 5126 2646 5187 τοῖς
2698 5123 3021 5194 παθήμασιν
3069 5124 3151 5186 είς
3197 5124 3519 5194 ἀφθαρσίαν
3570 5126 3662 5179 καὶ

2068 5210 2371 5267 ἀθανασίαν
2407 5215 2631 5287 μετέϐηο
2673 5215 2816 5269 οὕτω
2846 5218 2943 5270 καὶ
2973 5216 3132 5286 ὑμεῖς
3160 5215 3260 5286 τῆς
3283 5216 3535 5287 χαλεπῆς
3568 5216 3661 5271 τοῦ

2069 5305 2301 5359 θανάτου
2348 5292 2597 5373 δουλείας
2636 5308 3116 5378 ἀπαλλαγήσεσθε,
3171 5310 3266 5361 καὶ
3304 5308 3404 5378 τὴν
3447 5309 3661 5382 φθοράν

2067 5397 2473 5468 ἀπορρίψαντες
2499 5400 2596 5454 σὺν
2620 5403 2733 5464 τοῖς
2770 5398 3019 5466 πάθεσιν,
3044 5399 3335 5453 ἐνδύσασθε
3376 5400 3482 5471 τὴν
3520 5402 3659 5455 ἀπά-

2069 5487 2239 5543 θειαν.
2281 5490 2373 5542 Διὸ
2403 5491 2497 5543 καὶ
2528 5491 2589 5544 τὸ
2633 5491 2804 5563 δῶρον
2831 5489 2927 5544 τοῦ
2960 5490 3334 5562 βαπτίσματος
3360 5494 3537 5544 πᾶσιν
3567 5493 3656 5546 ἀν-

2066 5578 2305 5650 θρώποις
2336 5581 2424 5636 διὰ
2449 5582 2558 5637 τῶν
2593 5582 2908 5637 ἀποστόλων
2954 5581 3248 5651 ἐξέπεμψε.
3307 5600 3325 5635 ι
3353 5583 3657 5654 Πορευθέν-

474 5758 518 5789 "’
553 5758 687 5814 Gen.
720 5776 799 5826 ιιι,
832 5759 911 5813 17.
989 5752 1034 5792 ⁸³
1062 5759 1160 5815 lsa.
1192 5775 1302 5822 Lm.
1341 5758 1357 5812 l
1393 5774 1544 5830 seqq.
1622 5758 1665 5791 ⁸³
1698 5758 1885 5816 Matth.
1923 5773 1963 5815 xv

2066 5777 2117 5825 ll,
2150 5761 2229 5817 l9.
