3856 6212
168 411 299 468 “69

1318 404 1407 460 DE
1447 400 1961 461 INCARNATIONE
1998 397 2254 456 DOMINI.

3273 379 3409 436 M70

164 546 252 593 τες
283 526 413 599 γάρ,
444 525 602 599 φησι,
638 525 1014 598 μαθητεύσατε
1062 521 1238 577 πάντα
1265 521 1335 576 τὰ
1377 521 1528 591 εθνη,
1554 520 1743 591 βαπτί-

1873 529 1898 574 t
1932 528 2090 590 typus
2144 512 2337 571 mortis
2398 508 2710 566 Dominicaz.
2744 524 2762 556 ι
2803 503 2936 558 Nam
2965 500 3007 556 si
3032 496 3401 565 complantati,

165 620 344 685 ζοντες
373 618 571 681 αὐτοὺς
597 618 678 682 είς
697 617 759 670 τὸ
780 616 952 687 ὄνομα
978 612 1070 667 τοῦ
1089 611 1324 682 Πατρὸς,
1346 610 1554 666 καὶτοῦ
1578 608 1730 674 Υἱοῦ,

164 710 258 765 καὶ
282 708 377 762 τοῦ
402 709 559 778 ἁγίου
587 706 919 779 Πνεύματος.
949 703 1363 776 »ζΤδβάπτισμα
1376 701 1470 755 τοῦ
1484 704 1735 755 Δεσποτι-

1839 587 2010 710 inquit
2077 606 2309 672 Paulus,
2380 603 2584 658 ruimus
2635 594 2973 653 similitudini
3034 590 3221 645 mortis
3284 587 3406 644 Filii

1839 698 1977 767 ejus,
2011 697 2216 752 erimus
2252 706 2308 749 et
2330 692 2750 750 resurrectionis
2775 688 2821 719 ⁸⁸
2855 705 2873 737 ι

166 801 259 911 κοῦ
287 800 513 911 θανάτου
540 796 881 904 σκιαγραφία
924 814 1010 861 τις
1051 763 1300 867 ὑπάρχει.
1354 793 1449 849 καὶ
1490 792 1680 856 τύπος.
1722 810 1742 844 ι
1792 763 2009 861 Είνγὰρ
2047 788 2340 859 σύμφυτοι,
2403 785 2567 855 φησὶν
2618 784 2647 835 6
2686 777 2923 840 Παῦλος,
2984 774 3285 842 γεγόναμεν
3332 763 3411 836 τῷ

390 910 405 911 η
534 909 568 911 γ-
653 890 877 911 Αω.ι--..
930 888 1019 911 --91
1053 887 1183 911 νι-9ἒ
1221 886 1378 911 ...ο-,9-
1443 884 1575 911 ιὶῖλ.
1620 885 1709 911 ...Α
1754 886 1856 911 -ῗιρ
1892 881 2240 911 3η.---ιιρρ.-υο
2279 877 2511 911 Laubmann
2567 893 2586 911 ι

166 892 466 966 ὁμοιώματι
515 892 611 947 τοῦ
652 890 881 947 Θανάτου
926 888 1022 944 τοῦ
1053 887 1185 944 Υίοῦ
1215 886 1405 953 αὐτοῦ,
1437 884 1576 940 ἀλλά
1620 885 1716 939 καλ⁵
1753 886 1856 954 τῆς
1889 881 2240 945 ἀναστάσεως
2279 877 2535 948 ἐσόμεθα.
2567 893 2586 927 ι

169 1026 314 1112 ΚΘῼ
361 1022 818 1112 ᾏπόυδειξις-έκ
1033 1021 1456 1112 λἰξποστόλου,
1504 1018 1748 1089 γραφῶν

1873 1015 2040 1073 KXIX.
2062 1013 2145 1068 Ex
2167 1010 2401 1077 Apostoli
2427 1007 2633 1074 scriptis
2654 1005 2711 1073 ﬁt
2737 998 3109 1054 demonstratio
3133 992 3412 1063 perfectam

1950 1101 1960 1112 .
2119 1085 2278 1112 αξη..
2302 1084 2355 1112 ε..
2389 1073 2848 1112 ρι..εειη1ιηηιίηίι
2880 1079 3144 1112 naturam.

272 1095 406 1164 περὶ
442 1093 555 1164 τῆς
592 1093 826 1160 τελείας
867 1090 976 1146 τοῦ
1022 1090 1336 1160 ἀνθρώπου
1379 1090 1639 1159 φύσεως.

239 1206 396 1261 Οῦτω
436 1205 717 1275 γεννηθεὶς
759 1205 789 1258 ὁ
831 1204 1114 1275 Δεσπότης
1150 1202 1406 1275 Χριστὸς,
1436 1201 1579 1255 οῦτω
1612 1219 1744 1270 τρα-

170 1297 313 1366 φεὶς,
369 1295 514 1350 οὕτω
574 1294 1085 1367 θαυματουργήσας,
1146 1292 1234 1348 διὰ
1293 1291 1468 1347 ταῦτα
1532 1290 1741 1356 παθὼν,

2116 1073 2278 1152 fuisse
2302 1084 2357 1135 in
2389 1078 2601 1135 Christo
2621 1073 2848 1128 hominis
2880 1079 3144 1123 naturam.

1921 1200 2016 1257 Sic
2045 1208 2209 1253 natus
2240 1193 2491 1250 Christus
2529 1187 2812 1249 Dominus,
2874 1183 2953 1236 sic
3006 1176 3296 1249 egitritus,
3337 1180 3417 1227 tot

1850 1290 2131 1349 miraculis
2168 1288 2352 1345 editis,
2382 1293 2546 1354 atque
2599 1280 2667 1333 ob
2730 1277 2842 1332 haec
2898 1270 3132 1344 passioni
3182 1266 3415 1326 deditus,

173 1386 526 1494 σταυρωθεὶς,
563 1360 870 1453 ἀποθανὼν,
905 1360 1165 1457 κήρυκας
1210 1383 1538 1447 ἀποστείλας
1580 1384 1745 1436 πᾶσιν

584 1478 596 1493 ι
686 1477 700 1494 ο
908 1474 1150 1494 diu..-
1242 1474 1318 1494 ,μ
1377 1473 1464 1494 ,ιη

1873 1383 2165 1449 :rucilixus,
2216 1386 2480 1441 mortuus,
2530 1366 2970 1443 praedicatoribus
3022 1361 3087 1415 ad
3141 1360 3419 1413 universos

1899 1475 2094 1494 μηεμ--
2121 1472 2297 1494 -_:-..:..
2322 1467 2488 1494 -..ηερ
2513 1460 2784 1494 ,ιιρηςηηιία
2824 1458 2876 1494 in
2895 1454 3088 1494 nmium
3114 1456 3419 1494 agettnmlus

170 1454 479 1551 ἁνθρῶποις
519 1478 645 1541 τοὺς
686 1476 864 1549 ίερούς
902 1454 1173 1547 μαθητὰς,
1237 1474 1320 1537 είς
1373 1473 1464 1528 τὸν
1518 1470 1746 1543 οὐρανὸν

1873 1475 2097 1530 nomines
2121 1472 2298 1525 missis
2321 1467 2491 1523 sacris
2512 1460 2808 1531 discipulis,
2824 1458 2877 1511 in
2895 1454 3090 1511 coelum
3114 1456 3421 1517 assumptus

172 1568 449 1639 ἀνελήφθη
470 1582 485 1597 ·
542 1568 637 1621 καὶ
679 1566 850 1621 ταῦτα
910 1567 970 1619 ἐν
1021 1564 1303 1636 κεφαλαίῳ
1354 1565 1412 1618 ὲν
1455 1565 1568 1626 τοῖς
1612 1562 1751 1633 πρὸς

171 1661 436 1731 Τιμόθεον
455 1662 767 1731 γραφεῖσιν,
781 1661 809 1714 ὁ
825 1658 1144 1721 Ἀπόστολος
1166 1659 1311 1730 ήμᾶς
1334 1656 1537 1721 ἐδίδαξε
1555 1656 1749 1724 λέγων·

179 1775 197 1807 ι
220 1751 700 1824 Ὀμολογουμένως
726 1751 869 1823 μέγα
897 1750 1013 1805 ἐστὶ
1036 1751 1097 1804 τὸ
1123 1750 1223 1821 τῆς
1244 1748 1522 1810 εὐσεϐείας
1547 1747 1754 1818 μυστή-

1853 1567 1976 1624 fuit.
2019 1565 2144 1619 llaec
2188 1560 2403 1632 quidem
2440 1552 2769 1615 summatim,
2809 1548 2934 1602 dum
2984 1545 3049 1600 ad
3081 1540 3419 1595 Timotheum

1857 1656 2146 1716 scriberet,
2205 1628 2315 1704 'nos
2372 1646 2557 1701 docuit
2621 1638 2909 1710 Apostolus
2966 1635 3191 1687 dicens:
3238 1650 3255 1681 ι
3295 1628 3424 1682 Siue

1862 1745 2026 1802 dubio
2058 1755 2311 1812 magnum
2340 1746 2424 1792 est
2448 1731 2667 1804 pietatis
2702 1733 3121 1785 sacramentum,
3180 1720 3318 1773 Deus
3368 1714 3421 1768 in

176 1865 312 1919 ριον,
337 1846 470 1910 Θεὸς
507 1809 827 1917 ἐφανερῶθη
863 1846 921 1898 ἐν
963 1843 1145 1915 σαρκὶ,
1179 1809 1469 1910 ἐδικαιώθη
1588 1809 1755 1891 Πνεύ-

1873 1852 2022 1893 :arne
2071 1809 2343 1905 apparuit,
2402 1825 2727 1896 justiﬁeatus
2772 1827 2853 1874 est
2898 1817 2949 1869 in
3004 1811 3232 1883 Spiritu,
3276 1809 3425 1861 visus

178 1957 331 2040 ματι,
379 1937 533 2040 ῶφθη
576 1937 850 2040 ἀγγέλοις,
893 1933 1172 2007 ἐκηρύχθη
1205 1932 1430 1999 ἔθνεσιν,
1475 1928 1754 2002 ἐπιστὼθη

174 2024 235 2087 ἐῦ
268 2032 481 2103 κόσμῳ,
510 2028 788 2101 ἀνελήφθη
813 2030 871 2082 ἐν
897 2026 1044 2100 δόξῃ.
1075 2046 1094 2079 ›
1124 2026 1235 2080 Καὶ
1268 2025 1365 2097 τὴν
1389 2026 1487 2097 μὲν
1512 2024 1759 2095 φανέρω-

177 2140 263 2180 σιν
295 2121 588 2190 συνέζευξε
620 2124 687 2193 τῇ
732 2122 917 2192 σαρκὶ,
959 2120 1059 2191 τὴν
1092 2119 1149 2172 δὲ
1178 2118 1460 2173 δικαίωσιν
1488 2117 1629 2171 κατὰ
1660 2115 1758 2186 τὴν

174 2219 286 2273 τῶν
311 2216 609 2289 αἱρετικῶν
638 2215 999 2288 άϐελτηρίαν·
1047 2211 1342 2283 ἐδικαιώθη
1378 2212 1434 2265 δὲ
1469 2213 1535 2281 τῇ
1568 2224 1759 2279 συνερ-

173 2310 303 2381 γείᾳ
354 2309 449 2365 τοῦ
498 2310 837 2380 Πνεύματος.
885 2302 1033 2376 τΑρα
1079 2305 1141 2359 τὸ
1184 2304 1482 2359 δικαιῶσαν
1507 2299 1754 2370 Πνεῦμα,

176 2408 432 2478 κρεῖττον
477 2402 570 2457 τοῦ
607 2400 987 2465 δικαιωθέντος
1016 2398 1182 2463 Υἱοῦ;
1222 2396 1362 2451 Ἀλλ’
1378 2394 1563 2450 οὐκέτι
1588 2392 1761 2446 ταῦτα

174 2496 280 2549 οὐκ
321 2493 478 2548 ἐστι·
522 2492 584 2546 τὸ
625 2492 735 2563 γὰρ
784 2491 1057 2563 ήμὲτερον
1108 2486 1399 2557 ἐδικαιώθη
1435 2484 1523 2539 διὰ
1557 2482 1653 2537 τοῦ
1703 2486 1763 2538 ἐν

175 2586 332 2660 αὐτῷ
365 2584 772 2656 φανερωθέντος
801 2581 958 2649 Θεοῦ,
1007 2580 1066 2645 ὃς
1102 2578 1423 2651 ἀχωρίστως
1454 2576 1605 2647 αὐτῷ
1637 2591 1764 2628 συν-

172 2678 449 2750 ημμένος,
475 2677 575 2747 τήν
598 2692 657 2728 τε
686 2674 860 2746 ἄκραν
906 2673 1228 2727 ἐπαίδευσεν
1249 2670 1472 2741 ἀρετὴν,
1506 2670 1603 2723 καὶ
1647 2666 1762 2721 τῶν

178 2768 356 2840 βελῶν
382 2771 483 2840 τῆς
504 2765 781 2839 ἁμαρτίας
839 2762 1104 2835 ἐφύλαξεν
1133 2763 1415 2832 ἄγευστον,
1457 2761 1551 2814 καὶ
1582 2758 1765 2831 ἀμύη-

174 2880 293 2930 τον,
335 2862 557 2932 καὶτῆς
592 2857 900 2929 διαϐολικῆς
930 2856 1143 2928 ἀπάτης
1185 2856 1513 2927 ὑπέρτερον·
1542 2853 1637 2908 καὶ
1672 2853 1768 2906 θα-

174 2956 345 3009 νάτου
394 2952 531 3022 πρὸς
578 2951 752 3023 βραχύ
798 2948 1100 3020 γεύσασθαι
1146 2948 1530 3019 συγχωρήσας,
1557 2961 1770 3016 παραυ-

174 3045 309 3099 τίκα
324 3044 427 3115 τῆς
448 3041 657 3097 ἐκείνου
679 3038 993 3112 τυραννίδος
1014 3034 1312 3109 ἀπήλλαξε,
1332 3033 1543 3104 καὶτῆς
1564 3030 1771 3094 οἰκείας

174 3136 331 3207 αὐτῷ
361 3134 511 3203 ζωῆς
555 3130 913 3207 μεταδεδωκε,
954 3128 1049 3184 καὶ
1080 3130 1156 3192 είς
1199 3126 1461 3199 οὐρανοὺς
1505 3125 1768 3195 ἀνήγαγε,

176 3228 276 3283 καὶ
312 3229 382 3281 ἐκ
412 3224 603 3290 δεξιῶν
629 3224 729 3294 τῆς
750 3221 1141 3293 μεγαλωσύνης
1166 3219 1439 3283 ἐκάθισεν,
1473 3218 1569 3271 καὶ
1597 3216 1767 3284 ὄνομα

174 3319 334 3392 αὐτῷ
360 3316 657 3390 ἐχαρίσατο
673 3314 732 3368 τὸ
755 3313 896 3385 ὑπὲρ
924 3314 1033 3366 πᾶν
1055 3311 1245 3383 ὄνομα,
1271 3310 1370 3381 τὴν
1396 3308 1601 3362 οίκείαν
1622 3303 1769 3375 αύτῷ

173 3414 341 3481 ἀξίαν
366 3410 756 3480 δωρησάμενος
773 3422 787 3437 ·
818 3406 913 3459 καὶ
940 3404 1039 3475 τὴν
1058 3404 1159 3474 τῆς
1186 3401 1399 3471 φύσεως
1422 3398 1585 3453 αὐτοῦ
1603 3413 1772 3469 προσ-

174 3505 422 3578 ηγορίαν
469 3500 671 3564 λαϐὼν,
699 3499 829 3564 Υἱὸς
874 3495 1164 3569 ἀνθρώπου
1216 3495 1245 3546 6
1301 3492 1628 3566 προαιώνιος
1673 3488 1769 3543 τοῦ

174 3598 323 3653 Θεοῦ
361 3596 540 3665 Λόγος
570 3593 872 3665 ηὐδόκησεν
921 3585 1301 3661 ὀνομάζεσθαι.
1368 3603 1385 3635 ι
1411 3584 1599 3647 Οὐδεὶς
1639 3582 1768 3653 γὰρ,

176 3689 377 3762 φησὶν,
407 3685 745 3756 ἀναϐέϐηκεν
771 3685 849 3748 είς
881 3682 973 3737 τὸν
1005 3680 1252 3762 οὐρανὸν,
1288 3680 1336 3732 εί
1365 3676 1438 3748 μὴ
1466 3677 1494 3729 6
1525 3675 1583 3741 ἐξ
1610 3675 1773 3745 ούρα-

308 3777 563 3842 καταϐὰς
590 3777 619 3829 ὁ
639 3755 784 3840 Υἱὸς
807 3772 901 3828 τοῦ
943 3755 1255 3838 ἀνθρώπου,
1281 3771 1309 3822 6
1334 3767 1407 3821 ῶν
1432 3769 1489 3820 ἐν
1510 3764 1588 3835 τῷ
1612 3764 1774 3834 οὐρα-

177 3871 280 3945 νῷ.
311 3890 334 3925 s
368 3868 595 3939 Κατέϐη
622 3867 679 3921 δὲ
706 3866 807 3937 οὐχ
832 3868 861 3919 6
898 3865 962 3918 ἐκ
1003 3862 1316 3934 σπέρματος
1361 3857 1525 3912 Δαϐὶδ
1566 3858 1631 3910 ἐκ
1666 3853 1772 3908 τῶν

174 3961 463 4036 οὐρανῶν,
494 3957 610 4013 ἀλλ’
631 3960 660 4012 6
681 3957 789 4011 τῶν
826 3951 1143 4029 [οὐρανῶν]
1177 3950 1428 4022 ποιητὴς,
1458 3950 1486 4001 ὁ
1508 3948 1775 4018 ὑπέρχρο-

175 4075 273 4118 νος
302 4051 451 4109 Θεοῦ
486 4051 678 4118 Λόγος,
705 4050 734 4102 6
755 4049 861 4121 πρὸ
886 4047 995 4102 τῶν
1024 4045 1235 4099 αἰώνων
1263 4042 1553 4113 ὑπάρχων·
1596 4038 1686 4093 διὰ
1715 4038 1774 4091 δὲ

172 4150 283 4222 τὴν
312 4144 461 4218 πρὸς
487 4143 547 4196 τὸ
588 4140 925 4214 ἀνθρώπινον
952 4139 1169 4203 ἕνωσιν,
1200 4134 1468 4207 λαμϐάνει
1510 4131 1601 4186 τοῦ
1639 4128 1772 4183 Υἰοῦ

173 4220 277 4296 τοῦ
309 4232 612 4303 ἀνθρώπου
645 4232 707 4286 τὸ
723 4232 892 4302 ὄνομα
916 4245 931 4261 ·
952 4231 1049 4284 καὶ
1078 4225 1308 4298 ἑτέρωθι
1335 4225 1392 4279 δὲ
1416 4224 1576 4279 πάλιν
1603 4220 1775 4286 οὕτως

174 4328 353 4385 αὐτὸν
390 4319 825 4394 προσαγορεύει·
893 4339 911 4372 ι
933 4318 1058 4372 Ἐὰν
1092 4316 1239 4387 ῐδητε
1268 4315 1359 4368 τὸν
1394 4312 1521 4366 Υίὸν
1558 4311 1651 4364 τοῦ
1684 4311 1777 4364 ἀν-

176 4419 417 4494 θρώπου
466 4413 829 4485 ἀνερχόμενον
869 4410 1005 4463 ὅπου
1045 4403 1113 4479 ἦν
1155 4406 1217 4460 τὸ
1270 4405 1533 4478 πρότερον
1561 4421 1574 4435 ·
1605 4423 1624 4455 ι
1679 4402 1777 4472 οὐχ

174 4518 212 4587 ή
256 4509 359 4567 τοῦ
403 4504 600 4562 δούλου
649 4500 853 4574 μορφὴ,
879 4498 993 4553 ἀλλ’
1034 4500 1068 4569 ή
1118 4496 1213 4551 τοῦ
1259 4496 1395 4549 Θεοῦ
1426 4500 1641 4567 μορφή·
1682 4494 1776 4547 καὶ

174 4537 359 4621 ηγτου
403 4537 600 4615 υυίωυυ
649 4537 978 4604 μυιιγιινν-τιι
1040 4537 1068 4569 't
1130 4537 1213 4551 ’ν’
1263 4537 1394 4549 νυν*
1426 4537 1605 4567 ς’·νιστί
1682 4537 1776 4547 συν·-
1807 4537 1852 4593 D

173 4603 368 4667 αυθις·
406 4616 428 4650 ι
487 4598 589 4651 Οτι
628 4593 738 4655 υίὸς
767 4590 1054 4661 ἀνθρωπου
1086 4586 1222 4650 ἐστὶ,
1255 4585 1408 4655 φησὶ,
1461 4586 1535 4655 μὴ
1563 4583 1775 4653 θαυμά-
1812 4628 1815 4629 ,

174 4701 309 4764 ζετε
332 4691 528 4753 τοῦτο,
558 4688 639 4741 ὅτι
684 4684 900 4755 ἔρχεται
932 4680 1051 4750 ὥρα
1100 4680 1157 4730 ἐν
1269 4676 1589 4729 ἀκούσονται
1625 4675 1675 4727 οί
1716 4674 1775 4727 ἐν

175 4796 297 4857 τοῖς
337 4789 597 4861 μνήμασι
620 4780 719 4851 τῆς
749 4776 931 4848 φωνῆς
964 4772 1152 4835 αὐτοῦ,
1199 4772 1294 4825 καὶ
1335 4768 1703 4836 ἐξελεύσονται
1724 4767 1775 4819 οἱ

177 4887 254 4943 τὰ
289 4857 488 4951 ἀγαθά
524 4874 869 4945 ποιήσαντες,
905 4867 984 4930 εἰς
1014 4864 1309 4919 ἀνάστασιν
1338 4859 1510 4929 ζωῆς·
1542 4859 1591 4912 οἱ
1620 4858 1679 4911 δὲ
1710 4857 1779 4911 τά

180 4947 379 5052 φαῦλα.
404 4967 742 5039 πράξαντες,
777 4964 855 5024 είς
888 4958 1185 5014 ἀνάστασιν
1229 4952 1484 5024 κρίσεως.
1512 4967 1530 5000 ι
1580 4950 1655 5003 Οὐ
1680 4947 1780 5020 τῆς

178 5041 626 5141 άνθρωπότητος
672 5057 731 5110 δὲ
770 5054 932 5125 ψιλῆς
972 5049 1131 5104 τοῦτο
1177 5046 1239 5099 τὸ
1293 5045 1443 5110 ἴδιον,
1500 5042 1638 5097 ἀλλὰ
1681 5041 1784 5111 τῆς

178 5133 539 5232 ἐνεργούσης
568 5149 840 5218 θεότητος,
881 5142 1095 5211 καὶτῆς
1119 5136 1450 5209 φαινομένης
1484 5134 1547 5206 δὴ
1575 5133 1783 5205 ἀνθρω-

182 5225 435 5322 πότητος
464 5240 560 5297 διὰ
585 5238 682 5312 τὴν
707 5237 844 5311 πρὸς
869 5236 968 5307 τὴν
1008 5233 1235 5302 θεότητα
1276 5227 1570 5297 συνάφειάν
1600 5243 1660 5278 τε
1687 5225 1782 5277 καὶ

178 5348 408 5401 ἕνωσιν.

178 5458 263 5511 ειν.
328 5448 470 5500 Ὀτι
521 5440 659 5511 Υίὸς
707 5437 745 5504 ὴ
787 5432 927 5511 Δτοῦ¹
978 5432 1204 5486 δούλου
1255 5422 1457 5511 μορφὴ
1508 5423 1604 5477 διὰ
1668 5422 1783 5490 τὴν

367 5496 742 5578 συνάφεὶανί
768 5504 1049 5568 ὡσαύτως
1082 5496 1603 5567 προσαγορεύεται.

250 5632 453 5689 Οὕτως
488 5622 519 5674 ὀ
585 5621 718 5685 Θεὸς
758 5619 926 5687 Λόγος
974 5612 1265 5670 οἰκειοῦται
1314 5610 1415 5680 τῆς
1452 5607 1547 5661 τοῦ
1597 5604 1780 5660 δούλου

243 5817 293 5848 ιι
320 5811 592 5869 “utimr,
618 5800 668 5855 5.
703 5800 745 5830 "'
774 5799 791 5853 Ι
818 5796 1053 5853 ἰ’ἰιιιυιιι.
1085 5808 1164 5859 ιιι,
1196 5791 1281 5849 I6.
1315 5790 1357 5821 ⁸⁷
1394 5787 1620 5858 Philipp.
1660 5801 1719 5849 tt,
1749 5784 1799 5839 9.

1857 1940 1941 1986 est
1977 1900 2203 1997 angelis,
2235 1920 2558 1992 praedicatus
2606 1924 2689 1968 est
2727 1912 2780 1965 in
2835 1907 3104 1975 gentibus,
3158 1900 3424 1955 creditura

1855 2030 1943 2077 est
1992 1990 2139 2073 ei'in
2172 1990 2396 2074 mundo,
2443 2012 2752 2073 assumptus
2797 2000 2895 2054 fuit
2924 1997 2978 2051 in
3023 1993 3250 2063 gloriam
3291 1990 3356 2043 ⁸⁸.
3400 2005 3421 2040 ι

1859 2106 2442 2168 Etmanifestationem
2476 2099 2695 2171 quidem
2744 2094 2832 2148 hic
2863 2087 3155 2145 connexnit
3207 2092 3426 2153 propter

1860 2217 2103 2264 carnem,
2130 2194 2567 2269 justilicationem
2597 2195 2776 2244 autem
2809 2191 3026 2253 propter
3046 2176 3424 2233 lueretieorum

1859 2295 2183 2353 stultitiam:
2211 2287 2540 2359 justillcatus
2567 2290 2649 2337 est
2688 2289 2866 2334 autem
2927 2278 3253 2341 cooperante
3303 2261 3430 2332 Spi-

1861 2390 1992 2444 ritu.
2025 2384 2161 2440 Num
2188 2356 2318 2452 ergo
2342 2378 2578 2449 Spiritus
2602 2372 2906 2445 justiﬁeans
2943 2366 3121 2437 potior
3146 2369 3228 2415 est
3265 2356 3429 2424 justi-

1864 2483 2025 2536 licato
2050 2478 2190 2533 Filio
2219 2476 2243 2530 ἲ
2294 2473 2438 2542 Nego
2467 2470 2746 2525 enimvero
2782 2483 2795 2519 :
2823 2477 2945 2519 nam
3013 2466 3195 2512 nostra
3254 2450 3431 2521 potius

1864 2582 2060 2630 natura
2086 2539 2398 2640 iustificata
2422 2560 2543 2624 fuit,
2606 2566 2825 2628 propter
2879 2544 3345 2620 supervenientem
3379 2539 3429 2593 ei

1866 2664 2056 2727 Deum,
2087 2636 2181 2731 qui
2210 2656 2384 2712 eidem
2416 2646 2846 2720 inseparabiliter
2876 2639 3193 2707 coniunctus
3232 2638 3333 2693 est,
3377 2636 3433 2680 et

1866 2721 2131 2812 summam
2164 2744 2641 2804 docuitvirtutem,
2687 2743 2795 2790 cta
2823 2727 3027 2802 peccati
3082 2721 3202 2778 telis
3252 2726 3435 2774 custo-

1868 2846 2003 2901 divit
2084 2841 2345 2897 intactam
2402 2844 2565 2904 atque
2619 2829 3014 2883 intemeratam,
3066 2828 3119 2871 et
3168 2809 3433 2867 diabolica

1870 2935 2060 2994 fraude
2084 2930 2415 3001 superiorem
2450 2941 2464 2991 ;
2496 2936 2659 2992 quam
2686 2931 2806 2972 cum
2835 2911 2983 2968 brevi
3021 2920 3259 2975 tempore
3292 2914 3436 2955 mor-

1870 3038 1976 3083 tem
2007 3033 2224 3094 gustare
2280 3014 2640 3089 permisisset,
2687 3021 2809 3063 mox
2851 3002 3091 3075 ejusdem
3152 2991 3438 3065 tyrannide

1872 3118 2037 3191 842
2067 3133 2116 3168 m
2148 3110 2367 3182 eripuit,
2402 3106 2557 3175 eique
2601 3098 2872 3172 propriam
2923 3095 3091 3146 vitam
3135 3083 3438 3155 impertitus

1797 3193 1843 3255 (ἶ
2014 3208 2069 3263 in
2104 3202 2300 3260 coelum
2333 3196 2550 3259 extulit,
2575 3170 2629 3247 et
2658 3192 2711 3245 in
2752 3189 2971 3244 dextera
3003 3177 3301 3248 maiestatis
3329 3170 3439 3225 col-

1872 3300 2089 3361 locavit,
2120 3296 2279 3366 eique
2309 3303 2503 3346 nomen
2523 3282 2743 3339 donavit
2773 3277 2915 3349 quod
2942 3283 3028 3328 est
3070 3281 3233 3338 super
3279 3275 3440 3318 omne

1872 3408 2069 3452 nomen
2100 3390 2170 3457 ⁸⁷,
2202 3400 2354 3443 suam
2390 3392 2582 3450 nempe
2616 3375 2932 3443 dignitatem
2966 3365 3068 3436 ipsi
3112 3358 3436 3416 conferens:

1872 3504 1935 3544 ac
1953 3494 2157 3541 natura:
2180 3473 2595 3549 appellationem
2626 3467 2770 3521 illius
2791 3474 3033 3520 sumens,
3062 3453 3152 3525 qui
3169 3457 3287 3506 erat
3309 3455 3436 3500 ante

1872 3539 2069 3635 saecula
2098 3571 2193 3627 Dei
2216 3539 2477 3629 Verbum,
2508 3560 2675 3617 Filius
2705 3551 2940 3610 hominis
2968 3543 3228 3602 nominari
3271 3539 3442 3593 liben-

1875 3680 1956 3726 ter
1994 3666 2180 3721 voluit.
2222 3680 2240 3713 ι
2279 3658 2447 3713 Nemo
2469 3653 2636 3715 enim,
2670 3646 2847 3716 inquit
2869 3638 3132 3713 (Paulus),
3163 3634 3230 3689 in
3245 3629 3439 3686 cmlum

1873 3758 2141 3822 ascendit,
2164 3754 2269 3810 nisi
2292 3750 2382 3821 qui
2416 3748 2481 3803 de
2508 3742 2648 3800 ctelo
2681 3736 2956 3795 descendit
2986 3730 3150 3785 Filius
3186 3720 3441 3787 hominis,

1874 3856 1965 3927 qui
1999 3855 2053 3908 in
2089 3850 2242 3907 caelis
2304 3856 2387 3901 est
2419 3842 2486 3896 ⁸⁸.
2529 3856 2553 3893 ι
2605 3832 2896 3891 Descendit
2954 3835 3135 3881 autem
3184 3823 3251 3876 de
3304 3814 3442 3871 ctelo

1876 3964 1985 4004 non
2013 3947 2058 4001 is
2083 3943 2174 4014 qni
2216 3947 2335 3995 erat
2365 3937 2430 3991 de
2485 3928 2701 3987 Davidis
2748 3923 2976 3984 semine,
3024 3916 3119 3973 sed
3176 3911 3439 3965 «telorum

1874 4008 2117 4102 creator,
2147 4032 2242 4089 Dei
2269 4037 2394 4085 ante
2431 4037 2591 4079 omne
2653 4028 2867 4085 tempus
2920 4009 3155 4066 Verbum
3213 4011 3268 4058 et
3320 4008 3444 4054 ante

1876 4129 2097 4188 saecula.
2127 4124 2227 4179 llic
2259 4126 2477 4191 propter
2504 4126 2658 4168 suam
2704 4122 2823 4163 cum
2864 4100 3196 4159 humanitate
3239 4093 3445 4148 aduna-

1877 4227 2101 4287 tionem,
2136 4215 2262 4273 Filii
2290 4208 2526 4268 hominis
2556 4194 2979 4263 nomenaccipit.
3009 4190 3074 4244 Et
3101 4190 3206 4243 alio
3253 4197 3442 4238 rursus

1878 4273 2169 4369 iocovbtinc
2203 4307 2277 4361 ita
2298 4299 2571 4371 appellat:
2606 4312 2625 4345 ι
2663 4290 2721 4346 Si
2744 4285 2989 4344 videritis
3027 4279 3221 4335 Filium
3269 4273 3443 4329 burni-

1880 4407 1964 4462 nis
1989 4404 2115 4458 illuc
2139 4395 2522 4454 ascendentem
2551 4384 2640 4439 ubi
2672 4382 2823 4451 prius
2844 4384 2963 4431 erat
2992 4372 3060 4437 ”,
3117 4389 3136 4423 ι
3173 4382 3276 4422 non
3305 4362 3445 4418 servi

1883 4456 2222 4561 iorma,sed
2272 4488 2445 4541 forma
2493 4477 2610 4532 Dei.
2674 4473 2744 4528 Et
2785 4482 3011 4525 rursus:
3049 4481 3067 4515 ι
3097 4459 3249 4528 Quod
3310 4456 3449 4509 ﬁlius

1884 4586 2119 4646 hominis
2139 4581 2230 4646 sit,
2256 4575 2448 4645 inquit,
2476 4584 2544 4624 ne
2576 4560 2845 4621 miremini
2879 4576 2895 4624 ;
2930 4554 3076 4610 venit
3101 4551 3243 4607 enim
3289 4547 3445 4609 hora,

1882 4696 1991 4753 qua
2020 4678 2055 4733 ii
2078 4674 2171 4746 qui
2205 4672 2258 4725 in
2283 4658 2646 4722 monumentis
2674 4648 3034 4709 suntaudieut
3061 4656 3248 4698 vocem
3265 4637 3405 4691 illius
3430 4652 3443 4688 :

1883 4729 1937 4827 ει
1968 4729 2263 4839 ριόοτειίειιι
2291 4754 2386 4827 qui
2435 4753 2573 4807 bona
2629 4745 2879 4801 fecerunt
2903 4740 2955 4793 in
2997 4729 3447 4791 resurrectionem

1884 4819 2051 4923 Vitas;
2085 4853 2176 4924 qui
2218 4862 2348 4904 vero
2400 4842 2541 4898 mala
2592 4842 2839 4907 egerunt,
2892 4830 2945 4884 in
3002 4819 3448 4882 resurrectionem

1883 4911 2069 5021 iudicii
2098 4911 2167 4999 ς’.
2191 4961 2210 4995 ι
2232 4940 2349 4997 Non
2382 4945 2460 4991 est
2485 4934 2588 4988 hoc
2607 4928 2764 4983 unius
2786 4918 3137 4979 humanitatis
3152 4911 3446 4983 proprium,

1878 5005 1974 5100 sed
2006 5034 2281 5108 uperantis
2314 5025 2635 5086 divinitatis,
2668 5028 2725 5075 et
2747 5013 2904 5072 simul
2929 5005 3280 5067 humanitatis
3322 5016 3451 5054 con-

1879 5089 2080 5196 spicuae
2140 5130 2365 5193 propter
2418 5127 2570 5169 suam
2615 5123 2738 5163 cum
2782 5102 3064 5160 divinitate
3116 5089 3451 5163 conjunctio-

1880 5236 2002 5277 nem
2036 5227 2201 5286 atque
2239 5207 2641 5266 adunationem.

1893 5418 2062 5477 XXX.
2099 5412 2252 5482 Quod
2283 5411 2456 5482 forma
2479 5398 2710 5482 servi-Iob
2761 5395 2992 5482 eamdem
3037 5390 3450 5458 conjunctionem

2289 5466 2462 5534 Titius
2486 5471 2722 5529 similiter
2746 5466 3051 5535 appetletur.

1958 5602 2031 5655 Ita
2089 5598 2229 5653 Deus
2277 5590 2511 5647 Verbum
2568 5581 2841 5655 pr0priatn
2894 5576 2996 5632 sibi
3052 5571 3180 5627 facit
3243 5564 3453 5624 servilis

1879 5782 1922 5814 ⁸⁸
1951 5779 2143 5850 Ephes.
2177 5791 2247 5840 tv,
2293 5773 2372 5827 IO.
2416 5766 2635 5823 “Jnan.
2673 5779 2742 5827 rt,
2774 5758 2862 5813 65.
2907 5754 2951 5785 ’°
2984 5750 3139 5808 Joan.
3178 5760 3228 5807 ν,
3255 5738 3427 5796 Ἢ-ἓῦ
