3856 6212
465 385 595 443 H7!

1488 393 1546 447 S.
1586 393 1863 454 CYRILIJ
1897 391 2367 453 ALEXANDRINI
2404 390 2725 448 ARCIIIEI’.

3582 379 3725 434 H7?

464 507 650 560 formas
680 505 1061 574 vilitatem;et
1089 507 1229 563 Deus
1271 524 1391 565 curn
1445 524 1610 581 esset,
1670 516 1832 571 homo
1870 516 2024 571 voluit

2143 513 2355 584 μορφῆς
2375 514 2476 583 τὴν
2510 511 2801 576 εὐτέλειαν,
2832 509 2925 563 καὶ
2952 507 3085 570 Θεὸς
3112 504 3395 578 ὑπάρχων,
3425 500 3719 570 ἄνθρωπος

465 599 767 665 nominari;
794 610 954 668 alque
981 609 1039 655 ut
1067 600 1302 656 hominis
1326 602 1686 660 humilitatem
1722 607 2036 677 assumpsit,

466 693 536 744 ita
569 691 693 746 huic
729 692 971 746 vicissim
1002 692 1383 748 sublimitatem
1409 697 1845 751 communicavit.
1871 699 2039 753 Voca-

353 777 360 785 ’
466 796 625 837 catur
660 783 802 837 enim
826 782 1066 853 Virginis
1088 785 1340 853 parvulus
1391 784 1709 842 Emmanuel
1734 790 1801 853 ⁹¹,
1848 804 2039 858 nempe

467 875 514 928 is
545 875 635 945 qui
666 875 857 945 pannis
901 884 988 931 est
1031 876 1303 931 involutus
1334 879 1402 939 ",
1430 887 1487 932 et
1548 880 1711 933 ubera
1770 881 1931 947 sugit,
1985 889 2039 934 et

467 965 608 1019 lacte
638 967 895 1029 nutritur,
938 965 1245 1036 diciturque
1294 969 1472 1036 magni
1518 969 1730 1023 consilii
1788 970 2034 1039 angelus,

467 1055 803 1111 admirabilis
833 1056 1201 1118 consiliarius,
1252 1066 1307 1111 et
1350 1057 1490 1112 Deus
1537 1058 1714 1125 fortis,
1769 1076 1831 1114 ac
1862 1061 2036 1115 domi—

468 1155 644 1209 nator,
674 1155 728 1201 et
762 1147 1014 1216 princeps
1044 1148 1211 1217 pacis,
1250 1158 1305 1203 et
1331 1147 1491 1203 Pater
1543 1148 1707 1205 futuri
1738 1152 1918 1206 saeculi
1946 1153 2034 1219 '3;

468 1252 567 1292 nec
596 1253 699 1291 non
727 1237 892 1293 Filius
920 1238 1206 1303 Altissimi,
1255 1248 1311 1293 et
1358 1238 1638 1309 Servator,
1666 1250 1721 1296 et
1756 1244 2032 1308 Dominus,

464 1336 520 1381 et
549 1326 785 1381 universi
840 1326 1025 1381 mundi
1080 1327 1326 1385 Creator.
1364 1346 1384 1381 ι
1422 1328 1574 1385 Unus
1620 1332 1790 1396 enim,
1839 1332 2031 1403 inquit,

465 1417 726 1472 Dominus
761 1416 919 1472 Jesus
960 1418 1228 1485 Christus,
1289 1436 1382 1490 per
1429 1436 1589 1491 quem
1631 1423 1796 1496 843
1825 1442 1875 1478 m
1916 1441 2036 1480 om-

465 1510 551 1563 nia
580 1509 647 1563 ".
685 1530 703 1563 ι
746 1510 814 1564 Ει
844 1511 1060 1581 quidem
1111 1510 1272 1568 Iesus
1304 1522 1358 1568 et
1388 1512 1636 1571 Christus
1659 1517 1876 1572 nomina
1910 1525 2037 1572 sunt

463 1602 852 1659 incarnationis
884 1604 1261 1675 signiticativa.
1316 1603 1627 1663 Incarnatio
1660 1619 1841 1663 autem
1890 1609 2034 1664 haud

460 1703 587 1747 ante
624 1709 801 1749 rerum
821 1697 1151 1750 creationem
1194 1711 1370 1767 neque
1394 1699 1577 1753 statim
1626 1711 1751 1770 poSt
1800 1704 2036 1760 creatio-

460 1800 605 1847 nem,
640 1785 735 1839 sed
762 1786 1024 1842 extremis
1077 1790 1409 1857 temporibus
1436 1790 1649 1845 accidit.
1684 1792 2036 1864 Quandoqui-

2142 605 2406 675 ἠθέλησεν
2435 602 2814 674 ὀνομάζεσθαι.
2843 599 2955 654 Καὶ
2975 598 3162 668 ὥσπερ
3198 592 3461 667 μετέλαϐε
3490 590 3610 644 τῶν
3632 590 3717 641 τοῦ

2139 697 2425 769 ἀνθρώπου
2457 696 2749 760 ταπεινῶν,
2783 694 2926 748 οὕτω
2965 693 3073 746 τῶν
3099 689 3319 760 ὑψηλῶν
3356 687 3505 758 αὐτῷ
3549 703 3719 756 μετα-

2136 791 2355 845 δέδωκε.
2386 789 2648 842 Καλεῖται
2685 788 2795 858 γὰρ
2820 786 2880 840 τὸ
2905 786 3004 855 τῆς
3034 782 3313 852 Παρθένου
3345 779 3550 851 βρέφος
3596 777 3721 844 Ἐμ-

2145 881 2403 953 μανουὴλ,
2434 881 2610 935 καὶτὸ
2637 882 2750 943 τοῖς
2792 878 3130 949 σπαργάνοις
3165 871 3592 943 ὲνειλημμένον,
3632 866 3727 920 καὶ

2145 973 2314 1046 θηλὴν
2334 973 2511 1038 ἕλκον,
2537 973 2633 1027 καὶ
2660 972 2994 1043 τρεφόμενον
3034 969 3289 1039 γάλακτι,
3332 967 3426 1020 καὶ⁵
3467 963 3723 1017 καλεῖται

2148 1065 2390 1135 μεγάλης
2418 1063 2613 1133 βουλῆς
2635 1060 2917 1131 Ἄγγελος,
2941 1059 3037 1113 καὶ
3060 1056 3370 1129 θαυμαστὸς
3385 1054 3722 1126 σύμϐουλκ,

2136 1159 2232 1213 καὶ
2254 1157 2388 1223 Θεὸς
2420 1156 2656 1227 ἰσχυρὸς,
2699 1156 2794 1208 καὶ
2823 1152 3197 1224 ὲξουσιαστὴς,
3229 1153 3325 1205 καὶ
3350 1150 3539 1221 ἄρχων
3570 1150 3723 1217 εἰρή-

2137 1268 2256 1322 νης,
2319 1249 2416 1303 καὶ
2469 1247 2659 1318 Πατὴρ
2711 1245 2806 1300 τοῦ
2865 1244 3149 1314 μέλλοντος
3185 1242 3399 1306 αἰῶνος,
3446 1242 3550 1294 καὶ
3600 1240 3731 1303 Υἱὸς

2148 1343 2427 1413 Ὑψίστου,
2465 1342 2561 1395 καὶ
2612 1340 2823 1410 Σωτὴρ,
2876 1338 2968 1392 καὶ
3007 1337 3235 1405 Κύριος,
3278 1335 3373 1389 καὶ
3423 1333 3539 1386 τῶν
3590 1332 3724 1384 ὅλων

2136 1437 2498 1509 Δημιουργός.
2551 1428 2692 1497 «Εἷς
2724 1432 2851 1503 γὰρ,
2891 1431 3044 1502 φησὶ,
3090 1430 3294 1500 Κύριος
3334 1426 3548 1498 Ἰησοῦς
3592 1427 3727 1495 X9:-

2143 1531 2288 1597 στὺς,
2317 1530 2385 1584 δι’
2409 1522 2469 1583 οὗ
2500 1528 2569 1582 τά
2598 1526 2942 1582 πάντα.»Καὶ
2976 1523 3081 1597 μὴν
3098 1524 3166 1576 τὰ
3203 1521 3441 1589 Ἰησοῦς
3460 1520 3564 1572 καὶ
3593 1522 3727 1587 Χρι-

2141 1622 2245 1690 τὸς
2273 1623 2536 1693 ὀνόματα,
2566 1620 2667 1689 τῆς
2699 1617 3013 1688 οἰκονομίας
3035 1616 3142 1669 εἰσὶ
3169 1612 3485 1684 σημαντικά
3520 1611 3606 1680 (1)
3632 1628 3646 1639 ο
3698 1609 3729 1676 ἡ

2137 1716 2196 1770 δὲ
2228 1713 2534 1785 οἰκονομία,
2567 1712 2628 1765 οὒ
2673 1710 2780 1781 πρὸ
2805 1709 2905 1778 τῆς
2937 1707 3188 1771 κτίσεως,
3233 1704 3351 1759 οὐδὲ
3377 1704 3557 1766 εὐθὺς
3593 1702 3732 1771 μετὰ

2134 1807 2234 1880 τὴν
2260 1806 2460 1873 κτίσιν,
2499 1804 2616 1860 ἀλλ’
2659 1804 2743 1857 ἐπ’
2777 1802 3022 1872 ἐσχάτων
3050 1798 3160 1853 τῶν
3197 1797 3418 1869 ἡμερῶν
3454 1796 3692 1863 ἐγένετο
3715 1810 3729 1821 ·

458 1876 581 1931 dem
616 1877 776 1946 igitur
814 1892 1005 1933 nomen
1046 1877 1317 1945 Christus,
1369 1895 1475 1934 non
1520 1896 1860 1953 assumptum
1913 1896 2024 1942 tan-

2143 1875 2326 1970 ὲτίειδὴ
2362 1900 2545 1954 τοίνυν
2571 1896 2633 1951 τὺ
2669 1894 2923 1966 Χριστὸς
2961 1893 3154 1962 ὄνομα,
3193 1892 3255 1944 οὐ
3295 1890 3389 1945 τὸν
3440 1888 3728 1957 ληφθέντα

460 1968 759 2032 tummodo,
830 1984 1018 2023 verum
1068 1970 1233 2024 etiam
1283 1987 1567 2028 assumens
1624 1972 1859 2031 Verbum
1923 1994 2030 2035 una

459 2073 582 2112 cum
611 2069 890 2127 assumpto
925 2060 1147 2115 denotat
1195 2062 1453 2133 (namque
1514 2064 1565 2118 id
1610 2082 1810 2121 nomen
1863 2070 2030 2126 Deum

457 2148 617 2203 simul
664 2159 720 2204 et
771 2150 1040 2206 hominem
1085 2152 1403 2226 significat),
1431 2154 1630 2213 Paulus
1678 2162 1927 2217 attribuit
1980 2163 2031 2219 ei

458 2239 555 2309 qui
578 2239 808 2297 visibilis
836 2250 938 2306 est,
983 2254 1204 2313 propter
1254 2260 1408 2300 suam
1455 2263 1579 2302 cum
1612 2249 1866 2307 invisibili
1895 2270 2031 2310 con-

452 2330 811 2402 iunctionem,
840 2317 1107 2401 attribuit,
1131 2335 1372 2406 inquam,
1404 2340 1643 2397 universi
1663 2345 1846 2399 nntndi
1873 2362 2029 2402 crea-

460 2424 660 2479 tionem
712 2434 767 2480 et
814 2426 1243 2496 dispositionem.
1277 2432 1458 2500 Quare
1490 2443 1546 2490 et
1583 2438 1710 2492 alibi
1755 2438 2029 2496 Christum

455 2530 621 2583 super
655 2516 837 2571 omnia
867 2517 1030 2573 Deum
1067 2522 1343 2591 appellat;
1382 2525 1461 2579 ait
1493 2528 1636 2583 enim
1674 2549 1687 2584 :
1729 2550 1747 2583 ι
1781 2530 1859 2587 Ex
1906 2535 2031 2604 qui-

454 2606 557 2662 bus
584 2615 667 2663 est
704 2610 999 2665 secundum
1033 2626 1253 2668 carnem
1287 2615 1558 2684 Christus,
1595 2621 1687 2690 qui
1736 2606 1820 2678 est
1864 2639 2031 2695 super

452 2700 635 2754 omnia
663 2700 807 2758 Deus
831 2702 901 2756 ”.
940 2721 960 2755 ι
998 2702 1116 2760 Non
1143 2706 1270 2776 quia
1308 2706 1528 2766 Davidis
1572 2727 1741 2782 nepos
1786 2716 1902 2785 ipse
1932 2732 2031 2787 per

452 2805 514 2846 se
542 2791 613 2845 sit
639 2791 802 2857 Deus,
833 2803 889 2849 et
912 2809 1078 2864 super
1108 2798 1314 2864 omnia,
1362 2802 1457 2857 sed
1494 2804 1618 2873 quia
1683 2806 1774 2861 Dei
1830 2813 2029 2867 summi

455 2881 711 2951 templum
738 2894 874 2952 erat,
907 2888 1114 2945 unitam
1162 2893 1579 2965 copulatamque
1609 2897 1818 2954 habens
1843 2916 2027 2960 secum

453 2973 818 3032 divinitatem.

452 3087 646 3143 XXXI.
683 3089 836 3155 Quod
883 3093 1004 3148 dua:
1047 3095 1429 3178 δίηεῃηᾳιιιηε,
1458 3119 1563 3159 una
1595 3115 1770 3160 autem
1804 3126 2026 3178 persona

1127 3165 1344 3223 Christi.

518 3268 644 3325 Ideo
676 3288 695 3322 ι
721 3271 881 3329 Jesus
908 3273 1161 3334 Christus
1219 3279 1335 3335 heri
1359 3290 1414 3338 et
1454 3284 1634 3352 hodie,
1665 3288 1803 3344 idem
1838 3304 1921 3347 est
1967 3304 2023 3350 et

450 3362 505 3417 in
535 3364 732 3419 saecula
755 3364 821 3419 ".
862 3384 882 3418 ι
918 3365 1033 3422 Νοη
1066 3370 1211 3425 enim
1244 3372 1297 3427 in
1334 3374 1469 3431 duas
1500 3389 1764 3447 personas
1802 3384 2022 3455 dispen-

447 3454 678 3509 sationis
728 3470 865 3526 opus
918 3458 1230 3527 dividimus,
1297 3480 1473 3535 neque
1538 3470 1674 3525 duos
1728 3454 2020 3543 filiosipro

449 3539 742 3613 Unigenito
775 3545 1133 3616 praedicamus
1169 3561 1224 3606 et
1255 3556 1546 3623 credimus,
1578 3562 1673 3615 sed
1719 3563 1853 3620 duas
1898 3539 2021 3624 esse

449 3646 672 3690 naturas
704 3644 761 3691 et
789 3637 1079 3696 didicimus
1128 3652 1184 3698 et
1211 3645 1485 3703 docemus.
1540 3652 1700 3707 Aliud
1730 3658 1874 3711 enim
1937 3671 2021 3716 est

448 3724 638 3790 deitas,
662 3734 718 3781 et
746 3727 889 3782 aliud
930 3731 1238 3790 humanitas
1270 3753 1285 3791 :
1314 3738 1455 3793 aliud
1493 3756 1590 3809 per
1622 3759 1680 3800 se
1707 3749 2000 3817 essistens,

446 3824 500 3867 et
534 3815 681 3873 aliud
732 3822 878 3889 quod
941 3823 1144 3881 factum
1203 3839 1283 3884 est
1317 3848 1333 3882 :
1363 3832 1508 3889 aliud
1570 3835 1663 3891 Dei
1723 3838 1916 3904 forma.
1966 3815 2021 3899 et

446 3906 592 3961 aliud
624 3908 796 3965 forma
828 3913 1107 3974 hominis:
1136 3920 1279 3975 aliud
1338 3938 1559 3982 sumens
1608 3940 1825 3997 natura,
1870 3936 2018 3992 aliud

445 4006 657 4069 sumpta
700 4019 713 4056 :
751 4004 899 4060 aliud
948 4011 1203 4078 templum
1252 4015 1597 4087 dissolutum,
1644 4031 1701 4077 et
1741 4026 1888 4082 aliud
1927 4030 2017 4099 qui

445 4090 548 4146 hoc
582 4092 900 4152 dissolutum
930 4105 1273 4160 resuscitavit
1299 4107 1461 4165 Deus.

442 4288 657 4349 XXXII.
712 4296 867 4375 Quqti
917 4308 1478 4375 ΔιιοηΑιόηιϊρειὶοιιειη,
1510 4314 1601 4365 sed
1665 4316 1909 4372 unionem
1962 4324 2017 4375 in

802 4367 1009 4424 Christo
1026 4373 1197 4427 dicere
1228 4367 1525 4448 religiosum
1546 4384 1635 4438 sit.

512 4476 625 4533 Non
637 4494 767 4548 ergo
787 4491 1008 4540 naturas
1020 4486 1599 4566 confundimus,neque
1610 4503 2010 4562 concretionem

2135 1993 2316 2067 μάνον,
2344 1992 2480 2047 ἀλλὰ
2506 1992 2601 2045 καὶ
2628 1991 2725 2047 τὸν.
2747 1988 2977 2043 λαϐόντα
3000 1986 3175 2053 Λόγον
3205 1982 3343 2054 μετὰ
3364 1980 3462 2034 τοῦ
3484 1979 3727 2049 ληφθέν·

2132 2104 2222 2152 τος
2268 2085 2420 2157 δηλοῖ
2452 2082 2583 2156 (τοῦ
2622 2080 2756 2136 Θεοῦ
2795 2078 2905 2150 γάρ
2945 2076 3040 2131 καὶ
3075 2075 3171 2129 τοῦ
3218 2072 3517 2143 ἀνθρώπου
3566 2070 3727 2123 τοῦτο

2134 2177 2469 2252 σημαντικόν
2496 2174 2686 2245 tactv).
2714 2175 2742 2227 6
2778 2171 2988 2235 Παῦλος
3016 2167 3300 2235 ἀνατίθησι
3337 2166 3434 2219 καὶ
3464 2164 3552 2237 τῷ
3584 2166 3726 2236 ὀρωο

2135 2272 2284 2342 μένῳ
2312 2270 2402 2325 διὰ
2426 2267 2524 2341 τὴν
2552 2267 2689 2335 πρὸς
2719 2264 2780 2321 τὸ
2819 2263 3197 2337 κρυπτόμενον
3223 2263 3443 2326 ἕνωσιν,
3494 2259 3607 2329 τὴν
3640 2259 3731 2312 τοῦ

2131 2363 2333 2427 παντὸς
2360 2360 2577 2433 ποίησεν
2615 2378 2675 2414 τε
2706 2360 2800 2413 καὶ
2832 2358 3222 2427 διακόσμησιν
3247 2354 3328 2408 διὸ
3361 2354 3459 2407 καὶ
3491 2352 3734 2423 ἑτέρωθι

2129 2454 2223 2511 τὸν
2255 2454 2489 2527 Χριστὸν
2526 2454 2619 2507 ἐπὶ
2656 2453 2875 2506 πάντων
2920 2446 3319 2522 προσαγορεύει
3350 2446 3491 2500 Θεόν
3517 2464 3533 2476 ·
3581 2464 3603 2496 σ
3646 2445 3731 2509 Ἐξ

2129 2541 2206 2604 ὧν
2244 2548 2373 2620 γάρ,
2411 2548 2595 2618 φησὶν,
2622 2545 2857 2616 Χριστὸς
2897 2542 2959 2597 τὸ
3002 2540 3147 2596 κατὰ
3184 2541 3386 2611 σάρκα,
3426 2540 3456 2592 6
3507 2536 3593 2591 ὢν
3644 2539 3733 2589 ἐπὶ

2130 2643 2354 2698 πάντων
2394 2639 2549 2704 Θεός.
2578 2658 2598 2691 ›
2650 2639 2766 2693 υὺκ
2801 2636 2988 2710 ἐπειδὴ
3022 2637 3119 2690 τοῦ
3154 2635 3318 2689 Δαθὶδ
3364 2636 3394 2686 6
3449 2633 3733 2700 ἀπόγονος

2131 2738 2296 2800 αὐτὸς
2325 2735 2447 2791 καθ’
2473 2734 2636 2790 αὑτὸν
2670 2734 2804 2796 Θεός
2837 2734 2973 2797 ἐστι,
3005 2732 3101 2785 καὶ
3154 2731 3245 2784 ἐπὶ
3276 2730 3508 2782 πάντων
3566 2727 3725 2788 856;,

2129 2829 2246 2886 ἀλλ’
2278 2831 2360 2884 ὅτι
2387 2826 2481 2882 τοῦ
2512 2825 2646 2881 Θεοῦ
2675 2825 2770 2878 τοῦ
2799 2825 2893 2879 ἐπὶ
2921 2823 3140 2878 πάντων
3170 2819 3381 2890 ὑπῆρχε
3407 2818 3571 2882 ναὸς,
3592 2820 3730 2888 ἠνω-

2133 2924 2307 2996 μένην
2335 2923 2431 2977 καὶ
2455 2920 2810 3000 συνημμένην
2845 2918 2986 2988 ἔχων
3021 2914 3200 2985 ἑαυτῷ
3224 2915 3323 2985 τὴν
3354 2912 3630 2982 θεότητα.

2382 3124 2511 3177 Ὅτι
2564 3121 2674 3174 δύο
2719 3120 2835 3189 μὲν
2881 3118 2997 3172 εἰσὶ
3051 3118 3286 3189 φύσεις,
3341 3114 3415 3169 ἓν
3460 3114 3540 3168 δὲ
3588 3116 3662 3168 τὸ

2516 3187 2843 3261 πρόσωπον
2884 3189 2991 3243 τοῦ
3034 3187 3311 3256 Χριστοῦ.

2197 3308 2295 3363 Διὰ
2340 3306 2501 3362 τοῦτο
2551 3325 2569 3357 ι
2606 3302 2812 3375 Ἰησοῦς
2843 3301 3079 3375 Χριστὸς
3107 3301 3234 3371 χθὲς
3264 3301 3358 3354 καὶ
3394 3300 3677 3372 σήμερον,
3704 3302 3733 3354 6

2124 3401 2287 3464 αὐτὸς
2332 3399 2428 3453 καὶ
2458 3398 2539 3461 είς
2564 3397 2692 3459 τοὺς
2735 3394 2957 3458 αἰῶνας.
2985 3411 3004 3445 ι
3046 3393 3120 3445 Οὐ
3162 3392 3271 3462 γὰρ
3312 3393 3397 3454 εἰς
3438 3393 3732 3463 πρόσωπα

2122 3494 2217 3547 δύο
2251 3492 2350 3564 τὴν
2387 3488 2701 3559 οἰκονομίαν
2732 3486 3049 3558 μερίζομεν,
3097 3484 3216 3537 οὐδὲ
3256 3484 3409 3547 υἱοὺς
3455 3484 3564 3539 δύο

2122 3585 2214 3639 τοῦ
2249 3581 2587 3651 Μονογενοῦς
2625 3578 2973 3652 κηρύττομέν
3016 3593 3078 3630 τε
3131 3577 3224 3631 καὶ
3259 3577 3728 3648 δογματίζομεν,

2122 3677 2260 3732 ἀλλὰ
2277 3675 2371 3729 δύο
2403 3674 2501 3746 μὲν
2530 3675 2629 3736 τὰς
2657 3671 2847 3742 φύσεις
2882 3666 3020 3724 εἶναι
3061 3670 3156 3723 καὶ
3199 3669 3625 3740 μεμαθήκαμεν
3652 3670 3727 3739 (ἵ)

2121 3765 2216 3819 καὶ
2268 3762 2627 3832 διδάσκομεν·
2685 3760 2872 3830 ἕτερον
2928 3759 3039 3831 γὰρ
3091 3759 3319 3830 θεότης,
3378 3762 3480 3813 καὶ
3531 3762 3727 3833 ἕτερον

2121 3854 2478 3925 ἀνθρωπότης
2494 3870 2508 3884 ο
2535 3852 2725 3924 ἕτερον
2746 3851 2809 3905 τὸ
2832 3851 2911 3915 ὃν,
2941 3852 3036 3906 καὶ
3062 3852 3250 3923 ἓτερον
3286 3852 3352 3906 τὺ
3378 3855 3694 3925 γενόμενον
3710 3875 3721 3886 ·

2119 3950 2248 4006 ἄλλο
2274 3950 2308 4020 ἡ
2334 3946 2429 4002 τοῦ
2465 3945 2602 4000 Θεοῦ
2642 3944 2845 4017 μορφὴ,
2897 3944 2993 3998 καὶ
3037 3943 3167 3998 ἄλλο
3190 3946 3223 4014 ή
3267 3943 3365 3998 τοῦ
3415 3946 3723 4017 ἀνθρώπω

2124 4043 2307 4114 μορφή
2329 4058 2343 4073 ο
2375 4040 2469 4095 καὶ
2496 4038 2625 4094 ἄλλο
2650 4039 2685 4110 ἡ
2716 4037 2979 4103 λαϐοῦσα,
3000 4039 3095 4092 καὶ
3116 4037 3307 4107 ἕτερον
3336 4039 3370 4108 ἠ
3405 4038 3719 4110 ληφθεῖσα·

2118 4137 2309 4206 ἕτερον
2347 4135 2376 4187 6
2414 4133 2595 4196 λυθεὶς
2632 4130 2779 4199 ναὸς,
2825 4131 2919 4185 καὶ
2964 4130 3149 4201 ἕτερον
3188 4132 3218 4184 6
3256 4129 3496 4184 λυθέντα
3529 4132 3723 4185 τοῦτον

2117 4222 2428 4291 ἀναστήσας
2461 4220 2614 4283 Θεὸς.

2201 3127 2327 3180 AA'.

2117 4338 2243 4393 AB'.
2285 4337 2414 4389 Ὀτι
2463 4337 2532 4389 οὐ
2574 4335 2792 4403 κράσιν
2823 4335 3027 4404 λέγειν
3074 4336 3267 4399 ὅσιον,
3298 4337 3447 4391 ἀλλ’
3488 4339 3726 4394 ἕνωσιν

2610 4406 2709 4458 ἐπὶ
2762 4405 2868 4459 τοῦ
2920 4406 3199 4473 Χριστοῦ.

2191 4502 2266 4553 Οὐ
2320 4503 2417 4564 τὰς
2471 4499 2662 4569 φύσεις
2711 4498 2889 4551 τοίνυν
2947 4499 3271 4569 ωγχὲομεν,
3322 4500 3449 4553 οὐδὲ
3508 4505 3726 4572 κρᾶσιν

443 4570 664 4627 factoris
739 4575 1070 4648 factumque
1126 4581 1609 4659 dogmatizamus;
1657 4591 1767 4649 imo
1836 4598 2016 4666 potius

2143 4593 2347 4663 ποιητοῦ
2391 4595 2485 4645 καὶ
2532 4595 2835 4662 ποιήματος
2878 4590 3299 4662 δογματίζομεν,
3342 4593 3443 4645 καὶ
3484 4595 3569 4665 τῷ
3610 4597 3723 4663 τῆς

438 4662 806 4720 concretionis
879 4668 1141 4723 vocabulo
1223 4672 1557 4732 confusionis
1652 4662 2014 4749 significatum

2114 4685 2365 4756 κράσεως
2433 4685 2658 4755 ὀνόματι
2732 4684 2832 4754 τὴν
2908 4683 3168 4754 σύγχυσιν
3247 4687 3719 4758 συνεισφέρομεν-

439 4753 807 4811 attribnimus.
871 4756 1041 4816 Porro
1079 4759 1171 4817 Dei
1205 4762 1367 4820 Verbi
1418 4777 1667 4822 naturam
1707 4772 1933 4842 scimus,
1962 4784 2019 4829 et

2143 4753 2248 4829 ιλλὰ
2277 4777 2373 4829 καὶ
2411 4775 2504 4829 τοῦ
2531 4753 2685 4829 Θεοῦ
2728 4753 2903 4844 Λόγου
2957 4776 3057 4848 τὴν
3102 4775 3261 4847 φύσιν
3314 4753 3677 4850 γνωρίέομεν
3704 4799 3717 4809 ’

438 4844 651 4897 servilis
693 4844 879 4902 formae
924 4851 1286 4907 substantiam
1314 4858 1683 4925 agnoscimus,
1724 4871 2012 4935 utramque

438 4950 566 4987 vero
586 4935 752 5009 844
771 4955 821 4991 m
847 4950 1093 4997 naturam
1120 4954 1179 4999 ut
1207 4947 1421 5002 unicum
1458 4950 1747 5008 adoramus
1788 4954 2005 5010 Filium.

437 5024 669 5082 Invicem
730 5031 893 5085 enim.
933 5032 1253 5091 alterutrum
1326 5051 1700 5112 nuncupatur,
1734 5044 2006 5102 Christus.

2116 4867 2336 4936 καὶτῆς
2378 4870 2591 4938 μορφῆς
2619 4865 2714 4919 τοῦ
2753 4866 2942 4920 δούλου
2980 4868 3079 4939 τὴν
3114 4867 3302 4920 οὐσίαν
3329 4869 3719 4939 γινώσκομεν,

2114 4955 2383 5025 ἑκατέραν
2408 4956 2464 5009 δὲ
2489 4956 2651 5025 φύσιν
2683 4957 2760 5019 ὡς
2781 4955 2878 5010 ἕνα
2912 4955 3324 5028 προσκυνοῦμεν
3348 4959 3485 5012 Υἱόν
3504 4977 3517 4989 ’
3552 4961 3719 5015 θάτε-

2117 5064 2208 5118 ρον
2231 5049 2340 5118 γὰρ
2369 5047 2582 5118 θατέρῳ
2610 5048 2845 5119 Χριστὸς
2871 5049 3193 5119 ὀνομάζεται
3218 5091 3231 5112 ,
3264 5052 3364 5103 καὶ
3395 5050 3531 5106 οὔτε
3555 5056 3587 5123 ἡ
3616 5055 3719 5107 τοῦ

437 5116 621 5187 Neque
673 5119 787 5175 sola
829 5124 971 5178 servi
1016 5124 1189 5182 forma
1246 5138 1301 5184 et
1348 5131 1632 5189 divinitate
1664 5152 1881 5203 carens,
1932 5139 2004 5194 ita

2143 5116 2319 5190 odlou‘
2336 5116 2517 5210 μορφῆ
2545 5116 2694 5208 doti.
2726 5140 2818 5192 καὶ
2846 5116 3025 5211 γυμνὴ
3057 5141 3403 5211 τυγχάνουσα
3452 5147 3557 5215 τῆς
3576 5116 3717 5201 ’0ιό-

435 5206 670 5279 unquam
700 5226 732 5266 a
763 5213 1038 5284 religionis
1090 5230 1250 5274 rectas
1283 5224 1556 5292 magistris
1598 5236 1682 5280 est
1715 5229 2002 5297 appellata.

2110 5244 2293 5297 τητος,
2341 5227 2498 5280 τοῦτο
2539 5228 2759 5282 πώποτε
2796 5230 2949 5301 παρὰ
2977 5231 3084 5283 τῶν
3118 5231 3467 5288 διδασκάλων
3502 5236 3716 5307 ἐκλήθη

433 5301 535 5367 Ουί
592 5313 774 5359 autem
834 5310 1237 5366 concretionem
1294 5314 1500 5378 dicunt,
1557 5316 1610 5370 hi
1669 5321 2006 5374 concretioni

2143 5320 2210 5389 ἧς
2236 5321 2537 5383 εὐσεϐείας.
2573 5322 2635 5374 Οἱ
2659 5322 2715 5373 δὲ
2740 5321 2839 5391 τὴν
2862 5325 3056 5392 κρᾶσιν
3088 5325 3356 5393 λέγοντες,
3394 5331 3471 5399 τῇ

434 5393 807 5451 confusionem
835 5410 1121 5470 oggerunt,
1175 5404 1548 5463 confusionem
1599 5423 1727 5464 vero
1779 5410 2006 5466 mutatio

2143 5412 2203 5483 ὴν
2237 5412 2495 5482 σύγχυσιν
2524 5413 2934 5485 συνεισφέρουσι
2957 5431 2971 5445 ·
2997 5420 3062 5488 τῇ
3092 5417 3148 5470 δὲ
3180 5420 3453 5487 συγχύσει
3474 5424 3508 5492 ἡ
3529 5426 3717 5493 τρο-..τὴ

504 5576 549 5609 ’⁸
585 5577 775 5634 Matth.
801 5580 947 5646 t,‘25.
1013 5583 1057 5615 θ’
1086 5582 1220 5639 Luc.
1250 5600 1311 5649 tt,
1343 5586 1392 5639 7.
1469 5587 1516 5620 ”
1543 5588 1641 5644 Isa.
1677 5606 1751 5656 tx,
1783 5591 1838 5645 6.
1913 5593 1960 5626 ”
1994 5592 2024 5648 ΙΙ

2146 5609 2168 5645 r
2194 5608 2311 5655 vnt,
2344 5591 2397 5645 6.
2462 5593 2510 5623 "
2535 5593 2689 5646 Rom.
2717 5610 2791 5659 ιχ,
2817 5595 2868 5649 5.
2944 5596 2991 5627 ⁹⁶
3022 5594 3180 5649 llehr.
3211 5612 3336 5659 λιιι,
3360 5596 3419 5651 8.

448 5736 459 5745 ’
508 5734 586 5793 (Ι)
626 5733 824 5790 Confer
866 5739 1015 5813 apud.
1052 5758 1151 5796 nos
1191 5743 1451 5812 Cyrillum
1494 5744 1710 5807 t‘xplttt.
1760 5749 1822 5797 ml
1870 5750 2004 5813 psal-

439 5817 584 5856 tnntn
624 5822 766 5861 λων.
795 5823 841 5858 v.
871 5810 921 5861 ὅ.
962 5809 1469 5882 (Ιιιιλιιδςίραίιοί.
1498 5825 1626 5868 tant.
1657 5809 1876 5889 LXIX.)

2185 5751 2259 5811 (ἓ)
2325 5734 2585 5806 Adhncne
2635 5750 3022 5821 Monophysim
3057 5752 3315 5818 Cyrillum
3358 5759 3571 5811 erroris

2122 5834 2405 5889 [MII'UIIUIII
2442 5824 2899 5892 impatientissime
2933 5822 3285 5877 dictitabant?
