3856 6212
142 254 279 311 H73

1302 252 1391 309 DE
1430 250 1945 312 INCARNATIONE
1983 253 2243 313 DOMiNl.

3252 263 3389 318 1474

143 366 552 440 συνεισφέρεται
575 380 588 395 ⁸
620 366 829 439 τροπῆς
870 366 927 421 δὲ
960 367 1256 439 εἰσιούσης,
1293 368 1417 423 οὗτε
1463 368 1595 434 Θεὸς
1624 369 1719 423 ἐπὶΙ

1831 371 2112 455 comitatur
2145 390 2159 427 :
2201 372 2343 426 facta
2400 372 2632 442 denique
2664 375 2984 442 mutatione,
3028 390 3204 448 neque
3245 379 3389 435 Deus

141 464 235 532 τῆς
267 461 399 525 ἰδίας
427 459 575 529 μένοι
613 458 678 513 ἂν
716 458 951 528 φύσεως,
996 459 1119 514 οὔτε
1162 461 1445 534 ἄνθρωπος
1479 462 1572 515 ἐπὶ
1616 461 1715 533 τῆς

141 554 361 617 οἰκείας.
422 551 660 622 Ἀνάγκη
736 551 846 622 γάρ
899 552 1163 622 ἐκστῆναι
1206 553 1315 607 τῶν
1380 553 1480 624 τῆς
1527 553 1716 618 οὐσίας

141 646 280 716 ὅρων
309 644 591 716 ἑκάτερον,
620 643 715 697 καὶ
741 642 877 714 μήτε
902 641 995 695 τὸν
1023 640 1156 696 Θεὸν
1181 641 1544 713 γνωρίζεσθαι
1561 642 1715 708 Θεὸν,

148 736 281 807 μήτε
323 737 416 789 τὸν
458 734 764 806 ἄνθρωπον,
806 733 1094 805 ἄνθρωπον
1131 732 1230 805 (l).
1273 733 1446 787 Τοῦτο
1491 734 1546 787 δὲ
1596 734 1718 788 οὐδὲ

125 829 234 897 ,ἐπὶ
258 828 355 898 τῆς
388 826 480 880 τοῦ
506 825 799 897 ἀνθρώπου
844 824 1191 896 κατασκευῆς
1233 823 1387 879 λάϐοι
1432 826 1497 879 ἄν
1536 842 1619 888 τις
1656 818 1716 880 εῦ

145 920 374 991 φρονῶν.
412 920 486 972 Oti
517 918 627 990 γάρ
672 917 752 989 τῷ
785 916 999 988 σώματι
1032 916 1132 988 τὴν
1178 916 1355 986 ψυχὴν
1392 917 1718 988 κεκρᾶσθαι,

143 1008 256 1063 ἀλλ’
282 1008 543 1081 ἡνῶσθαι,
575 1007 669 1062 καὶ
701 1007 989 1078 συνῆφθαι,
1016 1007 1109 1060 καὶ
1134 1008 1323 1070 οίκεῖν,
1352 1007 1448 1059 καὶ
1473 1009 1720 1077 ἐνεργεῖν

145 1118 342 1173 φαμεν.
379 1102 487 1154 Καὶ
515 1100 640 1154 οὒτε
683 1101 783 1171 τὴν
812 1100 991 1171 ψυχὴν
1023 1098 1244 1171 θνητὴν,
1285 1096 1409 1152 οὔτε
1448 1100 1511 1153 τὸ
1561 1100 1721 1170 σῶμα

143 1195 286 1247 εἴποι
316 1210 400 1257 τις
428 1193 494 1246 ἂν
520 1193 808 1258 ἀθάνατον,
857 1192 931 1263 μὴ
966 1192 1161 1263 κομιδῇ
1194 1192 1545 1263 παραπαίων,
1586 1191 1723 1245 ἀλλά

143 1286 242 1356 τὴν
287 1284 386 1356 μὶν
429 1284 697 1355 ἑκατέραν
736 1282 972 1356 [φύσιν]
1017 1281 1357 1355 διαιροῦμεν,
1406 1283 1465 1337 ἐν
1499 1283 1555 1337 δέ
1584 1283 1722 1348 ζῶον

146 1377 484 1448 γνωρίζομεν
504 1376 565 1430 τὸ
586 1378 643 1443 ἐξ
664 1376 887 1429 ἐκείνων
906 1374 1056 1447 [c0d.
1087 1375 1320 1447 ἐκείνου]
1344 1377 1720 1446 συγκείμενον⁸

147 1467 241 1520 καὶ
258 1467 522 1537 ἑκατέραν
556 1466 653 1536 μὲν
697 1465 860 1535 φύσιν
909 1465 1261 1538 διῃρημένοις
1298 1466 1558 1536 ὀνόμασιν
1604 1466 1724 1518 ὀνο-

147 1558 414 1629 μάζομεν,
466 1558 564 1627 τὴν
598 1558 697 1628 μὲν
726 1556 925 1628 ψυχὴν,
955 1557 1017 1610 τὸ
1040 1557 1097 1610 δὲ
1132 1556 1312 1628 σῶμα,
1354 1558 1413 1610 τὸ
1451 1557 1507 1610 δέ
1537 1557 1596 1622 ἐξ
1622 1560 1725 1627 άμ-

145 1652 390 1722 φοτέρων
425 1651 753 1720 συνεστηκὸς
783 1649 923 1714 ζῶον
964 1650 1137 1722 ἑτέρῳ
1164 1650 1438 1721 καλοῦμεν
1462 1640 1687 1722 ὀνόματι
1705 1666 1721 1681 ο

1820 464 1873 519 in
1930 465 2144 534 prapria
2184 474 2373 518 natura
2419 465 2777 535 permanebit,
2832 484 3007 540 neque
3046 471 3173 527 item
3225 474 3391 530 homo

1818 556 1873 613 in
1903 571 2023 611 sua.
2069 555 2303 612 Necesse
2357 566 2445 613 est
2491 557 2637 613 enim
2683 569 2743 613 ut
2772 569 2997 631 uterque
3042 577 3111 617 ex
3159 567 3392 633 propriae

1817 646 2130 702 substantia:
2187 646 2384 702 finibus
2440 647 2664 703 decedat
2716 666 2731 715 ;
2774 648 2845 702 ita
2908 662 2966 705 ut
3018 668 3195 723 neque
3248 653 3391 711 Deus

1818 738 2068 792 videatur
2100 736 2209 806 jam
2243 738 2405 803 Deus,
2444 754 2619 808 neque
2643 739 2804 795 homo
2835 743 2959 796 item
3008 746 3189 800 homo.
3224 746 3391 817 Atqui

1821 828 1924 883 hoc
1958 843 2025 883 ne
2058 829 2111 883 in
2145 828 2378 884 hominis
2408 830 2627 899 quidem
2653 840 2922 887 structura
2953 835 3235 905 quisquam
3264 854 3392 908 pru-

1819 917 1952 972 dens
2004 919 2103 973 sibi
2138 920 2479 988 persuadeat.
2527 919 2642 975 Non
2686 921 2830 976 enim
2891 926 3105 993 corpori
3149 928 3389 984 animam

1821 1019 2157 1076 concretam,
2184 1010 2277 1065 sed
2302 1010 2508 1065 unitam
2542 1011 2954 1083 copulatamque
2979 1016 3393 1073 inhabitantem-

1820 1115 1928 1172 que
1952 1111 2006 1157 et
2032 1100 2193 1156 simul
2220 1113 2533 1172 operantem
2575 1103 2822 1159 dicimus.
2868 1104 3050 1176 Neque
3088 1105 3215 1160 item
3274 1110 3395 1164 ani-

1822 1208 1964 1247 mam
1998 1194 2298 1257 mortalem,
2334 1208 2509 1263 neque
2542 1209 2737 1265 corpus
2767 1195 3071 1250 immortale
3099 1198 3390 1269 quisquam

1827 1282 1974 1339 dicet
2004 1285 2104 1338 nisi
2132 1285 2305 1353 iplane
2340 1285 2640 1355 desipiens;
2684 1286 2777 1341 sed
2819 1298 3104 1359 utramque
3144 1303 3392 1348 naturam

1821 1373 2203 1441 discernimus,
2258 1392 2425 1431 unum
2471 1386 2649 1433 tamen
2684 1378 2890 1433 animal
2939 1382 3284 1451 agnoscimus
3326 1399 3394 1438 ex

1823 1466 1930 1524 illis
1959 1471 2317 1536 compositum
2351 1486 2365 1523 :
2400 1477 2455 1524 et
2510 1479 2798 1538 utramque
2844 1480 3096 1527 naturam
3165 1475 3396 1529 diversis

1825 1560 2137 1615 nominibus
2170 1561 2491 1625 vocitamus,
2514 1564 2749 1617 animam
2776 1564 2985 1619 scilicet
3007 1576 3171 1635 atque
3197 1582 3395 1636 corpus

1825 1651 2055 1707 dicimus
2086 1668 2101 1716 ;
2133 1652 2272 1721 quod
2307 1667 2435 1706 vero
2462 1667 2527 1706 ex
2560 1662 2789 1723 utraque
2807 1670 2863 1709 re
2887 1656 3150 1710 conﬂatur
3167 1658 3392 1722 animal,

144 1744 430 1815 ἄνθρωπον
478 1744 585 1813 γὰρ
631 1742 1115 1815 προσαγορεύομεν
1158 1741 1256 1815 (2).
1309 1742 1490 1796 Ταῦτα
1541 1743 1721 1797 τοίνυν

1831 1739 1931 1794 alio
1949 1742 2167 1795 nomine
2188 1756 2467 1806 vocamus,
2489 1742 2762 1798 hominem
2795 1745 3004 1801 scilicet
3030 1745 3394 1803 nominamus.

144 1836 240 1889 καὶ
282 1835 377 1889 ἐπὶ
410 1838 508 1906 τῆς
543 1834 855 1905 οἰκονομίας
909 1834 1005 1906 τὴν
1051 1834 1237 1889 εἰκόνα
1286 1834 1561 1900 λαϐόντες,
1621 1834 1722 1905 τῆς

146 1925 496 1998 βλασφημίας
518 1924 919 1996 ἀπαλλαγῶμεν
960 1926 1193 1998 ἐκείνης,
1240 1926 1335 1979 καὶ
1392 1926 1490 1997 τὴν
1527 1929 1723 1996 κρᾶσιν

144 2020 540 2083 καταλιπόντες
568 2018 762 2090 (5),τῷ
788 2018 886 2089 τῆς
916 2018 1160 2083 ἐνώσεως
1176 2019 1270 2072 καὶ
1305 2019 1599 2089 συναφείας
1629 2018 1725 2073 καὶ

143 2113 431 2175 κοινωνίας
476 2111 699 2183 ὀνόματι
738 2111 1008 2184 χρώμενοι
1038 2111 1433 2182 διατελέσωμεν
1463 2127 1476 2141 ·
1511 2111 1724 2179 φύσεων

145 2204 246 2274 μὲν
296 2204 460 2275 [cod.
500 2202 739 2276 φύσεως]
768 2204 1059 2276 διάκρισιν,
1094 2203 1387 2275 προσώπου
1431 2203 1487 2256 δὲ
1528 2204 1723 2257 ἐνωσιν

139 2294 591 2365 δογματίζοντες.
651 2293 811 2349 Οῦτω
859 2296 959 2364 τὴν
1022 2294 1233 2365 Ἀρείου
1295 2294 1390 2347 καὶ
1458 2294 1724 2363 Εὑνομίου

143 2388 499 2459 βλασφημίαν
545 2386 930 2458 ἐλέγξομεν,τὰ
992 2388 1091 2459 μὲν
1142 2387 1413 2450 ταπεινῶς
1460 2387 1729 2459 εἰρημένα

143 2481 238 2533 καὶ
287 2480 655 2551 πεπραγμένα
681 2477 760 2550 τῷ
791 2479 1001 2550 Σωτῆρι
1035 2478 1275 2550 Χριστῷ,
1320 2478 1727 2549 προσάπτοντες

141 2574 207 2642 τῇ
238 2571 335 2625 τοῦ
364 2571 551 2624 δούλου
584 2574 785 2643 μορφῇ·
810 2570 878 2623 τά
905 2571 961 2624 δὲ
991 2570 1169 2641 ὑψηλά
1200 2569 1293 2623 καὶ
1327 2568 1603 2641 θεοπρεπῆ
1634 2568 1729 2621 καὶ

144 2662 397 2732 μεγάλα,
464 2664 530 2733 τῇ
572 2660 749 2731 ὑψηλῇ
817 2660 914 2713 κοιλ⁸
973 2659 1183 2730 μεγάλῃ
1231 2660 1328 2712 καὶ
1375 2658 1555 2712 πάντα
1603 2656 1729 2711 νοῦν

144 2750 556 2823 ὑπερϐαινούση
604 2750 949 2810 ἀνατιθέντες
972 2749 1207 2819 θεότητι.

142 2844 266 2918 ΛΓῘ.
309 2842 588 2918 ’ξΟτιγτῆς
618 2841 1173 2918 ἡμετέρας-φύσεως
1204 2839 1243 2907 ἡ
1294 2840 1383 2918 είς
1426 2837 1729 2918 atypus-circ

214 2913 534 2982 ἀνάληψις
591 2914 699 2979 τὰς
749 2912 855 2966 τοῦ
914 2912 1260 2980 Πνεύματος
1310 2910 1533 2978 δωρεὰς
1585 2910 1732 2978 ’ἡμῖν

214 2983 638 3053 προεξένισεν.

1821 1830 1948 1888 Haec
1984 1832 2152 1902 igitur
2184 1834 2347 1887 etiam
2387 1836 2438 1889 in
2478 1834 2543 1888 iis
2591 1849 2713 1904 quae
2750 1835 2982 1891 attinent
3028 1838 3093 1891 ad
3145 1838 3398 1893 incarna-

1823 1926 2026 1981 tionem
2055 1925 2284 1996 exempli
2318 1927 2493 1980 instar
2521 1933 2816 1990 sumentes,
2860 1943 2888 1980 a
2939 1926 3270 1998 blasphemia
3308 1930 3396 1985 illa

1822 2017 2136 2074 cavebimus
2161 2034 2176 2084 ;
2210 2027 2264 2072 et
2281 2019 2483 2074 omissa
2508 2018 2877 2083 concretione,
2896 2019 3172 2076 vocabulis
3193 2021 3400 2076 adnua-

1826 2110 2010 2177 tionis,
2068 2110 2487 2181 coniunctionis,
2533 2118 2589 2165 et
2644 2111 3041 2168 communionis
3088 2122 3400 2169 constanter

1824 2210 2044 2256 utemur
2083 2218 2099 2267 ;
2132 2212 2453 2270 naturarum
2512 2200 2940 2266 distinctionem,
2988 2217 3233 2274 personae
3269 2220 3399 2259 vero

1825 2290 2088 2345 unitatem
2156 2286 2613 2359 dogmatiza'ntes.
2682 2291 2776 2346 Sic
2839 2291 2954 2345 Arii
3026 2299 3082 2346 et
3149 2290 3397 2347 Eunomii

1827 2379 2220 2451 blasphemiam
2253 2381 2610 2438 refutabimus
2635 2399 2650 2448 ;
2675 2382 2959 2438 humiliter
2998 2382 3213 2453 quidem
3245 2384 3398 2439 'dicta

1826 2480 1880 2525 et
1902 2469 2044 2526 facta
2076 2487 2105 2527 a
2134 2471 2425 2529 Servatore
2460 2473 2681 2530 Christo
2742 2475 2883 2530 servi
2913 2473 3101 2531 forma:
3134 2477 3403 2547 applican-

1829 2575 1911 2620 tes
1942 2583 1958 2632 ;
1988 2565 2239 2621 sublimia
2296 2577 2475 2620 autem
2510 2575 2565 2621 et
2596 2567 2705 2621 Deo
2757 2568 2916 2637 digna
2954 2582 3016 2623 ac
3047 2584 3243 2639 magna
3298 2585 3394 2622 sn-

1828 2656 1977 2711 hlimi
2030 2669 2084 2711 et
2128 2672 2334 2727 magnae
2381 2666 2440 2713 et
2472 2659 2654 2714 omnia
2705 2660 2987 2715 excedenti
3044 2662 3403 2717 attrihucntcs

1830 2746 2120 2802 divinitati.

2032 2858 2079 2892 m
2117 2839 2353 2898 XXXIII.
2409 2841 2561 2906 Quod
2620 2855 2810 2896 nostru'
2864 2856 3065 2897 nnturm
3114 2845 3168 2896 in
3220 2847 3404 2898 (trium

1831 2912 2140 2980 assumptio,
2172 2911 2399 2981 Spiritus
2428 2914 2595 2965 suucti
2624 2914 2763 2965 dona
2808 2917 2953 2967 nobis
2997 2921 3401 2984 comparaverit.

224 3076 395 3131 Ἀλλά
453 3074 643 3145 καιρὸς
701 3073 1033 3145 ἀναδραμεῖν
1094 3074 1189 3127 ἐπὶ
1234 3073 1297 3126 τὸ
1345 3072 1726 3145 προκείμενον.

1902 3066 2008 3123 Sed
2038 3066 2150 3136 jam
2186 3078 2395 3139 tempus
2450 3078 2534 3125 est
2571 3071 2879 3125 revertendi
2929 3072 2995 3125 ad
3043 3073 3404 3141 propositmu.

157 3167 526 3238 Ἀναληφθεὶς
559 3166 740 3219 τοίνυν
779 3168 857 3220 είς
903 3165 1164 3236 οὐρανοὺς
1207 3166 1235 3218 ὁ
1274 3165 1551 3235 Δεσπότης
1598 3165 1732 3235 Χρι-

140 3262 290 3326 στὸς,
324 3261 426 3315 καὶ
479 3259 670 3311 ἑαυτὸν
705 3255 892 3326 ὥσπερ
930 3257 1189 3326 ἐχέγγυον
1222 3256 1323 3325 τῆς
1366 3255 1476 3309 τῶν
1520 3255 1735 3327 ἀνθρὼ-

140 3371 263 3407 πων
313 3352 544 3424 εἰρήνης
598 3346 978 3421 προσενεγκὼν
1011 3346 1089 3418 τῷ
1127 3348 1322 3417 Πατρὶ,
1368 3350 1577 3418 πέμπει
1622 3349 1736 3413 τοῖς

141 3446 461 3518 ἀνθρώποις
510 3444 610 3516 τὴν
660 3442 821 3513 χάριν
864 3439 959 3493 τοῦ
1003 3440 1341 3510 Πνεύματος,
1374 3439 1563 3512 ῶσπερ
1613 3438 1738 3494 τινὰ

138 3539 254 3593 τῶν
302 3536 739 3608 ἐπηγγελμένων
790 3533 1012 3603 ἀγαθῶν
1096 3532 1412 3605 ἀρραϐῶνα,
1459 3533 1737 3606 παιδοτρί-

124 3634 287 3703 ϐην,
332 3631 435 3684 καὶ
488 3627 832 3699 γυμναστὴν,
892 3625 1005 3679 τῶν
1065 3628 1166 3697 τῆς
1207 3624 1489 3689 εὐσεϐείας
1534 3627 1736 3696 ἀγωνι-

142 3722 299 3794 στὴν,
346 3718 573 3790 φύλακα
602 3716 711 3771 τῶν
741 3716 1105 3771 πιστευόντων
1134 3715 1453 3787 ἀκοίμητον,
1486 3716 1602 3786 φῶς
1626 3716 1737 3771 τῶν

139 3814 495 3887 προσιόντων
524 3808 786 3865 άσϐεστόν
808 3826 870 3862 τε
896 3808 994 3863 καὶ
1016 3808 1339 3880 ἀνέσπερον,
1363 3807 1471 3862 τῶν
1490 3807 1738 3878 ψυχικῶν

135 3905 490 3980 τραυμάτων
524 3900 888 3975 θεραπευτὴν,
936 3899 1119 3971 ίατρδν
1144 3901 1253 3954 τῶν
1286 3899 1392 3954 ὑπὺ
1426 3901 1524 3971 τῆς
1553 3900 1737 3970 ἀμαρ-

133 4001 263 4063 τίας
312 3994 625 4065 γινομένων
677 3994 1027 4067 τραυμάτων,
1070 3992 1375 4064 στρατηγὸν
1433 3990 1736 4064 ἀριστεύειν

134 4092 283 4148 κατά
316 4087 416 4142 τοῦ
458 4084 710 4139 διαϐόλου
742 4086 1085 4149 διδάσκοντα,
1122 4083 1460 4155 ὑποπτέρους
1487 4083 1611 4146 τοὺς
1639 4101 1738 4153 χα-

132 4179 441 4256 μαιπετεῖς
474 4176 869 4246 ἐργαζόμενον,
902 4175 1027 4239 τοὺς
1060 4175 1283 4245 γηῖνους
1321 4174 1420 4245 τὴν
1448 4172 1553 4227 τῶν
1575 4174 1739 4245 οὐρα-

128 4276 240 4331 νῶν
276 4266 574 4327 πολιτείαν
602 4266 944 4330 παιδεύοντα,
975 4268 1332 4339 καταφρονεῖν
1362 4265 1584 4337 σαρκδς,
1616 4267 1738 4319 ἐπι-

135 4364 434 4443 μελεῖσθαι
466 4359 673 4431 ψυχῆς,
728 4358 1010 4413 διαπτύειν
1058 4359 1129 4411 τὰ
1184 4358 1448 4429 παρόντα,
1489 4358 1737 4427 ἐφίεσθαι

132 4463 247 4517 τῶν
282 4455 624 4531 μελλόντων,
655 4453 789 4523 όρᾷν
810 4451 880 4504 τά
899 4448 1324 4522 προσδοκώμενα
1360 4449 1449 4503 διὰ
1480 4448 1734 4511 πίστεως,

136 4554 311 4626 μηδὲν
336 4544 607 4621 ἡγεῖσθαι
634 4543 740 4598 τῶν
766 4545 823 4597 ἐν
856 4541 933 4613 τῷ
968 4542 1067 4612 βίῳ
1089 4540 1358 4611 λαμπρὸν,
1383 4540 1541 4610 δόξης
1568 4557 1737 4593 κατα-

132 4646 331 4717 γελᾷν,
364 4640 484 4695 τῶν
523 4635 621 4690 τοῦ
670 4636 899 4689 πλούτου
933 4633 1219 4704 ῥευμάτων
1260 4632 1553 4702 ὑπερορᾷν,
1585 4631 1735 4702 ῶραν

133 4740 405 4810 σώματος
455 4729 536 4793 ὡς
577 4727 735 4791 ἄνθος
783 4727 916 4797 όρᾷν
966 4723 1384 4796 μαραινόμενον,
1431 4721 1506 4792 μὴ
1551 4720 1741 4790 ἀλγεῖν

135 4826 509 4899 πενομένους,
556 4820 632 4890 μὴ
665 4817 921 4873 ἀνιᾶσθαι
947 4815 1256 4880 νοσοῦντας,
1285 4813 1494 4887 χαίρειν
1520 4813 1740 4868 ἀδικου-

137 4924 368 4996 μένους,
400 4911 876 4983 λεηλατουμένους
906 4907 1313 4980 εὐφραίνεσθαι,
1341 4906 1526 4979 φέρειν
1550 4922 1740 4977 καρτε-

137 5014 314 5089 ρικῶς
363 5009 436 5064 τά
485 5005 662 5064 δεινά,
714 5002 1111 5075 ὑπερεύχεσθαι
1142 5000 1250 5054 τῶν
1296 4997 1732 5063 ἀντιδικούντων,

204 5172 283 5245 (ί)
326 5169 676 5245 Ρεετδνφυδν
711 5175 859 5242 ⁸³³³³.
894 5173 997 5245 “ﬁ.
1020 5155 1736 5245 Ρὲῗίῗωῐῖίΐῖἷῖθὲντίῑ¹ίέ¹9ζ

126 5226 311 5303 ctrina
355 5240 431 5293 de
472 5226 803 5287 naturarum
847 5231 901 5284 in
937 5226 1732 5303 Christo‘distinctio’ue!__Ego

134 5297 270 5369 ita}.
314 5311 564 5365 lectores
614 5315 762 5355 meos
806 5312 1131 5369 magnopere
1174 5298 1378 5369 ho_rtor,
1418 5306 1480 5369 ut
1509 5297 1727 5369 editam

1833 3160 2157 3228 Assumptus
2202 3160 2385 3229 itaque
2436 3161 2487 3215 iu
2537 3160 2732 3215 caelum
2800 3161 3051 3219 Christus
3119 3162 3402 3231 Dominus,

1832 3266 2000 3321 seque
2037 3249 2203 3305 veluti
2234 3252 2484 3306 humana:
2510 3251 2664 3321 pacis
2698 3268 3014 3323 sponsorem
3050 3253 3201 3309 Patri
3248 3256 3405 3311 exhi-

1832 3343 1987 3407 bens,
2044 3343 2207 3397 mittit
2254 3346 2322 3398 ad
2366 3344 2613 3411 homines
2645 3344 2885 3414 Spiritus
2921 3347 3094 3402 sancti
3148 3350 3401 3417 gratiam,

1832 3446 1930 3490 ceu
1951 3434 2240 3505 quamdam
2266 3436 2660 3505 promissorum
2695 3436 2957 3493 bonorum
3000 3441 3243 3505 arrham,
3291 3456 3409 3497 ma-

1834 3525 2085 3598 gistrum,
2116 3536 2474 3597 gymnastam,
2510 3527 2721 3597 piorum
2754 3531 3155 3599 agonothctam,
3189 3532 3405 3602 vigilem

1835 3616 2174 3672 credentium
2202 3618 2503 3681 custodem,
2536 3618 2715 3674 lumen
2749 3619 3119 3674 accedentium
3155 3623 3221 3675 ad
3246 3622 3405 3678 fidem

1836 3706 2275 3778 inexstinguibile
2327 3718 2383 3762 et
2438 3709 2660 3765 minime
2709 3709 3019 3776 occiduum,
3077 3712 3406 3781 spiritalium

1844 3801 2129 3856 vulnerqu
2164 3812 2495 3865 curatorem,
2532 3801 2905 3871 impositarum
2936 3816 2966 3856 a
3004 3804 3241 3870 peccatis
3284 3804 3405 3870 pla-

1839 3908 2028 3963 garum
2061 3892 2330 3949 medicum
2364 3908 2379 3959 ;
2409 3892 2598 3947 ducem
2627 3891 2720 3962 qui
2768 3891 2996 3947 feliciter
3023 3908 3148 3949 cum
3195 3896 3408 3953 diabolo

1838 3999 2080 4055 pugnare
2105 3985 2285 4051 docet,
2317 3994 2371 4039 et
2418 3982 2761 4039 altivolantes
2795 3983 3080 4039 facientem
3123 3987 3213 4056 qui
3257 3988 3405 4043 lmmi

1839 4073 2125 4141 reptabant
2149 4090 2165 4136 ;
2199 4074 2288 4142 qui
2310 4084 2554 4128 terrenos
2580 4073 2647 4127 ad
2669 4072 2943 4128 caelestem
2966 4076 3127 4128 vitam
3153 4076 3403 4141 instituit,

1840 4176 2005 4234 atque
2030 4174 2088 4219 ut
2108 4179 2328 4219 carnem
2360 4171 2728 4230 contemnant,
2758 4165 2951 4218 anima:
2977 4181 3159 4219 curam
3191 4178 3404 4235 gerant,

1842 4253 2126 4323 praesentia
2145 4256 2428 4323 despuant,
2452 4252 2648 4308 futuris
2668 4252 2893 4317 inhient,
2913 4269 2974 4308 ea
2998 4269 3115 4323 quae
3135 4271 3230 4325 per
3246 4256 3404 4311 [idem

1842 4355 2227 4412 exspectantur
2267 4358 2375 4411 pra:
2415 4342 2591 4397 oculis
2624 4342 2878 4407 habeant,
2923 4343 3057 4397 nihil
3107 4344 3162 4399 in
3207 4346 3408 4400 mundo

1844 4436 2179 4505 splendidum
2232 4444 2441 4505 putent,
2495 4436 2724 4506 gloriam
2778 4435 3061 4503 irrideant,
3096 4436 3406 4492 divitiarum

1846 4534 2117 4580 torrentes
2170 4525 2494 4594 despiciant,
2540 4526 2783 4595 corporis
2822 4526 3274 4594 pulchritudinem
3308 4543 3405 4582 ceu

1841 4617 2026 4669 florem
2083 4616 2349 4670 caducum
2403 4624 2672 4686 spectent,
2717 4631 2783 4671 ne
2824 4617 3007 4686 inopes
3062 4618 3298 4689 doleant,
3342 4634 3409 4673 ne

1842 4704 2025 4772 aegroti
2048 4718 2191 4773 aegre
2215 4703 2412 4770 ferant,
2448 4714 2507 4760 ut
2536 4704 2649 4760 laesi
2678 4706 2970 4775 gaudeant,
2994 4707 3206 4774 spoliati
3234 4706 3413 4761 laeten-

1843 4804 1953 4859 tur,
1982 4793 2198 4849 fortiter
2219 4810 2487 4851 aerumnas
2510 4796 2760 4861 tolerent,
2792 4807 2948 4852 orent
2984 4813 3082 4867 pro
3112 4799 3409 4853 adversauo

1841 4886 2013 4952 tibus,
2051 4885 2377 4941 benedicant
2434 4888 2903 4953 maledicentibus,
2943 4899 3104 4958 atque
3140 4889 3411 4944 omnimo-

1848 4979 1993 5044 dam,
2021 4987 2081 5033 ut
2100 4978 2271 5034 semel
2296 4980 2496 5046 dicam,
2529 4980 2921 5051 philosophiam
2952 4989 3250 5036 sectentur.
3284 4980 3411 5036 Haec

1838 5156 2001 5213 situm
2048 5166 2196 5213 recte
2236 5158 2568 5230 exemplum,
2609 5172 2716 5229 quo
2756 5172 3010 5229 perverse
3050 5157 3410 5215 abutebantur

1840 5226 2253 5281 Monoohvsitm.

1894 5235 2253 5299 onophysitae.

1907 5300 1985 5370 (5)
2027 5298 2312 5370 Sapienter
2350 5296 2492 5370 ha_nc
2531 5297 2794 5370 cautelam
2837 5307 2959 5366 post
2996 5307 3152 5370 natos
3191 5312 3408 5370 errores

133 5365 283 5455 and
442 5371 651 5455 δετερι-
680 5369 819 5455 me.
842 5378 881 5455 ε·
902 5365 1205 5455 Mena
1231 5366 1521 5455 τιφεξινρί
1550 5365 1726 5455 sesi
1834 5365 2085 5455 ἓξρόεεὲι
2104 5365 2607 5455 ῖικτξιιμςιβιςείιιμ
2985 5367 3277 5455 οπεεοτξιιθ
3309 5366 3410 5455 Ne-

132 5436 261 5511 έῖιέὶε
299 5444 567 5513 Armenia
603 5440 864 5513 Syrisque
894 5437 1519 5513 Jacobitistheologicam
1553 5436 1731 5513 dispu-

1833 5437 2316 5507 aianzentts,'orat.
2343 5438 2434 5500 ⁸58,
2462 5438 2550 5502 15,
2578 5437 2667 5493 ed.
2694 5439 2920 5503 noviss.,
2952 5448 2989 5491 t.
3020 5440 3060 5501 Ι,
3089 5454 3140 5507 p.
3168 5438 3294 5500 671,
3320 5439 3409 5489 ad-

136 5506 411 5579 fationem
456 5506 699 5580 adeaui,
740 5506 831 5564 ubi
877 5522 963 5563 res
1002 5509 1119 5561 hare
1156 5506 1577 5562 luculentissime
1619 5506 1737 5560 illu-
1834 5506 1941 5580 huc
1966 5507 2241 5580 scribebat
2264 5509 2331 5561 de
2357 5508 3061 5580 opere_incarnationi_s:‘tl
3084 5509 3183 5579 τῆς
3210 5507 3407 5577 καινῆς

133 5604 422 5736 ειῗὲἰηέιι
453 5650 663 5710 auitnae
689 5658 743 5706 ct
770 5645 1013 5719 corporis
1038 5645 1092 5703 in
1122 5645 1278 5703 unico
1305 5645 1522 5703 homine
1550 5659 1738 5716 propo-

1837 5576 2038 5649 μίξεως
2064 5579 2076 5632 l
2106 5575 2152 5632 ῶ
2179 5576 2278 5650 τῆς
2307 5575 2611 5651 παραδόξου
2641 5577 2927 5651 κράσεωςί
