3856 6212
444 282 582 340 1175

1483 274 1543 331 S.
1569 273 1851 330 CYRILLI
1890 268 2365 327 ALEXANDRINI
2407 269 2733 328 ARCHIEP.

3586 272 3725 327 Ητίί

439 403 624 458 docuit
684 400 920 472 Spiritus
964 398 1165 471 gratia,
1210 397 1327 452 haec
1369 403 1576 450 terram
1606 409 1671 449 ac
1715 406 1864 448 mare
1898 406 2024 447 eru-

2134 374 2376 459 εὑλογεϊν
2405 391 2533 455 τοὺς
2560 386 3009 461 καταρωμένους,
3046 388 3143 443 καὶ
3174 390 3355 444 πᾶσαν
3380 389 3724 455 ἁπαξαπλῶς

439 497 676 559 dierunt,
714 494 832 549 haec
868 493 1032 548 etiam
1064 489 1283 546 barbari
1308 496 1435 559 post
1460 486 1542 542 sui
1590 484 1898 541 Servatoris
1927 483 2024 538 ad-

443 596 663 641 ventum
700 584 1170 655 philosophantur,
1202 580 1319 634 haec
1377 587 1536 633 terra:
1568 574 1899 631 continentis
1943 574 2027 629 in-

444 676 599 744 colae,
630 678 747 733 haec
775 677 997 742 milites,
1030 675 1147 730 haec
1200 671 1297 743 qui
1342 680 1619 728 extremos
1649 667 1835 724 mundi
1889 665 2026 722 lines

448 769 711 825 habitant.

451 1065 691 1123 XXXIV.
709 1066 1024 1121 Adhortatio
1038 1068 1107 1121 ad
1124 1067 1351 1137 agendas
1377 1064 1599 1134 gratias,
1619 1072 1667 1117 et
1697 1081 1728 1117 a
1756 1064 2024 1134 superﬂua

902 1136 1207 1192 curiositate
1246 1136 1560 1190 dehortatio.

514 1252 864 1309 Celebremus
893 1253 1077 1323 itaque
1103 1250 1577 1306 innumerabilium
1634 1247 1899 1303 bonorum
1928 1247 2025 1303 da-

446 1353 643 1411 torem,
674 1345 766 1416 qui
796 1345 864 1401 ah
886 1354 1133 1399 extrema
1171 1355 1383 1397 morum
1420 1340 1762 1396 absurditate
1789 1340 1857 1396 ad
1910 1340 2025 1410 pri-

445 1437 733 1509 inigeniam
757 1453 855 1494 nos
888 1447 1140 1492 naturam
1164 1436 1459 1503 revocavit,
1481 1450 1626 1503 eum,
1661 1435 1904 1505 inquam,
1932 1435 2024 1505 qui

444 1539 667 1599 propter
693 1544 792 1584 nos
838 1543 1046 1599 pauper
1093 1537 1176 1583 est
1207 1526 1406 1594 factus,
1444 1536 1502 1581 ut
1556 1541 1655 1582 nos
1704 1536 2026 1597 paupertate

445 1620 615 1690 ipsius
630 1621 949 1676 dilaremur.
972 1618 1256 1689 Simulque
1286 1619 1567 1675 laudemus
1591 1634 1778 1674 verum
1793 1618 1960 1691 846
1975 1637 2024 1673 m

446 1711 617 1779 ipsius
668 1710 909 1776 Patrem,
951 1712 1043 1781 qui
1082 1719 1363 1782 tantopere
1403 1710 1664 1765 mundum
1726 1710 1917 1766 dilexit
1966 1720 2021 1765 ut

444 1801 639 1858 Filium
662 1818 818 1857 suum
855 1803 1196 1874 unigenitum
1233 1817 1335 1873 pro
1376 1816 1443 1858 eo
1490 1802 1726 1864 dederit,
1756 1813 1816 1856 ut
1848 1803 2027 1858 omnis

444 1897 537 1964 qui
579 1894 758 1950 credit
787 1896 841 1950 in
892 1896 1092 1965 ipsum,
1120 1909 1228 1950 non
1257 1902 1462 1964 pereat,
1497 1896 1592 1948 sed
1621 1894 1820 1949 habeat
1860 1894 2023 1948 vitam

445 1995 701 2040 aeternam
731 1986 777 2018 ’⁷
814 2004 829 2054 ;
865 2001 1097 2056 cumque
1116 1984 1278 2042 Patre
1309 2001 1373 2040 ac
1414 1985 1552 2040 Filio
1583 1996 1828 2041 sanctum
1860 1986 2029 2056 Spiri-

449 2086 561 2131 tum
596 2092 753 2148 que
813 2078 1117 2142 laudemus,
1165 2078 1218 2133 in
1272 2078 1426 2148 cujus
1478 2078 1697 2142 nomine
1742 2079 2025 2149 baptizati,

443 2168 571 2222 doni
597 2169 815 2224 arrham
847 2170 1148 2240 accipimus
1180 2186 1195 2234 ;
1230 2184 1261 2223 a
1293 2184 1401 2240 quo
1424 2181 1625 2226 nostrie
1675 2172 1873 2227 anima:
1904 2171 2027 2226 illu-

444 2259 744 2327 minantur,
792 2275 823 2314 a
875 2276 983 2331 quo
1032 2261 1430 2318 incarnationis
1468 2277 1605 2333 opus
1654 2262 1935 2329 docemur,
1971 2272 2029 2320 et

444 2349 499 2405 in
534 2350 802 2421 theologia
846 2351 1210 2417 instituimur,
1276 2367 1373 2422 per
1414 2368 1576 2424 quem
1610 2369 1639 2408 a
1674 2369 1886 2409 morum
1920 2356 2027 2409 im-

444 2442 777 2510 portunitate
800 2457 1073 2509 arcemur,
1108 2459 1204 2514 per
1229 2460 1389 2515 quem
1413 2446 1652 2515 denique
1675 2462 1863 2503 errore
1890 2447 2025 2503 libe-

446 2534 550 2588 rati
616 2534 909 2605 veritatem
939 2536 1279 2605 agnovimus.
1341 2536 1423 2591 Ab
1488 2536 1787 2608 indaganda
1843 2549 2025 2594 autem

445 2625 669 2695 ingeniti
710 2636 904 2679 natura
962 2641 1264 2695 cessemus,
1294 2637 1476 2682 utrum
1509 2629 1625 2697 ipse
1662 2630 1736 2684 sit
1762 2630 1934 2687 bonus
1961 2646 2027 2686 ac

442 2716 641 2787 justus,
675 2727 730 2771 et
758 2726 938 2772 utrum
978 2718 1094 2773 ﬁeri
1156 2718 1328 2789 possit
1380 2729 1438 2773 ut
1491 2722 1615 2789 quis
1668 2736 1775 2775 non
1811 2724 2026 2791 genitus

444 2824 546 2863 nec
597 2808 774 2864 factus
821 2810 1069 2866 exsistat.
1127 2811 1420 2866 Cessemus
1473 2814 1601 2867 item
1650 2826 1681 2867 a
1731 2816 2024 2871 scrutanda

446 2897 722 2966 Unigeniti
765 2900 1124 2970 generatione
1165 2900 1392 2970 ejusque
1426 2902 1636 2958 ratione
1669 2905 2023 2973 exquirenda,

446 3006 547 3045 nec
577 2992 643 3046 de
681 2991 924 3062 ingenito
974 2993 1265 3063 genitoque
1312 2995 1693 3065 dijudicemus,
1742 3008 1837 3053 aut
1880 3000 2025 3069 quod

2133 482 2453 553 φιλοσοφίαν
2485 481 2864 555 μεταδιώκειν.
2902 480 3091 538 Ταῦτα
3118 481 3355 549 ἐδίδαξεν
3383 485 3419 554 η
3443 482 3611 554 χάρις
3631 484 3723 535 τοῦ

2132 574 2471 645 Πνεύματος,
2516 574 2690 629 ταῦτα
2728 574 2833 645 γῆν
2881 571 3025 645 [c0d.
3086 573 3144 628 δὲ
3188 589 3291 644 pro
3323 573 3452 647 γῆν]
3498 575 3600 627 καὶ
3632 575 3727 627 θά-

2132 664 2332 720 λατταν
2370 666 2774 732 ἐξεπαίδευσεν,
2808 665 2984 722 ταῦτα
3010 668 3109 721 καὶ
3141 667 3410 739 βάρϐαροι
3452 667 3599 737 μετά
3627 669 3724 735 τὴν

2133 755 2228 810 τοῦ
2258 758 2511 830 Σωτῆρος
2542 757 2726 813 αὐτῶν
2760 757 3149 828 φιλοσοφοῦσιν
3195 758 3513 830 ἐπιδημίαν,
3549 758 3723 812 ταῦτα

2132 847 2475 919 ὴπειρῶται,
2524 849 2700 903 ταῦτα
2758 851 2807 903 oi
2866 850 3217 923 στρατιῶται,
3273 850 3452 905 ταῦτα
3505 853 3558 905 οἱ
3624 853 3727 912 τὰς

2133 939 2391 1011 ἐσχατιὰς
2428 941 2526 1012 τῆς
2564 940 2891 1013 οἰκουμένης
2927 939 3219 1007 οἰκοῦντες.

2131 1073 2252 1131 ΛΔ’.
2294 1075 2609 1146 Προτροπὴ
2647 1076 3057 1201 εὐχαριστίαῖ,
3099 1076 3199 1131 καὶ
3243 1078 3563 1146 ἀποτροπὴ
3612 1095 3721 1132 ,πε-

2817 1162 2995 1201 οιουσ
3021 1163 3114 1201 ac.

2810 1162 3114 1217 ριουσιας.

2215 1260 2641 1333 ’Λνυμνήσωμεν
2679 1260 2860 1315 τοίνυν
2891 1260 2984 1315 τὸν
3023 1260 3133 1314 τῶν
3165 1261 3457 1334 ἀμυθήτων
3497 1263 3722 1333 ἀγαθῶν

2131 1352 2390 1426 χορηγὸν,
2419 1353 2512 1407 τὸν
2538 1356 2603 1407 ἐκ
2628 1353 2727 1425 τῆς
2754 1352 2993 1425 ἐσχάτης
3022 1352 3243 1424 ἀλογίας
3276 1355 3355 1419 εἰς
3391 1356 3492 1427 τὴν
3528 1359 3721 1428 προτέ-

2136 1463 2232 1517 ραν
2276 1447 2422 1517 ἡμᾶς
2467 1447 2628 1515 φύσιν
2678 1445 3117 1516 ἐπαναγαγόντα,
3164 1446 3255 1500 τὸν
3290 1446 3357 1500 δι’
3392 1449 3543 1519 ημᾶς
3581 1465 3722 1502 πτω-

2132 1535 2423 1608 χεύσαντα,
2464 1538 2553 1611 ἵνα
2580 1540 2740 1610 ἡμεῖς
2788 1540 2853 1610 τῇ
2881 1538 3093 1592 ἐκείνου
3126 1538 3374 1609 πτωχείᾳ⁴
3404 1539 3721 1611 πλουτήσω-

2135 1646 2270 1700 μενο
2298 1630 2393 1683 καὶ
2449 1608 2548 1683 σῦν
2596 1608 2747 1701 αὐτῷ
2912 1631 3135 1702 γνήσιον
3167 1608 3618 1703 αὐτοῦνΠατέρα,
3662 1632 3720 1695 ὃς

2131 1722 2304 1787 οὕτως
2337 1723 2593 1795 ἠγάπησε
2638 1723 2730 1777 τὸν
2778 1724 3003 1795 κόσμον,
3058 1723 3135 1787 ὼς
3180 1723 3363 1778 δοῦναι
3412 1725 3510 1779 τὸν
3564 1742 3719 1796 μονοο

2136 1816 2267 1887 γενῆ
2315 1814 2477 1869 αὐτοῦ
2525 1816 2652 1870 Υίὸν
2710 1816 2850 1885 ὑπὲρ
2877 1813 3065 1881 αὐτοῦ,
3097 1815 3183 1869 ἵνα
3223 1819 3329 1880 πᾶς
3366 1818 3396 1869 ό
3447 1818 3719 1871 πιστεύων

2145 1908 2226 1971 είς
2273 1908 2434 1960 αὑτὸν
2482 1907 2556 1979 μὴ
2601 1908 2893 1978 ἀπόληται,
2956 1906 3073 1960 ἀλλ’
3114 1907 3214 1980 ἐχῃ
3266 1909 3412 1981 ζωὴν
3465 1910 3713 1964 αἰώνιον·

2136 2001 2236 2054 καὶ
2284 2001 2380 2054 σὺν
2433 2000 2625 2071 Πατρί
2662 2000 2759 2055 καὶ
2804 2000 2918 2072 Υἱῷ
2975 2001 3035 2055 τὸ
3074 2000 3298 2073 Πνεῦμα
3338 2002 3401 2056 τὸ
3442 2004 3619 2072 ἆγιον,
3662 2009 3719 2058 ἐν

2136 2084 2182 2160 ᾧ
2232 2090 2618 2162 βαπτιζόμενοι
2660 2093 2749 2147 τὸν
2808 2094 2907 2165 τῆς
2954 2093 3164 2165 δωρεᾶς
3213 2094 3513 2165 ἀρραϐῶνα
3577 2095 3717 2167 λαμ-

2136 2185 2407 2257 6άνομεν’
2443 2184 2510 2239 δι’
2558 2178 2620 2239 οῦ
2668 2186 2767 2250 τὰς
2800 2186 2979 2257 ψυχὰς
3020 2187 3381 2258 φωτιζόμεθα,
3419 2188 3487 2242 δι’
3528 2184 3590 2244 οὗ
3622 2190 3721 2261 τὴν

2134 2275 2451 2347 οἰκονομίαν
2483 2274 2874 2347 διδασκόμεθα,
2908 2276 2974 2329 δι’
3009 2269 3071 2329 οὗ
3116 2277 3212 2348 τὴν
3264 2278 3541 2348 θεολογίαν
3588 2299 3721 2334 παι-

2133 2365 2421 2437 δευόμεθα,
2454 2365 2520 2421 δι’
2559 2359 2620 2419 οὗ
2651 2366 2752 2437 τῆς
2790 2367 3015 2436 ἀλογίας
3044 2369 3523 2441 ἀπαλλαττόμεθα,
3557 2371 3625 2426 δι’
3661 2368 3721 2426 οῦ

2135 2460 2234 2531 τῆς
2258 2457 2467 2530 πλάνης
2492 2458 2968 2530 ἠλευθερώθημεν,
3001 2462 3097 2515 καὶ
3137 2462 3233 2534 τὴν
3267 2462 3527 2535 ἀλήθειαν
3553 2465 3725 2534 ἔγνω-

2137 2569 2257 2623 μεν.
2293 2552 2404 2605 Καὶ
2435 2551 2773 2623 παυσώμεθα
2803 2552 2902 2622 τὴν
2932 2553 3095 2623 φύσιν
3134 2555 3724 2628 πολυπραγμονοῦντες

2132 2644 2227 2698 τοῦ
2255 2646 2573 2717 ἀγεννήτου,
2608 2646 2655 2697 εἰ
2689 2646 2783 2698 καὶ
2816 2645 2978 2709 αὐτὸς
3005 2647 3209 2716 ἀγαθὸς
3248 2650 3342 2702 καὶ
3371 2650 3601 2716 δίκαιος,
3628 2656 3721 2705 καὶ

2133 2738 2181 2790 εἰ
2220 2731 2330 2790 οἷόν
2363 2754 2423 2790 τε
2467 2734 2607 2790 εἷναί
2640 2755 2763 2791 τινα
2805 2738 2880 2809 μὴ
2924 2740 3251 2811 γεννηθέντα
3303 2742 3335 2813 ἢ
3388 2744 3717 2815 γενόμενονο

2135 2827 2475 2899 παυσώμεθα
2503 2829 2603 2898 τὴν
2636 2829 2891 2899 γέννησιν
2920 2831 3375 2903 περιεργάζεσθαι
3408 2834 3507 2887 τοῦ
3549 2837 3720 2889 Μονο-

2133 2920 2345 2990 γενοῦς,
2380 2922 2475 2975 καί
2506 2920 2596 2973 τὸν
2625 2921 2825 2992 τρόπον
2866 2922 3272 2993 ἐπιζητοῦντες,
3310 2926 3402 2979 καὶ
3436 2927 3720 3000 ἀγεννήτῳ

2134 3013 2231 3066 καὶ
2272 3012 2521 3084 γεννητῷ
2564 3013 2896 3081 διαιτῶντες,
2953 3015 3049 3068 καὶ
3087 3015 3413 3087 μετροῦντες
3458 3019 3531 3073 τὰ
3578 3021 3721 3091 ἀμέ-

446 3081 892 3137 immensurabile
942 3091 1026 3138 est
1084 3083 1460 3141 dimetiamur.
1516 3085 1805 3144 Cessemus
1840 3105 1869 3143 a
1906 3106 2024 3145 ma-

2134 3118 2327 3173 τρητα·
2390 3102 2728 3173 παυσώμεθα
2792 3103 2978 3167 κακῶς
3029 3104 3402 3174 ἀνιχνεύοντες
3462 3108 3564 3180 τὴν
3624 3110 3718 3163 τοῦ

446 3172 625 3227 litiose
669 3171 993 3243 vestiganda
1051 3171 1293 3243 Spiritus
1344 3178 1715 3246 processione,
1753 3195 1929 3253 neque
1961 3197 2025 3238 ea

446 3263 655 3318 discere
687 3262 1024 3328 studeamus,
1052 3279 1173 3334 quae
1194 3263 1292 3320 soli
1321 3267 1472 3322 Patri
1497 3270 1706 3326 etFilio
1743 3281 1797 3327 et
1835 3286 2027 3330 sancto

448 3351 674 3422 Spiritui
706 3362 832 3408 nota
883 3362 1030 3409 sunt.
1061 3354 1116 3409 In
1156 3355 1246 3421 iis,
1278 3370 1414 3426 quos
1471 3361 1795 3431 recepimus,
1826 3363 2027 3422 ﬁnibus

447 3459 763 3499 maneamus
794 3463 806 3499 :
838 3459 906 3500 ne
936 3446 1216 3514 terminos,
1241 3463 1377 3518 quos
1410 3459 1593 3520 patres
1620 3455 1792 3509 nostri
1828 3471 2027 3525 posue-

450 3547 597 3601 runt,
622 3539 1039 3594 transferamus.
1064 3538 1285 3596 Tradita
1317 3542 1474 3598 nobis
1493 3558 1522 3597 a
1550 3544 1753 3615 Spiritu
1779 3547 2027 3606 doctrina

449 3628 690 3683 contenti
714 3630 904 3687 simus.
940 3629 1019 3685 Ne
1044 3632 1272 3689 velimus
1313 3631 1465 3689 Pauli
1518 3636 1804 3694 scientiam
1859 3657 2026 3714 supe-

449 3735 595 3786 rare,
623 3721 716 3791 qui
745 3738 811 3777 ex
837 3733 991 3793 parte
1020 3724 1200 3780 aiebat
1238 3739 1298 3781 se
1318 3740 1673 3796 cognoscere,
1702 3741 1758 3788 et
1782 3748 1847 3789 ex
1872 3747 2027 3805 parte

450 3814 800 3882 prophetare,
840 3823 896 3870 et
944 3815 999 3870 in
1051 3818 1273 3888 speculo
1313 3828 1369 3875 et
1398 3822 1684 3891 aenigmate
1740 3827 2023 3886 veritatem

449 3903 633 3959 videre
668 3903 736 3961 ⁸⁸.
768 3905 1157 3977 Exspectemus
1201 3921 1537 3980 speratorum
1586 3918 1847 3973 bonorum
1900 3937 2026 3991 pos-

448 4008 680 4050 sessum.
742 3996 895 4053 Tunc
945 4000 1186 4067 perfecte
1223 4017 1635 4074 cognoscemus,
1684 4025 1807 4067 cum
1851 4028 2027 4085 neque

445 4081 705 4149 iactantia
730 4087 885 4142 nobis
914 4090 1154 4157 nocebit,
1181 4106 1354 4160 neque
1383 4096 1637 4163 superbia
1689 4115 1787 4155 nos
1835 4081 2026 4172 princi-

451 4177 592 4245 pites
652 4187 796 4246 aget,
856 4179 950 4235 sed
1000 4182 1254 4250 passione
1292 4185 1437 4238 omni
1488 4199 1741 4257 expertes
1797 4195 2021 4251 erimus.

452 4268 591 4339 Ergo
622 4273 871 4338 praesenti
907 4282 1146 4341 tempore
1170 4275 1224 4329 in
1257 4276 1518 4333 doctrinis
1551 4280 1715 4353 847
1734 4301 1782 4337 m
1810 4297 2023 4357 patrum

456 4372 761 4431 perslemus
792 4379 808 4428 ;
847 4379 912 4418 ne
950 4365 1155 4433 majora
1182 4365 1322 4422 forte
1359 4384 1687 4443 quaerentes,
1727 4380 2025 4441 minoribus

512 4538 556 4570 "’
582 4537 740 4594 Joan.
772 4554 854 4602 ιιι,
892 4539 979 4593 l6.
1055 4542 1291 4601 "lCor.
1326 4562 1443 4612 xm,
1478 4549 1538 4605 9.

2135 3193 2455 3265 Πνεῦματος
2497 3194 2746 3266 πρόοδον,
2792 3196 2889 3249 καὶ
2929 3196 3221 3267 ζητοῦντες
3269 3200 3462 3271 μαθεῖν
3495 3201 3534 3255 ἃ
3573 3205 3719 3273 μόνῳ

2134 3288 2312 3360 Πατρὶ
2342 3288 2438 3341 καὶ
2469 3287 2584 3358 Υἱῷ
2616 3288 2721 3341 καὶ
2747 3289 2886 3360 ἁγίῳ
2909 3290 3187 3362 Πνεῦματι
3202 3293 3454 3366 γνώριμα
3486 3296 3603 3365 (1)-
3631 3299 3722 3368 ἑμ-

2137 3377 2411 3449 μείνωμεν
2437 3372 2519 3441 οἷς
2547 3377 2814 3450 ἐλάὅομεν
2843 3380 2989 3450 ὅροις
3009 3398 3023 3412 ο
3046 3381 3121 3454 μὴ
3152 3384 3274 3454 ὅρια
3302 3386 3720 3458 μετενέγκωμεν

2132 3469 2170 3523 ἀ
2196 3469 2381 3523 ἔθεντο
2420 3472 2467 3523 οἰ
2501 3471 2748 3541 Πατέρες
2780 3470 2940 3541 ἡμῶν
2967 3490 2980 3503 ·
3013 3473 3371 3545 ἀρκεσθῶμεν
3398 3479 3465 3548 τῇ
3501 3478 3719 3549 δοθείσῃ

2133 3559 2452 3632 διδασκαλίᾳ
2504 3560 2655 3630 παρὰ
2690 3558 2783 3613 τοῦ
2827 3560 3164 3632 Πνεύματος.
3213 3563 3303 3633 Μὴ
3360 3563 3715 3636 βουληθῶμεν

2135 3652 2437 3723 ὑπερϐῆναι
2470 3652 2682 3705 Παύλου
2714 3651 2812 3723 τὴν
2837 3653 3059 3721 γνῶσιν,
3088 3654 3149 3718 ὃς
3176 3655 3239 3707 ἐκ
3271 3656 3472 3727 μέρους
3505 3657 3611 3728 ἔφη
3640 3676 3717 3726 για

2132 3742 2383 3807 νώσκειν,
2410 3744 2503 3797 καὶ
2531 3744 2596 3796 ἐκ
2623 3743 2820 3815 μέρους
2846 3744 3233 3816 προφητεύειν,
3263 3748 3357 3800 καί
3383 3750 3443 3801 ἐν
3463 3749 3714 3822 ἐσόπτρῳ

2135 3833 2351 3905 βλέπειν
2375 3834 2468 3886 καὶ
2500 3835 2557 3886 ἐν
2579 3833 2862 3905 αἰνίγματι
2890 3835 2985 3906 τὴν
3001 3834 3259 3907 ἀλήθειαν
3280 3836 3353 3908 (2)
3371 3855 3388 3871 ο
3410 3839 3710 3907 ἀναμείνωο

2137 3944 2237 3997 μεν
2255 3926 2363 3980 τῶν
2389 3924 2757 3997 ἐλπιζομένων
2773 3925 2994 3995 ἀγαθῶν
3020 3927 3116 3997 τὴν
3139 3927 3461 3985 ἀπόλαυσιν.
3486 3931 3619 3985 Τότε
3648 3932 3709 3983 τὰ

2133 4018 2313 4073 τέλεια
2361 4016 2739 4089 μαθησόμεθα,
2771 4018 2861 4071 ὅτε
2894 4017 2962 4071 δι’
3006 4018 3325 4084 ἀλαζονείας
3364 4020 3426 4074 οὐ
3460 4021 3709 4092 βλαϐησό-

2136 4111 2298 4184 μεθα,
2349 4112 2435 4164 ὅτε
2485 4110 2554 4163 δι’
2594 4111 2970 4183 ὑπερηφανίας
3021 4113 3080 4164 οὐ
3132 4114 3467 4184 πεσούμεθα,
3520 4117 3605 4169 ὅτε
3654 4118 3708 4168 ἐν

2132 4202 2372 4274 ἀπαθείᾳ
2403 4202 2729 4274 βιωσόμεθα.
2765 4205 2974 4259 Οὐκοῦν
3000 4206 3058 4258 ἐν
3086 4205 3164 4278 τῷ
3192 4208 3419 4277 παρόντι
3456 4212 3575 4274 ταῖς
3600 4211 3711 4265 τῶν

2133 4298 2385 4368 πατέρων
2437 4297 2807 4363 διδασκαλίαις
2850 4300 3232 4372 ἐμμείνωμεν,
3281 4301 3365 4353 ἵνα
3412 4300 3486 4372 μὴ
3539 4302 3711 4371 μείζω

2136 4389 2443 4459 ζητοῦντες,
2478 4390 2571 4442 καὶ
2598 4391 2708 4443 τῶν
2735 4390 3032 4444 ἐλαττόνων
3057 4391 3408 4463 ἐκπέσωμεν·
3438 4391 3468 4443 ὅ
3497 4391 3708 4448 πέπον·

522 4700 856 4797 gfgjjicglgs
883 4704 1698 4797 ῥξιιιξιεῖεξῃξῑςξηξιξξῐξιιξξίεςιξιί
1743 4713 1927 4797 homo.
1963 4713 2016 4767 in
2052 4722 2095 4777 ι)
2125 4717 2347 4797 clesiam
2396 4719 2680 4797 invehunt.
2723 4724 2902 4797 Quid?
2939 4723 3130 4797 Nonne
3170 4729 3265 4797 ipsi
3308 4728 3411 4783 hnc
3457 4729 3708 4784 instituto

451 4774 831 4864 pretioso‘suo
848 4774 968 4864 "of
990 4775 1188 4864 Spirlif‘u
1228 4787 1414 4864 sancto
1460 4789 1694 4864 tractatu
1707 4860 1714 4864 Δ
1736 4785 1875 4864 apud
1916 4774 2019 4837 nos
2052 4774 2079 4777 ⁷
2125 4804 2225 4843 suo
2257 4790 2439 4864 fidem,
2469 4774 3709 4864 talia;'ieiigi'cin'is'taiiiiini'éii'uiiii:{biiugi

452 4841 625 4917 Scrip.
645 4853 821 4910 ret.,t.
842 4842 956 4917 Yll,
983 4841 1038 4915 p.
1062 4845 1329 4917 519,7pari
1356 4853 1621 4903 sententia
1649 4851 1749 4904 ait:
1772 4841 2017 4917 Utinam,

450 4921 507 4965 ut
533 4911 703 4985 fuerat
732 4911 1004 4983 traditum,
1032 4932 1150 4970 cum
1181 4911 1340 4969 Patre
1366 4925 1414 4970 et
1442 4917 1587 4972 Filio
1618 4919 1872 4985 Spiritum
1901 4911 2019 4976 san;

450 4991 591 5060 ctum
615 4983 920 5060 sinipliciter
935 4986 1274 5060 credidissent
1295 4988 1507 5060 illi._qui
1530 4983 1864 5060 postmodum
1881 5008 2021 5060 quie-

449 5053 667 5127 stionem
706 5053 771 5127 de
808 5054 1016 5127 Spiritu
1055 5053 1539 5127 induxerunt."ut,
1580 5072 1737 5127 puta,
1782 5053 2023 5114 Macedo-

451 5124 625 5195 niani,
656 5123 732 5175 vel
771 5140 948 5178 eorum
985 5126 1037 5178 in
1073 5125 1171 5177 hac
1208 5129 1512 5180 curiositate
1549 5123 1848 5195 participes.
1879 5131 2020 5184 Dum

449 5192 587 5266 enim
626 5207 864 5266 quierunt
907 5204 954 5247 et
1000 5196 1118 5258 isti,
1159 5197 1330 5263 qualis
1376 5209 1450 5251 est
1494 5192 2021 5266 spiritussanclus?

450 5264 588 5336 unde
620 5264 733 5336 est?
752 5273 979 5336 quantus
1015 5267 1126 5319 est?
1157 5277 1310 5320 natus
1347 5271 1459 5324 est?
1490 5264 1556 5321 au
1594 5268 1762 5336 factus
1802 5270 1915 5324 est?
1943 5272 2020 5323 sic

450 5332 637 5406 iterum
663 5332 929 5406 sciderunt
952 5337 1223 5403 populum,
1246 5346 1294 5390 et
1320 5354 1450 5402 vere,
1477 5332 1760 5392 semiudum
1784 5340 2020 5406 Apostoli

450 5405 670 5469 dictum,
700 5404 1131 5459 interminabtlem
1158 5409 1496 5476 quwstionem
1527 5408 1776 5463 Ecciesiis
1806 5404 2023 5464 induxe-

450 5482 596 5535 rimi,
624 5483 729 5528 etc.

520 5544 597 5611 (2)
634 5544 1350 5618 étitlianLhrcimmodictc
1384 5557 1439 5602 et
1478 5549 1630 5617 quasi
1668 5564 1895 5603 meracze
1931 5550 2023 5618 (ut

452 5628 575 5666 cum
631 5610 804 5669 Tullio
849 5614 1294 5689 Tertullianoque
1354 5610 1580 5689 Ianar)
1638 5610 2020 5674 rationalitatis

454 5693 745 5750 amatores,
772 5684 862 5756 qui
895 5694 1095 5742 tantam
1124 5684 1282 5744 (etate
1312 5684 1491 5745 nostra
1520 5684 1811 5762 perniciem
1842 5691 1893 5745 in
1923 5689 2013 5745 Ec'

2126 4860 2493 4933 apostolisque
2527 4860 2863 4933 praejactu'm,
2900 4866 3144 4923 funditus
3179 4868 3485 4924 subruunt?
3521 4870 3709 4924 Nonne

2129 4930 2646 5008 incautosasseclas
2665 4937 2732 4990 ad
2761 4935 3120 5008 gentilitatem
3148 4939 3228 4992 vel
3259 4941 3440 5008 potius
3466 4943 3533 4994 ad
3562 4945 3709 4995 athe-

2132 4998 2327 5081 is_t_n_um
2356 5002 2404 5054 vi
2438 4998 2798 5081 pertrahunt“?
2823 5004 3127 5081 Nihilergo
3158 4998 3353 5081 divi-na:
3384 5010 3707 5081 Scriptum.

2131 5069 2610 5142 nihil_sanctorum
2641 5073 2864 5129 Patrum
2897 5069 3106 5131 inllnit‘a
3136 5078 3431 5142 volumina.
3466 5069 3601 5135 nihil
3633 5090 3709 5135 tot

2130 5140 2562 5217 pro_Ch_ristiana
2592 5146 2853 5213 religione
2878 5147 3137 5217 apologize
3161 5140 3479 5214 effecerunt,
3515 5153 3611 5207 sed
3643 5155 3708 5205 ml

2131 5210 2440 5291 barbariem
2471 5229 2669 5291 rursus
2798 5210 3063 5291 tenebras
3097 5220 3149 5273 in
3176 5227 3359 5291 tanta,
3397 5210 3583 5277 nt'isti
3619 5238 3711 5291 pu-

2132 5284 2718 5361 tant_,_sa:cu_lin_ostri
2762 5286 3023 5361 civilitate
3063 5304 3129 5343 ac
3172 5288 3291 5361 luce
3330 5284 3712 5361 regredimur!

2130 5348 2396 5427 Equidem
2424 5353 2619 5427 divinis
2652 5359 3029 5427 perpetuitatis
3061 5358 3343 5427 promissis
3377 5348 3609 5417 lirmiter
3639 5364 3713 5415 ni-

2133 5420 2339 5504 timur;
2367 5422 2432 5475 de
2461 5424 2546 5477 illa
2575 5420 2762 5479 tamen
2782 5425 3041 5482 Ecelesiaz
3063 5420 3463 5504 tranquillitate
3487 5449 3553 5487 ac
3582 5450 3711 5504 pace

2130 5490 2510 5570 sollicitamur,
2544 5510 2665 5563 quae
2698 5504 3067 5570 poterat‘csse
3102 5490 3396 5565 continua.
3432 5504 3474 5556 si
3511 5490 3595 5557 tot'
3627 5522 3711 5570 pc-

2130 5559 2431 5683 stileptium
2460 5559 2720 5620 librorum
2751 5567 3078 5625 turbulentia
3106 5582 3161 5627 et
3189 5559 3602 5642 importunitate
3627 5559 3711 5629 ea-

2130 5644 2250 5683 rere
2281 5668 2295 5682 .

2130 5644 2295 5687 reret.
