3856 6212
201 284 357 338 N77.

202 486 467 558 γενέσθαι
506 484 675 552 Θεὸς,
710 484 806 538 καὶ
844 482 906 537 τὸ
947 476 1086 536 εἶναι
1138 475 1304 533 εἰκὼν
1346 474 1484 531 Θεοῦ
1538 491 1790 547 προσαπο

168 614 175 649 ρ
200 577 401 634 ὡλεσε.

160 688 326 756 ΙΔΕ⁰.
372 692 509 745 ὀτι
543 688 662 760 χρὴ
702 686 997 743 Θεοτόκον
1040 683 1141 740 καὶ
1190 682 1645 754 ἀνθρωποτόκον
1690 678 1792 735 λέ-

932 774 1077 827 τείν.

270 872 470 927 Τοίνυν
505 870 635 942 περὶ
677 870 779 943 τὴν
831 869 1111 939 θεολογίαν
1160 867 1355 940 μηδεὶς
1402 866 1660 921 ἀπιστίαν
1704 883 1791 920 νο-

202 963 389 1032 σείτω,
439 964 627 1036 μηδεὶς
678 964 806 1035 περὶ
832 962 935 1034 τὴν
960 961 1273 1032 οἰκονομίαν
1310 959 1619 1031 χωλευέτω,
1656 959 1793 1013 ἀλλὰ

198 1057 293 1111 τὸν
324 1057 391 1111 lx
420 1054 700 1128 Παρθένου
726 1053 1055 1126 γεννηθέντα
1087 1054 1342 1126 Χριστὸν,
1373 1052 1505 1107 Θεὸν
1530 1051 1668 1124 ὁμοῦ
1699 1052 1794 1107 καὶ

200 1149 497 1222 ἄνθρωπον
529 1147 860 1221 ὁμολογείτω
897 1146 1022 1201 καθ’
1053 1147 1317 1217 ἑκάτερον
1338 1163 1352 1178 ο
1378 1145 1468 1200 διὰ
1498 1145 1659 1199 τοῦτο
1683 1144 1793 1217 γὰρ

203 1240 302 1295 καὶ⁵
327 1240 595 1305 Θεοτόκος
624 1240 721 1295 καὶ
749 1238 1161 1311 ἀνθρωποτόκος
1187 1238 1263 1310 (1)
1290 1240 1324 1310 ή
1358 1238 1488 1307 ἁγία
1517 1237 1795 1310 Παρθένος

201 1335 311 1389 ὑπὸ
341 1334 452 1389 τῶν
479 1337 579 1406 τῆς
618 1332 901 1397 εὐσεϐείας
930 1330 1265 1385 διδασκάλων
1291 1330 1757 1402 προσαγορεύεται
1777 1348 1791 1362 ο

198 1427 363 1484 τοῦτο
395 1427 495 1500 μὲν
523 1427 600 1491 ὡς
642 1426 803 1495 φύσει
834 1425 926 1478 τὸν
949 1422 1163 1496 [δούλῳ]
1197 1423 1415 1478 ἐοικότα
1447 1423 1757 1494 γεννήσασα
1776 1438 1791 1453 ο

200 1523 385 1576 ἐκεῖνο
412 1520 492 1584 δὲ,
526 1518 601 1581 ὡς
621 1517 721 1590 τῆς
748 1516 842 1571 τοῦ
871 1516 1060 1571 δούλου
1108 1516 1346 1588 μορφῆς,
1393 1517 1487 1572 κα)⁸
1515 1515 1652 1570 Θεοῦ
1696 1515 1795 1587 τὴν

203 1610 423 1685 μορφὴν
461 1609 747 1683 ἡνωμένην
776 1608 1006 1679 ἐχούσης
1029 1623 1041 1636 ·
1083 1608 1228 1663 οὕτω
1260 1609 1351 1663 διὰ
1376 1609 1653 1680 θεολογίας
1700 1608 1797 1664 καὶ

198 1702 517 1772 οἰκονομίας
554 1701 646 1755 τὸν
675 1701 737 1755 τὸ
779 1702 1078 1773 μυστήριον
1117 1703 1250 1773 ἡμῖν
1281 1701 1343 1754 τὸ
1371 1701 1796 1774 ἀποκεκρυμμέ-

200 1814 291 1851 νον
321 1795 669 1867 γνωρίσαντα
708 1772 1255 1866 ἀινυμ.ν’1]σωμεν,νκαὶ⁵
1294 1794 1383 1849 διὰ
1420 1794 1522 1866 τῆς
1549 1772 1644 1849 τοῦ
1677 1772 1792 1865 βίου
1824 1772 1868 1828 Β

199 1884 580 1956 καθαρότητος
606 1882 769 1948 ναοὺς
816 1883 1043 1948 ἑαυτοὺς
1070 1884 1149 1955 τῷ
1185 1882 1304 1955 Θεῷ
1348 1885 1789 1969 κατασκεδάσαι).

198 1996 291 2043 τες
342 1977 445 2047 (2),
495 1976 700 2031 ἕνοικον
744 1976 905 2030 αὑτὸν
940 1975 1230 2048 λάὗωμεν·
1269 1977 1365 2032 καὶ
1410 1974 1797 2040 ταϊςάκτῖσιν

200 2067 370 2125 αὑτοῦ
406 2067 788 2139 φωτιζόμενοι,
830 2066 908 2130 ὡς
952 2068 1010 2120 ὲν
1039 2067 1223 2139 ἡμέρᾳ
1249 2067 1603 2140 εὐσχημόνως
1634 2085 1796 2139 περι-

198 2161 559 2231 πατήσωμεν,
617 2158 1041 2229 προσδεχόμενοι
1108 2158 1207 2230 τὴν
1256 2159 1538 2231 μακαρίαν
1602 2158 1795 2213 ἐλπίδα

197 2253 295 2308 καὶ
319 2250 646 2321 ἐπιφάνειαν
674 2250 775 2321 τῆς
799 2251 959 2321 δόξης
997 2248 1093 2304 τοῦ
1136 2249 1371 2321 μεγάλου
1398 2248 1533 2303 Θεοῦ
1563 2249 1658 2303 καί⁵
1690 2250 1796 2303 Σω-

194 2344 373 2417 τῆρος
418 2342 575 2415 ἡμῶν
630 2341 806 2413 Ἰησοῦ
835 2342 1093 2415 Χριστοῦ,
1128 2343 1246 2413 μεθ’
1289 2336 1352 2397 οὗ
1381 2340 1458 2413 τῷ
1488 2342 1662 2414 Πατρὶ
1697 2343 1795 2396 σὺν

196 2439 275 2509 τῷ
328 2436 466 2507 ἁγίῳ
498 2435 781 2507 Πνεῦματι
807 2436 932 2502 δόξα
965 2438 1059 2491 καὶ
1102 2436 1300 2508 κράτος
1330 2435 1409 2499 είς
1438 2434 1565 2498 τοὺς
1590 2432 1795 2497 αἰῶνας

197 2532 309 2587 τῶν
338 2529 571 2585 αἰώνων.
621 2530 680 2583 Ἀ
688 2532 816 2602 μήν.

270 2714 323 2747 ”
349 2712 508 2769 Rom.
537 2727 659 2782 xm,
682 2715 769 2770 15.
848 2716 865 2748 ¹
902 2715 1221 2781 Tum-.13.

275 2896 356 2966 (1)
398 2892 669 2966 Recte,_si
706 2900 1000 2966 utrumque
1034 2888 1200 2966 sitnnl
1232 2888 1513 2966 epitheton
1550 2904 1787 2966 pronun-

201 2959 401 3031 tietur;
440 2963 647 3036 peperit
680 2963 823 3017 enim
865 2960 1029 3036 Maria
1072 2959 1350 3036 Christum
1398 2959 1564 3036 Deum
1599 2971 1656 3036 et
1696 2961 1788 3014 ho-

205 3031 642 3092 minemCSecus
679 3043 892 3095 autem,
927 3032 971 3087 si
1011 3032 1216 3087 omisso
1247 3031 1544 3097 Θεοτόκος,
1579 3033 1791 3085 dicatur

206 3106 579 3162 tantummodo
600 3101 1037 3175 ἅνθρωποτόκος,
1059 3103 1113 3157 in
1137 3100 1518 3158 Nestorianam
1540 3102 1791 3173 blasphe-

206 3180 372 3233 miam
403 3175 639 3232 incidere
678 3187 900 3229 necesse
928 3184 1031 3229 est.

1380 271 1470 323 DL
1509 266 2031 322 ιλωκΝΑῊυΜι
2073 266 2329 321 υοΜιΝι.

195 395 290 451 θεν
320 397 350 451 ὁ
376 390 676 467 προπάτωρ
723 388 924 462 ’Λδάμ’
952 386 1047 443 καὶ
1073 384 1183 459 γὰρ
1218 384 1425 447 ὲκεῐνος
1451 382 1792 454 ἐπιθυμήσας

1903 395 2119 454 quoque
2193 381 2513 439 excidamus
2565 400 2580 439 :

3338 277 3477 337 “78

2632 385 2775 454 quod
2856 387 3172 458 progenitor
3236 390 3482 450 Adamns

1893 489 2093 545 passus
2121 484 2224 541 est,
2251 477 2342 546 qui
2374 478 2501 532 dum
2530 476 2674 535 Deus
2701 478 2815 535 ﬁeri
2856 481 3030 550 cupit,
3056 492 3113 535 nt
3141 482 3320 553 imago
3344 500 3478 556 quo-

1891 580 1998 636 que
2034 567 2125 622 Dei
2153 576 2300 623 esset
2332 567 2537 623 amisit.

1892 680 2111 739 XXXV.
2150 682 2305 749 Quod
2343 693 2543 754 oportet
2580 683 2753 754 Deiiet
2797 685 3019 740 hominis
3049 697 3268 742 matrem
3302 691 3482 745 dicere

2367 756 2638 825 (sanctam
2679 753 2997 826 Virginem.)

1966 866 2112 939 Ergo
2159 866 2214 922 in
2264 866 2537 936 theologia
2589 881 2749 922 nemo
2800 865 3189 926 incredulitate
3245 870 3475 941 laboret,

1894 972 2057 1014 nemo
2088 958 2233 1012 circa
2257 956 2652 1013 incarnationis
2683 958 3005 1030 mysterium
3051 960 3340 1030 claudicet,
3384 967 3479 1020 sed

1895 1067 1963 1110 ex
2000 1051 2221 1122 Virgine
2247 1060 2435 1106 natum
2467 1051 2768 1118 Christum,
2798 1053 2967 1108 Deum
3008 1054 3170 1111 simul
3211 1065 3267 1112 et
3302 1059 3482 1114 homi-

1896 1162 2022 1203 nem
2074 1144 2417 1201 conﬁteatur.
2471 1143 2767 1215 Propterea
2797 1145 2941 1201 enim
2985 1156 3158 1202 mater
3199 1160 3255 1206 et
3306 1150 3398 1207 Dei
3426 1163 3483 1207 et

1898 1238 2141 1294 hominis
2197 1246 2386 1292 sancta
2423 1234 2588 1307 Virgo
2638 1253 2666 1292 a
2699 1249 2863 1294 rectae
2893 1240 3172 1311 religionis
3207 1244 3483 1313 magistris

1898 1329 2204 1400 appellatur
2232 1346 2248 1395 ;
2281 1328 2384 1383 hoc
2418 1326 2663 1398 quidem,
2714 1329 2844 1398 quia
2895 1330 3218 1387 naturaliter
3239 1349 3360 1388 eum
3387 1336 3481 1405 qui

1898 1423 1952 1479 in
1982 1422 2155 1477 forma
2191 1420 2337 1477 servi
2370 1429 2491 1475 erat
2522 1420 2742 1491 genuit;
2774 1422 2904 1476 illud
2942 1432 3149 1490 autem,
3186 1426 3309 1495 quia
3338 1428 3480 1481 servi

1898 1514 2071 1569 forma
2129 1511 2360 1569 formam
2415 1513 2512 1569 Dei
2544 1514 2754 1568 unitam
2806 1513 2991 1573 habet.
3024 1516 3201 1586 Atque
3248 1518 3320 1573 ita
3356 1534 3481 1575 eum

1900 1606 2208 1673 laudemus,
2248 1605 2342 1675 qni
2403 1620 2501 1675 per
2552 1604 2876 1676 theologiam
2919 1616 2973 1662 et
3022 1608 3481 1680 dispensationem

1900 1700 2224 1773 mysterium
2260 1699 2420 1755 nobis
2450 1697 2827 1755 absconditum
2864 1701 3141 1758 revelavit.
3186 1702 3321 1759 Tum
3352 1721 3482 1762 vero

1896 1795 2021 1849 vita:
2065 1793 2302 1865 puritate
2332 1793 2531 1864 templa
2584 1802 2799 1849 nosmet
2830 1794 2924 1849 Dei
2962 1794 3289 1863 eﬂicientes,
3322 1799 3483 1855 habi-

1897 1895 2131 1943 tatorem
2175 1887 2425 1944 eumdem
2485 1888 2870 1944 nanciscamur
2901 1906 2915 1943 :
2945 1887 3172 1959 ejusque
3221 1892 3481 1962 splendo-

1894 1982 2046 2038 ribus
2110 1981 2423 2050 illuminati,
2488 1982 2631 2038 sicut
2684 1984 2740 2040 in
2805 1984 2895 2040 die
2948 1986 3178 2041 honeste
3239 1989 3485 2042 ambule-

1895 2090 2017 2151 mus
2045 2076 2113 2143 θ’,
2175 2084 2562 2145 exspectantes
2618 2076 2837 2131 beatam
2883 2092 3031 2147 spem
3084 2090 3137 2133 et
3190 2080 3482 2134 adventum

1901 2166 2084 2236 glorize
2135 2168 2312 2235 magni
2378 2167 2473 2222 Dei
2510 2177 2566 2223 et
2588 2168 2889 2224 Salvatoris
2918 2171 3088 2225 nostri
3145 2170 3271 2227 Jesn
3322 2172 3483 2227 Chri-

1900 2258 1967 2314 sti
2004 2258 2048 2323 ¹,
2080 2274 2202 2313 cnm
2234 2275 2340 2327 quo
2367 2258 2511 2313 Patri
2565 2276 2780 2330 unaque
2810 2272 3001 2317 sancto
3041 2262 3268 2332 Spiritui
3309 2264 3484 2335 gloria

1898 2361 1953 2406 et
1979 2352 2218 2421 potentia
2258 2351 2311 2406 in
2346 2350 2541 2407 saecula
2586 2353 2933 2411 saeculorum.
2971 2357 3173 2411 Anien.

1966 2887 2045 2961 (2)
2087 2887 2179 2944 Sic
2216 2889 2377 2945 etiam
2412 2888 2704 2961 prmdictns
2742 2884 2962 2961 Nicetas
2996 2896 3285 2961 tractatum
3323 2905 3483 2945 suum

1896 2957 1981 3014 De
2003 2958 2206 3025 Spiritu
2237 2957 2426 3015 sancto
2450 2960 2755 3021 concludit,
2787 2974 2841 3027 p.
2867 2958 2973 3013 329
3005 2976 3019 3013 :
3048 2972 3095 3013 et
3126 2960 3365 3014 deinceps
3394 2979 3482 3026 pa-

1897 3045 2009 3083 cein
2044 3040 2092 3101 et
2126 3030 2461 3086 dilectionem
2495 3038 2790 3098 sectantes,
2825 3030 2973 3084 bonis
3006 3046 3210 3100 semper
3239 3034 3480 3101 operibus

1898 3100 2243 3171 abundentus,
2276 3114 2380 3160 etc-
