4032 6212
414 235 469 288 Η
1407 227 1464 280 S.
1507 223 1783 279 CYRIILI
1830 222 2302 280 ALEXANDRIM
2340 227 2663 279 Alluﬂlhil’.
3595 238 3664 286 η

415 438 800 495 detrectandus
837 436 990 490 nobis
1032 446 1157 502 est;
1205 434 1298 490 sed
1328 434 1379 488 in
1427 436 1543 503 ipso
1569 434 1791 489 Christo
1835 448 1987 502 spem

386 527 767 593 ‘collocantes,
794 525 1008 579 labores
1034 521 1453 578 etiam~viribus
1498 521 1701 576 nostris
1753 518 1987 589 majores

414 620 792 693 aggrediemur
815 657 830 681 ,
860 616 1163 670 certissima
1200 613 1398 669 fiducia
1425 613 1621 678 erecti,
1655 612 1803 665 illum
1833 610 1989 664 nobis

419 712 731 767 adfuturum
756 717 813 763 et
844 706 1081 776 Spiritus
1114 704 1290 773 sancti
1322 702 1761 774 przelustratione
1795 699 1861 753 ad
1897 712 1988 752 ve-

415 803 595 860 ritatis
623 799 989 854 inventionem
1026 798 1339 851 ducturum.
1372 793 1580 864 Scopus
1613 792 1753 844 enim
1787 798 1988 843 nostrae

416 894 684 949 orationis
723 899 806 946 est
849 890 1034 943 dicere
1100 887 1245 957 quod
1279 884 1438 940 Jesus
1471 884 1543 937 sit
1579 870 1858 935 Dominus.
1896 877 1988 931 Di-

416 1002 601 1045 cemus
623 992 814 1039 autem
836 981 889 1035 id
921 978 1145 1035 omnino
1177 977 1229 1032 in
1262 975 1468 1045 Spiritu
1496 981 1721 1035 sancto;
1750 970 1822 1023 ita
1842 969 1985 1023 enim

417 1075 616 1132 Paulus
668 1074 745 1127 ait
790 1089 803 1125 :
846 1088 864 1122 ι
899 1068 1069 1124 Nemo
1108 1073 1281 1137 potest
1332 1064 1531 1124 dicere,
1569 1060 1692 1129 quia
1728 1059 1987 1114 Dominus

417 1167 597 1231 Jesus,
635 1163 739 1219 nisi
761 1164 816 1217 in
845 1160 1051 1232 Spiritu
1087 1168 1276 1212 sancto
1297 1156 1338 1206 ².
1366 1172 1384 1203 ι
1414 1150 1547 1206 Cum
1577 1152 1720 1204 enim
1741 1146 1987 1203 nonnulli

419 1278 527 1318 non
560 1236 856 1314 vereantur
878 1256 931 1310 in
949 1249 1231 1307 Beelzebul
1264 1246 1445 1300 dicere
1469 1243 1760 1297 anathema
1784 1239 1988 1304 Iesum,

421 1354 760 1424 Scripturam
785 1361 1021 1410 sacram,
1061 1357 1167 1412 quo
1224 1338 1355 1409 ipsis
1386 1336 1596 1391 libitum
1637 1342 1742 1400 est,
1790 1332 1991 1387 distor-

423 1422 745 1517 quetitcs,et
773 1455 867 1494 sua
898 1438 1132 1507 ipsorum
1162 1428 1359 1499 placita
1397 1426 1632 1497 Spiritus
1661 1422 1837 1478 sancti
1868 1436 1993 1477 ora-

424 1513 561 1593 culis
584 1537 994 1601 anteponentes,
1028 1538 1089 1578 ac
1123 1520 1409 1575 Dominum
1450 1516 1541 1587 qui
1578 1515 1725 1587 ipsos
1763 1513 1994 1569 redemit

425 1629 774 1693 abnegantes,
814 1628 872 1671 ut
909 1615 1188 1684 Scriptura
1244 1610 1486 1678 loquitur
1514 1607 1534 1638 ⁸
1568 1624 1581 1659 :
1621 1603 1990 1660 necessarium

426 1678 593 1789 plant;
617 1710 856 1778 utileque
898 1716 953 1762 et
983 1702 1314 1759 conveniens
1354 1697 1691 1763 censuimus,
1725 1702 1819 1749 tuo
1856 1678 2070 1749 con-’3

425 1786 544 1862 silio
575 1812 739 1871 atque
769 1799 1009 1860 hortatu,
1037 1794 1108 1847 mi
1141 1792 1326 1855 frater,
1360 1792 1505 1845 hanc
1532 1786 1992 1849 dissertationem,

425 1911 546 1969 quae
583 1906 792 1963 magna:
820 1889 874 1943 in
905 1896 1181 1958 posterum
1216 1881 1468 1937 utilitatis
1497 1878 1713 1933 occasio
1739 1875 1997 1929 Ecclesiae

424 1965 605 2047 futura
653 1992 758 2050 est,
802 1988 1118 2043 contexere,
1170 1984 1226 2031 et
1277 1973 1345 2028 ad
1393 1969 1605 2039 singula
1650 1982 1770 2039 qua:
1810 1967 1880 2020 ab
1917 1965 1998 2019 eis

426 2083 744 2152 quaeruntur
771 2081 826 2128 et
852 2070 1209 2140 objiciuntur,
1244 2063 1554 2123 summatim
1584 2076 1648 2117 ac
1692 2075 1791 2131 per
1818 2058 1997 2127 capita

428 2148 780 2240 respondere.
807 2160 940 2229 Qum
963 2158 1181 2230 quidem
1213 2156 1506 2213 lectoribus
1540 2167 1647 2209 non
1679 2165 1858 2221 parva:
1891 2148 2000 2203 uti-

427 2239 567 2315 litati
586 2255 701 2310 fore
727 2253 1005 2309 existimo.
1031 2248 1310 2319 Multiplex
1334 2249 1481 2302 enim
1517 2258 1595 2298 σοι
1610 2239 1959 2298 multiformis
1979 2281 1997 2307 ,

429 2362 489 2408 ut
529 2351 604 2406 ita
651 2350 855 2412 dicam,
900 2354 984 2400 est
1015 2342 1069 2397 in
1107 2341 1221 2396 Arii
1270 2348 1325 2394 et
1369 2334 1617 2392 Eunomii
1660 2327 2001 2404 dogmatibus

428 2459 605 2511 error,
652 2442 929 2509 variisque
958 2436 1134 2491 modis
1164 2430 1409 2487 veritatis
1435 2427 1662 2483 formam
1692 2424 1879 2479 fucant
1914 2432 2001 2477 at-

431 2550 538 2609 que
585 2534 915 2589 adulterant.
948 2521 1413 2592 Quemadmodum
1451 2517 1594 2571 enim
1641 2513 2003 2569 meretricula

436 2607 512 2686 rei
545 2628 713 2700 ipsius
750 2620 1142 2692 turpitudinem
1176 2623 1296 2669 arte
1326 2610 1704 2679 industriaque
1728 2607 2005 2664 occultare

432 2698 712 2794 putantes,
752 2719 951 2770 ornant
999 2721 1140 2772 sese,
1188 2703 1421 2774 fucoque
1455 2700 1729 2765 oblinunt,
1773 2698 2005 2768 aliisque

428 2791 486 2870 id
509 2826 676 2883 genus
697 2802 1034 2864 ornamentis
1063 2797 1342 2861 adhibitis,
1372 2794 1681 2864 speciosum
1722 2791 2003 2847 interitum

432 2882 774 2958 cernentium
825 2893 996 2948 oculis
1022 2888 1333 2956 objiciunt:
1374 2884 1563 2940 eadem
1598 2882 1760 2952 plane
1794 2883 2005 2936 ratione

432 2989 810 3050 haereticorum
869 2993 1151 3038 sermones
1195 2976 1454 3032 exitiosos
1502 2974 1739 3029 fucatam
1785 2972 2004 3044 pietatis

426 3085 663 3141 formam
689 3092 798 3150 prae
825 3091 883 3132 se
911 3074 1054 3129 ferre
1078 3069 1286 3141 judico,
1315 3083 1477 3138 quam
1508 3067 1725 3138 quidem
1754 3066 2004 3121 veritatis
2031 3031 2079 3095 ε

433 3172 617 3231 verbis
650 3180 922 3225 exornare
954 3169 1248 3226 conantur,
1281 3172 1403 3212 cum
1429 3155 1581 3211 nullo
1612 3155 1772 3210 modo
1802 3153 2008 3208 verita-

436 3280 544 3323 tem
576 3260 880 3337 proferant,
907 3255 1001 3311 sed
1030 3267 1251 3308 exosam
1281 3250 1390 3303 Deo
1418 3248 1753 3314 impietatem
1785 3245 2009 3299 menda-

434 3358 506 3413 cii
554 3334 767 3426 plenam
799 3352 851 3404 in
878 3352 1358 3420 pectoregerant.
1391 3340 1659 3395 Caeterum
1693 3336 1784 3406 qui
1825 3334 2008 3391 solerti

436 3447 663 3504 rationis
690 3440 963 3499 industria
987 3444 1220 3491 mentem
1248 3432 1646 3493 communiunt,
1668 3440 2009 3497 nequaquam

438 3540 651 3596 illorum
696 3531 1044 3590 sermonibus
1077 3530 1389 3596 capiuntur,
1432 3522 1527 3578 sed
1573 3536 1715 3576 verae
1755 3520 2011 3574 sincerae-

437 3646 543 3703 que
584 3627 704 3683 fidei
743 3623 1018 3679 mordicus
1061 3619 1429 3683 adhaerentes,
1478 3616 1549 3670 de
1602 3614 1797 3683 seipsis
1830 3610 2013 3666 conci-

439 3729 597 3787 nunt,
623 3718 868 3772 dicentes
902 3731 915 3766 :
947 3731 964 3763 ι
998 3710 1330 3765 Benedictus
1364 3707 1627 3761 Dominus
1652 3706 1745 3775 qui
1775 3718 1884 3758 non
1917 3703 2013 3757 de-

439 3810 520 3868 dit
544 3824 642 3864 nos
669 3807 722 3861 in
757 3803 1062 3874 captionem
1093 3799 1347 3855 dentibus
1370 3798 1618 3853 eorum‘.
1657 3816 1675 3848 ι
1699 3795 1884 3851 Visum
1914 3795 2017 3849 ita-

440 3916 545 3972 que
589 3898 744 3954 nobis
794 3903 879 3949 est
917 3907 1039 3964 quae
1084 3905 1286 3960 magno
1331 3890 1513 3945 studio
1557 3887 2011 3957 comparavimus,

444 4002 757 4061 congerere,
805 3999 985 4053 neque
1011 3997 1142 4036 vero
1165 3982 1278 4034 ulla
1307 3982 1521 4033 ratione
1549 3989 1857 4031 sermonem
1884 3988 2016 4027 con-

445 4082 695 4144 fundere,
720 4077 815 4131 sed
840 4073 1020 4144 potius
1042 4069 1332 4123 distinctas
1360 4067 1412 4118 in
1437 4063 1651 4133 singula
1683 4066 1861 4131 capita
1889 4076 2017 4129 pro-

446 4175 695 4231 bationes
728 4166 1093 4223 continentem
1127 4168 1421 4226 exponere.
1450 4155 1502 4224 3
1529 4153 1604 4207 Ita
1634 4154 1780 4207 enim
1816 4152 1931 4217 fiet,
1961 4163 2018 4206 nt

445 4278 633 4323 eorum
673 4258 864 4328 quinia
898 4256 1001 4308 hoc
1022 4264 1193 4320 Opere
1226 4257 1553 4310 tractantur,
1583 4244 1820 4313 cognitio
1848 4245 2019 4312 magis

445 4353 731 4428 perspicua
762 4344 1163 4412 manifestaque
1195 4340 1440 4395 studioso
1480 4337 1715 4391 auditori
1755 4339 1829 4391 sit
1865 4334 2015 4389 futu-

448 4426 531 4501 ra.
562 4440 774 4497 Titulus
808 4450 938 4491 vero
974 4433 1135 4501 hujus
1172 4430 1354 4501 operis
1385 4437 1485 4490 est,
1521 4426 1839 4490 Thesaurus,
1878 4426 2020 4494 quod

450 4538 726 4608 ingentem
758 4531 811 4586 in
846 4543 906 4585 se
933 4527 1241 4584 divinarum
1264 4517 1781 4589 contemplationum
1805 4518 2023 4573 thesau-

450 4644 573 4686 rum
610 4624 1047 4695 complectatur:
1087 4615 1298 4674 tametsi
1323 4629 1423 4682 ego
1469 4621 1523 4666 et
1552 4611 1861 4666 doctrinam
1912 4624 2023 4663 me-

454 4720 695 4775 diocrem
749 4725 807 4771 et
846 4712 1121 4784 ingenium
1156 4708 1223 4763 ad
1269 4702 1743 4772 contemplandum
1776 4717 1882 4757 non
1925 4702 2022 4755 ad-

458 4812 683 4868 modum
708 4824 836 4864 acre
872 4808 925 4861 in
953 4818 1038 4860 tne
1072 4812 1379 4871 agnoscam.
1412 4794 1614 4849 Gratia:
1645 4808 1775 4849 vero
1806 4796 2026 4864 agendae

456 4907 583 4955 sunt
620 4900 864 4958 Christo,
901 4895 993 4964 qui
1034 4891 1211 4946 omnia
1250 4886 1500 4942 omnibus
1534 4884 1748 4939 abunde
1777 4884 2027 4953 suppedi-

459 4999 557 5045 tat.
609 4986 862 5041 Monendi
902 4994 1080 5038 autem
1109 4987 1231 5035 sunt
1268 4977 1522 5041 lectores,
1568 4974 1746 5044 capita
1790 4973 1915 5030 libri
1961 4975 2024 5029 ad

458 5092 706 5136 normam
748 5075 907 5141 hujus
948 5070 1293 5127 tabulzesive
1324 5065 1540 5131 iudicis,
1577 5066 1669 5135 qui
1717 5066 2024 5136 subjicitur,

460 5182 581 5225 esse
623 5161 942 5232 composita.
989 5159 1435 5228 Complectuntur
1470 5169 1598 5209 vero
1646 5156 1854 5227 singula
1891 5172 2031 5227 quie-

462 5274 569 5329 que
591 5255 771 5325 capita
802 5252 965 5307 etiam
1015 5265 1078 5305 ea
1104 5265 1225 5320 qua:
1252 5249 1317 5302 ad
1347 5248 1597 5303 eumdem
1628 5249 2034 5320 contemplatio-

464 5350 549 5403 nis
582 5360 804 5415 scopum
827 5343 1128 5411 pertinent,
1157 5349 1213 5394 et
1236 5355 1330 5409 per
1358 5338 1625 5395 circuitus
1652 5352 1817 5410 atque
1842 5343 2035 5398 anfra-

466 5447 585 5493 ctus
614 5435 680 5490 ad
710 5432 958 5488 eumdem
995 5430 1155 5499 tituli,
1184 5429 1283 5486 sub
1312 5444 1422 5500 quo
1450 5435 1849 5503 comprehensa
1882 5450 2034 5503 sunt.

380 366 502 406 'res
528 356 744 414 vestrae,
773 346 895 416 quia
937 344 1163 400 audiunt
1204 347 1240 399 ι.
1276 362 1293 395 ι
1328 344 1509 415 Neque
1545 355 1724 399 tamen
1764 356 1989 412 conatus

2109 345 2141 396 ii
2185 342 2486 412 ὀφθαλμοὶ,
2531 341 2613 395 δτι
2655 340 2943 410 βλέπουσι,
2990 343 3082 394 καὶ
3124 343 3191 396 τὰ
3223 338 3335 396 ὦτα
3385 344 3559 415 ὑμῶν,
3591 347 3672 400 ὅτι

2091 434 2399 489 ἀκούουσιν.
2427 452 2446 485 ι
2492 433 2606 486 Οὐκ
2656 433 2911 503 ὀκνητέον
2958 432 3003 486 δ’
3047 430 3143 488 οὖν
3189 436 3339 506 ὅμως
3392 437 3529 508 πρὸς
3574 438 3675 508 τὴν

2070 524 2429 595 ἐγχείρησιν
2474 522 2589 577 ἀλλ’
2620 524 2707 577 ἐπ’
2740 523 2888 594 αὐτῷ
2920 524 3018 595 τὴν
3060 525 3247 579 ἐλπίδα
3291 526 3565 596 τιθέμενοι
3597 529 3676 600 τῷ

2097 613 2338 685 Χριστῷ,
2369 613 2597 667 καὶτῶν
2632 615 2770 685 ὑπὲρ
2799 614 3031 685 δύναμιν
3064 615 3316 686 ἀψόμεθα
3353 619 3550 683 πόνων,
3593 620 3674 675 ὅτι

2095 704 2479 776 συμπαρέσται
2524 705 2619 758 καὶ
2660 707 3064 776 χειραγωγήσει
3096 709 3217 770 ταῖς
3245 708 3337 760 τοῦ
3368 709 3676 780 πνεύματος

2091 795 2397 866 δᾳδουχίαις
2435 795 2529 847 ἐπὶ
2570 795 2667 865 τὴν
2712 797 2813 865 τῆς
2846 797 3103 867 ἀληθείας
3155 797 3372 868 εὕρεσιν
3405 800 3677 855 ἀνενδοιά-

2094 906 2234 951 στως
2272 887 2642 950 πιστεύοντες.
2688 887 2899 950 Σκοπὸς
2943 888 3052 959 γὰρ
3117 889 3293 943 εἰπεῖν
3343 890 3425 943 ὅτι
3473 891 3679 961 Κύριος

2105 979 2333 1049 Ἰησοῦς.
2374 977 2640 1049 Ἐροῦμεν
2666 978 2723 1031 δέ
2752 978 2972 1042 πάντως
2998 981 3077 1033 ὅτι
3110 981 3166 1033 ἐν
3197 980 3336 1051 ἁγίῳ
3364 981 3641 1051 Πνεύματι
3661 1000 3675 1012 ο

2092 1074 2235 1126 οὕτω
2273 1073 2380 1144 γὰρ
2421 1075 2448 1126 ὁ
2482 1072 2694 1135 Παῦλός
2726 1090 2919 1142 φησιν·
2964 1093 2983 1124 ι
3017 1074 3205 1137 Οὐδεὶς
3245 1074 3466 1128 δύναται
3504 1077 3679 1129 εἰπεῖν

2093 1165 2173 1218 ὅτι
2208 1163 2410 1234 Κύριος
2466 1162 2710 1233 Ἰησοῦς,
2763 1168 2813 1216 εί
2894 1164 2967 1237 μὴ
3018 1167 3076 1217 ἐν
3126 1166 3404 1237 Πνεύματι
3457 1168 3618 1238 ἁγίῳ.
3655 1186 3673 1218 ι

2107 1254 2324 1325 Ἐπειδὴ
2366 1255 2475 1324 γάρ
2526 1271 2670 1316 τινες
2717 1255 2774 1306 ἐν
2806 1254 3142 1319 Βεελξεὸοὺλ
3174 1257 3275 1310 οὐκ
3328 1257 3679 1327 αἰσχύνονται

2094 1343 2274 1411 λέγειν
2306 1342 2557 1412 ἀνάθεμα
2592 1343 2822 1413 Ἰησοῦν,
2850 1342 2951 1406 τὰς
2996 1344 3093 1414 μὲν
3142 1344 3321 1410 θείας,
3368 1345 3505 1415 πρὸς
3544 1346 3681 1418 ὅπερ

2092 1433 2165 1487 ἂν
2198 1434 2380 1497 αὐτοῖς
2402 1432 2595 1499 δόξειε,
2629 1433 3080 1504 παρεκτρέποντες
3105 1435 3349 1505 Γραφάς,
3376 1437 3485 1491 τῶν
3511 1437 3565 1491 δὲ
3586 1435 3682 1491 τοῦ

2096 1524 2412 1596 Πνεύματος
2441 1524 2657 1593 λογίων,
2681 1523 2740 1577 ab
2769 1525 2827 1590 ἐξ
2856 1525 3070 1578 οἰκείων
3103 1524 3422 1596 θελημάτων
3451 1526 3684 1597 προτάτ-

2096 1632 2278 1678 τοντες
2312 1614 2541 1685 κίνημα,
2572 1614 2666 1667 καὶ
2689 1613 2780 1668 τὸν
2809 1614 3156 1683 ἀγοράσαντα
3184 1615 3382 1679 αὐτοὺς
3409 1616 3685 1686 Δεσπότην

2098 1706 2443 1779 ἀρνούμενοι,
2482 1704 2629 1759 καθά
2662 1705 3009 1776 γέγραπται’
3041 1706 3339 1773 ἀναγκαῖον
3384 1706 3520 1777 ὁμοῦ
3554 1709 3685 1779 χρή..

2101 1798 2259 1868 σιμόν
2315 1814 2373 1849 τε
2419 1797 2514 1850 καὶ
2564 1796 2775 1867 πρέπον
2829 1786 3196 1865 ἐλογισάμεθα
3246 1798 3388 1850 κατά
3442 1796 3540 1869 τὴν
3586 1798 3685 1869 σὴν

2100 1886 2407 1958 ὑπόμνησίν
2435 1902 2495 1939 τε
2535 1885 2631 1939 καὶ
2659 1886 2995 1956 προτροπὴν,
3028 1884 3245 1953 ἀδελφὲ,
3276 1889 3389 1948 τοῖς
3427 1887 3527 1955 τῆς
3561 1886 3684 1939 Ἐκ-

2099 1978 2328 2049 κλησίας
2353 1976 2583 2040 τέκνοις,
2615 1976 2715 2046 τῆς
2738 1976 2818 2039 είς
2841 1975 2903 2028 τὸ
2933 1975 3122 2046 μέλλον
3144 1975 3413 2045 ὠφελείας
3433 1976 3688 2029 ὑπόθεσιν

2099 2066 2362 2135 ἐξυφῆναι
2408 2064 2499 2118 τδν
2529 2064 2715 2132 λόγον’
2747 2063 2843 2116 καὶ
2875 2065 2955 2126 είς
2996 2063 3202 2117 ἕκαστα
3230 2063 3337 2116 τῶν
3386 2067 3518 2134 παρ’
3548 2063 3691 2118 ἐκεί-

2100 2172 2212 2219 νοις
2262 2154 2613 2226 ζητουμένων
2657 2169 2717 2205 τε
2753 2151 2849 2205 καὶ
2896 2152 3270 2222 κεκινημένων
3303 2150 3691 2222 κεφαλαιωδῶς

2102 2244 2361 2308 ἐξειπεῖν,
2395 2244 2537 2316 άπερ
2569 2239 2724 2312 οἶμαι
2765 2241 2902 2312 πρὸς
2947 2242 3281 2306 λυσιτελείας
3310 2243 3529 2297 ἔσεσθαι
3580 2246 3691 2306 τοῖς

2100 2335 2506 2406 ἐντευξομένοις
2546 2334 2608 2387 οὐ
2645 2334 2867 2404 μικρᾶς.
2916 2334 3260 2405 Πολυσχιδὴς
3300 2336 3399 2405 μὲν
3447 2335 3557 2405 γὰρ
3595 2335 3693 2388 καὶ

2103 2429 2571 2500 πολυπρόσωπος,
2620 2426 2688 2479 ἵν’
2733 2424 2907 2491 οὕτως
2956 2428 3221 2496 εἴπωμεν,
3266 2429 3301 2499 ἡ
3332 2427 3443 2482 τῶν
3482 2428 3691 2499 Ἀρείου

2102 2521 2201 2575 καὶ
2234 2518 2499 2589 Εὐνομίου
2530 2517 2818 2589 δογμάτων
2845 2518 2963 2572 ἐστὶ
2997 2519 3194 2590 πλάνη,
3229 2520 3323 2573 καὶ
3347 2520 3606 2584 ποικίλως
3635 2519 3694 2573 τὸ

2101 2613 2201 2684 τῆς
2241 2610 2502 2681 ἀληθείας
2537 2609 2832 2663 πλάττεται
2883 2611 3090 2681 σχῆμα.
3119 2611 3331 2680 ’Ὠσπερ
3368 2612 3476 2682 γὰρ
3520 2610 3590 2664 τά
3635 2611 3695 2665 ἐν

2100 2706 2216 2766 τοῖς
2266 2704 2508 2771 γυναίοις
2539 2704 2960 2777 ὲταιριζόμενα,
3005 2703 3068 2757 τὸ
3112 2704 3177 2755 ἐκ
3224 2703 3318 2756 τοῦ
3370 2704 3693 2773 πράγματος

2105 2788 2295 2865 αἶσχος
2334 2796 2455 2857 ταῖς
2494 2795 2555 2861 ἐξ
2600 2795 2842 2859 ἐπινοίας
2873 2795 3154 2865 ἀφανίζειν
3192 2795 3415 2865 οίόμενα
3455 2795 3693 2865 τέχναις,

2102 2884 2398 2959 ὡραΐζεταί
2440 2902 2501 2939 τε
2541 2886 2639 2940 καὶ
2677 2886 3052 2958 χρισιάζεται,
3093 2884 3187 2939 καὶ
3233 2887 3350 2948 ταῖς
3389 2884 3574 2948 ἄλλαις
3601 2884 3698 2937 τοῦ

2102 2978 2315 3048 κόσμου
2347 2975 2687 3047 προσθήκαις
2724 2976 3175 3048 εὐπρεπεστάτην
3206 2979 3318 3039 τοῖς
3349 2976 3546 3046 ὁρῶσιν
3580 2977 3672 3028 ἐπι

2108 3068 2343 3122 δεικνύει
2374 3069 2473 3139 τὴν
2510 3067 2785 3122 ἀπώλειαν
2806 3086 2818 3099 ·
2853 3068 2945 3122 τὸν
2986 3068 3148 3121 αὐτὸν
3190 3063 3342 3138 οἶμαι
3373 3066 3574 3136 τρόπον
3604 3065 3700 3118 καὶ

2104 3160 2203 3224 τὰς
2232 3158 2505 3231 ὀλεθρίους
2537 3159 2646 3211 τῶν
2676 3158 3124 3231 ὲτεροδοξούντων
3170 3159 3353 3227 φωνὰς
3383 3158 3445 3209 τὸ
3473 3156 3571 3227 τῆς
3611 3156 3701 3207 εὑ-

2110 3253 2324 3317 σεὸείας
2371 3250 2798 3323 σχηματίζεσθαι
2856 3251 3084 3315 κάλλος,
3131 3251 3223 3302 καὶ
3265 3252 3378 3312 τοῖς
3422 3248 3521 3317 τῆς
3566 3246 3701 3316 άληο

2111 3344 2260 3408 θείας
2292 3342 2584 3415 πειρᾶσθαι
2616 3341 3058 3413 περιανθίζεσθαι
3088 3341 3298 3409 λόγοις·
3335 3338 3573 3409 οὐδαμοῦ
3606 3338 3705 3408 μὲν

2110 3433 2296 3486 ὡδῖνον
2344 3432 2443 3503 τὴν
2472 3431 2752 3502 ἀλήθειαν,
2786 3430 2987 3482 ἔσωθεν
3034 3430 3091 3482 δὲ
3141 3430 3534 3500 κεκρυμμένην
3584 3426 3706 3497 ἔχον

2110 3526 2211 3596 τὴν
2238 3525 2347 3578 ἀπὸ
2375 3524 2470 3577 τοῦ
2498 3522 2727 3593 ψεύδους
2756 3522 3222 3590 θεοστυγεστάτην
3249 3520 3522 3571 ἀσέϐειαν.
3562 3518 3688 3569 um

2111 3618 2163 3669 οἱ
2189 3617 2347 3686 νήψει
2376 3618 2443 3688 τῇ
2479 3618 2598 3671 κατ’
2626 3615 2939 3687 ἐντρέχειαν
2972 3611 3193 3677 λογικὴν
3222 3608 3314 3660 τὸν
3344 3610 3541 3660 οἰκεῖον
3575 3609 3705 3660 ἀνα·

2114 3710 2444 3782 τειχίζοντες
2468 3710 2613 3769 νοῦν,
2638 3709 2751 3766 τοῖς
2789 3705 2888 3773 μὲν
2922 3701 3052 3769 παρ’
3076 3700 3305 3753 ἐκείνων
3331 3699 3429 3768 οὐχ
3457 3698 3707 3751 ἁλίσκον-

2114 3820 2207 3855 ται
2238 3802 2437 3868 λόγοις,
2469 3799 2567 3866 τῆς
2599 3796 2656 3847 δὲ
2694 3795 2865 3856 ὅντως
2901 3790 3086 3859 ὑγιοῦς
3120 3790 3290 3859 ἀπρὶξ
3322 3791 3568 3860 ἐχόμενοι
3616 3792 3707 3844 πε-

2119 3906 2326 3951 στεως,
2376 3889 2463 3953 ἐφ’
2508 3885 2722 3945 ἑαυτοῖς
2766 3880 3138 3951 ἀναμέλπουσι
3169 3879 3452 3947 λέγοντες·
3494 3899 3512 3931 ι
3540 3880 3709 3935 Εὐλο-

2115 3978 2281 4048 γητὸς
2318 3975 2525 4045 Κύριος
2566 3975 2625 4038 ὃς
2668 3975 2768 4027 οὐκ
2817 3973 3017 4025 ἔδωκεν
3049 3974 3199 4043 ἡμᾶς
3247 3973 3327 4035 είς
3377 3972 3550 4044 θήραν
3599 3977 3710 4035 τοῖς

2117 4068 2328 4122 ὀδοῦσιν
2371 4066 2570 4121 αὐτῶν.
2602 4084 2622 4117 ι
2650 4064 2837 4130 Ἔδοξε
2880 4064 3062 4117 τοίνυν
3108 4065 3240 4134 ἡμῖν
3283 4064 3349 4117 τά
3382 4066 3444 4117 ἐκ
3474 4064 3708 4134 φιλομα-

2116 4161 2273 4225 θείας
2316 4161 2660 4229 συνενεγκεῖν
2693 4159 3002 4230 εὑρήματα,
3046 4157 3140 4209 καὶ
3173 4156 3577 4226 συγκεχυμένον
3613 4157 3711 4225 μὲν

2120 4254 2375 4324 οὐδαμῶς
2410 4252 2684 4306 συνθεῖναι
2714 4251 2804 4305 τὸν
2837 4250 3017 4317 λόγον,
3050 4250 3466 4320 εὐκρινεστέραν
3495 4250 3551 4302 δέ
3583 4250 3711 4319 μᾶλ-

2124 4344 2215 4397 λον
2244 4345 2322 4406 είς
2352 4344 2582 4396 ἕκαστον
2610 4343 2717 4396 τῶν
2764 4341 3074 4410 κεφαλαίων
3107 4341 3203 4411 τὴν
3245 4341 3475 4411 βάσανον
3522 4339 3714 4410 ἔχοντα
3767 4395 3772 4404 ,

2128 4435 2501 4504 διεξαγαγεῖν·
2531 4435 2676 4489 οὕτω
2700 4434 2807 4505 γὰρ
2831 4433 2896 4488 ἂν
2913 4433 3241 4497 εύσύνοπτός
3273 4448 3331 4485 τε
3363 4433 3456 4486 acati.
3488 4432 3714 4501 εἱλικρι-

2132 4527 2362 4597 νεστέρα
2386 4530 2500 4590 τοῖς
2546 4526 2981 4598 φιλακροάμοσιν
3020 4528 3052 4594 ἡ
3101 4525 3209 4577 τῶν
3253 4523 3589 4594 ἐγκειμένων
3619 4524 3711 4592 γέ-

2132 4636 2277 4674 νοιτο
2310 4618 2531 4688 γνῶσις.
2575 4621 2859 4691 Θησαυρὸς
2887 4618 2943 4671 δὲ
2971 4616 3048 4687 τῷ
3084 4616 3271 4687 βιϐλίῳ
3302 4617 3492 4685 ὄνομα,
3518 4614 3717 4684 πολλὴν

2135 4711 2311 4782 ἔχοντι
2343 4710 2451 4763 τῶν
2493 4709 2650 4763 θείων
2694 4709 3068 4782 θεωρημάτων
3109 4707 3615 4778 τεθησαυρισμένην
3662 4709 3719 4758 ἐν

2136 4803 2312 4873 ἐαυτῷ
2351 4802 2449 4874 τὴν
2484 4801 2723 4871 πληθύν·
2762 4803 2810 4854 εί
2854 4802 2951 4854 καὶ
2986 4799 3198 4871 μέτριοί
3234 4816 3378 4863 τινες
3426 4801 3483 4862 ἐς
3530 4798 3721 4867 λόγους

2134 4894 2314 4963 ἡμεῖς,
2347 4895 2443 4947 καὶ
2470 4893 2607 4966 πρὸς
2637 4892 2699 4946 τὸ
2724 4892 2985 4947 δύνασθαί
3017 4910 3070 4945 τι
3099 4895 3237 4945 νοεῖν
3273 4892 3334 4945 οὺ
3367 4891 3572 4961 σφόδρα
3604 4907 3725 4960 γορ-

2133 4985 2241 5053 γοί.
2283 4986 2699 5040 Ἀνακείσθωδὲ
2740 4986 2900 5057 χάρις
2947 4983 3024 5055 τῷ
3069 4985 3247 5038 πάντα
3279 4986 3416 5038 πᾶσι
3452 4983 3721 5042 πλουσίως

2133 5094 2460 5147 χορηγουντι
2493 5079 2732 5149 Χριστῷ.
2774 5078 2985 5131 Είδέναι
3015 5078 3071 5130 δὲ
3107 5077 3212 5149 χρὴ
3241 5076 3370 5139 τοὺς
3401 5072 3717 5142 ἐντευξομέο

2133 5184 2277 5232 νους,
2315 5169 2397 5222 ὅτι
2430 5171 2768 5225 συντέθειται
2806 5171 2924 5239 μὲν,
2969 5170 3110 5223 κατὰ
3138 5170 3237 5238 τὴν
3273 5162 3717 5233 ὑποτεταγμένην

2141 5261 2489 5333 προγραφὴν,
2518 5263 2589 5317 τά
2631 5265 2690 5316 ὲν
2720 5263 2798 5333 τῷ
2847 5262 3037 5333 βιϐλίῳ
3070 5262 3359 5330 κεφάλαια.
3402 5256 3721 5325 Περιέχεται

2135 5351 2193 5404 δὲ
2242 5352 2455 5423 ἑκάστῳ
2501 5354 2672 5407 πολλὰ
2712 5356 2852 5427 πρὸς
2888 5356 2980 5409 τὸν
3023 5355 3184 5407 αὑτὸν
3232 5349 3570 5405 συντείνοντα
3615 5346 3723 5397 τῶν

2142 5440 2511 5514 θεωρημάτων
2542 5446 2765 5513 σκοπὸν,
2800 5447 2895 5501 καὶ
2918 5446 3003 5502 διὰ
3036 5446 3235 5499 κύκλου
3273 5442 3362 5496 κα)⁴
3389 5437 3724 5510 περιδρομῆς

544 5615 565 5649 ⁸
596 5612 781 5669 Matth.
816 5626 933 5676 xm,
966 5610 1051 5665 lG.
1126 5611 1144 5641 ²
1174 5607 1192 5661 l
1223 5607 1347 5665 Cor.
1384 5624 1484 5679 χιι,
1522 5611 1574 5667 5.
1655 5614 1675 5644 ³
1710 5613 1754 5668 ll
1782 5614 1930 5673 Petr.
1965 5633 1999 5671 ιι

2109 5657 2116 5674 .
2194 5622 2215 5652 ’⁸
2244 5621 2388 5678 Psal.
2422 5637 2613 5691 culti,
2647 5626 2699 5677 6.
