4032 6212
331 281 418 342 π
1768 278 2204 334 ΊἮΕΞᾹῸΒῊΞ.
3530 283 3597 334 ιι

322 402 411 462 si;
429 399 525 452 τὸν
551 397 642 450 τοῦ
659 415 720 449 πε
733 397 996 467 ρι’ἐχοντος
1015 395 1371 450 ἆναὸαίνοντα
1386 395 1528 449 νοῦν.
1548 396 1926 466 Παραπὲπηγε

2068 412 2250 452 ensum
2298 395 2629 467 pertingunt.
2686 396 2755 451 lis
2783 409 2963 451 autent
2995 397 3262 467 capitibus
3305 398 3454 465 solis,
3482 415 3602 470 qun

328 490 385 542 δὲ
425 489 608 559 μόνοις
632 492 742 551 τοῖς
773 488 882 541 τῶν
910 487 1220 556 κεφαλαίων
1258 489 1645 557 περιεκτικοῖς,
1672 486 1778 540 τῶν
1810 489 1926 558 ἀρι-

2068 488 2138 542 lia
2164 486 2403 557 ejusdem
2430 489 2731 558 argumenti
2756 489 2854 542 sub
2894 505 2952 545 se
2998 492 3299 555 continent,
3338 508 3599 549 numero-

331 579 488 648 Θμῶν
515 581 551 649 ἡ
582 579 737 644 τάξις
755 595 769 608 ο
795 578 866 631 τὰ
903 579 958 631 δὲ
992 579 1348 649 παρεπόμενα
1375 579 1606 642 τούτοις,
1646 579 1922 650 στοιχηδὸν

2068 595 2148 634 um
2205 581 2340 634 ordo
2385 591 2467 634 est
2499 581 2760 648 adjectus.
2803 582 2933 648 Quae
2985 599 3114 638 vero
3151 585 3340 655 primis
3389 586 3498 642 illis
3537 603 3602 643 ac

321 671 436 739 ,μὲν
486 671 808 722 ὲντέτακται
845 672 968 733 ταῖς
1015 671 1360 740 ὑπογραφαῖς
1382 711 1395 734 ,
1434 671 1701 742 ἀριθμοὺς
1734 671 1790 723 δὲ
1822 671 1922 723 οὐκ

2068 671 2312 738 raecipuis
2355 671 2622 741 capitibus
2663 674 2778 727 sive
2817 674 2988 729 titulis
3029 691 3239 730 annexa
3270 686 3415 740 sunt,
3449 687 3506 732 et
3534 694 3601 732 ex

329 762 471 832 ἔχει,
499 760 576 824 ὡς
609 765 678 832 τῇ
712 761 822 814 τῶν
854 761 1216 831 περιεκτικῶν
1243 761 1450 833 διανοίᾳ
1479 762 1916 833 χρεωστούμενα,

2068 777 2093 815 s
2113 762 2436 831 dependent,
2458 765 2573 817 suis
2594 765 2756 817 etiam
2786 766 2929 820 nolis
2949 766 3239 820 ordinatim
3259 767 3602 838 distinguun-

332 855 433 905 καὶ
459 855 539 915 εἰς
565 853 660 906 τὸν
691 854 919 906 ἐκείνων
949 853 1208 923 τρέχοντα
1235 853 1457 907 σκοπόν.

2068 869 2117 908 tr
2143 872 2156 906 :
2186 868 2441 909 numeros
2480 862 2658 908 tamen
2705 857 2970 924 ascriptos
3009 873 3110 911 non
3148 858 3368 923 habent,
3407 861 3605 930 quippe

333 963 458 1016 qua:
499 949 570 1004 ab
609 964 800 1004 eorum
844 949 1121 1004 titulorum
1158 949 1257 1002 sub
1297 949 1493 1018 quibus
1545 949 1890 1002 continentur
1923 961 2084 1003 sensu
2120 948 2476 1017 dependeant,
2508 956 2563 1001 et
2601 951 2666 1002 ad
2711 951 2960 1004 eumdem
3006 965 3228 1019 scopum
3275 952 3600 1022 pertineant.

931 1320 1214 1407 TAAE
1288 1321 1763 1407 ΕΝΕΣΤΙΝ
1841 1324 1955 1406 EI‘

2068 1321 2350 1408 ΤΩΔΕ
2409 1323 2556 1407 Ti).
2626 1323 3021 1408 ΒΙΒΔΙΩ.

1519 1720 1903 1808 INDEX
1986 1720 2407 1814 EORUM

1290 1925 1466 1993 'QUE
1504 1926 1570 1982 IN
1611 1926 1746 1984 HOC
1783 1929 1990 1987 LIBRO
2028 1931 2549 1989 CONTINENTUR.

941 2297 996 2371 4
1025 2298 1242 2352 ΛΟΓΟΣ
1277 2301 1354 2351 Αν.

419 2391 559 2461 Περὶ
594 2389 894 2461 drawith
926 2389 1021 2442 καὶ
1055 2388 1328 2458 γενητοῦ,
1355 2388 1424 2442 ἐν
1454 2382 1520 2455 ᾧ,
1548 2389 1638 2442 ὅτι
1671 2389 1942 2457 κρεῖττόν

351 2487 480 2540 ἐστι
513 2484 612 2538 καὶ
666 2479 1137 2549 ἀξιολογώτερον
1182 2480 1413 2549 Πατέρα
1466 2480 1782 2537 καλεῖσθαι
1830 2481 1938 2535 τόν

355 2578 523 2642 Θεὸν,
555 2578 595 2644 ἦ
625 2575 941 2645 ἀγένητον.

1052 2665 1202 2721 ΛυΓ.
1243 2667 1295 2717 B'

428 2761 549 2812 Ὅτι
580 2759 647 2812 τὸ
688 2759 986 2828 ἀγένητον
1019 2758 1130 2810 οὐκ
1165 2757 1368 2822 οὐσία,
1403 2758 1539 2812 ἀλλ’
1572 2757 1788 2823 οὐσίας
1833 2774 1942 2824 ση-

350 2854 661 2924 μαντικόν.

1031 2943 1182 2994 ΛυΓ.
1227 2943 1298 2993 Γ’.

434 3039 554 3090 Ὅτι
592 3037 678 3106 μὴ
720 3038 787 3090 td
815 3035 1112 3105 ἀγένητον
1156 3034 1357 3096 οὐσία,
1385 3034 1577 3101 μόνον
1607 3033 1673 3085 δὲ
1719 3032 1824 3085 τοῦ
1863 3033 1948 3101 μὴ

362 3130 672 3198 γεγονέναι
700 3129 806 3182 τὸν
837 3128 986 3181 Θεὸν
1018 3125 1410 3192 σημαντικόν.

1031 3216 1182 3268 ΛΟΓ.
1225 3217 1294 3266 A'.

452 3311 605 3376 Πρὸς
643 3309 782 3372 τοὺς
825 3307 1164 3376 τολμῶντας
1194 3306 1419 3373 λέγειν,
1455 3304 1542 3356 ὅτι
1581 3324 1597 3354 ι
1631 3301 1740 3359 τΗν
1785 3318 1950 3368 ποτε,

379 3397 487 3452 ὅτε
514 3399 624 3450 οὐκ
653 3393 727 3464 ἦν
771 3400 801 3449 ὸ
832 3398 978 3462 Υἱός.
1003 3416 1020 3448 ι
1055 3395 1326 3463 Ἐκλογαὶ
1381 3394 1816 3462 συλλογισμῶν
1854 3395 1954 3448 καὶ

315 3549 330 3556 ,
369 3485 700 3556 νοημάτων
757 3487 1111 3540 κατασκευαὶ
1175 3487 1297 3540 σὺν
1358 3487 1835 3554 μαρτυρίαις-τὸ
1887 3483 1956 3539 δὲ

362 3576 796 3646 συναγόμενον
835 3577 903 3630 ἐκ
940 3577 1196 3643 πάντων,
1231 3577 1323 3628 ὅτι
1359 3574 1547 3640 ἀΐδιος
1585 3580 1618 3628 ό
1656 3575 1762 3628 τοῦ
1803 3578 1950 3630 Θεοῦ

364 3670 578 3737 Λόγος.

437 3764 540 3825 Εἰς
589 3760 656 3813 td
693 3761 838 3813 αὐτὸ
874 3763 1222 3828 κατασκευὴ
1255 3759 1496 3828 πιθανὴ,
1540 3761 1630 3814 ὅτι
1663 3761 1728 3812 td
1765 3760 1952 3828 ῥητὸν

366 3855 433 3906 td
487 3852 703 3921 λέγον·
743 3851 880 3907 (ντὰ
917 3853 1139 3920 ἀόρατα
1173 3854 1359 3907 αὐτοῦ
1395 3853 1516 3908 ἀπὸ
1557 3855 1807 3916 κτίσεως
1855 3851 1955 3904 κό-

367 3961 552 4013 σμου,
603 3945 726 4010 τοῖς
761 3945 1053 4013 ποιήμασι
1104 3947 1401 4013 νοούμενα
1442 3944 1779 4012 καθορᾶται·
1827 3943 1862 4009 ἢ
1895 3959 1956 3995 te

370 4035 572 4101 ἀΐδιος
620 4037 808 4090 αὑτοῦ
845 4036 1098 4105 δύναμις
1141 4036 1241 4090 καὶ
1290 4039 1540 4103 θειότης,
1580 4056 1598 4090 ι
1655 4036 1760 4090 τὸν
1822 4034 1957 4088 Υἱὸν

368 4128 671 4194 σημαίνει.

445 4219 676 4285 Ἕτεραι
709 4219 1046 4286 μαρτυρίαι,
1075 4217 1165 4271 ὅτι
1197 4217 1387 4281 ἀΐδιος
1417 4220 1448 4270 ό
1488 4219 1637 4282 Υἱός.

458 4307 814 4372 Ἀποδείξεις
855 4307 952 4360 διὰ
997 4306 1356 4376 μαρτυριῶν,
1393 4305 1482 4358 ὅτι
1521 4307 1579 4357 αἱ
1613 4303 1759 4356 θεῖαι
1809 4305 1959 4370 Γρα-

375 4399 502 4466 φαὶ,
530 4399 594 4452 td
623 4418 641 4450 ι
665 4396 763 4469 ἦν,
792 4419 810 4450 ›
842 4399 939 4452 καὶ
966 4397 1032 4452 τὸ
1061 4418 1078 4449 ‹
1103 4402 1135 4452 ό
1161 4399 1264 4462 ὢν,
1292 4419 1308 4449 ι
1342 4398 1439 4450 καὶ
1469 4396 1534 4450 td
1564 4416 1581 4446 ‹
1605 4394 1909 4463 ὑπάρχων,
1937 4413 1954 4444 ›

376 4493 474 4545 καὶ
507 4492 572 4544 τὸ
607 4511 626 4543 ι
654 4493 838 4562 ἤμην,
864 4511 881 4543 ι
919 4493 1016 4545 καὶ
1047 4491 1112 4544 τὸ
1157 4511 1174 4544 s
1202 4491 1341 4560 ειμι,
1366 4509 1384 4541 r
1433 4489 1531 4542 καὶ
1567 4488 1632 4541 td
1671 4507 1687 4538 ι
1716 4487 1907 4550 ἔστιν,
1938 4505 1954 4534 ι

377 4581 475 4632 ἐπὶ
517 4581 622 4634 τοῦ
652 4583 850 4649 Λόγου
883 4580 1110 4635 τιθέασι
1142 4581 1357 4649 μόνου,
1402 4579 1501 4632 ἐπὶ
1535 4578 1602 4632 δὲ
1641 4577 1759 4631 τῶν
1791 4594 1963 4645 γενη-

377 4672 497 4726 τῶν
546 4674 775 4736 οὐκέτι,
829 4673 990 4727 ἀλλὰ
1044 4671 1288 4742 μᾶλλον
1321 4671 1387 4725 τὸ
1445 4690 1462 4722 ι
1493 4669 1695 4733 ποτὲ,›
1748 4668 1846 4722 καὶ
1897 4666 1961 4719 td

386 4782 403 4813 s
433 4765 596 4831 πρὶν,
626 4783 644 4816 ›
688 4763 789 4818 καὶ
834 4765 901 4817 td
947 4783 963 4814 ι
1000 4764 1113 4832 πρὸ
1152 4763 1321 4828 τοῦ,›
1366 4761 1466 4815 καὶ
1501 4760 1567 4814 td
1620 4779 1638 4811 ι
1668 4759 1901 4828 γέγονε·
1939 4777 1956 4807 ι

381 4858 476 4908 καὶ
512 4855 631 4910 ὅσα
662 4857 896 4922 τούτοις
924 4856 1114 4924 ὅμοια.

454 4949 577 5001 Ἔτι
615 4948 749 5016 περὶ
784 4948 891 5002 τοῦ
922 4948 1119 5003 ἀΐδιον
1147 4944 1300 5002 εἶναι
1327 4945 1434 4999 τὸν
1467 4943 1622 5008 Υὶόν,
1651 4942 1730 5007 ὠς
1764 4941 1832 5005 ἐξ
1861 4941 1964 4992 ἀν-

383 5039 681 5105 τιθέσεως,
713 5040 1084 5106 κατασκευή.

454 5133 578 5184 Ἔτι
610 5133 744 5201 περὶ
786 5131 1125 5200 ἀιδιότητος
1157 5129 1590 5198 συλλογισμὸς.
1631 5125 1779 5194 μετά
1806 5140 1968 5186 τινος

379 5222 814 5292 ἐπαπορήσεως
881 5221 1316 5293 πεπλεγμένος,
1385 5219 1481 5271 καὶ
1547 5213 1828 5283 συνάγων
1880 5214 1966 5275 εὶς

383 5314 713 5382 ὁμολογίαν
749 5313 856 5366 τοῦ
899 5312 1026 5367 δεῖν
1054 5313 1122 5366 ἐκ
1165 5312 1274 5380 τῆς
1303 5311 1519 5376 οὐσίας
1561 5307 1666 5360 τοῦ
1713 5303 1964 5371 Πατρός,

380 5408 494 5458 οὐκ
546 5404 768 5469 ἔξωθεν
825 5406 1211 5474 ὲπιγετονότα
1267 5405 1373 5456 τὸν
1427 5402 1565 5458 Υὶὸν
1625 5396 1968 5467 ὑπολαμϐά-

378 5512 544 5549 νεινο
589 5499 640 5549 εὶ
672 5495 742 5548 δὲ
773 5496 974 5564 τοῦτο,
1008 5495 1202 5564 δῆλον
1229 5497 1316 5548 ὅτι
1358 5496 1454 5549 καὶ
1491 5493 1570 5558 τῷ
1608 5492 1788 5561 Πατρὶ
1821 5507 1968 5544 συν-

381 5583 597 5640 uideor.

460 5678 613 5742 Ἔτι,
655 5681 787 5747 περὶ
811 5680 1164 5752 ,ἀΐδιότητος
1203 5676 1377 5732 Υἱοῦ.’

2621 2303 2961 2359 ASSEBTIO
3002 2305 3046 2360 l.

2119 2391 2193 2446 De
2225 2393 2400 2461 genito
2459 2404 2506 2448 et
2543 2394 2802 2466 ingenito,
2857 2406 2908 2449 et
2961 2398 3100 2466 quod
3143 2398 3329 2450 melius
3367 2400 3431 2451 sit
3466 2410 3619 2472 atque

2046 2484 2254 2551 dignius
2308 2483 2477 2537 Deum
2523 2482 2738 2538 Patrem
2769 2486 2968 2552 vocari,
3000 2503 3155 2555 quam
3199 2488 3507 2557 ingenitum.

2635 2663 2926 2720 ASSERT.
2975 2663 3038 2717 ll.

2122 2753 2274 2819 Quod
2300 2754 2587 2821 ingenitum
2610 2770 2710 2806 non
2740 2755 2806 2807 sit
2831 2757 3155 2822 substantia,
3181 2759 3272 2811 sed
3311 2759 3624 2814 substantia

2051 2842 2447 2912 signiﬁcativum

2620 2932 2913 2990 ASSERT.
2946 2934 3032 2992 Ill.

2123 3027 2277 3091 Quod
2317 3027 2602 3096 ingenitum
2656 3045 2757 3081 non
2794 3029 2858 3081 sit
2907 3030 3223 3095 substantia,
3274 3035 3363 3086 sed
3411 3043 3616 3088 tantum

2055 3119 2314 3187 signiﬁcet
2338 3118 2506 3172 Deum
2527 3117 2758 3187 genitum
2791 3137 2894 3172 non
2917 3138 3049 3177 esse.

2627 3210 2917 3266 ASSERT.
2957 3212 3040 3266 IV.

2129 3305 2391 3357 Adversus
2417 3319 2503 3356 eos
2533 3305 2621 3372 qui
2645 3304 2816 3357 dicere
2845 3320 2946 3356 non
2993 3316 3267 3372 verentur,
3311 3325 3330 3359 ‹
3359 3306 3490 3362 Erat
3526 3312 3630 3365 ali-

2057 3397 2425 3466 quando,cum
2455 3412 2558 3450 non
2578 3406 2689 3450 erat
2715 3394 2908 3449 Filius.
2943 3415 2960 3446 ι
2996 3397 3308 3465 ΑῙΪετιιηιιιτ
3335 3401 3628 3470 syllogismi

2060 3500 2109 3544 et
2158 3501 2588 3560 argumentorum
2619 3489 2951 3558 probationes
2998 3505 3114 3542 cum
3144 3493 3453 3545 testimoniis
3485 3492 3631 3548 Scri-

2055 3590 2224 3647 ptura:
2254 3594 2271 3632 :
2307 3595 2370 3634 ea:
2430 3582 2618 3649 quibus
2669 3581 2908 3634 omnibus
2962 3581 3184 3648 efﬁcitur
3225 3583 3363 3651 quod
3411 3583 3629 3638 Verbum

2057 3669 2152 3722 Dei
2189 3672 2255 3722 sit
2299 3681 2571 3726 aeternum.

2127 3760 2384 3828 Ejusdem
2428 3765 2504 3814 rei
2550 3762 2791 3830 probatio
2824 3765 3034 3816 veritati
3080 3773 3451 3829 consentanea,
3493 3767 3632 3836 quod

2057 3853 2254 3905 dictum
2303 3849 2460 3915 illud,
2496 3869 2513 3900 ‹
2565 3850 2864 3903 [invisibilia
2910 3853 3025 3916 eius
3076 3870 3107 3904 a
3153 3855 3418 3906 creatione
3450 3857 3633 3909 mundi

2057 3961 2148 4011 per
2194 3959 2256 3997 ea
2308 3959 2422 4012 quin
2474 3941 2617 4009 facta
2675 3953 2793 3993 sunt
2847 3940 3150 4004 intellecta,
3195 3943 3634 4008 conspiciuntur,-

2058 4037 2378 4104 sempiterna
2411 4049 2612 4102 quoque
2646 4033 2760 4100 ejus
2801 4032 2964 4086 virtus
2997 4041 3044 4085 et
3072 4031 3340 4097 divinitas,
3375 4050 3394 4083 s
3428 4031 3634 4088 Filium

2058 4132 2341 4201 signiﬁcat.

2130 4223 2255 4276 Alia
2289 4222 2610 4283 testimonia,
2649 4218 2789 4286 quod
2817 4227 3043 4272 aeternus
3071 4218 3140 4273 sit
3171 4216 3364 4270 Filius.

2121 4314 2597 4368 Demonstrationes
2613 4312 3035 4380 pertestimonia,
3051 4311 3190 4381 quod
3208 4325 3374 4363 sacra:
3394 4308 3636 4377 Scriptu-

2065 4422 2136 4461 rw
2146 4423 2291 4459 voces
2307 4406 2422 4468 has,
2446 4423 2464 4455 ι
2484 4413 2618 4466 erat,
2641 4404 2912 4466 exsistens,
2933 4420 3041 4466 ens,
3061 4418 3223 4468 eram,
3242 4417 3355 4454 sum
3371 4419 3388 4452 t
3409 4410 3457 4454 et
3476 4408 3600 4462 «est,
3615 4417 3634 4450 ι

2064 4498 2129 4550 de
2164 4495 2331 4549 Verbo
2359 4496 2528 4550 solum
2552 4496 2767 4559 dicunt;
2802 4495 2865 4548 de
2889 4495 3147 4548 creaturis
3184 4509 3301 4547 vero
3348 4510 3449 4547 non
3495 4495 3639 4558 item,

2066 4590 2153 4641 sed
2188 4607 2206 4638 ι
2229 4587 2407 4649 olim,r
2425 4589 2530 4640 sive
2558 4585 2892 4654 «aliquando,
2912 4584 3132 4653 pridem,
3153 4594 3292 4647 ante,
3325 4584 3427 4652 fuit
3456 4601 3474 4634 ι
3502 4582 3642 4636 alia-

2066 4697 2162 4743 que
2190 4681 2268 4731 his
2293 4679 2508 4731 similia.

2142 4947 2400 5013 Amplius,
2439 4945 2577 5013 quod
2613 4954 2839 4997 ceternus
2872 4944 2937 4995 sit
2984 4939 3157 4993 Filius
3185 4957 3201 4991 :
3240 4955 3354 4991 cum
3388 4939 3645 4993 solutione

2072 5035 2440 5104 objectionum.

2147 5126 2308 5178 Aliud
2342 5166 2355 5190 ,
2401 5126 2463 5177 de
2504 5126 2812 5184 wternitate,
2853 5121 3183 5190 syllogismus
3241 5134 3359 5171 cum
3419 5116 3647 5186 quadam

2074 5219 2359 5288 quastione
2389 5229 2675 5278 connexus,
2697 5212 2834 5265 unde
2857 5210 3121 5280 colligitur
3140 5207 3490 5275 conﬁtendum
3516 5223 3646 5271 esse,

2081 5308 2280 5362 Filium
2327 5323 2392 5362 ex
2433 5306 2658 5360 essentia
2702 5301 2879 5355 Patris
2918 5317 3048 5367 esse,
3097 5310 3144 5354 et
3181 5315 3284 5353 non
3327 5298 3649 5353 extrinsecus

2076 5400 2359 5453 accessisse
2385 5412 2402 5449 :
2435 5397 2479 5449 si
2510 5407 2680 5448 autem
2721 5395 2794 5446 ita
2823 5403 2920 5457 est,
2949 5402 3266 5446 comternum
3298 5390 3456 5445 etiam
3495 5386 3652 5445 Patri

2075 5507 2203 5545 €886.

2155 5667 2206 5738 5
2243 5664 2424 5728 Aliud,
2455 5663 2519 5716 de
2554 5660 2846 5715 teternitate
2882 5656 3032 5710 Filii.
