4032 6212
445 312 515 367 15

512 414 868 485 Interrogatio
923 409 1241 464 Arianorum
1295 395 1643 453 absurditatis
1722 387 2019 462 plena;cui

444 512 551 567 alia
580 524 684 562 non
719 500 975 558 absimilis
1000 490 1340 560 interrogatio
1368 485 1670 555 opponitur,
1695 483 1884 535 docens
1918 492 2018 531 non

442 618 552 659 esse
569 597 770 668 aliquid
800 593 959 649 stulte
992 583 1444 655 interrogandum.

520 692 778 749 Aduersus
812 686 1219 752 interrogantes,
1249 695 1268 728 s
1299 677 1381 727 An
1402 671 1634 726 habuisti
1670 669 1836 731 ﬁlium
1872 670 2019 715 ante-

444 801 599 856 quam
631 776 906 852 gigneres?
930 794 949 827 ι
975 782 1021 828 et
1047 773 1295 833 dicentes,
1327 785 1344 817 ι
1370 763 1457 817 Ita
1487 777 1648 830 neque
1683 758 1816 812 Deus
1840 752 2017 806 habuit

450 878 651 931 Filium
689 872 994 939 priusquam
1027 879 1144 918 eum
1172 863 1423 932 gigneret.
1465 872 1484 907 ι

1039 949 1334 1010 ASSERT.
1402 946 1469 1000 ν.

521 1059 674 1128 Quod
698 1056 859 1111 Pater
899 1067 1000 1104 non
1026 1047 1224 1102 exstitit
1251 1050 1368 1097 ante
1397 1036 1620 1098 Filium,
1648 1030 1853 1086 tametsi
1874 1027 2015 1095 inge-

452 1119 595 1207 nitus
666 1150 755 1213 sit,
804 1144 895 1199 sed
938 1148 1228 1195 coa’ternus
1303 1131 1405 1200 ipsi
1458 1123 1560 1195 fuit
1645 1121 1817 1176 Filius
1865 1119 2016 1189 geni-

451 1254 555 1297 tus.

1071 1310 1359 1371 ASSERT.
1390 1308 1475 1363 Vl.

525 1419 679 1487 Quod
702 1416 863 1470 Pater
882 1412 1015 1464 citra
1044 1405 1345 1459 divisionem
1380 1409 1426 1453 et
1473 1397 1605 1452 citra
1634 1394 2018 1461 corruptionem

454 1526 520 1567 ex
546 1512 715 1578 seipso
752 1501 981 1575 genuerit
1002 1495 1224 1550 Filium.

1013 1604 1301 1663 ASSERT.
1344 1604 1454 1659 VII.

523 1711 779 1764 Adversus
808 1720 893 1761 eos
931 1701 1021 1772 qui
1049 1698 1325 1767 objiciunt,
1354 1714 1371 1747 ι
1404 1692 1562 1745 Pater
1580 1698 1754 1744 utrum
1799 1685 2016 1754 fortuito

451 1803 622 1873 genuit
649 1796 871 1859 Filium,
900 1808 969 1845 an
1008 1786 1347 1843 voluntateh

1033 1874 1322 1933 ASSERT.
1365 1871 1497 1928 Vlll.

526 1982 784 2035 Adversus
832 1976 1077 2037 dicentes,
1112 1985 1216 2022 non
1252 1966 1429 2029 Patri,
1457 1964 1546 2017 sed
1590 1960 1844 2017 voluntati
1905 1958 2017 2027 ejus

450 2074 667 2127 similem
686 2084 794 2124 esse
833 2064 1048 2118 Filium.

1042 2166 1332 2227 ASSEBT.
1364 2164 1455 2219 IX.

526 2296 680 2362 Quod
702 2285 1161 2347 consubstantialis
1222 2284 1289 2336 sit
1342 2278 1512 2331 Filius
1535 2274 1711 2339 Patri,
1753 2288 1817 2327 ex
1840 2273 2017 2337 dictis,

456 2390 625 2457 «Quid
644 2404 722 2441 me
748 2385 879 2438 dicis
902 2378 1127 2435 bonum?
1152 2372 1316 2428 Nemo
1350 2372 1511 2424 bonus
1537 2368 1635 2421 nisi
1668 2382 1803 2421 unus
1818 2365 2011 2419 Deus.)

452 2483 544 2549 Et,
586 2502 602 2532 ι
647 2478 789 2532 Vada
828 2474 896 2527 ad
932 2471 1139 2524 Patrem
1174 2478 1339 2518 meum
1367 2470 1416 2515 et
1460 2458 1672 2513 Patrem
1697 2467 1941 2517 vestrum,
1971 2465 2018 2508 et

454 2548 617 2635 Deum
639 2583 803 2623 meum
823 2573 872 2619 et
903 2563 1068 2615 Deum
1096 2568 1340 2610 vestrum.
1367 2573 1386 2607 ι
1417 2551 1441 2607 Ι
1452 2563 1574 2614 tem,
1612 2568 1630 2601 ι
1658 2548 1819 2602 Pater
1847 2548 2020 2615 major

452 2682 535 2719 988
572 2670 647 2717 est
654 2700 665 2711 .
705 2678 722 2710 ι

1046 2845 1334 2905 ASSERT.
1387 2845 1455 2900 Χ.

523 2975 673 3044 Quod
703 2963 1164 3025 consubstantialis
1210 2960 1367 3013 Patri
1424 2958 1490 3011 sit
1538 2954 1735 3008 Filius.
1772 2949 2021 3020 Defensio

451 3072 592 3127 illius
618 3065 761 3127 dicti,
795 3081 812 3113 ι
860 3060 967 3115 Cur
990 3073 1070 3111 me
1092 3054 1225 3108 dicis
1250 3048 1485 3105 bonum?
1519 3066 1539 3100 ι
1571 3055 1621 3100 et
1665 3044 1809 3099 illius
1862 3058 2021 3109 expo-

448 3165 594 3219 sitio.

1023 3255 1317 3315 ASSERT.
1357 3252 1450 3309 XI.

518 3384 675 3451 Quod
712 3378 882 3433 Fitius
899 3377 964 3430 sit
1013 3373 1166 3427 Patri
1213 3364 1701 3429 consubstantialis,
1745 3377 1808 3417 ex
1857 3361 2019 3426 dicto,

459 3499 476 3532 ι
516 3475 671 3529 Pater
696 3484 839 3524 meus
879 3463 1054 3535 major
1078 3479 1159 3517 me
1187 3471 1283 3517 est.
1324 3476 1345 3511 s

521 3565 680 3622 Aliud
710 3564 918 3623 docens,
936 3555 1073 3624 quod
1104 3551 1369 3623 proposito
1388 3548 1587 3617 majore
1604 3556 1651 3601 et
1674 3544 1895 3607 minore,
1920 3543 2021 3595 im-

453 3658 610 3729 perite
632 3651 916 3708 admodum
950 3642 1285 3716 incequalitas
1331 3640 1597 3709 inferatur
1624 3653 1643 3690 :
1676 3634 1837 3707 quod,
1866 3633 2022 3702 juxta

455 3744 752 3803 Aristotelis
778 3738 1133 3809 disciplinam,
1167 3734 1388 3788 alterius
1422 3732 1487 3785 sit
1510 3730 1735 3802 generis.

527 3921 679 3981 Aliud
731 3917 1095 3972 demonstrans
1149 3926 1241 3981 per
1287 3910 1345 3963 id
1398 3908 1537 3978 quod
1602 3907 1801 3959 dicitur
1857 3901 2022 3954 Pater

453 4015 642 4085 major,
672 4010 827 4065 simul
854 4009 1010 4063 etiam
1036 4003 1219 4072 inferri
1268 4000 1494 4052 Filium.
1533 3996 1625 4049 Est
1684 4002 1855 4047 autem
1915 4007 2019 4044 non

452 4105 621 4162 minor
640 4102 772 4170 ipso.

526 4165 676 4259 Quod
719 4186 891 4241 Filius
920 4181 1109 4236 similis
1148 4178 1216 4231 sit
1244 4174 1417 4239 Patri,
1450 4170 1715 4243 proposito
1762 4167 1899 4221 dicto
1956 4165 2021 4217 il-

455 4281 525 4347 lo,
564 4297 582 4329 s
618 4276 779 4329 Amen
806 4272 921 4324 dico
952 4267 1114 4326 vobis.
1136 4278 1237 4317 non
1258 4261 1483 4316 surrexit
1520 4261 1655 4312 inter
1706 4264 1859 4311 natos
1906 4270 2023 4308 mu-

454 4374 640 4425 lierum
668 4364 843 4435 major
864 4360 1069 4414 Joanne
1095 4356 1357 4427 Baptista,
1382 4371 1401 4406 ι
1438 4359 1547 4408 etc.

980 4555 1036 4626 θ
1067 4546 1361 4607 ASSERT.
1402 4546 1517 4602 xu.

537 4673 592 4732 ιη
618 4672 770 4735 illud,
794 4668 936 4738 «Ego
967 4667 1020 4720 in
1045 4663 1228 4727 Patre,
1260 4673 1306 4715 et
1334 4660 1562 4715 Paterin
1587 4675 1701 4725 me;
1726 4680 1743 4712 ι
1770 4668 1839 4724 et,
1869 4678 1887 4711 ι
1912 4659 2023 4731 Ego

456 4780 504 4826 et
547 4764 702 4817 Pater
741 4774 901 4814 unum
933 4772 1149 4819 sumus;
1174 4774 1192 4805 ι
1231 4755 1317 4807 ubi
1346 4755 1585 4821 deinceps
1635 4754 2024 4806 demonstratur

462 4857 621 4911 Deum
639 4852 801 4921 fuisse
837 4850 924 4919 qui
959 4846 1194 4900 liberavit
1250 4844 1609 4913 patriarcltam
1631 4843 1795 4897 Jacob
1824 4860 1888 4897 ex
1915 4861 2025 4898 om-

460 4946 607 5002 nibus
638 4942 809 4995 malis.

446 5026 449 5027 ⁷
544 5034 961 5092 Demonstratur,
1017 5027 1157 5096 quod
1220 5023 1445 5078 Verbum
1484 5024 1580 5078 Dei
1627 5027 1820 5095 species
1861 5027 2026 5096 ipsius

459 5128 526 5182 sit
561 5141 579 5178 :
603 5123 735 5195 quod
781 5118 1007 5173 Verbum
1032 5128 1240 5171 uocetur
1263 5117 1455 5186 species
1487 5116 1601 5172 Dei.

536 5315 814 5369 Vehemens
853 5311 1229 5363 demonstratio
1273 5311 1465 5364 docens
1490 5313 1629 5380 quod
1677 5330 1795 5383 qua:
1829 5317 2025 5383 aliqui-

460 5410 551 5461 bus
591 5401 972 5462 auimilanlur,
998 5400 1172 5452 nonin
1205 5399 1505 5453 universum
1531 5411 1577 5455 et
1606 5406 1922 5461 naturaliter
1946 5410 2025 5462 in-

460 5503 574 5551 sunt
607 5493 670 5545 iis
705 5487 889 5559 quibus
943 5487 1346 5541 assimilantur:
1395 5490 1485 5541 sed
1536 5508 1652 5561 qua:
1710 5497 2026 5550 naturaliter

462 5581 713 5653 aliquibus
746 5578 941 5640 insunt,
971 5576 1106 5629 velut
1131 5578 1381 5645 imagines
1409 5582 1649 5647 quadam
1687 5594 1806 5639 sunt
1844 5603 2023 5642 eorum

462 5676 531 5729 ad
558 5688 668 5741 quae
699 5679 873 5725 nostra
895 5666 1129 5723 voluntas
1171 5668 1477 5737 impellitur.

1438 284 1497 338 s.
1538 270 1813 336 CYRILLI
1852 258 2326 327 ALEXANDIHNI
2364 261 2686 318 ARCIIIEP.
3626 254 3689 308 ιδ

2210 376 2526 446 Ἐρώτησις
2567 368 2870 440 Ἀρειανῶν
2896 369 3149 432 ἀτοπίας
3166 364 3360 435 μεστή
3385 381 3395 392 ”
3440 363 3594 431 ’πρὸς
3624 362 3704 431 ῆν

2122 465 2599 535 ἀντεπερώτησις
2632 459 2992 527 ἀτοπωτέρα,
3018 458 3105 510 ὅτι
3143 456 3261 525 χρὴ
3307 453 3391 525 μὴ
3425 453 3705 508 ἀπαιδεύ-

2124 578 2236 626 τως
2272 554 2498 628 ἐρωτᾷν
2535 553 3007 609 ἐκδιδάσκουσα.

2193 649 2352 717 Πρὸς
2379 647 2517 713 τοὺς
2546 643 2905 714 ἐρωτῶντας,
2949 662 2967 693 s
3005 635 3243 706 Εὶεῖχες
3274 637 3406 691 Υίὸν
3438 636 3580 705 πρὶν
3614 638 3703 689 τέ-

2123 757 2275 810 xm;
2308 759 2327 792 ι
2374 739 2474 793 καὶ
2505 737 2817 807 λέγοντας,
2860 755 2876 786 ‹
2909 733 3073 787 Οὕτω
3112 731 3212 785 καὶ
3242 733 3273 785 ό
3304 730 3449 796 Θεὸς
3480 732 3591 784 οὐκ
3620 726 3703 783 εἶ-

2124 850 2232 902 χεν
2278 830 2417 884 Υίὸν
2453 829 2594 898 πρὶν
2631 825 2933 898 γεννήσει.
2964 845 2982 878 ι

2775 918 2927 972 ΛΟΒ.
2973 914 3047 970 Ε’.

2196 1013 2316 1065 ’Ὁτι
2368 1013 2441 1066 οὐ
2488 1010 2857 1085 προϋπάρχει
2900 1009 3007 1063 τοῦ
3054 1007 3192 1061 Υιοῦ
3240 1010 3273 1061 ό
3316 1005 3540 1072 Πατὴρ,
3589 1002 3703 1056 κᾶν

2120 1105 2451 1175 ἀγέννητος
2492 1099 2533 1175 ᾖ
2556 1122 2571 1136 ·
2623 1105 2761 1159 ἀλλ’
2786 1099 2865 1174 ἦν
2919 1099 3079 1166 αὐτῷ
3126 1098 3439 1163 συνατδιος
3466 1100 3517 1151 ·ό
3570 1096 3703 1159 Υἱὸς

2122 1195 2429 1266 γεννητός.

2776 1284 2925 1336 ΛΟΓ.
2973 1284 3062 1349 qr.

2196 1376 2325 1430 Ὅτι
2357 1379 2389 1430 ό
2418 1375 2622 1443 Πατὴρ
2649 1373 2984 1445 ἀμερίστως
3014 1372 3111 1426 καὶ
3136 1371 3443 1439 ἁρεύστως
3460 1366 3703 1438 ἐγέννη-

2122 1481 2236 1521 σεν
2274 1467 2345 1532 ἐξ
2383 1466 2573 1521 αὑτοῦ
2612 1466 2723 1519 τὸν
2770 1465 2929 1519 Υίόν.

2778 1577 2929 1630 ΛΟΓ.
2974 1578 3050 1630 Z'.

2191 1672 2352 1739 Πρὸς
2371 1670 2513 1737 τοὺς
2528 1671 2953 1739 προτείνοντας
2969 1667 3059 1731 τὸ,
3071 1686 3089 1717 ι
3114 1663 3485 1731 Ἀϐουλήτως
3499 1664 3535 1733 ἢ
3554 1665 3704 1717 κατὰ

2118 1764 2428 1831 βούλησιν
2465 1762 2758 1831 ἐγέννησε
2796 1759 2905 1813 τὸν
2942 1758 3095 1811 νΥὶὸν
3128 1758 3162 1810 ὁ
3200 1754 3436 1823 Πατήρ;
3468 1772 3488 1806 ι

2775 1854 2926 1908 ΛΟΓ.
2972 1853 3053 1905 Η’.

2190 1948 2350 2017 Πρὸς
2375 1948 2518 2014 τοὺς
2551 1947 2843 2016 λέγοντας
2875 1945 2963 1998 ὅτι
2996 1946 3067 1997 οὺ
3097 1940 3178 2005 τῷ
3210 1939 3414 2009 Haupt,
3442 1938 3603 1994 ἀλλὰ
3629 1935 3704 2005 τῇ

2116 2040 2420 2107 βουλήσει
2458 2039 2668 2107 αὐτοῦ,
2705 2038 2909 2107 ὅμοιός
2945 2036 3118 2088 ἐστιν
3156 2036 3188 2086 ό
3238 2033 3391 2097 Υίός.

2777 2150 2930 2204 ΛΟΓ.
2965 2147 3042 2201 Θ’.

2196 2270 2323 2321 Ὀτι
2354 2268 2677 2335 όμοούσιος
2706 2265 2787 2329 τῷ
2815 2262 2997 2330 Hatpl
3027 2264 3059 2315 ό
3091 2260 3240 2326 Υἱὸς,
3259 2254 3706 2324 παρατεθέντων

2120 2360 2218 2412 καὶ
2270 2358 2389 2411 τῶν
2429 2355 2652 2425 ῥητῶν,
2703 2373 2720 2407 ι
2761 2355 2821 2409 Τί
2848 2371 2926 2423 με
2953 2354 3152 2422 λέγεις
3188 2349 3453 2419 ἀγαθόν;
3495 2345 3703 2411 Οὐδεὶς

2120 2450 2361 2521 ἀγαθὸς,
2401 2450 2455 2501 ει
2496 2446 2582 2516 μὴ
2617 2441 2704 2512 εἷς
2737 2448 2770 2499 ό
2797 2446 2975 2509 Θεόςο
3011 2462 3028 2495 ι
3081 2443 3180 2495 καὶ
3212 2440 3341 2505 τοῦ,
3401 2456 3420 2491 ‹
3450 2439 3703 2506 Πορεύο-

2116 2559 2221 2611 μαι
2256 2541 2407 2609 πρὸς
2439 2542 2547 2595 τὸν
2571 2539 2801 2609 Πατέρα
2824 2556 2967 2608 μου,
3002 2536 3099 2591 καὶ
3131 2533 3361 2602 Πατέρα
3388 2531 3574 2603 ὑμῶν,
3606 2531 3705 2585 και

2108 2634 2270 2687 νΘεόν
2294 2651 2438 2703 μου,
2468 2634 2566 2688 καὶ
2597 2632 2746 2687 Θεὸν
2773 2630 2940 2700 ὑμῶν
2960 2647 2972 2659 ·
3009 2648 3027 2681 ι
3068 2629 3165 2683 καὶ
3199 2627 3434 2697 ὁμοίως,
3468 2646 3486 2677 ι
3508 2625 3560 2677 Ὀ
3586 2628 3705 2678 Πα-

2106 2722 2231 2791 τὴρ
2262 2722 2475 2792 μείζων
2506 2723 2625 2792 μού
2663 2722 2884 2775 ἐστιν.»

2795 2834 2947 2891 ΛΟΓ.
2972 2834 3030 2887 ι’.

2195 2948 2316 3000 Ὅτι
2345 2948 2669 3015 όμοούσιος
2698 2943 2779 3010 τῷ
2808 2945 2991 3015 Πατρὶ
3017 2949 3058 2999 λό
3100 2947 3228 3010 Υἱός
3252 2959 3267 2977 ’
3308 2946 3377 2997 ἐν
3405 2936 3454 3010 ᾧ
3479 2943 3705 2997 ἀπολο-

2125 3040 2228 3109 γία
2258 3037 2482 3105 πιθανὴ
2527 3036 2679 3105 πρὸς
2715 3036 2822 3090 τὸν
2843 3036 3248 3105 ἐρωτήσαντα,
3282 3054 3303 3087 ι
3338 3036 3397 3088 Τί
3413 3050 3488 3103 με
3509 3032 3705 3104 λέγεις

2124 3132 2383 3201 ἀγαθόν;
2417 3149 2435 3182 ι
2481 3129 2579 3183 και
2615 3128 2907 3199 ἐξήγησις
2944 3128 3053 3183 τοῦ
3082 3127 3296 3198 ῥητοῦ.

2759 3240 2910 3294 ΔΟΓ.
2957 3242 3060 3296 IA'.

2200 3356 2328 3407 Ὅτι
2363 3353 2682 3423 ὁμοούσιος
2716 3356 2749 3406 ό
2788 3354 2921 3419 Υἱὸς
2966 3353 3046 3419 τῷ
3073 3354 3278 3422 Πατρι,
3312 3352 3706 3422 προκειμένου

2116 3444 2327 3515 ῥητοῦ,
2374 3463 2393 3495 s
2417 3445 2479 3496 Ὀ
2516 3442 2719 3511 Πατήρ
2751 3459 2871 3511 μου
2906 3439 3117 3512 μείζων
3147 3443 3265 3512 μού
3304 3443 3527 3497 ἐστιν.»

2199 3538 2400 3599 Ἄλλο,
2431 3533 2724 3588 διδάσκον
2754 3530 2845 3587 ὅτι
2889 3533 3281 3603 προκειμένου
3311 3532 3416 3585 τοῦ
3436 3531 3709 3602 μείζονος

2124 3627 2224 3681 καὶ
2250 3625 2356 3680 τοῦ
2388 3624 2729 3690 ἐλάττονος,
2766 3622 3137 3686 ἀπαιδεύτοις
3167 3621 3233 3674 τὸ
3265 3621 3551 3691 ἀνόμοιον
3581 3625 3705 3677 εισ-

2125 3718 2387 3789 ςοέρεται,
2430 3713 2769 3783 ἑτερογενὲς
2817 3708 3075 3765 ὃν⁷κατὰ
3104 3710 3217 3778 τὴν
3251 3713 3705 3780 Ἀριστοτέλους

2124 3809 2364 3877 τέχνην.

2200 3899 2379 3951 ’Άλλο
2433 3891 2745 3956 ἀπόδειξιν
2794 3892 2959 3961 ἕχον,
2989 3888 3079 3944 ὅτι
3127 3889 3225 3945 διὰ
3274 3892 3381 3947 τοῦ
3423 3895 3703 3963 λέγεσθαι

2120 3986 2361 4058 μείζονα
2398 3984 2508 4038 τὸν
2527 3984 2781 4053 Πατέρα,
2810 3982 3265 4053 συνεισφέρεται
3306 3984 3423 4054 μὲν
3468 3983 3704 4053 πάντως

2126 4082 2159 4132 ὁ
2196 4080 2348 4145 Υἱός.
2374 4079 2548 4133 Ἔστι
2585 4076 2655 4130 δὲ
2690 4078 2802 4130 οὐκ
2837 4075 3101 4130 ἐλάττων
3135 4075 3343 4131 αὐτοῦ.

2198 4172 2402 4235 Ἄλλο,
2433 4170 2523 4224 ὅτι
2556 4166 2692 4237 ἴσος
2720 4172 2752 4223 ό
2789 4172 2924 4235 Υἱὸς
2954 4169 3034 4235 τῷ
3061 4170 3263 4240 Πατρὶ,
3310 4169 3702 4240 προκειμένου

2117 4263 2325 4333 ῥητοῦ,
2360 4280 2380 4314 ι
2403 4261 2582 4333 Ἀμὴν
2612 4260 2768 4331 λέγω
2810 4260 3111 4331 ὑμῖν,“οὐκ
3141 4260 3447 4332 ἐγήγερται
3476 4261 3547 4314 ἐν
3572 4278 3703 4331 γεν-

2123 4351 2328 4420 νητοῖς
2346 4349 2649 4422 γυναικῶν
2662 4349 2873 4421 μείζων
2887 4348 3164 4405 Ἰωάννου
3186 4349 3291 4403 τοῦ
3305 4350 3664 4415 Βαπτιστοῦ,
3676 4369 3697 4402 ι

2125 4444 2223 4498 καὶ
2259 4443 2336 4498 τὰ
2371 4440 2539 4511 ἑξῆς.

2783 4555 2937 4613 ΛΟΓ.
2968 4554 3070 4608 ΙΒ’.

2198 4672 2303 4736 Είς
2348 4668 2437 4734 τὸ,
2474 4667 2665 4739 «Ἐγὼ
2697 4667 2767 4721 ἐν
2809 4667 2889 4733 τῷ
2934 4665 3137 4735 Πατρὶ,
3173 4665 3271 4718 καὶ
3319 4667 3353 4719 ό
3393 4662 3594 4731 Πατὴρ
3634 4662 3703 4716 ἐν

2124 4765 2258 4833 ὲμοί
2277 4782 2289 4794 ·
2316 4782 2335 4815 ι
2371 4763 2493 4830 καὶ,
2517 4781 2536 4815 ι
2561 4760 2708 4827 Ἐγὼ
2738 4760 2837 4816 και
2865 4763 2898 4815 ό
2925 4757 3132 4826 Πατὴρ
3158 4757 3227 4810 ἓν
3252 4757 3439 4824 ἐσμεν
3457 4773 3471 4785 ο
3509 4774 3530 4807 ι
3563 4754 3634 4807 ἐν
3656 4747 3705 4819 ᾧ

2125 4855 2430 4921 ἀπόδειξις
2461 4853 2700 4925 ἐφεξῆς,
2735 4850 2825 4906 ὅτι
2870 4855 2902 4906 ό
2951 4851 3094 4916 Θεὸς
3123 4845 3203 4919 ἦν
3238 4851 3272 4903 ό
3311 4849 3609 4916 ῥυόμενος
3636 4847 3703 4899 ἐκ

2126 4947 2370 5001 πάντων
2406 4945 2608 5001 κακῶν
2645 4945 2752 4998 τὸν
2790 4940 3161 5009 πατριάρχην
3194 4937 3419 4993 Ἰακώϐ.

2202 5040 2380 5092 Ἄλλο
2419 5035 2855 5098 ἀποδεικτικὸν,
2888 5032 2977 5086 ὅτι
3007 5034 3041 5085 ό
3068 5031 3260 5098 Λόγος
3302 5029 3407 5084 τοῦ
3436 5027 3601 5088 Θεοῦ,
3638 5027 3700 5079 τὸ

2126 5130 2285 5201 εἶδος
2310 5132 2497 5189 αὐτοῦ
2518 5132 2919 5192 ἐστιν.”Αλλο,
2938 5124 3235 5196 σημαῖνον
3259 5123 3347 5177 ὅτι
3373 5117 3531 5185 εἶδος
3555 5118 3702 5173 Θεοῦ

2128 5223 2392 5278 καλεῖται
2432 5226 2464 5277 ό
2501 5222 2710 5290 Λόγος.
3176 5281 3190 5292 .

2206 5319 2382 5370 Ἄλλο
2388 5314 2538 5383 μετὰ
2554 5311 2773 5383 γοργῆς
2795 5308 3157 5374 ἀποδείξεως
3183 5305 3492 5365 διδάσκον,
3518 5301 3605 5353 ὅτι
3632 5298 3703 5351 τὰ

2126 5403 2555 5474 ἐξομοιούμενά
2590 5416 2773 5465 τισιν,
2803 5402 2876 5455 οὐ
2914 5400 3152 5463 πάντως
3185 5396 3281 5451 καὶ
3320 5392 3471 5448 κατὰ
3514 5392 3704 5459 φύσιν

2127 5493 2219 5563 οἷς
2244 5496 2487 5549 ἔνεστιν
2516 5492 2891 5562 ἐξομοιοῦται
2915 5510 2929 5525 ο
2958 5492 3096 5546 ἀλλ’
3119 5489 3319 5555 ὥσπερ
3364 5483 3527 5546 τινὲς
3551 5483 3704 5535 εικό-

2126 5604 2228 5652 νες
2256 5588 2327 5639 τὰ
2361 5586 2540 5653 φύσει
2582 5587 2889 5653 προσόντα
2935 5582 3055 5636 τισὶ
3104 5581 3365 5650 γίνονται
3411 5575 3529 5629 τῶν
3556 5573 3705 5627 κατὰ

2128 5677 2475 5745 προαίρεσιν
2512 5675 2679 5745 ἡμῶν
2718 5676 3073 5745 κινημάτων.
