  <div class='ocr_page' id='page_1' title='image "/cluster/home/n/w/nwhite01/storage/ocr_20150623/75/hvd.32044073502031/014.png"; bbox 0 0 4110 6212; ppageno 0'>
   <div class='ocr_carea' id='block_1_1' title="bbox 407 306 3650 404">
    <p class='ocr_par' dir='ltr' id='par_1_1' title="bbox 407 306 3650 404">
     <span class='ocr_line' id='line_1_1' title="bbox 407 306 3650 404; baseline 0.016 -51"><span class='ocrx_word' id='word_1_1' title='bbox 407 306 478 364; x_wconf 76' lang='grc' dir='ltr'><strong><em>Π</em></strong></span> <span class='ocrx_word' id='word_1_2' title='bbox 1835 322 2272 384; x_wconf 62' lang='grc' dir='ltr'><em>τ-υεελυιιυε.</em></span> <span class='ocrx_word' id='word_1_3' title='bbox 3583 347 3650 404; x_wconf 74' lang='grc'><strong><em>18</em></strong></span> 
     </span>
    </p>
   </div>
   <div class='ocr_carea' id='block_1_2' title="bbox 481 423 1977 507">
    <p class='ocr_par' dir='ltr' id='par_1_2' title="bbox 481 423 1977 507">
     <span class='ocr_line' id='line_1_2' title="bbox 481 423 1977 507; baseline 0.008 -28"><span class='ocrx_word' id='word_1_4' title='bbox 481 423 679 479; x_wconf 64' lang='grc' dir='ltr'><em>Ἄλλο</em></span> <span class='ocrx_word' id='word_1_5' title='bbox 702 424 1004 496; x_wconf 74' lang='grc' dir='ltr'><em>δεικνύον,</em></span> <span class='ocrx_word' id='word_1_6' title='bbox 1030 429 1117 484; x_wconf 69' lang='grc' dir='ltr'><em>ὅτι</em></span> <span class='ocrx_word' id='word_1_7' title='bbox 1143 432 1208 485; x_wconf 86' lang='grc' dir='ltr'><em>τὸ</em></span> <span class='ocrx_word' id='word_1_8' title='bbox 1243 433 1313 487; x_wconf 83' lang='grc' dir='ltr'><em>ἐν</em></span> <span class='ocrx_word' id='word_1_9' title='bbox 1347 437 1428 501; x_wconf 89' lang='grc' dir='ltr'><em>τῷ</em></span> <span class='ocrx_word' id='word_1_10' title='bbox 1459 437 1579 502; x_wconf 80' lang='grc' dir='ltr'><strong><em>Θεῷ</em></strong></span> <span class='ocrx_word' id='word_1_11' title='bbox 1607 439 1878 507; x_wconf 81' lang='grc' dir='ltr'><em>γίνεσθαί</em></span> <span class='ocrx_word' id='word_1_12' title='bbox 1903 455 1977 502; x_wconf 89' lang='grc' dir='ltr'><strong><em>τι,</em></strong></span> 
     </span>
    </p>
   </div>
   <div class='ocr_carea' id='block_1_3' title="bbox 410 515 1984 593">
    <p class='ocr_par' dir='ltr' id='par_1_3' title="bbox 410 515 1984 593">
     <span class='ocr_line' id='line_1_3' title="bbox 410 515 1984 593; baseline 0.01 -25"><span class='ocrx_word' id='word_1_13' title='bbox 410 517 486 569; x_wconf 81' lang='grc' dir='ltr'><em>οὐ</em></span> <span class='ocrx_word' id='word_1_14' title='bbox 513 515 750 584; x_wconf 68' lang='grc' dir='ltr'><em>φύσεως</em></span> <span class='ocrx_word' id='word_1_15' title='bbox 775 519 1053 586; x_wconf 73' lang='grc' dir='ltr'><strong><em>σημαίνει</em></strong></span> <span class='ocrx_word' id='word_1_16' title='bbox 1094 524 1458 593; x_wconf 78' lang='grc' dir='ltr'><em>μεταϐολὴν,</em></span> <span class='ocrx_word' id='word_1_17' title='bbox 1486 525 1624 581; x_wconf 68' lang='grc' dir='ltr'><strong><em>ἀλλ’</em></strong></span> <span class='ocrx_word' id='word_1_18' title='bbox 1655 525 1744 581; x_wconf 79' lang='grc' dir='ltr'><em>ὅτι</em></span> <span class='ocrx_word' id='word_1_19' title='bbox 1773 527 1848 581; x_wconf 83' lang='grc' dir='ltr'><em>δι’</em></span> <span class='ocrx_word' id='word_1_20' title='bbox 1874 530 1984 584; x_wconf 78' lang='grc' dir='ltr'><strong><em>αὑ-</em></strong></span> 
     </span>
    </p>
   </div>
   <div class='ocr_carea' id='block_1_4' title="bbox 408 605 1029 677">
    <p class='ocr_par' dir='ltr' id='par_1_4' title="bbox 408 605 1029 677">
     <span class='ocr_line' id='line_1_4' title="bbox 408 605 1029 677; baseline 0.006 -17"><span class='ocrx_word' id='word_1_21' title='bbox 408 606 540 673; x_wconf 86' lang='grc' dir='ltr'><em>τοῦ,</em></span> <span class='ocrx_word' id='word_1_22' title='bbox 577 605 617 676; x_wconf 79' lang='grc' dir='ltr'><em>ἢ</em></span> <span class='ocrx_word' id='word_1_23' title='bbox 654 610 792 677; x_wconf 84' lang='grc' dir='ltr'><em>παρ’</em></span> <span class='ocrx_word' id='word_1_24' title='bbox 821 609 1029 664; x_wconf 78' lang='grc' dir='ltr'><em>αὑτοῦ.</em></span> 
     </span>
    </p>
   </div>
   <div class='ocr_carea' id='block_1_5' title="bbox 479 693 2005 778">
    <p class='ocr_par' dir='ltr' id='par_1_5' title="bbox 479 693 2005 778">
     <span class='ocr_line' id='line_1_5' title="bbox 479 693 2005 778; baseline 0.01 -28"><span class='ocrx_word' id='word_1_25' title='bbox 479 699 684 764; x_wconf 73' lang='grc' dir='ltr'><em>Ἄλλο,</em></span> <span class='ocrx_word' id='word_1_26' title='bbox 713 698 786 752; x_wconf 88' lang='grc' dir='ltr'><em>δι’</em></span> <span class='ocrx_word' id='word_1_27' title='bbox 811 696 885 754; x_wconf 82' lang='grc' dir='ltr'><em>οὗ</em></span> <span class='ocrx_word' id='word_1_28' title='bbox 911 693 1294 772; x_wconf 76' lang='grc' dir='ltr'><em>μανθάνομεν</em></span> <span class='ocrx_word' id='word_1_29' title='bbox 1315 704 1476 773; x_wconf 79' lang='grc' dir='ltr'><em>ὅπως</em></span> <span class='ocrx_word' id='word_1_30' title='bbox 1503 709 1794 778; x_wconf 83' lang='grc' dir='ltr'><em>προσήκει</em></span> <span class='ocrx_word' id='word_1_31' title='bbox 1817 710 2005 765; x_wconf 81' lang='grc' dir='ltr'><em>νοεῖν-</em></span> 
     </span>
    </p>
   </div>
   <div class='ocr_carea' id='block_1_6' title="bbox 405 787 1984 867">
    <p class='ocr_par' dir='ltr' id='par_1_6' title="bbox 405 787 1984 867">
     <span class='ocr_line' id='line_1_6' title="bbox 405 787 1984 867; baseline 0.009 -28"><span class='ocrx_word' id='word_1_32' title='bbox 405 787 474 841; x_wconf 86' lang='grc' dir='ltr'><em>τὸ</em></span> <span class='ocrx_word' id='word_1_33' title='bbox 496 789 706 855; x_wconf 79' lang='grc' dir='ltr'><em>ῥητὸν,</em></span> <span class='ocrx_word' id='word_1_34' title='bbox 733 789 1065 854; x_wconf 82' lang='grc' dir='ltr'><strong><em>τουτέστιν,</em></strong></span> <span class='ocrx_word' id='word_1_35' title='bbox 1102 793 1270 846; x_wconf 77' lang='grc' dir='ltr'><em>«Ἵνα</em></span> <span class='ocrx_word' id='word_1_36' title='bbox 1305 793 1508 865; x_wconf 82' lang='grc' dir='ltr'><em>ὥσπερ</em></span> <span class='ocrx_word' id='word_1_37' title='bbox 1537 799 1652 867; x_wconf 72' lang='grc' dir='ltr'><strong><em>ἐγὼ</em></strong></span> <span class='ocrx_word' id='word_1_38' title='bbox 1677 800 1775 856; x_wconf 72' lang='grc' dir='ltr'><em>καὶ</em></span> <span class='ocrx_word' id='word_1_39' title='bbox 1799 801 1881 855; x_wconf 81' lang='grc' dir='ltr'><em>σὺ</em></span> <span class='ocrx_word' id='word_1_40' title='bbox 1912 801 1984 855; x_wconf 78' lang='grc' dir='ltr'><em>ἕν</em></span> 
     </span>
    </p>
   </div>
   <div class='ocr_carea' id='block_1_7' title="bbox 407 875 1982 958">
    <p class='ocr_par' dir='ltr' id='par_1_7' title="bbox 407 875 1982 958">
     <span class='ocr_line' id='line_1_7' title="bbox 407 875 1982 958; baseline 0.011 -31"><span class='ocrx_word' id='word_1_41' title='bbox 407 875 612 944; x_wconf 84' lang='grc' dir='ltr'><em>ἐσμεν,</em></span> <span class='ocrx_word' id='word_1_42' title='bbox 645 878 797 930; x_wconf 82' lang='grc' dir='ltr'><em>οὕτω</em></span> <span class='ocrx_word' id='word_1_43' title='bbox 827 879 924 931; x_wconf 80' lang='grc' dir='ltr'><em>καὶ</em></span> <span class='ocrx_word' id='word_1_44' title='bbox 953 881 1121 933; x_wconf 80' lang='grc' dir='ltr'><em>αὐτοὶ</em></span> <span class='ocrx_word' id='word_1_45' title='bbox 1170 882 1239 934; x_wconf 78' lang='grc' dir='ltr'><em>ἐν</em></span> <span class='ocrx_word' id='word_1_46' title='bbox 1279 885 1425 953; x_wconf 79' lang='grc' dir='ltr'><em>ἡμῖν</em></span> <span class='ocrx_word' id='word_1_47' title='bbox 1450 886 1519 940; x_wconf 82' lang='grc' dir='ltr'><em>ἓν</em></span> <span class='ocrx_word' id='word_1_48' title='bbox 1542 883 1695 942; x_wconf 86' lang='grc' dir='ltr'><em>ὦσιν</em></span> <span class='ocrx_word' id='word_1_49' title='bbox 1719 905 1731 918; x_wconf 77' lang='grc'><strong><em>⁸</em></strong></span> <span class='ocrx_word' id='word_1_50' title='bbox 1774 889 1888 958; x_wconf 77' lang='grc' dir='ltr'><strong><em>ἐγὼ</em></strong></span> <span class='ocrx_word' id='word_1_51' title='bbox 1911 891 1982 944; x_wconf 82' lang='grc' dir='ltr'><em>ἐν</em></span> 
     </span>
    </p>
   </div>
   <div class='ocr_carea' id='block_1_8' title="bbox 407 965 1979 1046">
    <p class='ocr_par' dir='ltr' id='par_1_8' title="bbox 407 965 1979 1046">
     <span class='ocr_line' id='line_1_8' title="bbox 407 965 1979 1046; baseline 0.011 -32"><span class='ocrx_word' id='word_1_52' title='bbox 407 965 630 1031; x_wconf 81' lang='grc' dir='ltr'><em>αὐτοῖς,</em></span> <span class='ocrx_word' id='word_1_53' title='bbox 664 967 759 1026; x_wconf 80' lang='grc' dir='ltr'><em>καὶ</em></span> <span class='ocrx_word' id='word_1_54' title='bbox 789 967 872 1021; x_wconf 81' lang='grc' dir='ltr'><em>σὺ</em></span> <span class='ocrx_word' id='word_1_55' title='bbox 891 968 961 1020; x_wconf 80' lang='grc' dir='ltr'><em>ἐν</em></span> <span class='ocrx_word' id='word_1_56' title='bbox 987 970 1145 1038; x_wconf 81' lang='grc' dir='ltr'><em>ἐμοί·</em></span> <span class='ocrx_word' id='word_1_57' title='bbox 1175 973 1276 1025; x_wconf 83' lang='grc' dir='ltr'><em>ἵνα</em></span> <span class='ocrx_word' id='word_1_58' title='bbox 1304 970 1416 1028; x_wconf 83' lang='grc' dir='ltr'><em>ὦσι</em></span> <span class='ocrx_word' id='word_1_59' title='bbox 1437 978 1872 1046; x_wconf 78' lang='grc' dir='ltr'><strong><em>τετελειωμένοι</em></strong></span> <span class='ocrx_word' id='word_1_60' title='bbox 1893 982 1979 1044; x_wconf 87' lang='grc' dir='ltr'><em>εις</em></span> 
     </span>
    </p>
   </div>
   <div class='ocr_carea' id='block_1_9' title="bbox 405 1069 527 1106">
    <p class='ocr_par' dir='ltr' id='par_1_9' title="bbox 405 1069 527 1106">
     <span class='ocr_line' id='line_1_9' title="bbox 405 1069 527 1106; baseline 0 -1"><span class='ocrx_word' id='word_1_61' title='bbox 405 1069 527 1106; x_wconf 74' lang='grc' dir='ltr'><em>εν.»</em></span> 
     </span>
    </p>
   </div>
   <div class='ocr_carea' id='block_1_10' title="bbox 482 1145 1978 1225">
    <p class='ocr_par' dir='ltr' id='par_1_10' title="bbox 482 1145 1978 1225">
     <span class='ocr_line' id='line_1_10' title="bbox 482 1145 1978 1225; baseline 0.012 -28"><span class='ocrx_word' id='word_1_62' title='bbox 482 1145 659 1198; x_wconf 68' lang='grc' dir='ltr'><em>Ἄλλο</em></span> <span class='ocrx_word' id='word_1_63' title='bbox 688 1147 967 1201; x_wconf 78' lang='grc' dir='ltr'><strong><em>δεικνύων</em></strong></span> <span class='ocrx_word' id='word_1_64' title='bbox 990 1151 1264 1218; x_wconf 77' lang='grc' dir='ltr'><em>ἀκριϐῶς,</em></span> <span class='ocrx_word' id='word_1_65' title='bbox 1293 1153 1492 1223; x_wconf 83' lang='grc' dir='ltr'><strong><em>ὅτιπερ</em></strong></span> <span class='ocrx_word' id='word_1_66' title='bbox 1515 1159 1586 1214; x_wconf 79' lang='grc' dir='ltr'><em>οὐ</em></span> <span class='ocrx_word' id='word_1_67' title='bbox 1617 1157 1731 1225; x_wconf 79' lang='grc' dir='ltr'><em>τὴν</em></span> <span class='ocrx_word' id='word_1_68' title='bbox 1748 1160 1978 1216; x_wconf 83' lang='grc' dir='ltr'><em>ἑαυτῶν</em></span> 
     </span>
    </p>
   </div>
   <div class='ocr_carea' id='block_1_11' title="bbox 401 1234 1972 1319">
    <p class='ocr_par' dir='ltr' id='par_1_11' title="bbox 401 1234 1972 1319">
     <span class='ocr_line' id='line_1_11' title="bbox 401 1234 1972 1319; baseline 0.012 -33"><span class='ocrx_word' id='word_1_69' title='bbox 401 1234 654 1302; x_wconf 66' lang='grc' dir='ltr'><em>ἀφέντες</em></span> <span class='ocrx_word' id='word_1_70' title='bbox 685 1238 878 1305; x_wconf 67' lang='grc' dir='ltr'><em>φύσιν</em></span> <span class='ocrx_word' id='word_1_71' title='bbox 925 1239 1074 1308; x_wconf 79' lang='grc' dir='ltr'><em>πρὸς</em></span> <span class='ocrx_word' id='word_1_72' title='bbox 1113 1241 1229 1309; x_wconf 81' lang='grc' dir='ltr'><em>τὴν</em></span> <span class='ocrx_word' id='word_1_73' title='bbox 1275 1244 1442 1298; x_wconf 87' lang='grc' dir='ltr'><em>θείαν</em></span> <span class='ocrx_word' id='word_1_74' title='bbox 1475 1252 1972 1319; x_wconf 77' lang='grc' dir='ltr'><strong><em>μεταποιούμεθα,</em></strong></span> 
     </span>
    </p>
   </div>
   <div class='ocr_carea' id='block_1_12' title="bbox 401 1327 1974 1407">
    <p class='ocr_par' dir='ltr' id='par_1_12' title="bbox 401 1327 1974 1407">
     <span class='ocr_line' id='line_1_12' title="bbox 401 1327 1974 1407; baseline 0.013 -29"><span class='ocrx_word' id='word_1_75' title='bbox 401 1327 546 1380; x_wconf 83' lang='grc' dir='ltr'><em>ὅταν</em></span> <span class='ocrx_word' id='word_1_76' title='bbox 589 1327 660 1380; x_wconf 81' lang='grc' dir='ltr'><em>ἓν</em></span> <span class='ocrx_word' id='word_1_77' title='bbox 694 1330 966 1398; x_wconf 81' lang='grc' dir='ltr'><em>γίνεσθαι</em></span> <span class='ocrx_word' id='word_1_78' title='bbox 1002 1333 1152 1400; x_wconf 86' lang='grc' dir='ltr'><em>πρὸς</em></span> <span class='ocrx_word' id='word_1_79' title='bbox 1188 1334 1335 1388; x_wconf 84' lang='grc' dir='ltr'><em>Θεὸν</em></span> <span class='ocrx_word' id='word_1_80' title='bbox 1362 1337 1687 1407; x_wconf 69' lang='grc' dir='ltr'><em>λεγώμεθα,</em></span> <span class='ocrx_word' id='word_1_81' title='bbox 1723 1341 1861 1396; x_wconf 69' lang='grc' dir='ltr'><strong><em>ἀλλ’</em></strong></span> <span class='ocrx_word' id='word_1_82' title='bbox 1886 1343 1974 1398; x_wconf 84' lang='grc' dir='ltr'><em>ὅτι</em></span> 
     </span>
    </p>
   </div>
   <div class='ocr_carea' id='block_1_13' title="bbox 397 1416 1810 1497">
    <p class='ocr_par' dir='ltr' id='par_1_13' title="bbox 397 1416 1810 1497">
     <span class='ocr_line' id='line_1_13' title="bbox 397 1416 1810 1497; baseline 0.011 -30"><span class='ocrx_word' id='word_1_83' title='bbox 397 1416 640 1488; x_wconf 76' lang='grc' dir='ltr'><em>μέτοχοι</em></span> <span class='ocrx_word' id='word_1_84' title='bbox 677 1419 982 1486; x_wconf 77' lang='grc' dir='ltr'><em>γεγονότες</em></span> <span class='ocrx_word' id='word_1_85' title='bbox 1017 1422 1205 1475; x_wconf 86' lang='grc' dir='ltr'><em>αὐτοῦ</em></span> <span class='ocrx_word' id='word_1_86' title='bbox 1239 1424 1417 1476; x_wconf 85' lang='grc' dir='ltr'><em>τοῦτο</em></span> <span class='ocrx_word' id='word_1_87' title='bbox 1453 1427 1810 1497; x_wconf 69' lang='grc' dir='ltr'><em>καλούμεθα.</em></span> 
     </span>
    </p>
   </div>
   <div class='ocr_carea' id='block_1_14' title="bbox 1021 1513 1304 1568">
    <p class='ocr_par' dir='ltr' id='par_1_14' title="bbox 1021 1513 1304 1568">
     <span class='ocr_line' id='line_1_14' title="bbox 1021 1513 1304 1568; baseline 0.007 -2"><span class='ocrx_word' id='word_1_88' title='bbox 1021 1514 1171 1567; x_wconf 85' lang='grc' dir='ltr'><strong><em>ΛΟΓ.</em></strong></span> <span class='ocrx_word' id='word_1_89' title='bbox 1205 1513 1304 1568; x_wconf 80' lang='lat' dir='ltr'><strong><em>ll&quot;.</em></strong></span> 
     </span>
    </p>
   </div>
   <div class='ocr_carea' id='block_1_15' title="bbox 463 1598 1966 1681">
    <p class='ocr_par' dir='ltr' id='par_1_15' title="bbox 463 1598 1966 1681">
     <span class='ocr_line' id='line_1_15' title="bbox 463 1598 1966 1681; baseline 0.012 -31"><span class='ocrx_word' id='word_1_90' title='bbox 463 1598 601 1665; x_wconf 77' lang='grc' dir='ltr'><em>Περὶ</em></span> <span class='ocrx_word' id='word_1_91' title='bbox 654 1601 999 1669; x_wconf 83' lang='grc' dir='ltr'><em>ὁμοιότητος</em></span> <span class='ocrx_word' id='word_1_92' title='bbox 1049 1603 1156 1671; x_wconf 84' lang='grc' dir='ltr'><strong><em>τῆς</em></strong></span> <span class='ocrx_word' id='word_1_93' title='bbox 1191 1606 1327 1660; x_wconf 79' lang='grc' dir='ltr'><em>Υίοῦ</em></span> <span class='ocrx_word' id='word_1_94' title='bbox 1371 1610 1520 1676; x_wconf 79' lang='grc' dir='ltr'><em>πρὸς</em></span> <span class='ocrx_word' id='word_1_95' title='bbox 1565 1610 1674 1664; x_wconf 83' lang='grc' dir='ltr'><em>τὸν</em></span> <span class='ocrx_word' id='word_1_96' title='bbox 1716 1612 1966 1681; x_wconf 81' lang='grc' dir='ltr'><em>Πατέρα,</em></span> 
     </span>
    </p>
   </div>
   <div class='ocr_carea' id='block_1_16' title="bbox 395 1689 1968 1770">
    <p class='ocr_par' dir='ltr' id='par_1_16' title="bbox 395 1689 1968 1770">
     <span class='ocr_line' id='line_1_16' title="bbox 395 1689 1968 1770; baseline 0.011 -30"><span class='ocrx_word' id='word_1_97' title='bbox 395 1689 488 1741; x_wconf 74' lang='grc' dir='ltr'><em>καὶ</em></span> <span class='ocrx_word' id='word_1_98' title='bbox 523 1689 612 1740; x_wconf 85' lang='grc' dir='ltr'><em>ὅτι</em></span> <span class='ocrx_word' id='word_1_99' title='bbox 647 1690 761 1742; x_wconf 86' lang='grc' dir='ltr'><em>οὐκ</em></span> <span class='ocrx_word' id='word_1_100' title='bbox 786 1691 920 1744; x_wconf 78' lang='grc' dir='ltr'><em>ἔστι</em></span> <span class='ocrx_word' id='word_1_101' title='bbox 949 1695 1202 1762; x_wconf 82' lang='grc' dir='ltr'><em>τρεπτῆς</em></span> <span class='ocrx_word' id='word_1_102' title='bbox 1233 1699 1474 1765; x_wconf 69' lang='grc' dir='ltr'><em>φύσεως</em></span> <span class='ocrx_word' id='word_1_103' title='bbox 1504 1703 1537 1754; x_wconf 84' lang='grc' dir='ltr'><strong><em>ό</em></strong></span> <span class='ocrx_word' id='word_1_104' title='bbox 1569 1701 1721 1767; x_wconf 78' lang='grc' dir='ltr'><em>Υἱὸς,</em></span> <span class='ocrx_word' id='word_1_105' title='bbox 1754 1703 1792 1770; x_wconf 82' lang='grc' dir='ltr'>ἢ</span> <span class='ocrx_word' id='word_1_106' title='bbox 1824 1703 1968 1768; x_wconf 77' lang='grc' dir='ltr'><strong><em>ἔξω·</em></strong></span> 
     </span>
    </p>
   </div>
   <div class='ocr_carea' id='block_1_17' title="bbox 395 1777 1967 1860">
    <p class='ocr_par' dir='ltr' id='par_1_17' title="bbox 395 1777 1967 1860">
     <span class='ocr_line' id='line_1_17' title="bbox 395 1777 1967 1860; baseline 0.013 -31"><span class='ocrx_word' id='word_1_107' title='bbox 395 1780 497 1829; x_wconf 84' lang='grc' dir='ltr'><strong><em>θεν</em></strong></span> <span class='ocrx_word' id='word_1_108' title='bbox 521 1777 800 1844; x_wconf 79' lang='grc' dir='ltr'><em>ὑποστάς</em></span> <span class='ocrx_word' id='word_1_109' title='bbox 819 1794 834 1810; x_wconf 82' lang='lat'><strong>&#39;</strong></span> <span class='ocrx_word' id='word_1_110' title='bbox 868 1781 1009 1834; x_wconf 72' lang='grc' dir='ltr'><strong><em>ἀλλ’</em></strong></span> <span class='ocrx_word' id='word_1_111' title='bbox 1033 1781 1100 1836; x_wconf 80' lang='grc' dir='ltr'><em>ἐκ</em></span> <span class='ocrx_word' id='word_1_112' title='bbox 1142 1784 1253 1853; x_wconf 82' lang='grc' dir='ltr'><em>τῆς</em></span> <span class='ocrx_word' id='word_1_113' title='bbox 1293 1788 1508 1854; x_wconf 83' lang='grc' dir='ltr'><em>οὐσίας</em></span> <span class='ocrx_word' id='word_1_114' title='bbox 1539 1791 1726 1846; x_wconf 80' lang='grc' dir='ltr'><em>αὐτοῦ</em></span> <span class='ocrx_word' id='word_1_115' title='bbox 1754 1798 1967 1860; x_wconf 76' lang='grc' dir='ltr'><em>προελ-</em></span> 
     </span>
    </p>
   </div>
   <div class='ocr_carea' id='block_1_18' title="bbox 395 1868 825 1937">
    <p class='ocr_par' dir='ltr' id='par_1_18' title="bbox 395 1868 825 1937">
     <span class='ocr_line' id='line_1_18' title="bbox 395 1868 825 1937; baseline 0.012 -16"><span class='ocrx_word' id='word_1_116' title='bbox 395 1868 513 1922; x_wconf 85' lang='grc' dir='ltr'><em>θὼν</em></span> <span class='ocrx_word' id='word_1_117' title='bbox 549 1871 628 1937; x_wconf 87' lang='grc' dir='ltr'><em>ὡς</em></span> <span class='ocrx_word' id='word_1_118' title='bbox 675 1873 825 1937; x_wconf 76' lang='grc' dir='ltr'><em>Υἱός.</em></span> 
     </span>
    </p>
   </div>
   <div class='ocr_carea' id='block_1_19' title="bbox 469 1959 1966 2042">
    <p class='ocr_par' dir='ltr' id='par_1_19' title="bbox 469 1959 1966 2042">
     <span class='ocr_line' id='line_1_19' title="bbox 469 1959 1966 2042; baseline 0.013 -33"><span class='ocrx_word' id='word_1_119' title='bbox 469 1959 647 2012; x_wconf 67' lang='grc' dir='ltr'><em>Ἄλλο</em></span> <span class='ocrx_word' id='word_1_120' title='bbox 696 1959 784 2012; x_wconf 84' lang='grc' dir='ltr'><em>ὅτι</em></span> <span class='ocrx_word' id='word_1_121' title='bbox 805 1962 916 2014; x_wconf 81' lang='grc' dir='ltr'><em>οὐκ</em></span> <span class='ocrx_word' id='word_1_122' title='bbox 935 1962 1008 2026; x_wconf 80' lang='grc' dir='ltr'><strong><em>ἐξ</em></strong></span> <span class='ocrx_word' id='word_1_123' title='bbox 1021 1963 1402 2030; x_wconf 69' lang='grc' dir='ltr'><em>ἀλλοιώσεως</em></span> <span class='ocrx_word' id='word_1_124' title='bbox 1437 1967 1545 2037; x_wconf 80' lang='grc' dir='ltr'><em>τῆς</em></span> <span class='ocrx_word' id='word_1_125' title='bbox 1579 1970 1696 2025; x_wconf 81' lang='grc' dir='ltr'><em>ἀπό</em></span> <span class='ocrx_word' id='word_1_126' title='bbox 1719 1973 1827 2027; x_wconf 84' lang='grc' dir='ltr'><em>τοῦ</em></span> <span class='ocrx_word' id='word_1_127' title='bbox 1843 1977 1966 2042; x_wconf 80' lang='grc' dir='ltr'><em>κεί-</em></span> 
     </span>
    </p>
   </div>
   <div class='ocr_carea' id='block_1_20' title="bbox 393 2048 1963 2126">
    <p class='ocr_par' dir='ltr' id='par_1_20' title="bbox 393 2048 1963 2126">
     <span class='ocr_line' id='line_1_20' title="bbox 393 2048 1963 2126; baseline 0.014 -29"><span class='ocrx_word' id='word_1_128' title='bbox 393 2063 575 2114; x_wconf 82' lang='grc' dir='ltr'><em>ρονος</em></span> <span class='ocrx_word' id='word_1_129' title='bbox 599 2048 698 2100; x_wconf 75' lang='grc' dir='ltr'><strong><em>ἐπὶ</em></strong></span> <span class='ocrx_word' id='word_1_130' title='bbox 726 2050 787 2103; x_wconf 89' lang='grc' dir='ltr'><em>τὸ</em></span> <span class='ocrx_word' id='word_1_131' title='bbox 814 2051 1059 2119; x_wconf 74' lang='grc' dir='ltr'><em>ἄμεινον</em></span> <span class='ocrx_word' id='word_1_132' title='bbox 1085 2053 1286 2124; x_wconf 86' lang='grc' dir='ltr'><em>ὅμοιός</em></span> <span class='ocrx_word' id='word_1_133' title='bbox 1309 2058 1480 2112; x_wconf 80' lang='grc' dir='ltr'><em>ἐστιν</em></span> <span class='ocrx_word' id='word_1_134' title='bbox 1513 2063 1546 2113; x_wconf 86' lang='grc' dir='ltr'><strong><em>ό</em></strong></span> <span class='ocrx_word' id='word_1_135' title='bbox 1584 2062 1715 2126; x_wconf 84' lang='grc' dir='ltr'><em>Υίὸς</em></span> <span class='ocrx_word' id='word_1_136' title='bbox 1735 2061 1813 2126; x_wconf 83' lang='grc' dir='ltr'><em>τῷ</em></span> <span class='ocrx_word' id='word_1_137' title='bbox 1843 2067 1963 2118; x_wconf 87' lang='grc' dir='ltr'><em>Πα-</em></span> 
     </span>
    </p>
   </div>
   <div class='ocr_carea' id='block_1_21' title="bbox 394 2138 1024 2209">
    <p class='ocr_par' dir='ltr' id='par_1_21' title="bbox 394 2138 1024 2209">
     <span class='ocr_line' id='line_1_21' title="bbox 394 2138 1024 2209; baseline 0.013 -19"><span class='ocrx_word' id='word_1_138' title='bbox 394 2138 506 2205; x_wconf 75' lang='grc' dir='ltr'><em>τρί,</em></span> <span class='ocrx_word' id='word_1_139' title='bbox 547 2139 704 2194; x_wconf 68' lang='grc' dir='ltr'><em>ἀλλὰ</em></span> <span class='ocrx_word' id='word_1_140' title='bbox 736 2143 1024 2209; x_wconf 65' lang='grc' dir='ltr'><em>φυσικῶς.</em></span> 
     </span>
    </p>
   </div>
   <div class='ocr_carea' id='block_1_22' title="bbox 463 2230 1962 2316">
    <p class='ocr_par' dir='ltr' id='par_1_22' title="bbox 463 2230 1962 2316">
     <span class='ocr_line' id='line_1_22' title="bbox 463 2230 1962 2316; baseline 0.015 -35"><span class='ocrx_word' id='word_1_141' title='bbox 463 2230 662 2293; x_wconf 71' lang='grc' dir='ltr'><em>Ἄλλο,</em></span> <span class='ocrx_word' id='word_1_142' title='bbox 694 2234 998 2300; x_wconf 81' lang='grc' dir='ltr'><em>σημαῖνον</em></span> <span class='ocrx_word' id='word_1_143' title='bbox 1021 2235 1111 2291; x_wconf 77' lang='grc' dir='ltr'><em>ὅτι</em></span> <span class='ocrx_word' id='word_1_144' title='bbox 1139 2238 1206 2292; x_wconf 80' lang='grc' dir='ltr'><em>ἐκ</em></span> <span class='ocrx_word' id='word_1_145' title='bbox 1237 2238 1583 2311; x_wconf 65' lang='grc' dir='ltr'><em>τῆςτούσίας</em></span> <span class='ocrx_word' id='word_1_146' title='bbox 1603 2244 1708 2299; x_wconf 87' lang='grc' dir='ltr'><em>τσῦ</em></span> <span class='ocrx_word' id='word_1_147' title='bbox 1731 2248 1962 2316; x_wconf 82' lang='grc' dir='ltr'><em>Πατρός</em></span> 
     </span>
    </p>
   </div>
   <div class='ocr_carea' id='block_1_23' title="bbox 381 2318 1959 2408">
    <p class='ocr_par' dir='ltr' id='par_1_23' title="bbox 381 2318 1959 2408">
     <span class='ocr_line' id='line_1_23' title="bbox 381 2318 1959 2408; baseline 0.015 -37"><span class='ocrx_word' id='word_1_148' title='bbox 381 2318 550 2373; x_wconf 83' lang='grc' dir='ltr'><em>ἐστιν</em></span> <span class='ocrx_word' id='word_1_149' title='bbox 588 2324 623 2374; x_wconf 83' lang='grc' dir='ltr'><strong><em>ό</em></strong></span> <span class='ocrx_word' id='word_1_150' title='bbox 677 2324 828 2389; x_wconf 85' lang='grc' dir='ltr'><em>Υίὸς,</em></span> <span class='ocrx_word' id='word_1_151' title='bbox 863 2327 964 2380; x_wconf 77' lang='grc' dir='ltr'><em>καὶ</em></span> <span class='ocrx_word' id='word_1_152' title='bbox 1005 2330 1116 2382; x_wconf 86' lang='grc' dir='ltr'><em>οὐκ</em></span> <span class='ocrx_word' id='word_1_153' title='bbox 1162 2329 1402 2398; x_wconf 81' lang='grc' dir='ltr'><em>ἔξωθεν,</em></span> <span class='ocrx_word' id='word_1_154' title='bbox 1432 2334 1698 2404; x_wconf 80' lang='grc' dir='ltr'><em>καθάπερ</em></span> <span class='ocrx_word' id='word_1_155' title='bbox 1737 2343 1791 2392; x_wconf 81' lang='grc' dir='ltr'><strong><em>οὶ</em></strong></span> <span class='ocrx_word' id='word_1_156' title='bbox 1827 2341 1959 2408; x_wconf 84' lang='grc' dir='ltr'><em>Χρι-</em></span> 
     </span>
    </p>
   </div>
   <div class='ocr_carea' id='block_1_24' title="bbox 378 2408 1963 2496">
    <p class='ocr_par' dir='ltr' id='par_1_24' title="bbox 378 2408 1963 2496">
     <span class='ocr_line' id='line_1_24' title="bbox 378 2408 1963 2496; baseline 0.016 -38"><span class='ocrx_word' id='word_1_157' title='bbox 378 2408 667 2476; x_wconf 82' lang='grc' dir='ltr'><em>στομάχοι</em></span> <span class='ocrx_word' id='word_1_158' title='bbox 707 2412 933 2490; x_wconf 57' lang='grc' dir='ltr'><em>φασίνο</em></span> <span class='ocrx_word' id='word_1_159' title='bbox 981 2415 1188 2486; x_wconf 82' lang='grc' dir='ltr'><em>ἐπειδὴ</em></span> <span class='ocrx_word' id='word_1_160' title='bbox 1230 2418 1298 2474; x_wconf 79' lang='grc' dir='ltr'><em>δὲ</em></span> <span class='ocrx_word' id='word_1_161' title='bbox 1335 2423 1447 2476; x_wconf 87' lang='grc' dir='ltr'><em>οὐκ</em></span> <span class='ocrx_word' id='word_1_162' title='bbox 1485 2423 1723 2496; x_wconf 75' lang='grc' dir='ltr'><em>ἕξῳθεν,</em></span> <span class='ocrx_word' id='word_1_163' title='bbox 1761 2426 1963 2496; x_wconf 83' lang='grc' dir='ltr'><em>ὅμοιος</em></span> 
     </span>
    </p>
   </div>
   <div class='ocr_carea' id='block_1_25' title="bbox 378 2496 512 2564">
    <p class='ocr_par' dir='ltr' id='par_1_25' title="bbox 378 2496 512 2564">
     <span class='ocr_line' id='line_1_25' title="bbox 378 2496 512 2564; baseline 0.015 -15"><span class='ocrx_word' id='word_1_164' title='bbox 378 2496 512 2564; x_wconf 81' lang='grc' dir='ltr'><em>ἆρα.</em></span> 
     </span>
    </p>
   </div>
   <div class='ocr_carea' id='block_1_26' title="bbox 459 2591 1978 2677">
    <p class='ocr_par' dir='ltr' id='par_1_26' title="bbox 459 2591 1978 2677">
     <span class='ocr_line' id='line_1_26' title="bbox 459 2591 1978 2677; baseline 0.014 -34"><span class='ocrx_word' id='word_1_165' title='bbox 459 2591 783 2667; x_wconf 72' lang='grc' dir='ltr'><em>Ἀπόδειξις</em></span> <span class='ocrx_word' id='word_1_166' title='bbox 830 2596 950 2650; x_wconf 81' lang='grc' dir='ltr'><em>ἀπὸ</em></span> <span class='ocrx_word' id='word_1_167' title='bbox 1000 2598 1112 2667; x_wconf 79' lang='grc' dir='ltr'><em>τῆς</em></span> <span class='ocrx_word' id='word_1_168' title='bbox 1150 2601 1314 2668; x_wconf 83' lang='grc' dir='ltr'><em>θείας</em></span> <span class='ocrx_word' id='word_1_169' title='bbox 1342 2605 1616 2674; x_wconf 67' lang='grc' dir='ltr'><em>Γραφῆς,</em></span> <span class='ocrx_word' id='word_1_170' title='bbox 1649 2607 1850 2677; x_wconf 76' lang='grc' dir='ltr'><em>ὅτιπερ</em></span> <span class='ocrx_word' id='word_1_171' title='bbox 1889 2609 1978 2664; x_wconf 78' lang='grc' dir='ltr'><em>ἐκ</em></span> 
     </span>
    </p>
   </div>
   <div class='ocr_carea' id='block_1_27' title="bbox 376 2681 1956 2766">
    <p class='ocr_par' dir='ltr' id='par_1_27' title="bbox 376 2681 1956 2766">
     <span class='ocr_line' id='line_1_27' title="bbox 376 2681 1956 2766; baseline 0.011 -34"><span class='ocrx_word' id='word_1_172' title='bbox 376 2681 636 2749; x_wconf 76' lang='grc' dir='ltr'><em>μετοχῆς</em></span> <span class='ocrx_word' id='word_1_173' title='bbox 656 2683 766 2751; x_wconf 86' lang='grc' dir='ltr'><em>τῆς</em></span> <span class='ocrx_word' id='word_1_174' title='bbox 793 2685 945 2752; x_wconf 82' lang='grc' dir='ltr'><em>πρὸς</em></span> <span class='ocrx_word' id='word_1_175' title='bbox 978 2687 1041 2740; x_wconf 85' lang='grc' dir='ltr'><em>τὸ</em></span> <span class='ocrx_word' id='word_1_176' title='bbox 1077 2689 1247 2744; x_wconf 86' lang='grc' dir='ltr'><em>Θεῖον</em></span> <span class='ocrx_word' id='word_1_177' title='bbox 1272 2693 1401 2745; x_wconf 83' lang='grc' dir='ltr'><em>κατ’</em></span> <span class='ocrx_word' id='word_1_178' title='bbox 1425 2695 1632 2748; x_wconf 72' lang='grc' dir='ltr'><em>εἰκόνα</em></span> <span class='ocrx_word' id='word_1_179' title='bbox 1668 2695 1781 2764; x_wconf 84' lang='grc' dir='ltr'><em>τὴν</em></span> <span class='ocrx_word' id='word_1_180' title='bbox 1807 2697 1956 2766; x_wconf 85' lang='grc' dir='ltr'><em>πρὸς</em></span> 
     </span>
    </p>
   </div>
   <div class='ocr_carea' id='block_1_28' title="bbox 375 2772 1956 2857">
    <p class='ocr_par' dir='ltr' id='par_1_28' title="bbox 375 2772 1956 2857">
     <span class='ocr_line' id='line_1_28' title="bbox 375 2772 1956 2857; baseline 0.014 -34"><span class='ocrx_word' id='word_1_181' title='bbox 375 2772 522 2825; x_wconf 79' lang='grc' dir='ltr'><em>αὐτὸ</em></span> <span class='ocrx_word' id='word_1_182' title='bbox 559 2780 962 2846; x_wconf 69' lang='grc' dir='ltr'><em>μορφοιέψεθα.</em></span> <span class='ocrx_word' id='word_1_183' title='bbox 993 2781 1076 2834; x_wconf 83' lang='grc' dir='ltr'><strong><em>οὐ</em></strong></span> <span class='ocrx_word' id='word_1_184' title='bbox 1121 2783 1234 2851; x_wconf 72' lang='grc' dir='ltr'><strong><em>γὰρ</em></strong></span> <span class='ocrx_word' id='word_1_185' title='bbox 1275 2783 1568 2854; x_wconf 78' lang='grc' dir='ltr'><em>ἐξήρκεσε</em></span> <span class='ocrx_word' id='word_1_186' title='bbox 1611 2788 1686 2857; x_wconf 77' lang='grc' dir='ltr'><em>τῇ</em></span> <span class='ocrx_word' id='word_1_187' title='bbox 1721 2790 1826 2843; x_wconf 87' lang='grc' dir='ltr'><em>τοῦ</em></span> <span class='ocrx_word' id='word_1_188' title='bbox 1853 2792 1956 2846; x_wconf 81' lang='grc' dir='ltr'><strong><em>ἀν-</em></strong></span> 
     </span>
    </p>
   </div>
   <div class='ocr_carea' id='block_1_29' title="bbox 373 2863 1958 2944">
    <p class='ocr_par' dir='ltr' id='par_1_29' title="bbox 373 2863 1958 2944">
     <span class='ocr_line' id='line_1_29' title="bbox 373 2863 1958 2944; baseline 0.013 -28"><span class='ocrx_word' id='word_1_189' title='bbox 373 2863 608 2931; x_wconf 79' lang='grc' dir='ltr'><em>θρώπου</em></span> <span class='ocrx_word' id='word_1_190' title='bbox 652 2870 1004 2937; x_wconf 77' lang='grc' dir='ltr'><em>κατασκευῇ</em></span> <span class='ocrx_word' id='word_1_191' title='bbox 1035 2871 1188 2941; x_wconf 74' lang='grc' dir='ltr'><em>πρὸς</em></span> <span class='ocrx_word' id='word_1_192' title='bbox 1226 2874 1294 2927; x_wconf 88' lang='grc' dir='ltr'><em>τὸ</em></span> <span class='ocrx_word' id='word_1_193' title='bbox 1330 2877 1650 2944; x_wconf 76' lang='grc' dir='ltr'><em>φαίνεσθαι</em></span> <span class='ocrx_word' id='word_1_194' title='bbox 1672 2880 1774 2934; x_wconf 81' lang='grc' dir='ltr'><em>καί</em></span> <span class='ocrx_word' id='word_1_195' title='bbox 1801 2878 1958 2936; x_wconf 75' lang='grc' dir='ltr'><em>εἶναι</em></span> 
     </span>
    </p>
   </div>
   <div class='ocr_carea' id='block_1_30' title="bbox 371 2953 1954 3038">
    <p class='ocr_par' dir='ltr' id='par_1_30' title="bbox 371 2953 1954 3038">
     <span class='ocr_line' id='line_1_30' title="bbox 371 2953 1954 3038; baseline 0.013 -33"><span class='ocrx_word' id='word_1_196' title='bbox 371 2953 573 3007; x_wconf 72' lang='grc' dir='ltr'><em>εέκόνα</em></span> <span class='ocrx_word' id='word_1_197' title='bbox 609 2955 716 3009; x_wconf 86' lang='grc' dir='ltr'><em>τοῦ</em></span> <span class='ocrx_word' id='word_1_198' title='bbox 761 2962 1184 3027; x_wconf 73' lang='grc' dir='ltr'><em>πεποιηκότος,</em></span> <span class='ocrx_word' id='word_1_199' title='bbox 1222 2963 1289 3015; x_wconf 90' lang='grc' dir='ltr'><em>τὸ</em></span> <span class='ocrx_word' id='word_1_200' title='bbox 1337 2965 1407 3018; x_wconf 77' lang='grc' dir='ltr'><em>ἐν</em></span> <span class='ocrx_word' id='word_1_201' title='bbox 1437 2967 1668 3034; x_wconf 72' lang='grc' dir='ltr'><em>μόναιςῖ</em></span> <span class='ocrx_word' id='word_1_202' title='bbox 1694 2970 1954 3038; x_wconf 82' lang='grc' dir='ltr'><em>ἐννοίαις</em></span> 
     </span>
    </p>
   </div>
   <div class='ocr_carea' id='block_1_31' title="bbox 373 3043 1972 3120">
    <p class='ocr_par' dir='ltr' id='par_1_31' title="bbox 373 3043 1972 3120">
     <span class='ocr_line' id='line_1_31' title="bbox 373 3043 1972 3120; baseline 0.012 -20"><span class='ocrx_word' id='word_1_203' title='bbox 373 3043 479 3100; x_wconf 70' lang='grc' dir='ltr'><strong><em>τὸν</em></strong></span> <span class='ocrx_word' id='word_1_204' title='bbox 515 3045 646 3114; x_wconf 73' lang='grc' dir='ltr'><em>περὶ</em></span> <span class='ocrx_word' id='word_1_205' title='bbox 682 3049 868 3104; x_wconf 82' lang='grc' dir='ltr'><em>αὑτοῦ</em></span> <span class='ocrx_word' id='word_1_206' title='bbox 903 3050 1135 3106; x_wconf 84' lang='grc' dir='ltr'><em>κεῖσθαι</em></span> <span class='ocrx_word' id='word_1_207' title='bbox 1171 3055 1358 3120; x_wconf 72' lang='grc' dir='ltr'><em>,λόγον</em></span> <span class='ocrx_word' id='word_1_208' title='bbox 1393 3058 1685 3115; x_wconf 82' lang='grc' dir='ltr'><em>τοιοῦτον.</em></span> <span class='ocrx_word' id='word_1_209' title='bbox 1967 3045 1972 3050; x_wconf 42' lang='grc'>’</span> 
     </span>
    </p>
   </div>
   <div class='ocr_carea' id='block_1_32' title="bbox 1017 3141 1307 3196">
    <p class='ocr_par' dir='ltr' id='par_1_32' title="bbox 1017 3141 1307 3196">
     <span class='ocr_line' id='line_1_32' title="bbox 1017 3141 1307 3196; baseline 0.01 -3"><span class='ocrx_word' id='word_1_210' title='bbox 1017 3141 1172 3194; x_wconf 87' lang='grc' dir='ltr'><strong><em>ΔΟΓ.</em></strong></span> <span class='ocrx_word' id='word_1_211' title='bbox 1211 3143 1307 3196; x_wconf 73' lang='lat' dir='ltr'><strong><em>IA&#39;.</em></strong></span> 
     </span>
    </p>
   </div>
   <div class='ocr_carea' id='block_1_33' title="bbox 445 3224 1944 3308">
    <p class='ocr_par' dir='ltr' id='par_1_33' title="bbox 445 3224 1944 3308">
     <span class='ocr_line' id='line_1_33' title="bbox 445 3224 1944 3308; baseline 0.013 -33"><span class='ocrx_word' id='word_1_212' title='bbox 445 3224 570 3277; x_wconf 86' lang='grc' dir='ltr'><em>Ἐ’τι</em></span> <span class='ocrx_word' id='word_1_213' title='bbox 594 3265 611 3289; x_wconf 91' lang='grc'><strong><em>,</em></strong></span> <span class='ocrx_word' id='word_1_214' title='bbox 657 3227 806 3294; x_wconf 67' lang='grc' dir='ltr'><em>περὶ·</em></span> <span class='ocrx_word' id='word_1_215' title='bbox 832 3229 1175 3297; x_wconf 74' lang='grc' dir='ltr'><em>ὁμοιότητος</em></span> <span class='ocrx_word' id='word_1_216' title='bbox 1198 3271 1215 3295; x_wconf 92' lang='grc'><strong><em>,</em></strong></span> <span class='ocrx_word' id='word_1_217' title='bbox 1265 3234 1658 3304; x_wconf 79' lang='grc' dir='ltr'><em>προκειμένου</em></span> <span class='ocrx_word' id='word_1_218' title='bbox 1714 3241 1903 3307; x_wconf 75' lang='grc' dir='ltr'><em>ῥητοῦ</em></span> <span class='ocrx_word' id='word_1_219' title='bbox 1927 3281 1944 3308; x_wconf 92' lang='grc'><strong><em>,</em></strong></span> 
     </span>
    </p>
   </div>
   <div class='ocr_carea' id='block_1_34' title="bbox 392 3311 1947 3393">
    <p class='ocr_par' dir='ltr' id='par_1_34' title="bbox 392 3311 1947 3393">
     <span class='ocr_line' id='line_1_34' title="bbox 392 3311 1947 3393; baseline 0.017 -35"><span class='ocrx_word' id='word_1_220' title='bbox 392 3311 650 3380; x_wconf 68' lang='grc' dir='ltr'><em>ιῗΩο-περ</em></span> <span class='ocrx_word' id='word_1_221' title='bbox 677 3315 787 3383; x_wconf 63' lang='grc' dir='ltr'><strong><em>τὰρ</em></strong></span> <span class='ocrx_word' id='word_1_222' title='bbox 813 3320 844 3369; x_wconf 84' lang='grc' dir='ltr'><strong><em>ό</em></strong></span> <span class='ocrx_word' id='word_1_223' title='bbox 869 3319 1064 3388; x_wconf 78' lang='grc' dir='ltr'><em>Πατὴρ</em></span> <span class='ocrx_word' id='word_1_224' title='bbox 1097 3323 1224 3388; x_wconf 73' lang='grc' dir='ltr'><em>ἔχει</em></span> <span class='ocrx_word' id='word_1_225' title='bbox 1258 3321 1414 3391; x_wconf 82' lang='grc' dir='ltr'><em>ζωὴν</em></span> <span class='ocrx_word' id='word_1_226' title='bbox 1448 3325 1519 3378; x_wconf 71' lang='grc' dir='ltr'><em>ἐν</em></span> <span class='ocrx_word' id='word_1_227' title='bbox 1553 3327 1764 3393; x_wconf 86' lang='grc' dir='ltr'><em>ἐαυτῷ,</em></span> <span class='ocrx_word' id='word_1_228' title='bbox 1793 3330 1947 3384; x_wconf 86' lang='grc' dir='ltr'><em>οὕτω</em></span> 
     </span>
    </p>
   </div>
   <div class='ocr_carea' id='block_1_35' title="bbox 385 3401 1946 3484">
    <p class='ocr_par' dir='ltr' id='par_1_35' title="bbox 385 3401 1946 3484">
     <span class='ocr_line' id='line_1_35' title="bbox 385 3401 1946 3484; baseline 0.013 -30"><span class='ocrx_word' id='word_1_229' title='bbox 385 3402 492 3455; x_wconf 76' lang='grc' dir='ltr'><em>καὶ</em></span> <span class='ocrx_word' id='word_1_230' title='bbox 519 3401 600 3467; x_wconf 81' lang='grc' dir='ltr'><em>τῷ</em></span> <span class='ocrx_word' id='word_1_231' title='bbox 631 3403 739 3467; x_wconf 83' lang='grc' dir='ltr'><strong><em>Υὶῷ</em></strong></span> <span class='ocrx_word' id='word_1_232' title='bbox 768 3404 973 3462; x_wconf 80' lang='grc' dir='ltr'><em>δέδωκε</em></span> <span class='ocrx_word' id='word_1_233' title='bbox 1011 3410 1157 3479; x_wconf 83' lang='grc' dir='ltr'><em>ζωὴν</em></span> <span class='ocrx_word' id='word_1_234' title='bbox 1195 3409 1361 3482; x_wconf 54' lang='lat' dir='ltr'><strong><em>diser</em></strong></span> <span class='ocrx_word' id='word_1_235' title='bbox 1383 3416 1452 3469; x_wconf 80' lang='grc' dir='ltr'><em>ἐν</em></span> <span class='ocrx_word' id='word_1_236' title='bbox 1473 3417 1691 3484; x_wconf 83' lang='grc' dir='ltr'><em>ἐαυτῷ’</em></span> <span class='ocrx_word' id='word_1_237' title='bbox 1729 3438 1747 3470; x_wconf 80' lang='grc' dir='ltr'><strong><em>ι</em></strong></span> <span class='ocrx_word' id='word_1_238' title='bbox 1782 3420 1850 3473; x_wconf 88' lang='grc' dir='ltr'><em>τὸ</em></span> <span class='ocrx_word' id='word_1_239' title='bbox 1878 3420 1946 3474; x_wconf 79' lang='grc' dir='ltr'><em>δὲ</em></span> 
     </span>
    </p>
   </div>
   <div class='ocr_carea' id='block_1_36' title="bbox 381 3495 1944 3577">
    <p class='ocr_par' dir='ltr' id='par_1_36' title="bbox 381 3495 1944 3577">
     <span class='ocr_line' id='line_1_36' title="bbox 381 3495 1944 3577; baseline 0.012 -30"><span class='ocrx_word' id='word_1_240' title='bbox 381 3495 806 3564; x_wconf 60' lang='grc' dir='ltr'><em>συναγόμενον</em></span> <span class='ocrx_word' id='word_1_241' title='bbox 833 3497 904 3549; x_wconf 83' lang='grc' dir='ltr'><em>ἐκ</em></span> <span class='ocrx_word' id='word_1_242' title='bbox 929 3499 1046 3558; x_wconf 72' lang='grc' dir='ltr'><strong><em>τῶν</em></strong></span> <span class='ocrx_word' id='word_1_243' title='bbox 1063 3506 1507 3574; x_wconf 78' lang='grc' dir='ltr'><em>συλλογισμῶν,</em></span> <span class='ocrx_word' id='word_1_244' title='bbox 1537 3507 1625 3561; x_wconf 85' lang='grc' dir='ltr'><em>ὅτι</em></span> <span class='ocrx_word' id='word_1_245' title='bbox 1658 3509 1769 3577; x_wconf 75' lang='grc' dir='ltr'><strong><em>ζωὴ</em></strong></span> <span class='ocrx_word' id='word_1_246' title='bbox 1795 3512 1944 3566; x_wconf 82' lang='grc' dir='ltr'><em>κατὰ</em></span> 
     </span>
    </p>
   </div>
   <div class='ocr_carea' id='block_1_37' title="bbox 373 3587 1747 3668">
    <p class='ocr_par' dir='ltr' id='par_1_37' title="bbox 373 3587 1747 3668">
     <span class='ocr_line' id='line_1_37' title="bbox 373 3587 1747 3668; baseline 0.012 -29"><span class='ocrx_word' id='word_1_247' title='bbox 373 3587 568 3662; x_wconf 60' lang='grc' dir='ltr'><em>φύσιν</em></span> <span class='ocrx_word' id='word_1_248' title='bbox 601 3587 778 3650; x_wconf 78' lang='grc' dir='ltr'><em>ἐστίν</em></span> <span class='ocrx_word' id='word_1_249' title='bbox 814 3590 851 3644; x_wconf 77' lang='grc' dir='ltr'><strong><em>ό</em></strong></span> <span class='ocrx_word' id='word_1_250' title='bbox 893 3590 1040 3656; x_wconf 69' lang='grc' dir='ltr'><em>Υἱὸς,</em></span> <span class='ocrx_word' id='word_1_251' title='bbox 1075 3591 1278 3662; x_wconf 83' lang='grc' dir='ltr'><em>ὥσπερ</em></span> <span class='ocrx_word' id='word_1_252' title='bbox 1317 3596 1416 3650; x_wconf 82' lang='grc' dir='ltr'><em>καὶ</em></span> <span class='ocrx_word' id='word_1_253' title='bbox 1455 3600 1491 3652; x_wconf 81' lang='grc' dir='ltr'><strong><em>ό,</em></strong></span> <span class='ocrx_word' id='word_1_254' title='bbox 1523 3599 1747 3668; x_wconf 84' lang='grc' dir='ltr'><em>Πατήρ.</em></span> 
     </span>
    </p>
   </div>
   <div class='ocr_carea' id='block_1_38' title="bbox 1007 3684 1308 3740">
    <p class='ocr_par' dir='ltr' id='par_1_38' title="bbox 1007 3684 1308 3740">
     <span class='ocr_line' id='line_1_38' title="bbox 1007 3684 1308 3740; baseline 0.003 -1"><span class='ocrx_word' id='word_1_255' title='bbox 1007 3684 1186 3739; x_wconf 59' lang='grc' dir='ltr'><strong><em>ΔΟΓη</em></strong></span> <span class='ocrx_word' id='word_1_256' title='bbox 1204 3687 1308 3740; x_wconf 88' lang='lat' dir='ltr'><strong><em>lE&#39;.-</em></strong></span> 
     </span>
    </p>
   </div>
   <div class='ocr_carea' id='block_1_39' title="bbox 441 3767 1942 3852">
    <p class='ocr_par' dir='ltr' id='par_1_39' title="bbox 441 3767 1942 3852">
     <span class='ocr_line' id='line_1_39' title="bbox 441 3767 1942 3852; baseline 0.011 -32"><span class='ocrx_word' id='word_1_257' title='bbox 441 3767 542 3832; x_wconf 69' lang='grc' dir='ltr'><strong><em>Εἰς</em></strong></span> <span class='ocrx_word' id='word_1_258' title='bbox 567 3767 636 3823; x_wconf 84' lang='grc' dir='ltr'><em>τὸ</em></span> <span class='ocrx_word' id='word_1_259' title='bbox 660 3769 732 3822; x_wconf 75' lang='grc' dir='ltr'><em>ἐν</em></span> <span class='ocrx_word' id='word_1_260' title='bbox 772 3771 902 3839; x_wconf 77' lang='grc' dir='ltr'><em>ταῖς</em></span> <span class='ocrx_word' id='word_1_261' title='bbox 936 3775 1302 3845; x_wconf 85' lang='grc' dir='ltr'><em>Παροιμίαις,</em></span> <span class='ocrx_word' id='word_1_262' title='bbox 1341 3794 1360 3828; x_wconf 86' lang='grc' dir='ltr'><strong><em>ι</em></strong></span> <span class='ocrx_word' id='word_1_263' title='bbox 1385 3777 1601 3846; x_wconf 87' lang='grc' dir='ltr'><em>Κύριος</em></span> <span class='ocrx_word' id='word_1_264' title='bbox 1638 3778 1842 3836; x_wconf 78' lang='grc' dir='ltr'><em>ἔκτισέ</em></span> <span class='ocrx_word' id='word_1_265' title='bbox 1865 3799 1942 3852; x_wconf 90' lang='grc' dir='ltr'><strong><em>με</em></strong></span> 
     </span>
    </p>
   </div>
   <div class='ocr_carea' id='block_1_40' title="bbox 367 3852 1937 3940">
    <p class='ocr_par' dir='ltr' id='par_1_40' title="bbox 367 3852 1937 3940">
     <span class='ocr_line' id='line_1_40' title="bbox 367 3852 1937 3940; baseline 0.013 -31"><span class='ocrx_word' id='word_1_266' title='bbox 367 3856 563 3927; x_wconf 60' lang='grc' dir='ltr'><em>ἀρχὴν</em></span> <span class='ocrx_word' id='word_1_267' title='bbox 609 3860 768 3914; x_wconf 76' lang='grc' dir='ltr'><em>ὁδῶν</em></span> <span class='ocrx_word' id='word_1_268' title='bbox 808 3867 1014 3929; x_wconf 82' lang='grc' dir='ltr'><em>αὐτοῦ,</em></span> <span class='ocrx_word' id='word_1_269' title='bbox 1063 3871 1150 3934; x_wconf 77' lang='grc' dir='ltr'><strong><em>εις</em></strong></span> <span class='ocrx_word' id='word_1_270' title='bbox 1193 3871 1339 3940; x_wconf 71' lang='grc' dir='ltr'><em>ἔργα</em></span> <span class='ocrx_word' id='word_1_271' title='bbox 1389 3852 1610 3926; x_wconf 66' lang='grc' dir='ltr'><em>αὐτοῦ·</em></span> <span class='ocrx_word' id='word_1_272' title='bbox 1647 3891 1666 3925; x_wconf 77' lang='grc' dir='ltr'><strong><em>ι</em></strong></span> <span class='ocrx_word' id='word_1_273' title='bbox 1713 3873 1803 3928; x_wconf 85' lang='grc' dir='ltr'><em>ὅτι</em></span> <span class='ocrx_word' id='word_1_274' title='bbox 1848 3876 1937 3940; x_wconf 86' lang='grc' dir='ltr'><em>τὸ,</em></span> 
     </span>
    </p>
   </div>
   <div class='ocr_carea' id='block_1_41' title="bbox 375 3947 1940 4033">
    <p class='ocr_par' dir='ltr' id='par_1_41' title="bbox 375 3947 1940 4033">
     <span class='ocr_line' id='line_1_41' title="bbox 375 3947 1940 4033; baseline 0.014 -35"><span class='ocrx_word' id='word_1_275' title='bbox 375 3967 391 3997; x_wconf 81' lang='grc' dir='ltr'><strong><em>ι</em></strong></span> <span class='ocrx_word' id='word_1_276' title='bbox 419 3947 680 4014; x_wconf 79' lang='grc' dir='ltr'><em>ἔκτισεν,</em></span> <span class='ocrx_word' id='word_1_277' title='bbox 709 3970 729 4003; x_wconf 80' lang='grc' dir='ltr'><strong><em>ι</em></strong></span> <span class='ocrx_word' id='word_1_278' title='bbox 755 3955 826 4006; x_wconf 85' lang='grc' dir='ltr'><em>οὐ</em></span> <span class='ocrx_word' id='word_1_279' title='bbox 857 3957 1009 4010; x_wconf 85' lang='grc' dir='ltr'><em>κατὰ</em></span> <span class='ocrx_word' id='word_1_280' title='bbox 1038 3957 1150 4025; x_wconf 79' lang='grc' dir='ltr'><em>τῆς</em></span> <span class='ocrx_word' id='word_1_281' title='bbox 1173 3962 1387 4028; x_wconf 80' lang='grc' dir='ltr'><em>οὐσίας</em></span> <span class='ocrx_word' id='word_1_282' title='bbox 1428 3961 1535 4016; x_wconf 87' lang='grc' dir='ltr'><em>τοῦ</em></span> <span class='ocrx_word' id='word_1_283' title='bbox 1583 3964 1774 4033; x_wconf 78' lang='grc' dir='ltr'><em>Λόγου</em></span> <span class='ocrx_word' id='word_1_284' title='bbox 1819 3965 1940 4020; x_wconf 83' lang='grc' dir='ltr'><em>κεῖ-</em></span> 
     </span>
    </p>
   </div>
   <div class='ocr_carea' id='block_1_42' title="bbox 371 4038 1534 4119">
    <p class='ocr_par' dir='ltr' id='par_1_42' title="bbox 371 4038 1534 4119">
     <span class='ocr_line' id='line_1_42' title="bbox 371 4038 1534 4119; baseline 0.014 -27"><span class='ocrx_word' id='word_1_285' title='bbox 371 4053 482 4102; x_wconf 72' lang='grc' dir='ltr'><em>ται,</em></span> <span class='ocrx_word' id='word_1_286' title='bbox 523 4038 665 4093; x_wconf 81' lang='grc' dir='ltr'><em>οὐδὲ</em></span> <span class='ocrx_word' id='word_1_287' title='bbox 699 4042 923 4112; x_wconf 78' lang='grc' dir='ltr'><em>κτίσμα</em></span> <span class='ocrx_word' id='word_1_288' title='bbox 957 4045 996 4114; x_wconf 80' lang='grc' dir='ltr'><em>ἢ</em></span> <span class='ocrx_word' id='word_1_289' title='bbox 1034 4049 1260 4119; x_wconf 81' lang='grc' dir='ltr'><em>ποίημα</em></span> <span class='ocrx_word' id='word_1_290' title='bbox 1299 4055 1331 4106; x_wconf 83' lang='grc' dir='ltr'><strong><em>ό</em></strong></span> <span class='ocrx_word' id='word_1_291' title='bbox 1379 4054 1534 4118; x_wconf 81' lang='grc' dir='ltr'><em>Υἱός.</em></span> 
     </span>
    </p>
   </div>
   <div class='ocr_carea' id='block_1_43' title="bbox 451 4216 1938 4305">
    <p class='ocr_par' dir='ltr' id='par_1_43' title="bbox 451 4216 1938 4305">
     <span class='ocr_line' id='line_1_43' title="bbox 451 4216 1938 4305; baseline 0.013 -34"><span class='ocrx_word' id='word_1_292' title='bbox 451 4216 776 4284; x_wconf 78' lang='grc' dir='ltr'><em>Ἀπόδειξις</em></span> <span class='ocrx_word' id='word_1_293' title='bbox 812 4221 880 4286; x_wconf 81' lang='grc' dir='ltr'><strong><em>ἐξ</em></strong></span> <span class='ocrx_word' id='word_1_294' title='bbox 911 4224 1320 4294; x_wconf 82' lang='grc' dir='ltr'><em>ἐπιτηρήσεων</em></span> <span class='ocrx_word' id='word_1_295' title='bbox 1338 4234 1678 4302; x_wconf 76' lang='grc' dir='ltr'><em>Γραφικῶν,</em></span> <span class='ocrx_word' id='word_1_296' title='bbox 1721 4238 1811 4292; x_wconf 86' lang='grc' dir='ltr'><em>ὅτι</em></span> <span class='ocrx_word' id='word_1_297' title='bbox 1857 4241 1938 4305; x_wconf 85' lang='grc' dir='ltr'><em>ὡς</em></span> 
     </span>
    </p>
   </div>
   <div class='ocr_carea' id='block_1_44' title="bbox 369 4311 1938 4394">
    <p class='ocr_par' dir='ltr' id='par_1_44' title="bbox 369 4311 1938 4394">
     <span class='ocr_line' id='line_1_44' title="bbox 369 4311 1938 4394; baseline 0.013 -30"><span class='ocrx_word' id='word_1_298' title='bbox 369 4311 508 4378; x_wconf 78' lang='grc' dir='ltr'><em>Θεὸς</em></span> <span class='ocrx_word' id='word_1_299' title='bbox 548 4315 730 4368; x_wconf 81' lang='grc' dir='ltr'><em>οὐδὲν</em></span> <span class='ocrx_word' id='word_1_300' title='bbox 775 4318 1199 4382; x_wconf 76' lang='grc' dir='ltr'><em>προσκυνεῖται</em></span> <span class='ocrx_word' id='word_1_301' title='bbox 1245 4322 1363 4376; x_wconf 85' lang='grc' dir='ltr'><strong><em>τῶν</em></strong></span> <span class='ocrx_word' id='word_1_302' title='bbox 1397 4328 1768 4394; x_wconf 83' lang='grc' dir='ltr'><em>κτισμάτων·</em></span> <span class='ocrx_word' id='word_1_303' title='bbox 1801 4331 1938 4384; x_wconf 79' lang='grc' dir='ltr'><em>οὔτε</em></span> 
     </span>
    </p>
   </div>
   <div class='ocr_carea' id='block_1_45' title="bbox 365 4401 1934 4490">
    <p class='ocr_par' dir='ltr' id='par_1_45' title="bbox 365 4401 1934 4490">
     <span class='ocr_line' id='line_1_45' title="bbox 365 4401 1934 4490; baseline 0.015 -37"><span class='ocrx_word' id='word_1_304' title='bbox 365 4401 485 4470; x_wconf 79' lang='grc' dir='ltr'><em>μὴν</em></span> <span class='ocrx_word' id='word_1_305' title='bbox 527 4407 1030 4476; x_wconf 75' lang='grc' dir='ltr'><em>προσκυνούμενα</em></span> <span class='ocrx_word' id='word_1_306' title='bbox 1076 4410 1352 4479; x_wconf 77' lang='grc' dir='ltr'><em>ἀνέχεται</em></span> <span class='ocrx_word' id='word_1_307' title='bbox 1393 4417 1874 4485; x_wconf 71' lang='grc' dir='ltr'><em>προσκυνεῖσθαι</em></span> <span class='ocrx_word' id='word_1_308' title='bbox 1894 4421 1934 4490; x_wconf 78' lang='grc' dir='ltr'><strong><em>ἢ</em></strong></span> 
     </span>
    </p>
   </div>
   <div class='ocr_carea' id='block_1_46' title="bbox 369 4491 836 4565">
    <p class='ocr_par' dir='ltr' id='par_1_46' title="bbox 369 4491 836 4565">
     <span class='ocr_line' id='line_1_46' title="bbox 369 4491 836 4565; baseline 0.017 -21"><span class='ocrx_word' id='word_1_309' title='bbox 369 4491 836 4565; x_wconf 75' lang='grc' dir='ltr'><em>δοξολογεῖσθαι.</em></span> 
     </span>
    </p>
   </div>
   <div class='ocr_carea' id='block_1_47' title="bbox 445 4587 1934 4670">
    <p class='ocr_par' dir='ltr' id='par_1_47' title="bbox 445 4587 1934 4670">
     <span class='ocr_line' id='line_1_47' title="bbox 445 4587 1934 4670; baseline 0.013 -31"><span class='ocrx_word' id='word_1_310' title='bbox 445 4587 773 4657; x_wconf 85' lang='grc' dir='ltr'><em>Ἀντίθεσις</em></span> <span class='ocrx_word' id='word_1_311' title='bbox 794 4594 908 4647; x_wconf 80' lang='grc' dir='ltr'><strong><em>ἀπὸ</em></strong></span> <span class='ocrx_word' id='word_1_312' title='bbox 945 4597 1064 4650; x_wconf 81' lang='grc' dir='ltr'><em>τῶν</em></span> <span class='ocrx_word' id='word_1_313' title='bbox 1105 4599 1330 4667; x_wconf 85' lang='grc' dir='ltr'><em>Ἀρείου</em></span> <span class='ocrx_word' id='word_1_314' title='bbox 1375 4602 1702 4670; x_wconf 76' lang='grc' dir='ltr'><em>δογμάτων,</em></span> <span class='ocrx_word' id='word_1_315' title='bbox 1737 4605 1934 4659; x_wconf 69' lang='grc' dir='ltr'><em>αἰτίαν</em></span> 
     </span>
    </p>
   </div>
   <div class='ocr_carea' id='block_1_48' title="bbox 362 4675 1935 4764">
    <p class='ocr_par' dir='ltr' id='par_1_48' title="bbox 362 4675 1935 4764">
     <span class='ocr_line' id='line_1_48' title="bbox 362 4675 1935 4764; baseline 0.011 -34"><span class='ocrx_word' id='word_1_316' title='bbox 362 4675 590 4744; x_wconf 73' lang='grc' dir='ltr'><em>ἔχουσα</em></span> <span class='ocrx_word' id='word_1_317' title='bbox 613 4681 721 4735; x_wconf 88' lang='grc' dir='ltr'><em>τοῦ</em></span> <span class='ocrx_word' id='word_1_318' title='bbox 747 4685 1110 4752; x_wconf 83' lang='grc' dir='ltr'><em>πεποιῆσθαι</em></span> <span class='ocrx_word' id='word_1_319' title='bbox 1138 4691 1246 4744; x_wconf 87' lang='grc' dir='ltr'><strong><em>τὸν</em></strong></span> <span class='ocrx_word' id='word_1_320' title='bbox 1276 4691 1428 4758; x_wconf 85' lang='grc' dir='ltr'><em>Υἱὸν,</em></span> <span class='ocrx_word' id='word_1_321' title='bbox 1463 4693 1544 4758; x_wconf 89' lang='grc' dir='ltr'><em>ὡς</em></span> <span class='ocrx_word' id='word_1_322' title='bbox 1567 4694 1736 4746; x_wconf 78' lang='grc' dir='ltr'><em>αὐτοὶ</em></span> <span class='ocrx_word' id='word_1_323' title='bbox 1771 4697 1935 4764; x_wconf 84' lang='grc' dir='ltr'><em>νομί-</em></span> 
     </span>
    </p>
   </div>
   <div class='ocr_carea' id='block_1_49' title="bbox 358 4766 1935 4854">
    <p class='ocr_par' dir='ltr' id='par_1_49' title="bbox 358 4766 1935 4854">
     <span class='ocr_line' id='line_1_49' title="bbox 358 4766 1935 4854; baseline 0.01 -29"><span class='ocrx_word' id='word_1_324' title='bbox 358 4766 584 4835; x_wconf 72' lang='grc' dir='ltr'><em>ζουσιν,</em></span> <span class='ocrx_word' id='word_1_325' title='bbox 620 4771 842 4841; x_wconf 72' lang='grc' dir='ltr'><em>ἀληθῆ,</em></span> <span class='ocrx_word' id='word_1_326' title='bbox 866 4777 965 4830; x_wconf 73' lang='grc' dir='ltr'><em>καὶ</em></span> <span class='ocrx_word' id='word_1_327' title='bbox 999 4780 1180 4847; x_wconf 75' lang='grc' dir='ltr'><em>λύσις</em></span> <span class='ocrx_word' id='word_1_328' title='bbox 1210 4781 1429 4850; x_wconf 67' lang='grc' dir='ltr'><em>ἐφεξῆς</em></span> <span class='ocrx_word' id='word_1_329' title='bbox 1449 4782 1599 4852; x_wconf 83' lang='grc' dir='ltr'><em>μετὰ</em></span> <span class='ocrx_word' id='word_1_330' title='bbox 1621 4786 1935 4854; x_wconf 84' lang='grc' dir='ltr'><em>πιθανότη-</em></span> 
     </span>
    </p>
   </div>
   <div class='ocr_carea' id='block_1_50' title="bbox 355 4864 946 4932">
    <p class='ocr_par' dir='ltr' id='par_1_50' title="bbox 355 4864 946 4932">
     <span class='ocr_line' id='line_1_50' title="bbox 355 4864 946 4932; baseline 0.017 -22"><span class='ocrx_word' id='word_1_331' title='bbox 355 4872 460 4924; x_wconf 85' lang='grc' dir='ltr'><strong><em>τος</em></strong></span> <span class='ocrx_word' id='word_1_332' title='bbox 497 4864 946 4932; x_wconf 72' lang='grc' dir='ltr'><em>συλλογισμῶν.</em></span> 
     </span>
    </p>
   </div>
   <div class='ocr_carea' id='block_1_51' title="bbox 430 4949 1934 5040">
    <p class='ocr_par' dir='ltr' id='par_1_51' title="bbox 430 4949 1934 5040">
     <span class='ocr_line' id='line_1_51' title="bbox 430 4949 1934 5040; baseline 0.018 -40"><span class='ocrx_word' id='word_1_333' title='bbox 430 4949 560 5002; x_wconf 83' lang='grc' dir='ltr'><strong><em>Ἔτι</em></strong></span> <span class='ocrx_word' id='word_1_334' title='bbox 579 4951 665 5016; x_wconf 79' lang='grc' dir='ltr'><strong><em>είς</em></strong></span> <span class='ocrx_word' id='word_1_335' title='bbox 689 4952 776 5018; x_wconf 85' lang='grc' dir='ltr'><strong><em>τὸ,</em></strong></span> <span class='ocrx_word' id='word_1_336' title='bbox 811 4972 829 5006; x_wconf 85' lang='grc' dir='ltr'><strong><em>ι</em></strong></span> <span class='ocrx_word' id='word_1_337' title='bbox 848 4957 1064 5025; x_wconf 85' lang='grc' dir='ltr'><em>Κύριος</em></span> <span class='ocrx_word' id='word_1_338' title='bbox 1085 4961 1287 5014; x_wconf 80' lang='grc' dir='ltr'><em>ἕκτισέ</em></span> <span class='ocrx_word' id='word_1_339' title='bbox 1303 4979 1398 5030; x_wconf 89' lang='grc' dir='ltr'><strong><em>με.</em></strong></span> <span class='ocrx_word' id='word_1_340' title='bbox 1423 4982 1442 5014; x_wconf 79' lang='grc' dir='ltr'><strong><em>ι</em></strong></span> <span class='ocrx_word' id='word_1_341' title='bbox 1467 4966 1594 5021; x_wconf 76' lang='grc' dir='ltr'><em>Ὀτι</em></span> <span class='ocrx_word' id='word_1_342' title='bbox 1617 4971 1689 5023; x_wconf 85' lang='grc' dir='ltr'><em>οὺ</em></span> <span class='ocrx_word' id='word_1_343' title='bbox 1711 4972 1934 5040; x_wconf 84' lang='grc' dir='ltr'><em>κτίσμα</em></span> 
     </span>
    </p>
   </div>
   <div class='ocr_carea' id='block_1_52' title="bbox 343 5041 591 5105">
    <p class='ocr_par' dir='ltr' id='par_1_52' title="bbox 343 5041 591 5105">
     <span class='ocr_line' id='line_1_52' title="bbox 343 5041 591 5105; baseline 0.004 -13"><span class='ocrx_word' id='word_1_344' title='bbox 343 5041 387 5092; x_wconf 83' lang='grc' dir='ltr'><strong><em>ό</em></strong></span> <span class='ocrx_word' id='word_1_345' title='bbox 433 5042 591 5105; x_wconf 75' lang='grc' dir='ltr'><em>Υἱός.</em></span> 
     </span>
    </p>
   </div>
   <div class='ocr_carea' id='block_1_53' title="bbox 425 5131 1931 5222">
    <p class='ocr_par' dir='ltr' id='par_1_53' title="bbox 425 5131 1931 5222">
     <span class='ocr_line' id='line_1_53' title="bbox 425 5131 1931 5222; baseline 0.017 -42"><span class='ocrx_word' id='word_1_346' title='bbox 425 5131 620 5184; x_wconf 73' lang='grc' dir='ltr'><em>Ἄλλο</em></span> <span class='ocrx_word' id='word_1_347' title='bbox 665 5132 785 5184; x_wconf 85' lang='grc' dir='ltr'><em>τῶν</em></span> <span class='ocrx_word' id='word_1_348' title='bbox 829 5136 1164 5204; x_wconf 81' lang='grc' dir='ltr'><em>ὀρθοδόξων</em></span> <span class='ocrx_word' id='word_1_349' title='bbox 1213 5147 1532 5213; x_wconf 76' lang='grc' dir='ltr'><em>λεγόντων,</em></span> <span class='ocrx_word' id='word_1_350' title='bbox 1570 5167 1588 5198; x_wconf 78' lang='grc' dir='ltr'><strong><em>ι</em></strong></span> <span class='ocrx_word' id='word_1_351' title='bbox 1619 5152 1684 5202; x_wconf 82' lang='lat' dir='ltr'><strong><em>Et</em></strong></span> <span class='ocrx_word' id='word_1_352' title='bbox 1712 5153 1931 5222; x_wconf 85' lang='grc' dir='ltr'><em>κτίσμα</em></span> 
     </span>
    </p>
   </div>
   <div class='ocr_carea' id='block_1_54' title="bbox 333 5219 1934 5312">
    <p class='ocr_par' dir='ltr' id='par_1_54' title="bbox 333 5219 1934 5312">
     <span class='ocr_line' id='line_1_54' title="bbox 333 5219 1934 5312; baseline 0.014 -38"><span class='ocrx_word' id='word_1_353' title='bbox 333 5219 528 5274; x_wconf 77' lang='grc' dir='ltr'><em>ἐστὶν</em></span> <span class='ocrx_word' id='word_1_354' title='bbox 555 5223 589 5274; x_wconf 85' lang='lat' dir='ltr'><strong><em>d</em></strong></span> <span class='ocrx_word' id='word_1_355' title='bbox 615 5223 767 5290; x_wconf 77' lang='grc' dir='ltr'><em>Υἱὸς,</em></span> <span class='ocrx_word' id='word_1_356' title='bbox 809 5224 936 5293; x_wconf 83' lang='grc' dir='ltr'><em>πῶς</em></span> <span class='ocrx_word' id='word_1_357' title='bbox 961 5229 1086 5299; x_wconf 77' lang='grc' dir='ltr'><em>ἔχει</em></span> <span class='ocrx_word' id='word_1_358' title='bbox 1121 5235 1270 5289; x_wconf 85' lang='grc' dir='ltr'><em>κατὰ</em></span> <span class='ocrx_word' id='word_1_359' title='bbox 1305 5237 1498 5304; x_wconf 72' lang='grc' dir='ltr'><em>φύσιν</em></span> <span class='ocrx_word' id='word_1_360' title='bbox 1539 5241 1604 5291; x_wconf 87' lang='grc' dir='ltr'><em>τὸ</em></span> <span class='ocrx_word' id='word_1_361' title='bbox 1641 5238 1790 5296; x_wconf 85' lang='grc' dir='ltr'><em>εἶναι</em></span> <span class='ocrx_word' id='word_1_362' title='bbox 1833 5219 1934 5312; x_wconf 80' lang='grc' dir='ltr'><strong><em>δη-</em></strong></span> 
     </span>
    </p>
   </div>
   <div class='ocr_carea' id='block_1_55' title="bbox 321 5315 1925 5404">
    <p class='ocr_par' dir='ltr' id='par_1_55' title="bbox 321 5315 1925 5404">
     <span class='ocr_line' id='line_1_55' title="bbox 321 5315 1925 5404; baseline 0.015 -40"><span class='ocrx_word' id='word_1_363' title='bbox 321 5315 667 5404; x_wconf 70' lang='grc' dir='ltr'><em>μιουργός;</em></span> <span class='ocrx_word' id='word_1_364' title='bbox 689 5317 773 5370; x_wconf 87' lang='grc' dir='ltr'><strong><em>Οὐ</em></strong></span> <span class='ocrx_word' id='word_1_365' title='bbox 790 5319 900 5386; x_wconf 84' lang='grc' dir='ltr'><em>τὰρ</em></span> <span class='ocrx_word' id='word_1_366' title='bbox 931 5320 1085 5376; x_wconf 79' lang='grc' dir='ltr'><em>ἴδιον</em></span> <span class='ocrx_word' id='word_1_367' title='bbox 1109 5325 1226 5378; x_wconf 86' lang='grc' dir='ltr'><em>τῶν</em></span> <span class='ocrx_word' id='word_1_368' title='bbox 1241 5329 1580 5399; x_wconf 76' lang='grc' dir='ltr'><em>κτισμάτων</em></span> <span class='ocrx_word' id='word_1_369' title='bbox 1603 5333 1779 5388; x_wconf 87' lang='grc' dir='ltr'><em>τοῦτό</em></span> <span class='ocrx_word' id='word_1_370' title='bbox 1803 5354 1890 5404; x_wconf 75' lang='grc' dir='ltr'><strong><em>τε.</em></strong></span> <span class='ocrx_word' id='word_1_371' title='bbox 1907 5355 1925 5388; x_wconf 77' lang='grc' dir='ltr'><strong><em>ι</em></strong></span> 
     </span>
    </p>
   </div>
   <div class='ocr_carea' id='block_1_56' title="bbox 347 5401 1932 5490">
    <p class='ocr_par' dir='ltr' id='par_1_56' title="bbox 347 5401 1932 5490">
     <span class='ocr_line' id='line_1_56' title="bbox 347 5401 1932 5490; baseline 0.015 -35"><span class='ocrx_word' id='word_1_372' title='bbox 347 5405 416 5456; x_wconf 80' lang='grc' dir='ltr'><strong>Ἀ</strong></span> <span class='ocrx_word' id='word_1_373' title='bbox 426 5401 862 5474; x_wconf 73' lang='grc' dir='ltr'><em>νθυπήνετκαν</em></span> <span class='ocrx_word' id='word_1_374' title='bbox 893 5413 946 5463; x_wconf 80' lang='grc' dir='ltr'><strong><em>οἱ</em></strong></span> <span class='ocrx_word' id='word_1_375' title='bbox 968 5414 1245 5479; x_wconf 73' lang='grc' dir='ltr'><em>αἱρετικοι</em></span> <span class='ocrx_word' id='word_1_376' title='bbox 1275 5418 1345 5470; x_wconf 85' lang='grc' dir='ltr'><em>τὰ</em></span> <span class='ocrx_word' id='word_1_377' title='bbox 1364 5401 1932 5490; x_wconf 67' lang='grc' dir='ltr'><em>ὐποτεταγμένα,”ὧν</em></span> 
     </span>
    </p>
   </div>
   <div class='ocr_carea' id='block_1_57' title="bbox 323 5493 1141 5568">
    <p class='ocr_par' dir='ltr' id='par_1_57' title="bbox 323 5493 1141 5568">
     <span class='ocr_line' id='line_1_57' title="bbox 323 5493 1141 5568; baseline 0.01 -22"><span class='ocrx_word' id='word_1_378' title='bbox 323 5496 398 5546; x_wconf 77' lang='lat' dir='ltr'><strong><em>ai</em></strong></span> <span class='ocrx_word' id='word_1_379' title='bbox 443 5493 665 5561; x_wconf 71' lang='grc' dir='ltr'><em>λύσεις</em></span> <span class='ocrx_word' id='word_1_380' title='bbox 701 5498 872 5552; x_wconf 73' lang='grc' dir='ltr'><em>εἰσὶν</em></span> <span class='ocrx_word' id='word_1_381' title='bbox 898 5499 1141 5568; x_wconf 68' lang='grc' dir='ltr'><strong><em>ἐφεξῆς.</em></strong></span> 
     </span>
    </p>
   </div>
   <div class='ocr_carea' id='block_1_58' title="bbox 429 5582 1935 5667">
    <p class='ocr_par' dir='ltr' id='par_1_58' title="bbox 429 5582 1935 5667">
     <span class='ocr_line' id='line_1_58' title="bbox 429 5582 1935 5667; baseline 0.015 -33"><span class='ocrx_word' id='word_1_382' title='bbox 429 5582 828 5653; x_wconf 82' lang='grc' dir='ltr'><em>Ἐπιτήρησις</em></span> <span class='ocrx_word' id='word_1_383' title='bbox 851 5590 1086 5657; x_wconf 72' lang='grc' dir='ltr'><em>ὁμοίως,</em></span> <span class='ocrx_word' id='word_1_384' title='bbox 1117 5591 1185 5654; x_wconf 79' lang='grc' dir='ltr'><strong><em>ἐξ</em></strong></span> <span class='ocrx_word' id='word_1_385' title='bbox 1213 5588 1287 5660; x_wconf 80' lang='grc' dir='ltr'><em>ἧς</em></span> <span class='ocrx_word' id='word_1_386' title='bbox 1311 5598 1690 5667; x_wconf 82' lang='grc' dir='ltr'><em>μανθάνομεν</em></span> <span class='ocrx_word' id='word_1_387' title='bbox 1715 5601 1802 5653; x_wconf 86' lang='grc' dir='ltr'><em>ὅτι</em></span> <span class='ocrx_word' id='word_1_388' title='bbox 1837 5604 1935 5656; x_wconf 80' lang='grc' dir='ltr'><strong><em>καί</em></strong></span> 
     </span>
    </p>
   </div>
   <div class='ocr_carea' id='block_1_59' title="bbox 320 5669 1933 5753">
    <p class='ocr_par' dir='ltr' id='par_1_59' title="bbox 320 5669 1933 5753">
     <span class='ocr_line' id='line_1_59' title="bbox 320 5669 1933 5753; baseline 0.006 -15"><span class='ocrx_word' id='word_1_389' title='bbox 320 5669 632 5746; x_wconf 69' lang='grc' dir='ltr'><strong><em>άῖῖΐέλοις</em></strong></span> <span class='ocrx_word' id='word_1_390' title='bbox 678 5675 775 5728; x_wconf 76' lang='grc' dir='ltr'><em>καὶ</em></span> <span class='ocrx_word' id='word_1_391' title='bbox 831 5677 1022 5748; x_wconf 56' lang='grc' dir='ltr'><em>ἁγίοις</em></span> <span class='ocrx_word' id='word_1_392' title='bbox 1071 5679 1400 5749; x_wconf 74' lang='grc' dir='ltr'><em>προφήταις</em></span> <span class='ocrx_word' id='word_1_393' title='bbox 1437 5684 1574 5753; x_wconf 82' lang='grc' dir='ltr'><em>ἔθος</em></span> <span class='ocrx_word' id='word_1_394' title='bbox 1609 5688 1779 5744; x_wconf 78' lang='grc' dir='ltr'><em>ἐστίν</em></span> <span class='ocrx_word' id='word_1_395' title='bbox 1802 5692 1933 5747; x_wconf 69' lang='grc' dir='ltr'><em>ἐπισ.</em></span> 
     </span>
    </p>
   </div>
   <div class='ocr_carea' id='block_1_60' title="bbox 2166 441 3657 517">
    <p class='ocr_par' dir='ltr' id='par_1_60' title="bbox 2166 441 3657 517">
     <span class='ocr_line' id='line_1_60' title="bbox 2166 441 3657 517; baseline 0.016 -24"><span class='ocrx_word' id='word_1_396' title='bbox 2166 441 2314 496; x_wconf 74' lang='lat' dir='ltr'><strong><em>Fieri</em></strong></span> <span class='ocrx_word' id='word_1_397' title='bbox 2349 444 2546 516; x_wconf 81' lang='lat' dir='ltr'><strong><em>aliquid</em></strong></span> <span class='ocrx_word' id='word_1_398' title='bbox 2571 447 2625 502; x_wconf 92' lang='lat' dir='ltr'><strong><em>in</em></strong></span> <span class='ocrx_word' id='word_1_399' title='bbox 2651 448 2782 517; x_wconf 86' lang='lat' dir='ltr'><strong><em>Deo,</em></strong></span> <span class='ocrx_word' id='word_1_400' title='bbox 2817 469 2921 507; x_wconf 84' lang='lat' dir='ltr'><strong><em>non</em></strong></span> <span class='ocrx_word' id='word_1_401' title='bbox 2981 466 3184 511; x_wconf 64' lang='lat' dir='ltr'><strong><em>natura:</em></strong></span> <span class='ocrx_word' id='word_1_402' title='bbox 3239 459 3657 516; x_wconf 72' lang='lat' dir='ltr'><strong><em>immutationem</em></strong></span> 
     </span>
    </p>
   </div>
   <div class='ocr_carea' id='block_1_61' title="bbox 2086 533 3164 616">
    <p class='ocr_par' dir='ltr' id='par_1_61' title="bbox 2086 533 3164 616">
     <span class='ocr_line' id='line_1_61' title="bbox 2086 533 3164 616; baseline 0.016 -31"><span class='ocrx_word' id='word_1_403' title='bbox 2086 533 2368 604; x_wconf 79' lang='lat' dir='ltr'><strong><em>signiﬁcat,</em></strong></span> <span class='ocrx_word' id='word_1_404' title='bbox 2395 540 2484 592; x_wconf 89' lang='lat' dir='ltr'><strong><em>sed</em></strong></span> <span class='ocrx_word' id='word_1_405' title='bbox 2509 556 2601 608; x_wconf 86' lang='lat' dir='ltr'><strong><em>per</em></strong></span> <span class='ocrx_word' id='word_1_406' title='bbox 2619 542 2807 611; x_wconf 80' lang='lat' dir='ltr'><strong><em>ipsum,</em></strong></span> <span class='ocrx_word' id='word_1_407' title='bbox 2843 550 2917 599; x_wconf 78' lang='lat' dir='ltr'><strong><em>vel</em></strong></span> <span class='ocrx_word' id='word_1_408' title='bbox 2945 547 3007 599; x_wconf 85' lang='lat' dir='ltr'><strong><em>ab</em></strong></span> <span class='ocrx_word' id='word_1_409' title='bbox 3033 548 3164 616; x_wconf 82' lang='lat' dir='ltr'><strong><em>ipso.</em></strong></span> 
     </span>
    </p>
   </div>
   <div class='ocr_carea' id='block_1_62' title="bbox 2156 714 3650 794">
    <p class='ocr_par' dir='ltr' id='par_1_62' title="bbox 2156 714 3650 794">
     <span class='ocr_line' id='line_1_62' title="bbox 2156 714 3650 794; baseline 0.013 -28"><span class='ocrx_word' id='word_1_410' title='bbox 2156 714 2271 778; x_wconf 83' lang='lat' dir='ltr'><strong><em>Quo</em></strong></span> <span class='ocrx_word' id='word_1_411' title='bbox 2313 728 2467 784; x_wconf 80' lang='lat' dir='ltr'><strong><em>pacto</em></strong></span> <span class='ocrx_word' id='word_1_412' title='bbox 2518 721 2914 791; x_wconf 84' lang='lat' dir='ltr'><strong><em>intelligendum</em></strong></span> <span class='ocrx_word' id='word_1_413' title='bbox 2981 736 3048 780; x_wconf 78' lang='lat' dir='ltr'><strong><em>sit</em></strong></span> <span class='ocrx_word' id='word_1_414' title='bbox 3103 729 3301 782; x_wconf 86' lang='lat' dir='ltr'><strong><em>dictum</em></strong></span> <span class='ocrx_word' id='word_1_415' title='bbox 3344 730 3498 794; x_wconf 90' lang='lat' dir='ltr'><strong><em>illud,</em></strong></span> <span class='ocrx_word' id='word_1_416' title='bbox 3527 749 3546 782; x_wconf 82' lang='grc' dir='ltr'><strong><em>ι</em></strong></span> <span class='ocrx_word' id='word_1_417' title='bbox 3585 731 3650 786; x_wconf 87' lang='lat' dir='ltr'><strong><em>Ut</em></strong></span> 
     </span>
    </p>
   </div>
   <div class='ocr_carea' id='block_1_63' title="bbox 2084 810 3652 887">
    <p class='ocr_par' dir='ltr' id='par_1_63' title="bbox 2084 810 3652 887">
     <span class='ocr_line' id='line_1_63' title="bbox 2084 810 3652 887; baseline 0.01 -28"><span class='ocrx_word' id='word_1_418' title='bbox 2084 810 2527 877; x_wconf 83' lang='lat' dir='ltr'><strong><em>quemadmodum</em></strong></span> <span class='ocrx_word' id='word_1_419' title='bbox 2576 829 2670 881; x_wconf 87' lang='lat' dir='ltr'><strong><em>ego</em></strong></span> <span class='ocrx_word' id='word_1_420' title='bbox 2695 824 2741 867; x_wconf 92' lang='lat' dir='ltr'><strong><em>et</em></strong></span> <span class='ocrx_word' id='word_1_421' title='bbox 2767 823 2823 867; x_wconf 94' lang='lat' dir='ltr'><strong><em>tu</em></strong></span> <span class='ocrx_word' id='word_1_422' title='bbox 2847 831 3005 869; x_wconf 89' lang='lat' dir='ltr'><strong><em>unum</em></strong></span> <span class='ocrx_word' id='word_1_423' title='bbox 3032 833 3233 883; x_wconf 85' lang='lat' dir='ltr'><strong><em>sumus,</em></strong></span> <span class='ocrx_word' id='word_1_424' title='bbox 3255 820 3325 872; x_wconf 89' lang='lat' dir='ltr'><strong><em>ita</em></strong></span> <span class='ocrx_word' id='word_1_425' title='bbox 3357 831 3403 873; x_wconf 90' lang='lat' dir='ltr'><strong><em>et</em></strong></span> <span class='ocrx_word' id='word_1_426' title='bbox 3436 821 3536 887; x_wconf 87' lang='lat' dir='ltr'><strong><em>ipsi</em></strong></span> <span class='ocrx_word' id='word_1_427' title='bbox 3597 823 3652 876; x_wconf 85' lang='lat' dir='ltr'><strong><em>in</em></strong></span> 
     </span>
    </p>
   </div>
   <div class='ocr_carea' id='block_1_64' title="bbox 2084 899 3648 976">
    <p class='ocr_par' dir='ltr' id='par_1_64' title="bbox 2084 899 3648 976">
     <span class='ocr_line' id='line_1_64' title="bbox 2084 899 3648 976; baseline 0.008 -23"><span class='ocrx_word' id='word_1_428' title='bbox 2084 899 2232 954; x_wconf 88' lang='lat' dir='ltr'><strong><em>nobis</em></strong></span> <span class='ocrx_word' id='word_1_429' title='bbox 2271 918 2432 955; x_wconf 86' lang='lat' dir='ltr'><strong><em>unum</em></strong></span> <span class='ocrx_word' id='word_1_430' title='bbox 2458 904 2718 974; x_wconf 88' lang='lat' dir='ltr'><strong><em>sint;ego</em></strong></span> <span class='ocrx_word' id='word_1_431' title='bbox 2750 907 2805 958; x_wconf 82' lang='lat' dir='ltr'><strong><em>in</em></strong></span> <span class='ocrx_word' id='word_1_432' title='bbox 2848 907 2974 976; x_wconf 88' lang='lat' dir='ltr'><strong><em>ipsis</em></strong></span> <span class='ocrx_word' id='word_1_433' title='bbox 2995 918 3040 960; x_wconf 91' lang='lat' dir='ltr'><strong><em>et</em></strong></span> <span class='ocrx_word' id='word_1_434' title='bbox 3077 917 3130 962; x_wconf 90' lang='lat' dir='ltr'><strong><em>tu</em></strong></span> <span class='ocrx_word' id='word_1_435' title='bbox 3178 910 3234 962; x_wconf 86' lang='lat' dir='ltr'><strong><em>in</em></strong></span> <span class='ocrx_word' id='word_1_436' title='bbox 3287 926 3386 976; x_wconf 86' lang='lat' dir='ltr'><strong><em>me,</em></strong></span> <span class='ocrx_word' id='word_1_437' title='bbox 3438 921 3493 964; x_wconf 91' lang='lat' dir='ltr'><strong><em>ut</em></strong></span> <span class='ocrx_word' id='word_1_438' title='bbox 3546 914 3648 965; x_wconf 86' lang='lat' dir='ltr'><strong><em>sint</em></strong></span> 
     </span>
    </p>
   </div>
   <div class='ocr_carea' id='block_1_65' title="bbox 2078 991 2660 1056">
    <p class='ocr_par' dir='ltr' id='par_1_65' title="bbox 2078 991 2660 1056">
     <span class='ocr_line' id='line_1_65' title="bbox 2078 991 2660 1056; baseline 0.007 -15"><span class='ocrx_word' id='word_1_439' title='bbox 2078 991 2299 1056; x_wconf 79' lang='lat' dir='ltr'><strong><em>perfecti</em></strong></span> <span class='ocrx_word' id='word_1_440' title='bbox 2336 992 2391 1045; x_wconf 89' lang='lat' dir='ltr'><strong><em>in</em></strong></span> <span class='ocrx_word' id='word_1_441' title='bbox 2423 1008 2608 1047; x_wconf 87' lang='lat' dir='ltr'><strong><em>unum.</em></strong></span> <span class='ocrx_word' id='word_1_442' title='bbox 2642 1011 2660 1045; x_wconf 80' lang='grc' dir='ltr'><strong><em>ι</em></strong></span> 
     </span>
    </p>
   </div>
   <div class='ocr_carea' id='block_1_66' title="bbox 2150 1163 3646 1244">
    <p class='ocr_par' dir='ltr' id='par_1_66' title="bbox 2150 1163 3646 1244">
     <span class='ocr_line' id='line_1_66' title="bbox 2150 1163 3646 1244; baseline 0.01 -27"><span class='ocrx_word' id='word_1_443' title='bbox 2150 1163 2309 1217; x_wconf 83' lang='lat' dir='ltr'><strong><em>Aliud</em></strong></span> <span class='ocrx_word' id='word_1_444' title='bbox 2335 1167 2606 1220; x_wconf 86' lang='lat' dir='ltr'><strong><em>ostendens</em></strong></span> <span class='ocrx_word' id='word_1_445' title='bbox 2636 1178 2901 1235; x_wconf 79' lang='lat' dir='ltr'><strong><em>accurate,</em></strong></span> <span class='ocrx_word' id='word_1_446' title='bbox 2940 1174 3079 1240; x_wconf 76' lang='lat' dir='ltr'><strong><em>quod</em></strong></span> <span class='ocrx_word' id='word_1_447' title='bbox 3109 1188 3202 1227; x_wconf 84' lang='lat' dir='ltr'><strong><em>nos</em></strong></span> <span class='ocrx_word' id='word_1_448' title='bbox 3230 1176 3446 1244; x_wconf 87' lang='lat' dir='ltr'><strong><em>prapria</em></strong></span> <span class='ocrx_word' id='word_1_449' title='bbox 3471 1189 3646 1232; x_wconf 87' lang='lat' dir='ltr'><strong><em>nostra</em></strong></span> 
     </span>
    </p>
   </div>
   <div class='ocr_carea' id='block_1_67' title="bbox 2078 1258 3646 1322">
    <p class='ocr_par' dir='ltr' id='par_1_67' title="bbox 2078 1258 3646 1322">
     <span class='ocr_line' id='line_1_67' title="bbox 2078 1258 3646 1322; baseline 0.01 -15"><span class='ocrx_word' id='word_1_450' title='bbox 2078 1263 2266 1309; x_wconf 89' lang='lat' dir='ltr'><strong><em>natura</em></strong></span> <span class='ocrx_word' id='word_1_451' title='bbox 2307 1273 2408 1310; x_wconf 88' lang='lat' dir='ltr'><strong><em>non</em></strong></span> <span class='ocrx_word' id='word_1_452' title='bbox 2437 1258 2632 1313; x_wconf 82' lang='lat' dir='ltr'><strong><em>amissa</em></strong></span> <span class='ocrx_word' id='word_1_453' title='bbox 2661 1259 2718 1312; x_wconf 90' lang='lat' dir='ltr'><strong><em>in</em></strong></span> <span class='ocrx_word' id='word_1_454' title='bbox 2741 1260 2970 1313; x_wconf 81' lang='lat' dir='ltr'><strong><em>divinam</em></strong></span> <span class='ocrx_word' id='word_1_455' title='bbox 3028 1273 3270 1318; x_wconf 83' lang='lat' dir='ltr'><strong><em>naturam</em></strong></span> <span class='ocrx_word' id='word_1_456' title='bbox 3321 1275 3646 1322; x_wconf 82' lang='lat' dir='ltr'><strong><em>transmuta-</em></strong></span> 
     </span>
    </p>
   </div>
   <div class='ocr_carea' id='block_1_68' title="bbox 2076 1349 3646 1430">
    <p class='ocr_par' dir='ltr' id='par_1_68' title="bbox 2076 1349 3646 1430">
     <span class='ocr_line' id='line_1_68' title="bbox 2076 1349 3646 1430; baseline 0.01 -31"><span class='ocrx_word' id='word_1_457' title='bbox 2076 1363 2214 1412; x_wconf 89' lang='lat' dir='ltr'><strong><em>mur,</em></strong></span> <span class='ocrx_word' id='word_1_458' title='bbox 2240 1349 2448 1418; x_wconf 80' lang='lat' dir='ltr'><strong><em>quando</em></strong></span> <span class='ocrx_word' id='word_1_459' title='bbox 2485 1366 2645 1404; x_wconf 85' lang='lat' dir='ltr'><strong><em>unum</em></strong></span> <span class='ocrx_word' id='word_1_460' title='bbox 2678 1367 2795 1404; x_wconf 86' lang='lat' dir='ltr'><strong><em>cum</em></strong></span> <span class='ocrx_word' id='word_1_461' title='bbox 2835 1350 2941 1406; x_wconf 86' lang='lat' dir='ltr'><strong><em>Dea</em></strong></span> <span class='ocrx_word' id='word_1_462' title='bbox 2971 1354 3097 1422; x_wconf 62' lang='lat' dir='ltr'><strong><em>efﬁci</em></strong></span> <span class='ocrx_word' id='word_1_463' title='bbox 3125 1355 3370 1422; x_wconf 83' lang='lat' dir='ltr'><strong><em>dicimur,</em></strong></span> <span class='ocrx_word' id='word_1_464' title='bbox 3395 1361 3484 1413; x_wconf 84' lang='lat' dir='ltr'><strong><em>sed</em></strong></span> <span class='ocrx_word' id='word_1_465' title='bbox 3508 1360 3646 1430; x_wconf 82' lang='lat' dir='ltr'><strong><em>quod</em></strong></span> 
     </span>
    </p>
   </div>
   <div class='ocr_carea' id='block_1_69' title="bbox 1945 1442 3102 1513">
    <p class='ocr_par' dir='ltr' id='par_1_69' title="bbox 1945 1442 3102 1513">
     <span class='ocr_line' id='line_1_69' title="bbox 1945 1442 3102 1513; baseline -0.001 -14"><span class='ocrx_word' id='word_1_466' title='bbox 1945 1469 1971 1499; x_wconf 78' lang='lat'><strong><em>.--</em></strong></span> <span class='ocrx_word' id='word_1_467' title='bbox 2071 1442 2350 1511; x_wconf 86' lang='lat' dir='ltr'><strong><em>participes</em></strong></span> <span class='ocrx_word' id='word_1_468' title='bbox 2368 1443 2530 1513; x_wconf 84' lang='lat' dir='ltr'><strong><em>ipsius</em></strong></span> <span class='ocrx_word' id='word_1_469' title='bbox 2557 1444 2706 1513; x_wconf 83' lang='lat' dir='ltr'><strong><em>facti,</em></strong></span> <span class='ocrx_word' id='word_1_470' title='bbox 2734 1445 2808 1498; x_wconf 85' lang='lat' dir='ltr'><strong><em>ita</em></strong></span> <span class='ocrx_word' id='word_1_471' title='bbox 2837 1460 3102 1498; x_wconf 80' lang='lat' dir='ltr'><strong><em>vocamur.</em></strong></span> 
     </span>
    </p>
   </div>
   <div class='ocr_carea' id='block_1_70' title="bbox 2607 1532 3081 1589">
    <p class='ocr_par' dir='ltr' id='par_1_70' title="bbox 2607 1532 3081 1589">
     <span class='ocr_line' id='line_1_70' title="bbox 2607 1532 3081 1589; baseline 0.004 -2"><span class='ocrx_word' id='word_1_472' title='bbox 2607 1532 2901 1589; x_wconf 78' lang='lat' dir='ltr'><strong><em>ASSERT.</em></strong></span> <span class='ocrx_word' id='word_1_473' title='bbox 2939 1535 3081 1589; x_wconf 79' lang='grc' dir='ltr'><strong><em>ΧΠΙ.</em></strong></span> 
     </span>
    </p>
   </div>
   <div class='ocr_carea' id='block_1_71' title="bbox 2146 1621 3670 1693">
    <p class='ocr_par' dir='ltr' id='par_1_71' title="bbox 2146 1621 3670 1693">
     <span class='ocr_line' id='line_1_71' title="bbox 2146 1621 3670 1693; baseline 0.007 -18"><span class='ocrx_word' id='word_1_474' title='bbox 2146 1621 2218 1675; x_wconf 89' lang='lat' dir='ltr'><strong><em>De</em></strong></span> <span class='ocrx_word' id='word_1_475' title='bbox 2246 1623 2598 1678; x_wconf 75' lang='lat' dir='ltr'><strong><em>similitudine</em></strong></span> <span class='ocrx_word' id='word_1_476' title='bbox 2637 1623 2686 1676; x_wconf 87' lang='lat' dir='ltr'><em>F</em></span> <span class='ocrx_word' id='word_1_477' title='bbox 2691 1625 2770 1678; x_wconf 89' lang='lat' dir='ltr'><strong><em>itii</em></strong></span> <span class='ocrx_word' id='word_1_478' title='bbox 2800 1641 2918 1679; x_wconf 87' lang='lat' dir='ltr'><strong><em>cum</em></strong></span> <span class='ocrx_word' id='word_1_479' title='bbox 2957 1625 3140 1692; x_wconf 82' lang='lat' dir='ltr'><strong><em>Patre,</em></strong></span> <span class='ocrx_word' id='word_1_480' title='bbox 3166 1638 3215 1682; x_wconf 88' lang='lat' dir='ltr'><strong><em>et</em></strong></span> <span class='ocrx_word' id='word_1_481' title='bbox 3241 1630 3379 1693; x_wconf 88' lang='lat' dir='ltr'><strong><em>quod</em></strong></span> <span class='ocrx_word' id='word_1_482' title='bbox 3435 1646 3537 1684; x_wconf 85' lang='lat' dir='ltr'><strong><em>non</em></strong></span> <span class='ocrx_word' id='word_1_483' title='bbox 3563 1642 3670 1686; x_wconf 82' lang='lat' dir='ltr'><strong><em>est--</em></strong></span> 
     </span>
    </p>
   </div>
   <div class='ocr_carea' id='block_1_72' title="bbox 2072 1713 3638 1788">
    <p class='ocr_par' dir='ltr' id='par_1_72' title="bbox 2072 1713 3638 1788">
     <span class='ocr_line' id='line_1_72' title="bbox 2072 1713 3638 1788; baseline 0.008 -24"><span class='ocrx_word' id='word_1_484' title='bbox 2072 1724 2278 1768; x_wconf 64' lang='lat' dir='ltr'><strong><em>natura:</em></strong></span> <span class='ocrx_word' id='word_1_485' title='bbox 2299 1714 2566 1768; x_wconf 81' lang='lat' dir='ltr'><strong><em>mutabilis</em></strong></span> <span class='ocrx_word' id='word_1_486' title='bbox 2596 1713 2788 1781; x_wconf 78' lang='lat' dir='ltr'><strong><em>Filius,</em></strong></span> <span class='ocrx_word' id='word_1_487' title='bbox 2817 1727 2906 1770; x_wconf 78' lang='lat' dir='ltr'><strong><em>aut</em></strong></span> <span class='ocrx_word' id='word_1_488' title='bbox 2963 1719 3282 1772; x_wconf 72' lang='lat' dir='ltr'><strong><em>extrinsecus</em></strong></span> <span class='ocrx_word' id='word_1_489' title='bbox 3329 1719 3638 1788; x_wconf 68' lang='lat' dir='ltr'><strong><em>subsistens,</em></strong></span> 
     </span>
    </p>
   </div>
   <div class='ocr_carea' id='block_1_73' title="bbox 2067 1804 3268 1876">
    <p class='ocr_par' dir='ltr' id='par_1_73' title="bbox 2067 1804 3268 1876">
     <span class='ocr_line' id='line_1_73' title="bbox 2067 1804 3268 1876; baseline 0.007 -20"><span class='ocrx_word' id='word_1_490' title='bbox 2067 1805 2158 1857; x_wconf 88' lang='lat' dir='ltr'><strong><em>sed</em></strong></span> <span class='ocrx_word' id='word_1_491' title='bbox 2175 1821 2239 1858; x_wconf 81' lang='lat' dir='ltr'><strong><em>ea:</em></strong></span> <span class='ocrx_word' id='word_1_492' title='bbox 2253 1804 2365 1873; x_wconf 86' lang='lat' dir='ltr'><strong><em>ejus</em></strong></span> <span class='ocrx_word' id='word_1_493' title='bbox 2393 1806 2616 1860; x_wconf 82' lang='lat' dir='ltr'><strong><em>essentia</em></strong></span> <span class='ocrx_word' id='word_1_494' title='bbox 2643 1809 2950 1876; x_wconf 78' lang='lat' dir='ltr'><strong><em>procedens,</em></strong></span> <span class='ocrx_word' id='word_1_495' title='bbox 2981 1820 3037 1864; x_wconf 87' lang='lat' dir='ltr'><strong><em>ut</em></strong></span> <span class='ocrx_word' id='word_1_496' title='bbox 3071 1808 3268 1864; x_wconf 86' lang='lat' dir='ltr'><strong><em>Filius.</em></strong></span> 
     </span>
    </p>
   </div>
   <div class='ocr_carea' id='block_1_74' title="bbox 2137 1978 3633 2051">
    <p class='ocr_par' dir='ltr' id='par_1_74' title="bbox 2137 1978 3633 2051">
     <span class='ocr_line' id='line_1_74' title="bbox 2137 1978 3633 2051; baseline 0.009 -20"><span class='ocrx_word' id='word_1_497' title='bbox 2137 1978 2290 2043; x_wconf 83' lang='lat' dir='ltr'><strong><em>Quod</em></strong></span> <span class='ocrx_word' id='word_1_498' title='bbox 2349 1997 2449 2034; x_wconf 84' lang='lat' dir='ltr'><strong><em>nou</em></strong></span> <span class='ocrx_word' id='word_1_499' title='bbox 2505 1999 2598 2051; x_wconf 86' lang='lat' dir='ltr'><strong><em>per</em></strong></span> <span class='ocrx_word' id='word_1_500' title='bbox 2662 1983 3028 2040; x_wconf 83' lang='lat' dir='ltr'><strong><em>alterationem</em></strong></span> <span class='ocrx_word' id='word_1_501' title='bbox 3081 2004 3114 2040; x_wconf 90' lang='lat' dir='ltr'><strong><em>a</em></strong></span> <span class='ocrx_word' id='word_1_502' title='bbox 3170 1989 3424 2043; x_wconf 83' lang='lat' dir='ltr'><strong><em>deteriore</em></strong></span> <span class='ocrx_word' id='word_1_503' title='bbox 3488 1998 3633 2044; x_wconf 89' lang='lat' dir='ltr'><strong><em>statu</em></strong></span> 
     </span>
    </p>
   </div>
   <div class='ocr_carea' id='block_1_75' title="bbox 2063 2070 3638 2143">
    <p class='ocr_par' dir='ltr' id='par_1_75' title="bbox 2063 2070 3638 2143">
     <span class='ocr_line' id='line_1_75' title="bbox 2063 2070 3638 2143; baseline 0.009 -22"><span class='ocrx_word' id='word_1_504' title='bbox 2063 2070 2118 2122; x_wconf 81' lang='lat' dir='ltr'><strong><em>in</em></strong></span> <span class='ocrx_word' id='word_1_505' title='bbox 2143 2072 2764 2138; x_wconf 64' lang='lat' dir='ltr'><strong><em>praestantioremsimilis</em></strong></span> <span class='ocrx_word' id='word_1_506' title='bbox 2797 2077 2863 2129; x_wconf 88' lang='lat' dir='ltr'><strong><em>sit</em></strong></span> <span class='ocrx_word' id='word_1_507' title='bbox 2887 2074 3038 2134; x_wconf 88' lang='lat' dir='ltr'><strong><em>Patri</em></strong></span> <span class='ocrx_word' id='word_1_508' title='bbox 3093 2075 3288 2143; x_wconf 86' lang='lat' dir='ltr'><strong><em>Filius,</em></strong></span> <span class='ocrx_word' id='word_1_509' title='bbox 3329 2081 3420 2134; x_wconf 88' lang='lat' dir='ltr'><strong><em>sed</em></strong></span> <span class='ocrx_word' id='word_1_510' title='bbox 3484 2091 3638 2135; x_wconf 88' lang='lat' dir='ltr'><strong><em>natu-</em></strong></span> 
     </span>
    </p>
   </div>
   <div class='ocr_carea' id='block_1_76' title="bbox 2063 2160 2266 2214">
    <p class='ocr_par' dir='ltr' id='par_1_76' title="bbox 2063 2160 2266 2214">
     <span class='ocr_line' id='line_1_76' title="bbox 2063 2160 2266 2214; baseline 0 0"><span class='ocrx_word' id='word_1_511' title='bbox 2063 2160 2266 2214; x_wconf 77' lang='lat' dir='ltr'><strong><em>raliter.</em></strong></span> 
     </span>
    </p>
   </div>
   <div class='ocr_carea' id='block_1_77' title="bbox 2133 2253 3625 2328">
    <p class='ocr_par' dir='ltr' id='par_1_77' title="bbox 2133 2253 3625 2328">
     <span class='ocr_line' id='line_1_77' title="bbox 2133 2253 3625 2328; baseline 0.007 -22"><span class='ocrx_word' id='word_1_512' title='bbox 2133 2254 2294 2308; x_wconf 83' lang='lat' dir='ltr'><strong><em>Aliud</em></strong></span> <span class='ocrx_word' id='word_1_513' title='bbox 2321 2255 2595 2309; x_wconf 83' lang='lat' dir='ltr'><strong><em>declarans</em></strong></span> <span class='ocrx_word' id='word_1_514' title='bbox 2627 2253 2826 2309; x_wconf 87' lang='lat' dir='ltr'><strong><em>Filium</em></strong></span> <span class='ocrx_word' id='word_1_515' title='bbox 2854 2272 2964 2312; x_wconf 88' lang='lat' dir='ltr'><strong><em>esse</em></strong></span> <span class='ocrx_word' id='word_1_516' title='bbox 2987 2273 3053 2311; x_wconf 75' lang='lat' dir='ltr'><strong><em>ea:</em></strong></span> <span class='ocrx_word' id='word_1_517' title='bbox 3083 2259 3378 2315; x_wconf 82' lang='lat' dir='ltr'><strong><em>substantia</em></strong></span> <span class='ocrx_word' id='word_1_518' title='bbox 3417 2261 3625 2328; x_wconf 88' lang='lat' dir='ltr'><strong><em>Patris,</em></strong></span> 
     </span>
    </p>
   </div>
   <div class='ocr_carea' id='block_1_78' title="bbox 2061 2343 3650 2413">
    <p class='ocr_par' dir='ltr' id='par_1_78' title="bbox 2061 2343 3650 2413">
     <span class='ocr_line' id='line_1_78' title="bbox 2061 2343 3650 2413; baseline 0.004 -16"><span class='ocrx_word' id='word_1_519' title='bbox 2061 2353 2109 2398; x_wconf 89' lang='lat' dir='ltr'><strong><em>et</em></strong></span> <span class='ocrx_word' id='word_1_520' title='bbox 2149 2359 2252 2397; x_wconf 91' lang='lat' dir='ltr'><strong><em>non</em></strong></span> <span class='ocrx_word' id='word_1_521' title='bbox 2281 2344 2596 2398; x_wconf 67' lang='lat' dir='ltr'><strong><em>extrinsecus</em></strong></span> <span class='ocrx_word' id='word_1_522' title='bbox 2616 2343 2945 2412; x_wconf 89' lang='lat' dir='ltr'><strong><em>productum,</em></strong></span> <span class='ocrx_word' id='word_1_523' title='bbox 2976 2347 3408 2413; x_wconf 83' lang='lat' dir='ltr'><strong><em>quemadmodum</em></strong></span> <span class='ocrx_word' id='word_1_524' title='bbox 3456 2347 3650 2403; x_wconf 84' lang='lat' dir='ltr'><strong><em>hostes.</em></strong></span> 
     </span>
    </p>
   </div>
   <div class='ocr_carea' id='block_1_79' title="bbox 2062 2433 3630 2505">
    <p class='ocr_par' dir='ltr' id='par_1_79' title="bbox 2062 2433 3630 2505">
     <span class='ocr_line' id='line_1_79' title="bbox 2062 2433 3630 2505; baseline 0.003 -17"><span class='ocrx_word' id='word_1_525' title='bbox 2062 2433 2259 2488; x_wconf 80' lang='lat' dir='ltr'><strong><em>Christi</em></strong></span> <span class='ocrx_word' id='word_1_526' title='bbox 2288 2433 2640 2498; x_wconf 83' lang='lat' dir='ltr'><strong><em>contendunt;</em></strong></span> <span class='ocrx_word' id='word_1_527' title='bbox 2673 2443 2742 2500; x_wconf 93' lang='lat' dir='ltr'><strong><em>et,</em></strong></span> <span class='ocrx_word' id='word_1_528' title='bbox 2776 2435 3022 2504; x_wconf 82' lang='lat' dir='ltr'><strong><em>quoniam</em></strong></span> <span class='ocrx_word' id='word_1_529' title='bbox 3075 2436 3396 2492; x_wconf 62' lang='lat' dir='ltr'><strong><em>extrinsecus</em></strong></span> <span class='ocrx_word' id='word_1_530' title='bbox 3436 2440 3630 2505; x_wconf 85' lang='lat' dir='ltr'><strong><em>produ-</em></strong></span> 
     </span>
    </p>
   </div>
   <div class='ocr_carea' id='block_1_80' title="bbox 2059 2524 2850 2590">
    <p class='ocr_par' dir='ltr' id='par_1_80' title="bbox 2059 2524 2850 2590">
     <span class='ocr_line' id='line_1_80' title="bbox 2059 2524 2850 2590; baseline -0.003 -10"><span class='ocrx_word' id='word_1_531' title='bbox 2059 2535 2174 2580; x_wconf 88' lang='lat' dir='ltr'><strong><em>ctus</em></strong></span> <span class='ocrx_word' id='word_1_532' title='bbox 2200 2541 2303 2580; x_wconf 89' lang='lat' dir='ltr'><strong><em>non</em></strong></span> <span class='ocrx_word' id='word_1_533' title='bbox 2321 2533 2418 2590; x_wconf 89' lang='lat' dir='ltr'><strong><em>est,</em></strong></span> <span class='ocrx_word' id='word_1_534' title='bbox 2436 2525 2622 2580; x_wconf 86' lang='lat' dir='ltr'><strong><em>similis</em></strong></span> <span class='ocrx_word' id='word_1_535' title='bbox 2649 2524 2729 2578; x_wconf 86' lang='lat' dir='ltr'><strong><em>illi</em></strong></span> <span class='ocrx_word' id='word_1_536' title='bbox 2753 2535 2850 2580; x_wconf 88' lang='lat' dir='ltr'><strong><em>est.</em></strong></span> 
     </span>
    </p>
   </div>
   <div class='ocr_carea' id='block_1_81' title="bbox 2133 2613 3644 2686">
    <p class='ocr_par' dir='ltr' id='par_1_81' title="bbox 2133 2613 3644 2686">
     <span class='ocr_line' id='line_1_81' title="bbox 2133 2613 3644 2686; baseline -0.003 -18"><span class='ocrx_word' id='word_1_537' title='bbox 2133 2615 2516 2670; x_wconf 88' lang='lat' dir='ltr'><strong><em>Demonstratio</em></strong></span> <span class='ocrx_word' id='word_1_538' title='bbox 2547 2632 2612 2670; x_wconf 77' lang='lat' dir='ltr'><strong><em>ea:</em></strong></span> <span class='ocrx_word' id='word_1_539' title='bbox 2635 2632 2787 2671; x_wconf 87' lang='lat' dir='ltr'><strong><em>sacra</em></strong></span> <span class='ocrx_word' id='word_1_540' title='bbox 2811 2613 3109 2684; x_wconf 83' lang='lat' dir='ltr'><strong><em>Scriptura,</em></strong></span> <span class='ocrx_word' id='word_1_541' title='bbox 3135 2616 3272 2686; x_wconf 84' lang='lat' dir='ltr'><strong><em>quod</em></strong></span> <span class='ocrx_word' id='word_1_542' title='bbox 3339 2632 3430 2683; x_wconf 88' lang='lat' dir='ltr'><strong><em>per</em></strong></span> <span class='ocrx_word' id='word_1_543' title='bbox 3461 2617 3644 2681; x_wconf 85' lang='lat' dir='ltr'><strong><em>parti-.</em></strong></span> 
     </span>
    </p>
   </div>
   <div class='ocr_carea' id='block_1_82' title="bbox 2059 2705 3621 2777">
    <p class='ocr_par' dir='ltr' id='par_1_82' title="bbox 2059 2705 3621 2777">
     <span class='ocr_line' id='line_1_82' title="bbox 2059 2705 3621 2777; baseline -0.001 -17"><span class='ocrx_word' id='word_1_544' title='bbox 2059 2707 2369 2775; x_wconf 89' lang='lat' dir='ltr'><strong><em>cipationem</em></strong></span> <span class='ocrx_word' id='word_1_545' title='bbox 2385 2705 2675 2762; x_wconf 78' lang='lat' dir='ltr'><strong><em>divinitatis</em></strong></span> <span class='ocrx_word' id='word_1_546' title='bbox 2706 2707 2774 2760; x_wconf 92' lang='lat' dir='ltr'><strong><em>ad</em></strong></span> <span class='ocrx_word' id='word_1_547' title='bbox 2805 2707 3082 2777; x_wconf 85' lang='lat' dir='ltr'><strong><em>imaginem</em></strong></span> <span class='ocrx_word' id='word_1_548' title='bbox 3130 2707 3293 2775; x_wconf 84' lang='lat' dir='ltr'><strong><em>ipsius</em></strong></span> <span class='ocrx_word' id='word_1_549' title='bbox 3316 2707 3621 2774; x_wconf 79' lang='lat' dir='ltr'><strong><em>formemur.</em></strong></span> 
     </span>
    </p>
   </div>
   <div class='ocr_carea' id='block_1_83' title="bbox 2061 2796 3622 2867">
    <p class='ocr_par' dir='ltr' id='par_1_83' title="bbox 2061 2796 3622 2867">
     <span class='ocr_line' id='line_1_83' title="bbox 2061 2796 3622 2867; baseline -0.003 -15"><span class='ocrx_word' id='word_1_550' title='bbox 2061 2797 2244 2867; x_wconf 80' lang='lat' dir='ltr'><strong><em>Neque</em></strong></span> <span class='ocrx_word' id='word_1_551' title='bbox 2290 2798 2430 2852; x_wconf 85' lang='lat' dir='ltr'><strong><em>enim</em></strong></span> <span class='ocrx_word' id='word_1_552' title='bbox 2481 2799 2609 2852; x_wconf 85' lang='lat' dir='ltr'><strong><em>satis</em></strong></span> <span class='ocrx_word' id='word_1_553' title='bbox 2657 2798 2755 2867; x_wconf 79' lang='lat' dir='ltr'><strong><em>fuit</em></strong></span> <span class='ocrx_word' id='word_1_554' title='bbox 2813 2797 2880 2852; x_wconf 87' lang='lat' dir='ltr'><strong><em>ad</em></strong></span> <span class='ocrx_word' id='word_1_555' title='bbox 2941 2798 2997 2850; x_wconf 90' lang='lat' dir='ltr'><strong><em>id</em></strong></span> <span class='ocrx_word' id='word_1_556' title='bbox 3024 2807 3080 2851; x_wconf 90' lang='lat' dir='ltr'><strong><em>ut</em></strong></span> <span class='ocrx_word' id='word_1_557' title='bbox 3111 2797 3371 2852; x_wconf 77' lang='lat' dir='ltr'><strong><em>videretur</em></strong></span> <span class='ocrx_word' id='word_1_558' title='bbox 3398 2805 3446 2852; x_wconf 82' lang='lat' dir='ltr'><strong><em>et</em></strong></span> <span class='ocrx_word' id='word_1_559' title='bbox 3475 2796 3622 2864; x_wconf 76' lang='lat' dir='ltr'><strong><em>ﬁeret</em></strong></span> 
     </span>
    </p>
   </div>
   <div class='ocr_carea' id='block_1_84' title="bbox 2057 2888 3640 2959">
    <p class='ocr_par' dir='ltr' id='par_1_84' title="bbox 2057 2888 3640 2959">
     <span class='ocr_line' id='line_1_84' title="bbox 2057 2888 3640 2959; baseline 0.003 -19"><span class='ocrx_word' id='word_1_560' title='bbox 2057 2889 2212 2941; x_wconf 78' lang='lat' dir='ltr'><strong><em>homo</em></strong></span> <span class='ocrx_word' id='word_1_561' title='bbox 2269 2888 2442 2959; x_wconf 90' lang='lat' dir='ltr'><strong><em>imago</em></strong></span> <span class='ocrx_word' id='word_1_562' title='bbox 2504 2888 2788 2954; x_wconf 78' lang='lat' dir='ltr'><strong><em>Creatoris,</em></strong></span> <span class='ocrx_word' id='word_1_563' title='bbox 2844 2888 3033 2946; x_wconf 84' lang='lat' dir='ltr'><strong><em>solam.</em></strong></span> <span class='ocrx_word' id='word_1_564' title='bbox 3087 2889 3454 2956; x_wconf 88' lang='lat' dir='ltr'><strong><em>cogitationem</em></strong></span> <span class='ocrx_word' id='word_1_565' title='bbox 3528 2902 3640 2944; x_wconf 65' lang='lat' dir='ltr'><strong><em>sse.</em></strong></span> 
     </span>
    </p>
   </div>
   <div class='ocr_carea' id='block_1_85' title="bbox 2055 2994 2234 3048">
    <p class='ocr_par' dir='ltr' id='par_1_85' title="bbox 2055 2994 2234 3048">
     <span class='ocr_line' id='line_1_85' title="bbox 2055 2994 2234 3048; baseline 0 -14"><span class='ocrx_word' id='word_1_566' title='bbox 2055 2994 2234 3048; x_wconf 74' lang='lat' dir='ltr'><strong><em>primi.</em></strong></span> 
     </span>
    </p>
   </div>
   <div class='ocr_carea' id='block_1_86' title="bbox 2583 3151 3057 3208">
    <p class='ocr_par' dir='ltr' id='par_1_86' title="bbox 2583 3151 3057 3208">
     <span class='ocr_line' id='line_1_86' title="bbox 2583 3151 3057 3208; baseline 0.002 -1"><span class='ocrx_word' id='word_1_567' title='bbox 2583 3151 2873 3207; x_wconf 80' lang='lat' dir='ltr'><strong><em>ASSERT.</em></strong></span> <span class='ocrx_word' id='word_1_568' title='bbox 2917 3152 3057 3208; x_wconf 79' lang='lat' dir='ltr'><strong><em>XIV.</em></strong></span> 
     </span>
    </p>
   </div>
   <div class='ocr_carea' id='block_1_87' title="bbox 2119 3238 3642 3312">
    <p class='ocr_par' dir='ltr' id='par_1_87' title="bbox 2119 3238 3642 3312">
     <span class='ocr_line' id='line_1_87' title="bbox 2119 3238 3642 3312; baseline 0.003 -22"><span class='ocrx_word' id='word_1_569' title='bbox 2119 3238 2197 3293; x_wconf 90' lang='lat' dir='ltr'><strong><em>De</em></strong></span> <span class='ocrx_word' id='word_1_570' title='bbox 2223 3240 2569 3293; x_wconf 80' lang='lat' dir='ltr'><strong><em>similitudine</em></strong></span> <span class='ocrx_word' id='word_1_571' title='bbox 2606 3240 2784 3295; x_wconf 85' lang='lat' dir='ltr'><strong><em>Patris</em></strong></span> <span class='ocrx_word' id='word_1_572' title='bbox 2812 3251 2857 3295; x_wconf 93' lang='lat' dir='ltr'><strong><em>et</em></strong></span> <span class='ocrx_word' id='word_1_573' title='bbox 2909 3241 3061 3308; x_wconf 87' lang='lat' dir='ltr'><strong><em>Filii,</em></strong></span> <span class='ocrx_word' id='word_1_574' title='bbox 3087 3243 3350 3311; x_wconf 87' lang='lat' dir='ltr'><strong><em>proposito</em></strong></span> <span class='ocrx_word' id='word_1_575' title='bbox 3379 3242 3446 3312; x_wconf 60' lang='lat'><strong><em>7-</em></strong></span> <span class='ocrx_word' id='word_1_576' title='bbox 3475 3241 3642 3300; x_wconf 75' lang='lat' dir='ltr'><strong><em>dicto</em></strong></span> 
     </span>
    </p>
   </div>
   <div class='ocr_carea' id='block_1_88' title="bbox 2052 3329 3640 3405">
    <p class='ocr_par' dir='ltr' id='par_1_88' title="bbox 2052 3329 3640 3405">
     <span class='ocr_line' id='line_1_88' title="bbox 2052 3329 3640 3405; baseline 0.001 -22"><span class='ocrx_word' id='word_1_577' title='bbox 2052 3331 2172 3393; x_wconf 87' lang='lat' dir='ltr'><strong><em>hoc,</em></strong></span> <span class='ocrx_word' id='word_1_578' title='bbox 2205 3348 2224 3381; x_wconf 79' lang='grc' dir='ltr'><strong><em>ι</em></strong></span> <span class='ocrx_word' id='word_1_579' title='bbox 2269 3329 2419 3385; x_wconf 84' lang='lat' dir='ltr'><strong><em>Sicut</em></strong></span> <span class='ocrx_word' id='word_1_580' title='bbox 2445 3331 2581 3385; x_wconf 88' lang='lat' dir='ltr'><strong><em>enim</em></strong></span> <span class='ocrx_word' id='word_1_581' title='bbox 2604 3329 2768 3387; x_wconf 92' lang='lat' dir='ltr'><strong><em>Pater</em></strong></span> <span class='ocrx_word' id='word_1_582' title='bbox 2785 3332 2936 3386; x_wconf 81' lang='lat' dir='ltr'><strong><em>habet</em></strong></span> <span class='ocrx_word' id='word_1_583' title='bbox 2960 3333 3119 3386; x_wconf 79' lang='lat' dir='ltr'><strong><em>vitam</em></strong></span> <span class='ocrx_word' id='word_1_584' title='bbox 3153 3333 3207 3386; x_wconf 91' lang='lat' dir='ltr'><strong><em>in</em></strong></span> <span class='ocrx_word' id='word_1_585' title='bbox 3229 3333 3420 3405; x_wconf 85' lang='lat' dir='ltr'><strong><em>seipso,</em></strong></span> <span class='ocrx_word' id='word_1_586' title='bbox 3450 3333 3528 3386; x_wconf 90' lang='lat' dir='ltr'><strong><em>ita</em></strong></span> <span class='ocrx_word' id='word_1_587' title='bbox 3565 3342 3640 3391; x_wconf 66' lang='lat' dir='ltr'><strong><em>et,</em></strong></span> 
     </span>
    </p>
   </div>
   <div class='ocr_carea' id='block_1_89' title="bbox 2051 3417 3640 3494">
    <p class='ocr_par' dir='ltr' id='par_1_89' title="bbox 2051 3417 3640 3494">
     <span class='ocr_line' id='line_1_89' title="bbox 2051 3417 3640 3494; baseline 0.001 -22"><span class='ocrx_word' id='word_1_588' title='bbox 2051 3417 2194 3474; x_wconf 84' lang='lat' dir='ltr'><strong><em>Filio</em></strong></span> <span class='ocrx_word' id='word_1_589' title='bbox 2226 3419 2367 3474; x_wconf 89' lang='lat' dir='ltr'><strong><em>dedit</em></strong></span> <span class='ocrx_word' id='word_1_590' title='bbox 2390 3420 2550 3474; x_wconf 76' lang='lat' dir='ltr'><strong><em>vitam</em></strong></span> <span class='ocrx_word' id='word_1_591' title='bbox 2569 3423 2758 3477; x_wconf 89' lang='lat' dir='ltr'><strong><em>habere</em></strong></span> <span class='ocrx_word' id='word_1_592' title='bbox 2794 3423 2848 3476; x_wconf 90' lang='lat' dir='ltr'><strong><em>in</em></strong></span> <span class='ocrx_word' id='word_1_593' title='bbox 2877 3424 3103 3492; x_wconf 63' lang='lat' dir='ltr'><strong><em>seipsou</em></strong></span> <span class='ocrx_word' id='word_1_594' title='bbox 3139 3424 3222 3478; x_wconf 74' lang='lat' dir='ltr'><em>Ex</em></span> <span class='ocrx_word' id='word_1_595' title='bbox 3265 3442 3368 3494; x_wconf 87' lang='lat' dir='ltr'><strong><em>quo</em></strong></span> <span class='ocrx_word' id='word_1_596' title='bbox 3391 3424 3640 3494; x_wconf 75' lang='lat' dir='ltr'><strong><em>infertur...</em></strong></span> 
     </span>
    </p>
   </div>
   <div class='ocr_carea' id='block_1_90' title="bbox 2047 3508 3643 3583">
    <p class='ocr_par' dir='ltr' id='par_1_90' title="bbox 2047 3508 3643 3583">
     <span class='ocr_line' id='line_1_90' title="bbox 2047 3508 3643 3583; baseline 0.003 -20"><span class='ocrx_word' id='word_1_597' title='bbox 2047 3510 2358 3579; x_wconf 79' lang='lat' dir='ltr'><strong><em>syllogistice</em></strong></span> <span class='ocrx_word' id='word_1_598' title='bbox 2379 3508 2580 3566; x_wconf 86' lang='lat' dir='ltr'><strong><em>Filium</em></strong></span> <span class='ocrx_word' id='word_1_599' title='bbox 2611 3529 2723 3568; x_wconf 88' lang='lat' dir='ltr'><strong><em>esse</em></strong></span> <span class='ocrx_word' id='word_1_600' title='bbox 2783 3515 3097 3570; x_wconf 88' lang='lat' dir='ltr'><strong><em>naturaliter</em></strong></span> <span class='ocrx_word' id='word_1_601' title='bbox 3147 3519 3326 3583; x_wconf 78' lang='lat' dir='ltr'><strong><em>vitam,</em></strong></span> <span class='ocrx_word' id='word_1_602' title='bbox 3379 3516 3514 3571; x_wconf 84' lang='lat' dir='ltr'><strong><em>sicut</em></strong></span> <span class='ocrx_word' id='word_1_603' title='bbox 3565 3524 3643 3576; x_wconf 83' lang='lat' dir='ltr'><strong><em>et,</em></strong></span> 
     </span>
    </p>
   </div>
   <div class='ocr_carea' id='block_1_91' title="bbox 2049 3599 2230 3657">
    <p class='ocr_par' dir='ltr' id='par_1_91' title="bbox 2049 3599 2230 3657">
     <span class='ocr_line' id='line_1_91' title="bbox 2049 3599 2230 3657; baseline 0.022 -4"><span class='ocrx_word' id='word_1_604' title='bbox 2049 3599 2230 3657; x_wconf 87' lang='lat' dir='ltr'><strong><em>Pater.</em></strong></span> 
     </span>
    </p>
   </div>
   <div class='ocr_carea' id='block_1_92' title="bbox 2597 3694 3053 3756">
    <p class='ocr_par' dir='ltr' id='par_1_92' title="bbox 2597 3694 3053 3756">
     <span class='ocr_line' id='line_1_92' title="bbox 2597 3694 3053 3756; baseline 0.015 -7"><span class='ocrx_word' id='word_1_605' title='bbox 2597 3694 2891 3752; x_wconf 78' lang='lat' dir='ltr'><strong><em>ASSERT.</em></strong></span> <span class='ocrx_word' id='word_1_606' title='bbox 2934 3697 3053 3756; x_wconf 77' lang='lat' dir='ltr'><strong><em>XV.</em></strong></span> 
     </span>
    </p>
   </div>
   <div class='ocr_carea' id='block_1_93' title="bbox 2122 3782 3628 3855">
    <p class='ocr_par' dir='ltr' id='par_1_93' title="bbox 2122 3782 3628 3855">
     <span class='ocr_line' id='line_1_93' title="bbox 2122 3782 3628 3855; baseline 0.003 -20"><span class='ocrx_word' id='word_1_607' title='bbox 2122 3783 2191 3836; x_wconf 85' lang='lat' dir='ltr'><strong><em>In</em></strong></span> <span class='ocrx_word' id='word_1_608' title='bbox 2223 3782 2356 3836; x_wconf 81' lang='lat' dir='ltr'><strong><em>illud</em></strong></span> <span class='ocrx_word' id='word_1_609' title='bbox 2379 3786 2518 3851; x_wconf 87' lang='lat' dir='ltr'><strong><em>quod</em></strong></span> <span class='ocrx_word' id='word_1_610' title='bbox 2537 3785 2593 3838; x_wconf 84' lang='lat' dir='ltr'><strong><em>in</em></strong></span> <span class='ocrx_word' id='word_1_611' title='bbox 2640 3787 2730 3842; x_wconf 84' lang='lat' dir='ltr'><strong><em>lib.</em></strong></span> <span class='ocrx_word' id='word_1_612' title='bbox 2769 3787 3018 3845; x_wconf 75' lang='lat' dir='ltr'><strong><em>Proverb.</em></strong></span> <span class='ocrx_word' id='word_1_613' title='bbox 3053 3790 3263 3855; x_wconf 85' lang='lat' dir='ltr'><strong><em>dicitur,</em></strong></span> <span class='ocrx_word' id='word_1_614' title='bbox 3297 3809 3317 3842; x_wconf 81' lang='grc' dir='ltr'><strong><em>ι</em></strong></span> <span class='ocrx_word' id='word_1_615' title='bbox 3359 3791 3628 3846; x_wconf 80' lang='lat' dir='ltr'><strong><em>Dominus.</em></strong></span> 
     </span>
    </p>
   </div>
   <div class='ocr_carea' id='block_1_94' title="bbox 2046 3874 3623 3948">
    <p class='ocr_par' dir='ltr' id='par_1_94' title="bbox 2046 3874 3623 3948">
     <span class='ocr_line' id='line_1_94' title="bbox 2046 3874 3623 3948; baseline 0.003 -21"><span class='ocrx_word' id='word_1_616' title='bbox 2046 3874 2238 3927; x_wconf 72' lang='lat' dir='ltr'><strong><em>creavit</em></strong></span> <span class='ocrx_word' id='word_1_617' title='bbox 2255 3889 2335 3928; x_wconf 89' lang='lat' dir='ltr'><strong><em>me</em></strong></span> <span class='ocrx_word' id='word_1_618' title='bbox 2358 3875 2671 3942; x_wconf 84' lang='lat' dir='ltr'><strong><em>principium</em></strong></span> <span class='ocrx_word' id='word_1_619' title='bbox 2697 3878 2894 3931; x_wconf 79' lang='lat' dir='ltr'><strong><em>viarum</em></strong></span> <span class='ocrx_word' id='word_1_620' title='bbox 2920 3896 3162 3947; x_wconf 87' lang='lat' dir='ltr'><strong><em>suarum,</em></strong></span> <span class='ocrx_word' id='word_1_621' title='bbox 3194 3883 3248 3935; x_wconf 90' lang='lat' dir='ltr'><strong><em>in</em></strong></span> <span class='ocrx_word' id='word_1_622' title='bbox 3271 3897 3425 3948; x_wconf 87' lang='lat' dir='ltr'><strong><em>opera</em></strong></span> <span class='ocrx_word' id='word_1_623' title='bbox 3454 3899 3572 3936; x_wconf 86' lang='lat' dir='ltr'><strong><em>sua.</em></strong></span> <span class='ocrx_word' id='word_1_624' title='bbox 3589 3901 3623 3944; x_wconf 42' lang='grc' dir='ltr'><strong><em>ι,</em></strong></span> 
     </span>
    </p>
   </div>
   <div class='ocr_carea' id='block_1_95' title="bbox 2048 3963 3612 4035">
    <p class='ocr_par' dir='ltr' id='par_1_95' title="bbox 2048 3963 3612 4035">
     <span class='ocr_line' id='line_1_95' title="bbox 2048 3963 3612 4035; baseline 0.005 -19"><span class='ocrx_word' id='word_1_625' title='bbox 2048 3965 2200 4030; x_wconf 82' lang='lat' dir='ltr'><strong><em>Quod</em></strong></span> <span class='ocrx_word' id='word_1_626' title='bbox 2221 3963 2430 4019; x_wconf 78' lang='lat' dir='ltr'><strong><em>uerbum</em></strong></span> <span class='ocrx_word' id='word_1_627' title='bbox 2467 3963 2622 4032; x_wconf 87' lang='lat' dir='ltr'><strong><em>illud,</em></strong></span> <span class='ocrx_word' id='word_1_628' title='bbox 2648 3983 2667 4018; x_wconf 83' lang='grc' dir='ltr'><strong><em>ι</em></strong></span> <span class='ocrx_word' id='word_1_629' title='bbox 2689 3969 2902 4035; x_wconf 81' lang='lat' dir='ltr'><strong><em>creavit,</em></strong></span> <span class='ocrx_word' id='word_1_630' title='bbox 2924 3986 2942 4020; x_wconf 75' lang='grc' dir='ltr'><strong><em>ι</em></strong></span> <span class='ocrx_word' id='word_1_631' title='bbox 2975 3984 3078 4022; x_wconf 84' lang='grc' dir='ltr'><strong><em>ηοη</em></strong></span> <span class='ocrx_word' id='word_1_632' title='bbox 3104 3970 3169 4023; x_wconf 88' lang='lat' dir='ltr'><strong><em>de</em></strong></span> <span class='ocrx_word' id='word_1_633' title='bbox 3198 3975 3420 4023; x_wconf 85' lang='lat' dir='ltr'><strong><em>essentia</em></strong></span> <span class='ocrx_word' id='word_1_634' title='bbox 3465 3971 3612 4024; x_wconf 85' lang='lat' dir='ltr'><strong><em>Verbi</em></strong></span> 
     </span>
    </p>
   </div>
   <div class='ocr_carea' id='block_1_96' title="bbox 2044 4056 3617 4128">
    <p class='ocr_par' dir='ltr' id='par_1_96' title="bbox 2044 4056 3617 4128">
     <span class='ocr_line' id='line_1_96' title="bbox 2044 4056 3617 4128; baseline 0.002 -19"><span class='ocrx_word' id='word_1_635' title='bbox 2044 4057 2273 4122; x_wconf 80' lang='lat' dir='ltr'><strong><em>dicatur,</em></strong></span> <span class='ocrx_word' id='word_1_636' title='bbox 2359 4064 2411 4114; x_wconf 83' lang='lat' dir='ltr'><strong><em>et</em></strong></span> <span class='ocrx_word' id='word_1_637' title='bbox 2448 4058 2602 4128; x_wconf 64' lang='lat' dir='ltr'><strong><em>quod</em></strong></span> <span class='ocrx_word' id='word_1_638' title='bbox 2651 4056 2840 4113; x_wconf 58' lang='lat' dir='ltr'><strong><em>Filius.</em></strong></span> <span class='ocrx_word' id='word_1_639' title='bbox 2916 4075 3032 4120; x_wconf 42' lang='lat' dir='ltr'><strong><em>non;</em></strong></span> <span class='ocrx_word' id='word_1_640' title='bbox 3094 4061 3163 4114; x_wconf 88' lang='lat' dir='ltr'><strong><em>sit</em></strong></span> <span class='ocrx_word' id='word_1_641' title='bbox 3216 4067 3462 4116; x_wconf 85' lang='lat' dir='ltr'><strong><em>creatura</em></strong></span> <span class='ocrx_word' id='word_1_642' title='bbox 3534 4058 3617 4114; x_wconf 71' lang='lat' dir='ltr'><strong><em>ut</em></strong></span> 
     </span>
    </p>
   </div>
   <div class='ocr_carea' id='block_1_97' title="bbox 2043 4165 2193 4215">
    <p class='ocr_par' dir='ltr' id='par_1_97' title="bbox 2043 4165 2193 4215">
     <span class='ocr_line' id='line_1_97' title="bbox 2043 4165 2193 4215; baseline 0.007 -12"><span class='ocrx_word' id='word_1_643' title='bbox 2043 4165 2193 4215; x_wconf 78' lang='lat' dir='ltr'><strong><em>opus.</em></strong></span> 
     </span>
    </p>
   </div>
   <div class='ocr_carea' id='block_1_98' title="bbox 2110 4240 3608 4310">
    <p class='ocr_par' dir='ltr' id='par_1_98' title="bbox 2110 4240 3608 4310">
     <span class='ocr_line' id='line_1_98' title="bbox 2110 4240 3608 4310; baseline 0.001 -18"><span class='ocrx_word' id='word_1_644' title='bbox 2110 4240 2511 4293; x_wconf 86' lang='lat' dir='ltr'><strong><em>Demonstrntur</em></strong></span> <span class='ocrx_word' id='word_1_645' title='bbox 2575 4240 2992 4295; x_wconf 68' lang='lat' dir='ltr'><strong><em>auctoritatibus.</em></strong></span> <span class='ocrx_word' id='word_1_646' title='bbox 3052 4257 3219 4297; x_wconf 68' lang='grc' dir='ltr'><em>εστι-ιε</em></span> <span class='ocrx_word' id='word_1_647' title='bbox 3293 4241 3608 4310; x_wconf 75' lang='lat' dir='ltr'><strong><em>Scriptum,</em></strong></span> 
     </span>
    </p>
   </div>
   <div class='ocr_carea' id='block_1_99' title="bbox 2040 4329 3610 4404">
    <p class='ocr_par' dir='ltr' id='par_1_99' title="bbox 2040 4329 3610 4404">
     <span class='ocr_line' id='line_1_99' title="bbox 2040 4329 3610 4404; baseline 0.003 -21"><span class='ocrx_word' id='word_1_648' title='bbox 2040 4329 2178 4400; x_wconf 85' lang='lat' dir='ltr'><strong><em>quod</em></strong></span> <span class='ocrx_word' id='word_1_649' title='bbox 2207 4329 2350 4383; x_wconf 86' lang='lat' dir='ltr'><strong><em>nulla</em></strong></span> <span class='ocrx_word' id='word_1_650' title='bbox 2379 4339 2740 4384; x_wconf 82' lang='lat' dir='ltr'><strong><em>creaturarum</em></strong></span> <span class='ocrx_word' id='word_1_651' title='bbox 2774 4331 3024 4386; x_wconf 89' lang='lat' dir='ltr'><strong><em>adoretur</em></strong></span> <span class='ocrx_word' id='word_1_652' title='bbox 3076 4333 3228 4402; x_wconf 83' lang='lat' dir='ltr'><strong><em>quasi</em></strong></span> <span class='ocrx_word' id='word_1_653' title='bbox 3260 4331 3420 4398; x_wconf 85' lang='lat' dir='ltr'><strong><em>Deus,</em></strong></span> <span class='ocrx_word' id='word_1_654' title='bbox 3444 4333 3610 4404; x_wconf 68' lang='lat' dir='ltr'><strong><em>quod.</em></strong></span> 
     </span>
    </p>
   </div>
   <div class='ocr_carea' id='block_1_100' title="bbox 2043 4422 3613 4493">
    <p class='ocr_par' dir='ltr' id='par_1_100' title="bbox 2043 4422 3613 4493">
     <span class='ocr_line' id='line_1_100' title="bbox 2043 4422 3613 4493; baseline 0.002 -17"><span class='ocrx_word' id='word_1_655' title='bbox 2043 4439 2140 4492; x_wconf 86' lang='lat' dir='ltr'><strong><em>que</em></strong></span> <span class='ocrx_word' id='word_1_656' title='bbox 2164 4437 2227 4476; x_wconf 90' lang='lat' dir='ltr'><strong><em>ea</em></strong></span> <span class='ocrx_word' id='word_1_657' title='bbox 2241 4422 2618 4490; x_wconf 68' lang='lat' dir='ltr'><strong><em>qum-adorant,</em></strong></span> <span class='ocrx_word' id='word_1_658' title='bbox 2657 4423 2872 4475; x_wconf 88' lang='lat' dir='ltr'><strong><em>adorari</em></strong></span> <span class='ocrx_word' id='word_1_659' title='bbox 2900 4431 3002 4476; x_wconf 83' lang='lat' dir='ltr'><strong><em>aut</em></strong></span> <span class='ocrx_word' id='word_1_660' title='bbox 3033 4424 3318 4493; x_wconf 77' lang='lat' dir='ltr'><strong><em>gloriﬁcari</em></strong></span> <span class='ocrx_word' id='word_1_661' title='bbox 3358 4441 3461 4479; x_wconf 89' lang='lat' dir='ltr'><strong><em>non</em></strong></span> <span class='ocrx_word' id='word_1_662' title='bbox 3493 4441 3613 4479; x_wconf 39' lang='lat' dir='ltr'><strong><em>sus,</em></strong></span> 
     </span>
    </p>
   </div>
   <div class='ocr_carea' id='block_1_101' title="bbox 2041 4511 2262 4563">
    <p class='ocr_par' dir='ltr' id='par_1_101' title="bbox 2041 4511 2262 4563">
     <span class='ocr_line' id='line_1_101' title="bbox 2041 4511 2262 4563; baseline 0 -1"><span class='ocrx_word' id='word_1_663' title='bbox 2041 4511 2262 4563; x_wconf 87' lang='lat' dir='ltr'><strong><em>tineant.</em></strong></span> 
     </span>
    </p>
   </div>
   <div class='ocr_carea' id='block_1_102' title="bbox 2110 4597 3607 4672">
    <p class='ocr_par' dir='ltr' id='par_1_102' title="bbox 2110 4597 3607 4672">
     <span class='ocr_line' id='line_1_102' title="bbox 2110 4597 3607 4672; baseline 0.003 -20"><span class='ocrx_word' id='word_1_664' title='bbox 2110 4597 2346 4668; x_wconf 83' lang='lat' dir='ltr'><strong><em>Objectio</em></strong></span> <span class='ocrx_word' id='word_1_665' title='bbox 2384 4615 2448 4653; x_wconf 74' lang='lat' dir='ltr'><strong><em>ea:</em></strong></span> <span class='ocrx_word' id='word_1_666' title='bbox 2475 4598 2806 4668; x_wconf 88' lang='lat' dir='ltr'><strong><em>dogmatibus</em></strong></span> <span class='ocrx_word' id='word_1_667' title='bbox 2837 4601 2972 4661; x_wconf 77' lang='lat' dir='ltr'><strong><em>Arii,</em></strong></span> <span class='ocrx_word' id='word_1_668' title='bbox 3007 4617 3124 4670; x_wconf 80' lang='lat' dir='ltr'><strong><em>qua:</em></strong></span> <span class='ocrx_word' id='word_1_669' title='bbox 3179 4618 3371 4668; x_wconf 77' lang='lat' dir='ltr'><strong><em>verum,</em></strong></span> <span class='ocrx_word' id='word_1_670' title='bbox 3417 4613 3469 4656; x_wconf 90' lang='lat' dir='ltr'><strong><em>ut</em></strong></span> <span class='ocrx_word' id='word_1_671' title='bbox 3510 4605 3607 4672; x_wconf 84' lang='lat' dir='ltr'><strong><em>ipsi</em></strong></span> 
     </span>
    </p>
   </div>
   <div class='ocr_carea' id='block_1_103' title="bbox 2041 4691 3664 4759">
    <p class='ocr_par' dir='ltr' id='par_1_103' title="bbox 2041 4691 3664 4759">
     <span class='ocr_line' id='line_1_103' title="bbox 2041 4691 3664 4759; baseline 0.002 -19"><span class='ocrx_word' id='word_1_672' title='bbox 2041 4697 2249 4756; x_wconf 88' lang='lat' dir='ltr'><strong><em>putant,</em></strong></span> <span class='ocrx_word' id='word_1_673' title='bbox 2284 4703 2498 4742; x_wconf 88' lang='lat' dir='ltr'><strong><em>causam</em></strong></span> <span class='ocrx_word' id='word_1_674' title='bbox 2527 4691 2773 4754; x_wconf 87' lang='lat' dir='ltr'><strong><em>continet,</em></strong></span> <span class='ocrx_word' id='word_1_675' title='bbox 2809 4698 3020 4758; x_wconf 86' lang='lat' dir='ltr'><strong><em>propter</em></strong></span> <span class='ocrx_word' id='word_1_676' title='bbox 3088 4706 3245 4759; x_wconf 85' lang='lat' dir='ltr'><strong><em>quam</em></strong></span> <span class='ocrx_word' id='word_1_677' title='bbox 3280 4691 3455 4759; x_wconf 83' lang='lat' dir='ltr'><strong><em>factus</em></strong></span> <span class='ocrx_word' id='word_1_678' title='bbox 3541 4693 3607 4744; x_wconf 87' lang='lat' dir='ltr'><strong><em>sit</em></strong></span> <span class='ocrx_word' id='word_1_679' title='bbox 3659 4751 3664 4754; x_wconf 97' lang='lat'><em>_</em></span> 
     </span>
    </p>
   </div>
   <div class='ocr_carea' id='block_1_104' title="bbox 2042 4774 3608 4847">
    <p class='ocr_par' dir='ltr' id='par_1_104' title="bbox 2042 4774 3608 4847">
     <span class='ocr_line' id='line_1_104' title="bbox 2042 4774 3608 4847; baseline 0.003 -19"><span class='ocrx_word' id='word_1_680' title='bbox 2042 4774 2238 4843; x_wconf 83' lang='lat' dir='ltr'><strong><em>Filius,</em></strong></span> <span class='ocrx_word' id='word_1_681' title='bbox 2286 4789 2338 4830; x_wconf 82' lang='lat' dir='ltr'><strong><em>et</em></strong></span> <span class='ocrx_word' id='word_1_682' title='bbox 2372 4776 2602 4846; x_wconf 85' lang='lat' dir='ltr'><strong><em>ejusdem</em></strong></span> <span class='ocrx_word' id='word_1_683' title='bbox 2641 4792 2732 4843; x_wconf 86' lang='lat' dir='ltr'><strong><em>per</em></strong></span> <span class='ocrx_word' id='word_1_684' title='bbox 2782 4778 2976 4832; x_wconf 89' lang='lat' dir='ltr'><strong><em>solidos</em></strong></span> <span class='ocrx_word' id='word_1_685' title='bbox 3021 4777 3350 4847; x_wconf 83' lang='lat' dir='ltr'><strong><em>syllogismos</em></strong></span> <span class='ocrx_word' id='word_1_686' title='bbox 3408 4777 3608 4845; x_wconf 78' lang='lat' dir='ltr'><strong><em>refuta-</em></strong></span> 
     </span>
    </p>
   </div>
   <div class='ocr_carea' id='block_1_105' title="bbox 2039 4879 2133 4924">
    <p class='ocr_par' dir='ltr' id='par_1_105' title="bbox 2039 4879 2133 4924">
     <span class='ocr_line' id='line_1_105' title="bbox 2039 4879 2133 4924; baseline 0.053 -5"><span class='ocrx_word' id='word_1_687' title='bbox 2039 4879 2133 4924; x_wconf 77' lang='lat' dir='ltr'><strong><em>lio.</em></strong></span> 
     </span>
    </p>
   </div>
   <div class='ocr_carea' id='block_1_106' title="bbox 2104 4956 3622 5030">
    <p class='ocr_par' dir='ltr' id='par_1_106' title="bbox 2104 4956 3622 5030">
     <span class='ocr_line' id='line_1_106' title="bbox 2104 4956 3622 5030; baseline 0.004 -22"><span class='ocrx_word' id='word_1_688' title='bbox 2104 4956 2264 5010; x_wconf 81' lang='lat' dir='ltr'><strong><em>Alin</em></strong></span> <span class='ocrx_word' id='word_1_689' title='bbox 2295 4959 2347 5010; x_wconf 89' lang='lat' dir='ltr'><strong><em>in</em></strong></span> <span class='ocrx_word' id='word_1_690' title='bbox 2369 4957 2521 5024; x_wconf 88' lang='lat' dir='ltr'><strong><em>illud,</em></strong></span> <span class='ocrx_word' id='word_1_691' title='bbox 2556 4959 2724 5014; x_wconf 71' lang='lat' dir='ltr'><strong><em>«Deus</em></strong></span> <span class='ocrx_word' id='word_1_692' title='bbox 2755 4960 3138 5030; x_wconf 80' lang='lat' dir='ltr'><strong><em>formavit,me,</em></strong></span> <span class='ocrx_word' id='word_1_693' title='bbox 3171 4979 3194 5012; x_wconf 71' lang='grc' dir='ltr'><strong><em>ι</em></strong></span> <span class='ocrx_word' id='word_1_694' title='bbox 3238 4969 3346 5015; x_wconf 83' lang='lat' dir='ltr'><strong><em>etc.</em></strong></span> <span class='ocrx_word' id='word_1_695' title='bbox 3377 4959 3443 5014; x_wconf 83' lang='lat' dir='ltr'><strong><em>Et</em></strong></span> <span class='ocrx_word' id='word_1_696' title='bbox 3471 4962 3622 5030; x_wconf 81' lang='lat' dir='ltr'><strong><em>quod</em></strong></span> 
     </span>
    </p>
   </div>
   <div class='ocr_carea' id='block_1_107' title="bbox 2043 5045 2738 5107">
    <p class='ocr_par' dir='ltr' id='par_1_107' title="bbox 2043 5045 2738 5107">
     <span class='ocr_line' id='line_1_107' title="bbox 2043 5045 2738 5107; baseline 0.012 -8"><span class='ocrx_word' id='word_1_697' title='bbox 2043 5045 2219 5102; x_wconf 77' lang='lat' dir='ltr'><strong><em>Filius</em></strong></span> <span class='ocrx_word' id='word_1_698' title='bbox 2245 5067 2344 5104; x_wconf 88' lang='lat' dir='ltr'><strong><em>non</em></strong></span> <span class='ocrx_word' id='word_1_699' title='bbox 2369 5051 2436 5104; x_wconf 89' lang='lat' dir='ltr'><strong><em>sit</em></strong></span> <span class='ocrx_word' id='word_1_700' title='bbox 2474 5063 2738 5107; x_wconf 86' lang='lat' dir='ltr'><strong><em>creatura.</em></strong></span> 
     </span>
    </p>
   </div>
   <div class='ocr_carea' id='block_1_108' title="bbox 2110 5139 3606 5214">
    <p class='ocr_par' dir='ltr' id='par_1_108' title="bbox 2110 5139 3606 5214">
     <span class='ocr_line' id='line_1_108' title="bbox 2110 5139 3606 5214; baseline 0.004 -24"><span class='ocrx_word' id='word_1_701' title='bbox 2110 5139 2268 5192; x_wconf 79' lang='lat' dir='ltr'><strong><em>Aliud</em></strong></span> <span class='ocrx_word' id='word_1_702' title='bbox 2297 5142 2728 5208; x_wconf 74' lang='lat' dir='ltr'><strong><em>orthodoxorum,</em></strong></span> <span class='ocrx_word' id='word_1_703' title='bbox 2762 5142 2852 5197; x_wconf 70' lang='lat' dir='ltr'><strong><em>«Si</em></strong></span> <span class='ocrx_word' id='word_1_704' title='bbox 2889 5153 3131 5198; x_wconf 88' lang='lat' dir='ltr'><strong><em>creatura</em></strong></span> <span class='ocrx_word' id='word_1_705' title='bbox 3157 5155 3230 5198; x_wconf 88' lang='lat' dir='ltr'><strong><em>est</em></strong></span> <span class='ocrx_word' id='word_1_706' title='bbox 3264 5143 3454 5209; x_wconf 81' lang='lat' dir='ltr'><strong><em>Filius,</em></strong></span> <span class='ocrx_word' id='word_1_707' title='bbox 3475 5160 3606 5214; x_wconf 87' lang='lat' dir='ltr'><strong><em>quo-</em></strong></span> 
     </span>
    </p>
   </div>
   <div class='ocr_carea' id='block_1_109' title="bbox 2040 5232 3608 5303">
    <p class='ocr_par' dir='ltr' id='par_1_109' title="bbox 2040 5232 3608 5303">
     <span class='ocr_line' id='line_1_109' title="bbox 2040 5232 3608 5303; baseline 0.004 -21"><span class='ocrx_word' id='word_1_708' title='bbox 2040 5233 2195 5284; x_wconf 87' lang='lat' dir='ltr'><strong><em>modo</em></strong></span> <span class='ocrx_word' id='word_1_709' title='bbox 2220 5244 2410 5286; x_wconf 86' lang='lat' dir='ltr'><strong><em>natura</em></strong></span> <span class='ocrx_word' id='word_1_710' title='bbox 2457 5232 2682 5289; x_wconf 88' lang='lat' dir='ltr'><strong><em>Creator</em></strong></span> <span class='ocrx_word' id='word_1_711' title='bbox 2735 5251 2846 5290; x_wconf 90' lang='lat' dir='ltr'><strong><em>esse</em></strong></span> <span class='ocrx_word' id='word_1_712' title='bbox 2903 5237 3113 5303; x_wconf 80' lang='lat' dir='ltr'><strong><em>potest?</em></strong></span> <span class='ocrx_word' id='word_1_713' title='bbox 3165 5234 3287 5290; x_wconf 82' lang='lat' dir='ltr'><strong><em>Non</em></strong></span> <span class='ocrx_word' id='word_1_714' title='bbox 3327 5238 3461 5289; x_wconf 87' lang='lat' dir='ltr'><strong><em>enim</em></strong></span> <span class='ocrx_word' id='word_1_715' title='bbox 3515 5233 3608 5289; x_wconf 83' lang='lat' dir='ltr'><strong><em>hoc</em></strong></span> 
     </span>
    </p>
   </div>
   <div class='ocr_carea' id='block_1_110' title="bbox 2039 5325 3610 5397">
    <p class='ocr_par' dir='ltr' id='par_1_110' title="bbox 2039 5325 3610 5397">
     <span class='ocr_line' id='line_1_110' title="bbox 2039 5325 3610 5397; baseline 0.006 -24"><span class='ocrx_word' id='word_1_716' title='bbox 2039 5333 2399 5376; x_wconf 86' lang='lat' dir='ltr'><strong><em>creaturarum</em></strong></span> <span class='ocrx_word' id='word_1_717' title='bbox 2432 5328 2700 5392; x_wconf 88' lang='lat' dir='ltr'><strong><em>proprium</em></strong></span> <span class='ocrx_word' id='word_1_718' title='bbox 2731 5335 2862 5381; x_wconf 66' lang='lat' dir='ltr'><strong><em>est.»</em></strong></span> <span class='ocrx_word' id='word_1_719' title='bbox 2888 5325 2987 5380; x_wconf 84' lang='lat' dir='ltr'><strong><em>Cui</em></strong></span> <span class='ocrx_word' id='word_1_720' title='bbox 3021 5327 3371 5397; x_wconf 88' lang='lat' dir='ltr'><strong><em>subjiciuntur</em></strong></span> <span class='ocrx_word' id='word_1_721' title='bbox 3399 5327 3610 5382; x_wconf 78' lang='lat' dir='ltr'><strong><em>hwreti-</em></strong></span> 
     </span>
    </p>
   </div>
   <div class='ocr_carea' id='block_1_111' title="bbox 2043 5415 3032 5488">
    <p class='ocr_par' dir='ltr' id='par_1_111' title="bbox 2043 5415 3032 5488">
     <span class='ocr_line' id='line_1_111' title="bbox 2043 5415 3032 5488; baseline 0.008 -23"><span class='ocrx_word' id='word_1_722' title='bbox 2043 5429 2222 5467; x_wconf 88' lang='lat' dir='ltr'><strong><em>corum</em></strong></span> <span class='ocrx_word' id='word_1_723' title='bbox 2247 5415 2560 5486; x_wconf 83' lang='lat' dir='ltr'><strong><em>objectiones</em></strong></span> <span class='ocrx_word' id='word_1_724' title='bbox 2597 5429 2643 5472; x_wconf 87' lang='lat' dir='ltr'><strong><em>et</em></strong></span> <span class='ocrx_word' id='word_1_725' title='bbox 2671 5420 3032 5488; x_wconf 77' lang='lat' dir='ltr'><strong><em>refutationes.</em></strong></span> 
     </span>
    </p>
   </div>
   <div class='ocr_carea' id='block_1_112' title="bbox 2077 5592 3614 5665">
    <p class='ocr_par' dir='ltr' id='par_1_112' title="bbox 2077 5592 3614 5665">
     <span class='ocr_line' id='line_1_112' title="bbox 2077 5592 3614 5665; baseline -0.002 -18"><span class='ocrx_word' id='word_1_726' title='bbox 2077 5592 2086 5602; x_wconf 85' lang='grc'><strong>’</strong></span> <span class='ocrx_word' id='word_1_727' title='bbox 2110 5593 2439 5658; x_wconf 77' lang='grc' dir='ltr'><em>Οὸεει·υαιὶο,</em></span> <span class='ocrx_word' id='word_1_728' title='bbox 2467 5611 2531 5648; x_wconf 79' lang='lat' dir='ltr'><strong><em>ea:</em></strong></span> <span class='ocrx_word' id='word_1_729' title='bbox 2561 5611 2664 5664; x_wconf 86' lang='lat' dir='ltr'><strong><em>qua</em></strong></span> <span class='ocrx_word' id='word_1_730' title='bbox 2688 5595 2937 5650; x_wconf 86' lang='lat' dir='ltr'><strong><em>discimus</em></strong></span> <span class='ocrx_word' id='word_1_731' title='bbox 2963 5597 3168 5665; x_wconf 70' lang='lat' dir='ltr'><strong><em>angelis.</em></strong></span> <span class='ocrx_word' id='word_1_732' title='bbox 3186 5602 3236 5647; x_wconf 90' lang='lat' dir='ltr'><strong><em>et</em></strong></span> <span class='ocrx_word' id='word_1_733' title='bbox 3267 5593 3464 5646; x_wconf 86' lang='lat' dir='ltr'><strong><em>sanctis</em></strong></span> <span class='ocrx_word' id='word_1_734' title='bbox 3484 5607 3614 5659; x_wconf 81' lang='lat' dir='ltr'><strong><em>pro—</em></strong></span> 
     </span>
    </p>
   </div>
   <div class='ocr_carea' id='block_1_113' title="bbox 2050 5682 3609 5758">
    <p class='ocr_par' dir='ltr' id='par_1_113' title="bbox 2050 5682 3609 5758">
     <span class='ocr_line' id='line_1_113' title="bbox 2050 5682 3609 5758; baseline -0.004 -20"><span class='ocrx_word' id='word_1_735' title='bbox 2050 5689 2219 5755; x_wconf 80' lang='lat' dir='ltr'><strong><em>phetis</em></strong></span> <span class='ocrx_word' id='word_1_736' title='bbox 2250 5687 2675 5743; x_wconf 80' lang='lat' dir='ltr'><strong><em>consuetudinem</em></strong></span> <span class='ocrx_word' id='word_1_737' title='bbox 2705 5703 2812 5744; x_wconf 86' lang='lat' dir='ltr'><strong><em>esse</em></strong></span> <span class='ocrx_word' id='word_1_738' title='bbox 2837 5688 3004 5758; x_wconf 87' lang='lat' dir='ltr'><strong><em>jussis</em></strong></span> <span class='ocrx_word' id='word_1_739' title='bbox 3037 5704 3066 5741; x_wconf 90' lang='lat' dir='ltr'><strong><em>a</em></strong></span> <span class='ocrx_word' id='word_1_740' title='bbox 3103 5684 3210 5742; x_wconf 91' lang='lat' dir='ltr'><strong><em>Deo</em></strong></span> <span class='ocrx_word' id='word_1_741' title='bbox 3251 5685 3404 5738; x_wconf 83' lang='lat' dir='ltr'><strong><em>etiam</em></strong></span> <span class='ocrx_word' id='word_1_742' title='bbox 3447 5682 3609 5734; x_wconf 82' lang='lat' dir='ltr'><strong><em>inter-</em></strong></span> 
     </span>
    </p>
   </div>
  </div>
