4032 6212
354 285 431 343 ει

355 402 590 456 δέδωκε
622 403 687 455 ἐν
712 401 785 470 τῆ
822 405 967 471 χειρὶ
998 406 1182 459 αὑτοῦ
1205 422 1219 437 ο
1256 426 1275 459 s
1318 409 1413 462 καὶ
1439 412 1525 474 εὶς
1551 410 1638 475 τὸ,
1686 431 1703 463 ι
1736 413 1936 465 Πάντα

349 508 461 561 μοι
493 492 784 560 παρεδόθη
823 494 941 547 ὑπὸ
967 494 1072 548 τοῦ
1106 498 1334 565 Πατρός
1352 515 1471 567 μου
1497 517 1510 529 ·
1547 520 1565 551 ι
1599 502 1695 555 καὶ
1723 505 1809 567 εις
1847 506 1933 568 τὸ,

364 600 385 632 s
416 584 501 635 Οὐ
530 582 786 651 δύναμαι
806 582 920 650 ἐγὼ
943 584 1041 637 ἀπ’
1055 585 1315 655 ἐμαυτοῦ
1335 590 1528 643 ποιεῖν
1555 590 1756 654 οὐδὲν,
1776 592 1939 645 ἀλλὰ

358 672 559 738 καθὼς
600 672 815 737 ἀκούω,
866 675 1072 742 κρίνω·
1110 695 1128 727 ι
1178 680 1278 732 καὶ
1321 680 1439 734 ὅσα
1490 681 1719 746 τούτοις
1770 680 1939 750 ὅμοιά

356 761 495 813 ἐστι
524 759 702 827 ῥητά.

1011 857 1160 911 ΔΟΓ.
1205 859 1326 913 KA'.

438 951 542 1014 Εἰς
586 947 658 1001 τὰ
706 950 999 1017 λεγόμενα
1045 949 1180 1015 περὶ
1212 950 1317 1002 τοῦ
1352 950 1618 1018 Σωτῆρος
1650 951 1939 1019 ἀνθρωπί-

363 1057 482 1103 νως
514 1038 672 1105 παρὰ
703 1038 827 1104 τοῖς
864 1038 1314 1107 εὐαγγελισταῖς
1340 1081 1353 1103 ,
1396 1042 1482 1105 εις
1522 1040 1608 1105 τὸ,
1653 1042 1938 1096 «Ἕκλαυ-

361 1144 458 1191 σε,
491 1147 510 1179 s
547 1128 645 1181 καὶ
671 1131 755 1194 εις
785 1128 873 1192 τὸ,
908 1148 925 1181 ι
954 1129 1084 1183 Νῦν
1110 1131 1147 1197 ἠ
1179 1129 1347 1197 ψυχή
1368 1149 1488 1199 μου
1519 1132 1883 1200 τετάρακται,
1916 1152 1933 1183 ι

364 1218 465 1270 καὶ
510 1218 596 1281 είς
621 1216 708 1279 τὸ,
748 1236 765 1266 ι
800 1216 870 1270 Ei
896 1216 1177 1281 δυνατὸν,
1208 1218 1551 1286 παρελθέτω
1576 1221 1677 1273 ἀπ’
1702 1220 1848 1289 ἐμοῦ
1873 1222 1940 1274 τὸ

363 1307 651 1374 ποτήριον
677 1307 872 1370 τοῦτο,
897 1328 915 1360 ι
948 1308 1044 1363 καὶ
1069 1311 1155 1373 εἰς
1181 1309 1267 1371 τὸ,
1306 1329 1323 1360 ι
1354 1312 1688 1377 Περίλυπός
1713 1313 1882 1366 ἐστιν
1900 1313 1937 1378 ’ἡ

364 1397 537 1466 Ψυχή
570 1416 711 1465 μου,
744 1416 760 1449 ι
800 1400 897 1451 καὶ
944 1398 1058 1451 ὅσα
1090 1405 1322 1464 τούτοις
1354 1401 1523 1469 ὅμοια
1543 1402 1718 1469 ῥητά.
1749 1406 1941 1471 Παρα-

368 1486 565 1552 θέσεις
591 1487 993 1542 ἀποδεικτικαὶ
1039 1491 1158 1543 ἀπὸ
1200 1490 1305 1558 τῆς
1345 1493 1507 1556 θείας
1530 1493 1797 1563 Γραφῆς,
1840 1496 1938 1548 καὶ

364 1576 791 1647 Χριστομάχων
819 1578 1263 1647 ἁποτρέπουσαι
1289 1581 1402 1650 τὴν
1427 1585 1765 1637 κακόνοιαν.

990 1671 1141 1725 ΛΟΓ.
1182 1672 1310 1725 KE’.

438 1762 542 1825 εις
563 1759 652 1820 τὸ,
689 1779 707 1810 ι
733 1762 1109 1827 Πρωτότοκος
1140 1762 1342 1831 πάσης
1372 1764 1621 1828 κτίσεως
1647 1781 1660 1794 ·
1697 1784 1714 1816 s
1755 1765 1841 1816 ὅτι
1863 1767 1933 1818 οὺ

363 1858 587 1919 κτίσμα
627 1854 659 1903 ό
704 1852 855 1916 Υίός.

985 1940 1132 1993 ΑΘΓ.
1174 1942 1318 2007 κεῖν.

447 2031 545 2093 Eii;
568 2029 629 2081 τὸ
654 2031 967 2097 εἰρημένον
994 2029 1090 2082 ἐπὶ
1118 2032 1241 2096 τοῖς
1268 2031 1417 2097 υίοῖς
1443 2033 1775 2097 Ζεϐεδαίου,
1818 2051 1835 2084 t
1870 2036 1936 2086 Τὸ

366 2118 603 2172 καθίσαι
628 2118 696 2171 ἐκ
722 2117 934 2183 δεξιῶν
954 2137 1084 2183 μου,
1107 2120 1144 2187 ἧ
1169 2120 1238 2185 ἐξ
1271 2122 1609 2191 εὐωνύμων,
1636 2125 1745 2177 οὐκ
1769 2122 1940 2176 ἔστιν

370 2210 510 2278 ἐμὸν
537 2208 767 2262 δοῦναι.

996 2302 1144 2356 ΛΟΓ.
1186 2302 1312 2354 ΚΖ⁹.

433 2398 537 2459 Εἰς
560 2395 645 2455 τὸ,
677 2393 842 2446 «Ἵνα
864 2392 1200 2461 γινώσκωσί
1222 2408 1295 2446 σε
1316 2394 1422 2447 τὸν
1438 2394 1631 2462 μόνον
1651 2394 1941 2461 ἀληθινὸν

365 2488 535 2550 Θεὸν,
566 2487 667 2541 καὶ
698 2485 770 2540 ὃν
796 2484 1161 2550 ἀπέστειλας
1194 2485 1428 2552 Ἰησοῦν
1448 2487 1756 2554 Χριστόν.»

985 2576 1135 2629 ΛΟΓ.
1175 2577 1311 2629 ΚΗ’.

431 2674 537 2737 Εις
575 2670 641 2723 τὸ
685 2670 845 2737 παρὰ
886 2668 966 2733 τῷ
995 2666 1196 2735 Λουκᾷ
1223 2670 1529 2738 κείμενον*
1564 2686 1583 2720 s
1606 2669 1844 2736 ἰησοῦς
1876 2669 1942 2722 δὲ

361 2762 695 2832 προέκοπτε
714 2761 899 2829 σοφίᾳ
922 2759 1019 2813 καὶ
1046 2760 1248 2826 ἡλικίᾳ
1282 2760 1376 2812 καὶ
1405 2757 1596 2829 χάριτι
1632 2759 1791 2827 παρὰ
1822 2757 1942 2824 Θεῷ

363 2855 460 2909 καὶ
489 2854 836 2923 ἀνθρώποις.
877 2872 897 2904 s

997 2944 1145 2998 ΛΟΓ.
1179 2944 1308 2998 ΚΘ¹.

434 3040 534 3104 εις
554 3039 636 3099 τὸ,
670 3038 888 3091 «Ὅταν
912 3036 981 3090 δὲ
1006 3034 1279 3104 ὑποταγῇ
1302 3034 1463 3101 αὐτῷ
1484 3036 1555 3088 τὰ
1576 3033 1791 3095 πάντα,
1815 3034 1945 3086 τότε

372 3125 470 3182 καὶ
496 3126 675 3193 αὑτὸς
704 3128 735 3179 ό
764 3125 897 3191 Υιὸς
943 3124 1385 3193 ὑποταγήσεται
1422 3121 1543 3195 [τῷ]
1576 3123 1941 3186 ὑποτάξαντι

375 3218 530 3283 αὑτῷ
552 3219 621 3273 τὰ
657 3217 871 3271 πάντα.
896 3235 914 3267 ι

1019 3307 1168 3360 ΛΟΓ.
1211 3306 1287 3360 A'.

470 3396 571 3462 Εις
598 3396 685 3461 τὸ,
730 3414 747 3447 ι
772 3398 968 3467 Πάτερ,
991 3397 1258 3463 δόξασόν
1284 3415 1360 3467 με
1402 3396 1476 3467 τῇ
1510 3398 1658 3468 δόξῃ
1702 3391 1739 3469 ᾖ
1778 3393 1945 3467 εἶχον

383 3486 501 3557 πρὸ
542 3486 651 3541 τοῦ
689 3487 795 3542 τὸν
826 3490 1042 3558 κόσμον
1077 3485 1230 3543 εἷναι
1268 3489 1430 3558 παρὰ
1469 3490 1588 3544 σοί.
1612 3507 1631 3541 ι

997 3581 1145 3635 ΛΟΓ.
1188 3578 1313 3634 AA'.

445 3669 602 3736 Πρὸς
632 3669 773 3736 τοὺς
802 3669 1109 3739 λέγοντας,
1144 3672 1233 3724 ὅτι
1270 3674 1303 3725 ό
1337 3671 1477 3736 Θεὸς
1509 3670 1641 3739 περὶ
1666 3670 1776 3738 τῆς
1813 3670 1947 3723 ἐαυ-

376 3761 481 3816 τοῦ
511 3763 727 3828 οὐσίας
768 3762 949 3817 οὐδὲν
990 3762 1160 3831 ἡμῶν
1206 3762 1395 3816 πλέον
1429 3762 1766 3825 ἐπίσταται,
1801 3760 1948 3814 ἀλλ’

373 3852 517 3920 ἅπερ
541 3852 619 3906 ἂν
636 3853 820 3917 αὐτὸς
840 3852 1025 3922 εἰδείη
1048 3852 1179 3922 περὶ
1206 3852 1442 3913 ἑαυτοῦ,
1462 3852 1634 3906 τοῦτο
1660 3851 1761 3905 καὶ
1780 3849 1948 3920 ἡμεῖς

372 3942 867 4012 ἀπαραλλάκτως.

1003 4036 1155 4093 ΛΟΓ.
1190 4035 1310 4088 AB’.

461 4124 735 4193 Ἐκλογαι
778 4126 978 4193 ῥητῶν
1035 4127 1183 4196 μετὰ
1245 4121 1675 4195 συλλογισμῶν
1720 4123 1787 4175 ἐκ
1843 4120 1951 4189 τῆς

378 4210 600 4278 Καινῆς
643 4214 970 4288 Διαθήκης,
1007 4215 1097 4269 ὅτι
1135 4214 1277 4282 Θεὸς
1308 4215 1458 4269 κατὰ
1497 4214 1687 4283 φύσιν
1716 4216 1753 4267 ό
1796 4213 1949 4278 Υιός.

380 4300 451 4356 ει
474 4302 545 4356 δὲ
575 4305 770 4370 τοῦτο,
799 4306 871 4360 οὑ
895 4306 1118 4376 ποίημα
1155 4306 1297 4363 οὐδὲ
1322 4306 1564 4374 κτίσμα.

1009 4482 1158 4537 ΔΟΓ.
1189 4482 1311 4538 AI".

449 4571 584 4623 ’Ὁτι
618 4571 763 4637 Θεὸς
795 4571 946 4626 κατὰ
973 4575 1162 4641 φύσιν
1187 4573 1252 4627 τὸ
1279 4574 1519 4643 Πνεῦμα
1538 4612 1553 4637 ,
1584 4572 1681 4627 καὶ
1726 4573 1793 4625 ἐκ
1841 4571 1950 4637 τῆς

376 4660 712 4725 οὐσίαςτοῦ
732 4662 980 4729 Πατρός,
997 4662 1070 4716 δι’
1101 4662 1237 4717 Υἱοῦ
1259 4662 1326 4715 δὲ
1354 4662 1426 4730 τῇ
1450 4662 1641 4716 κτίσει
1668 4659 1953 4729 χορηγού-

372 4765 586 4815 μενον.

1009 4846 1159 4900 ΔΟΓ.
1201 4847 1318 4900 ΛΔ’.

454 4931 833 4998 Παραθέσέις⁸
846 4934 1046 5001 ῥητῶν
1072 4936 1313 5005 ἐφεξῆς,
1338 4938 1407 4988 ἐν
1434 4935 1522 5001 οἷς
1544 4938 1673 4991 ἐστι
1712 4938 1816 4989 τὸν
1836 4936 1956 4987 ἑπι-

384 5021 683 5087 τηροῦντα
723 5024 981 5092 θεωρεῖν,
1011 5025 1100 5080 ὅτι
1137 5028 1299 5093 Θεὸς,
1326 5028 1394 5081 τὸ
1428 5028 1687 5097 Πνεῦμα,
1720 5026 1815 5079 καὶ
1844 5024 1955 5090 τὴν

378 5107 581 5174 αὐτὴν
613 5110 916 5181 ἐνέργειαν
943 5113 1087 5183 ἕχον
1114 5115 1192 5179 τῷ
1222 5115 1332 5181 Υίῷ
1353 5115 1683 5185 πανταχοῦ,
1716 5116 1809 5167 καὶ
1845 5114 1953 5165 οὐκ

378 5199 841 5269 ἀπεξενωμένον
862 5203 971 5273 τῆς
1006 5207 1220 5273 οὐσίας
1249 5205 1648 5276 αὐτοῦ.⁹ομοῦ
1686 5204 1753 5257 δὲ
1792 5201 1955 5255 διδά-

379 5303 669 5357 σκουσιν,
700 5292 789 5345 ὅτι
831 5295 978 5349 Θεοῦ
1008 5298 1338 5367 λεγομένου
1376 5295 1668 5352 κατοικεῖν
1697 5296 1764 5347 ἐν
1794 5293 1954 5361 τ’]ίιῖνν

386 5383 453 5436 τὸ
487 5381 731 5449 Πνεῦμα
759 5382 889 5438 ἐστι
917 5387 980 5440 τὸ
1010 5389 1307 5443 ἐνοικοῦν.

1017 5480 1167 5533 ΛΟΓ.
1210 5481 1331 5532 AE’.

454 5566 786 5633 ⁸Μαρτυρίαι
812 5566 931 5621 ἀπὸ
966 5567 1068 5635 τῆς
1105 5570 1267 5635 θείας
1291 5569 1553 5638 Γραφῆς,
1576 5570 1647 5622 δι’
1676 5563 1762 5620 ὦν
1793 5566 1964 5618 ἐστιν

380 5653 558 5719 ἰδεῖν,
585 5654 675 5707 ὅτι
722 5658 969 5725 γενητὸς
1010 5658 1076 5711 ἐκ
1124 5659 1350 5727 Πατρός
1394 5660 1559 5713 ἐστιν
1606 5663 1635 5714 ό
1682 5656 1832 5722 Υἰές,
1863 5652 1959 5706 καὶ

376 5745 521 5817 οὐχὶ
560 5748 977 5817 πεποιημένος.

1797 291 2239 351 THESAURUS.

3530 299 3602 356 22

2039 416 2093 465 in
2116 431 2274 468 manu
2295 417 2407 484 ejus
2427 433 2473 481 ,‘s
2505 429 2552 470 et
2583 418 2634 470 in
2660 419 2812 484 illud,
2846 437 2865 470 ι
2901 421 3090 476 Omnia
3123 420 3250 473 mihi
3270 421 3463 473 tradita
3483 431 3601 474 sunt

2038 522 2068 556 a
2101 502 2285 572 Patre,
2327 526 2346 557 ι
2390 517 2438 561 et
2471 509 2523 562 in
2556 509 2707 573 illud,
2744 530 2763 561 ‹
2795 509 2918 563 Non
2939 528 3147 579 possunt
3200 529 3232 565 a
3288 528 3366 565 me
3433 512 3603 579 facere

2036 590 2339 661 quidquam,
2372 595 2462 648 sed
2489 596 2619 649 sicut
2652 598 2831 661 audio,
2845 598 3070 666 judico;
3107 619 3123 649 i
3151 608 3198 653 et
3247 601 3302 653 in
3327 601 3433 654 alia
3465 600 3603 653 dicta

2038 678 2119 731 his
2145 682 2366 736 similia.

2534 860 2592 935 9
2619 860 2911 925 ASSERT.
2954 864 3143 919 xxw.

2112 945 2176 999 In
2207 962 2267 1000 ea
2300 964 2415 1017 qua'
2444 951 2675 1005 humano
2703 968 2842 1009 mare
2865 954 3119 1007 dicuntur
3161 956 3224 1010 ab
3272 946 3602 1024 evangelistis

2040 1035 2102 1087 de
2133 1033 2429 1101 Servatare,
2456 1037 2784 1093 nimirumin
2813 1040 2969 1104 illud,
3007 1060 3025 1091 ι
3069 1040 3256 1107 Flevit,
3300 1062 3318 1096 ι
3356 1053 3404 1099 et
3455 1043 3510 1097 in
3535 1045 3603 1097 il-

2040 1124 2152 1189 lud,
2188 1143 2205 1175 ι
2243 1123 2398 1180 Nunc
2427 1128 2602 1182 anima
2640 1146 2750 1183 mea
2777 1132 2984 1184 turbata
3006 1142 3102 1195 est,
3147 1153 3163 1182 ι
3204 1143 3272 1196 et,
3304 1151 3322 1182 ι
3381 1132 3439 1188 SI
3483 1151 3602 1203 pas-

2040 1215 2187 1269 sibile
2225 1226 2318 1282 est,
2356 1228 2589 1273 transeat
2621 1238 2652 1274 a
2678 1237 2757 1274 me
2785 1224 2927 1276 calix
2960 1224 3073 1289 iste,
3105 1243 3122 1273 ι
3158 1233 3230 1286 et,
3259 1243 3278 1275 ι
3322 1210 3503 1279 Tristis
3530 1236 3602 1280 est

2041 1306 2218 1357 anima
2246 1321 2385 1373 mea,
2413 1325 2433 1358 ι
2463 1307 2671 1377 aliaque
2697 1311 2852 1379 hujus
2879 1313 3084 1380 generis
3112 1312 3272 1366 dicta.
3302 1312 3602 1365 Auctorita-

2043 1405 2116 1447 tes
2162 1412 2329 1450 sacra
2378 1395 2664 1467 Scriptura'
2703 1401 2869 1468 falsas
2919 1402 3283 1459 luereticorum
3338 1402 3604 1470 opiniones
3646 1462 3651 1465 η

2041 1489 2404 1542 subvertentes.

2573 1664 2862 1719 ASSERT.
2901 1664 3061 1719 XXV.

2116 1755 2181 1807 lu
2203 1755 2357 1820 illud,
2392 1772 2410 1805 ι
2454 1753 2839 1823 Primogenitus
2877 1757 3044 1809 omnis
3074 1763 3350 1809 creatura'.
3397 1772 3413 1803 ι
3453 1754 3603 1817 Quod
3638 1786 3653 1797 ι

2045 1844 2217 1899 Filius
2243 1863 2342 1900 non
2364 1847 2432 1899 sit
2454 1858 2713 1899 creatura.

2567 1937 2856 1993 ASSERT.
2898 1938 3085 1994 XXVI.

2110 2028 2175 2079 In
2218 2028 2349 2079 illud
2377 2027 2507 2094 ﬁliis
2544 2025 2780 2081 Zebedazi
2804 2026 3025 2089 dictum,
3058 2046 3075 2077 ι
3112 2026 3325 2083 Sedere
3355 2044 3384 2077 (ι
3409 2024 3653 2078 (ίρπιτιει,

2040 2116 2162 2171 meis
2199 2127 2286 2168 aut
2314 2133 2344 2168 a
2373 2117 2599 2169 sinistris
2630 2134 2729 2170 non
2760 2128 2832 2172 est
2862 2135 3031 2171 meum
3046 2120 3190 2171 dare.
3228 2137 3243 2167 ι

2568 2292 2859 2348 ASSERT.
2928 2293 3141 2349 XXVII.

2114 2383 2177 2439 In
2206 2385 2358 2449 illud,
2394 2404 2411 2435 ι
2458 2382 2860 2453 Utcognascant
2917 2397 2964 2440 te
2998 2387 3167 2440 solum
3209 2404 3379 2441 verum
3419 2388 3606 2452 Deum,

2041 2488 2087 2530 et
2115 2492 2265 2545 quem
2300 2476 2491 2530 misisti
2527 2475 2709 2530 Iesum
2742 2476 3030 2531 Christum.
3073 2496 3090 2529 ι

2547 2567 2836 2626 ASSER'I’.
2876 2568 3115 2624 XXVIII.

2116 2660 2179 2714 In
2202 2661 2334 2715 illud
2371 2661 2528 2715 Larte
2549 2663 2769 2724 dictum,
2821 2680 2841 2712 ι
2881 2662 3039 2717 Iesus
3087 2672 3260 2717 autem
3312 2664 3611 2732 proﬁciebat

2043 2752 2302 2821 sapientia
2354 2762 2400 2806 et
2441 2763 2595 2806 aetate
2668 2769 2727 2805 at
2776 2754 2950 2822 gratia
2998 2754 3140 2823 apud
3173 2753 3338 2809 Deum
3368 2762 3413 2809 et
3441 2755 3610 2807 Itami-

2047 2859 2155 2897 nes.
2200 2862 2217 2893 )

2566 2933 2860 2989 ASSERT.
2896 2933 3089 2989 XXIX.

2118 3024 2185 3078 In
2245 3024 2395 3087 illud,
2436 3042 2453 3073 ι
2495 3022 2626 3077 Cum
2658 3040 2774 3079 vero
2826 3024 3061 3093 subjecta
3102 3026 3150 3080 ei
3194 3025 3384 3093 fuerint
3413 3026 3610 3085 omnia.

2048 3126 2171 3168 tunc
2198 3125 2244 3168 et
2265 3114 2371 3180 ipse
2393 3129 2595 3182 quoque
2624 3112 2795 3169 Filius
2813 3115 3123 3185 subjicietur
3158 3117 3207 3170 ei
3233 3116 3324 3184 qui
3356 3115 3453 3170 sibi
3486 3131 3615 3169 cun-

2043 3215 2125 3259 cta
2146 3203 2381 3272 subjecit.
2396 3222 2416 3255 s

2593 3294 2881 3351 ASSERT.
2923 3295 3089 3351 XXX.

2117 3380 2180 3435 In
2209 3381 2365 3448 illud,
2409 3403 2427 3435 ι
2473 3384 2651 3448 Pater,
2685 3383 2923 3454 glorifica
2974 3400 3054 3440 me
3122 3385 3216 3439 illa
3250 3385 3418 3454 gloria
3457 3396 3631 3453 quam

2045 3472 2205 3527 habui
2236 3474 2374 3542 apud
2403 3484 2470 3540 te,
2504 3486 2785 3545 antequam
2818 3476 3045 3531 mundus
3080 3486 3231 3531 esset.
3274 3494 3293 3527 ι

2074 3558 2077 3559 ⁷
2569 3563 2857 3621 ASSERT.
2897 3563 3089 3622 XXXI.

2118 3656 2376 3709 Adversus
2414 3657 2665 3721 dicentes,
2701 3656 2841 3726 quod
2874 3655 3012 3711 Deus
3058 3656 3225 3712 nihilo
3269 3656 3381 3725 plus
3402 3656 3533 3716 sciat
3552 3656 3613 3709 de

2047 3764 2145 3800 sua
2175 3749 2417 3808 essentia,
2442 3763 2597 3815 quam
2646 3763 2760 3813 nos,
2815 3749 2907 3801 sed
2967 3747 3219 3819 quidquid
3265 3748 3372 3816 ipse
3421 3747 3519 3799 scit
3553 3747 3614 3800 de

2048 3838 2213 3903 seipso
2232 3876 2248 3899 ,
2274 3836 2501 3903 idipsum
2526 3847 2573 3889 et
2605 3852 2701 3890 nos
2729 3854 2931 3907 quoque
2961 3839 3102 3893 circa
3148 3839 3313 3892 ullam
3368 3836 3613 3905 di/I‘ereno

2050 3930 2171 3981 tiam
2196 3927 2345 3981 scire.

2543 4013 2833 4070 ASSERT.
2909 4012 3121 4070 XXXII.

2124 4109 2441 4163 Testimania
2460 4125 2524 4163 ex
2548 4106 2695 4162 Nova
2737 4111 3081 4174 Testamento,
3119 4122 3395 4176 earumque
3413 4108 3612 4175 exposi~

2053 4202 2241 4264 tiones,
2269 4216 2385 4253 cum
2415 4198 2745 4269 syllogismis,
2773 4199 2910 4267 quod
2941 4196 3114 4250 Filius
3170 4197 3239 4251 sit
3300 4197 3459 4262 Deus,
3539 4211 3613 4249 se-

2053 4295 2279 4346 cundum
2318 4300 2800 4359 naturam;exquo
2820 4289 3048 4358 infertur
3079 4306 3183 4344 non
3229 4305 3339 4343 esse
3382 4305 3509 4357 opus
3544 4296 3615 4342 vel

2057 4394 2372 4439 creaturam.

2555 4473 2837 4529 ASSERT.
2878 4473 3118 4529 XXXIII.

2124 4567 2276 4632 Quod
2308 4566 2534 4636 Spiritus
2557 4576 2770 4621 sanctus
2813 4568 2879 4620 sit
2921 4566 3057 4620 Deus
3124 4571 3412 4622 secundum
3462 4575 3633 4619 natus

2059 4674 2166 4709 ram
2194 4670 2239 4709 et
2276 4674 2340 4711 ex
2371 4660 2595 4713 essentia
2624 4656 2823 4711 Patris.
2854 4655 2918 4709 Et
2972 4659 3112 4724 quod
3131 4674 3221 4727 per
3250 4655 3449 4710 Filium
3473 4672 3609 4708 crea-

2056 4752 2187 4804 turis
2210 4751 2448 4805 donetur.

2489 4840 2593 4909 ιο
2625 4838 2913 4896 ASSERT.
2956 4837 3191 4895 xxxw.

2135 4934 2443 4987 Testimonia
2478 4931 2768 4998 Scriptum
2808 4930 2995 5000 quibus
3027 4931 3259 4991 docetur,
3327 4932 3464 4999 quod
3501 4932 3613 5002 Spi-

2060 5023 2190 5075 ritus
2216 5024 2281 5075 sit
2308 5022 2468 5085 Deus,
2486 5031 2531 5075 et
2552 5025 2785 5075 eamdem
2809 5025 3019 5074 omnino
3041 5036 3156 5081 cum
3193 5018 3335 5074 Filio
3365 5027 3612 5088 operatio-

2062 5129 2175 5166 nem
2204 5114 2411 5174 ltabeat,
2438 5112 2675 5181 quodque
2715 5128 2816 5164 non
2845 5110 2911 5165 sit
2939 5110 3142 5165 alienus
3173 5112 3237 5165 ab
3268 5112 3430 5180 ipsius
3455 5129 3609 5171 essen.

2061 5203 2154 5256 tia.
2178 5201 2290 5256 Hoc
2309 5204 2467 5257 etiam
2497 5218 2559 5255 ex
2584 5204 2648 5256 iis
2676 5203 2909 5265 docetur,
2949 5203 3087 5272 quod
3109 5219 3226 5257 cum
3262 5204 3400 5258 Deus
3450 5206 3503 5259 in
3534 5223 3611 5259 na

2064 5293 2140 5347 bis
2169 5293 2401 5347 habitare
2431 5292 2645 5356 dicitur,
2672 5292 2903 5361 Spiritus
2928 5294 2996 5347 sit
3021 5295 3107 5363 qui
3136 5294 3413 5349 inhabitat.

2557 5469 2847 5525 ASSERT.
2885 5470 3097 5525 XXXV.

2136 5563 2449 5619 Testimonia
2510 5578 2673 5617 same
2750 5562 3035 5630 Scriptura:
3109 5563 3295 5631 quibus
3359 5563 3607 5629 probatur

2066 5657 2201 5723 quod
2262 5654 2433 5711 Filius
2490 5655 2557 5710 sit
2612 5654 2811 5723 genitus
2857 5670 2918 5708 ex
2973 5652 3156 5720 Patre,
3204 5663 3252 5708 et
3309 5668 3409 5707 non
3484 5666 3613 5707 crta;

2059 5762 2162 5803 (Μ.

3636 5350 3653 5367 ρ

3636 5374 3655 5411 ἱ.
