4032 6212
410 252 481 306 9,3
1395 251 1452 306 s.
1493 250 1775 315 CYRJLLI‘
1804 248 2265 307 ALEXANDRlNl
2300 251 2615 307 ARCHIEP.
3574 268 3651 319 ei

931 586 1052 710 H
1133 578 1719 713 ΒΙΒΛΟΣ
1797 585 2133 715 ΤΩΝ
2211 585 3122 797 ΘΗΣΑΥΡΩΝ

784 861 1039 946 ΠΕΡΙ
1112 860 1325 945 ΤΗΣ
1395 855 1708 949 ΑΓΙΑΣ
1783 858 1974 945 ΚΑΙ
2048 867 2704 963 ΟΜΟΟΥΣΙΟΥ
2774 874 3255 966 ΤΡΙΑΔΟΣ.

1974 1102 2047 1115 ..-

1594 1269 2434 1388 THESAURUS

1126 1527 1224 1589 DE
1266 1531 1554 1592 SANCTA
1592 1533 1688 1593 ET
1731 1536 2420 1617 CONSUBSTANTIALI
2461 1543 2921 1604 TRINITATE.‘

817 1908 1397 2004 ASSERTIO
1464 1918 1549 2009 1.,

880 2061 958 2115 De
981 2061 1154 2130 genito
1171 2072 1223 2116 et
1245 2064 1494 2134 ingenito.

472 2173 565 2244 ιι
619 2172 674 2226 Si
729 2172 914 2226 Ariani
971 2187 1068 2226 nos
1107 2174 1526 2243 aggrediantur,
1576 2176 1970 2251 interrogantes

400 2275 762 2317 unumunum
783 2262 1159 2331 sitingenitum
1183 2279 1250 2317 an
1267 2264 1393 2329 duo,
1417 2273 1473 2319 ut
1497 2280 1615 2320 cum
1640 2284 1800 2323 unum
1824 2281 1971 2327 certe

401 2368 521 2408 esse
551 2354 867 2418 dixerimus,
884 2354 951 2407 ad
969 2351 1182 2408 Patrem
1207 2354 1260 2408 id
1282 2353 1592 2417 referentes,
1613 2357 1804 2412 Filium
1830 2362 1969 2417 inter

403 2453 682 2498 creaturas
697 2444 1020 2499 collocemus
1038 2463 1050 2498 :
1066 2444 1139 2498 ita
1157 2446 1479 2511 respondere
1490 2458 1699 2514 oportet
1721 2449 1965 2505 frivolam

344 2566 347 2569 »
404 2543 456 2588 et
482 2536 712 2603 ineptam
734 2534 1208 2603 interrogationem
1230 2547 1382 2589 esse:
1416 2538 1592 2589 varias
1623 2539 1763 2591 enim
1798 2540 1965 2608 signi-

404 2625 688 2681 ﬁcationes
720 2625 883 2678 habet
913 2624 1217 2690 ingenitum.
1242 2621 1377 2677 Nam
1404 2624 1688 2693 ingenitum
1716 2635 1799 2681 est
1820 2629 1961 2696 quod

398 2714 638 2770 nondum
669 2714 886 2786 quidem
910 2714 1114 2777 factum
1147 2721 1248 2779 est,
1286 2724 1339 2768 et
1368 2724 1545 2770 tamen
1590 2718 1704 2771 ﬁeri
1740 2728 1915 2787 potest
1946 2737 1960 2774 :

399 2805 543 2859 sicut
574 2818 605 2857 e
637 2804 784 2873 ligno
810 2807 1032 2873 scapha,
1061 2817 1115 2859 ct
1144 2820 1211 2859 ex
1253 2820 1363 2860 azre
1405 2816 1602 2861 statua.
1641 2807 1848 2864 Rursus
1877 2812 1965 2865 in-

399 2892 632 2958 genitum
665 2892 882 2958 dicitur,
922 2894 1067 2961 quod
1101 2910 1375 2963 nunquam
1410 2894 1609 2950 factum
1657 2907 1759 2962 est,
1794 2913 1965 2967 neque

400 2977 516 3031 ﬁeri
551 2987 726 3045 pctest
760 2995 773 3031 :
803 2988 882 3044 ut,
905 2980 1136 3047 exempli
1169 2984 1363 3048 gratia,
1386 2981 1684 3052 triangulus
1710 2999 1809 3040 nec
1836 2985 1961 3049 fuit,

398 3082 500 3122 nec
527 3068 632 3123 erit
661 3084 894 3138 unquam
928 3068 1351 3138 quadrangulus.
1404 3072 1576 3126 Simul
1628 3075 1772 3130 enim
1828 3075 1966 3145 perit

399 3159 652 3226 trianguli
689 3159 881 3227 ﬁgura,
927 3160 1030 3213 alia
1076 3160 1319 3229 quaedam
1369 3178 1530 3232 quam
1570 3173 1708 3230 erat,
1747 3164 1826 3220 lit.
1882 3166 1964 3220 Ad

400 3247 513 3303 hac
543 3250 831 3317 ingenitum
874 3249 1089 3314 dicitur,
1135 3252 1276 3320 quod
1307 3253 1554 3321 quamvis
1585 3255 1655 3307 sit
1705 3264 1758 3307 et
1788 3253 1963 3309 subsi-

1986 1924 2039 1985 Α

2398 1920 2761 2005 ΛΟΓΟΣ
2835 1924 3299 2009 ΠΡΩΤΟΣ.

2405 2058 2546 2125 Περὶ
2583 2061 2834 2127 γενηῖοῦ
2872 2062 2969 2115 καὶ
3009 2063 3323 2133 ἀγενήτου.

2143 2168 2205 2220 Εἰ
2252 2168 2511 2240 διερωτᾷν
2557 2175 2706 2242 ἡμᾶς
2750 2176 3074 2244 ἐπιχειροῖεν
3111 2178 3377 2246 Ἀρειανοὶ
3405 2217 3419 2240 ,
3469 2177 3527 2229 ἓν
3576 2181 3655 2245 τὰ,

2070 2258 2384 2329 ἀγένητονῆ
2415 2262 2525 2325 δύο,
2567 2264 2653 2315 ἵνα
2689 2264 2846 2333 δῆθεν
2876 2266 2934 2317 ἒν
2963 2266 3206 2327 εἰπόντες
3249 2266 3397 2330 αὐτὸ,
3435 2269 3525 2318 καὶ
3556 2270 3653 2339 είς

2069 2349 2158 2402 τὸν
2182 2351 2397 2422 Πατέρα
2426 2353 2700 2421 φέροντες,
2728 2355 2785 2406 ὲν
2814 2358 2925 2417 τοῖς
2945 2359 3187 2425 γενητοῖς
3213 2356 3631 2427 καταριθμήσω-

2070 2457 2168 2509 μεν
2211 2441 2299 2493 τὸν
2332 2442 2480 2505 Υἰὸν,
2510 2443 2909 2513 ἀποκρίνασθαι
2958 2445 3063 2515 χρὴ
3105 2444 3362 2497 τοιῶσδε·
3415 2447 3641 2515 πρῶτον,

2069 2528 2166 2597 μὲν
2215 2524 2307 2581 οὖν
2354 2530 2570 2601 ἀμαθὴς
2619 2532 2712 2584 καὶ
2752 2534 3134 2603 ἀπαίδευτοςὴ
3166 2534 3464 2604 ἐρώτησιςο
3494 2535 3635 2589 κατά

2065 2614 2233 2668 πολλὰ
2260 2616 2366 2687 γὰρ
2390 2619 2757 2688 σημαινόμενα
2811 2621 2870 2672 τὸ
2898 2620 3190 2689 ἀγένητον
3212 2621 3649 2695 ὲκλαμὸάνεται.)

2077 2705 2390 2775 Ἀγένητόν
2422 2710 2536 2761 ἐστι
2562 2709 2624 2762 τὸ
2664 2712 2829 2781 μήπω
2871 2712 2968 2779 μὲν
3009 2713 3318 2781 γενόμενον,
3354 2713 3653 2784 ἐνδεχόμετ

2063 2814 2153 2849 νον
2179 2797 2235 2850 δὲ
2259 2800 2531 2866 γενέσθαι,
2561 2799 2636 2862 ὡς
2660 2802 2766 2853 ἀπὸ
2804 2801 2960 2865 ξύλου
2993 2804 3218 2870 σκάφος,
3251 2804 3283 2873 ἢ
3324 2807 3388 2857 ὲκ
3429 2805 3630 2874 χαλκοῦ

2064 2887 2301 2958 ἀνδριάς.
2336 2891 2444 2942 Καὶ
2476 2890 2634 2944 πάλιν
2666 2892 2956 2959 ἀγένητον
2978 2891 3194 2959 λέγεται
3226 2895 3286 2946 τὸ
3320 2896 3455 2964 μήτε
3488 2896 3649 2963 γενὸτ

2066 2994 2224 3045 μενον
2253 2978 2489 3039 πώποτε,
2530 2982 2668 3049 μήτε
2698 2980 2803 3049 μὴν
2852 2981 3102 3046 γενέσθαι
3130 2983 3426 3053 δυνάμενον
3450 2998 3463 3011 ⁸
3498 2983 3630 3054 φέρε

2061 3072 2254 3134 εἰπεῖν,
2293 3072 2351 3124 τὸ
2388 3073 2649 3142 τρίγωνον
2681 3074 2865 3143 σχῆμα
2890 3076 2951 3127 οὐ
2989 3075 3177 3143 γέγονέ
3212 3093 3339 3128 ποτε
3364 3077 3647 3146 τετράγω-¹

2063 3175 2176 3233 νον,
2213 3157 2323 3211 οὔτ’
2357 3159 2421 3211 ἂν
2456 3161 2663 3226 γένοιτό
2697 3178 2827 3213 ποτε
2849 3178 2862 3191 ’
2895 3160 3013 3231 ἅμα
3040 3161 3148 3233 γὰρ
3188 3164 3506 3231 ἀφανίζεται
3535 3163 3649 3227 τοῦ,

2062 3223 2328 3314 τριγώνου
2360 3246 2419 3297 τὸ
2444 3223 2647 3315 σχῆμα,
2683 3248 2868 3318 ἕτερον
2897 3223 2948 3301 τί
2981 3223 3274 3319 παρ’-ὅπερ
3400 3251 3647 3321 γίνεται.¹

398 3347 523 3404 stat,
547 3353 819 3408 nunquam
867 3349 1041 3394 tamen
1075 3355 1139 3393 ex
1175 3320 1356 3410 aliquo
1394 3342 1593 3396 factum
1666 3342 1787 3397 fuit.
1823 3345 1957 3398 Cum

2065 3338 2296 3403 Λέγεται
2333 3338 2493 3391 πάλιν
2537 3339 2853 3406 ἀγένητον,
2883 3338 2946 3391 τὸ
2976 3340 3217 3409 ὑπάρχον
3249 3340 3349 3408 μὲν
3386 3342 3478 3391 καὶ
3514 3341 3629 3407 ὑφ-

398 3443 526 3497 crgo
557 3429 736 3482 multis
775 3430 876 3509 12
923 3430 1096 3484 modis
1130 3431 1414 3499 ingenitum
1462 3432 1743 3500 capiatur,
1780 3434 1963 3488 dicant

397 3521 529 3589 quid
559 3520 722 3575 velint
748 3522 1034 3591 ingenitum
1074 3523 1126 3575 in
1166 3523 1273 3577 Deo
1309 3523 1637 3592 signiﬁcare.
1667 3525 1742 3578 Ac
1786 3525 1964 3579 dicent

400 3609 651 3678 fortasse,
686 3613 827 3681 quod
855 3628 1126 3681 nunquam
1160 3614 1400 3682 genitum
1438 3616 1510 3671 sit
1540 3634 1553 3670 :
1588 3616 1821 3671 confessi
1848 3616 1961 3685 pri-

398 3718 543 3756 mum
575 3717 695 3758 sese
727 3704 942 3763 indocte
991 3706 1378 3773 interrogasse.
1424 3707 1733 3762 Statuamns
1779 3709 1963 3775 itaque

397 3791 561 3846 etiam
594 3808 757 3847 unmn
784 3810 904 3850 esse
934 3797 1251 3866 ingenitum.
1287 3798 1440 3861 Quod
1473 3798 1516 3850 si
1560 3814 1625 3851 ex
1671 3799 1771 3851 hoc
1820 3797 1963 3852 infe-

398 3891 539 3948 rant,
576 3897 796 3941 necesse
823 3885 1043 3939 omnino
1086 3900 1205 3941 esse
1235 3896 1294 3941 ut
1327 3886 1526 3939 factum
1553 3886 1747 3940 Filium
1786 3889 1961 3942 conti-

398 3982 629 4036 teamur,
664 3974 916 4041 quoniam
965 3988 1104 4028 unus
1149 3975 1487 4029 solummodo
1542 3975 1813 4043 ingenitus
1856 3984 1958 4037 est,

396 4062 651 4116 nimirum
688 4062 883 4126 Pater;
915 4064 1027 4115 haec
1068 4071 1255 4116 contra
1282 4063 1503 4116 audient
1535 4081 1559 4127 :_
1583 4062 1639 4116 Si
1672 4063 1958 4131 sapientia,

397 4163 453 4208 et
480 4156 672 4218 virtus,
690 4163 744 4209 ct
774 4161 992 4209 verbum
1022 4153 1200 4210 Patris
1228 4164 1313 4210 est
1334 4154 1533 4221 Filius;
1564 4166 1790 4226 eratque
1816 4172 1962 4211 sem-

399 4258 493 4311 per
524 4245 575 4298 in
603 4245 759 4299 Patre
793 4244 1059 4310 Verbum,
1090 4254 1143 4301 et
1162 4248 1450 4314 sapientia,
1510 4256 1565 4301 et
1607 4248 1779 4302 virtus
1811 4266 1825 4301 :
1854 4263 1959 4302 non

399 4332 563 4401 igitur
591 4341 674 4387 est
701 4334 965 4401 posterior
995 4343 1116 4387 ortu
1148 4334 1340 4398 Filius,
1370 4335 1461 4403 qui
1490 4336 1602 4387 hare
1637 4335 1750 4402 ipsa
1795 4344 1848 4388 ut
1878 4346 1960 4389 est

394 4430 450 4476 et
479 4434 705 4477 vocatur
735 4440 750 4476 :
782 4425 875 4476 sed
913 4426 1361 4490 quemadmodum
1385 4441 1449 4478 ex
1483 4424 1592 4478 Deo
1618 4424 1778 4490 Deus,
1810 4436 1863 4478 et
1894 4427 1959 4478 de

394 4510 598 4566 lumine
626 4511 803 4567 lumen
835 4511 1053 4576 etIulsit,
1087 4514 1167 4568 sic
1188 4529 1253 4568 ex
1285 4529 1389 4568 non
1435 4512 1580 4567 facto
1611 4530 1714 4568 non
1749 4512 1951 4569 factus.

394 4598 522 4654 Tale
552 4616 781 4672 namque
811 4613 1021 4673 oportet
1045 4618 1164 4658 esse
1183 4601 1439 4667 Verbum,
1470 4603 1648 4671 qualis
1682 4602 1843 4657 etiam
1874 4613 1957 4658 est

394 4694 487 4759 qui
518 4691 694 4759 ipsum
734 4695 939 4761 genuit.
970 4692 1048 4748 ita
1073 4694 1217 4748 enim
1253 4692 1306 4747 id
1332 4694 1472 4763 quod
1497 4692 1673 4747 Patris
1699 4695 1951 4748 substan-

396 4781 482 4832 tia:
512 4783 786 4849 praprium
814 4789 917 4847 est,
968 4799 1094 4839 vere
1122 4784 1332 4838 dicetur
1376 4784 1427 4836 in
1481 4797 1546 4838 eo
1584 4798 1724 4848 esse,
1760 4785 1850 4853 qui
1890 4800 1955 4838 ex

395 4868 513 4935 ipso
542 4874 754 4937 genitus
780 4883 883 4927 est.
927 4872 1068 4927 Nihil
1100 4875 1261 4944 igitur
1277 4874 1456 4928 obstat
1504 4875 1792 4944 quominus
1832 4890 1953 4929 cum

396 4976 533 5013 unus
567 4961 639 5014 sit
681 4961 841 5017 Pater
874 4982 978 5020 non
1028 4966 1223 5030 factus,
1253 4964 1485 5022 Verbum
1520 4969 1682 5022 etiam
1713 4969 1856 5036 quod
1888 4983 1953 5023 ex

396 5051 510 5116 ipso
536 5059 641 5115 est,
672 5067 776 5106 non
808 5055 877 5107 sit
905 5055 1103 5110 factum
1164 5074 1179 5111 :
1208 5058 1403 5128 quippe
1430 5058 1572 5127 quod
1625 5074 1788 5113 unum
1824 5073 1945 5112 cum

399 5140 554 5195 Patre
584 5151 640 5197 et
670 5143 723 5197 in
754 5143 912 5200 Patre
943 5158 1162 5218 promer
1203 5159 1410 5204 natura:
1445 5150 1952 5203 incommutabilita-

398 5239 502 5282 tem
532 5245 650 5287 esse
678 5233 1014 5304 intelligitur.
1034 5240 1185 5306 Quod
1208 5240 1421 5309 quidem
1461 5242 1620 5295 etiam
1658 5241 1771 5309 ipse
1793 5242 1858 5294 de
1896 5255 1954 5294 se

397 5320 472 5372 ait
508 5338 523 5373 :
557 5338 576 5373 ι
619 5320 729 5393 Ego
782 5335 836 5379 et
887 5323 1046 5383 Pater
1087 5346 1252 5385 unum
1295 5344 1480 5385 sumus
1511 5332 1551 5384 ⁵.
1585 5349 1603 5382 ›
1642 5329 1772 5384 Nam
1833 5344 1949 5396 per,

398 5422 597 5477 unum,
649 5410 979 5470 identitatem
1030 5418 1342 5476 substantia:
1397 5419 1759 5492 signiﬁcavit;
1821 5432 1948 5488 ρετ,

462 5582 657 5642 Ἰοιιη.
697 5603 747 5649 κ,
779 5585 869 5641 50.

2061 3426 2309 3496 εσητηκὸς,
2333 3427 2407 3500 μὴ
2434 3428 2538 3497 μὴν
2557 3428 2918 3497 γεγενημένον
2937 3429 3039 3480 ὐπὸ
3060 3428 3384 3491 τινος.Κατὰ
3406 3427 3633 3490 πολλοὺς

2060 3518 2347 3588 τοιγαροῦν
2394 3519 2678 3587 νοουμένου
2714 3519 2944 3587 τρόπους
2977 3519 3070 3571 τοῦ
3106 3519 3416 3587 ἀγενήτου,
3441 3519 3494 3570 τί
3524 3520 3649 3589 ἄρα

2066 3608 2350 3676 σημαίνειν
2382 3608 2475 3660 ἐπὶ
2496 3606 2629 3661 Θεοῦ
2665 3607 2939 3676 βούλονται
2972 3608 3051 3670 τὸ,
3092 3608 3422 3676 ἀγένητον;
3476 3607 3627 3658 Ἀλλ’

2064 3696 2194 3759 ἴσως
2244 3696 2305 3749 τὸ
2357 3697 2432 3767 μὴ
2472 3697 2797 3766 γεγενῆσθαι
2849 3700 3146 3769 φήσουσιν,
3201 3699 3647 3768 ὁμολογήσαντες»

2064 3790 2329 3859 πρότερον
2370 3788 2704 3852 ἀπαιδεύτως
2749 3790 3074 3859 πεποιῆσθαι
3119 3791 3216 3861 τὴν
3268 3790 3624 3862 ὲπερώτησιν.

2063 3877 2317 3943 Λεγέσθω
2340 3877 2516 3929 τοίνυν
2551 3879 2644 3930 καὶ
2691 3880 2819 3949 παρ’
2854 3881 3009 3947 ἡμῶν
3042 3880 3122 3931 ὅτι
3156 3877 3211 3931 ἓν
3257 3878 3316 3931 τὸ
3346 3879 3627 3949 ἀγένητον.

2062 3966 2123 4017 Et
2170 3966 2226 4017 δὲ
2271 3965 2407 4035 πρὸς
2435 3966 2592 4019 τοῦτο
2621 3970 2794 4034 φαῖεν,
2826 3968 3033 4020 Οὐκοῦν
3070 3969 3284 4039 ἀνάγκη
3327 3973 3473 4022 πᾶσα
3508 3986 3630 4022 συν-

2061 4055 2337 4124 ομολογεῖν
2371 4056 2694 4126 γεγενῆσθαι
2733 4058 2820 4110 τὸν
2864 4058 3010 4121 Υἱδν,
3044 4059 3232 4126 ἐπειδὴ
3275 4059 3334 4111 τὸ
3365 4059 3629 4127 ἀγένητον

2063 4148 2140 4208 ἒν,
2167 4147 2302 4217 ὅπερ
2342 4149 2487 4199 ἐστὶν
2534 4150 2561 4199 6
2609 4149 2814 4220 Πατὴρ,
2845 4150 3267 4204 ἁντακούσονται
3318 4149 3512 4202 πάλιν·
3563 4149 3624 4200 ΕΞ

2064 4236 2221 4303 σοφία
2255 4236 2348 4288 καὶ
2384 4236 2627 4306 δύναμις,
2673 4240 2765 4288 καὶ
2811 4238 2965 4304 λόγος
3010 4237 3099 4289 τοῦ
3149 4237 3359 4304 Πατρός
3405 4236 3551 4286 ἐστιν
3598 4234 3627 4283 ὁ

2062 4325 2217 4387 Υἱός·
2250 4321 2318 4395 ἦν
2358 4325 2415 4378 δὲ
2444 4326 2531 4378 ἀεὶ
2569 4327 2627 4377 ὲν
2665 4326 2838 4395 Πατρὶ
2869 4326 3043 4394 λόγος,
3088 4326 3181 4378 καὶ
3213 4324 3389 4391 σοφία,
3420 4323 3512 4374 καὶ
3537 4320 3627 4373 δύ-

2060 4433 2242 4485 ναμις,
2267 4416 2366 4467 οὐκ
2396 4415 2709 4483 ἐπιγέγονεν
2739 4412 2830 4469 οὖν
2862 4418 2890 4468 6
2924 4417 3068 4477 Υἱὸς.
3098 4415 3156 4476 ὃς
3189 4412 3361 4465 ταῦτά
3388 4413 3504 4463 ἐστι
3533 4410 3625 4462 καὶ

2059 4504 2476 4558 καλεῖται.Ἀλλ’
2506 4506 2693 4573 ὥσπερ
2740 4504 2803 4555 ὲκ
2838 4502 2970 4555 Θεοῦ
3017 4502 3168 4562 Θεὸς,
3201 4501 3292 4551 καὶ
3337 4502 3402 4551 ὲκ
3451 4497 3626 4565 φωτὸς

2061 4592 2330 4664 ἐξέλαμψε
2364 4592 2499 4660 φῶς,
2534 4590 2675 4645 οὕτω
2704 4593 2798 4645 καὶ
2836 4591 2896 4655 ἐξ
2930 4590 3190 4658 ἁγενήτου
3220 4586 3499 4655 ἀγένητος.
3535 4586 3627 4637 Δεῖ

2062 4686 2167 4753 γὰρ
2193 4679 2328 4737 εἶναι
2357 4682 2594 4736 τοιοῦτον
2631 4682 2723 4736 τὸν
2745 4682 2935 4749 Λόγον,
2965 4677 3144 4738 ὁποῖός
3178 4679 3291 4728 ἐστι
3325 4675 3420 4727 καὶ
3447 4677 3475 4727 ὁ
3505 4690 3625 4742 γεν-

2062 4780 2229 4846 νήσας
2261 4776 2439 4829 αὐτόν.
2470 4774 2624 4827 Οὕτω
2649 4775 2757 4843 γὰρ
2786 4774 2849 4826 ἂν
2875 4774 2933 4824 τὸ
2953 4772 3050 4840 τῆς
3079 4768 3172 4821 τοῦ
3201 4767 3411 4835 Πατρὸς
3440 4764 3626 4827 οὐσίας

2062 4869 2281 4938 γνήσιον
2309 4866 2693 4934 ὲπαληθεύοιτο
2724 4865 2797 4932 τῷ
2836 4862 2895 4926 ἐξ
2932 4859 3093 4913 αὐτοῦ
3122 4856 3464 4927 γεννωμένῳ.
3506 4857 3627 4909 Κω-

2062 4959 2174 5011 λύει
2223 4958 2401 5011 τοίνυν
2446 4957 2595 5009 οὐδὲν
2628 4956 2743 5018 ἐνὸς
2767 4955 2916 5015 ὄντος
2962 4950 3053 5004 τοῦ
3101 4951 3363 5019 ἁγενὴτου
3395 4946 3623 5016 Πατρὸς,

2061 5050 2324 5119 ἀγένητον
2350 5044 2483 5101 εἶναι
2511 5047 2602 5100 καὶ
2635 5046 2725 5097 τὸν
2747 5044 2804 5108 ἐξ
2831 5041 2994 5096 αὐτοῦ
3017 5040 3294 5108 Λόγον,ὡς
3326 5041 3382 5092 ἓν
3411 5056 3460 5089 τι
3490 5035 3625 5105 μετὰ

2062 5144 2271 5213 Πατρδς
2321 5144 2413 5195 καὶ
2444 5142 2501 5193 ὲν
2534 5140 2707 5208 Πατρῖ
2747 5135 3033 5204 νοούμενον
3064 5132 3151 5184 διὰ
3177 5132 3237 5183 τὸ
3276 5130 3373 5198 τῆς
3412 5126 3622 5195 φύσεως

2060 5233 2508 5302 ἀπαράλλακτον*
2538 5230 2565 5281 ὃ
2611 5229 2673 5293 δὴ
2724 5227 2813 5279 ml.
2858 5223 3017 5286 αὐτὸς
3047 5224 3172 5292 περὶ
3209 5216 3397 5272 ἑαυτοῦ
3428 5226 3618 5282 φησιν·

2068 5344 2084 5374 ι
2110 5324 2249 5391 Ἐγὼ
2282 5323 2375 5376 καὶ
2398 5326 2425 5375 ὁ
2452 5322 2636 5390 Πατὴρ
2671 5319 2727 5370 ἓν
2759 5319 2945 5386 ἐσμεν,
2975 5335 2991 5366 ι
3023 5313 3110 5367 διὰ
3152 5311 3246 5381 μὲν
3275 5307 3386 5370 τοῦ,
3415 5302 3505 5364 ἓν,
3525 5302 3622 5370 τὴν

2060 5416 2359 5485 ταυτότητα
2393 5413 2491 5481 τῆς
2521 5411 2705 5471 οὐσίας
2737 5408 3013 5479 σημαίνων
3032 5423 3043 5436 ο
3072 5403 3156 5456 διὰ
3189 5400 3243 5453 δὲ
3273 5395 3387 5462 τοῦ,
3411 5392 3622 5463 ἐσμὲν,
