4032 6212
322 274 417 318 2-⁵)

1766 261 2212 321 THESAURUS.
3536 267 3608 325 26

319 376 413 439 τις
433 372 614 427 δυάδα
651 372 862 443 τέμνων
889 373 953 426 τὸ
978 373 1293 444 νοούμενον,
1335 376 1429 427 καὶ
1460 375 1622 430 πάλιν
1666 378 1746 439 εἰς
1799 378 1901 447 μία

2033 395 2235 443 sumtis,
2268 378 2320 431 in
2342 377 2449 431 duo
2472 375 2747 439 scindens,
2776 375 2828 430 id
2853 376 2996 446 quod
3019 376 3336 447 intelligitur
3363 378 3415 432 in
3447 393 3607 437 unam

320 463 719 536 περισφίγγων
745 461 1012 532 ϐιότητα.

1025 556 1227 609 ΑΛΛΟ.

391 649 463 704 Ei
502 649 602 703 τοῦ
648 649 863 721 Πατρὺς
895 648 1060 704 εἰκὼν
1089 650 1505 721 ἀπαράλλακτός
1531 650 1681 704 ἐστιν
1712 653 1740 703 6
1772 650 1916 713 Υἱὸς,

313 744 399 807 ὡς
429 745 641 796 ἐκεῖνον
672 745 729 795 ιν
762 743 915 813 αὐτῷ
942 742 1249 811 φαίνεσθαι,
1282 744 1424 796 κατά
1465 742 1543 804 τὸ,
1592 763 1610 794 ι
1633 744 1692 794 Ὀ
1744 744 1918 812 ἑωρα-

315 836 441 899 κὼς
470 837 595 905 ἐμὲ,
635 836 849 907 ἑώρακε
885 836 979 889 καὶ
1007 836 1098 889 τὸν
1126 835 1370 905 Πατέρα,
1406 855 1425 886 ι
1476 836 1689 905 ἀνάγκη
1716 835 1916 903 λέγειν,

313 929 591 997 ἀγένητον
626 923 763 981 εἶναι
790 929 884 981 τὸν
916 927 975 992 ἐξ
1001 928 1267 996 ἀγενήτου
1299 926 1630 997 προελθόντα
1664 927 1875 997 Πατρός
1900 943 1913 957 ι

314 1021 445 1073 ἐπεὶ
476 1020 597 1082 πῶς
630 1020 697 1073 ἂν
727 1021 784 1071 ὲν
803 1015 881 1089 τῷ
909 1018 1124 1089 γενητῷ
1154 1017 1342 1089 ὀφθείη
1377 1019 1504 1071 ποτὲ
1533 1018 1593 1072 τὸ
1621 1016 1915 1088 ἀγίνητον;

314 1113 383 1164 Et
412 1111 528 1182 γὰρ
558 1110 620 1163 τὺ
651 1110 959 1181 ἀρχέτυπον
980 1113 1037 1163 ὲν
1061 1110 1141 1181 τῷ
1169 1110 1445 1181 μιμήματι
1477 1109 1741 1180 φαίνοιτο,
1765 1109 1917 1163 ἔσται

313 1205 545 1266 παντως
568 1203 712 1255 κατὰ
743 1202 899 1255 τοῦτο
932 1203 1322 1273 κάκεῖνο.”ορα
1356 1200 1536 1270 λέγειν
1565 1199 1657 1254 οὖν
1690 1201 1917 1270 γενητὸν

312 1291 466 1349 εἶναι
506 1297 597 1349 καὶ
626 1296 717 1349 τὸν
745 1296 988 1366 Πατέρα,
1021 1296 1144 1348 καθ’
1173 1296 1232 1349 ὃν
1258 1298 1291 1365 ὴ
1321 1294 1484 1348 εἰκὼν
1510 1292 1827 1364 ὲμορφώθη.
1852 1294 1916 1346 El

313 1390 379 1442 δὲ
408 1387 567 1442 τοῦτο
593 1388 810 1451 ἄτοπον,
845 1387 997 1441 ἔσται
1026 1389 1245 1451 πάντως
1276 1387 1544 1456 ἀγενήτου
1569 1386 1628 1441 τὸ
1653 1385 1915 1455 ἀγένητον

316 1480 517 1536 εξκὼν.

1018 1630 1261 1708 ΑΛΑο.Δ

2030 484 2220 522 rursus
2260 466 2514 522 deitatem
2549 467 2889 535 constringit.

2713 558 2942 614 ALIUD.

2100 649 2156 704 Si
2182 649 2360 705 Filius
2393 660 2479 704 est
2525 649 2984 705 incommutabilis
3016 649 3192 704 Patris
3232 650 3432 720 imago,
3475 654 3627 707 adeo.

2027 753 2085 797 ut
2114 743 2272 798 Pater
2300 744 2352 797 in
2384 743 2521 798 Filio
2555 752 2834 811 appareat,
2856 745 2995 798 sicut
3026 744 3291 811 scriptum
3319 756 3430 799 est:
3454 763 3473 797 ι
3503 745 3607 811 Qui

2026 835 2170 891 videt
2200 851 2306 900 me,
2341 836 2487 891 videt
2526 846 2582 891 et
2611 836 2823 890 Patrem
2853 836 2894 901 θ,
2938 856 2955 888 ο
2986 851 3211 891 necesse
3242 838 3464 891 omnino
3494 837 3608 891 fuc-

2029 929 2101 982 rit
2130 928 2401 990 confiteri,
2439 944 2543 981 non
2576 942 2696 981 esse
2719 926 2917 981 factum
2950 942 3070 981 eum
3102 929 3193 996 qui
3225 944 3293 982 ex
3321 943 3427 983 non
3462 928 3607 982 facto

2025 1019 2184 1075 Patre
2205 1021 2466 1087 procedit.
2491 1020 2608 1086 Quo
2640 1029 2797 1088 pacto
2826 1020 2969 1073 enim
3000 1023 3051 1073 in
3092 1019 3238 1075 facto
3273 1029 3531 1090 appareat
3556 1022 3607 1076 id

2026 1116 2169 1184 quod
2203 1113 2401 1166 factum
2437 1127 2541 1165 non
2572 1110 2699 1165 est?
2733 1110 2867 1165 Nam
2894 1113 2938 1167 si
2980 1112 3334 1182 archetypum
3381 1114 3435 1166 in
3473 1114 3609 1167 ima-

2024 1207 2152 1277 gine
2177 1214 2457 1275 appareat,
2502 1212 2716 1273 oportet
2754 1212 2811 1256 ut
2842 1204 2957 1257 haec
3003 1204 3199 1257 similis
3240 1204 3310 1257 sit
3348 1204 3443 1256 illi.
3494 1202 3606 1272 0p-

2023 1310 2255 1369 portune
2298 1298 2481 1367 itaque
2525 1297 2628 1351 dici
2682 1304 2859 1365 posset
2906 1295 3070 1350 etiam
3126 1295 3339 1349 Patrem
3399 1296 3601 1349 factum

2022 1404 2170 1453 esse,
2202 1389 2265 1443 ad
2289 1403 2450 1457 quem
2488 1388 2664 1455 imago
2697 1387 2930 1440 formata
2961 1392 3063 1439 est.
3100 1386 3170 1437 At
3210 1401 3331 1438 cum
3370 1386 3473 1439 hoc
3514 1385 3609 1438 ab-

2022 1485 2245 1539 surdum
2281 1484 2371 1549 sit,
2418 1482 2523 1537 erit
2556 1482 2781 1536 omnino
2830 1480 3009 1550 imago
3036 1494 3140 1535 non
3184 1478 3312 1535 facti
3354 1479 3609 1534 similiter

2024 1592 2128 1633 non
2162 1577 2325 1631 facta.

2701 1664 2929 1721 ALIUD.

395 1751 458 1805 '0
485 1749 759 1820 μακάριος
781 1746 987 1817 Μωσῆς
1006 1746 1105 1817 τὴν
1126 1745 1221 1798 τοῦ
1247 1744 1539 1815 ἀνθρώπου
1565 1744 1901 1816 κατασκευὴν

2088 1757 2284 1813 Beatus
2314 1758 2404 1813 ille
2434 1756 2645 1828 Moyses
2680 1757 3016 1811 creationem
3065 1754 3301 1810 hominis
3342 1770 3605 1808 enarrans

311 1840 706 1912 ἐξηγούμενος,
743 1839 988 1908 εἰσφέρει
1034 1836 1261 1901 λέγοντα
1311 1834 1481 1887 Θεόν·
1541 1854 1558 1885 ι
1591 1834 1911 1904 Ποιήσωμεν

313 1935 604 2008 ἁνθρωπον
633 1933 753 1987 κατ’
771 1932 955 1991 εἰκόνα
985 1930 1264 2000 ἡμετέραν
1295 1928 1391 1981 καὶ
1423 1925 1543 1980 καθ’
1566 1927 1823 1996 ὁμοίωσιν
1843 1943 1856 1957 ο
1884 1944 1905 1979 ι

312 2030 382 2080 ὲν
413 2027 472 2080 δὲ
516 2024 588 2094 τῷ
631 2023 835 2091 λέγειν,
868 2020 1184 2090 ἡμετέραν,
1219 2017 1383 2071 πάλιν
1411 2018 1443 2083 ἡ
1480 2016 1613 2079 δυὰς
1647 2015 1909 2085 σημαίνε-

313 2134 441 2175 ται⁶
499 2119 751 2178 συνόντος
800 2113 1043 2185 δηλονότι
1093 2112 1186 2164 καὶ
1240 2109 1765 2178 συνθεολογουμένου
1813 2107 1908 2159 τοῦ

316 2214 474 2280 ἁγίου
518 2210 859 2279 Πνεύματος.
888 2207 950 2259 Εἰ
994 2205 1051 2258 δὲ
1098 2207 1154 2257 ὲν
1189 2204 1271 2257 ἐνὶ
1300 2203 1377 2273 τῷ
1408 2202 1738 2273 ἀνθρώπιρή
1773 2200 1909 2271 αὑτὴ

310 2304 408 2359 τοῦ
442 2303 659 2373 Πατρὸς
690 2301 784 2354 καὶ
815 2298 909 2351 τοῦ
948 2297 1077 2351 Υίοῦ
1108 2297 1355 2366 φαίνεται
1385 2293 1569 2359 εἰκὼν,
1606 2295 1730 2347 κατ’
1759 2294 1909 2347 οὐδὲν

308 2400 423 2467 ἄρα
478 2398 580 2464 τῆς
628 2391 765 2462 πρὸς
811 2389 1076 2459 ἀλλήλους
1117 2384 1526 2439 διαλλάττουσιν
1571 2382 1905 2452 ὁμοιότητος.

323 2487 609 2556 Ἀνόμοιον
643 2482 700 2534 δὲ
744 2479 956 2551 γενητῷ
996 2478 1057 2530 τὸ
1093 2475 1385 2546 ἀγένητον
1417 2475 1517 2527 οὐκ
1546 2474 1653 2544 ἄρα
1682 2473 1909 2544 γενητὸς

309 2583 338 2641 6
368 2579 516 2641 Υἱὸς,
549 2578 639 2630 ἵνα
672 2575 747 2646 μὴ
778 2574 1029 2643 ἀνόμοιος
1061 2569 1345 2638 φαίνηται.

1011 2663 1213 2715 ΔΛΛΟ.

385 2761 626 2830 Λέγεται
669 2755 821 2827 παρὰ
846 2757 969 2817 ταῖς
1000 2751 1174 2813 θείαις
1210 2752 1454 2821 Γραφαῖς
1509 2748 1909 2820 παντοκράτωρ

310 2855 409 2917 καὶ
438 2854 644 2924 Κύριος
677 2852 706 2903 6
739 2849 961 2918 Πατήρο
994 2847 1109 2901 ἀλλ’
1141 2846 1238 2915 οὐχ
1274 2845 1349 2909 ὡς
1387 2844 1445 2896 ἓν
1469 2860 1520 2895 τι
1546 2841 1654 2895 τῶν
1681 2858 1911 2911 κρατου-

315 2948 498 3017 μένων
532 2944 567 3015 ἢ
599 2940 1000 3014 κνριευομένων
1045 2941 1244 2992 νοεῖται
1296 2937 1391 2989 καὶ
1439 2938 1467 2988 6
1522 2936 1669 2997 Υἱὸς,
1715 2934 1804 2987 διὰ
1848 2936 1909 2988 τὸ

312 3039 540 3092 ¹ιτᾶντων
566 3037 783 3107 κρατεῖν
811 3050 871 3085 τε
902 3033 996 3085 καὶ
1017 3030 1292 3101 κυριεύειν
1317 3029 1522 3081 ἐκεῖνον
1542 3044 1555 3058 θ
1586 3030 1779 3098 κρατεῖ
1797 3027 1906 3096 γὰρ

316 3131 542 3184 πάντων
574 3130 668 3182 καὶ
698 3126 943 3198 κυριεύει
974 3125 1111 3193 μετὰ
1141 3119 1790 3193 Πατρδς,παντοκράτωρ
1812 3118 1905 3170 καὶ

323 3222 486 3283 uino;
528 3221 784 3289 ὑπάρχων
832 3217 927 3270 καὶ
956 3214 1398 3286 Κύριος.’⁸Ωσπερ
1450 3209 1540 3265 οὗν
1590 3214 1648 3264 ὲν
1693 3208 1905 3271 τούτοις

333 3310 439 3378 οὺχ
468 3308 541 3370 ὣς
574 3308 633 3360 ὶν
658 3309 763 3361 τῶν
793 3309 1003 3361 πάντων
1055 3306 1203 3359 ἐστὶν
1250 3307 1279 3358 6
1326 3304 1473 3369 Υἱὸς,
1522 3302 1635 3356 ἀλλ’
1664 3301 1758 3355 ἐπὶ
1805 3301 1903 3370 τὴν

323 3396 447 3450 τῶν
498 3397 736 3469 γενητῶν
783 3398 932 3467 φύσιν
964 3400 995 3468 ἡ
1027 3396 1137 3450 τῶν
1165 3397 1364 3461 λέξεων
1395 3396 1624 3465 δύναμις
1652 3395 1899 3464 φέρεται,

312 3491 469 3547 οὕτω
491 3490 588 3542 καὶ
620 3490 713 3543 ἐπὶ
744 3491 1015 3560 ἀγενήτου,
1045 3492 1107 3543 ού
1142 3491 1274 3560 πρὸς
1306 3490 1396 3541 τὸν
1429 3488 1575 3550 Υίὸν,
1598 3488 1734 3541 ἀλλὰ
1765 3487 1901 3557 πρὸς

305 3582 415 3653 τὴν
444 3581 679 3652 κτίσινὴ
713 3581 1012 3653 σύγκρισις,
1049 3582 1153 3636 κᾶν
1178 3581 1234 3633 ἓν
1268 3576 1409 3633 εἶναι
1442 3580 1664 3648 λέγηται
1686 3581 1745 3631 τὸ
1770 3580 1901 3648 ἀγέ-

305 3691 471 3745 νητον
492 3691 505 3703 ·
537 3673 625 3727 διὰ
645 3674 706 3727 τὸ
736 3674 913 3729 πάντα
941 3674 1224 3744 γεγονέναι
1258 3671 1435 3744 παρὲξ
1457 3670 1614 3723 Θεοῦ.

338 3877 472 3929 Ὅτι
512 3876 779 3943 κρεῖττόν
816 3877 949 3929 ἐστι
988 3877 1085 3930 καὶ
1125 3875 1594 3945 ἀξιολογώτερον
1631 3872 1867 3941 Πατέρα

552 3947 869 4001 καλεῖσθαι
909 3948 1016 3999 τὸν
1054 3949 1223 4011 Θεὸν,
1263 3948 1301 4015 ἢ
1342 3949 1654 4018 ἀγένητον.

377 4059 453 4112 Τὸ
480 4058 677 4125 πατὴρ
712 4060 903 4129 ὄνομα,
921 4060 1016 4130 τὴν
1044 4061 1170 4129 περὶ
1197 4061 1313 4114 υἱοῦ
1343 4061 1561 4123 πάντως
1593 4060 1801 4116 ἔννοιαν
1836 4060 1896 4116 ἑν

292 4148 486 4220 ἑαυτῷ
534 4150 899 4218 συνεισφέρειο
923 4152 991 4202 τὰ
1028 4149 1135 4219 γὰρ
1163 4149 1387 4203 τοιαῦτα
1419 4151 1487 4203 δι’
1518 4152 1761 4223 ἀλλήλων
1798 4170 1895 4223 ση-

293 4241 580 4309 μαίνεται.
609 4239 685 4291 Τὸ
716 4239 773 4291 δὲ
800 4240 1084 4308 ἀγένητος
1118 4239 1310 4309 ὄνομα,
1343 4238 1419 4307 τῷ
1455 4239 1528 4308 μὴ
1564 4240 1892 4310 γεγενῆσθαι

287 4333 474 4396 Θεὸν,
523 4333 622 4405 τὴν
679 4331 790 4385 τῶν
834 4332 1076 4402 γενητῶν
1135 4329 1591 4401 ἀντιπαρατίθησι
1648 4333 1888 4401 μνήμην.

2011 1850 2215 1905 inducit
2244 1849 2407 1905 Deum
2436 1849 2704 1904 dicentem
2737 1865 2750 1900 :
2790 1867 2809 1898 ι
2850 1847 3135 1902 Faciamus
3185 1845 3460 1900 hominem
3513 1858 3605 1898 se-

2012 1944 2249 1997 cundum
2309 1941 2600 2010 imaginem
2637 1948 2690 1993 ct
2746 1938 3155 1993 similitudinem
3218 1946 3458 1991 nostram
3493 1935 3534 1988 ⁷.
3577 1951 3597 1986 ι

2011 2034 2148 2089 Cum
2209 2050 2337 2088 vero
2370 2034 2522 2095 dicit,
2544 2043 2798 2095 nostram,
2840 2046 3027 2085 rursus
3061 2029 3295 2083 dualitas
3330 2025 3605 2097 significa-

2019 2138 2291 2181 turzcum
2360 2124 2560 2194 alioqui
2603 2126 2768 2177 etiam
2801 2124 2961 2185 adsit,
2998 2131 3053 2177 et
3097 2121 3283 2176 deitati
3340 2134 3601 2173 annume-

2014 2229 2163 2274 retur
2192 2217 2430 2287 Spiritus
2460 2226 2704 2270 sanctus.
2736 2215 2794 2270 Si
2825 2230 2954 2283 ergo
2992 2214 3044 2268 in
3075 2228 3183 2267 uno
3237 2212 3455 2267 homine
3494 2226 3599 2265 una

2012 2325 2172 2381 atque
2202 2313 2389 2366 eadem
2419 2308 2600 2362 Patris
2632 2317 2684 2363 et
2712 2307 2831 2362 Filii
2871 2308 3050 2376 imago
3087 2314 3334 2375 apparet,
3370 2304 3421 2357 iu
3453 2302 3600 2356 nullo

2011 2414 2158 2459 certe
2195 2402 2334 2455 inter
2361 2414 2418 2454 se
2444 2398 2735 2452 dissimiles
2776 2404 2919 2451 sunt.
2963 2395 3236 2449 Dissimile
3281 2404 3460 2447 autem
3518 2400 3601 2445 est

2012 2496 2158 2549 facto
2192 2494 2241 2547 id
2270 2491 2413 2562 quod
2447 2489 2550 2560 13
2588 2490 2790 2542 factum
2826 2503 2930 2541 non
2967 2495 3071 2541 est.
3108 2484 3222 2540 Non
3249 2493 3333 2540 est
3357 2499 3487 2554 ergo
3514 2485 3599 2537 la-

2012 2596 2130 2642 ctus
2151 2584 2343 2648 Filius,
2377 2600 2444 2637 tte
2466 2581 2748 2637 dissimilis
2772 2581 2918 2633 Patri
2952 2577 3279 2633 inveniatur.

2686 2671 2917 2727 ALIUD.

2081 2773 2245 2827 Pater
2293 2773 2346 2824 in
2379 2783 2534 2823 sacra
2587 2766 2869 2833 Scriptura
2918 2762 3160 2815 omnium
3201 2761 3502 2830 imperator
3545 2770 3601 2814 et

2015 2864 2270 2917 Dominus
2293 2860 2522 2924 dicitur;
2557 2857 2652 2912 sed
2686 2872 2793 2910 non
2817 2856 2889 2908 ita
2910 2864 2967 2908 ut
2989 2853 3161 2907 Filius
3184 2850 3495 2919 unumqnid
3528 2850 3601 2903 sit

2010 2970 2219 3018 eorum,
2250 2967 2369 3021 qua:
2402 2949 2571 3018 ipsius
2600 2946 2830 3016 imperio
2866 2954 2920 2997 et
2941 2941 3294 2997 dominationi
3354 2939 3599 3009 subjecta

2013 3055 2165 3109 sunt,
2198 3059 2319 3099 eam
2354 3040 2423 3095 ob
2454 3053 2673 3094 causam
2717 3039 2859 3107 quod
2892 3036 3055 3091 Pater
3080 3034 3334 3091 omnibus
3370 3033 3602 3101 imperet

2008 3148 2062 3194 et
2084 3138 2424 3199 dominetur;
2458 3135 2688 3204 imperat
2718 3129 2861 3185 enim
2904 3136 2958 3182 et
2987 3128 3303 3181 dominatur
3336 3124 3591 3179 omnibus

2004 3248 2125 3287 cum
2147 3232 2323 3295 Patre,
2344 3232 2563 3299 ipseque
2580 3227 2745 3281 etiam
2768 3222 3113 3289 omnipotens
3137 3229 3219 3274 est
3241 3230 3291 3274 et
3318 3218 3596 3272 Dominus.

2005 3323 2466 3391 Quemadmodum
2505 3321 2669 3390 igitur
2706 3320 2759 3372 in
2818 3315 2939 3371 istis
2981 3330 3086 3368 non
3117 3311 3281 3366 veluti
3325 3325 3464 3364 unus
3492 3306 3599 3362 ali-

2003 3414 2124 3483 quis
2151 3428 2216 3467 ex
2268 3411 2536 3466 universis
2567 3417 2824 3463 censetur
2874 3404 3065 3468 Filius,
3106 3404 3204 3457 scd
3253 3401 3449 3455 horum
3478 3413 3605 3453 ver-

2003 3509 2199 3561 horum
2253 3506 2338 3559 vis
2386 3513 2594 3557 tantmn
2646 3515 2735 3555 res
2783 3508 3000 3553 creatas
3061 3493 3465 3563 complectitur,
3522 3490 3601 3544 ita

2000 3596 2236 3651 etiamin
2268 3610 2375 3649 non
2416 3593 2581 3658 facto,
2617 3606 2723 3646 non
2756 3589 2821 3643 ad
2849 3587 3069 3650 Filium,
3099 3586 3192 3640 sed
3226 3585 3291 3639 ad
3310 3591 3597 3639 creaturas

1999 3686 2329 3754 comparatio
2358 3684 2553 3747 fertur,
2592 3681 2806 3736 tametsi
2883 3693 3049 3733 unum
3094 3676 3311 3731 dicatur
3345 3688 3454 3728 non
3519 3672 3599 3725 fa-

1998 3786 2143 3831 ctum
2165 3794 2178 3831 :
2206 3775 2460 3844 quoniam
2481 3783 2673 3841 prmter
2697 3787 2861 3825 unum
2895 3771 3060 3824 Deum
3080 3768 3258 3822 omnia
3287 3766 3427 3821 facta
3448 3773 3599 3821 sunt.

2001 3885 2154 3954 Quod
2181 3884 2366 3939 melius
2391 3893 2545 3953 atque
2572 3882 2786 3951 dignius
2821 3882 3088 3954 sit_Deum
3126 3881 3301 3932 vocari
3352 3878 3590 3938 Patrem,

2546 3950 2704 4023 quam
2734 3950 3045 4022 ingenitum.

2070 4071 2247 4126 Patris
2281 4082 2474 4123 nomen
2524 4065 2771 4121 notitiam
2826 4063 2918 4118 ﬁlii
2955 4059 3270 4118 necessario
3302 4073 3485 4113 secum
3511 4058 3597 4110 in-

1997 4166 2168 4222 ducit.
2203 4161 2434 4217 Nomina
2469 4160 2614 4213 enim
2660 4157 2968 4229 huiusmodi
3019 4171 3141 4210 sese
3185 4163 3369 4206 mutuo
3408 4149 3593 4203 decla-

1998 4267 2141 4312 rant.
2197 4252 2432 4321 Iugeniti
2458 4266 2588 4306 vero
2615 4265 2809 4303 nomen
2843 4265 2912 4303 ex
2940 4264 3006 4301 eo
3049 4246 3191 4317 quod
3228 4247 3370 4300 Deus
3414 4242 3593 4295 factus

1997 4365 2101 4404 non
2127 4358 2231 4413 est,
2264 4361 2362 4401 nos
2391 4346 2445 4399 in
2478 4359 2664 4398 eorum
2702 4357 2821 4408 quae
2867 4340 3005 4393 fat-ta
3041 4347 3168 4392 sunt
3209 4379 3224 4401 ,
3258 4335 3593 4390 TCl‘Ol‘tiitliO'

302 4425 620 4494 Ἀναγκαία
661 4424 717 4477 δὲ
764 4427 875 4486 τοῖς
926 4423 1199 4477 πιστεύειν
1248 4422 1521 4475 ἐθέλουσιν
1562 4422 1761 4492 ὀρθῶς,
1798 4425 1895 4493 τῆς

2013 4456 2122 4494 tem
2156 4439 2394 4494 vicissim
2434 4435 2675 4490 adducit.
2708 4431 3029 4486 Necessaria
3057 4440 3234 4483 autem
3272 4439 3355 4482 est
3401 4427 3466 4481 iis
3498 4428 3590 4496 qui

285 4518 464 4587 ἁγίας
492 4515 722 4588 Τριάδος
749 4517 781 4585 ἡ
813 4514 1031 4583 γνῶσις.
1065 4516 1125 4567 Εἰ
1152 4514 1329 4567 τοίνυν
1362 4516 1389 4566 6
1420 4513 1518 4582 μὲν
1552 4515 1772 4584 Πατέρα
1804 4514 1891 4566 λέ-

285 4629 412 4678 γων
459 4611 567 4680 ὁρᾷ
611 4607 702 4660 τὸν
744 4606 863 4659 Υἱδν
894 4607 959 4659 δι’
991 4608 1049 4660 ὃν
1078 4608 1193 4659 ἐστι
1220 4607 1411 4677 Πατήρ
1436 4621 1450 4634 ·
1484 4606 1511 4657 ὁ
1541 4606 1597 4659 δὲ
1630 4608 1893 4677 ἀγένητον

282 4700 583 4771 ὀνομάζων
622 4699 805 4761 αὐτὸν,
836 4700 938 4769 ὁρᾷ
962 4699 1029 4751 τὰ
1061 4699 1349 4768 γενόμενα,
1374 4692 1455 4761 οἷς
1496 4698 1730 4766 εὐλόγως
1757 4701 1784 4751 6
1817 4699 1891 4769 μὴ

284 4791 541 4861 γεγονὼς
571 4790 1060 4843 ἀντιδιαστέλλεται
1079 4807 1092 4820 ⁸
1138 4791 1272 4844 πολὺ
1302 4790 1364 4861 δὴ
1395 4794 1661 4861 κρεῖττον,
1697 4792 1789 4861 ἀφ’
1818 4786 1892 4846 ὧν

282 4885 317 4951 ἡ
366 4881 504 4951 περὶ
537 4877 634 4931 τοῦ
666 4879 795 4932 Υἱοῦ
833 4881 1074 4933 τίκτεται
1120 4881 1341 4950 γνῶσις,
1394 4881 1757 4950 σημαίνεσθαι
1802 4882 1894 4936 τὸν

281 4976 450 5035 Θεὸν,
484 4973 521 5042 ἤ
550 4971 612 5035 ἐξ
636 4965 709 5024 ὧν
741 4975 774 5042 ἡ
817 4973 925 5025 τῶν
951 4973 1268 5042 ποιημάτων
1291 4973 1643 5041 ἀναφαίνεται
1679 4977 1890 5045 μνήμη,

281 5062 632 5117 συντελοῦσα
662 5063 798 5134 πρὸς
838 5063 934 5133 τὴν
964 5063 1165 5131 γνῶσιν
1208 5064 1308 5131 τῆς
1352 5063 1513 5131 ἁγίας
1544 5064 1769 5135 Τριάδος
1800 5067 1890 5118 ού-

277 5156 398 5210 δὲν.
432 5155 548 5207 Καὶ
577 5156 606 5207 6
639 5155 737 5223 μὲν
784 5156 1004 5227 Πατέρα
1035 5154 1229 5224 λέγων,
1263 5156 1354 5224 ἀφ’
1381 5151 1455 5208 ὧν
1483 5156 1598 5209 ἔστι
1632 5158 1888 5227 σημαίνει

274 5248 451 5301 Θεόν*
503 5248 532 5297 6
564 5247 621 5298 δὲ
658 5248 923 5317 ἀγένητον
962 5248 1152 5312 εἰπὼν,
1190 5249 1282 5317 ἀφ’
1313 5244 1386 5301 ὧν
1413 5250 1513 5302 οὐκ
1551 5250 1733 5302 ἐστιν·
1773 5251 1886 5304 ἔστι

272 5341 387 5410 μὲν
433 5338 548 5409 γὰρ
602 5338 731 5393 Υἱοῦ
780 5340 991 5411 Πατὴρ,
1028 5342 1252 5413 γενητὸς
1283 5342 1338 5394 δὲ
1371 5342 1471 5394 οὐκ
1528 5341 1794 5395 ἔστι.”οτι
1828 5345 1883 5396 δὲ

270 5428 491 5499 μᾶλλον
538 5429 598 5494 ἐξ
640 5423 715 5483 ὧν
746 5429 913 5497 ἔστιν,
946 5433 978 5503 ἢ
1019 5433 1078 5497 ἐξ
1103 5426 1177 5486 ὧν
1210 5434 1308 5487 οὐκ
1355 5434 1522 5499 ἔστιν,
1553 5437 1881 5509 οἰκειότερον

272 5523 619 5592 σημαίνεται
641 5522 794 5589 Θεὸς,
822 5526 886 5577 ὲκ
904 5524 1059 5577 τοῦδε
1082 5524 1275 5592 γένοιτ’
1297 5527 1361 5579 ἂν
1387 5529 1545 5581 παντί
1569 5548 1645 5598 τῳ
1688 5529 1873 5598 σαφές.

340 5703 361 5731 ⁶
394 5700 566 5757 toan.
603 5717 715 5770 τιν,
756 5703 807 5758 9.
884 5706 902 5735 ⁷
938 5704 1074 5762 Gen.
1108 5721 1168 5773 ιι,
1195 5662 1305 5761 26..

2005 4542 2150 4584 recta
2179 4530 2281 4583 lide
2331 4527 2538 4598 prmditi
2574 4540 2695 4579 esse
2724 4524 2890 4578 velint
2921 4531 3122 4576 sancta:
3171 4520 3458 4573 Trinitatis
3498 4534 3588 4571 co-

2004 4619 2194 4690 gnitio.
2229 4619 2285 4672 Si
2320 4634 2449 4687 ergo
2482 4618 2526 4671 is
2552 4617 2646 4686 qui
2695 4616 2909 4670 Patrem
2945 4612 3188 4665 nominat
3242 4610 3460 4677 respicit
3498 4609 3591 4663 Fi-

2004 4712 2132 4764 liunt
2165 4725 2262 4779 per
2292 4726 2449 4779 quem
2476 4709 2633 4763 Pater
2667 4718 2780 4772 est;
2812 4706 2904 4776 qui
2939 4719 3067 4757 vero
3122 4702 3420 4771 ingenitum
3474 4701 3595 4753 sive

2005 4799 2306 4854 increatum
2340 4799 2593 4868 appellat,
2628 4808 2811 4852 creata
2836 4796 3002 4859 videt,
3045 4793 3243 4862 quibus
3282 4790 3476 4845 merito
3508 4790 3590 4843 in-

2002 4901 2219 4945 creatus
2236 4894 2526 4961 opponitur
2551 4909 2565 4944 :
2594 4900 2743 4944 certe
2777 4889 2943 4943 multo
2975 4889 3145 4941 satius
3165 4893 3248 4939 est
3277 4884 3464 4937 Patris
3494 4898 3590 4952 ap-

2000 4982 2348 5050 pellationem
2376 4984 2501 5037 inde
2534 4982 2698 5048 sumi,
2719 4983 2858 5034 unde
2883 4981 3004 5034 Filii
3041 4978 3280 5047 cognitio
3305 4977 3587 5047 gignatur,

1998 5092 2160 5145 quam
2205 5077 2348 5139 inde,
2393 5075 2534 5130 unde
2576 5084 2951 5129 creaturarum
3016 5073 3206 5124 notitia
3272 5070 3583 5130 inducatur,

1996 5182 2115 5237 qua:
2174 5168 2239 5221 ad
2298 5168 2661 5237 cognitionem
2728 5164 3013 5218 Trinitatis
3053 5163 3186 5217 nilnl
3245 5161 3403 5231 plane
3455 5175 3587 5213 con-

1995 5260 2163 5313 ducit.
2200 5257 2265 5313 Et
2320 5260 2537 5328 quidem
2572 5258 2659 5326 qui
2698 5256 2912 5311 Patrem
2953 5256 3101 5315 dicit,
3134 5269 3197 5306 ex
3221 5268 3286 5306 eo
3323 5252 3466 5321 quod
3502 5261 3587 5305 est

1992 5352 2238 5406 nominat
2288 5353 2494 5406 Deum:
2545 5351 2636 5420 qui
2679 5366 2805 5403 vero
2850 5349 3167 5419 ingenitum,
3225 5345 3291 5400 ab
3345 5362 3407 5401 eo
3440 5346 3589 5415 quod

1993 5460 2097 5500 non
2129 5451 2252 5500 est:
2288 5454 2373 5499 est
2406 5444 2547 5499 enim
2582 5444 2741 5497 Pater
2758 5442 2901 5507 Filii,
2944 5450 3163 5497 creatus
3188 5456 3314 5494 vero
3347 5446 3579 5493 nonest.

1992 5537 2145 5602 Quod
2180 5548 2355 5595 autem
2386 5538 2562 5608 potius
2586 5553 2648 5593 cx
2679 5552 2741 5592 co
2778 5538 2919 5607 quod
2955 5544 3059 5603 est,
3097 5549 3259 5603 quam
3294 5532 3435 5601 quod
3467 5544 3579 5583 non
