4032 6212
431 280 500 342 27

1411 267 1469 323 s.
1508 261 1786 322 CYRILLI
1824 259 2299 317 sLsxannntm
2337 237 2660 315 ARCHIEP.

3608 268 3679 323 38

433 409 543 464 est,
563 398 652 453 Dei
679 391 966 464 appellatio
998 389 1073 445 sit
1105 384 1385 449 sumenda,
1413 381 1538 437 inde
1565 380 1743 437 cuivis
1784 378 1998 450 perspi-

2119 377 2168 430 Ξῖ
2192 394 2275 440 τις
2306 375 2413 447 γὰρ
2447 376 2663 445 ἐκείνην
2706 375 2804 447 τὴν
2845 376 3123 447 ἄφραστον
3163 377 3254 431 καὶ
3296 379 3679 453 ἀκατάληπτον

433 502 589 545 cuum
618 484 821 540 fuerit:
853 479 909 535 Si
932 479 1051 549 quis
1080 476 1224 533 enim
1257 473 1402 528 illam
1438 470 1760 527 ineffabilem
1795 470 2000 523 incom-

435 575 961 653 preltensibilemque
992 579 1242 625 naturam
1277 576 1435 622 vocet
1455 566 1643 630 Deum,
1676 564 1826 617 abeo
1862 560 2000 631 quod

432 651 517 728 est
546 678 691 723 recte
718 665 981 725 nominat,
1040 668 1244 715 etcum
1280 656 1448 711 Deum
1478 653 1638 716 dixit,
1672 651 1816 705 illam
1848 658 2002 701 natu-

436 778 552 818 ram
574 756 913 831 signiﬁcavit.
960 752 1019 808 Si
1054 752 1179 822 quis
1208 763 1338 804 vero
1381 747 1450 802 ab
1485 761 1550 802 eo
1581 745 1725 816 quod
1771 756 1876 797 non
1919 750 2002 795 est

435 868 557 910 eum
588 850 869 906 nominare
914 845 1169 906 voluerit.
1210 842 1550 897 innocentem
1608 835 1692 889 vel
1752 832 1998 900 indepra-

438 951 619 996 vatum
642 952 766 993 eum
792 934 1085 1005 appellans,
1110 945 1174 986 eo
1210 930 1352 1000 quod
1396 926 1527 982 nihil
1564 922 1693 978 mali
1716 921 1797 976 vel
1845 920 2000 989 pravi

439 1033 493 1088 in
516 1045 579 1086 ea
635 1029 744 1114 sit,
784 1040 913 1081 vere
962 1025 1174 1096 quidem
1215 1021 1432 1081 dixerit,
1474 1017 1569 1073 sed
1622 1030 1726 1069 non
1780 1012 2002 1067 omnino

440 1101 993 1186 Deumti's'i'gniﬁcabit.
1047 1113 1186 1168 Sunt
1213 1110 1355 1165 enim
1391 1106 1551 1161 etiam
1584 1103 1727 1156 inter
1757 1101 2003 1164 homines

440 1211 710 1275 nonnulli,
736 1209 861 1263 mali
892 1218 944 1263 et
972 1203 1252 1275 pravitatis
1282 1207 1549 1267 expertes.
1570 1192 1843 1263 Ejusmodi
1874 1206 2002 1245 vero

440 1303 603 1358 etiam
638 1308 853 1356 sanctos
886 1294 1103 1365 angelos
1130 1306 1249 1347 esse
1281 1289 1572 1344 credimus.
1600 1286 1794 1342 Verius
1824 1288 2004 1353 itaque

443 1396 722 1463 magisque
767 1389 978 1457 praprie
1006 1387 1073 1437 ab
1116 1384 1181 1436 iis
1207 1396 1326 1451 qua:
1348 1387 1453 1445 est,
1485 1393 1646 1449 quam
1693 1378 1758 1431 ab
1789 1376 1856 1431 iis
1886 1390 2004 1445 qua:

444 1490 671 1547 nonest,
718 1472 1130 1545 signiﬁcabitur.

1031 1562 1136 1634 ιη
1175 1560 1403 1615 ALIUD.

512 1665 705 1716 Beatus
740 1658 902 1715 David
928 1657 1173 1726 psallitet
1189 1656 1253 1707 ad
1278 1653 1472 1707 Filium
1502 1652 1662 1706 dicit:
1696 1670 1714 1702 ι
1751 1649 2002 1717 Propter-

441 1772 501 1811 ea
543 1754 696 1807 unxit
726 1760 776 1805 te
799 1750 961 1813 Deus,
997 1749 1138 1802 Deus
1173 1758 1297 1801 tuus
1336 1745 1454 1799 oleo
1488 1742 1865 1799 exsultationis
1897 1758 2004 1810 prae

441 1842 794 1916 participibus
813 1841 915 1894 tuis
934 1840 1011 1893 ⁸.»
1037 1839 1091 1893 Si
1116 1855 1244 1907 ergo
1276 1838 1546 1892 diversum
1566 1846 1647 1891 est
1669 1835 1811 1904 quod
1842 1836 2007 1902 parti-

441 1936 584 2005 cipat
616 1936 683 1987 ab
707 1948 771 1987 eo
797 1933 937 2001 quod
969 1931 1324 2001 participatur
1354 1948 1368 1985 :
1405 1929 1548 1983 aliud
1602 1928 1745 1983 enim
1801 1927 1854 1980 in
1900 1926 2005 1979 alio

443 2023 847 2094 intelligendum
870 2033 951 2075 est
990 2040 1003 2074 :
1041 2021 1315 2090 particeps
1333 2027 1509 2073 autem
1548 2018 1606 2070 ﬁt
1635 2026 1886 2071 creatura
1921 2014 2008 2068 Fi-

446 2119 526 2183 lii,
564 2116 812 2171 diversus
844 2112 1087 2182 profecto
1111 2111 1275 2167 fuerit
1301 2127 1332 2165 a
1367 2119 1613 2165 creatura
1640 2122 1759 2176 quae
1781 2107 1863 2160 sui
1887 2094 2011 2175 par-

447 2214 615 2279 ticeps
639 2210 717 2266 ﬁt.
745 2208 1012 2276 Quocirca
1050 2223 1222 2278 neque
1248 2215 1480 2261 creatus.
1533 2202 1589 2256 Si
1628 2217 1758 2256 vero
1781 2216 1884 2255 non
1929 2209 2013 2253 est

444 2303 694 2357 diversus
722 2303 790 2356 ab
830 2299 918 2354 illa
958 2299 1152 2359 Filius,
1192 2311 1368 2367 neque
1426 2292 1719 2349 secundum
1763 2299 2011 2343 naturam

447 2396 516 2450 ab
537 2411 599 2450 ea
629 2395 939 2460 distinctus,
978 2395 1100 2464 quis
1142 2401 1225 2447 est
1253 2405 1380 2446 usus
1427 2385 1898 2459 partieipationis?
1932 2384 2015 2438 vel

450 2487 719 2558 quomodo
751 2488 871 2555 quis
891 2485 1161 2554 particeps
1192 2480 1417 2549 ﬁatejus
1453 2480 1595 2549 quod
1642 2478 1869 2547 ipsemet
1892 2476 2015 2531 est?

834 2607 1397 2699 ASSERTIO
1474 2610 1609 2696 II.

523 2765 674 2831 Quod
702 2760 985 2834 ingenitum
1020 2776 1121 2834 non
1149 2761 1218 2834 sit
1238 2757 1552 2834 substantia,
1584 2756 1676 2811 sed
1713 2755 2019 2810 substantia:

1044 2828 1471 2899 signiﬁcativum.

521 2946 817 3017 lngenitum
846 2942 999 3013 quasi
1053 2943 1375 3013 principium
1413 2951 1469 2996 et
1507 2956 1671 2997 causa
1736 2949 1790 2997 et
1820 2939 2019 2995 intelli-

2105 469 2263 539 φύσιν
2303 468 2491 538 καλοίη
2548 469 2700 532 Θεὸν,
2737 468 2831 537 ἀφ’
2866 464 2940 522 ὧν
2986 468 3134 522 ἔστιν
3167 469 3424 541 ὀνομάζει
3475 475 3677 542 καλῶς,

2103 562 2196 614 καὶ
2228 560 2359 614 Θεὸν
2396 558 2583 622 εἰπὼν,
2618 558 2833 622 πάντως
2863 560 3074 630 ἐκείνην
3105 561 3376 632 ἐσήμηνεν
3398 581 3412 595 ο
3440 567 3488 618 εί
3514 566 3571 620 δέ
3594 585 3680 633 τις

2101 655 2197 728 ὰφξ
2216 647 2291 707 ὧν
2325 654 2425 707 οὐκ
2448 654 2593 707 ἔστιν
2620 654 2921 725 ἐπιχειροίη
2952 653 3237 725 σημαίνειν
3263 654 3453 726 αὐτὴν,
3472 656 3678 713 ἄκακον

2103 748 2196 803 καὶ
2219 747 2491 818 ἀπόνηρον
2527 747 2698 815 λέγων
2727 746 2815 800 διὰ
2844 746 2915 799 τὸ
2939 748 3014 817 μὴ
3043 747 3239 801 κακίαν
3266 747 3298 818 ἢ
3328 750 3592 821 πονηρίαν
3619 754 3683 806 ὲν

2102 837 2240 909 αὐτῇ
2272 831 2443 900 εἶναι,
2476 834 2763 906 ἀληθεύσει
2800 835 2918 906 μὲν,
2957 834 3069 887 ἀλλ’
3103 835 3163 887 οὐ
3218 835 3434 899 πάντως
3484 837 3677 907 μηνύει

2101 927 2193 980 τὸν
2215 926 2347 980 Θεὸν
2368 944 2381 957 ο
2414 927 2520 979 είσὶ
2541 925 2648 996 γὰρ
2671 928 2763 979 καὶ
2789 928 2846 979 ὲν
2872 926 3178 998 ἀνθρώποις
3207 926 3402 980 ἄκακοι
3436 928 3531 981 καὶ
3551 929 3680 983 ἀπό-

2104 1034 2276 1088 νηροι.
2301 1017 2581 1081 Τοιούτους
2607 1017 2663 1069 δὲ
2696 1012 2836 1070 εἶναι
2872 1015 3196 1086 πιστεύομεν
3227 1018 3319 1071 καὶ
3338 1020 3463 1083 τοὺς
3494 1019 3681 1088 ἁγίους

2104 1109 2384 1177 ἀγγέλους.
2426 1107 2632 1163 Οὐκοῦν
2664 1110 2756 1177 ἀφ’
2786 1102 2861 1162 ὧν
2889 1108 3054 1174 ἐστιν,
3083 1109 3117 1180 ἢ
3147 1109 3239 1177 ἀφ’
3268 1102 3343 1163 ὧν
3377 1110 3478 1168 οὐκ
3512 1110 3679 1177 ἔστιν,

2105 1200 2460 1271 ἀληθέστερον
2484 1200 2577 1255 καὶ
2602 1199 2928 1271 οἰκειότερον
2956 1199 3405 1271 σημανθηήσεται..

2791 1561 2994 1613 ΑΛΛΟ.

2189 1656 2245 1708 Ὀ
2272 1657 2537 1726 μακάριος
2552 1654 2713 1708 Δαόὶδ
2733 1653 2946 1723 ψάλλει,
2971 1654 3063 1707 καί
3086 1669 3217 1721 φησι
3249 1653 3383 1724 πρὸς
3402 1653 3493 1705 τὸν
3518 1651 3646 1705 Υίόν

2115 1767 2132 1798 ι
2162 1747 2259 1800 Διὰ
2304 1746 2462 1800 τοῦτο
2511 1745 2692 1816 ἔχρισε
2743 1762 2804 1798 σε
2841 1749 2869 1798 ὁ
2906 1744 3058 1808 Θεὸς,
3119 1746 3147 1797 ὁ
3181 1743 3312 1806 Θεός
3365 1760 3458 1796 σου
3505 1742 3684 1797 ἔλαιον

2107 1840 2474 1909 ἀγαλλιάσεως
2523 1838 2675 1909 παρὰ
2719 1838 2846 1900 τούς
2899 1837 3156 1906 μετόχους
3193 1853 3305 1890 σου.
3338 1856 3355 1887 ι
3406 1837 3469 1889 El
3505 1836 3685 1890 τοίνυν

2108 1931 2292 1999 ἕτερόν
2320 1932 2371 1984 τί
2393 1931 2508 1984 ἐστι
2535 1932 2596 1984 τὸ
2628 1931 2853 2002 μετέχον
2900 1931 3047 2003 παρὰ
3073 1932 3133 1983 τὸ
3165 1929 3687 2001 μετεχόμενονοᾶλλο

2109 2024 2218 2095 γὰρ
2247 2026 2302 2077 ὲν
2336 2024 2480 2093 ἄλλῳ
2514 2023 2751 2077 νοεῖσθαι
2791 2024 2916 2093 χρὴ’
2956 2023 3169 2092 μετέχει
3211 2021 3269 2074 δὲ
3312 2023 3346 2090 ὴ
3383 2020 3560 2082 κτίσις
3591 2019 3686 2072 τού

2112 2115 2266 2181 Υἱοῦ,
2298 2115 2485 2186 ἕτερος
2512 2114 2577 2167 ἂν
2609 2113 2692 2183 εἴη
2726 2113 2877 2182 παρὰ
2895 2113 2992 2181 τὴν
3022 2111 3356 2181 μετέχουσαν
3381 2108 3545 2162 αὐτοῦ
3568 2109 3685 2161 κτί-

2114 2223 2229 2259 σιν·
2265 2206 2460 2259 οὐκοῦν
2506 2205 2626 2258 οὐδὲ
2674 2205 2917 2274 γενητός.
2956 2204 3017 2256 El
3070 2203 3129 2254 δὲ
3174 2202 3274 2254 οὐκ
3322 2200 3469 2253 ἐστιν
3501 2199 3687 2267 ἕτερος

2113 2300 2242 2368 παρ’
2273 2299 2487 2368 ἐκείνην
2510 2300 2538 2350 ὀ
2570 2297 2711 2358 Υἱὸς,
2744 2295 2839 2349 καὶ
2863 2294 3001 2347 κατὰ
3033 2292 3193 2361 φύσιν
3224 2292 3391 2359 αὐτῆς
3421 2287 3685 2360 διῃρημέ⁹

2113 2407 2219 2452 νος,
2257 2388 2341 2450 τίς
2383 2390 2415 2457 ἡ
2462 2386 2619 2456 χρεία
2644 2386 2742 2453 τῆς
2778 2384 3047 2454 μετοχῆς;
3084 2382 3115 2452 ἢ
3155 2380 3271 2443 πῶς
3297 2380 3361 2433 ἄν
3396 2396 3477 2443 τις
3518 2376 3686 2449 μετά-

2116 2497 2232 2551 σχοι
2259 2478 2352 2533 τοῦ
2382 2479 2519 2549 ὅπερ
2543 2476 2691 2529 ἐστὶν
2728 2474 2924 2540 αὐτός;

2629 2599 2994 2685 ΛΟΓΟΣ
3070 2601 3177 2682 Β’.

2216 2762 2338 2815 ’Ὁτι
2372 2757 2440 2811 τὸ
2477 2755 2773 2826 ἀγένητον
2809 2756 2920 2808 οὐκ
2958 2752 3162 2826 οὐσία,
3200 2752 3338 2807 ἀλλ’
3378 2751 3595 2817 οὐσίας

2708 2822 3101 2894 σημαντικόν.

2190 2946 2261 3000 Th
2307 2943 2571 3014 ἀγένητον
2615 2940 2691 3003 ὡς
2737 2936 2881 3009 ἀρχὴ
2933 2936 3027 2989 καὶ
3075 2934 3246 2987 αίτιον
3278 2933 3479 2987 νοεῖται
3507 2949 3565 2986 τε
3599 2932 3694 2986 καὶ

448 3038 594 3109 gitur
621 3045 674 3091 et
703 3042 804 3089 est.
839 3032 1052 3088 Nullum
1081 3042 1259 3088 autem
1297 3033 1640 3102 principium,
1682 3033 1734 3087 in
1758 3043 2016 3102 quantum

2122 3037 2286 3090 ἔστιν.
2327 3032 2569 3102 Οὐδεμία
2594 3030 2651 3084 δὲ
2675 3028 2837 3099 ἀρχὴ,
2870 3026 3004 3080 καθὸ
3049 3027 3188 3096 ἀρχή
3225 3027 3393 3087 ἐστιν,
3425 3022 3607 3094 ὅμοιόν
3640 3039 3695 3075 τι.

454 3127 777 3201 principium
835 3134 942 3192 est,
995 3123 1172 3180 simile
1220 3123 1425 3193 aliquid
1461 3123 1671 3193 sibiipsi
1721 3133 1815 3177 aut
1864 3123 2023 3178 dissi-

457 3220 580 3277 mile
612 3218 899 3290 signiﬁcat.
924 3217 997 3272 At
1025 3231 1155 3272 vero
1179 3230 1282 3271 vox
1319 3216 1455 3279 haec,
1495 3214 1807 3283 ingenitum,
1855 3214 2025 3284 signi-

457 3314 580 3369 ﬁcat
610 3312 661 3366 id
697 3310 840 3381 quod
874 3318 1119 3364 creatum
1169 3316 1272 3370 est,
1324 3305 1586 3361 dissimile
1629 3305 1731 3361 sibi
1762 3320 1916 3371 esse;
1943 3315 2026 3361 est

455 3406 600 3461 enim
640 3404 743 3459 hoc
772 3404 821 3459 ei
852 3402 1183 3473 oppositum.
1230 3398 1346 3454 Non
1382 3407 1464 3453 est
1517 3398 1680 3466 igitur
1722 3395 2022 3467 ingenitum

457 3495 783 3560 substantia,
818 3493 913 3549 sed
948 3490 1305 3550 substantiam
1343 3490 1427 3545 cui
1462 3488 1755 3559 opponitur
1798 3501 1903 3542 non
1950 3487 2024 3542 ita

459 3607 518 3647 se
549 3590 755 3645 habere
772 3588 1065 3659 signiﬁcat.

1120 3675 1352 3732 ALIUD.

528 3771 683 3841 Quod
715 3772 930 3841 quidem
962 3768 1257 3840 ingenitum
1288 3768 1589 3823 substantia
1632 3782 1736 3822 non
1779 3765 1870 3831 sit,
1911 3768 2026 3837 jam

458 3878 737 3920 ostensum
770 3872 873 3919 est.
908 3861 1015 3917 Sed
1045 3860 1187 3916 dicet
1254 3860 1491 3917 forsitan
1539 3858 1756 3930 aliquis,
1780 3858 2032 3914 substan-

463 3958 593 4012 tiam
632 3955 843 4029 1uidem
874 3968 979 4009 non
1017 3966 1160 4016 esse,
1202 3952 1297 4007 sed
1346 3951 1727 4006 differentiam.
1761 3948 2029 4002 Caeterum

463 4050 608 4109 etiat:
666 4046 769 4101 hoc
802 4045 1036 4101 absurde
1067 4042 1247 4098 dicere
1286 4043 1623 4095 ostendetur.
1649 4038 1706 4092 Si
1735 4037 1879 4093 enim
1911 4050 2031 4090 om-

466 4142 550 4196 nis
572 4139 873 4193 didercntia
918 4137 1064 4192 circa
1115 4132 1443 4188 substantias
1495 4130 1574 4197 ﬁt,
1622 4127 1911 4198 quaerenda
1947 4132 2033 4180 est

464 4228 793 4291 substantia,
824 4225 980 4296 cujus
1006 4223 1311 4279 diﬁ'erentia
1332 4222 1402 4279 sit
1436 4221 1755 4293 ingenitum.
1786 4215 2032 4287 Exempli

464 4321 656 4392 gratia,
682 4317 911 4374 deﬁnias
940 4315 1143 4371 animal
1176 4316 1280 4370 boc
1313 4322 1470 4384 pacto
1503 4330 1515 4365 :
1552 4308 1860 4366 substantia
1911 4308 2032 4362 ani-

2125 3130 2287 3198 ἑαυτῇ
2340 3126 2373 3196 ἦ
2422 3125 2673 3193 ἀνόμοιον
2721 3117 3074 3191 σημαίνει.Ἥ
3120 3116 3175 3169 δὲ
3218 3114 3508 3184 ἀγένητος
3543 3111 3695 3182 φωνὴ

2127 3218 2379 3290 σημαίνει
2412 3215 2473 3269 τὸ
2511 3212 2734 3283 γενητὸν
2765 3210 3016 3280 ἀνόμοιον
3048 3206 3290 3276 ὑπάρχον
3324 3202 3472 3273 αὐτῷ
3493 3221 3506 3233 ·
3539 3199 3701 3255 τοῦτο

2125 3313 2232 3382 γὰρ
2262 3309 2322 3363 τὸ
2354 3304 2747 3376 ἀντικείμενον.
2782 3302 2897 3354 Οὐκ
2943 3299 3053 3369 ἄρα
3095 3298 3157 3349 τὸ
3205 3295 3469 3364 ἀγένητον
3516 3290 3695 3382 οὐσία.

2125 3378 2264 3456 ἀλλὰ
2310 3398 2402 3454 τοῦ
2451 3396 2526 3468 μὴ
2575 3392 2798 3449 τοιῶσδε
2847 3385 2986 3444 εῖναι
3018 3388 3116 3458 τὴν
3144 3386 3350 3450 οὐσίαν,
3386 3382 3509 3441 καθ’
3538 3378 3605 3453 ἦς
3632 3379 3705 3437 ἂν.

2126 3495 2372 3549 τάττοιτο
2402 3490 2464 3544 τὸ
2498 3483 2852 3559 σημαντικόν.

2812 3667 3015 3720 ᾹΛΛΟ.

2199 3770 2324 3823 Ὀτι
2373 3758 2471 3836 μὲν
2515 3761 2615 3815 οὐκ
2658 3758 2815 3813 οὐσία
2867 3758 2928 3810 τὸ
2976 3754 3257 3825 ἀγένητον,
3288 3751 3385 3823 ἤδη
3411 3749 3709 3804 δέδεικται..

2142 3859 2281 3914 Ἀλλ’
2314 3858 2428 3927 ὲρεῖ
2455 3870 2539 3918 τις
2563 3849 2745 3921 τυχὸν,
2771 3848 2957 3902 οὐσίαν
2990 3847 3088 3917 μὲν
3114 3845 3212 3899 οὐκ
3237 3838 3395 3908 εἶναι,
3438 3837 3705 3910 διαφορὰν

2128 3951 2186 4004 δέ
2208 3967 2222 3981 ’
2257 3945 2483 4017 ἀμαθῶς
2511 3941 2567 3996 δὲ
2586 3942 2680 3995 καὶ
2702 3939 2861 3994 τοῦτο
2882 3938 3055 4007 λέγων
3075 3934 3484 4006 ἐλεγχθήσεται.
3507 3931 3571 3984 El
3591 3928 3703 4000 γὰρ

2131 4041 2281 4095 πᾶσα
2314 4034 2547 4106 διαφορὰ
2576 4033 2705 4103 περὶ
2732 4031 2830 4094 τὰς
2855 4029 3043 4092 οὐσίας
3072 4027 3302 4096 γίνεται,
3330 4024 3512 4094 ζητεῖν
3541 4018 3704 4087 ἀνάγ-

2132 4150 2234 4203 κης
2264 4131 2329 4184 ἂν
2352 4130 2434 4197 εἴη
2457 4128 2556 4197 τὴν
2582 4124 2791 4189 οὐσίαν,
2815 4116 2882 4194 ἦς
2911 4118 3306 4188 ἔσταιδιαφορὰ
3335 4118 3392 4170 τὺ
3419 4115 3711 4183 ἀγένητονι

2133 4219 2257 4279 Οἴον
2282 4222 2414 4293 φέρε
2442 4219 2635 4281 εἰπεῖν,
2665 4214 2907 4287 ὁρίζεται
2932 4212 3069 4277 ζῶον
3092 4209 3169 4282 τῷ
3193 4209 3382 4279 τοιῷδε
3411 4207 3581 4277 λόγῳο
3602 4204 3707 4293 Oil-

2134 4316 2225 4370 σία
2257 4292 2496 4383 ἔμψυχος
2536 4304 2848 4377 αίσθητική.
2881 4302 3016 4371 Περὶ
3062 4299 3264 4369 ταύτην
3310 4296 3409 4368 τὴν
3453 4294 3639 4383 οὐσίαν
3673 4292 3717 4367 ἡ.

463 4382 605 4465 mata
636 4423 799 4464 sensu
826 4408 1071 4479 praedita.
1108 4404 1261 4460 Circa
1300 4382 1441 4458 lianc
1482 4400 1843 4455 substantiam
1872 4398 2016 4452 tlill‘e-

2132 4382 2363 4476 διαφορὰ
2390 4402 2621 4472 γίνεται.
2641 4397 2714 4450 Τὸ
2749 4395 2849 4465 μὲν
2875 4392 2984 4464 γάρ
3017 4394 3134 4445 ὲστι
3162 4389 3298 4479 ζιῖζον
3318 4384 3554 4454 λογικὸν,
3580 4382 3709 4450 θνη-

468 4501 640 4558 rentia
673 4500 757 4556 ﬁt.
783 4494 940 4555 Aliud
960 4499 1104 4555 enim
1140 4496 1338 4551 animal
1364 4492 1626 4548 rationale
1648 4501 1750 4556 est,
1776 4488 2029 4553 mortale,

467 4591 835 4663 intelligentia:
862 4599 928 4657 et
973 4590 1213 4646 scientia:
1258 4601 1449 4653 capax,
1501 4594 1561 4638 ut
1616 4584 1797 4637 homo.
1872 4582 2031 4635 Aliud

468 4684 670 4741 animal
698 4683 1032 4747 irrationale,
1078 4690 1138 4735 ut
1181 4695 1374 4749 equus.
1408 4676 1804 4744 Prarsupposita
1852 4674 2033 4741 itaque

470 4776 806 4839 substantia,
859 4772 1177 4827 diﬂ‘ereutim
1248 4779 1434 4839 postea
1488 4768 1908 4823 constituuntur.
1975 4763 2033 4819 Si

470 4882 605 4936 ergo
656 4866 952 4935 ingenitum
1008 4862 1315 4916 diﬁ‘erentia
1379 4871 1481 4925 est,
1552 4868 1829 4930 qureratur
1872 4859 2036 4913 etiam

471 4956 801 5017 substantia,
827 4952 981 5019 cujus
1013 4953 1116 5005 erit
1158 4949 1487 5005 dilferentia.
1540 4950 1845 5005 Absurdum
1894 4949 2038 5003 enim

473 5056 559 5102 est
618 5042 979 5099 dilfereutiam
1014 5043 1329 5099 substantia:
1353 5042 1619 5097 rationem
1654 5041 1919 5096 obtinere.

1156 5135 1383 5191 ALIUD.

555 5232 611 5285 Si
637 5230 928 5301 ingenitum
961 5231 1264 5284 substantia
1287 5238 1391 5295 est,
1416 5241 1589 5297 neque
1620 5224 2038 5295 signiﬁcativum

2132 4498 2245 4560 τὸν,
2276 4494 2367 4548 νοῦ
2412 4492 2507 4547 καὶ
2540 4489 2850 4557 ἐπιστήμης
2895 4482 3161 4549 δεκτικὸν,
3185 4475 3295 4534 οἷον
3322 4482 3351 4533 ὁ
3381 4477 3667 4548 ἄνθρωπος
3690 4489 3705 4503 ·

2134 4589 2195 4642 τὸ
2243 4586 2299 4640 δὲ
2322 4584 2457 4651 ζῶον
2495 4582 2710 4648 ἄλογον,
2746 4572 2856 4632 οἷον
2888 4576 3074 4638 ἵππος.
3110 4570 3340 4635 Οὐκοῦν,
3374 4570 3709 4638 προϋποκειο

2139 4681 2302 4752 μένης
2332 4678 2430 4746 τῆς
2462 4672 2669 4735 οὐσίας,
2697 4672 2753 4722 αἱ
2802 4668 3058 4739 διαφοραὶ
3110 4660 3609 4735 προσεπινοοῦνται.
3647 4657 3709 4709 EE

2135 4749 2313 4825 τοίνυν
2357 4764 2589 4835 διαφορὰ
2635 4763 2695 4815 τὸ
2736 4760 3019 4829 ἀγένητον,
3052 4753 3317 4827 ζητείσθω
3350 4752 3444 4805 καὶ
3474 4754 3504 4821 ἡ
3533 4749 3711 4807 οὐσία,

2139 4862 2281 4924 τίνος
2316 4859 2466 4911 ἔσται
2496 4854 2755 4924 διαφορά*
2792 4850 3072 4921 ἀμήχανον
3115 4845 3225 4914 γὰρ
3266 4842 3455 4904 οὐσίας
3487 4838 3714 4910 φορέσαι

2139 4953 2295 5021 λόγον
2325 4949 2422 5019 τὴν
2456 4944 2737 5015 διαφοράν.

2844 5115 3047 5167 ΑΛΛΟ.

2221 5218 2283 5270 Εἰ
2322 5214 2380 5267 τὸ
2425 5211 2685 5279 ἀγένητον
2719 5206 2894 5268 οὐσία,
2927 5204 3020 5256 καὶ
3068 5203 3130 5256 οὐ
3174 5198 3268 5254 τοῦ
3307 5198 3382 5269 μὴ
3425 5193 3718 5265 γενηθῆναι

482 5323 625 5389 quod
652 5284 794 5377 idvde
826 5336 932 5391 quo
958 5321 1156 5375 dicitur
1198 5284 1433 5390 genitum
1478 5284 1583 5373 n'on
1635 5284 1726 5379 εὖ,
1780 5316 2016 5384 qunmod

2157 5305 2485 5377 σημαντικόν
2526 5304 2664 5365 ἐστι,
2696 5297 2835 5351 κατὰ
2859 5295 2977 5348 τίνα
3006 5295 3205 5366 τρόπον
3243 5293 3272 5344 ὁ
3310 5288 3437 5350 Υἱὸς
3469 5284 3720 5355 ἀνόμοιος

486 5415 657 5470 Filius
678 5413 957 5469 dissimilis
1002 5414 1108 5467 erit
1158 5412 1326 5477 Patri,
1370 5426 1492 5466 cum
1551 5426 1617 5465 ex
1674 5410 1789 5477 ipso
1840 5408 2016 5477 genitu

2157 5372 2309 5455 ἔσται
2334 5396 2412 5468 τῷ
2440 5393 2635 5465 Πατρὶ,
2659 5386 2929 5461 γεννητῶς
2953 5386 3212 5458 ὑπάρχών
3231 5380 3291 5444 ὲξ
3319 5376 3504 5441 anteis;
3531 5377 3595 5430 Εἰ
3614 5372 3721 5443 γὰρ

487 5507 595 5565 sit?
623 5505 753 5561 Nam
787 5507 830 5561 si
867 5507 982 5561 haec
1008 5506 1224 5562 nomina
1255 5503 1457 5560 nullum
1486 5503 1625 5557 inter
1655 5516 1714 5556 se
1760 5499 2013 5556 discrime

2165 5495 2237 5565 μή
2271 5507 2390 5545 τινα
2425 5484 2671 5555 διαφορεῖ
2696 5482 2763 5535 τὰ
2788 5478 3023 5550 ὀνόματα
3052 5476 3186 5547 πρὸς
3213 5471 3415 5541 ἄλληλα
3443 5468 3539 5539 τὴν
3573 5468 3722 5521 ἀντι-

569 5689 765 5747 ⁸³1³531.
799 5707 940 5755 xuv,
972 5695 1024 5747 9.

3713 1330 3719 1361 l
