4032 6212
274 5474 282 5535 l

343 282 449 346 $9"

1774 287 1860 343 τη
1868 288 2044 346 ESAU
2055 285 2211 345 R‘US.

3518 288 3593 341 δυ

339 396 654 467 διαστολὴν,
687 395 819 465 μηδέ
845 395 1097 465 ἀλλήλοις
1130 395 1360 466 μάχεται
1389 398 1528 452 κατὰ
1555 398 1616 452 τὸ
1635 399 1694 464 ἐξ
1724 401 1919 470 ἀμφοῖν

2028 402 2248 465 habent,
2308 414 2480 468 neque
2510 398 2651 452 inter
2689 411 2748 452 se
2808 404 3066 467 pugnant;
3110 396 3263 464 juxta
3312 395 3593 462 utriusque

342 488 773 557 σημαινόμενον,
799 486 950 539 οὐδὲν
976 486 1207 539 κωλύσει
1228 489 1348 539 κατ’
1369 489 1554 542 οὐσίαν
1578 490 1763 559 ὅμοιον
1784 487 1924 545 εἶναι

338 579 425 648 τῷ
455 567 635 649 Ιῐεςιτρὸ⁵
678 577 770 631 τὸν
806 577 934 630 Υἱόν
959 595 972 607 ·
1012 578 1107 630 καὶ
1151 578 1245 631 τοῦ
1298 580 1564 649 ἀγενήτου
1614 582 1694 644 είς
1739 583 1926 636 οὐσίαν

340 666 784 737 λαμϐανομένου,
824 667 1022 735 ὁμοίως
1072 668 1127 720 δὲ
1178 668 1271 720 καὶ
1318 669 1411 720 τοῦ
1463 670 1709 739 γεννητοῦ.
1757 673 1926 725 Οὐσία

339 760 456 828 γὰρ
489 758 566 821 ὡς
595 757 734 827 πρὸς
765 756 975 822 οὐσίαν,
1002 758 1099 810 οὐκ
1130 756 1282 810 ἔσται
1317 758 1556 825 ἐναντία,
1595 760 1726 814 καθὸ
1748 762 1925 816 οὐσίαι

342 849 705 919 ἀμφότεραιοι

1036 960 1242 1012 AAAO.

418 1072 482 1129 Εἰ
514 1076 624 1127 πᾶν
653 1074 916 1143 ἀγένητον
948 1074 1112 1127 παντὶ
1147 1073 1362 1144 γενητῷ
1400 1075 1672 1144 ἀνόμοιον,
1701 1076 1928 1145 ἀληθεύ-

344 1183 433 1220 σει
476 1184 562 1229 τις
602 1165 800 1233 λέγων,
839 1165 920 1217 ὅτι
951 1166 1044 1216 καὶ
1072 1167 1177 1216 πᾶν
1205 1167 1430 1236 γενητὸν
1482 1168 1643 1219 παντὶ
1686 1167 1927 1237 γεννητῷ

342 1258 551 1327 ὅμοιον.
601 1256 864 1325 Γεννητὸς
892 1256 948 1307 δὲ
986 1255 1245 1325 ὑπάρχων
1275 1258 1303 1309 ὁ
1330 1257 1477 1322 Υἱὸς,
1514 1258 1769 1327 οὐδεμίαν
1813 1259 1925 1328 ἔχει

344 1348 444 1417 τὴν
470 1348 769 1417 ὁμοιότητα
788 1346 923 1416 πρὸς
944 1334 1164 1399 «iam;
1191 1348 1462 1418 γεννητῶς
1477 1366 1491 1380 ·
1520 1349 1764 1418 ἔστιγὰρ
1787 1350 1926 1420 ὑπὲρ

352 1441 534 1492 πᾶσαν
565 1439 663 1509 τὴν
696 1439 892 1515 κτίσιν.
922 1438 1032 1490 Οὐκ
1056 1438 1164 1509 ἄρα
1192 1437 1279 1491 διὰ
1306 1440 1367 1491 τὸ
1393 1440 1655 1512 ἀγένητον
1679 1436 1816 1493 εἶναι
1836 1441 1926 1495 τὸν

353 1528 590 1596 Πατέρα,
620 1527 871 1597 ἀνόμοιος
907 1526 1058 1579 ἔσται
1106 1527 1247 1580 κατὰ
1277 1528 1435 1596 φύσιν
1458 1530 1631 1601 αὐτῷ,
1654 1530 1928 1600 γεννητῶς

347 1613 610 1681 ὑπάρχων
663 1609 723 1676 ἐξ
769 1613 934 1665 αὐτοῦ
974 1612 1342 1685 Υίός.Ὥσπερ
1384 1615 1494 1687 γὰρ
1536 1618 1633 1689 τὴν
1680 1618 1814 1688 πρὸς
1858 1618 1928 1671 τὰ

2028 491 2476 561 signiﬁcationem
2504 486 2895 542 nihilobstabit
2947 487 3233 554 quominus
3263 485 3457 539 similis
3488 483 3593 554 15

2028 582 2318 638 secundum
2345 578 2699 635 substantiam
2732 575 2882 631 Patri
2910 578 2981 631 sit
3014 576 3206 630 Filius.
3233 575 3320 638 Et,
3354 576 3400 629 si
3438 575 3591 643 inge—

2028 674 2197 726 nitum
2232 687 2330 741 pro
2358 668 2658 724 substantia
2693 668 2928 736 capitur,
2963 666 3212 721 similiter
3252 676 3307 719 et
3327 665 3589 736 genitum.

2028 760 2160 815 Nam
2187 760 2513 822 substantia,
2547 768 2605 811 ut
2640 759 2704 811 ad
2738 758 3095 813 substantiam
3127 758 3350 817 collata,
3379 771 3482 811 non
3509 764 3593 811 est

2027 854 2324 915 contraria,
2359 854 2408 905 in
2439 861 2698 920 quantum
2726 857 2955 918 utraque
2989 851 3294 903 substantia
3319 858 3426 903 est.

2716 959 2944 1016 ALIUD.

2100 1073 2157 1127 Si
2190 1087 2352 1127 omne
2396 1073 2694 1142 ingenitum
2739 1071 2885 1124 omni
2948 1070 3129 1140 genito
3183 1070 3446 1126 dissimile
3485 1077 3592 1139 est,

2028 1177 2155 1218 vere
2187 1160 2458 1230 quispiam
2489 1160 2710 1225 dixerit,
2760 1160 2926 1213 etiam
2966 1174 3126 1213 omne
3160 1160 3396 1227 genitum
3448 1160 3595 1215 omni

2029 1253 2211 1322 genito
2240 1251 2415 1306 simile
2435 1265 2578 1305 esse.
2612 1250 2745 1304 Cum
2768 1264 2896 1303 vero
2920 1249 3090 1303 Filius
3124 1250 3337 1319 genitus
3362 1251 3455 1316 sit,
3479 1249 3596 1304 nul.

2030 1344 2136 1397 lam
2163 1353 2337 1396 tamen
2380 1342 2545 1396 habet
2607 1341 3015 1395 similitudinem
3071 1355 3194 1394 cum
3250 1340 3597 1395 creatis:est

2029 1435 2170 1488 enim
2202 1433 2346 1487 omni
2376 1442 2628 1487 creatura
2681 1432 2954 1501 superior.
2993 1430 3111 1485 Non
3149 1432 3310 1500 igitur
3358 1431 3480 1500 quia
3515 1432 3596 1483 in.

2029 1523 2241 1593 genitus
2258 1532 2340 1578 est
2372 1521 2554 1587 Pater,
2590 1523 2876 1577 dissimilis
2908 1524 2955 1577 ei
2998 1523 3299 1575 secundum
3347 1531 3593 1574 naturam

2027 1615 2148 1674 erit.
2173 1614 2264 1682 qui
2287 1628 2353 1669 ex
2390 1614 2503 1682 ipso
2534 1614 2744 1682 genitus
2772 1621 2857 1667 est
2900 1612 3089 1666 Filius.
3120 1611 3589 1677 Quemadmodum

342 1701 550 1771 γενητὰ
615 1703 870 1772 γεννητὸς
923 1703 1185 1775 ὑπάρχων
1237 1707 1570 1779 ἁναῦέόηκεν
1621 1710 1919 1780 ὁμοίωσιν·

2028 1706 2169 1759 enim
2194 1705 2330 1774 ipse,
2364 1705 2577 1774 genitus
2608 1719 2727 1757 cum
2760 1702 2853 1765 sit,
2878 1717 3093 1756 omnem
3141 1715 3260 1754 cum
3290 1700 3485 1754 creatis
3515 1699 3595 1752 si-

342 1794 490 1847 οῗιτω
515 1798 616 1865 τῆς
643 1794 778 1863 πρὸς
806 1794 868 1848 τὸ
900 1795 1163 1871 ᾁγὲνητον
1196 1800 1493 1870 ἐμφερείας
1525 1802 1584 1854 οὐ
1617 1802 1923 1874 καταϐήσε-

343 1902 460 1951 ται,
489 1886 598 1940 κᾶν
623 1887 841 1958 ὑπάρχῃ
876 1889 1153 1958 γεννητὸς.

624 1997 1025 2066 Ἆνθυποφορὰ
1058 1999 1137 2064 ὠς
1160 1998 1228 2051 ἐκ
1255 1998 1373 2052 τῶν
1400 1999 1727 2067 αἱρετικῶν.

419 2106 490 2158 Τὸ
521 2105 811 2174 ἀγένητον,
832 2106 1018 2173 φασὶν,
1046 2107 1140 2158 ἐπὶ
1171 2106 1328 2172 Θεοῦ,
1348 2108 1533 2161 οὐσίαν
1562 2106 1698 2162 εἷναί
1723 2128 1923 2179 φαμενο

346 2199 439 2250 καὶ
468 2198 617 2251 ἔσται
655 2198 717 2250 τὸ
753 2198 923 2267 ὄνομα
957 2199 1158 2267 ὁρικὸν,
1181 2199 1370 2268 ῶσπερ
1398 2200 1464 2252 ἂν
1495 2201 1547 2252 ετ
1567 2218 1650 2264 τις
1681 2202 1925 2271 ὁρίσαιτο

343 2291 435 2342 καὶ
459 2290 558 2360 τὴν
590 2289 779 2341 οὐσίαν
822 2288 916 2341 τοῦ
941 2288 1228 2359 ἀνθρώπου
1260 2290 1456 2358 λέγων’
1492 2292 1640 2344 Ζῶον
1673 2290 1916 2359 λογικὸν,

341 2380 555 2449 θνητὸν,
592 2377 685 2432 νοῦ
721 2379 815 2432 καὶ
849 2381 1158 2451 ἐπιστήμης
1181 2381 1433 2434 δεκτικόν

830 2577 987 2644 Πρὸς
1017 2576 1194 2630 τοῦτο
1229 2577 1430 2641 λύσις.

427 2709 677 2780 ’Δμαθῶς
718 2709 817 2762 καὶ
862 2708 1020 2762 τοῦτο
1052 2710 1424 2779 προτείνοντες
1461 2708 1880 2779 ἐλεγχθήσονται
1903 2725 1918 2741 ⁸

343 2802 392 2853 εἰ
432 2799 542 2871 γὰρ
564 2800 748 2867 ὁρικὸν
776 2794 916 2853 εῖναι
944 2798 1195 2869 βούλεσθε
1226 2799 1287 2852 τὸ
1313 2799 1602 2869 ἀγένητος
1625 2799 1817 2870 ὄνομα,
1855 2802 1920 2853 ἐκ

344 2893 533 2959 γένους
580 2893 720 2945 ἔστω
766 2891 859 2944 καὶ
898 2891 1183 2961 διαφορᾶς,
1236 2891 1355 2961 ἦτοι
1397 2890 1700 2961 διαφορῶν
1753 2890 1922 2961 χωρὶς

345 2986 455 3055 γαρ
482 2984 683 3038 τούτων
711 2986 836 3055 ὅρος
862 2984 962 3037 οὐκ
989 2982 1057 3036 ἂν
1087 2982 1297 3051 γένοιτὸ
1326 2999 1477 3036 ποτε.
1500 2983 1573 3035 Τὸ
1596 2982 1654 3037 δὲ
1679 2983 1919 3036 τοιοῦτον

2029 1794 2388 1849 militudinem
2443 1793 2710 1847 excedit:
2748 1793 2817 1845 ita
2877 1793 3041 1845 etiam
3091 1806 3196 1844 non
3250 1790 3355 1844 erit
3402 1803 3596 1857 expers

2028 1885 2394 1941 similitudinis
2422 1899 2544 1938 cum
2570 1883 2830 1953 ingenito,
2868 1881 3082 1937 tametsi
3118 1882 3332 1950 genitus
3362 1880 3452 1934 sit.

2204 1996 2437 2066 Objectio
2467 2006 2717 2064 tanquam
2755 2012 2819 2049 ea:
2850 1995 3009 2049 dictis
3054 1994 3443 2048 Icareticorum.

2094 2111 2164 2163 At
2187 2109 2505 2178 ingenitum,
2537 2108 2805 2177 inquiunt,
2844 2109 2897 2160 in
2923 2107 3053 2170 Deo,
3092 2105 3448 2161 substantiam
3475 2116 3597 2159 esse

2024 2201 2336 2254 asserimus.
2377 2198 2441 2251 Et
2481 2198 2586 2251 erit
2643 2212 2835 2251 nomen
2895 2196 3277 2260 deﬁnitivum;
3344 2194 3508 2248 veluti
3547 2194 3595 2249 sl

2024 2290 2148 2358 quis
2183 2288 2404 2341 deﬁniat
2449 2288 2613 2341 etiam
2669 2287 3031 2342 substantiam
3083 2286 3317 2341 hominis
3363 2285 3595 2341 dicens:

2022 2380 2233 2432 Animal
2264 2378 2547 2442 rationale,
2570 2377 2814 2443 mortale,
2845 2377 3209 2446 intelligentia:
3233 2385 3397 2444 atque
3419 2376 3597 2430 scien-

2024 2474 2108 2525 tia:
2141 2486 2331 2539 capax.

2710 2584 2934 2639 Salutio.

2087 2716 2267 2786 lnepte
2310 2718 2473 2773 etiam
2530 2718 2631 2774 hoc
2673 2718 2910 2786 obiicere
2954 2714 3329 2773 ostendentur.
3384 2712 3517 2768 Nam
3548 2713 3592 2767 si

2021 2822 2203 2863 vocem
2241 2810 2401 2875 banc,
2440 2811 2746 2880 ingenitum,
2782 2807 3113 2863 deﬁnitivam
3156 2820 3279 2861 esse
3305 2804 3487 2868 vultis,
3527 2818 3595 2858 ex

2021 2912 2220 2965 genere
2260 2899 2364 2965 erit
2393 2907 2556 2968 atque
2581 2897 2884 2953 diﬁ‘erentia
2913 2896 2996 2950 vel
3020 2894 3337 2950 diﬁ'erentiis
3372 2911 3386 2947 :
3420 2907 3595 2964 neque

2023 2988 2167 3043 enim
2198 2989 2317 3043 sine
2367 2989 2451 3043 bis
2505 2989 2748 3044 deﬁnitio
2807 3002 3042 3056 unquam
3099 2994 3349 3040 constare
3399 2990 3592 3054 potest.

348 3074 630 3143 ἀγένητον,
664 3076 744 3137 είς
763 3073 916 3126 οὐδὲν
948 3072 1135 3137 οὐσίας
1176 3073 1419 3145 ὑπάρχον
1460 3075 1638 3142 γένος,
1665 3075 1790 3146 ὅρος
1816 3076 1917 3129 οὐκ

2022 3079 2317 3148 lngenitum
2348 3080 2532 3151 itaque
2587 3094 2706 3134 cum
2746 3080 2799 3133 in
2842 3078 2989 3132 nullo
3021 3075 3337 3133 substantia:
3395 3086 3595 3145 genere

352 3165 419 3218 ἃν
446 3160 583 3218 ιῐναι
608 3164 849 3217 δύναιτοσ
878 3163 1014 3234 πρὸς
1037 3163 1095 3217 δέ
1125 3180 1189 3232 γε
1218 3162 1415 3235 τούτῳ,
1444 3163 1514 3217 τὰ
1538 3164 1670 3235 γένη
1717 3164 1924 3235 φιλοσὸ-

361 3271 472 3323 φως
516 3254 803 3326 ὁριζόμενα
853 3256 981 3326 παρ’
1020 3255 1242 3310 ἐκείνων
1285 3254 1520 3327 ὁρῶμεν,
1559 3257 1663 3309 οὐκ
1711 3258 1769 3309 ἐν
1822 3257 1922 3327 μιᾷ

367 3345 509 3409 λέξει
530 3349 623 3400 καὶ
649 3347 798 3417 μόνῃ,
827 3348 938 3400 ἀλλ’
969 3349 1026 3399 ἐν
1054 3347 1292 3401 πλείοσιν
1312 3363 1328 3380 ο
1351 3347 1426 3412 ὡς
1459 3347 1522 3401 τὸ
1550 3347 1708 3402 οὐσία
1746 3347 1919 3417 ἐμψυ-

364 3453 461 3507 χος
490 3436 786 3506 αἰσθητικὴ,
813 3440 846 3507 ἢ
891 3438 1021 3501 ζῶον
1069 3438 1282 3507 λογικὸν
1333 3438 1549 3510 θνητόν.
1580 3439 1691 3493 Καὶ
1727 3439 1775 3491 εί
1804 3438 1921 3502 ἐνὸς

355 3520 623 3590 ὀνόματος
656 3523 922 3591 ἀπόφασις
946 3526 1040 3578 οὐκ
1064 3522 1350 3596 ἐξαρκέσει
1371 3526 1507 3597 πρὸς
1528 3527 1717 3590 οὐσίας
1746 3525 1917 3598 δήλω-

353 3625 456 3673 σιν,
491 3611 592 3663 οὐκ
612 3611 717 3681 ἄρα
752 3613 931 3681 ὁρικὸν
955 3615 1015 3668 τὸ
1042 3615 1392 3686 ἁγέννητος.

1024 3807 1230 3862 ΑΔΛΟ.

414 3915 477 3968 El
505 3917 610 3978 πᾶς
638 3917 762 3985 ὅρος
785 3918 847 3969 τὸ
872 3917 927 3970 τί
952 3919 1067 3971 ἐστι
1097 3919 1236 3973 κατά
1263 3920 1424 3989 φύσιν
1456 3920 1563 3973 τῶν
1590 3921 1919 3992 σημαινομέι

2022 3171 2274 3227 collocari
2296 3174 2487 3242 possit,
2526 3171 2772 3227 deﬁnitio
2807 3185 2930 3226 esse
2964 3183 3070 3223 non
3096 3176 3293 3238 potest.
3336 3166 3416 3221 Ad
3454 3165 3593 3233 hac,

2021 3277 2218 3331 genera
2247 3278 2275 3317 a
2304 3263 2641 3334 philosophis
2692 3276 2797 3316 non
2831 3263 2881 3315 in
2914 3274 3022 3314 una
3055 3272 3120 3313 ac
3166 3256 3278 3312 sola
3327 3255 3586 3318 dictione,

2019 3351 2112 3403 scd
2144 3352 2195 3404 in
2251 3350 2495 3420 pluribus
2563 3348 2780 3404 deﬁnita
2835 3348 3102 3414 videmus,
3158 3359 3220 3401 ut
3287 3345 3595 3401 substantia

2020 3437 2258 3491 animata
2286 3438 2567 3503 sensitiva,
2618 3436 2701 3491 vel
2750 3436 2947 3490 animal
2980 3434 3261 3499 rationale,
3340 3432 3591 3488 mortale.

2018 3525 2084 3579 Et
2111 3526 2155 3579 si
2197 3526 2357 3581 unius
2403 3528 2637 3582 nominis
2678 3526 2892 3596 negatio
2939 3541 3045 3580 non
3076 3523 3277 3581 suﬁlcit
3343 3524 3412 3579 ad
3453 3524 3590 3579 sub-

2018 3617 2231 3671 stantia:
2257 3618 2674 3687 explicationem
2694 3659 2711 3685 ,
2753 3632 2861 3675 non
2914 3618 3021 3674 erit
3053 3626 3204 3672 certe
3232 3615 3456 3688 ingeniti
3487 3628 3591 3671 nos»

2020 3720 2140 3757 men
2176 3705 2441 3761 deﬁnitio.

2672 3819 2904 3874 ALIUD.

2090 3927 2145 3982 Si
2183 3926 2361 3982 omnis
2394 3926 2634 3982 deﬁnitio
2673 3924 3042 3993 cujuscunque
3084 3928 3233 3979 vocis
3307 3928 3435 3993 quid
3476 3928 3583 3990 sit,

340 4024 449 4057 νων
495 4007 721 4061 ἕκαστον
766 4009 1028 4081 εἰσφέρει,
1063 4012 1157 4064 καὶ
1204 4012 1323 4081 οὐχὶ
1368 4012 1419 4064 τί
1448 4013 1547 4064 οὐκ
1578 4011 1722 4065 ἐστιν
1750 4029 1762 4042 ο
1800 4014 1833 4083 ή
1861 4014 1916 4066 δὲ

2022 4020 2158 4089 quod
2186 4019 2523 4090 proponitur,
2561 4032 2667 4072 non
2705 4017 2835 4087 quid
2866 4030 2973 4070 non
3004 4016 3095 4082 sit,
3128 4014 3382 4084 explicat,
3427 4017 3583 4086 inge-

340 4094 671 4163 ἁγέννητος
701 4099 875 4169 φωνὴ,
894 4100 955 4151 οὐ
974 4100 1229 4152 τίέστινὸ
1253 4099 1407 4163 Θεὸς,
1431 4100 1565 4153 ἀλλὰ
1592 4101 1646 4153 τί
1670 4102 1770 4154 οὐκ
1794 4101 1910 4154 ἔστι

2022 4114 2115 4167 niti
2147 4121 2325 4167 autem
2357 4127 2459 4167 vox
2489 4125 2593 4166 non
2629 4110 2759 4180 quid
2792 4109 2865 4165 sit
2920 4108 3081 4174 Deus,
3115 4108 3209 4163 sed
3233 4106 3362 4176 quid
3390 4120 3499 4180 non
3517 4106 3591 4162 sit

333 4187 491 4256 δηλοῖ
523 4187 639 4256 (ὅτι
681 4188 787 4260 γὰρ
830 4189 929 4241 οὐκ
974 4189 1225 4260 ἐγενήθη,
1255 4190 1344 4244 διὰ
1377 4190 1535 4244 τοῦτο
1568 4190 1869 4263 ἀγένητος)
1897 4208 1911 4223 ⁶

2022 4205 2255 4273 explicat
2282 4204 2441 4272 (quia
2470 4202 2612 4257 enim
2640 4178 2856 4272 genitus
2881 4215 2987 4255 non
3020 4209 3126 4264 est,
3159 4199 3280 4253 ideo
3314 4178 3588 4266 ingenitus

335 4280 441 4332 οὐκ
467 4278 534 4333 ἂν
564 4280 648 4351 εἴη
673 4280 797 4350 ὅρος
825 4280 886 4332 τὸ
917 4280 1205 4350 ἀγένητος
1237 4282 1425 4352 ὄνομα.

2022 4296 2242 4363 dicitur)
2296 4312 2308 4347 :
2344 4292 2562 4362 ingeniti
2600 4305 2795 4347 nomen
2833 4290 3077 4346 deﬁnitio
3105 4304 3227 4345 esse
3256 4303 3359 4343 non
3390 4294 3591 4357 potest.

1033 4392 1234 4444 AAAO.
1946 4385 1992 4443 ι)
2550 4456 2553 4459 Α
2690 4404 2921 4460 ALIUD.

412 4501 533 4555 Τῶν
558 4502 753 4556 οὐσιῶν
779 4505 903 4567 τοὺς
930 4504 1087 4572 ὄρους
1124 4505 1157 4574 ἦ
1200 4505 1332 4572 φέρε
1364 4506 1538 4559 εἰπεῖν
1567 4506 1675 4559 τῶν
1705 4507 1911 4576 συμόεο

330 4593 673 4663 6ηκὸτων,οί
701 4594 829 4660 περὶ
857 4594 1030 4647 ταῦτα
1066 4596 1237 4663 σοφοὶ,
1256 4597 1355 4648 οὐκ
1382 4598 1444 4648 ἐκ
1467 4596 1576 4649 τῶν
1601 4598 1913 4668 ἀντικειμέ-

326 4699 446 4735 νων
480 4682 726 4751 γίνεσθαι
757 4683 1053 4751 βούλονται,
1085 4686 1197 4738 ἀλλ’
1235 4686 1292 4751 ἐξ
1331 4679 1405 4738 ὧν
1434 4689 1572 4740 εἰσὶν
1604 4687 1913 4756 ὁμολογου-

330 4772 552 4843 μένως·
575 4769 687 4827 οἷον
712 4773 899 4845 ῶσπερ
927 4778 979 4827 et
1005 4793 1087 4839 τις
1114 4779 1286 4829 είπεῖν
1307 4776 1703 4848 ἀπαιτούμενος
1722 4779 1775 4831 τί
1796 4780 1911 4831 ἐστι

326 4866 552 4931 λευκὸν,
581 4866 935 4937 ἀποκρίναιτο
966 4867 1027 4921 τὸ
1076 4869 1149 4940 μὴ
1196 4869 1386 4938 μέλαν.
1421 4868 1592 4922 Τοῦτο
1628 4869 1739 4942 γὰρ
1771 4870 1830 4922 οὐ
1857 4870 1911 4922 τί

324 4960 451 5010 ἐστι
481 4956 546 5009 τὸ
571 4957 908 5028 ὁριζόμενον,
937 4958 1071 5011 ἀλλὰ
1098 4959 1150 5011 τί
1182 4961 1281 5013 οὐκ
1310 4959 1424 5012 ἐστι
1449 4959 1619 5029 δηλοῖ.
1646 4961 1709 5013 Εἰ
1732 4961 1911 5013 τοίνυν

329 5052 364 5120 1]
405 5048 698 5119 ἀγένητος
744 5050 894 5121 φωνὴ
938 5051 999 5103 τὸ
1048 5051 1122 5122 μὴ
1169 5050 1497 5121 γεγενῆσθαι
1543 5051 1818 5121 σημαίνει,
1846 5052 1911 5104 ἐκ

331 5140 442 5194 τῶν
486 5142 874 5212 ἀντικειμένων
921 5142 1033 5212 ἔχει
1082 5144 1178 5214 τὴν
1212 5143 1463 5212 δήλωσιν,
1494 5143 1651 5211 ὑγιὴς
1690 5144 1746 5195 δὲ
1789 5144 1913 5213 ὄρος

325 5233 432 5284 xlix
468 5231 538 5285 ἂν
571 5231 781 5299 γένοιτο
810 5232 897 5285 διὰ
935 5232 1044 5285 τῶν
1078 5232 1354 5287 τοιούτων.
1384 5233 1497 5286 Ηύκ
1538 5234 1647 5304 ἄρα
1692 5233 1818 5303 ὄρος
1849 5233 1910 5286 τὸ

324 5323 652 5394 ἀγέννητον.

1024 5437 1227 5489 AAAU.

410 5550 480 5603 Ἡ
538 5550 831 5620 ἀγένητος
885 5552 1037 5621 φωνὴ
1100 5552 1207 5605 τῶν
1265 5548 1544 5621 πολλαχῶς
1598 5550 1910 5622 λεγομένων

324 5643 502 5697 contra
554 5642 782 5709 κυρίως,
816 5645 911 5699 καὶ
957 5644 1014 5697 ἐν
1057 5644 1168 5706 τοῖς
1217 5642 1524 5710 ὁμωνύμοις
1574 5642 1810 5710 εὐλόγως
1846 5645 1911 5699 ἂν

2091 4520 2523 4575 Substantiarum
2561 4526 2725 4588 atque
2754 4518 2890 4571 adeo
2924 4516 3283 4570 accidentium
3308 4514 3591 4570 deﬁnitio.

2016 4624 2111 4665 nes
2138 4609 2436 4678 philosophi
2461 4624 2565 4663 non
2590 4624 2620 4662 a
2646 4608 2935 4662 contrariis
2963 4607 3068 4676 peti
3092 4606 3299 4670 volunt,
3318 4604 3413 4661 sed
3436 4621 3502 4659 ex
3522 4604 3592 4661 iis

2014 4718 2045 4756 e
2065 4703 2257 4769 quibus
2279 4714 2465 4755 revera
2496 4707 2750 4755 constant
2782 4715 2798 4753 :
2832 4699 2936 4769 ιθ
2964 4697 3123 4751 veluti
3149 4698 3193 4751 si
3231 4697 3351 4764 quis
3374 4704 3596 4763 rogatus

2016 4793 2141 4861 quid
2163 4792 2232 4845 sit
2262 4791 2464 4854 album,
2511 4790 2856 4859 respondeat,
2915 4788 2967 4842 id
3021 4788 3165 4856 quod
3217 4787 3430 4855 nigrum
3478 4799 3591 4840 non

2014 4892 2115 4937 est.
2157 4881 2211 4935 Id
2241 4882 2385 4936 enim
2435 4896 2540 4935 non
2581 4881 2709 4949 quid
2781 4889 2884 4946 est,
2938 4879 3030 4934 sed
3085 4878 3214 4948 quid
3264 4891 3370 4931 non
3413 4886 3496 4932 est
3535 4874 3593 4930 id

2015 4973 2157 5040 quod
2186 4971 2439 5025 deﬁnitur
2479 4970 2737 5023 ostendit.
2772 4969 2829 5022 Si
2873 4981 3001 5036 ergo
3040 4981 3141 5021 vox
3189 4965 3430 5034 ingeniti,
3482 4978 3591 5017 non

2015 5079 2137 5119 esse
2170 5064 2407 5133 genitum
2439 5061 2698 5126 declarat,
2730 5076 2792 5114 ex
2838 5058 3126 5113 contrariis
3157 5072 3305 5112 suam
3340 5055 3587 5111 declara-

2023 5157 2219 5211 tionem
2269 5153 2436 5209 sumit
2475 5172 2489 5207 :
2526 5162 2669 5208 recta
2711 5166 2837 5205 vero
2890 5150 3133 5205 deﬁnitio
3186 5161 3459 5214 nunquam
3517 5159 3591 5199 ex

2022 5247 2085 5301 iis
2113 5253 2343 5300 constat.
2373 5242 2490 5299 Non
2514 5252 2754 5312 estergo
2800 5256 2994 5296 nomen
3044 5238 3267 5309 ingeniti
3315 5236 3585 5292 deﬁnitio.

2678 5437 2906 5493 ALIUD.

2084 5550 2195 5605 Vox
2227 5553 2441 5621 ξηειεηὶιὶ
2484 5550 2639 5605 exiis
2690 5559 2772 5605 est
2826 5566 2945 5619 qum
2994 5550 3156 5603 variis
3214 5549 3388 5603 modis
3424 5549 3584 5602 intel-

2014 5642 2100 5709 ligi
2132 5652 2373 5709 possunt,
2411 5643 2713 5708 meritoque
2774 5642 2915 5697 inter
2964 5640 3266 5706 aequivocas
3308 5636 3589 5691 numerari
