4032 6212
390 277 454 332 3|
1409 272 1466 325 S.
1508 265 1790 323 CYRILLI
1829 263 2302 320 ALEXANDRINI
2340 262 2660 318 ARCHIEP.
3586 274 3657 328 52

394 397 570 452 debet.
608 395 664 449 Si
696 408 823 463 ergo
847 393 1275 448 substantiarum
1313 388 1658 444 deﬁnitiones
1702 401 1807 442 non
1839 401 1972 441 con-

2102 384 2480 436 ιατατάττοιτο.
2521 384 2582 436 Εἰ
2629 384 2804 449 τοίνυν
2851 387 2900 439 οἱ
2945 385 3053 440 τῶν
3094 386 3290 439 οὐσιῶν
3324 386 3441 457 ὅροι
3467 385 3567 440 οὐκ
3595 388 3659 441 ὲκ

394 494 540 542 stant
561 501 626 539 ex
648 486 963 555 aeqnivocis,
996 498 1171 553 neque
1194 496 1261 537 ex
1296 481 1549 535 terminis
1578 480 1762 534 varias
1805 480 1973 549 signi-

398 579 673 634 ﬁcationes
699 576 1021 632 habentibus
1048 579 1261 645 (neque
1289 572 1436 628 enim
1472 572 1523 625 id
1547 573 1690 640 quod
1719 571 1973 625 deﬁnitur

396 668 768 739 explicabitur,
800 667 845 721 si
872 682 937 722 ex
975 667 1039 719 iis
1084 664 1352 732 constet),
1385 665 1605 732 ingenui
1667 678 1798 717 vero
1847 678 1969 727 vox,

399 768 457 813 ut
490 759 648 812 modo
676 758 934 820 diximus,
975 758 1253 825 arquivoca
1294 766 1378 811 est
1420 774 1433 811 :
1473 764 1620 812 certe
1670 755 1970 823 ingenitum

397 849 636 904 deﬁnitio
664 863 785 904 esse
815 864 920 904 non
953 856 1151 918 potest.

1075 958 1305 1014 ALIUD.

471 1074 526 1129 Si
560 1089 758 1129 nomen
786 1074 905 1128 sive
933 1088 1036 1128 vox
1084 1074 1320 1142 ingeniti,
1364 1070 1609 1124 deﬁnitio
1641 1077 1747 1131 est,
1796 1070 1971 1122 susci-

399 1167 511 1235 piet
544 1165 787 1235 profecto
810 1167 965 1235 juxta
1017 1165 1278 1218 rationem
1309 1160 1709 1223 deﬁnitionum,
1744 1174 1971 1214 conver-

400 1257 629 1312 sionem.
659 1257 835 1312 Veluti
863 1259 906 1311 si
935 1257 1054 1325 quis
1085 1253 1356 1309 hominem
1376 1252 1658 1313 deﬁniens,
1682 1252 1828 1305 dicat
1855 1266 1976 1305 esse

404 1346 605 1405 animal
638 1346 916 1407 rationale,
946 1344 1191 1408 mortale,
1257 1342 1628 1411 intelligentiae
1696 1351 1752 1396 et
1802 1343 1976 1397 scien-

405 1440 494 1491 tiae
525 1453 724 1506 capax;
772 1437 972 1506 poterit
1016 1437 1119 1490 hoc
1177 1436 1349 1503 ipsum
1400 1448 1592 1488 rursus
1633 1442 1972 1501 convertere,

405 1529 629 1583 dicens:
662 1528 717 1581 Si
753 1527 895 1595 quod
933 1526 1130 1579 animal
1162 1536 1245 1581 est
1288 1526 1572 1592 rationale,
1608 1527 1859 1589 mortale,
1893 1526 1977 1579 in-

408 1617 711 1685 telligentiae
732 1627 785 1668 et
809 1617 1049 1671 scientizc
1075 1632 1268 1686 capax.
1301 1618 1351 1670 id
1374 1616 1594 1669 omnino
1625 1617 1787 1670 etiam
1819 1616 1993 1671 homo.

2073 474 2181 527 τῶν
2232 474 2560 544 ὁμωνύμων,
2607 476 2715 528 οὐδ’
2752 479 2816 530 ὲκ
2869 479 2978 530 τῶν
3024 477 3307 548 πολλαχῶς
3354 479 3659 550 νοουμένων

2074 566 2439 634 λαμϐάνονται
2484 566 2624 637 (οὐδὲ
2658 567 2766 639 γὰρ
2816 568 2971 622 ἔσται
3021 569 3189 637 σαφὲς
3221 568 3285 621 τὸ
3322 566 3656 638 ὁριζόμενον,

2074 660 2123 711 εἰ
2170 661 2232 710 ὲκ
2279 658 2485 712 τούτων
2531 659 2905 729 λαμϐάνοιτο),
2959 662 2992 730 ἡ
3045 660 3101 712 δὲ
3148 659 3434 729 ἀγένητος
3485 658 3657 728 φωνὴ,

2074 751 2324 822 καθάπερ
2352 752 2451 822 ἤδη
2482 752 2834 821 προείπομεν,
2874 753 2983 806 τῶν
3015 752 3323 823 ὁμωνύμων
3361 752 3530 817 ἐστὶν,
3559 751 3659 805 οὐκ

2077 842 2142 896 ἂν
2172 844 2255 913 εἴη
2284 845 2406 913 ὅρος
2442 842 2503 894 τὸ
2530 843 2817 914 ἀγένητον.

2770 958 2855 1013 ΑΛ
2863 958 2972 1010 ΛΟ.
2984 1016 2989 1017 ν

2148 1068 2208 1120 Ei
2236 1070 2357 1139 ὄρος
2386 1068 2500 1121 ἐστὶ
2532 1069 2592 1121 τὸ
2615 1069 2942 1137 ἁγέννητος
2968 1068 3139 1140 ὄνομα
3168 1071 3288 1141 ἦτοι
3311 1070 3483 1141 φωνὴ,
3520 1069 3667 1135 δέξεοη

2075 1177 2165 1213 ται
2192 1160 2434 1230 δηλονότι
2463 1162 2606 1215 κατά
2634 1161 2695 1214 τὸ
2725 1161 2833 1214 τῶν
2858 1163 2999 1232 ὅρων
3036 1163 3220 1233 σχῆμα
3250 1162 3349 1231 τὴν
3382 1163 3664 1232 ἀντιστρο-

2079 1254 2213 1320 φην·
2251 1250 2439 1323 ὥσπερ
2487 1254 2540 1305 εἴ
2584 1270 2669 1315 τις
2718 1252 2809 1306 τὸν
2856 1251 3141 1323 ἄνθρωπον
3188 1253 3404 1323 ὁρίζων,
3451 1252 3525 1313 ὡς
3578 1252 3664 1321 εἴη

2081 1343 2217 1406 ζῶον
2263 1344 2500 1410 λογικὸν,
2535 1344 2745 1414 θνητὸν,
2781 1344 2873 1398 νοῦ
2912 1345 3005 1399 καὶ
3040 1347 3353 1415 ἐπιστήμης
3394 1344 3661 1408 δεκτικὸν,

2080 1435 2451 1503 ἀντιστρέφων
2486 1435 2647 1488 πάλιν
2686 1436 2817 1488 αὐτὸ
2843 1436 3025 1504 λέγοι·
3057 1437 3125 1491 Εἴ
3158 1454 3241 1499 τις
3266 1435 3403 1499 ζῶον
3429 1433 3665 1503 λογικὸν,

2081 1525 2291 1594 Θνητδν,
2329 1526 2421 1579 νοῦ
2472 1528 2567 1580 καὶ
2602 1522 2916 1597 ἐπιστήμης
2950 1528 3219 1593 δεκτικὸν,
3257 1527 3416 1580 τοῦτο
3450 1528 3668 1589 πάντως

2082 1618 2178 1669 καὶ
2213 1617 2518 1686 ἄνθρωπος.
2549 1619 2611 1670 El
2636 1619 2815 1671 τοίνυν
2848 1619 2905 1672 τὸ
2934 1619 3218 1690 ἀγένητον,
3270 1619 3524 1688 καθάπερ
3553 1618 3663 1688 ἤδη

405 1717 507 1761 est.
542 1705 873 1777 Quapropter
900 1708 944 1763 si
982 1709 1279 1779 ingenitum
1310 1711 1493 1779 (sicut
1521 1712 1679 1765 modo
1706 1708 1974 1779 diximus)

2102 1708 2436 1779 προείπομεν,
2463 1711 2585 1777 ὄρος
2610 1710 2744 1772 ἐστὶ,
2774 1708 2847 1779 μὴ
2873 1710 3245 1779 παραιτείσθω
3261 1710 3360 1779 τὴν
3390 1710 3670 1778 ἀντιστρο-

405 1797 644 1851 deﬁnitio
713 1808 817 1862 est,
869 1815 936 1853 ne
986 1813 1201 1855 recuset
1234 1803 1664 1856 conversionem.
1720 1800 1777 1855 Si
1828 1804 1973 1855 enim

405 1889 697 1956 ingenitum
730 1891 1033 1945 substantia
1067 1901 1152 1945 est
1195 1911 1209 1944 :
1243 1892 1543 1946 substantia
1575 1892 1739 1946 ctiam
1782 1900 1864 1946 est
1891 1892 1977 1945 in,

403 1979 662 2048 genitum,
700 1982 793 2035 sed
840 1996 944 2035 non
986 1985 1342 2037 convertitur.
1392 1982 1580 2053 Neque
1623 1985 1767 2038 enim
1803 1983 1979 2037 omnis

404 2071 704 2125 substantia
760 2072 811 2127 in
866 2074 1178 2130 universum
1226 2078 1391 2129 etiam
1442 2076 1677 2145 ingenita
1712 2083 1826 2140 est;
1877 2073 1980 2129 soli

403 2163 546 2216 enim
579 2164 687 2219 Deo
736 2166 836 2221 hoc
868 2168 1139 2235 peculiare
1173 2180 1277 2224 est.
1326 2166 1444 2223 Non
1481 2178 1566 2224 est
1610 2182 1736 2234 ergo
1782 2181 1975 2220 nomen

2083 1803 2226 1872 φήν*
2279 1800 2328 1852 εἰ
2377 1800 2486 1871 γὰρ
2525 1802 2584 1853 τδ
2618 1801 2879 1869 ἀγένητον
2909 1801 3085 1863 οὐσία,
3118 1802 3212 1853 καὶ
3262 1802 3293 1870 ἡ
3336 1800 3493 1852 οὐσία
3539 1798 3670 1865 ἀγέ-

2082 1911 2274 1963 νητον·
2329 1894 2443 1946 ἀλλ’
2483 1895 2584 1946 οὐκ
2633 1895 3003 1963 ἀντιστρέφει.
3047 1895 3121 1947 Οὐ
3162 1894 3272 1966 γὰρ
3322 1896 3470 1947 πᾶσα
3513 1892 3672 1947 οὐσία

2084 1985 2301 2047 πάντως
2330 1985 2447 2037 ἐστὶ
2486 1985 2581 2037 καὶ
2628 1984 2891 2055 ἀγένητος
2912 2000 2926 2015 ο
2966 1985 3111 2056 μόνῳ
3141 1986 3197 2038 δὲ
3228 1986 3347 2056 Θεῷ
3389 1985 3509 2039 κατ’
3537 1984 3675 2049 ἐξαί-

2091 2091 2243 2145 ρετον
2272 2072 2429 2126 τοῦτό
2458 2075 2803 2144 ἐστιν.”ορος
2831 2069 2923 2127 οὖν
2948 2075 3049 2127 οὐκ
3079 2076 3145 2127 ἂν
3176 2076 3258 2146 εῐη
3288 2076 3348 2128 τὸ
3376 2076 3637 2147 ἀγένητον
3656 2090 3669 2102 ·

2083 2166 2200 2218 ἀλλ’
2230 2166 2312 2219 ὅτι
2349 2166 2427 2237 μὴ
2450 2165 2746 2235 γεγένηται
2780 2164 2939 2234 μόνον
2972 2164 3248 2235 σημαίνει.
3454 2150 3457 2153 ν

406 2254 627 2323 ingeniti
656 2256 895 2312 deﬁnitio
931 2276 944 2312 :
980 2260 1075 2315 sed
1105 2269 1311 2315 tantum
1346 2276 1457 2316 non
1477 2275 1598 2315 esse
1626 2259 1866 2312 oenitum
1901 2257 2196 2327 signiﬁcat.

783 2388 1358 2481 ASSEBTIO
1434 2391 1620 2477 III.

412 2534 683 2592 Refutatio
731 2539 801 2591 ad
838 2540 1066 2601 verbum,
1106 2539 1243 2607 quod
1292 2540 1580 2607 ingenitum
1625 2555 1727 2591 non
1757 2539 1823 2591 sit
1870 2540 1987 2592 sub-

482 2611 700 2673 stantia,
731 2608 819 2660 sed
865 2616 1071 2660 tantum
1117 2607 1369 2677 significet
1411 2608 1579 2661 Deum
1614 2610 1850 2677 genitum
1884 2627 1988 2662 non

481 2692 611 2732 8888.

485 2788 542 2843 Si
577 2790 871 2859 ingenitum
920 2792 1220 2847 substantia
1247 2802 1352 2855 est,
1398 2802 1455 2846 ct
1488 2792 1809 2847 substantiae
1854 2793 1987 2845 nihil

413 2887 497 2931 est
529 2881 889 2943 contrarium,
924 2882 1055 2933 nihil
1104 2883 1208 2935 erit
1251 2882 1487 2950 ingenito
1530 2883 1881 2935 contrarium.
1925 2880 1984 2936 Si

412 2982 543 3022 Vero
598 2971 932 3023 contrarium
986 2981 1069 3025 est
1117 2972 1357 3041 ingenito
1396 2974 1636 3041 genitum
1665 3013 1680 3038 ,
1727 2974 1982 3029 substan-

2603 2377 2970 2462 ΛΟΓΟΣ
3043 2379 3153 2462 Γ.

2105 2532 2443 2601 Ἀπολογίαν
2463 2531 2797 2595 αὐτολεξεὶ,
2827 2533 2915 2585 ὅτι
2939 2533 3025 2601 μὴ
3052 2532 3118 2585 τὸ
3150 2532 3443 2601 ἀγένητον
3471 2535 3699 2599 οὐσία,-

2160 2602 2354 2725 μένον
2384 2600 2452 2653 δὲ
2483 2601 2590 2655 τοῦ
2613 2601 2699 2671 μὴ
2733 2602 3036 2672 γεγονέναι
3067 2600 3173 2655 τόν
3199 2600 3366 2668 Θεὸν,
3395 2619 3679 2672 σημαντι-

2168 2689 2205 2725 κ
2244 2688 2299 2724 ν.

2168 2688 2299 2725 κον.

2168 2785 2229 2835 Ei
2268 2782 2329 2835 τὸ
2364 2784 2628 2852 ἀγένητον
2664 2782 2842 2848 οὐσία,
2878 2785 2942 2853 τῇ
2969 2782 3027 2835 δὲ
3051 2783 3210 2854 οὐσίᾳ
3236 2784 3387 2837 οὐδὲν
3417 2785 3679 2851 ἐναντίον,

2092 2871 2245 2925 οὐδὲν
2294 2873 2402 2943 ἄρα
2454 2872 2608 2924 ἔσται
2640 2871 2716 2941 τῷ
2747 2873 2997 2942 ἀγενήτῳ
3042 2873 3302 2926 ἐναντίον.
3333 2873 3395 2925 Ei
3434 2873 3489 2926 δέ
3535 2875 3681 2927 ἐστιν

2091 2962 2333 3015 ἐναντίον
2384 2962 2461 3033 τῷ
2493 2964 2741 3034 ἀγενήτῳ
2775 2963 2837 3015 τὸ
2872 2963 3117 3033 γενητὸν,
3159 2967 3225 3034 τῇ
3254 2964 3309 3017 δὲ
3338 2965 3494 3036 οὐσίᾳ
3531 2966 3681 3018 οὐδὲν

418 3060 505 3113 tia:
543 3068 722 3115 autem
770 3062 907 3116 nihil
950 3065 1320 3132 contrarium,
1378 3067 1680 3138 ingenitum
1728 3084 1832 3123 non
1882 3069 1989 3123 erit

2102 3053 2357 3118 ἐναντίον,
2389 3054 2449 3106 τὸ
2487 3054 2750 3123 ἀγένητον
2784 3054 2884 3107 οὐκ
2910 3053 3061 3107 ἔσται
3098 3055 3276 3107 οὐσία.

416 3151 736 3209 substantia.

1017 3248 1118 3316 ιν
1162 3247 1396 3303 ALIUD.

492 3352 549 3409 Si
573 3354 866 3426 ingenitum
901 3367 985 3410 est
1010 3358 1339 3425 substantia,
1359 3363 1672 3417 necessario
1702 3362 1866 3417 etiam
1900 3378 1997 3433 ge-

420 3444 591 3500 nitum
617 3447 720 3500 erit
757 3446 1055 3502 substantia
1082 3466 1110 3521 _;
1148 3450 1191 3503 si
1222 3466 1351 3505 vero
1384 3460 1676 3521 utrumque
1721 3462 1805 3507 est
1864 3454 1996 3509 sub-

423 3539 643 3603 azantia,
676 3555 777 3592 non
814 3542 916 3594 erit
947 3543 1278 3598 contrarium
1305 3544 1542 3613 ingenito
1577 3546 1839 3611 genitum,
1903 3546 1999 3600 sed

421 3627 584 3683 idem.
618 3628 802 3699 Neque
830 3630 975 3684 enim
1003 3633 1306 3687 substantia
1363 3635 1681 3689 substantia:
1717 3637 1993 3691 contraria

422 3731 523 3775 CSL

1084 3838 1321 3894 ALIUD.

492 3944 546 4000 Si
587 3942 884 4013 ingenitum
944 3949 1304 4003 substantiam
1371 3949 1462 4002 Dei
1534 3948 1825 4015 signiﬁcat,
1889 3962 2003 4000 non

422 4049 550 4088 vero
578 4045 728 4089 notat
754 4039 1106 4091 substantiam
1138 4040 1375 4109 genitam
1432 4054 1535 4091 non
1561 4053 1701 4099 esse,
1762 4038 2000 4105 genitum

424 4140 638 4196 quoque
663 4128 915 4181 similiter
942 4131 1300 4183 substantiam
1377 4128 1721 4196 signiﬁcabit,
1783 4143 1881 4181 nec
1911 4144 2002 4196 ge-

425 4222 596 4278 nitum
628 4240 748 4279 esse
771 4220 998 4276 notabit.
1030 4220 1164 4275 Cum
1196 4230 1374 4275 autem
1411 4229 1700 4288 utrumque
1751 4219 2003 4273 substan—

428 4318 554 4370 tiam
580 4314 864 4384 signiﬁcet,
895 4315 1037 4369 unde
1058 4322 1347 4383 cognoscet
1418 4312 1540 4382 quis
1607 4313 1833 4366 alteram
1884 4313 2004 4382 qui-

2783 3237 2990 3291 AAAO.

2168 3354 2233 3406 Εἰ
2276 3352 2338 3406 τὸ
2376 3352 2643 3424 ἀγένητον
2691 3353 2869 3419 οὐσία,
2924 3352 2981 3417 ἐξ
3024 3352 3271 3421 ἀνάγκης
3316 3351 3465 3404 ἔσται
3500 3350 3595 3404 καὶ
3626 3352 3686 3403 τὸ

2099 3444 2325 3515 γενητὸν
2353 3444 2509 3499 οὐσία
2531 3460 2545 3475 ·
2577 3445 2625 3496 εί
2656 3444 2713 3495 δὲ
2736 3442 2895 3495 οὐσία
2927 3442 3185 3511 ἑκάτερα,
3230 3443 3329 3495 οὐκ
3361 3442 3511 3495 ἔσται
3535 3444 3686 3495 ἐναν-

2097 3535 2213 3589 τίον
2252 3536 2330 3607 τῷ
2365 3536 2615 3605 ἀγενήτῳ
2645 3535 2705 3586 τὸ
2755 3534 3009 3605 γενητὸν,
3048 3534 3187 3588 ἀλλά
3232 3535 3449 3588 ταύτόν.
3475 3534 3548 3587 Οὐ
3577 3534 3686 3603 γὰρ

2100 3629 2337 3691 ἐναντίον
2362 3628 2522 3681 οὐσία
2554 3627 2689 3696 πρὸς
2718 3626 2923 3680 οὐσίαν.

2784 3822 2997 3883 ΑΛΛΟι

2173 3936 2236 3989 Εἰ
2269 3935 2327 3988 τὸ
2369 3933 2630 4004 ἀγένητον
2669 3934 2858 3988 οὐσίαν
2899 3933 3035 3987 Θεοῦ
3070 3932 3343 4005 σημαίνει,
3370 3931 3485 3986 ἀλλ’
3532 3932 3591 3985 οὐ
3629 3931 3699 3986 τὸν

2105 4028 2179 4100 μὴ
2214 4028 2465 4097 γενέσθαι
2493 4029 2591 4099 τὴν
2623 4028 2833 4093 οὐσίαν,
2871 4030 2963 4082 καὶ
3002 4029 3065 4081 τὸ
3089 4029 3313 4099 γενητὸν
3341 4028 3566 4092 εἰκότως
3600 4028 3688 4081 οὐ.

2105 4122 2245 4187 σίαν,
2277 4120 2392 4173 ἀλλ’
2425 4122 2483 4173 οὐ
2531 4120 2592 4173 τὸ
2632 4121 2907 4190 γενέσθαι.
2957 4121 3160 4174 Οὐσίαν
3213 4121 3269 4173 δὲ
3314 4120 3687 4190 σημαινόντων

2105 4211 2402 4284 ἑκατέρων,
2436 4212 2600 4265 πόθεν
2641 4213 2754 4282 γνῷ
2801 4231 2884 4277 τις
2929 4213 3028 4285 τὴν
3060 4215 3155 4283 μὲν
3190 4210 3467 4276 ποιοῦσαν,
3501 4212 3598 4282 τὴν
3629 4210 3687 4263 δὲ

2103 4301 2416 4371 γινομένην,
2463 4300 2609 4367 ἅπαξ
2665 4301 2772 4354 τῶν
2821 4300 3103 4371 ὀνομάτων
3159 4299 3312 4352 οὐδὲν
3363 4296 3701 4367 δηλούντων,νί

426 4410 547 4463 dem
570 4408 899 4477 gignentem,
925 4406 1147 4459 alteram
1178 4406 1431 4475 genitam,
1458 4420 1583 4459 cum
1626 4406 1845 4460 nomina
1869 4406 1980 4459 nihi

2106 4393 2221 4446 ἀλλ’
2254 4392 2288 4463 ἢ
2328 4393 2487 4463 μόνον
2520 4392 2742 4458 οὐσίαν;

426 4498 734 4569 signiﬁcent
762 4496 864 4552 nisi
886 4494 1284 4550 substantiam?

1097 4601 1329 4660 ALIUD.

500 4722 885 4793 Si'ingenitum
911 4719 1211 4775 substantia
1243 4727 1345 4783 est,
1375 4713 1680 4772 substantia
1734 4725 1914 4768 autem
1943 4714 2009 4768 de

428 4814 682 4872 omnibus
729 4814 962 4867 univoce
1016 4812 1253 4867 dicitur:
1309 4808 1607 4879 ingenitum
1662 4807 1726 4861 de
1753 4806 2006 4859 omnibus

430 4907 747 4963 substantiis
771 4906 1000 4969 dicetur,
1025 4903 1206 4957 autde
1266 4901 1517 4954 omnibus
1561 4915 1679 4969 qua:
1710 4897 1810 4953 sub
1876 4897 2008 4967 ipsis

433 5006 577 5054 sunt.
610 4995 667 5051 Si
686 4996 1127 5066 veroingenitum
1152 4993 1217 5047 de
1245 4993 1496 5047 omnibus
1528 5008 1632 5047 non
1662 4991 2008 5061 praedicatur,

434 5089 734 5144 substantia
760 5097 941 5141 autem
967 5086 1032 5140 de
1059 5087 1311 5140 omnibus
1334 5125 1348 5150 ,
1379 5100 1485 5154 quo
1514 5093 1672 5152 pacto
1697 5099 1859 5136 unum
1896 5084 2011 5137 fue-

436 5183 547 5238 rint
575 5181 873 5238 substantia
903 5189 959 5235 et
983 5180 1327 5251 ingenitum?

1105 5287 1333 5344 ALIUD.

510 5411 565 5464 Si
594 5408 895 5479 ingenitum
922 5404 1224 5461 substantia
1249 5413 1354 5468 est,
1407 5402 1461 5456 in
1525 5402 1820 5457 substantia
1885 5416 2015 5454 vero

439 5518 545 5559 non
571 5503 716 5557 cadit
754 5500 924 5569 magis
950 5508 1005 5553 et
1066 5499 1269 5561 minus,
1354 5511 1458 5550 non
1512 5497 1617 5552 erit
1675 5498 1777 5551 hac
1806 5495 2017 5549 ratione

443 5595 612 5663 magis
638 5594 952 5664 ingenitum,
984 5592 1077 5649 sed
1114 5607 1287 5661 neque
1315 5591 1492 5644 minus
1525 5590 1676 5657 quid.
1718 5589 1773 5642 Si
1830 5595 2013 5640 autem

440 5687 621 5744 munia
650 5688 860 5744 excedit
889 5684 1205 5757 ingenitum,
1276 5696 1610 5754 nequaquam
1659 5695 1783 5735 vero
1850 5679 2013 5735 etiam

2801 4599 3003 4652 ΑΛΛΟ.

2181 4713 2244 4768 Εἰ
2274 4711 2334 4766 τὸ
2360 4711 2621 4783 ἀγένητον
2644 4712 2802 4765 οὐσία
2821 4727 2833 4739 '
2859 4712 2892 4781 ή
2930 4711 2984 4763 δὲ
3011 4710 3164 4762 οὐσία
3202 4709 3292 4761 ἐπὶ
3325 4710 3538 4762 πάντων
3566 4724 3691 4761 συν-

2110 4804 2341 4875 ωνύμως
2383 4803 2633 4871 λέγεται·
2698 4802 2758 4855 τὸ
2805 4803 3061 4871 ἀγένητον
3103 4800 3194 4852 ἐπὶ
3239 4799 3425 4852 πασῶν
3456 4800 3563 4853 τῶν
3598 4799 3697 4853 οὐ-

2113 4894 2243 4947 σιῶν
2273 4893 2617 4965 λεχθήσεται,
2652 4893 2685 4963 ἣ
2718 4893 2810 4945 ἐπὶ
2858 4891 3073 4943 πάντων
3108 4889 3215 4943 τῶν
3251 4891 3342 4943 ὐπ’
3379 4890 3592 4953 αὐταῖς.
3630 4891 3693 4942 Εἰ

2110 4985 2259 5039 δὲτὸ
2308 4985 2568 5055 ἀγένητον
2600 4985 2691 5036 ἐπὶ
2733 4982 2948 5035 πάντων
2992 4982 3052 5033 οὐ
3110 4984 3518 5051 κατηγορεῖται,
3566 4980 3599 5049 ἡ
3638 4979 3695 5031 δὲ

2112 5078 2267 5131 οὐσία
2300 5077 2392 5129 ἐπὶ
2431 5077 2667 5140 πάντων,
2704 5073 2820 5138 πῶς
2847 5073 3043 5127 ταντδν
3071 5073 3228 5127 οὐσία
3261 5074 3355 5127 καὶ
3400 5071 3689 5139 ἀγένητον;

2796 5281 2999 5331 AAAD.

2190 5398 2249 5450 Ei
2286 5397 2339 5449 τὸ
2384 5396 2645 5463 ἀγένητον
2692 5392 2867 5456 οὐσία,
2899 5394 3057 5446 οὐσία
3104 5394 3159 5445 δὲ
3212 5392 3398 5454 οὐσίας
3442 5390 3543 5466 οὐκ
3579 5384 3694 5439 ἐστι

2124 5490 2321 5562 μᾶλλον
2350 5487 2443 5539 καὶ
2490 5482 2671 5556 ἧττον,
2707 5485 2805 5537 οὐκ
2849 5485 2998 5538 ἔσται
3039 5485 3178 5537 κατά
3206 5484 3363 5536 τοῦτο
3408 5479 3607 5550 μᾶλλον
3636 5475 3697 5527 τὸ

2121 5584 2405 5651 ἀγένητον,
2458 5578 2570 5631 ἀλλ’
2606 5578 2726 5631 οὐδὲ
2756 5573 2917 5648 ἧττόν
2950 5596 3001 5630 τι
3051 5575 3236 5630 αὐτοῦ.
3286 5576 3350 5626 Εἰ
3379 5572 3434 5624 δὲ
3464 5570 3698 5643 πάντων

2127 5676 2219 5745 μὲν
2255 5670 2509 5743 ὑπερέχει
2555 5669 2615 5723 τὸ
2670 5670 2950 5739 ἀγένητον,
2988 5667 3169 5720 οὐκέτι
3200 5666 3255 5718 δὲ
3302 5664 3392 5717 καὶ
3430 5664 3463 5731 ἡ
3506 5658 3697 5715 οὐσία·
