4032 6212
351 219 433 271 55

1778 216 1915 270 'lﬂE

2024 218 2218 273 URUS.
3296 237 3311 252 ‘
3558 241 3631 297 34.

353 336 406 387 εί
431 333 496 387 δὲ
534 335 637 404 μὴ,
664 334 841 386 πάντα
867 334 1086 387 πάντων
1122 334 1375 405 ὑπερέξει
1402 351 1413 365 ·
1447 335 1546 388 οὐκ
1578 336 1688 408 ἀρα
1719 337 1870 391 ἔσται
1898 357 1920 391 τ

2024 341 2400 405 Lsubstantia:
2453 345 2649 415 alioqui
2702 352 2883 406 omnia
2954 358 3282 424 praestabunt
3341 365 3628 425 omnibus:

354 426 629 496 ἀγένητον
661 424 839 477 οὐσία.

1051 539 1254 592 ΑΛΛΟ.

428 652 492 705 Εἰ
528 652 592 704 τὸ
622 652 886 721 ἀγένητον
934 653 1121 705 οὐσίαν
1155 653 1288 705 Θεοῦ
1335 656 1610 725 σημαίνει,
1655 656 1768 709 ἀλλ’
1798 658 1857 710 οῦ
1887 660 1946 711 τὸ

354 744 433 815 μὴ
469 743 747 810 γενέσθαι,
801 744 1080 812 ὀνομάτων
1116 744 1263 814 αὐτῷ
1308 746 1509 816 ἐτέρων
1533 748 1689 819 χρεία
1726 748 1831 800 τῶν
1853 749 1944 801 δυ-

352 838 613 907 ναμένων
656 836 847 901 δεῖξαι,
885 838 945 889 τὸ
981 838 1055 908 μὴ
1089 838 1153 891 ἐκ
1180 855 1324 902 τινος
1349 840 1523 893 αἰτίου
1556 841 1807 907 γενέσθαι
1853 842 1944 896 τὸν

351 927 726 992 Θεὸν.·⁹Απαξ
752 929 859 999 γάρ
888 930 948 981 τὸ
976 929 1240 999 ἀγένητον
1269 930 1363 983 τοῦ
1402 930 1535 983 Θεοῦ
1567 932 1718 984 οὐδὲν
1747 934 1944 1003 σημαί-

352 1037 456 1085 νει,
485 1020 602 1073 ἀλλ’
635 1021 669 1089 ἢ
706 1021 865 1090 μόνον
897 1022 1083 1075 οὐσίαν
1108 1022 1264 1078 Θεοῦ.

1059 1224 1259 1279 AAAO.

431 1344 496 1396 Ei
523 1345 557 1412 ἡ
584 1340 744 1394 οὐσία
768 1338 861 1392 τοῦ
890 1338 1024 1391 Θεοῦ
1057 1338 1116 1391 ἓν
1142 1339 1194 1391 τί
1222 1340 1393 1401 ἐστιν,
1425 1340 1540 1394 ἀλλ’
1572 1341 1632 1395 οὐ
1660 1343 1827 1398 πολλά
1864 1344 1940 1413 τῷ

364 1434 598 1505 ἀριθμῷ,
627 1433 689 1484 τὸ
742 1431 800 1484 δὲ
849 1430 1132 1500 ἀγένητον,
1176 1431 1269 1484 καί
1321 1431 1692 1496 ἀϐασίλευτον,
1746 1434 1840 1487 καὶ
1872 1436 1939 1489 τὰ

357 1525 540 1587 λοιπὰ,
589 1522 783 1585 πολλὰ,
826 1521 942 1574 ἀλλ’
975 1520 1073 1590 οὐχ
1122 1519 1180 1573 ἓν
1233 1521 1310 1591 τῷ
1356 1521 1609 1592 ἀριθμῷ’
1654 1525 1754 1577 οὐκ
1787 1524 1936 1577 ἔσται

349 1618 461 1688 ἄρα
489 1616 688 1669 ταυτὸν
711 1616 746 1680 ἡ
777 1612 937 1666 οὐσία
966 1612 1043 1682 τῷ
1073 1614 1325 1683 ἀγενήτῳ
1355 1614 1447 1667 καὶ
1476 1614 1831 1683 ἀϐασιλεύτῳ,
1862 1615 1937 1679 ὡς

346 1708 471 1761 οὐδὲ
504 1708 569 1760 τὸ
593 1706 655 1758 ἐν
675 1708 788 1765 τοῖς
812 1704 1045 1766 πολλοῖς.

1046 1902 1246 1955 AAAO.

426 2015 487 2068 ΕΞ
514 2013 573 2066 τὸ
604 2011 1001 2082 ἀγένητον,καὶ
1033 2011 1093 2063 τὸ
1114 2010 1357 2081 γενητὸν,
1397 2013 1489 2065 καὶ
1529 2011 1596 2064 τὰ
1628 2011 1807 2074 λοιπὰ,
1840 2013 1932 2065 οὐ·

352 2106 441 2158 σία
470 2105 628 2169 Θεοῦ,
664 2104 829 2174 ἕτερα
854 2102 910 2154 δέ
950 2104 1055 2155 εἰσι
1093 2102 1263 2155 ταῦτα
1308 2105 1427 2165 ταῖς
1465 2106 1689 2171 φωναῖς,
1719 2104 1929 2174 ἀνάγκη

349 2199 449 2268 τὴν
475 2197 665 2250 οὐσίαν
691 2195 911 2263 ἐκείνην
934 2194 1074 2247 οὕτω
1113 2194 1430 2262 συγκεῖσθαι
1459 2196 1595 2248 κατὰ
1620 2195 1716 2258 τὰς
1746 2195 1932 2263 διαφό-

347 2303 475 2357 ρους
536 2284 718 2354 φωνάς
744 2300 756 2313 ·
789 2283 856 2335 ἶν’
903 2283 1121 2346 οἰκείως
1167 2284 1223 2335 ai
1261 2283 1437 2351 φωναὶ
1472 2284 1592 2337 κατ’
1640 2286 1807 2354 αὐτῆς
1842 2285 1929 2336 λέ-

343 2392 580 2444 γωνται·
618 2374 653 2445 ἢ
703 2372 779 2443 μὴ
834 2373 1195 2443 συγκειμένης
1237 2374 1425 2443 αὐτῆς,
1470 2374 1759 2427 ἀκόλουθον
1789 2370 1925 2428 εἶναι

346 2468 517 2520 ταῦτα
544 2466 654 2518 τῶν
701 2465 1012 2536 προσόντων
1043 2467 1110 2535 τῇ
1137 2465 1293 2536 οὐσίᾳ
1337 2467 1667 2535 σημαντικὰ,
1720 2468 1829 2519 ἀλλ’
1864 2468 1924 2520 οὐ

347 2560 468 2613 καθ’
500 2559 639 2612 αὐτὰ
674 2558 878 2620 οὐσίας.

1026 2671 1230 2723 ΑΛΛΟ.

414 2786 476 2837 ΕΞ
506 2786 539 2854 ἡ
569 2784 725 2837 οὐσία
771 2782 865 2835 τοῦ
900 2782 1034 2835 Θεοῦ
1081 2782 1140 2834 οὐ
1168 2782 1253 2836 διὰ
1286 2800 1337 2834 τι
1376 2782 1591 2850 λέγεται
1632 2782 1768 2852 (ἐστι
1816 2784 1922 2854 γὰρ

342 2878 410 2929 δι’
439 2877 629 2945 οὐδὲν),
656 2878 689 2946 ἡ
718 2875 776 2928 δὲ
804 2874 1094 2943 ἀγένητος
1123 2873 1294 2944 φωνὴ,
1315 2874 1402 2926 διὰ
1430 2874 1491 2925 τὸ
1522 2876 1735 2927 πάντων
1760 2875 1921 2927 αὑτὸν

344 2961 481 3017 εἶναι
506 2965 738 3035 κρείττω
770 2965 862 3015 καὶ
902 2962 1191 3033 ὑπερέχειν
1214 2978 1227 2991 ⁶
1256 2962 1355 3015 οὐκ
1398 2962 1549 3015 ἔσται
1588 2964 1693 3030 ἄρα
1728 2964 1920 3015 ταυτὸν

344 3059 380 3125 ἡ
414 3057 485 3126 μὴ
517 3056 604 3109 διά
627 3073 681 3109 τι
714 3055 980 3125 λεγομένη
1012 3053 1089 3123 τῷ
1118 3047 1185 3104 δι’
1219 3053 1398 3107 αίτίαν
1430 3052 1724 3123 λεγομένῳ.

1021 3256 1227 3310 ΑΛΛΟ.

431 3367 495 3421 Ei
525 3367 584 3419 τὸ
612 3368 862 3436 ἀγένητον
889 3370 1016 3440 πρὸς
1052 3369 1152 3440 τὴν
1183 3370 1479 3441 ἀγενησίαν
1507 3371 1619 3441 ἔχει
1644 3371 1742 3442 τὴν
1783 3374 1911 3429 ἀνα-

347 3459 544 3529 φορὰν,
576 3461 605 3529 ἡ
634 3458 691 3513 δὲ
728 3461 884 3512 οὐσία
912 3460 995 3512 τοῦ
1030 3461 1166 3514 Θεοῦ
1194 3462 1330 3530 πρὸς
1352 3462 1502 3515 οὐδὲν
1523 3463 1633 3532 ἔχει
1660 3464 1758 3531 τὴν
1784 3464 1907 3532 σχέ-

342 3566 447 3613 σιν,
488 3550 606 3612 πῶς
634 3551 827 3603 ταυτὸν
857 3550 1003 3604 ἔσται
1032 3553 1092 3605 τὸ
1131 3554 1268 3622 πρός
1299 3552 1348 3604 τί
1378 3569 1493 3615 πως
1536 3553 1656 3622 ἔχον
1677 3557 1741 3623 τῇ
1773 3556 1909 3624 πρὸς

338 3640 504 3710 μηδὲν
535 3641 734 3712 ἐχούσῃ
768 3643 923 3714 οὐσίᾳ
943 3661 960 3709 ;

1020 3822 1221 3875 ΑΛΛΟ.

401 3937 463 3990 Ei
488 3939 553 4007 τῇ
580 3936 671 3989 τοῦ
694 3936 829 3990 Θεοῦ
855 3938 1016 4010 οὐσίᾳ
1039 3938 1189 3991 οὐδὲν
1213 3938 1717 4003 ἀντιδιαστέλλεται,
1746 3937 1823 4008 τῷ
1843 3937 1901 3991 δὲ

2055 441 2202 484 certe
2242 431 2532 501 ingenitum
2568 437 2868 495 substantia
2907 461 3011 500 non
3042 448 3167 502 erit.

2721 550 2952 609 ALIUD.

2126 652 2181 706 Si
2215 654 2507 725 ingenitum
2529 660 2883 719 substantiam
2911 666 3422 737 Deisiguiﬁcat,non
3445 685 3622 732 autem

2051 745 2192 812 quod
2226 748 2439 815 genitus
2494 766 2598 805 non
2671 754 2761 818 sit,
2805 757 2923 810 aliis
2978 763 3285 819 nominibus
3339 782 3474 833 opus
3522 770 3627 823 erit

2050 846 2171 901 qua:
2201 833 2433 891 habeant
2469 841 2575 893 vim
2611 844 2922 902 declarandi
2981 850 3146 906 Deum
3205 871 3271 909 ex
3330 858 3430 912 alia
3464 875 3624 914 causa

2051 924 2165 977 sive
2188 926 2396 997 origine
2418 932 2658 999 genitum
2686 950 2792 990 non
2835 953 2973 994 esse.
2995 939 3295 1010 Iugenitum
3356 950 3501 1005 enim
3529 951 3623 1007 Dei

2050 1016 2181 1069 nihil
2235 1021 2455 1075 omnino
2514 1023 2809 1095 signiﬁcat,
2871 1031 2967 1085 sed
3010 1040 3215 1089 tantum
3268 1039 3623 1100 substantiam

2052 1106 2164 1159 Dei.

2719 1233 2949 1290 ALIUD.

2119 1334 2175 1388 Si
2202 1337 2500 1394 substantia
2540 1342 2631 1396 Dei
2676 1360 2842 1400 unum
2882 1348 3084 1418 aliquid
3137 1363 3238 1417 cst,
3279 1372 3383 1412 non
3440 1371 3618 1416 autem

2046 1427 2214 1484 multa
2239 1447 2461 1489 numero
2485 1453 2499 1500 ;
2522 1437 2817 1508 ingenitum
2885 1457 3033 1507 vero,
3066 1456 3118 1499 et
3162 1446 3516 1503 ἀϐασίλευτον
3547 1454 3620 1523 (id

2043 1528 2145 1583 est,
2187 1522 2626 1596 nulliusimperio
2657 1531 2980 1605 subditum),
3008 1546 3062 1590 et
3096 1538 3200 1593 alia
3238 1541 3353 1609 ejus
3381 1548 3616 1613 generis,

2043 1623 2169 1667 sunt
2195 1616 2383 1679 multa,
2413 1635 2586 1689 neque
2616 1638 2782 1678 unum
2820 1642 3044 1685 numero
3082 1647 3231 1686 :non
3291 1637 3396 1688 erit
3435 1638 3618 1706 utique

1964 1708 2007 1762 Β
2037 1704 2175 1758 idem
2203 1710 2505 1766 substantia
2534 1729 2654 1770 cum
2687 1718 2925 1787 ingenito
2942 1731 2996 1775 et
3018 1724 3460 1795 nulliusimperio
3490 1704 3613 1782 sub-

2039 1793 2170 1860 dito,
2198 1796 2335 1852 sicut
2367 1816 2464 1856 uec
2494 1820 2656 1860 unum
2689 1823 2812 1863 cum
2836 1811 3039 1868 multis.

2704 1920 2942 1977 ALIUD.

2110 2016 2166 2071 Si
2196 2020 2494 2089 ingenitum
2530 2035 2584 2081 et
2605 2032 3172 2105 genitum,etc:etera,
3200 2052 3325 2095 sunt
3358 2043 3611 2100 substan-

2039 2107 2107 2159 tia
2145 2108 2258 2171 Dei,
2288 2114 2499 2167 diversa
2539 2132 2668 2170 vero
2703 2132 2829 2176 sunt
2862 2126 2977 2179 haec
3007 2130 3280 2185 vocabulis
3324 2134 3473 2202 ipsis,
3518 2152 3607 2189 nc-

2034 2210 2189 2251 cesse
2218 2204 2679 2260 estsubstantiam
2719 2210 2862 2264 illam
2897 2214 2969 2268 ita
3005 2223 3357 2288 compositam
3380 2240 3500 2282 esse
3523 2243 3610 2282 se-

2032 2292 2265 2345 cundum
2328 2294 2628 2352 diﬂ'ereutia
2699 2304 2980 2371 vocabula,
3020 2318 3078 2362 ut
3123 2316 3337 2382 proprie
3384 2317 3451 2371 de
3492 2319 3607 2386 ipsa

2031 2382 2135 2437 dici
2182 2388 2433 2454 possint:
2467 2402 2561 2444 aut
2585 2394 2629 2446 si
2661 2398 2958 2465 composita
2991 2401 3104 2468 ipsa
3141 2418 3246 2457 non
3288 2407 3380 2470 sit.
3416 2382 3607 2463 conse-

2027 2487 2196 2542 quens
2222 2487 2302 2531 est
2327 2477 2416 2531 illa
2458 2496 2562 2535 non
2596 2498 2692 2552 per
2724 2500 2782 2540 se
2801 2489 3295 2557 substantiam,sed
3321 2511 3439 2565 quae
3479 2501 3607 2555 sub-

2025 2569 2237 2622 stantia:
2270 2572 2523 2627 accidunt
2546 2576 2875 2645 signiﬁcare.

2662 2690 2768 2758 ιε
2796 2691 3032 2749 ALIUD.

2040 2790 2045 2797 ‘
2097 2786 2153 2840 Si
2191 2788 2491 2845 substantia
2513 2794 2603 2848 Dei
2628 2811 2731 2851 non
2760 2800 2939 2868 aliqua
2968 2816 3031 2856 ex
3064 2819 3225 2860 causa
3270 2809 3471 2866 dicitur
3502 2814 3591 2884 (ex

2023 2877 2164 2931 nulla
2189 2881 2330 2934 enim
2355 2898 2513 2939 causa
2538 2887 2663 2955 est),
2696 2903 2799 2943 vox
2836 2902 3016 2947 autem
3044 2895 3264 2966 ingeniti
3292 2914 3352 2954 ea
3386 2903 3450 2957 dc
3468 2919 3598 2959 cau-

2024 2984 2080 3022 sa
2112 2972 2310 3025 tlicitur
2333 2976 2473 3042 quod
2503 2980 2752 3036 omnibus
2774 2984 3060 3040 antecellat
3115 2998 3168 3041 et
3200 3002 3455 3059 praestet:
3490 3010 3594 3049 non

2022 3061 2125 3112 erit
2159 3060 2296 3114 idem
2325 3063 2374 3115 id
2406 3068 2546 3133 quod
2579 3069 2719 3122 nulla
2752 3086 2817 3124 ex
2849 3087 3009 3128 causa
3066 3075 3285 3144 dicitur,
3346 3096 3472 3136 cum
3528 3099 3595 3138 eo

2015 3153 2157 3218 quod
2191 3154 2369 3224 aliqua
2403 3173 2467 3212 ex
2503 3175 2662 3214 causa
2687 3162 2900 3218 dicitur.

2682 3271 2914 3329 ALIUD.

2083 3375 2138 3429 Si
2173 3377 2469 3447 ingenitum
2499 3384 2814 3442 relationem
2853 3390 3014 3445 habet
3044 3391 3111 3446 ad
3134 3393 3591 3465 ἀγενησίανβυὺ-Δ

2009 3470 2204 3522 stantia
2235 3486 2359 3526 vero
2394 3473 2482 3529 Dei
2507 3478 2704 3532 nullam
2739 3481 2806 3535 ad
2843 3482 3045 3552 aliquid
3092 3486 3407 3542 relationem
3469 3505 3591 3543 sus-

2010 3560 2142 3627 cipit
2174 3581 2185 3615 :
2218 3578 2324 3629 quo
2364 3576 2519 3631 pacto
2564 3569 2704 3625 idem
2754 3573 2877 3635 erit,
2912 3575 2962 3627 id
2992 3576 3131 3643 quod
3164 3578 3229 3631 ad
3273 3578 3473 3649 aliquid
3505 3596 3591 3635 re-

2008 3645 2179 3701 fertur
2206 3667 2325 3704 cum
2356 3656 2656 3711 substantia
2690 3660 2742 3713 in
2802 3677 2961 3730 quam
3022 3663 3210 3718 relatio
3270 3669 3336 3721 ad
3365 3645 3587 3739 aliquid

2007 3754 2111 3790 non
2160 3743 2345 3794 cadit?

2675 3837 2908 3894 ALIUD.

2076 3946 2135 4002 Si
2172 3948 2262 4003 Dei
2283 3949 2595 4006 substantia:
2625 3953 2758 4007 nihil
2780 3954 3101 4023 Opponitur,‘
3140 3962 3378 4027 Ingenitn
3401 3972 3581 4020 autem

325 4026 571 4096 ἀγενήτῳ
616 4026 1106 4079 ἀντιδιαστέλλεται
1152 4028 1213 4079 τὸ
1255 4027 1497 4098 γενητὸν,
1544 4028 1661 4089 πῶς
1700 4022 1808 4080 οἷόν
1840 4044 1898 4079 τε

2024 4041 2290 4108 ipponitur
2322 4044 2561 4110 genitum
2594 4062 2607 4098 :
2634 4045 2905 4114 quomodo
2944 4046 3086 4102 idem
3116 4022 3237 4106 esse
3255 4053 3426 4121 possit
3450 4058 3581 4111 δαίμ

323 4114 462 4171 εἶναι
485 4119 682 4170 ταυτὸν
706 4119 893 4170 οὐσίαν
919 4119 1012 4170 καὶ
1042 4120 1303 4189 ἀγένητον
1329 4137 1343 4184 ς

1015 4233 1213 4287 ΑΛΛΟ.

1999 4132 2199 4185 stantia
2217 4141 2272 4186 et
2292 4134 2628 4203 ingenitum?

2660 4251 2890 4307 ALIUD.

394 4341 454 4394 Ei
484 4344 636 4395 πᾶσα
671 4343 826 4395 οὐσία
872 4344 1098 4414 ρηθεῖσα
1127 4345 1333 4411 θατέρα
1363 4345 1497 4416 πρὸς
1536 4343 1788 4413 Θατέραν,
1832 4344 1893 4396 οὐ

2071 4355 2127 4411 Si
2157 4359 2333 4413 omnis
2356 4360 2656 4415 substantia
2691 4367 2965 4421 nominata
2991 4368 3158 4424 altera
3208 4372 3274 4426 ad
3320 4374 3572 4441 alteram,

311 4431 468 4501 δηλοτ
507 4432 607 4503 τὴν
638 4435 837 4506 ἑαυτῆς
879 4435 1172 4507 ὑπεροχὴν,
1215 4436 1290 4506 μὴ
1335 4435 1893 4506 συμπαραληφθέντπ

2024 4463 2152 4501 suam
2182 4449 2351 4518 ipsius
2380 4454 2746 4520 praestantiam
2776 4471 2878 4511 non
2924 4458 3182 4525 declarat,
3218 4465 3318 4518 nisi
3375 4482 3572 4522 nomen

310 4522 411 4576 τοῦ
439 4524 541 4593 τῆς
586 4525 861 4596 ὑπεροχῆς
906 4528 1188 4597 ὀνόματος,
1239 4528 1399 4598 ῥηθὲν
1442 4527 1494 4579 δὲ
1522 4528 1584 4580 τὸ
1631 4528 1892 4597 ἀγένητον

2024 4554 2174 4606 psum
2200 4545 2522 4608 praestantia:
2551 4545 2854 4613 adjiciatur,
2894 4548 3187 4619 ingenitum
3246 4566 3374 4609 vero
3408 4557 3568 4611 simul

308 4615 478 4679 εὐθὺς
516 4618 769 4686 ἐμφαίνει
796 4618 1078 4690 διαφορὰν,
1102 4619 1217 4681 πῶς
1239 4619 1357 4687 οὐχὶ
1383 4620 1432 4671 οἱ
1457 4618 1723 4687 λέγοντες,
1752 4621 1891 4673 Ταυ-

306 4706 405 4758 τὸν
435 4706 601 4759 οὐσία
627 4708 720 4759 καὶ
745 4708 1029 4779 ἀγένητον,
1061 4709 1450 4779 ἀφρονέστατοι
1475 4725 1490 4773 ;

993 4932 1198 4985 ΑΛΛΟ.

376 5045 439 5096 Ei
467 5044 532 5095 τὸ
557 5043 816 5113 ἀγένητον
845 5044 1022 5108 οὐσία,
1052 5045 1207 5097 ἔσται
1238 5046 1386 5098 πᾶσα
1416 5044 1569 5097 οὐσία
1595 5046 1880 5116 ἀγένητον,

294 5133 446 5203 ὅπερ
486 5130 707 5196 ἀσεϐές.

991 5247 1190 5301 ΑΛΛΟ.
1300 5296 1305 5299 ,

365 5357 432 5410 El
492 5358 551 5410 τὸ
600 5359 863 5429 ἀγένητον
915 5361 1091 5423 οὐσία,
1128 5361 1256 5414 ἴδιον
1290 5361 1345 5414 δὲ
1387 5361 1574 5424 οὐσίας
1618 5363 1878 5417 τάναντία

270 5447 572 5518 δέχεσθαι,
605 5450 713 5503 τῶν
740 5452 1001 5504 ἐναντίων
1027 5452 1360 5506 ἐπιδεκτικὸν
1392 5451 1544 5505 ἔσται
1572 5451 1635 5505 τὸ
1682 5454 1877 5525 ἀγένη-

269 5559 398 5595 τον.
429 5543 501 5596 Ei
520 5543 577 5596 δὲ
601 5544 731 5597 ἴδιον
760 5545 858 5614 μὲν
883 5546 1039 5598 τοῦτο
1056 5546 1239 5607 οὐσίας
1262 5546 1359 5615 (τῷ
1385 5548 1491 5618 γὰρ
1520 5547 1595 5615 μὴ
1620 5546 1875 5617 δημιουρ-

2007 4642 2171 4701 atque
2195 4634 2505 4689 nominatur
2533 4636 2890 4693 differentiam
2947 4640 3229 4694 declarat:
3271 4658 3378 4711 quo
3411 4660 3570 4715 pacto

1999 4741 2104 4781 non
2132 4726 2410 4783 dementes
2438 4728 2715 4797 iudicandi
2750 4743 2898 4797 sunt,
2923 4733 3014 4803 qui
3050 4733 3193 4789 idem
3226 4750 3348 4793 esse
3382 4737 3573 4794 dicunt

1992 4817 2350 4873 substantiam
2383 4829 2436 4873 et
2468 4822 2796 4891 ingenitum?

2662 4932 2893 4991 ALIUD.

2065 5039 2121 5091 Si
2156 5040 2451 5109 ingenitum
2491 5043 2791 5100 substantia
2834 5058 2937 5114 est,
3005 5050 3109 5103 crit
3166 5051 3329 5106 etiam
3386 5055 3565 5109 omnis

1991 5128 2292 5183 substantia
2324 5130 2641 5202 ingenitum,
2665 5138 2807 5206 quod
2832 5139 3056 5209 impium
3083 5151 3185 5197 est.

2656 5248 2817 5308 ALIU
2830 5254 2888 5307 D.

2059 5356 2112 5411 Si
2147 5359 2440 5429 ingenitum
2477 5364 2775 5418 substantia
2801 5379 2902 5432 est,
2928 5370 3200 5439 proprium
3227 5379 3402 5427 autem
3435 5374 3564 5427 sub-

1988 5450 2204 5505 stantiae
2235 5453 2515 5523 suscipere
2539 5458 2835 5523 contraria,
2898 5459 3193 5530 ingenitum
3242 5463 3403 5517 etiam
3434 5480 3563 5517 cun-

1986 5544 2148 5595 traria
2171 5546 2445 5612 suscipiet.
2477 5545 2533 5600 Si
2562 5563 2690 5603 vero
2738 5550 2838 5604 hoc
2884 5553 3102 5620 quidem
3159 5555 3434 5623 proprium
3473 5562 3555 5606 est

266 5634 402 5700 γεῖν
440 5632 506 5686 τὸ
557 5635 912 5705 δημιουργεῖν
970 5638 1290 5701 ἀντίκειται,
1328 5638 1509 5692 οὐκέτι
1562 5638 1619 5692 δὲ
1669 5637 1871 5707 καὶτῷ

2026 5636 2297 5691 ibstautiaa
2326 5640 2535 5703 (creare
2568 5641 2713 5696 enim
2749 5645 3042 5713 opponitur
3062 5658 3167 5698 non
3204 5657 3409 5713 creare.
3446 5656 3552 5693 "On
