4110 6212
453 270 526 327 55
1480 262 1537 320 S.
1575 257 1850 319 CYRlLLl
1893 257 2362 314 ALEXANDle
2403 256 2725 316 ARCHIEI'.
3633 270 3710 328 εδ

457 397 639 444 autem
667 389 926 457 ingenito,
959 399 1132 454 neque
1161 389 1302 439 enim
1339 385 1628 454 contigitei
1683 384 1920 454 genitum
1946 397 2027 437 es-

2135 383 2416 453 ἀγενήτῳ·
2449 385 2508 436 οὐ
2565 387 2672 454 γὰρ
2725 384 2919 454 συνέϐη
2965 385 3111 454 αὐτῷ
3161 387 3222 438 τὸ
3241 388 3578 459 γεγονέναι)·
3612 394 3711 444 οὐκ

456 479 556 550 se),
584 491 727 535 certe
759 479 1056 546 ingenitum
1087 493 1191 532 non
1220 477 1323 531 erit
1349 475 1678 530 substantia.

1124 587 1356 642 AL‘IUD.

527 705 587 760 Si
615 706 970 760 substantiam
1019 704 1261 756 dicentes
1311 701 1377 754 de
1421 699 1531 753 Deo
1588 697 2025 767 philosophorum

455 798 778 853 sententiam
807 805 1131 864 sequuntur,
1152 791 1434 862 proprium
1488 791 1591 844 erit
1625 791 1733 843 Deo
1756 789 2026 842 contraria

456 889 756 955 suscipere.
787 885 842 939 Si
873 900 1000 937 vero
1029 897 1149 936 esse
1211 883 1376 936 Deum
1427 877 1730 946 signiﬁcare
1787 878 2028 930 volentes

458 976 773 1029 substantiae
806 973 1070 1027 vocabulo
1117 972 1338 1041 perinde
1398 978 1558 1031 atque
1604 984 1700 1022 nos
1756 977 1980 1020 utuntur
2009 1007 2024 1031 ,

455 1069 756 1122 substantia
785 1081 913 1120 vero
943 1075 998 1120 et
1055 1066 1347 1134 ingenitum
1384 1065 1520 1117 idem
1569 1073 1730 1116 sunt:
1765 1062 2025 1132 reliquum

453 1159 558 1211 erit
594 1173 780 1212 vocem
817 1156 1040 1224 iugeniti
1073 1156 1360 1209 essentiam
1404 1152 1500 1206 Dei
1551 1153 1876 1222 significare,
1933 1153 2026 1207 sed

461 1266 564 1304 non
595 1250 768 1317 ipsum
804 1247 1131 1304 substantia.

1116 1355 1351 1412 ALIUD.

523 1475 580 1530 Si
623 1472 877 1542 quidquid
912 1464 1118 1526 est'sub
1149 1488 1346 1540 genere
1374 1483 1422 1526 et
1447 1472 1623 1542 specie
1645 1472 1848 1538 absque
1879 1470 2024 1524 acci—

455 1569 725 1632 dentibus,
757 1568 860 1620 boc
887 1566 1106 1635 proprie
1125 1566 1424 1619 substantia
1459 1575 1561 1625 est,
1594 1563 1736 1617 Deus
1767 1578 1895 1616 vero
1925 1562 2026 1616 sub

455 1659 601 1713 nullo
625 1659 813 1712 horum
845 1667 928 1711 est
955 1671 972 1709 :
1015 1672 1119 1712 nou
1157 1658 1318 1725 igitur
1343 1657 1556 1726 proprie
1607 1655 1746 1708 Deus
1779 1655 2025 1708 substan-

457 1752 527 1804 tia
558 1750 774 1803 dicitur.
818 1749 874 1803 Si
909 1759 1086 1803 autem
1121 1749 1418 1818 ingenitum
1465 1748 1680 1816 proprie
1701 1747 1766 1799 de
1798 1745 1905 1797 Deo
1939 1744 2022 1795 di-

453 1843 595 1896 citur
623 1843 819 1910 (neque
851 1845 996 1894 enim
1023 1839 1235 1910 genitus
1267 1836 1394 1906 est),
1420 1852 1525 1891 non
1559 1847 1735 1890 autem
1766 1835 1871 1905 19
1895 1835 2023 1889 sub-

453 1934 673 1995 stantia,
734 1947 840 2000 quo
868 1940 1023 1999 pacto
1049 1931 1189 1984 idem
1223 1929 1385 1984 fuerit
1419 1928 1470 1982 id
1488 1929 1629 1997 quod
1657 1928 1872 1997 proprie
1904 1940 2026 1980 cum

452 2037 518 2079 eo
543 2024 683 2092 quod
709 2023 931 2078 abusive
955 2021 1187 2076 dicitur?

1117 2131 1349 2187 ALIUD.

526 2247 582 2302 Si
611 2246 846 2300 maxime
873 2245 1088 2314 pr0pria
1121 2253 1174 2297 et
1223 2244 1395 2311 prima
1452 2242 1843 2310 signiﬁcatione
1906 2241 2032 2296 sub-

452 2338 650 2390 stantia
684 2338 828 2390 dicta
856 2345 959 2396 est,
983 2336 1126 2405 quod
1159 2335 1411 2388 omnibus
1483 2334 1856 2388 accidentibus
1905 2333 2032 2386 sub-

449 2420 589 2488 jecta
631 2423 720 2486 sit,
763 2422 967 2476 nullum
998 2437 1126 2476 vero
1189 2431 1273 2476 est
1320 2422 1571 2476 accidens
1625 2423 1708 2475 cui
1758 2423 2033 2491 subjectus

451 2515 524 2568 sit
547 2514 690 2569 Deus
724 2531 739 2570 :
775 2525 926 2569 certe
952 2529 1126 2584 neque
1158 2515 1462 2568 substantia
1487 2516 1702 2582 proprie
1731 2515 1835 2569 dici
1859 2524 2035 2583 potest

451 2602 521 2657 de
563 2604 691 2658 Deo.
719 2603 813 2657 Est
845 2604 988 2657 enim
1021 2606 1167 2657 omni
1197 2605 1507 2659 substantia
1535 2607 1805 2673 superior.
1858 2605 1913 2660 Si
1944 2622 2036 2660 ve-

455 2710 514 2750 ro
536 2694 832 2764 ingenitum
865 2696 1082 2765 proprie
1136 2697 1201 2751 de
1229 2712 1302 2757 ,eo
1361 2699 1559 2751 dicitur
1610 2698 1843 2768 (genitus
1889 2701 2031 2754 enim

455 2800 558 2839 non
591 2786 717 2854 est),
753 2785 1056 2841 substantia
1109 2797 1288 2842 autem
1349 2801 1732 2859 nequaqumn:
1783 2806 1889 2844 non
1949 2799 2035 2846 est

456 2875 595 2927 idem
626 2876 932 2930 substantia
968 2888 1022 2932 et
1056 2878 1376 2948 ingenitum.

1123 2990 1354 3046 ALIUD.

526 3099 581 3154 Si
607 3102 926 3170 ingenitum,
950 3113 1004 3157 et
1025 3103 1378 3156 ἀϐασίλευτον
1402 3103 1478 3175 (id
1506 3116 1608 3170 est,
1635 3108 1829 3164 nullius
1859 3112 2027 3181 impe-

456 3192 538 3246 rio
571 3194 890 3262 subditum),
923 3204 977 3248 et
1006 3195 1230 3264 reliqua,
1267 3199 1635 3266 comparative
1695 3201 2026 3258 substantias

453 3282 672 3351 signant
703 3287 1190 3352 atqueostendunt,
1250 3297 1304 3340 at
1348 3303 1476 3342 vero
1531 3293 1753 3358 signans
1785 3310 1888 3346 non
1948 3305 2028 3349 est

454 3372 592 3427 idem
615 3390 734 3428 cum
762 3376 971 3444 signato
1011 3394 1023 3429 :
1059 3395 1160 3432 non
1193 3379 1296 3433 erit
1335 3381 1519 3448 utique
1562 3383 1698 3436 idem
1731 3386 2026 3440 substantia

451 3474 506 3518 et
542 3467 862 3534 ingenitum,
932 3469 1380 3536 quemadmodum
1444 3486 1617 3540 neque
1668 3475 2027 3544 signiﬁcatum

449 3572 573 3612 cum
599 3559 954 3628 signiﬁcante.

1121 3673 1354 3730 ALIUD.

523 3783 582 3838 Si
612 3772 908 3854 in-genitum
933 3803 1037 3842 non
1057 3801 1122 3842 ex
1157 3804 1221 3844 eo
1251 3791 1391 3858 quod
1428 3795 1666 3862 genitum
1686 3811 1792 3850 non
1815 3797 1903 3864 sit,
1935 3801 2030 3853 sed

448 3876 592 3943 quod
611 3876 681 3928 sit
709 3876 1011 3931 substantia
1052 3879 1166 3944 Dei,
1206 3881 1410 3936 dictum
1439 3894 1522 3938 est
1557 3896 1651 3940 :et
1697 3900 2028 3955 unaquaeque

447 3965 611 4019 etiam
647 3968 950 4023 substantia
978 3970 1082 4023 erit
1103 3972 1420 4037 ingenitum.
1454 3974 1509 4026 Si
1550 3989 1676 4028 vero
1700 3975 1881 4028 multa:
1905 3974 2026 4041 qui-

448 4055 570 4111 dem
607 4068 733 4112 sunt
757 4060 1092 4123 substantiae,
1128 4061 1350 4127 iugeniti
1374 4076 1503 4114 vero
1533 4079 1640 4115 non
1701 4064 1864 4116 item:
1919 4078 2023 4116 non

450 4149 632 4215 utique
662 4150 952 4215 ingenitum
992 4149 1264 4214 significat
1311 4149 1692 4215 substantiam,
1756 4155 1848 4206 sed
1892 4153 2023 4206 sub-

448 4237 661 4290 stantia:
682 4238 1070 4311 praestantiam.

1109 4352 1336 4406 ALIUD.

525 4461 580 4514 Si
608 4459 661 4514 in
693 4460 803 4517 Deo
840 4471 1047 4517 tantum
1073 4465 1394 4534 ingenitum,
1419 4475 1480 4520 ut
1513 4468 1683 4533 aiunt,
1719 4470 2023 4526 substantia

449 4562 554 4617 est,
587 4552 944 4608 fueritetiam
991 4557 1234 4611 deﬁnitio
1289 4557 1422 4625 ejus,
1473 4558 1627 4624 cujus
1690 4560 2026 4616 solummodo

451 4645 728 4715 proprium
757 4656 840 4699 est
871 4646 1184 4714 ingenitum.
1220 4647 1275 4700 Si
1309 4663 1435 4701 vero
1460 4649 1602 4701 nulla
1647 4661 1732 4704 est
1785 4651 2026 4706 delinitio

449 4736 532 4788 cui
569 4735 888 4803 subjiciatur
918 4739 1218 4793 substantia
1255 4739 1372 4804 Dei,
1430 4755 1496 4794 ne
1554 4756 1747 4794 nomen
1809 4743 2024 4810 quidem

449 4828 727 4896 proprium
757 4841 840 4884 cst
862 4833 927 4884 de
958 4829 1066 4885 Deo
1094 4831 1413 4900 ingenitum,
1452 4842 1513 4886 ut
1557 4834 1686 4888 nilnil
1737 4833 1881 4887 aliud
1921 4850 2026 4888 vox

452 4919 564 4983 ipsa
621 4928 966 4986 repraesentet
1025 4931 1383 4990 praeterquam
1445 4922 1614 4977 solam
1659 4922 1786 4991 ‘Dei
1841 4939 2026 4979 essen—

453 5014 578 5056 llalll
589 5044 599 5057 .

822 5140 1391 5231 ASSEBTIO
1481 5145 1644 5231 IV.

449 5281 707 5335 Adversus
724 5299 809 5335 eos
841 5284 928 5351 qui
948 5284 1118 5337 dicere
1148 5301 1249 5338 non
1281 5296 1555 5340 verentur:
1584 5287 1720 5341 Erat
1737 5288 2022 5352 aliquando

514 5355 726 5420 quando
774 5369 874 5404 non
927 5364 1041 5405 erat
1093 5352 1284 5407 Filius.
1313 5355 1621 5423 Aﬁ‘eruutur
1644 5357 1932 5425 syllogismi
1974 5367 2023 5408 et

516 5433 938 5488 argumentorum
992 5426 1478 5488 demonstrationes,
1533 5442 1652 5478 cum
1701 5426 2018 5478 testimoniis

518 5487 846 5564 Scriptum;
887 5507 949 5542 ex
973 5493 1159 5560 quibus
1201 5494 1437 5548 omnibus
1463 5487 1685 5564 efﬁcitur
1706 5498 1844 5562 quod
1887 5491 2013 5548 Ver-

518 5561 638 5611 bum
663 5558 756 5611 Dei
783 5561 851 5611 sit
884 5558 1153 5613 Meritum.

514 5649 762 5720 tmperitc
803 5650 987 5704 dicunt
1024 5652 1205 5707 hostes
1257 5652 1348 5709 Dei
1390 5656 1472 5725 de
1523 5654 1679 5719 Filio,
1720 5657 1860 5726 quod
1894 5666 2010 5711 erat

2133 473 2240 542 ἄρα
2271 474 2422 527 ἔσται
2446 475 2603 527 οὐσία
2626 477 2686 528 τὸ
2710 476 2995 544 ἀγένητον.

2821 588 3037 642 ΑΛΛΟ.·

2203 696 2477 752 Είούσίαν
2531 699 2780 768 λέγοντες
2822 703 2915 754 ἐπὶ
2940 701 3098 768 Θεοῦ,
3153 707 3218 775 τῇ
3245 706 3356 758 τῶν
3403 709 3711 780 φιλοσόφων

2129 786 2351 840 ἕπονται
2391 789 2547 862 δόξῃ,
2583 791 2710 843 ῐδιον
2748 791 2900 845 ἔσται
2945 794 3099 857 Θεοῦ,
3138 797 3397 850 τάναντία
3437 799 3705 869 δέχεσθαι.

2129 879 2199 930 Εἰ
2243 878 2297 930 δὲ
2328 876 2465 933 εἶναι
2513 881 2603 933 τὸν
2652 883 2783 937 Θεὸν
2824 887 3065 954 σημᾶναι
3115 885 3447 957 βουλόμενοι,
3487 892 3564 961 τῷ
3614 896 3710 962 τῆς

2125 969 2338 1033 οὐσίας,
2374 971 2516 1024 καθὰ
2557 974 2656 1025 καὶ
2688 976 2868 1044 ἡμεῖς,
2913 978 3150 1047 χρῶνται
3204 979 3462 1049 ὀνόματι·
3495 982 3610 1035 ἔστι
3655 983 3709 1036 δὲ

2128 1067 2326 1117 ταυτὸν
2359 1069 2424 1135 τῇ
2461 1067 2615 1138 οὐσίᾳ
2645 1069 2707 1121 τὸ
2752 1071 3015 1140 ἀγένητον
3036 1087 3048 1101 ·
3076 1072 3247 1141 ὄνομα
3291 1073 3447 1126 ἔσται
3474 1075 3534 1127 τὸ
3579 1076 3707 1142 ἀγέ-

2129 1171 2290 1222 νητον
2317 1155 2410 1207 τοῦ
2452 1153 2589 1210 εἶναι
2631 1158 2723 1211 τὸν
2753 1160 2886 1212 Θεὸν
2921 1162 3274 1230 σημαντικὸν,
3307 1161 3423 1214 ἀλλ’
3445 1165 3544 1216 οὐκ
3581 1165 3712 1218 αὐτὸ

2129 1261 2307 1299 ουσια.

2820 1367 3022 1422 ΑΛΛΟ.

2200 1481 2263 1534 Εἰ
2287 1483 2392 1533 πᾶν
2428 1480 2492 1531 τὸ
2528 1480 2631 1531 ὑπὸ
2656 1479 2808 1546 γένος
2849 1479 2947 1531 καὶ
2988 1475 3128 1544 εἶδος
3161 1481 3330 1552 χωρὶς
3361 1482 3469 1534 τῶν
3507 1480 3709 1550 συμϐε-

2119 1571 2394 1639 ϐηκότων,
2443 1569 2602 1622 τοῦτο
2642 1569 2800 1622 οὐσία
2847 1570 3071 1640 κυρίως,
3105 1571 3194 1622 ὐπ’
3226 1571 3378 1622 οὐδὲν
3418 1571 3474 1624 δὲ
3505 1571 3705 1623 τούτων

2131 1662 2248 1714 ἐστὶ
2276 1662 2427 1724 Θεὸς,
2475 1662 2573 1714 οὐκ
2604 1663 2710 1731 ἄρα
2754 1661 2912 1713 οὐσία
2958 1661 3160 1730 κυρίως
3209 1661 3425 1727 λέγεται
3455 1661 3608 1723 Θεός.
3642 1662 3702 1713 Ei

2126 1752 2181 1804 δὲ
2207 1752 2266 1803 τὸ
2290 1752 2553 1822 ἀγένητον
2582 1752 2784 1822 κυρίως
2819 1750 3038 1818 λέγεται
3070 1753 3154 1803 ἐπ’
3184 1752 3347 1804 αὐτοῦ
3379 1752 3459 1821 (οὐ
3491 1753 3599 1822 γὰρ
3622 1751 3707 1817 γέ-

2127 1845 2326 1914 γονεν),
2372 1844 2553 1898 οὐκέτι
2594 1844 2648 1896 δὲ
2688 1844 2780 1896 καὶ
2815 1845 2848 1914 ἡ
2889 1845 3068 1909 οὐσία,
3111 1844 3227 1907 πῶς
3269 1844 3462 1897 ταυτὸν
3506 1843 3572 1896 ἂν
3619 1841 3703 1910 εἴη

2127 1935 2204 2007 τῷ
2233 1936 2654 2007 καταχρηστικῷ
2681 1936 2743 1988 τὸ
2776 1935 2964 2005 κύριον
2988 1955 3000 2001 ;

2819 2133 3020 2187 ΑΛΛΟ.

2202 2242 2265 2294 Ei
2294 2243 2354 2294 τὺ
2386 2243 2721 2313 κυριώτατον
2764 2245 2858 2297 καὶ
2898 2245 3110 2314 πρῶτον
3135 2244 3292 2296 οὐσία
3319 2243 3585 2307 λέλεκται,
3621 2243 3708 2297 διὰ

2129 2335 2190 2386 τὸ
2235 2336 2366 2386 πᾶσι
2412 2339 2523 2396 τοῖς
2569 2334 2973 2404 συμϐεϐηκόσιν
3023 2336 3154 2387 αὐτὸ
3202 2334 3519 2388 ὑποκεῖσθαι
3546 2350 3560 2363 ·
3606 2335 3705 2386 οὐκ

2131 2426 2247 2477 ἔστι
2297 2425 2354 2477 δὲ
2415 2425 2782 2497 συμϐεϐηκὸς,
2827 2419 2870 2494 ᾧ
2929 2426 3321 2480 καθυπόκειται
3369 2426 3530 2488 Θεόςο
3587 2426 3706 2478 οὐδὲ

2132 2517 2288 2569 οὐσία
2316 2518 2421 2588 ἄρα
2445 2519 2648 2589 κυρίως
2667 2519 2881 2586 λέγεται
2906 2521 2996 2572 ἐπὶ
3028 2519 3186 2575 Θεοῦ.
3218 2521 3373 2572 Ἔστι
3403 2519 3511 2589 γὰρ
3537 2520 3708 2590 ὑπερ-

2132 2609 2332 2672 οὐσιος.
2382 2608 2444 2661 Εἰ
2480 2610 2534 2662 δὲ
2579 2611 2640 2662 τὸ
2689 2611 2950 2680 ἀγένητον
2989 2611 3191 2681 κυρίως
3231 2611 3445 2679 λέγεται
3492 2611 3577 2663 ἐπ’
3610 2611 3708 2662 αὐ-

2133 2699 2226 2752 τοῦ
2259 2701 2396 2769 (ἐστι
2425 2702 2533 2771 γὰρ
2570 2701 2642 2771 μὴ
2663 2702 2998 2771 γενόμενος),
3027 2703 3208 2755 οὐκέτι
3242 2702 3298 2754 δὲ
3339 2704 3431 2754 καὶ
3464 2703 3671 2773 ἡούσία
3694 2715 3710 2729 ·

2133 2792 2192 2844 οὐ
2219 2792 2414 2844 ταυτὸν
2444 2792 2601 2844 οὐσία
2629 2792 2720 2843 καὶ
2741 2793 3022 2861 ἀγένητον.

2822 2989 3021 3042 AAAO.

2205 3106 2266 3157 ΕΞ
2300 3105 2360 3157 τὸ
2384 3105 2666 3176 ἀγένητον,
2686 3106 2781 3158 καὶ
2809 3103 3182 3165 ἀϐασίλευτον,
3218 3120 3309 3155 και
3331 3101 3402 3154 τὰ
3429 3103 3610 3168 λοιπὰ,
3641 3105 3705 3158 ἐκ

2134 3196 2476 3266 παραλλήλου
2517 3196 2702 3259 οὐσίας
2745 3194 3116 3264 σημαίνουσιν,
3160 3193 3258 3244 οὐκ
3294 3194 3398 3245 eici.
3431 3191 3487 3244 δὲ
3531 3194 3705 3246 ταυτά

2132 3289 2239 3347 τοῖς
2295 3286 2616 3355 σημαίνουσι
2663 3286 2731 3338 τὰ
2787 3284 3198 3354 σημαινόμεναο
3248 3283 3346 3334 οὐκ
3397 3283 3549 3335 ἔσται
3598 3283 3706 3352 ἄρα

2130 3375 2322 3429 ταυτὸν
2353 3376 2509 3427 οὐσία
2548 3377 2643 3428 καὶ
2672 3376 2933 3445 ἀγένητον
2957 3390 2971 3404 ⁸
3014 3375 3088 3437 ὠς
3118 3374 3237 3428 οὐδὲ
3276 3374 3354 3444 τῷ
3392 3373 3706 3444 σημαίνοντι

2129 3471 2188 3522 τὸ
2219 3470 2636 3540 σημαινόμενον.

2818 3664 3019 3717 ΑΛΛΟ.

2201 3782 2262 3832 Ei
2305 3781 2366 3830 τὸ
2403 3779 2665 3847 ἀγένητον
2709 3775 2768 3828 οὐ
2797 3775 2884 3828 διὰ
2917 3775 2977 3827 τὸ
3012 3775 3085 3844 μὴ
3109 3773 3410 3842 γεγονέναι,
3440 3772 3576 3826 ἀλλὰ
3617 3773 3705 3827 διὰ

2128 3870 2187 3920 τὸ
2217 3866 2354 3919 εἶναι
2388 3869 2574 3921 οὐσίαν
2615 3867 2708 3920 τοῦ
2747 3865 2907 3930 Θεοῦ,
2955 3865 3221 3931 λέλεκται,
3253 3865 3348 3919 καί
3373 3865 3481 3917 τῶν
3510 3863 3704 3917 οὐσιῶν

2129 3957 2333 4024 ἑκάστη
2365 3957 2429 4009 ἂν
2455 3959 2541 4026 εἴη
2576 3959 2853 4027 ἀγένητον.
2885 3959 2946 4010 Ei
2982 3957 3038 4010 δὲ
3083 3958 3191 4010 eici.
3233 3958 3330 4028 μὲν
3362 3957 3541 4009 οὐσίαι
3579 3955 3705 4007 πολ-

2127 4042 2233 4104 λαὶ,
2266 4046 2446 4099 οὐκέτι
2473 4048 2527 4100 δὲ
2555 4049 2646 4101 καὶ
2677 4051 2962 4120 ἀγένητοι·
2991 4051 3090 4103 οὐκ
3111 4052 3297 4104 οὐσίαν
3323 4050 3429 4119 ἄρα
3451 4047 3703 4118 ἐμφαίνει

2123 4134 2186 4186 τὸ
2217 4137 2500 4208 ἀγένητον,
2538 4140 2672 4193 ἀλλὰ
2701 4141 2798 4210 τῆς
2832 4143 3017 4204 οὐσίας
3055 4142 3153 4212 τὴν
3180 4142 3471 4212 ὑπεροχήν.

2815 4349 3014 4401 ΛΛΛΟ.

2200 4461 2262 4513 Εί
2302 4461 2394 4512 ἐπὶ
2427 4460 2560 4513 Θεοῦ
2611 4461 2769 4531 μόνον
2801 4461 2860 4512 τὸ
2895 4461 3175 4528 ἀγένητον,
3207 4458 3280 4520 ὥς
3318 4472 3498 4524 φασιν,
3545 4457 3700 4510 οὐσία

2128 4550 2297 4616 ἐστὶν,
2332 4551 2416 4620 εἴη
2445 4551 2510 4603 ἂν
2538 4536 2707 4619 αὐτῆς
2731 4550 2825 4603 καὶ
2859 4550 3002 4619 ὄρος,
3041 4545 3108 4618 ἧς
3137 4548 3296 4617 μόνον
3329 4545 3455 4598 ίδιον
3484 4546 3546 4598 τὸ
3575 4547 3701 4615 ἀγέ-

2127 4661 2307 4712 νητον.
2332 4644 2395 4695 Ei
2423 4643 2478 4695 δὲ
2514 4644 2704 4712 μηδείς
2741 4644 2887 4694 ἐστιν
2924 4643 3047 4710 ὅρος
3169 4639 3528 4692 ὑποϐάλλεται
3547 4641 3702 4692 οὐσία

2135 4736 2292 4799 Θεοῦ,
2333 4736 2439 4787 οὐδ⁴
2467 4736 2636 4804 ὄνομα
2670 4734 2778 4802 ἄρα
2803 4733 2991 4801 κύριόν
3024 4735 3167 4784 ἐστιν
3199 4733 3289 4784 ἐπὶ
3320 4731 3453 4785 Θεοῦ
3485 4733 3545 4786 τὸ
3574 4733 3705 4801 ἀγέ-

2128 4843 2310 4896 νητον,
2341 4827 2414 4888 ὡς
2444 4825 2609 4894 μηδὲν
2641 4824 2768 4878 ἄλλο
2810 4823 2939 4876 αὐτὸ
2971 4823 3276 4896 ἐμφαίνειν,
3312 4823 3426 4878 ἀλλ’
3461 4825 3494 4895 ἢ
3545 4826 3704 4896 μόνον

2182 4893 2190 4896 γ
2449 4893 2452 4894 ,
2511 4893 2518 4894 ,
2983 4893 3012 4909 ,ν
3483 4893 3493 4895 ε
3548 4893 3645 4918 νώ,

2126 4917 2310 4969 οὐσίαν
2337 4915 2491 4968 Θεοῦ.

2620 5125 2984 5210 ΛΟΓΟΣ
3062 5120 3181 5217 Δ’.

2125 5283 2279 5356 Πρὸς
2311 5282 2452 5356 τούς
2499 5282 2847 5356 τολμῶντας
2875 5282 3096 5356 λέγειν,
3131 5275 3357 5356 ὄτι-Ἦν
3400 5293 3564 5356 ποςε,
3601 5279 3699 5356 ὅτε

2195 5353 2307 5407 οὐκ
2357 5348 2437 5420 ἦν
2486 5354 2518 5405 ό
2576 5348 2730 5417 Υὶός.
2793 5348 3062 5421 Ἑκλόγαὶ
3113 5348 3695 5421 συλλογισμῶνηκᾳί

2193 5416 2508 5497 νοημᾶζων
2551 5416 2934 5497 καζασκεξυαί,
2965 5416 3085 5497 ab]
3110 5416 3590 5497 μαρτυρίαις-.τρ
3632 5417 3699 5497 δέ

2193 5489 2611 5561 συκατόμενον
2638 5491 2706 5544 ἐκ
2729 5491 2986 5552 πάντων,
3023 5489 3120 5544 ὅτι
3137 5489 3324 5553 ἀΐδιος
3353 5491 3385 5541 ό
3421 5489 3527 5539 τοῦ
3551 5489 3697 5539 Θεοῦ

2195 5564 2404 5632 Λόγος.

2207 5655 2470 5726 ’Δνοήτως
2495 5653 2741 5724 λέγουσιν
2771 5658 2817 5709 oi
2850 5653 3104 5725 θεομάχοι
3151 5652 3278 5724 περὶ
3311 5651 3403 5706 τοῦ
3441 5650 3593 5718 Υίοῦ,
3613 5651 3698 5704 δτι
