4032 6212
278 211 346 269 37
1695 208 2068 265 TilﬁSAURU
2080 208 2136 263 S.
3471 217 3540 271 53

343 328 426 378 Ην
452 326 547 378 ὅτε
563 324 662 377 οὐκ
685 319 770 392 ἦν.
790 342 807 373 ι
830 324 888 375 Ei
918 323 1016 392 μὲν
1032 323 1140 392 γὰρ
1156 323 1417 376 ὲπ¹αὐτοῦ
1437 324 1673 394 φέροιτο,
1702 328 1855 395 φασὶ,

1973 323 2176 393 quando
2204 336 2306 377 non
2330 331 2466 377 erat.
2492 321 2624 377 Nam
2657 324 2701 379 si
2738 323 2839 380 hoc
2867 325 3114 393 verbum,
3146 327 3294 393 Erat,
3335 330 3540 385 refera-

277 415 371 468 τοῦ
401 414 607 481 Λόγου,
633 412 693 465 τὸ
711 406 843 477 Ἦν,
872 411 1057 464 οὐδένα
1076 412 1235 464 τόπον
1260 412 1369 477 ἕξει
1398 413 1457 464 τὸ
1474 413 1585 465 Οὐκ
1606 409 1693 483 ἦν.
1719 414 1780 465 El
1801 414 1861 467 δέ

1973 413 2140 467 turad
2171 411 2402 467 Verbum
2446 430 2458 465 :
2507 412 2709 467 nullum
2742 414 2918 469 locum
2960 417 3180 473 habebit
3216 419 3367 487 illud,
3426 420 3542 475 Non

276 525 363 570 τις
383 506 484 559 ἐπὶ
515 504 708 576 χρόνου
728 502 995 573 λαμϐάνοι
1023 503 1085 555 τὸ
1115 500 1243 568 Ἦν,
1276 505 1361 557 ἵνα
1380 505 1513 578 λέγῃ
1544 505 1747 575 σαφῶς,
1780 508 1860 559 ὅτι

1973 513 2107 558 eral.
2134 502 2189 556 Si
2216 503 2337 573 quis
2365 518 2494 557 vero
2515 503 2661 566 illud,
2693 505 2801 575 20
2820 507 2968 571 Erat,
2995 508 3058 562 de
3084 517 3322 579 tempore
3344 511 3542 565 intelli-

277 594 344 668 ἦν
372 597 573 668 χρόνος
600 597 689 649 ὅτε
717 595 817 648 οὐκ
840 590 908 664 ἦν
940 597 969 647 6
1002 594 1149 657 Υἱὸς,
1182 594 1394 665 ἀμαθὴς
1418 595 1492 648 ὣν
1518 598 1610 649 καὶ
1639 596 1863 664 ἀνόητος

1973 601 2081 661 gat,
2115 600 2173 644 ut
2206 601 2389 658 aperte
2425 592 2587 655 dicat,
2612 593 2775 648 fuisse
2810 607 3038 663 tempus,
3060 600 3272 665 quando
3303 615 3406 653 non
3426 611 3543 656 erat

280 689 700 760 ἐλεγχθήσεται,
735 688 921 759 χρόνον
948 683 1086 739 εἶναι
1130 687 1303 755 λέγων
1331 688 1437 759 πρὸ
1458 688 1557 757 τῆς
1580 688 1862 760 ὑπάρξεως

1973 681 2163 748 Filius,
2200 682 2315 748 ejus
2342 683 2610 751 imperitia
2642 699 2704 738 ac
2722 686 2948 740 stultitia
2976 699 3231 754 arguetur
3289 691 3383 759 qui
3407 701 3543 745 tem-

282 778 374 832 τοῦ
431 778 605 843 Υίοῦ,
661 777 730 829 δι’
777 768 840 828 οὗ
890 774 1218 846 πεποιῆσθαι
1274 775 1401 840 τοὺς
1448 777 1650 840 αἰῶνας
1716 776 1864 829 Παῦ-

1973 788 2071 843 pus
2158 775 2431 828 exstitisse
2508 776 2672 837 dicat,
2756 785 3041 845 antequam
3118 790 3264 835 esset
3350 781 3580 875 Filius”

285 869 373 933 λός
398 886 591 940 φησιν.
1971 877 2067 933 per
2123 877 2282 932 quem
2348 863 2542 918 sarcula
2621 865 2838 920 condita
2908 880 3029 921 esse
3102 866 3304 925 Paulus
3379 880 3545 925 testa-

1974 953 2119 1007 tur’.

2114 1060 2266 1126 Quod
2290 1070 2540 1115 wternum
2571 1064 2639 1116 sit
2676 1062 2895 1118 Verbum
2925 1065 3045 1133 Dei,
3087 1070 3398 1125 testimonia.

2007 1166 2016 1174 ’
2047 1191 2066 1225 ι
2115 1174 2172 1228 In
2206 1174 2469 1242 principio
2490 1184 2605 1228 erat
2631 1173 2888 1242 Verbum,
2924 1188 2977 1232 et
3011 1177 3245 1235 Verbum
3267 1194 3383 1237 erat
3408 1186 3545 1255 apud

1970 1266 2162 1331 Deum,
2191 1273 2244 1318 et
2318 1266 2457 1319 Deus
2501 1274 2620 1319 erat
2671 1266 2902 1321 Verbum
2964 1270 3029 1323 “.
3089 1290 3107 1323 ›
3141 1272 3195 1325 In
3227 1274 3545 1346 Apocalypsi

1970 1354 2195 1411 Joannis
2225 1354 2340 1408 haec
2362 1355 2492 1408 dicit
2514 1371 2528 1407 :
2550 1372 2575 1405 ι
2610 1354 2713 1422 Qui
2733 1366 2836 1421 est,
2870 1359 2961 1427 qui
3007 1371 3146 1425 erat,
3168 1370 3221 1416 et
3241 1364 3329 1431 qui
3358 1375 3548 1419 ventu-

302 1457 385 1509 δτι
409 1459 439 1510 6
473 1458 777 1526 ἐρχόμενος,
806 1455 1020 1523 ὁΛόγος
1052 1456 1187 1521 ἐστὶ,
1218 1455 1338 1508 καθ’
1367 1450 1427 1510 οὖ
1458 1456 1518 1508 τὸ
1555 1457 1614 1509 '0
1638 1455 1744 1519 ὢν,
1768 1457 1863 1510 καὶ

1973 1463 2066 1502 rus
2094 1456 2179 1502 est
2209 1448 2272 1499 “.
2304 1465 2322 1498 ι
2363 1444 2494 1499 Nam
2551 1448 2641 1513 qui
2689 1458 2948 1504 venturus
2998 1460 3113 1515 est,
3146 1452 3375 1507 Verbum
3419 1464 3543 1523 est,

314 1546 371 1599 ⁸0
386 1542 455 1617 ἦν
474 1548 747 1599 τέτακται.
768 1563 787 1596 ι
810 1546 940 1599 Ἰδοὺ
968 1544 1101 1615 γὰρ,
1131 1545 1314 1613 φησὶν,
1342 1543 1453 1612 ἐγὼ
1485 1544 1737 1616 ἔρχομαι,
1770 1545 1864 1596 καὶ

1973 1538 2039 1593 de
2081 1553 2188 1609 quo
2232 1538 2435 1592 dictum
2490 1538 2629 1603 fuit,
2666 1538 2770 1605 Qui
2815 1550 2915 1607 est,
2955 1552 3009 1596 et
3052 1544 3143 1612 qui
3186 1555 3318 1599 erat.
3353 1565 3372 1598 ι
3404 1546 3544 1604 Ecce

294 1639 701 1709 κατασκηνώσει)
740 1640 800 1692 ὲν
830 1638 976 1708 μὶέσῳ
1014 1654 1129 1702 σου,
1167 1638 1312 1707 λέγει
1349 1638 1570 1709 Κύριος.
1618 1658 1638 1691 ο
1671 1638 1863 1708 Σαφῶς

1973 1631 2137 1693 enim,
2166 1630 2361 1697 inquit,
2394 1644 2493 1699 ego
2524 1631 2737 1685 veniam
2761 1643 2814 1686 et
2839 1633 3099 1689 habitabo
3133 1634 3185 1688 in
3223 1635 3398 1691 medio
3442 1638 3541 1703 tui,

294 1731 345 1785 δὲ
374 1732 471 1786 καὶ
494 1730 791 1799 ὁἹωάννης
815 1731 907 1781 ἐπὶ
934 1729 1028 1783 τοῦ
1056 1730 1230 1797 Λόγου
1250 1730 1431 1801 τίθησι
1451 1730 1511 1783 τὸ
1525 1726 1663 1783 Ἦντ
1698 1750 1716 1781 ι
1753 1726 1862 1782 Ἦν

1973 1720 2465 1777 dicitDominus“.
2504 1740 2526 1773 ι
2557 1721 2841 1778 Manileste
2895 1736 3074 1780 autem
3127 1727 3288 1781 etiam
3312 1727 3546 1784 Joannes

296 1821 415 1892 γὰρ,
450 1822 640 1891 φησιν,
672 1823 701 1874 6
732 1821 904 1888 Λόγος
930 1821 1068 1891 πρὸς
1111 1821 1202 1873 τὸν
1240 1822 1389 1876 Θεὸν.
1436 1841 1455 1874 ι
1494 1823 1781 1893 Προσεῖναι
1809 1822 1865 1876 δὲ

1973 1809 2033 1863 de
2055 1807 2234 1863 Verbo
2276 1808 2427 1874 dicit,
2467 1807 2627 1877 Erat,
2678 1810 2752 1865 ita
2808 1812 3104 1881 inquiens:
3163 1833 3183 1867 ε
3220 1816 3348 1870 Erat
3400 1819 3546 1871 enim

303 1913 512 1976 πάντως
556 1912 638 1965 δεῖ
684 1910 749 1964 τὸ
774 1911 940 1965 ἀΐδιον
981 1911 1059 1982 τῷ
1085 1911 1206 1966 καθ’
1240 1906 1300 1966 οὗ
1328 1912 1390 1965 τὸ
1416 1913 1510 1966 Ὧν
1542 1915 1633 1967 καὶ
1668 1914 1730 1965 τὸ
1758 1910 1866 1967 Ἦν

1973 1899 2205 1955 Verbum
2231 1901 2372 1967 apud
2405 1901 2593 1955 Deum.
2638 1920 2657 1953 ι
2693 1901 3078 1960 Necessarium
3108 1921 3238 1962 vero
3259 1906 3420 1978 plane
3466 1917 3549 1962 est

1965 1990 2324 2045 aeternitatem
2352 1991 2527 2047 inesse
2551 1993 2625 2058 ei,
2662 1994 2731 2049 de
2768 2010 2873 2064 quo
2922 1997 3127 2052 dictum
3169 2008 3274 2066 est,
3314 1998 3420 2065 Qui
3447 2010 3544 2066 est,

1963 2087 2023 2135 et
2062 2080 2214 2135 Erat.

411 1076 550 1129 Ὅτι
578 1073 832 1137 ἁΐδιοσό
859 1071 964 1124 τοῦ
998 1072 1145 1125 Θεοῦ
1168 1074 1377 1140 Λόγος,
1406 1074 1741 1141 μαρτυρίαι.

362 1205 382 1238 ι
429 1185 527 1238 Ἐν
559 1186 700 1256 ἀρχῇ
728 1178 798 1253 ἦν
827 1182 1067 1250 ὀηΛόγος,
1108 1183 1204 1236 καὶ
1236 1183 1265 1234 6
1292 1182 1461 1251 Λόγος
1487 1179 1554 1253 ἦν
1598 1183 1733 1252 πρὸς
1769 1183 1861 1235 τὸν

292 1277 443 1339 Θεὸν,
487 1277 585 1329 ’καὶ
610 1274 741 1337 Θεὸς
767 1270 837 1345 ἦν
881 1275 909 1326 6
952 1273 1141 1341 Λόγος.
1190 1290 1209 1323 ι
1266 1273 1352 1327 Ἐν
1392 1276 1458 1343 τῇ
1498 1274 1862 1342 ’Λποκαλύψει

297 1370 365 1437 τῇ
394 1367 643 1420 Ἰωάννου
660 1365 787 1417 τάδε
820 1364 987 1432 λέγει,
1017 1382 1035 1414 ι
1078 1363 1137 1416 '0
1162 1362 1256 1428 ὣν,
1279 1364 1307 1415 6
1330 1359 1418 1434 ἦν,
1447 1365 1475 1415 6
1499 1365 1809 1435 ἐρχόμενος.
1837 1384 1855 1416 ι

313 2002 569 2056 sitmst.

908 2119 1252 2185 Μαρτυρίαι.

2531 2192 2665 2247 Item
2696 2197 3018 2255 testimonia.

2038 2300 2238 2359 Paulus
2276 2305 2341 2359 de
2367 2303 2567 2360 Iudaeis
2600 2322 2614 2358 :
2644 2325 2663 2357 ι
2699 2305 2937 2373 Quorum
2971 2318 3152 2378 patres
3173 2323 3224 2367 et
3244 2329 3310 2369 ex
3349 2318 3549 2387 quibus

1970 2392 2219 2449 Christus
2270 2396 2567 2449 secundum
2605 2411 2846 2461 carnem,
2890 2400 2979 2468 qui
3022 2413 3102 2455 est
3152 2418 3313 2473 super
3367 2409 3550 2463 omnia

1972 2481 2116 2537 Deus
2132 2481 2445 2538 benedictus
2472 2485 2524 2539 in
2548 2486 2764 2540 saecula.
2780 2490 2948 2543 Amen
2970 2489 3031 2543 η.
3046 2510 3064 2542 ι
3087 2492 3225 2546 Idem
3245 2494 3311 2549 de
3330 2496 3508 2554 Verbo
3532 2537 3547 2554 .

293 2287 301 2303 ⁸
375 2320 431 2375 ’0
460 2318 673 2383 Παῦλος
714 2319 845 2389 περὶ
879 2314 1182 2371 Ἰουδαίων·
1220 2335 1238 2368 ι
1274 2312 1376 2371 Ὧν
1402 2318 1453 2371 οἱ
1483 2319 1739 2391 πατέρες,
1775 2321 1871 2373 καὶ

302 2413 355 2479 li,
378 2406 453 2465 ὧν
487 2414 516 2466 6
546 2411 783 2483 Χριστὸς
832 2409 893 2462 τὸ
930 2407 1072 2462 κατὰ
1114 2409 1311 2479 σάρκα,
1344 2409 1373 2462 6
1401 2408 1478 2462 ὣν
1516 2410 1609 2463 ἐπὶ
1654 2410 1872 2465 πάντων

300 2504 421 2567 Θεὸς
462 2502 753 2573 εὐλογητὸς
800 2503 878 2564 είς
904 2500 1031 2563 τοὺς
1064 2500 1283 2563 αἰῶνας.
1322 2501 1514 2570 Ἀμήν.
1558 2518 1577 2550 ι
1618 2500 1872 2563 Ὀιαὺτὸς

298 2598 421 2666 περι
456 2594 548 2648 τοῦ
588 2594 765 2662 Λόγου
788 2609 802 2620 ’
840 2612 858 2644 ι
897 2592 976 2645 Τὰ
1009 2589 1119 2662 γὰρ
1164 2592 1367 2663 ἀόρατα
1408 2591 1574 2644 αὐτοῦ
1607 2592 1716 2645 ἀπὸ
1758 2591 1873 2644 κτί-

301 2703 433 2750 σεως
479 2685 684 2756 κόσμου
739 2685 855 2745 τοῖς
906 2684 1174 2753 ποιήμασι
1224 2681 1487 2752 νοούμενα
1536 2680 1871 2751 καθορᾶται·

295 2779 329 2849 ἢ
358 2795 418 2832 τε
448 2779 619 2841 ἀΐδιος
648 2774 814 2830 αὑτοῦ
856 2774 1105 2844 δύναμις,
1142 2775 1235 2827 καὶ
1264 2774 1497 2843 θειότης.
1531 2792 1549 2823 ι
1580 2771 1642 2825 Ei
1682 2771 1742 2824 δὲ
1781 2771 1875 2824 ἐπὶ

294 2873 386 2925 τοῦ
411 2871 626 2939 [ἰατρὸς
672 2867 920 2938 ἐνεχθείη
968 2866 1029 2917 τὸ
1062 2866 1242 2934 ῥητὸν,
1270 2864 1471 2935 ἑτέρως
1515 2866 1594 2925 εἰς
1622 2863 1714 2915 τὸν
1747 2862 1874 2915 Υἱὸν
1973 2862 2131 2946 ξυῑξτ
2163 2862 2217 2946 ξι

294 2933 797 3035 περιτραττήσεταιϊ
828 2933 925 3019 Τίς
981 2933 1090 3028 γὰρ
1132 2960 1164 3027 ἡ
1217 2956 1309 3009 τοῦ
1363 2933 1496 3009 Θεοῦ
1544 2955 1797 3025 δύναμις,
1846 2958 1872 3008 6

1976 2934 2141 2987 tentia
2166 2933 2281 2998 Dei,
2318 2936 2515 2990 Paulus
2556 2939 2752 2991 clamat
2782 2956 2796 2993 :
2831 2958 2850 2991 ι
2890 2940 3141 2999 Chrisms
3174 2946 3267 3000 Dei
3315 2953 3552 3017 potentia

295 3021 509 3113 Παῦλος
726 3067 744 3099 ι
794 3049 852 3099 '0
890 3021 1316 3118 ΧριστὸςξΘεοῦ
1358 3044 1586 3114 δύναμις
1615 3021 1707 3097 καλ,
1737 3044 1872 3098 Θεοῦ

1976 3034 2030 3078 et
2053 3021 2148 3080 Dei
2181 3026 2532 3093 sapientia".
2554 3046 2573 3079 ι
2604 3027 2745 3082 Idem
2780 3040 2833 3083 et
2862 3030 3153 3087 Psalrnista
3187 3052 3203 3092 :
3245 3041 3281 3103 ξι
3335 3038 3552 3104 Manda,

1978 2591 1997 2624 ι
2026 2570 2323 2627 Invisibilia
2351 2577 2497 2629 enim
2522 2577 2638 2641 ejus
2663 2592 2690 2631 a
2739 2578 3013 2634 creatione
3044 2584 3225 2636 mundi
3286 2590 3552 2645 creaturis

1974 2662 2248 2718 intellecta
2284 2666 2714 2734 conspiciuntur,
2746 2679 2799 2723 et
2822 2680 3025 2725 aeterna
3049 2676 3285 2740 potentia
3313 2677 3431 2747 ejus
3483 2695 3549 2734 ac

1973 2754 2151 2810 deitas
2175 2755 2245 2808 “.
2271 2774 2290 2807 ι
2323 2756 2382 2811 Si
2418 2772 2546 2813 vero
2576 2758 2779 2813 dictum
2816 2761 2918 2817 hoc
2944 2764 2997 2817 in
3020 2762 3234 2821 Patrem
3262 2769 3550 2838 referatur,

1973 2844 2131 2900 aliter
2163 2847 2217 2901 in
2246 2845 2441 2901 Filium
2482 2860 2851 2907 convertetur.
2878 2853 3134 2919 Quaenam
3159 2859 3311 2912 enim
3355 2861 3428 2915 ait
3457 2877 3553 2931 po-

298 3142 487 3210 σοφία.
525 3142 582 3194 '0
608 3139 907 3210 Ψαλμῳδὸς
957 3138 1019 3190 τὸ
1065 3137 1226 3190 αὑτότ
1269 3154 1288 3187 t
1328 3136 1617 3202 Ἔντειλαι,
1645 3136 1673 3187 6
1721 3136 1872 3200 Θεὸς,

308 3234 382 3301 «ἐξ,
404 3233 625 3300 δυνάμει
652 3247 761 3283 σου.
795 3230 1141 3298 Δυνίιμωσον,
1173 3229 1199 3279 6
1226 3226 1377 3291 Θεὸς,
1408 3226 1564 3279 τοῦτο
1601 3226 1629 3279 ὃ
1661 3244 1876 3297 κατειρ-

328 3324 481 3388 γὰσω
507 3325 565 3373 ἒν
606 3326 753 3390 ἡμῖν.
794 3342 812 3372 ι
837 3323 927 3383 Τίς
950 3322 1006 3374 δὲ
1053 3322 1081 3373 6
1108 3319 1434 3389 δυναμώσας
1461 3319 1617 3371 τοῦτο
1644 3319 1704 3371 τὸ
1740 3335 1875 3371 κατ-

316 3413 587 3484 αρτισθὲν
618 3416 767 3484 ἡμῖν,
799 3416 842 3465 εὶ
875 3416 942 3483 μὴ
962 3418 988 3468 6
1030 3417 1093 3466 ὲκ
1143 3412 1240 3482 τῆς
1264 3411 1469 3482 φθορᾶς
1501 3412 1645 3481 ἡμᾶς
1672 3410 1877 3480 λυτρω-

311 3506 562 3576 σάμενος
599 3506 697 3559 τοῦ
726 3505 854 3559 Θεοῦ
890 3508 1061 3575 Λόγος,
1091 3506 1185 3558 καὶ
1217 3506 1526 3573 ἀναστήσας
1557 3505 1635 3565 είς
1675 3501 1879 3573 ἀφθαρ-

306 3601 470 3664 σίαν,

984 3692 1187 3745 ΛΛΛΟ.

296 3808 406 3871 Et;
439 3805 509 3858 τό
540 3805 687 3859 αὐτὸ
718 3806 1058 3874 κατασκευὴ
1101 3804 1342 3872 πιθανὴ,
1379 3803 1465 3874 ὅτι
1496 3803 1563 3855 τὸ
1589 3802 1777 3871 ῥητὸν
1812 3803 1879 3856 τὸ

370 3876 579 3943 λέγον,
611 3894 628 3926 ι
680 3877 769 3955 ’Τὰ
818 3877 1038 3955 ἀόρατα
1089 3874 1273 3955 αὐτοῦ
1321 3873 1440 3928 ἀπὸ
1491 3874 1739 3955 κτίσεως
1782 3875 1880 3955 κός

376 3960 560 4013 σμου,
612 3946 733 4010 τοῖς
784 3945 1073 4014 ποιήμασι
1116 3947 1410 4013 νοούμενα
1449 3945 1764 4011 καθορᾶται
1795 3945 1877 4014 ’.ἦ

378 4031 447 4067 τε
500 4015 680 4081 ἀΐδιος
726 4012 935 4069 αὑτοῦὴ
965 4015 1235 4084 δύναμις,
1262 4012 1267 4013 ⁷
1295 4014 1680 4084 καὶῌθειότης,
1720 4031 1738 4062 υ
1771 4012 1881 4084 r69-

373 4084 861 4219 ἕὲιὲέςαημαίγει.
908 4087 973 4139 Ὀ
1017 4083 1083 4137 δὲ
1114 4080 1306 4153 ’.λόγος
1350 4080 1460 4149 τῆς
1497 4081 1879 4149 κατασκευῆς

365 4270 693 4340 Γέγραπται
714 4288 729 4303 ο
763 4290 780 4322 ι
811 4271 999 4334 Οὐδεὶς
1048 4269 1303 4339 γινώσκει
1331 4270 1422 4321 τὸν
1452 4267 1691 4338 Πατέρα,
1719 4266 1766 4318 εἰ
1806 4264 1879 4333 μὴ

1980 3113 2413 3184 Deus,potentia:
2439 3126 2561 3172 tute.
2592 3118 2860 3174 Conlirma
2899 3122 3024 3187 hoc,
3049 3123 3210 3191 Deus,
3257 3133 3400 3198 quod
3427 3146 3556 3197 ope.

1978 3217 2127 3261 ratus
2152 3222 2212 3261 es
2245 3208 2296 3261 iu
2325 3210 2479 3264 nobis
2503 3210 2565 3263 “.
2601 3230 2620 3263 ι
2650 3210 2783 3276 Quis
2834 3224 3016 3269 autem
3075 3227 3160 3272 est
3212 3220 3303 3287 qui
3355 3222 3527 3275 coniir

1978 3298 2145 3351 mavit
2197 3300 2559 3354 instauratum
2610 3316 2808 3371 corpus
2853 3315 3119 3372 nostrum,
3172 3309 3278 3363 nisi
3334 3312 3427 3380 qui
3487 3313 3555 3366 ab

1934 3429 1945 3447 ,
1978 3386 2198 3442 interitu
2244 3404 2343 3446 nos
2381 3391 2626 3457 redemit,
2653 3401 2707 3446 et
2740 3392 3128 3465 incorruptioni
3175 3400 3413 3456 restituit
3457 3398 3553 3456 Dei

1978 3477 2186 3534 Filius?

2646 3671 2881 3728 ALIUD.

1983 3772 2348 3860 Ejusdem‘rei‘
2379 3784 2853 3860 probqtr'o_r_er_i_l_ati
2884 3801 3249 3860 consentanea,
3270 3796 3411 3860 quod
3466 3798 3555 3849 di-

2057 3855 2197 3897 ctum
2219 3847 2392 3901 illud:
2456 3867 2473 3897 ι
2518 3850 2814 3912 Invisibilja
2872 3856 2986 3917 ejus
3015 3874 3047 3909 a
3077 3847 3321 3912 creatur'a
3376 3847 3557 3917 mundi

2051 3931 2141 3979 per
2164 3931 2223 3994 ea
2266 3933 2382 3982 qua:
2424 3917 2564 3984 farta
2627 3933 2744 3994 sunt
2789 3922 3070 3994 intellecta,
3126 3929 3556 3992 conspiciuntur:

2051 3991 2612 4064 sempiternnnqnoque
2668 3991 2789 4064 _ejus
2830 3993 2996 4046 virtus
3038 4006 3082 4046 et
3108 3991 3380 4064 divinitas,
3411 4017 3429 4050 ι
3465 3999 3554 4054 Fi-

2047 4052 2175 4107 lintn
2218 4052 2502 4124 signi/ibat.
2529 4052 2815 4113 Probatur
2854 4074 3027 4115 autem
3051 4065 3143 4117 ltoc
3174 4068 3325 4120 modo
3348 4084 3366 4121 :

2053 4267 2323 4337 Scriptum
2366 4279 2450 4325 est
2483 4290 2495 4325 :
2528 4292 2544 4323 ι
2604 4272 2792 4330 Nullus
2829 4280 3108 4347 cognoscit
3160 4280 3377 4338 Patrem
3456 4285 3559 4341 nisi

281 4368 315 4418 6
346 4364 490 4425 Υἱὸς
512 4403 528 4426 ,
558 4356 713 4430 καὶῷ
746 4363 811 4415 ἂν
843 4364 871 4415 6
893 4364 1020 4425 Υἱὸς
1050 4361 1434 4433 ἁποκαλύψῃ.ἰ
1464 4362 1525 4413 Ei
1555 4360 1610 4413 δὲ
1635 4360 1778 4429 μόνῳ
1804 4356 1872 4426 τᾷ

1985 4360 2173 4424 Filius,
2204 4372 2257 4417 et
2286 4364 2368 4417 cui
2401 4364 2569 4419 Filius
2603 4368 2921 4423 revelaverit
2952 4372 3013 4425 ".
3050 4392 3067 4423 ι
3119 4372 3174 4426 Si
3232 4385 3415 4429 autem
3463 4378 3563 4431 soli

286 4454 415 4524 Υἱῷ
458 4456 490 4507 6
530 4454 713 4524 Πατὴρ
745 4453 1089 4521 γινώσκεται,
1130 4454 1224 4505 καὶ
1260 4453 1325 4505 δι’
1356 4450 1520 4504 αὑτοῦ
1576 4450 1734 4521 μόνου
1771 4450 1872 4509 τοῖς

1987 4448 2123 4504 Filio
2150 4448 2310 4505 Pater
2340 4454 2709 4519 cognoscitur,
2735 4464 2901 4523 etper
2926 4456 3098 4510 solum
3125 4457 3272 4512 illum
3319 4460 3440 4515 aliis
3472 4475 3562 4514 re-

278 4547 483 4607 ἄλλοις
518 4546 984 4609 ἀποκαλύπτεται,
1018 4547 1077 4600 οὗ
1108 4545 1195 4597 διὰ
1222 4544 1449 4606 κτίσεως
1473 4543 1601 4612 ἄρα,
1637 4541 1753 4593 οὐδὲ
1773 4543 1872 4603 τοῖς

1992 4542 2216 4608 velatur,
2245 4554 2392 4598 certe
2411 4559 2515 4598 non
2548 4560 2645 4614 per
2698 4555 3021 4614 creaturam,
3070 4564 3244 4619 neque
3292 4555 3563 4606 creaturis

278 4638 576 4706 ποιήμασι
607 4635 891 4706 νοούμενος
925 4639 953 4688 6
981 4637 1167 4707 Πατὴρ
1195 4636 1517 4704 καθορᾶται.
1563 4633 1702 4685 Ἀλλ’
1727 4633 1761 4701 ἡ
1787 4632 1872 4701 μὲκ.

1987 4634 2294 4689 intellectus
2324 4635 2672 4704 conspicitur.
2697 4636 2957 4693 Car-terum
2993 4649 3236 4693 creatura
3262 4640 3365 4708 21
3393 4640 3562 4694 Deum

280 4724 480 4787 κτίσις
506 4723 603 4776 τὸν
637 4724 833 4793 ἑαυτῆς
875 4726 1202 4798 δημιουργὸν
1239 4726 1330 4778 τὸν
1375 4724 1508 4778 Θεὸν
1545 4724 1746 4791 Λόγον·
1773 4723 1801 4775 6
1829 4721 1872 4775 δὲ

1992 4724 2224 4781 Verbum
2262 4738 2562 4782 creatorem
2582 4743 2737 4782 suum
2770 4744 2891 4784 esse
2915 4728 3112 4785 clamat
3144 4747 3160 4784 :
3190 4728 3423 4785 Verbum
3469 4747 3564 4784 au-

298 4818 475 4883 Λόγος
518 4815 578 4867 ἐν
604 4816 781 4885 ἑαυτῷ
816 4816 1049 4871 δεικνύει
1089 4819 1178 4870 τὸν
1220 4816 1461 4887 Πατέρα.
1502 4816 1610 4869 Καὶ
1637 4812 1768 4883 γοῦν
1810 4811 1872 4882 τίς

1990 4824 2096 4870 tem
2149 4817 2202 4869 in
2252 4817 2429 4884 seipso
2481 4818 2719 4873 ostendit
2777 4817 3014 4873 Patrem.
3073 4817 3279 4873 Idcirco
3318 4818 3564 4889 Philippo

291 4906 565 4976 Φιλίππῳ
613 4905 840 4975 λέγοντι,
877 4927 895 4959 ι
939 4908 1123 4974 Δεῖξον
1153 4911 1284 4980 ἡμῖν
1316 4910 1408 4963 τὸν
1451 4909 1692 4978 Πατέρα,
1729 4925 1748 4957 ι
1791 4906 1872 4959 οὐ)

1987 4906 2211 4970 dicenti,
2250 4927 2268 4958 ι
2306 4906 2543 4963 Ostende
2581 4909 2736 4964 nobis
2756 4909 2973 4965 Patrem
3000 4910 3062 4977 ",
3101 4929 3120 4962 ι
3150 4924 3256 4965 non
3302 4926 3369 4965 ex
3412 4927 3566 4965 crea-

282 4997 357 5049 ἐκ
408 4997 541 5066 τῆς
565 4994 675 5047 τῶν
725 4997 1045 5067 ποιημάτων
1092 4997 1356 5067 καλλονῆς
1405 4996 1680 5065 ἀναλόγως
1728 4992 1872 5049 αὑτὸπ

1987 5008 2227 5052 turarum
2260 4998 2656 5069 pulchritudine
2675 5002 3077 5070 comparatione
3112 5001 3251 5056 facta
3285 5017 3407 5056 eum
3432 5017 3564 5057 con-

279 5088 536 5156 θεωρεῖν
563 5086 859 5154 ἐπιτάττει,
890 5088 1003 5141 ἀλλ’
1024 5090 1213 5142 ἑαυτὸν
1242 5088 1730 5154 δεικνύει,»λέγων’
1770 5105 1787 5138 ι
1826 5086 1872 5139 'C

1995 5090 2238 5159 templari
2268 5090 2446 5160 jubet,
2477 5091 2572 5146 sed
2605 5092 2836 5160 seipsum
2870 5093 3123 5159 ostendit,
3153 5094 3377 5149 dicens:
3414 5113 3431 5146 ι
3463 5093 3564 5160 Qui

279 5174 567 5245 ἑωρακὼς
600 5177 721 5246 ἐμὲ,
759 5178 970 5249 ἑώρακε
1004 5181 1097 5233 καὶ
1123 5180 1214 5234 τὸν
1248 5179 1484 5248 Πατέρα.
1513 5198 1533 5230 ι

1995 5180 2130 5235 vidit
2157 5196 2263 5245 me,
2302 5182 2434 5236 vidit
2460 5192 2517 5237 et
2545 5181 2758 5237 Patrem
2793 5183 2858 5237 ¹’.
2896 5203 2916 5236 ι

507 5290 743 5357 Ἕτεραι
766 5294 1108 5363 μαρτυρίαι,
1134 5294 1223 5347 ὅτι
1250 5291 1440 5357 ἀΐδιος
1472 5294 1504 5345 ό
1540 5292 1688 5356 Υιός.

376 5398 448 5456 ⁸0
467 5401 775 5473 Ψαλμῳδὸς
803 5405 967 5460 αὑτὸν
996 5406 1170 5472 καλεῖ,
1204 5425 1224 5459 ι
1265 5405 1325 5458 '0
1352 5404 1615 5475 ὑπάρχων
1647 5401 1751 5472 πρὸ
1777 5402 1886 5455 τῶν

2150 5292 2274 5346 Alia
2317 5292 2635 5357 testimonia,
2671 5293 2809 5363 quod
2833 5304 3058 5350 internus
3089 5298 3156 5352 sit
3188 5294 3386 5353 Filius.

2071 5404 2356 5461 Psalmista
2406 5405 2486 5460 sic
2524 5419 2648 5459 eum
2705 5416 2909 5462 vocat:
2965 5426 2983 5459 ι
3017 5406 3120 5475 Qui
3181 5408 3395 5463 exsistit
3442 5417 3571 5463 arte

361 5516 600 5591 [θεὸν.
644 5517 788 5591 1,-2.
866 5521 911 5551 ¹⁹
937 5517 1098 5591 έοειιι.
1137 5536 1185 5583 ι,
1227 5521 1279 5574 1.
1359 5522 1398 5552 ¹¹
1430 5521 1614 5591 Apoc.
1658 5535 1743 5591 ιν,
1791 5518 1845 5575 8.

2007 5519 2176 5591 Exod.
2224 5532 2363 5582 xxv,
2413 5518 2509 5591 8.7
2549 5520 2592 5551 ³³
2624 5519 2784 5591 Rom.
2820 5535 2871 5573 rx
2900 5563 2915 5585 ,
2971 5522 3024 5578 5.
3103 5522 3145 5553 “
3176 5520 3331 5578 Rom.
3386 5537 3437 5591 I,
3469 5521 3564 5577 Sit.
3665 5519 3677 5533 ‘

272 5587 328 5622 ⁸⁸
365 5586 417 5643 ll
452 5585 587 5641 Cor.
624 5603 661 5654 ι,
693 5587 785 5641 24.
862 5590 907 5627 ¹⁸
937 5588 1082 5644 Psal.
1116 5606 1282 5658 van,
1320 5591 1407 5645 3i.
1482 5585 1526 5623 λ’
1570 5589 1759 5646 Matth.
1794 5606 1870 5655 xl,

1982 5631 1995 5645 .
2075 5591 2119 5622 ⁸⁸
2145 5588 2303 5643 Joan.
2341 5604 2452 5653 xw,
2489 5590 2541 5644 8.
2625 5591 2667 5621 ¹⁹
2711 5590 2841 5645 ibid.
2875 5591 2929 5649 9.
