4032 6212
453 255 533 325 ‘59
1426 268 1494 327 's.
1538 252 1811 329 CYRILLI
1851 269 2324 333 ALEXANDRINI
2367 267 2685 325 ARCHIEP.
3654 264 3724 321 to

461 391 657 450 saecula
686 393 753 456 ὀ,
790 410 808 443 ι
852 405 956 445 non
990 391 1079 461 qui
1115 391 1285 444 factus
1316 399 1416 446 est.
1460 392 1532 446 Et
1581 392 1749 447 Isaias
1782 413 1794 448 :
1823 414 1842 445 ‹
1898 396 2041 448 Deus

2172 392 2371 455 :itbvwv,
2396 393 2493 463 οὐχ
2521 394 2549 443 6
2571 391 2861 459 γενόμενος
2880 404 2891 416 ’
2920 389 2947 439 6
2989 386 3234 448 Ἡσαΐας,
3268 403 3285 435 t
3318 384 3448 448 Θεὸς
3473 384 3685 448 αἰώνιος
3704 426 3720 448 ,

463 495 719 551 aeternus,
751 483 892 538 Deus
920 484 1010 553 qui
1050 483 1294 538 fundavit
1323 486 1695 553 extremitates
1723 497 1883 540 terra:
1907 490 1974 542 υ.
2018 506 2036 537 ι

465 579 521 634 Si
552 587 731 632 autem
767 578 1000 632 Verbum
1051 576 1420 630 extremitates
1460 586 1618 631 terrae
1661 576 1925 643 fundavit,
1960 579 2041 631 di-

464 673 605 727 citur
631 681 808 726 autem
835 673 899 726 de
944 687 1007 727 eo
1049 674 1192 742 quod
1245 682 1481 725 aeternus
1549 678 1634 726 est
1665 689 1679 726 :
1716 681 1832 726 erat
1897 682 2045 727 certe

465 778 699 833 semper,
729 772 783 819 et
840 765 1037 817 factum
1066 779 1170 816 non
1212 772 1314 817 est.

1140 890 1376 957 ALIUD.

542 1030 729 1086 Paulus
752 1032 912 1087 etiam
943 1030 1196 1086 deVerbo
1246 1034 1319 1085 ita
1348 1030 1541 1086 scribit
1577 1049 1591 1085 :
1628 1049 1646 1082 ι
1684 1031 1784 1097 Qui
1817 1045 1939 1085 cum
1975 1031 2047 1084 sit

467 1125 720 1192 Splendor
756 1124 940 1193 gloria:
969 1131 1024 1179 et
1050 1126 1337 1178 character
1391 1123 1705 1178 substantia:
1762 1122 1880 1190 ejus
1900 1123 1967 1176 “.
2016 1138 2041 1174 'r

468 1216 634 1269 David
666 1230 879 1284 quoque
917 1215 987 1269 ita
1040 1215 1226 1284 psallit
1256 1231 1268 1266 :
1312 1234 1330 1265 ι
1366 1215 1430 1268 Ει
1457 1215 1528 1269 sit
1552 1214 1809 1284 splendor
1833 1214 2045 1270 Domini

469 1304 562 1357 Dei
596 1306 761 1358 nostri
794 1320 954 1373 super
979 1318 1076 1357 nos
1108 1303 1173 1356 ³³.
1212 1321 1230 1354 ι
1273 1303 1337 1358 Ει
1372 1318 1563 1356 rursus
1592 1317 1604 1351 :
1664 1320 1683 1352 ι
1752 1302 1812 1355 In
1848 1298 2049 1353 lumine

468 1402 560 1447 tuo
588 1395 887 1448 videbimus
916 1394 1095 1447 lumen
1121 1391 1188 1447 ⁸⁸.
1227 1410 1246 1445 ι
1290 1392 1513 1459 Quando
1554 1392 1719 1462 igitur
1751 1390 2050 1447 eratPater

469 1484 675 1553 absque
696 1500 793 1539 suo
820 1484 1152 1551 splendore?
1196 1492 1288 1537 aut
1314 1483 1529 1552 quando
1575 1497 1681 1538 non
1738 1480 1946 1537 exstitit
1996 1480 2050 1535 in

2148 484 2279 545 Θεὸς
2312 484 2339 533 6
2390 478 2805 540 κατασκευάσας
2836 475 2902 529 τὰ
2947 477 3089 546 ἄκρα
3140 472 3237 542 τῆς
3284 472 3406 541 γῆς.
3445 491 3462 522 ι
3490 472 3553 524 Εἰ
3604 470 3660 523 δὲ
3695 473 3723 522 6

2143 575 2313 641 Λόγος
2342 575 2489 626 ἐστὶν
2507 574 2535 625 6
2557 567 2972 629 κατασκευάσας
3004 566 3071 619 τὰ
3100 563 3243 635 ἄκρα
3268 563 3366 633 τῆς
3386 562 3509 632 γῆς,
3546 564 3721 614 κεῖται

2142 666 2197 717 δὲ
2248 665 2334 716 ἐπ’
2364 661 2530 717 αὐτοῦ
2575 661 2654 726 τὸ,
2689 658 2922 723 αἰώνιος,
2952 650 3019 728 ἦν
3058 655 3144 709 ἀεὶ
3190 653 3449 725 δηλονότι,
3494 652 3588 705 καὶ
3623 653 3723 704 οὐκ

2143 753 2381 821 ἐγένετο.

2833 881 3035 933 ΑΛΛΟ.

2216 1024 2420 1095 Γράφει
2445 1021 2657 1085 Παῦλος
2700 1022 2830 1092 περὶ
2860 1020 2952 1073 τοῦ
2977 1020 3184 1087 Λόγου·
3222 1037 3241 1069 ‹
3294 1019 3389 1080 Ὃς
3428 1016 3504 1069 ὢν
3542 1014 3721 1068 ἀπαύ-

2148 1135 2338 1189 γασμα
2368 1118 2466 1188 τῆς
2488 1116 2666 1186 δόξης,
2687 1116 2783 1169 καὶ
2810 1113 3098 1185 χαρακτὴρ
3119 1111 3231 1183 τῆςν
3247 1109 3599 1172 ὑποστάσεως
3630 1107 3725 1159 αὺ-

2147 1211 2264 1264 τοῦ.
2295 1229 2314 1261 ι
2348 1209 2554 1264 Ψάλλει
2606 1210 2700 1262 καὶ
2737 1207 2926 1261 Δαϐίδ·
2967 1224 2986 1257 ι
3028 1206 3138 1260 Kal
3169 1205 3309 1257 ἔστω
3346 1205 3379 1272 ἡ
3403 1199 3723 1270 λαμπρότης

2147 1300 2352 1371 Κυρίου
2379 1298 2472 1352 τοῦ
2497 1298 2630 1351 Θεοῦ
2661 1297 2816 1368 ἡμῶν
2839 1296 2923 1365 ἐφ’
2949 1295 3124 1366 ἡμῶν.
3159 1312 3177 1344 ι
3210 1292 3321 1346 Kal.
3347 1291 3533 1344 πάλιψ
3568 1308 3589 1341 ι
3637 1289 3724 1340 Ἐν

2149 1391 2227 1461 τῷ
2255 1391 2393 1461 φωτί
2429 1408 2520 1444 σου
2567 1388 2813 1459 ὀψόμεθα
2866 1387 3001 1456 φῶς.
3042 1405 3058 1437 ι
3094 1385 3232 1437 Πότε
3261 1377 3353 1435 οὖν
3377 1378 3444 1451 ἦν
3470 1382 3499 1433 6
3538 1377 3725 1446 Πατὴρ

2151 1486 2318 1555 χωρὶς
2345 1483 2439 1536 τοῦ
2493 1483 2625 1537 ἰδίου
2659 1480 3123 1550 ἀπαυγάσματος;
3177 1476 3307 1528 πότε
3338 1473 3395 1526 δὲ
3436 1472 3535 1524 οὐκ
3563 1466 3630 1540 ἦν
3669 1470 3726 1520 ὲν

471 1578 581 1633 Deo
611 1577 865 1648 splendor
893 1576 1057 1645 ejus?
1081 1576 1150 1630 Et
1180 1592 1402 1631 rursum
1440 1593 1453 1631 :
1497 1576 1553 1629 Si
1600 1575 1780 1630 lumen
1842 1581 1925 1629 est
1981 1586 2053 1626 ex

2172 1573 2271 1643 ὗεῷ
2307 1576 2340 1644 ἡ
2362 1574 2682 1646 λαμπρότης
2716 1570 2913 1637 αὐτοῦ;
2948 1569 3060 1622 Kal.
3104 1565 3295 1619 πάλινο
3333 1564 3396 1616 Ei
3430 1560 3545 1631 φῶς
3581 1560 3726 1611 ἐστιν

472 1669 677 1723 lnmine
714 1667 895 1724 Patris
916 1667 1108 1734 Filius,
1137 1670 1357 1740 quando
1380 1684 1484 1723 non
1512 1676 1632 1723 erat
1680 1668 1733 1722 in
1761 1666 1923 1722 Patre
1969 1665 2051 1719 lu-

2154 1673 2219 1725 ὲκ
2247 1669 2421 1739 φωτὸς
2456 1666 2550 1720 τοῦ
2592 1664 2801 1737 Πατρὸς
2832 1665 2860 1715 6
2896 1661 3045 1725 Υἱὸς,
3080 1658 3209 1712 πότε
3236 1656 3337 1709 οὐκ
3361 1650 3427 1721 ἦν
3450 1652 3508 1703 ὲν
3552 1648 3729 1717 Πατρὶ

470 1776 593 1817 men
625 1762 778 1831 ejus?
800 1761 1270 1828 Quemadmodum
1298 1762 1442 1817 enim
1474 1759 1797 1817 illuminatio
1839 1758 1909 1812 ab
1932 1758 2052 1826 igne

2172 1762 2214 1816 τὸ
2262 1761 2377 1831 φῶς
2426 1758 2626 1824 αὐτοῦ;
2664 1757 2752 1818 Ὠς
2799 1752 2908 1823 γὰρ
2960 1749 3260 1821 ἀχώριστον
3312 1748 3406 1799 τοῦ
3452 1744 3619 1814 πυρὸς
3666 1740 3730 1831 τὸ

473 1856 713 1924 separari
748 1871 853 1909 non
891 1864 1089 1925 potest,
1118 1856 1197 1909 sic
1230 1870 1403 1925 neque
1435 1870 1462 1908 a
1506 1853 1669 1909 Patre
1700 1853 1880 1908 lumen
1910 1849 2055 1920 quod

472 1960 539 1999 ex
570 1960 635 2000 eo
660 1946 916 2016 gignitur.

1166 2076 1398 2133 ALIUD.

548 2191 715 2246 David
778 2190 955 2245 canit:
992 2208 1011 2240 ι
1050 2187 1295 2256 Regnum
1355 2194 1502 2239 tuum
1546 2199 1769 2256 regnum
1811 2189 2052 2243 omnium

2160 1829 2438 1923 φωτίζειν,
2467 1850 2609 1904 οὓτω
2647 1847 2741 1903 καὶ
2778 1844 2870 1898 τοῦ
2905 1842 3118 1913 Πατρὸς
3148 1839 3210 1892 τδ
3250 1836 3310 1901 ἐξ
3340 1835 3502 1890 αὑτοῦ
3531 1829 3732 1900 γεννώ-

2160 1960 2323 2013 μενον
2349 1941 2483 2009 φῶς.

2838 2066 3041 2120 ΑΛΛΟ.

2229 2176 2439 2239 Ψάλλει
2478 2182 2676 2237 Δαδίδ·
2715 2200 2733 2231 ι
2782 2179 2849 2232 Ἠ
2896 2177 3144 2248 βασιλεία
3182 2192 3275 2230 σου
3317 2172 3562 2245 βασιλεία
3595 2172 3730 2227 πάν-

476 2285 797 2338 saeculorum
822 2281 988 2337 est".
1020 2298 1037 2330 ι
1071 2278 1127 2333 Si
1155 2287 1332 2332 autem
1365 2290 1526 2331 omne
1556 2287 1766 2346 tempus
1803 2278 2057 2334 omnibus

2172 2295 2268 2331 των
2294 2276 2403 2330 τῶν
2431 2275 2661 2328 αἰώνων.
2701 2292 2719 2325 ι
2750 2274 2812 2325 Et
2840 2270 2898 2323 δὲ
2928 2273 2956 2323 6
2995 2271 3104 2331 πᾶς
3132 2267 3320 2338 χρόνος
3351 2268 3407 2319 ὲν
3429 2268 3539 2328 τοῖς
3572 2264 3732 2317 αῑῶσι

476 2376 692 2431 saeculis
717 2372 1206 2435 circumscribitur,
1249 2367 1485 2425 Verbum
1516 2384 1646 2424 vero
1667 2370 1919 2424 omnibus
1954 2385 2056 2425 sa:-

2165 2372 2463 2441 μετρεϊται,
2507 2363 2777 2435 βασιλεύει
2817 2362 2874 2415 δὲ
2913 2364 2971 2415 ὲν
3012 2362 3195 2422 αὐτοῖς
3222 2361 3251 2413 ὁ
3303 2358 3493 2426 Λόγος,
3535 2356 3633 2409 οῦκ
3664 2352 3731 2427 ἦν

476 2468 614 2523 culis
642 2477 832 2535 regnat
863 2482 877 2519 :
907 2465 1111 2519 nullum
1139 2463 1328 2532 utique
1391 2470 1601 2528 tempus
1650 2471 1787 2521 erat.
1845 2462 2060 2529 quando

2172 2464 2266 2531 ὶρα
2296 2460 2484 2532 χρόνος
2516 2458 2603 2509 ὅτε
2627 2457 2727 2508 οὐκ
2747 2450 2816 2525 ἦν
2842 2455 2871 2507 6
2904 2452 3047 2515 Υἱός.

480 2574 585 2614 non
615 2570 738 2616 erat
757 2558 948 2613 Filius.

1158 2668 1388 2725 ALIUD.

482 2786 875 2843 Demonstratio
897 2801 987 2852 per
1021 2785 1319 2840 testimonia
1363 2782 1501 2854 quod
1560 2798 1727 2837 sacra:
1775 2781 2062 2850 Scriptum

555 2874 704 2910 voces
727 2861 841 2914 has,
871 2865 1007 2916 erat,
1034 2857 1320 2914 exsistcns,
1351 2870 1467 2915 ens,
1495 2869 1667 2914 eram,
1695 2868 1846 2911 sum.
1877 2862 1924 2907 et
1957 2860 2059 2914 est,

554 2927 618 2978 de
654 2924 820 2977 Verbo
857 2924 1027 2976 solum
1075 2925 1302 2975 dicunt:
1337 2924 1401 2974 de
1461 2924 1720 2976 creaturis
1773 2938 1889 2976 vero
1960 2938 2062 2973 non

558 2996 713 3055 item;
755 2994 847 3047 sed
871 2993 1043 3059 potius
1070 2993 1197 3045 olim
1221 2994 1325 3045 sive
1349 2993 1661 3062 aliquando,
1710 3002 1763 3047 et
1810 2992 2037 3062 pridem,

558 3074 611 3118 et
645 3075 793 3130 ante,
822 3073 869 3117 et
898 3063 1019 3127 fuit,
1040 3063 1251 3125 aliaque
1278 3063 1359 3115 his
1386 3061 1605 3116 similia.

564 3263 824 3318 Servator
852 3261 1214 3339 aeternitatem
1244 3260 1480 3331 pr0prire
1513 3260 1871 3331 bypostaseos
1896 3258 2067 3327 signi-

494 3355 664 3411 ﬁcans
694 3354 860 3409 dicit:
902 3372 919 3406 ι
960 3353 1071 3424 Ego
1097 3368 1214 3408 sum
1244 3354 1478 3417 veritas;
1514 3367 1614 3422 ego
1664 3365 1781 3405 sum
1807 3349 1934 3413 lux;
1973 3363 2071 3418 ego

496 3465 614 3505 sum
649 3456 834 3517 pastor
863 3447 932 3502 ".
961 3464 979 3497 ι
1020 3446 1087 3499 Ει
1114 3459 1301 3499 rursus
1324 3446 1390 3498 ad
1415 3444 1709 3513 discipulos
1733 3460 1745 3494 :
1773 3461 1792 3494 «
1823 3441 1932 3497 Vos
1982 3456 2072 3495 vo-

495 3541 632 3597 catis
662 3556 748 3595 me
771 3539 1055 3595 Dominum
1088 3547 1142 3592 et
1169 3537 1510 3606 magistrum,
1550 3545 1605 3590 et
1666 3544 1815 3589 recte
1869 3533 2071 3597 dicitis,

495 3650 613 3690 sum
653 3634 852 3689 etenim
882 3633 947 3685 ’⁷.
979 3650 997 3682 ι
1029 3631 1093 3684 Ει
1134 3629 1412 3699 psalmista
1438 3628 1506 3681 de
1523 3643 1587 3682 eo
1613 3627 1758 3682 canit
1794 3642 1807 3679 :
1840 3644 1859 3676 ι
1915 3624 2078 3680 Ante-

497 3742 659 3797 quam
695 3735 904 3779 montes
926 3722 1275 3777 ﬁrmarentur
1293 3730 1347 3775 et
1379 3720 1704 3775 formaretur
1738 3727 1880 3774 terra
1906 3725 1960 3773 et
1989 3731 2078 3772 or-

497 3818 602 3881 bis,
638 3827 694 3872 et
728 3832 756 3869 a
785 3814 983 3869 sarculo
1011 3827 1179 3881 usque
1228 3813 1294 3867 ad
1347 3810 1601 3865 saeculum
1629 3819 1680 3863 tu
1709 3823 1768 3863 es
1818 3808 1883 3861 ’⁸.
1923 3827 1943 3860 ›
2013 3809 2082 3861 At

498 3913 617 3981 ipse
636 3914 700 3964 de
723 3910 901 3977 seipso
930 3924 945 3961 :
986 3924 1003 3957 ι
1030 3905 1143 3975 Ego
1158 3919 1277 3959 sum
1309 3903 1415 3972 22
1444 3903 1564 3968 via;
1594 3911 1668 3966 et,
1724 3915 1822 3967 ego
1854 3915 1971 3955 sum
1999 3898 2083 3967 ja-

503 4017 609 4056 nua
644 4001 709 4052 ”.
750 4017 767 4048 ι
809 3998 969 4050 Pater
992 4009 1120 4049 vero
1147 3993 1214 4047 de
1245 3994 1360 4059 ipso
1394 4008 1408 4042 :
1447 4011 1465 4041 ι
1504 3991 1584 4044 Tu
1627 4004 1686 4043 es
1718 3988 1888 4042 Filius
1932 4001 2083 4040 meus

501 4092 728 4146 dilectus
756 4089 819 4140 ⁸ο.
857 4107 875 4139 ι
908 4087 1144 4139 Rursum
1172 4100 1189 4137 :
1223 4101 1241 4133 ι
1281 4079 1539 4135 Dominus
1583 4079 1723 4133 dixit
1757 4079 1823 4132 ad
1855 4091 1938 4131 me
1964 4093 1980 4131 :
2002 4076 2084 4129 Fi-

501 4181 607 4235 lius
644 4193 795 4232 meus
821 4192 879 4231 es
915 4186 969 4228 tu
992 4176 1058 4226 ³¹.
1101 4192 1121 4224 ι
1161 4173 1219 4225 In
1248 4171 1496 4226 omnibus
1537 4170 1644 4233 his,
1698 4179 1796 4232 est,
1855 4180 1909 4222 et
1945 4178 2080 4233 erat,

503 4271 724 4331 dicitur,
756 4280 1097 4337 nequaquam
1126 4279 1255 4317 vero
1289 4262 1411 4331 fuit.
1442 4261 1517 4315 De
1567 4261 1841 4315 creaturis
1876 4268 2084 4322 autem,

509 4381 527 4414 ι
560 4360 797 4430 Spiritus
826 4359 1043 4413 divinus
1074 4357 1167 4427 qui
1202 4356 1330 4410 fecit
1354 4370 1439 4409 me
1476 4354 1542 4407 ⁸¹.
1580 4373 1598 4404 ι
1630 4353 1807 4408 Moses
1835 4354 1901 4407 de
1941 4367 2088 4406 crea-

506 4454 653 4507 tione
676 4450 858 4505 mundi
890 4463 1055 4520 agens
1085 4464 1128 4501 :c
1165 4445 1225 4501 Et
1245 4461 1405 4501 omne
1431 4446 1602 4499 viride
1634 4446 1769 4515 agri,
1797 4454 2082 4513 antequam
2117 4477 2158 4530 ο

507 4544 710 4599 factum
737 4551 883 4597 esset
915 4542 969 4596 in
996 4551 1161 4604 terra,
1187 4550 1242 4593 et
1274 4548 1561 4607 antequam
1581 4551 1739 4590 omne
1763 4535 1941 4590 fenum
1968 4533 2082 4604 agri

504 4646 683 4694 ortum
706 4645 867 4691 esset.
904 4634 1090 4703 Neque
1118 4633 1261 4687 enim
1295 4631 1433 4701 pluit
1473 4630 1613 4684 Deus
1663 4642 1823 4698 super
1842 4630 2082 4697 ;terram,

508 4743 682 4800 neque
713 4729 876 4785 homo
904 4725 1108 4781 eratad
1139 4724 1423 4779 colendam
1458 4730 1658 4777 terram
1693 4720 1758 4773 ³³.
1794 4738 1813 4770 ι

609 5037 764 5103 Quod
788 5036 970 5099 dictio,
998 5033 1237 5103 quando,
1272 5047 1471 5099 semper
1502 5040 1704 5098 tempus
1738 5025 2014 5096 signi/iret.

587 5188 644 5243 In
682 5186 1118 5251 Dcuteronomio,
1174 5203 1189 5233 ι
1224 5181 1450 5249 Quando
1502 5178 1681 5235 divisit
1746 5177 1887 5231 Deus
1956 5189 2088 5244 gen-

517 5291 596 5336 tes
621 5280 685 5332 ".
728 5298 747 5331 ι

593 5501 639 5533 ’θ
675 5500 818 5555 Psal.
860 5515 1053 5564 uxm,
1096 5499 1180 5553 12.

522 5586 701 5636 cxuv,
733 5571 819 5625 15.

1260 5498 1302 5528 ἰ
1330 5496 1433 5552 lsa.
1468 5510 1569 5559 XL,
1591 5494 1680 5548 ΞΒ.
1758 5493 1802 5523 ²¹
1833 5490 2041 5559 Hebr.)
2063 5529 2078 5552 ,
2117 5487 2172 5540 5.

896 5570 942 5600 ³⁸
969 5556 1123 5622 Joan.
1162 5584 1272 5631 xw,
1308 5568 1370 5632 6;
1404 5582 1523 5629 vttt,
1555 5556 1653 5625 ﬁ;
1686 5578 1740 5624 ι,
1771 5562 1855 5615 Η.
1934 5562 1975 5592 ³⁷
2001 5556 2305 5632 {oan._xttt,

527 5620 849 5701 ῖῑῖιέτὸῖι,
885 5620 983 5692 Η(
1050 5620 1272 5691 δῖἰιζτζιῖ
1297 5620 1370 5700 ll;
1397 5638 1449 5691 Ἶ.
1511 5620 1572 5666 ’³¹
1610 5620 1760 5686 "elll-
1799 5645 1974 5694 3H".
2007 5629 2059 5681 δ·

2172 5626 2181 5655 '
2224 5624 2358 5678 Gen.
2390 5637 2450 5684 tt,
2489 5620 2539 5673 5.

2846 2628 3044 2690 ΑᾹΛΟ.

2173 2754 2506 2821 Ἀπόδειξις
2550 2752 2647 2805 διὰ
2688 2748 3047 2821 μαρτυριῶν,
3075 2747 3163 2821 ὅτι
3191 2748 3251 2821 al
3286 2745 3435 2821 θεῖαι
3480 2741 3733 2821 Γραραὶ,

2233 2827 2300 2880 τὸ
2328 2813 2442 2896 ἦν,’
2478 2813 2575 2896 Scal
2624 2813 2900 2896 τόίὸξῶν,
2929 2818 3034 2896 ⁸παζ
3076 2817 3146 2896 τὸ
3197 2813 3627 2896 ὑπᾴρχωνηκαὶ,
3669 2813 3736 2866 τὸ

2232 2884 2415 2969 ἥμην,⁷
2439 2894 2536 2947 καὶ
2571 2893 2648 2969 ’τὸ
2677 2892 2812 2969 ειμι,
2846 2888 2948 2969 grai
2964 2888 3040 2969 _ed
3071 2887 3243 2968 Δἔστιν,
3273 2887 3372 2940 ἐπὶ
3400 2884 3515 2963 τοῦ
3543 2884 3738 2969 detrec)

2233 2953 2460 3021 έὶθέάσι
2500 2953 2743 3032 μόνου,’
2768 2961 2865 3015 ἐπὶ
2915 2959 2982 3032 δὲ
3028 2957 3146 3032 τῷν
3181 2954 3470 3032 ,γενητῶν
3501 2953 3736 3032 ὀύριέτι,

2233 3037 2393 3092 ἀλλὰ
2425 3022 2664 3103 μᾶλλον
2696 3022 2762 3085 τὸ
2810 3028 3097 3103 ποτε-καὶ
3132 3022 3392 3103 τδπρὶν,
3417 3024 3517 3077 καὶ
3544 3024 3607 3076 τὸ
3636 3022 3742 3092 πρὸ

2093 3136 2138 3193 C
2237 3107 2354 3173 τοῦ,
2380 3093 2476 3158 xlii
2502 3103 2568 3156 τὸ
2596 3101 2805 3171 γέγονε,
2834 3098 2931 3153 καὶ
2959 3100 3074 3152 ὅσα
3104 3093 3335 3160 τούτοις
3358 3093 3548 3163 ὅμοια.

2245 3224 2305 3274 '0
2335 3219 2523 3290 Σωτὴρ
2546 3218 2606 3272 τὸ
2652 3216 2822 3270 ἀΐδιον
2852 3214 2952 3283 τῆς
2993 3212 3128 3273 ἰδίας
3158 3207 3508 3273 ὑποστάσεως
3546 3202 3744 3281 σημαί-

2168 3333 2272 3368 νων
2318 3312 2534 3380 ἔλεγεν·
2569 3327 2587 3361 t
2633 3306 2773 3376 Ἐγώ
2818 3307 2930 3375 εἰμι
2972 3306 3005 3374 ὴ
3062 3302 3316 3372 ἀλήθεια·
3373 3296 3481 3364 ἐγώ
3538 3297 3654 3364 εῑμι
3685 3293 3746 3344 τὸ

2173 3406 2322 3477 φῶςο
2353 3402 2464 3473 ἐγώ
2494 3404 2608 3473 εἰμι
2632 3403 2660 3453 6
2685 3398 2907 3467 ποιμήν.
2937 3414 2956 3446 ›
2997 3395 3105 3446 Kal.
3138 3392 3301 3444 πάλιν
3322 3389 3455 3459 πρὸς
3488 3386 3615 3448 τοὺς
3644 3402 3748 3454 μα-

2173 3476 2371 3569 Θητάςε
2409 3515 2426 3546 ι
2482 3494 2671 3562 Ὑμεῖς
2708 3487 2923 3542 καλεῖτέ
2969 3503 3056 3555 με,
3085 3486 3111 3537 ὁ
3146 3482 3348 3552 Κύριος
3390 3479 3482 3531 καὶ
3519 3478 3548 3528 6
3594 3476 3750 3530 Διδά-

2177 3590 2394 3651 σκαλος,
2424 3584 2516 3638 καὶ
2543 3581 2721 3643 καλῶς
2753 3579 2939 3646 λέγετε
2961 3593 2974 3607 ·
3008 3574 3124 3644 εἰμι
3151 3574 3256 3641 γάρ
3274 3588 3286 3598 ·
3325 3590 3343 3622 ι
3384 3570 3478 3623 καὶ
3506 3571 3533 3622 6
3551 3568 3749 3638 Ψαλμ-

2177 3676 2309 3747 ῳδὸς
2334 3674 2459 3745 περὶ
2473 3669 2637 3724 αὑτοῦ
2663 3687 2676 3699 ·
2707 3688 2725 3719 ι
2750 3668 2861 3736 Πρὸ
2891 3664 2983 3717 τοῦ
3002 3663 3103 3732 δρη
3120 3659 3468 3731 ἑδρασθῆναι,
3492 3659 3586 3711 xal.
3612 3656 3748 3710 πλα-

2180 3770 2367 3840 σθῆναι
2407 3768 2503 3835 τὴν
2548 3763 2654 3830 γῆν
2687 3760 2779 3811 καὶ
2828 3756 2927 3827 τὴν
2982 3754 3338 3824 οἰκουμένην·
3370 3752 3462 3806 καὶ
3499 3750 3605 3804 ἀπὸ
3655 3748 3749 3804 τοῦ

2180 3862 2372 3923 αἰῶνος
2399 3857 2493 3911 καὶ
2536 3855 2640 3917 ἕως
2680 3851 2773 3905 τοῦ
2816 3848 3011 3910 αἰῶνος
3040 3846 3103 3899 σὺ
3134 3842 3199 3899 εἴ.
3237 3864 3255 3897 ι
3287 3843 3457 3908 Αὐτὸς
3478 3844 3603 3915 περὶ
3629 3844 3753 3895 ἐαυε

2180 3951 2310 4008 τοῦ·
2347 3968 2367 4001 ‹
2416 3944 2557 4015 Ἐγώ
2580 3946 2697 4015 εἰμι
2735 3944 2769 4013 ἡ
2798 3942 2942 4005 ὁδός·
2975 3939 3066 3993 καὶ
3103 3937 3212 4008 ἐγώ
3238 3937 3407 4006 εἰμιὴ
3438 3934 3595 4006 Θύρα.
3633 3952 3649 3983 ι
3693 3932 3752 3984 ’0

2182 4043 2373 4113 Πατὴρ
2401 4040 2456 4093 δὲ
2482 4038 2610 4109 περὶ
2645 4035 2837 4088 αὑτοῦ·
2875 4052 2893 4084 ι
2926 4033 2999 4087 Σὺ
3036 4028 3084 4085 εἴ
3109 4034 3137 4084 6
3163 4029 3289 4092 Υἱός
3334 4045 3432 4099 μου
3458 4028 3486 4079 6
3533 4028 3753 4094 ἀγαπη-

2181 4135 2299 4199 τόςο
2334 4153 2351 4183 ι
2390 4133 2483 4186 καὶ
2509 4128 2688 4192 πάλιν,
2720 4146 2738 4178 ‹
2773 4125 2977 4194 Κύριος
3017 4118 3137 4176 εἷπε
3184 4121 3319 4191 πρός
3353 4136 3449 4188 με·
3489 4116 3617 4179 Υῖός
3651 4131 3752 4185 μου

2186 4222 2235 4278 εἷ
2265 4225 2349 4278 σύ,
2400 4242 2417 4274 ι
2452 4219 2735 4289 Πανταχοῦ
2764 4220 2823 4270 τὸ
2850 4212 2923 4279 εἷ,
2950 4215 3044 4268 καὶ
3066 4213 3123 4265 τὸ
3155 4209 3251 4282 ἦν,
3280 4213 3338 4263 ὲν
3367 4207 3574 4269 τούτοις
3604 4204 3757 4275 φέρε-

2186 4336 2275 4370 ται
2298 4333 2310 4345 ’
2345 4312 2582 4384 οὐδαμοῦ
2608 4312 2665 4365 δὲ
2686 4311 2748 4363 τὸ
2797 4308 3062 4379 γέγονεν.
3108 4304 3229 4356 Ἐπὶ
3263 4302 3319 4354 δὲ
3345 4300 3451 4353 τῶν
3479 4297 3720 4368 γενητῶν
3741 4313 3755 4326 ·

2195 4429 2211 4459 ε
2245 4383 2650 4475 Πνεῦμανθεῖον
2690 4399 2752 4452 τὸ
2783 4395 3014 4467 ποιῆσάν
3059 4411 3123 4464 με
3149 4408 3162 4422 ·
3203 4411 3221 4443 ι
3254 4393 3282 4444 6
3302 4387 3506 4455 Μωσῆς
3534 4386 3603 4438 τὰ
3633 4383 3759 4453 ’περὶ⁵

2188 4499 2453 4566 γενέσεως
2502 4493 2707 4561 κόσμου
2767 4487 3150 4557 διηγούμενος·
3202 4499 3220 4533 ι
3271 4481 3380 4533 Kal.
3420 4479 3529 4531 πᾶν
3553 4475 3759 4546 χλωρὸν

2188 4588 2358 4659 ἀγροῦ
2409 4586 2513 4656 πρὸ
2558 4583 2650 4637 τοῦ
2702 4580 2953 4649 γενέσθαι
3000 4577 3092 4629 επὶ
3130 4574 3228 4643 τῆς
3258 4572 3395 4642 γῆςι
3445 4571 3538 4623 καὶ
3583 4566 3757 4619 πάντα

2188 4658 2379 4751 χόρτον
2413 4676 2582 4749 ἀγροῦ
2627 4674 2733 4746 πρὸ
2761 4672 2855 4726 τοῦ
2907 4668 3213 4724 ἀνατεῖλαι·
3244 4665 3304 4717 οὐ
3342 4663 3447 4731 γὰρ
3482 4658 3699 4751 ἔϐρεξεν
3730 4658 3757 4708 ὁ

2188 4747 2318 4835 ὀεδς
2345 4772 2438 4823 ἐπὶ
2465 4747 2563 4839 την
2593 4769 2717 4837 γῆν,
2749 4766 2841 4818 καὶ
2870 4762 3153 4832 ἄνθρωπος
3197 4759 3296 4811 οὐκ
3329 4751 3399 4825 ἦν
3436 4747 3761 4822 ἐργάζεσθαι

2187 4864 2287 4935 τὴν
2318 4863 2443 4932 γῆν.
2482 4879 2501 4911 ι

2434 5016 2557 5066 Ὅτι
2575 5011 2661 5077 τὸ,
2698 5011 2808 5073 ὅτε,
2845 5008 3067 5076 χρόνον
3096 5004 3186 5060 ἀεὶ
3225 5001 3524 5072 σημαίνει.

2279 5172 2365 5223 Ἐν
2396 5168 2473 5237 τῷ
2503 5163 2924 5234 Δευτερονομίῳ,
2957 5181 2975 5213 ι
3030 5162 3159 5213 Ὅτε
3195 5155 3501 5229 διεμέριζεν
3543 5155 3570 5206 6
3607 5147 3766 5219 ’Ὑψι-

2200 5281 2321 5326 στος
2358 5262 2504 5330 ἔθνη.
2542 5278 2559 5309 ›

2249 5484 2294 5515 ³³
2326 5482 2466 5536 Psal.
2504 5493 2738 5540 Lxxxtx,
2778 5477 2863 5529 17.
2940 5476 2983 5507 ⁸⁵
3009 5473 3151 5527 Psal.
3196 5486 3370 5529 xxxv,
3406 5467 3492 5522 10.
3529 5464 3597 5540 Δ²⁵
3624 5460 3765 5540 Psal-

2334 5529 2465 5605 is?"
2499 5529 2973 5605 ἶίβὲοίζίιχχιι,
3000 5544 3054 5596 2.
3132 5542 3177 5577 ¹⁹
3205 5540 3360 5595 Joan.
3390 5552 3496 5597 xiv,
3522 5533 3554 5586 6
3575 5550 3589 5600 ;
3614 5546 3671 5595 κ,
3712 5529 3768 5583 9.

2620 5617 2663 5648 "’
2691 5618 2845 5673 Deut.
2878 5630 3047 5679 xxxii,
3079 5612 3130 5667 8.
