4032 6212
273 364 334 420 65
1679 360 1901 422 THESA
1912 357 2114 423 URUS.
2288 416 2295 421 .
3438 361 3507 416 ιο

328 482 387 536 Et
428 479 571 533 κατὰ
602 480 704 549 τὴν
744 478 1015 549 ὑμετέραν
1062 477 1337 542 ὑπόνοιαν,
1378 470 1424 531 ὦ
1453 474 1741 547 θεομάχοι,
1775 475 1831 542 ἐξ

2010 474 2065 530 Si
2092 478 2242 543 juxta
2276 486 2535 543 vestram,
2582 478 2763 534 hostes
2808 478 2926 542 Dei,
2973 477 3308 548 Opinionem,
3339 474 3509 531 Filius

267 575 350 628 οὐκ
392 574 566 625 ὄντων
595 572 748 624 ἐστὶν
774 573 803 623 6
842 570 995 636 Υἱὸς,
1029 571 1123 624 καὶ
1166 569 1265 621 οὐκ
1310 563 1379 638 ἦν
1410 568 1537 639 πρὶν
1570 560 1835 637 ’γεννηθῇ,

269 662 392 719 κατὰ
430 662 493 714 τὸ
540 661 791 731 μετέχειν
830 660 924 713 τοῦ
976 659 1135 721 Θεοῦ,
1183 660 1423 729 δηλονότι
1473 658 1722 729 καθάπερ
1770 657 1840 711 τὰ

267 754 384 807 ἄλλα
411 752 633 818 λογικὰ,
666 753 761 805 καὶ
803 750 966 813 αὐτὸς
1010 748 1210 820 ἐκλήθη
1240 748 1391 812 Θεὸς,
1433 747 1527 800 καὶ
1564 746 1712 810 Υἱὸς,
1746 748 1840 800 καὶ

266 848 448 914 Σοφία.
473 842 642 896 Τοῦτο
670 842 779 912 γὰρ
822 843 1070 914 ὑπάρχει
1100 843 1211 902 τοῖς
1249 840 1485 907 λογικοῖς
1523 834 1837 908 κτίσμασιν,

266 932 336 999 οἷς
356 936 421 987 οὐ
460 934 620 1003 φύσει
648 934 710 986 τὸ
747 934 846 1002 τῆς
881 910 1131 1002 θεότηέος
1177 929 1572 999 ἐπαληθεύεται
1615 927 1835 991 κάλλος,

268 1027 368 1081 ἀλλ’
392 1028 429 1095 ἡ
470 1024 565 1076 τοῦ
598 1024 835 1086 διδόντος
882 1023 1040 1094 χάρις
1078 1021 1359 1095 προξενεῖ·
1404 1021 1479 1083 ὡς
1515 1021 1643 1073 ὅταν
1671 1020 1836 1093 λέγῃ·

272 1135 289 1168 ι
325 1114 472 1184 Ἑγὼ
500 1111 681 1168 sit-rota“
709 1114 833 1167 Θεοί
860 1115 1003 1176 ὲστε,
1034 1114 1129 1166 καὶ
1157 1113 1261 1167 uio".
1295 1111 1550 1181 Ὑψίστου
1582 1111 1835 1175 πάντες.»

268 1206 454 1275 Σχέσει
502 1204 611 1274 γὰρ
638 1206 705 1274 τῇ
743 1202 878 1273 πρὸς
909 1202 1037 1257 Θεὸν
1070 1200 1471 1272 υἱοποιηθὲντες
1519 1202 1649 1272 παρ’
1677 1199 1841 1253 αὐτοῦ

270 1294 677 1367 θεοποιούμεθα.
707 1293 770 1347 Εἰ
802 1294 982 1348 τοίνυν
1011 1293 1147 1349 Θεοῦ
1182 1292 1541 1363 μετασχόντες
1570 1291 1708 1346 κατὰ
1740 1293 1841 1363 χὰ-

276 1403 374 1460 ριν,
400 1388 510 1440 υἱοὶ
532 1386 660 1439 Θεοῦ
686 1386 1024 1458 κεκλήμεθα,
1058 1386 1201 1447 τίνος
1238 1385 1304 1439 ἂν
1337 1384 1555 1454 δοίημεν
1599 1385 1843 1456 μετέχειν

276 1479 363 1532 τὸν
389 1479 580 1546 ᾼόγον,
604 1478 688 1531 ἵνα
713 1479 938 1548 γένηται
963 1477 1088 1539 Υἱὸς
1112 1476 1145 1547 ἢ
1171 1477 1334 1543 Θεός;
1370 1476 1559 1546 Ἡμεῖς
1588 1476 1688 1546 μὲν
1712 1476 1840 1547 γὰρ,

271 1571 358 1624 τοῦ
394 1572 550 1639 ἁγίου
592 1570 936 1640 Πνεύματοςο
971 1571 1063 1622 ἐπὶ
1090 1569 1145 1622 δὲ
1175 1568 1265 1621 τοῦ
1295 1569 1469 1637 Λόγου
1498 1567 1653 1621 τοῦτο
1690 1568 1843 1639 νομί-

271 1663 395 1726 ξείνν
430 1662 659 1732 ἀμαθές·
689 1662 859 1725 Αὐτὸς
900 1662 1006 1730 γάρ
1036 1677 1170 1731 φησι
1217 1660 1344 1730 περὶ
1372 1658 1465 1711 τοῦ
1494 1658 1839 1728 Πνεῦματος·

277 1754 418 1807 (Om
446 1754 508 1805 ὲκ
527 1751 621 1804 τοῦ
647 1751 779 1821 ἐμοῦ
804 1749 1070 1821 λαμϐάνει
1090 1764 1105 1778 ⁸
1136 1768 1155 1800 ι
1175 1750 1333 1812 Τίνος
1353 1743 1444 1801 οὖν
1460 1747 1567 1818 ἄρα
1590 1747 1804 1818 μετέχει
1825 1764 1838 1812 ;

268 1845 518 1899 Δείπεται
547 1844 749 1911 λέγειν,
779 1842 873 1897 τοῦ
926 1842 1157 1912 Πατρός.
1210 1842 1317 1893 Καὶ
1360 1840 1443 1902 τίς
1487 1842 1632 1892 ἐστιν
1668 1840 1697 1890 6
1741 1838 1839 1907 τῆς

271 1935 556 2007 μετουσίας
587 1935 820 2005 τρόπος;
855 1935 888 2005 ἢ
921 1934 971 1986 τί
998 1933 1057 1986 τὸ
1085 1934 1148 1989 ὲκ
1191 1930 1285 1984 τοῦ
1322 1931 1536 2001 Πατρὸς
1564 1928 1702 1995 ἐξιὸν
1746 1929 1840 1981 καὶ

270 2031 323 2081 ἐν
357 2026 441 2097 τῷ
467 2028 609 2097 λόγῳ
650 2026 956 2096 γινόμενον,
993 2025 1079 2078 ἴνα
1108 2024 1203 2077 καὶ
1232 2023 1548 2093 μετέχηται.
1578 2022 1713 2092 Φέρε
1764 2021 1840 2072 εί-

266 2119 401 2179 πεῖν,
444 2117 515 2179 ὡς
542 2116 651 2169 ἀπὺ
692 2115 862 2183 πυρὸς
898 2113 1167 2184 θερμότης
1195 2114 1251 2164 ὲν
1280 2110 1511 2181 σώματι,
1540 2109 1571 2180 ἢ
1604 2110 1666 2163 ἐκ
1697 2124 1839 2171 τινος

267 2205 454 2268 ἄνθους
488 2204 685 2257 εὐωδία
704 2220 718 2233 ⁸
753 2202 953 2274 μᾶλλον
979 2203 1034 2254 δὲ
1074 2202 1260 2267 ὥσπερ
1285 2203 1361 2265 είς
1390 2200 1547 2271 ἡμῶν
1585 2199 1646 2252 τὸ
1672 2198 1839 2255 Πνεῦ-

264 2315 349 2367 μα,
385 2298 518 2369 περὶ
559 2292 620 2351 οὒ
656 2312 820 2366 φησιν
863 2297 895 2365 ἡ
940 2295 1156 2366 Γραφή·
1196 2312 1214 2345 ι
1246 2294 1365 2346 Ὀτι
1396 2292 1460 2345 ὲκ
1489 2290 1583 2344 τοῦ
1626 2289 1838 2361 Πατρὸς

261 2389 633 2459 ἐκπορεύεται.
662 2406 680 2437 ι
720 2386 784 2437 Τί
822 2380 913 2438 οὖν
946 2375 1061 2437 ἐστι
1108 2383 1169 2437 τὸ
1206 2385 1271 2435 ἐκ
1299 2381 1392 2435 τοῦ
1436 2380 1653 2451 Πατρδς
1696 2380 1837 2445 ἐξιὸν

261 2484 344 2535 καὶ
373 2484 436 2534 ἐν
474 2481 552 2550 τῷ
585 2479 744 2548 Λόγῳ
772 2476 1058 2547 γινόμενον
1079 2472 1235 2546 ;⁷Αρ’
1262 2477 1325 2528 ἐκ
1362 2474 1463 2543 τῆς
1492 2473 1587 2526 τοῦ
1623 2472 1836 2545 Πατρὸς

257 2573 475 2636 οὐσίας,
522 2570 555 2642 ἢ
588 2569 792 2634 ἔξωθέν
843 2567 1009 2620 ποθεν
1044 2566 1137 2620 καὶ
1174 2566 1343 2632 τοῦτο,
1382 2565 1445 2617 τὸ
1484 2564 1721 2634 ληφθέν;
1771 2564 1835 2616 Ei

258 2665 352 2733 μὲν
408 2661 501 2717 οὖν
550 2660 749 2729 ἔξωθέν
809 2662 980 2722 ἐστιν,
1022 2658 1144 2713 οὐδὲ
1192 2657 1285 2711 τοῦ
1340 2656 1554 2728 Πατρός
1609 2655 1835 2727 μέτοχος

252 2760 398 2810 ἐστιν
449 2759 478 2808 6
508 2755 657 2819 Υἱὸς,
687 2753 806 2807 ἀλλ’
836 2754 1022 2823 ἑτέρου
1056 2750 1201 2813 τινὸς
1234 2749 1477 2821 μετέχων
1526 2749 1830 2819 ἁγιάζεται,

252 2850 386 2919 ὅπερ
409 2847 529 2902 ἐστὶ
558 2847 653 2901 καὶ
689 2845 851 2917 μόνον
879 2831 1141 2912 ἐννοῆσαί
1158 2841 1434 2904 δυσσεϐὲς.
1463 2841 1526 2893 Ei
1560 2840 1615 2892 δὲ
1645 2841 1708 2891 ὲκ
1733 2839 1833 2910 τῆς

252 2937 435 3001 οὐσίας
466 2936 561 2991 τοῦ
596 2936 810 3007 Πατρός
843 2936 1178 3004 συγχωρεῖτε
1208 2931 1447 2986 νοεῖσθαι
1478 2931 1537 2983 τὸ
1564 2930 1641 3001 τῷ
1673 2929 1832 3000 Λόγῳ

251 3028 391 3098 πρὸς
440 3027 672 3097 μετοχὴν
720 3024 852 3097 παρ’
896 3023 1062 3077 αὑτοῦ
1112 3022 1536 3094 χορηγούμενον,
1582 3020 1615 3091 ἦ
1660 3022 1831 3091 τομήν

246 3133 377 3173 τινα
404 3120 501 3171 καὶ
544 3117 808 3189 μερισμὸν
852 3118 947 3169 καὶ
983 3115 1153 3178 πάθος
1201 3113 1461 3167 δύνασθαι
1511 3113 1830 3184 συμϐαίνειν

249 3211 386 3282 περὶ
419 3210 517 3281 τὴν
546 3209 640 3262 τοῦ
674 3208 821 3261 Θεοῦ
842 3207 1002 3276 φύσιν
1027 3205 1317 3271 δεδώκατε,
1345 3206 1379 3276 ἢ
1409 3204 1658 3274 λέγοντες
1684 3206 1825 3258 ἀπα·
1851 3234 1892 3292 c

256 3300 375 3363 θῶς
395 3302 489 3355 καὶ
524 3299 824 3371 ἀμερίστως
854 3301 913 3352 ἐν
941 3296 1019 3369 τῷ
1052 3296 1169 3367 Θεῷ
1202 3298 1270 3350 τὰ
1302 3295 1526 3350 τοιαῦτα
1553 3294 1820 3363 γίνεσθαι,

256 3391 447 3461 μάτην
480 3390 798 3460 ἀνατρέπετε
825 3390 919 3458 τὴν
952 3386 1045 3441 τοῦ
1077 3387 1207 3443 Υἱοῦ
1242 3387 1515 3457 γέννησιν,
1556 3386 1821 3459 μερισμὸν

244 3481 348 3534 καὶ
386 3480 558 3542 πάθος
594 3481 718 3550 περὶ
760 3479 913 3548 αὐτὴν
941 3478 1273 3547 εἰσάγοντες.
1315 3479 1377 3531 Ei
1423 3478 1477 3530 δὲ
1511 3477 1821 3553 ἀμερίστως

239 3573 419 3626 τίκτει
456 3572 608 3637 Θεὸς,
640 3572 799 3640 γεννᾷ
826 3588 879 3623 τε
920 3569 1147 3631 ἀπαθῶς
1176 3569 1235 3633 ἐξ
1266 3566 1478 3634 ἑαυτοῦ,
1522 3568 1672 3624 οὐδὲν
1710 3587 1818 3622 κω-

236 3663 361 3716 λύει
390 3663 448 3715 τὸ
474 3660 729 3730 γεννηθὲν
758 3660 1133 3731 ὁμολογεῖσθαι
1160 3661 1251 3713 τὸν
1279 3658 1457 3723 ζῶντα
1480 3660 1574 3712 τοῦ
1608 3660 1819 3730 [ἰατρὸς
1846 3691 1855 3699 -

237 3754 435 3818 Λόγον.
494 3752 552 3802 Ὀ
593 3751 649 3803 δὲ
702 3751 763 3814 ἐξ
811 3750 984 3804 ἀϊδίου
1033 3750 1247 3821 Πατρός
1311 3748 1609 3819 προελθὼν,
1666 3747 1816 3801 ἔσται

237 3845 457 3905 πάντως
493 3844 587 3895 καὶ
632 3843 833 3905 ἀΐδιος⁹
880 3841 1022 3895 οὕτω
1058 3841 1166 3911 γὰρ
1198 3840 1263 3894 ἂν
1299 3842 1393 3893 καὶ
1425 3841 1524 3913 τὴν
1556 3839 1817 3911 πατρῴαν

237 3934 519 4001 εὐγένειαν
566 3935 703 4002 ἔχων
755 3935 850 3986 καὶ
893 3932 1173 3996 διασώζων
1204 3920 1276 3985 ⁸ἐν
1309 3931 1515 4002 ἐαυτῷ,
1562 3930 1817 4001 ἀληθεύει

234 4024 444 4091 λέγων·
480 4044 498 4075 ι
539 4024 595 4077 '0
628 4023 888 4094 ἑωρακὼς
916 4025 1014 4093 ἐμὲ
1060 4023 1268 4095 ἑώρακε
1296 4022 1387 4075 τὸν
1419 4023 1655 4093 Πατέρα.
1688 4041 1706 4073 ι
1740 4022 1815 4075 Οὐ

231 4119 342 4188 γὰρ
369 4120 430 4171 ἐν
458 4119 534 4188 τῷ
567 4118 779 4189 γενητῷ
807 4118 868 4170 τὸ
898 4118 1066 4170 ἀΐδιον
1097 4118 1345 4187 φαίνεται

1941 581 2008 621 ex
2044 567 2212 621 nihilo
2250 568 2541 637 productus
2576 578 2679 634 est,
2712 584 2885 640 neque
2919 577 3037 625 erat
3080 569 3392 640 priusquam
3428 568 3511 635 gi.

1943 668 2217 725 gneretur,
2253 673 2315 712 ea
2351 660 2560 715 ratione
2592 675 2696 729 qua
2739 662 3010 731 particeps
3050 670 3134 717 est
3165 660 3280 724 Dei,
3317 674 3512 730 nempe

1943 750 2085 802 sicut
2137 750 2428 804 rationales
2466 760 2751 814 creaturae,
2791 753 2955 807 etiam
3005 752 3121 821 ipse
3169 761 3390 806 vocatus
3429 762 3515 805 est

1947 836 2106 901 Deus,
2141 847 2194 892 et
2222 836 2411 909 Filius,
2446 848 2501 894 et
2541 840 2837 909 Sapientia.
2884 840 2939 894 1d
2978 843 3119 897 enim
3155 840 3511 896 rationalibus

1943 930 2210 983 creaturis
2259 930 2537 994 tribuitur,
2583 931 2781 999 quibus
2828 932 2941 1000 ipsa
2984 932 3199 988 deitatis
3243 929 3348 1005 25
3394 931 3510 1002 pul-

1942 1020 2194 1074 chritudo
2244 1020 2565 1075 naturaliter
2609 1023 2783 1076 inesse
2830 1038 2955 1077 vere
3002 1024 3105 1076 dici
3159 1040 3264 1079 non
3298 1031 3507 1092 potest;

1944 1112 2038 1163 sed
2083 1110 2254 1180 gratia
2292 1111 2475 1167 dantis
2506 1112 2606 1169 hoc
2644 1114 2724 1167 eis
2768 1114 3057 1168 conciliat:
3093 1124 3150 1168 ut
3182 1130 3303 1169 cum
3334 1116 3465 1171 dicit
3495 1134 3509 1170 :

1948 1218 1966 1250 ι
1998 1200 2109 1269 Ego
2137 1201 2383 1257 dixizbii
2414 1203 2569 1267 estis,
2596 1212 2650 1257 et
2672 1203 2765 1258 lilii
2798 1205 3003 1261 Excelsi
3034 1221 3221 1260 omnes
3246 1206 3331 1259 ιν.
3364 1226 3383 1257 ι
3406 1208 3513 1260 Πο-

1944 1289 2145 1346 latione
2184 1292 2326 1347 enim
2358 1295 2425 1349 ad
2456 1294 2623 1348 Deum
2660 1295 2898 1364 adoptati
2933 1297 2999 1349 ab
3026 1296 3141 1364 ipso
3176 1296 3510 1353 deiﬁcamur.

1944 1379 1999 1435 Si
2034 1382 2195 1451 igitur
2237 1384 2329 1439 Dei
2362 1386 2648 1456 participes
2679 1385 2806 1439 facti
2862 1400 2955 1455 per
2996 1388 3251 1457 gratiam,
3291 1388 3385 1441 lilii
3421 1388 3512 1441 Dei

1943 1474 2118 1526 vocati
2166 1487 2375 1537 sumus,
2422 1474 2703 1542 cujusnam
2737 1479 3007 1546 particeps
3048 1493 3167 1532 esse
3212 1488 3515 1533 statuemus

1944 1560 2197 1627 Verbum,
2242 1573 2300 1616 ul
2341 1564 2432 1618 ﬁat
2466 1564 2631 1620 Filius
2676 1576 2766 1619 aut
2810 1566 2985 1621 Deus?
3013 1567 3119 1622 Nos
3149 1569 3291 1622 enim
3340 1568 3516 1639 Spiri-

1944 1660 2027 1706 tus
2050 1655 2220 1707 saucti
2252 1658 2665 1725 participatione
2696 1659 2747 1713 id
2782 1662 3168 1728 consequimur
3199 1678 3211 1713 :
3245 1663 3309 1714 de
3332 1661 3513 1715 Verbo

1942 1753 2121 1799 autem
2183 1747 2445 1814 ejusmodi
2498 1748 2701 1817 aliquid
2763 1751 3002 1821 cogitare
3045 1753 3339 1809 absurdum
3408 1763 3510 1807 est.

1942 1830 2060 1901 Ipse
2096 1834 2240 1888 enim
2268 1834 2337 1891 de
2368 1837 2569 1905 Spiritu
2600 1839 2731 1894 dicit
2763 1857 2777 1895 :
2810 1859 2829 1895 ι
2861 1841 3122 1908 Quoniam
3173 1843 3238 1897 de
3273 1857 3393 1898 meo
3424 1858 3516 1897 ae-

1941 1923 2156 1992 cipit“.
2196 1944 2214 1977 ι
2247 1925 2539 1993 Cujusnam
2575 1930 2739 1999 igitur
2773 1934 3045 2002 particeps
3069 1933 3195 1987 est?
3222 1934 3509 2005 Reliquum

1940 2024 2022 2069 est
2053 2024 2111 2068 ut
2140 2016 2384 2075 dicamus
2424 2019 2621 2075 Patris.
2652 2020 2906 2087 Quaenam
2940 2039 3069 2079 vero
3099 2034 3183 2079 est
3217 2028 3513 2095 participa-

1942 2104 2104 2159 tionis
2142 2108 2320 2161 ratio?
2350 2119 2443 2163 aut
2467 2111 2595 2177 quid
2632 2126 2661 2166 a
2700 2111 2864 2167 Patre
2895 2116 3139 2182 procedit
3171 2125 3225 2171 et
3254 2117 3306 2169 in
3336 2117 3511 2173 Verbo

1939 2205 2041 2263 est,
2081 2208 2139 2251 ut
2189 2198 2335 2254 illius
2370 2202 2640 2274 particeps
2682 2203 3055 2273 sitiExempli
3095 2207 3293 2275 gratia,
3323 2223 3513 2277 quem-

1939 2287 2225 2343 admodum
2277 2306 2344 2347 ex
2398 2293 2519 2363 igne
2568 2295 2717 2351 calor
2750 2295 2803 2349 in
2840 2311 3091 2367 corpore,
3125 2298 3207 2354 vel
3260 2315 3324 2354 ex
3377 2300 3512 2356 [loro

1940 2380 2123 2451 aliquo
2151 2384 2330 2438 suavis
2375 2386 2510 2440 odor
2544 2403 2558 2438 :
2587 2397 2678 2439 aut
2719 2387 2898 2458 potius
2938 2388 3078 2442 sicut
3110 2390 3163 2442 in
3203 2407 3298 2444 nos
3342 2393 3513 2461 Spiri-

1940 2483 2047 2537 tus,
2077 2476 2142 2528 de
2171 2490 2277 2544 quo
2315 2476 2448 2532 dicit
2494 2477 2771 2547 Scriptura
2805 2496 2820 2534 :
2852 2499 2870 2531 ι
2905 2479 3058 2545 Quod
3091 2497 3156 2535 ex
3191 2481 3350 2535 Patre
3383 2500 3512 2551 pro-

1937 2565 2081 2617 cedit
2103 2564 2169 2620 ".
2202 2586 2221 2617 ι
2258 2566 2524 2633 Quidnam
2557 2569 2719 2638 igitur
2742 2580 2825 2625 est
2857 2574 2999 2641 quod
3025 2588 3052 2625 a
3077 2572 3239 2628 Patre
3264 2576 3512 2644 procedit

1936 2663 1989 2707 et
2036 2654 2090 2708 in
2134 2654 2312 2710 Verbo
2362 2657 2488 2711 est?
2549 2660 2632 2713 An
2693 2676 2758 2716 ex
2808 2663 3108 2717 substantia
3172 2664 3372 2730 Patris,
3415 2680 3509 2721 aut

1934 2745 2273 2801 extrinsecus
2302 2760 2387 2803 est
2422 2748 2475 2803 id
2511 2753 2653 2819 quod
2686 2752 2984 2821 accipitur?
3012 2754 3181 2810 Porro
3220 2758 3265 2812 si
3306 2760 3510 2813 extrin-

1934 2850 2090 2890 secus
2115 2846 2219 2904 est,
2250 2852 2351 2891 non
2377 2848 2459 2892 est
2487 2841 2668 2910 utique
2693 2839 2867 2897 Patris
2890 2844 3163 2914 particeps
3191 2844 3382 2913 Filius,
3412 2849 3507 2902 sed

1935 2927 2155 2982 alterius
2191 2928 2418 2998 alicujus
2460 2930 2874 3001 participatione
2916 2936 3321 3005 sanctiﬁcatur;
3364 2940 3507 3008 quod

1932 3019 2013 3071 vel
2037 3019 2276 3089 cogitare
2308 3020 2590 3088 duntaxat,
2621 3023 2843 3093 impium
2875 3036 2977 3083 est.
3001 3027 3099 3084 Sin
3128 3044 3258 3084 vero
3288 3030 3337 3085 id
3360 3032 3505 3102 quod

1931 3123 1959 3161 a
1992 3108 2153 3163 Patre
2182 3108 2321 3165 Filio
2350 3113 2782 3182 participandum
2818 3117 3215 3186 suppeditatur,
3263 3136 3330 3176 ex
3372 3123 3504 3178 sub-

1929 3201 2129 3254 stantia
2194 3201 2311 3271 ejns
2359 3218 2480 3258 esse
2543 3206 2860 3271 conceditis,
2911 3216 3002 3261 aut
3056 3210 3351 3267 sectionem
3404 3215 3506 3268 ali-

1931 3307 2117 3361 qttam,
2148 3294 2468 3349 divisionem
2521 3297 2937 3368 passionemque
2964 3300 3014 3354 in
3045 3300 3136 3355 Dei
3172 3312 3361 3357 natura
3395 3317 3505 3360 sta-

1931 3381 2007 3435 tui
2039 3397 2195 3451 posse
2234 3386 2487 3450 censetis,
2520 3397 2612 3441 aut
2650 3389 2888 3443 dicentes
2917 3391 3055 3444 citra
3091 3391 3251 3447 ullam
3297 3397 3503 3461 passio-

1930 3488 2049 3526 nem
2094 3489 2158 3529 ac
2199 3474 2519 3533 divisionem
2565 3480 2828 3546 ejusmodi
2878 3481 2930 3534 in
2967 3481 3076 3535 Deo
3122 3484 3259 3547 lteri,
3298 3496 3503 3541 temere

1928 3560 2049 3618 Filii
2086 3566 2489 3634 generationem
2537 3569 2871 3635 subvertitis,
2920 3572 3238 3628 divisionem
3281 3586 3336 3630 et
3385 3592 3504 3645 pas-

1927 3656 2137 3709 sionem
2168 3657 2222 3709 in
2265 3658 2432 3726 ipsam
2461 3660 2798 3718 inducentes.
2838 3663 2896 3718 Si
2934 3679 3063 3719 vero
3096 3666 3234 3721 citra
3276 3669 3505 3723 divisio-

1927 3759 2047 3796 nem
2080 3746 2251 3815 gignit
2284 3748 2448 3813 Deus,
2479 3759 2531 3803 et
2558 3753 2760 3821 absque
2788 3755 3046 3822 passione
3071 3773 3135 3810 ex
3163 3772 3223 3811 se
3251 3770 3497 3827 generat,

1926 3834 2057 3889 nihil
2084 3836 2261 3890 obstat
2304 3843 2613 3905 quominus,
2642 3843 2693 3895 id
2719 3846 2863 3909 quod
2896 3846 3133 3913 genitum
3177 3858 3281 3915 est,
3310 3850 3492 3903 vivum

1919 3926 2099 3983 Patris
2152 3927 2387 3983 Verbum
2442 3942 2565 3982 esse
2624 3932 2996 3998 proiiteamur.
3041 3933 3142 3999 Qui
3202 3948 3382 3989 autem
3431 3954 3495 3990 ex

1919 4029 2123 4074 aeterno
2175 4018 2333 4072 Patre
2376 4021 2663 4089 processit,
2715 4019 2821 4075 erit
2865 4023 3085 4078 omnino
3123 4025 3287 4081 etiam
3336 4039 3495 4081 mter-

1922 4127 2025 4166 nus
2056 4129 2069 4164 :
2100 4111 2173 4165 ita
2203 4112 2348 4166 enim
2379 4112 2539 4165 etiam
2567 4125 2846 4181 paternam
2888 4114 3229 4172 nobilitatem
3273 4119 3481 4173 habens

235 4222 401 4281 atque
433 4213 484 4265 in
525 4228 582 4266 se
617 4227 951 4266 conservans
981 4228 1104 4265 vere
1137 4213 1284 4278 dicit,
1331 4211 1617 4279 inquiens:
1655 4229 1671 4259 ι
1705 4208 1807 4274 Qui
1850 4208 1982 4261 vidit
2013 4220 2119 4271 me,
2186 4206 2390 4260 viditct
2424 4203 2636 4259 Patrem
2663 4206 2729 4258 ".
2763 4225 2782 4259 ι
2818 4206 3002 4278 Neque
3065 4210 3208 4264 enim
3234 4220 3492 4266 aeternum

232 4304 281 4355 in
320 4315 577 4359 creatura
606 4303 836 4356 videtur.

925 4438 1125 4491 ΛΛΛΟ.

2589 4429 2815 4485 ALIUD.

290 4555 359 4606 Εί
393 4555 428 4605 6
456 4554 700 4623 μετέχων
727 4552 821 4604 τοῦ
856 4551 979 4603 Υἱοῦ
1008 4550 1157 4613 θείας
1189 4551 1393 4618 γίνεται
1423 4548 1675 4611 κοινωνὸς
1708 4547 1807 4617 φύ-

1990 4536 2045 4590 Si
2073 4538 2163 4606 qui
2196 4538 2462 4607 particeps
2494 4547 2577 4592 est
2607 4538 2751 4605 Filii,
2791 4540 2984 4596 divina:
3018 4554 3223 4602 natura:
3256 4566 3490 4606 commu-

219 4659 386 4708 σεως,
424 4641 563 4695 κατὰ
590 4642 690 4711 τὴν
718 4641 811 4693 τοῦ
844 4642 1048 4711 Πέτρου
1081 4640 1284 4711 φωνὴν,
1316 4639 1409 4692 καὶ
1439 4640 1489 4691 εἰ
1526 4638 1644 4694 ναοὶ
1671 4636 1807 4690 Θεοῦ

218 4731 664 4803 χρηματίζουσιν
708 4724 789 4793 οἷς
818 4732 847 4783 6
894 4732 1067 4797 Λόγος
1110 4731 1330 4795 ἐνοικεῖ,
1374 4729 1588 4800 ἀνάγκη
1628 4728 1806 4797 λέγειν

214 4824 277 4875 ἐκ
310 4823 426 4891 τῆς
453 4822 639 4887 οὐσίας
665 4820 761 4874 τοῦ
792 4820 927 4873 Θεοῦ
956 4820 1047 4874 τὸν
1084 4821 1231 4874 Υίόν.
1271 4821 1381 4875 Καὶ
1417 4822 1466 4873 εί
1498 4820 1649 4873 οὐδὲν
1688 4821 1807 4873 ἑπι-

211 4914 454 4983 γινητδν
499 4915 556 4965 ἐν
600 4911 720 4982 Θεῷ
767 4911 991 4981 (τέλειος
1028 4913 1137 4983 γὰρ
1169 4914 1264 4965 καὶ
1305 4911 1662 4983 ἀπροσδεὴς),
1706 4914 1807 4965 οὐκ

209 5005 545 5074 ἑπιγέγονεν
573 5005 600 5056 6
628 5003 777 5069 Υἱὸς,
808 5003 922 5057 ἀλλ’
951 4999 1016 5074 ἦν
1049 5001 1126 5072 τῷ
1162 5002 1336 5072 Πατρὶ
1373 5001 1657 5063 συναῖδιος.

512 5291 653 5356 Ἔτι,
684 5290 819 5359 περὶ
852 5289 1183 5359 ὰῐδιότητος
1217 5287 1324 5343 τοῦ
1362 5288 1518 5343 Υιοῦ.

272 5406 517 5477 Πατέρα
547 5405 778 5477 λέγομεν
810 5405 903 5458 τὸν
940 5403 1098 5468 Θεὸν,
1127 5406 1254 5459 Υίον
1280 5404 1339 5459 δὲ
1369 5404 1464 5457 τὸν
1498 5403 1670 5471 Λόγον
1711 5405 1808 5458 καὶ

1920 4628 2061 4679 nical
2087 4627 2237 4697 juxta
2277 4625 2421 4680 Petri
2462 4631 2809 4698 sententiam,
2845 4641 2899 4686 et
2944 4634 2988 4687 si
3029 4636 3225 4703 templa
3262 4636 3353 4691 Dei
3392 4656 3486 4696 vo-

1916 4727 2110 4772 cantur
2139 4734 2329 4773 omnes
2362 4720 2413 4773 in
2448 4720 2643 4791 quibus
2669 4722 2900 4779 Verbum
2938 4726 3235 4794 habitat“,
3268 4745 3488 4785 necesse

1914 4809 2242 4863 omninoest
2279 4808 2474 4864 Filium
2501 4828 2565 4865 ex
2608 4813 2910 4873 substantia
2945 4817 3036 4870 Dei
3073 4832 3190 4872 esse
3221 4820 3481 4875 dicamus.

1914 4900 2023 4973 26
2044 4900 2110 4957 Et
2140 4903 2184 4953 si
2221 4902 2352 4955 nihil
2388 4903 2441 4955 in
2480 4904 2587 4958 Deo
2613 4915 2697 4959 est
2724 4908 3107 4973 accesseriunt,
3133 4909 3246 4963 sive
3277 4913 3482 4965 extrin-

1910 4976 2067 5045 secus
2084 4993 2378 5051 adveniens
2397 4994 2694 5062 (perl‘cctus
2709 4997 2852 5050 enim
2880 5008 2963 5051 est
2980 5013 3033 5053 et
3055 5001 3251 5059 nullius
3274 5004 3477 5072 egens),

1911 5099 2019 5137 non
2066 5094 2249 5154 postea
2304 5087 2531 5141 accessit
2580 5086 2781 5157 Filius,
2827 5090 2919 5144 sed
2966 5103 3085 5145 erat
3140 5092 3285 5149 Patri
3340 5111 3480 5149 com-

1911 5184 2111 5231 lernus.

2247 5291 2516 5361 Amplius,
2551 5296 2614 5348 de
2649 5297 2942 5355 aeterniuue
2976 5296 3126 5353 Filii.

1974 5402 2191 5459 Patrem
2225 5404 2458 5462 dicimus
2486 5405 2676 5473 Deum,
2713 5408 2909 5464 Filium
2937 5421 3115 5493 autem
3151 5412 3381 5469 Verbum
3425 5425 3482 5469 et

195 5498 366 5562 Θεον,
415 5496 514 5567 οὐχ
564 5496 650 5547 ἵνα
681 5495 774 5550 τὸν
809 5492 909 5567 μιν
963 5495 1384 5566 προϋπάρχοντα
1407 5534 1420 5559 ,
1469 5495 1562 5547 τὸν
1598 5494 1656 5547 δὲ
1694 5497 1808 5563 μετ’

1933 5501 2111 5561 Deum,
2160 5512 2267 5552 non
2312 5508 2370 5554 ut
2416 5498 2569 5554 illum
2620 5501 2773 5569 prius
2810 5504 3110 5571 exstitisse,
3166 5506 3305 5560 hunc
3354 5521 3482 5561 vero

195 5591 378 5643 αὑτὸν
439 5590 701 5656 γεγονότα
752 5587 986 5658 νοῶμεν,
1040 5586 1183 5641 κατὰ
1239 5587 1337 5657 τὴν
1389 5589 1446 5640 ὲν
1497 5585 1810 5658 ἀνθρώποις

1904 5595 2090 5654 postea
2139 5585 2338 5641 factum
2396 5589 2634 5646 humano
2686 5608 2836 5648 more
2883 5594 3288 5666 intelligamus:
3321 5611 3479 5665 supe-

268 5767 355 5798 °°‘
402 5765 543 5819 Psal.
580 5783 763 5834 exui,
788 5767 861 5823 ’6.
938 5765 1159 5821 “Joan.
1199 5783 1307 5830 xvi,
1342 5765 1426 5818 li.
1507 5765 1547 5795 ³³
1578 5762 1731 5818 Joan.
1764 5778 1830 5817 xv

1933 5764 1976 5818 [ἲ.
2056 5766 2099 5796 ⁸³
2132 5765 2286 5823 Joau.
2320 5784 2426 5833 xiv,
2465 5768 2517 5823 9.
2597 5770 2639 5802 “
2676 5772 2691 5825 Ι
2727 5772 2851 5828 Cor.
2885 5790 2964 5841 tn,
2996 5776 3080 5828 16.
