4032 6212
521 375 590 428 t7
1520 377 1578 431 s.
1619 376 1892 432 CVRlLLl
1934 364 2410 435 ALEXANDRINI
2448 378 2770 439 ARCHIEP.
3532 347 3536 351 “
3722 386 3788 439 ts

526 493 633 546 rior
658 494 801 547 enim
828 502 911 548 est
936 494 1081 549 omni
1112 502 1353 563 tempore
1382 494 1552 560 Deus;
1591 497 1685 550 sed
1710 506 1768 551 ut
1803 497 1952 551 illum
1978 500 2099 568 qui-

2212 499 2381 565 τάξιν·
2427 500 2541 555 ἄνω
2588 502 2698 572 γὰρ
2738 500 2939 565 παντὸς
2986 502 3180 574 χρόνου
3221 503 3390 567 Θεὸς,
3441 504 3558 558 ἀλλ’
3584 503 3668 558 ἴνα
3702 507 3793 559 τὸν

520 584 643 637 dem
673 592 727 636 ιιι
758 583 1091 649 Genitdrem,
1124 583 1266 654 quod
1301 585 1471 651 patris
1498 594 1581 639 cst
1607 586 1882 654 proprium
1911 602 1926 651 ;
1957 587 2101 640 hunc

523 689 649 729 vero
672 686 728 727 ut
756 675 1053 745 legitimum
1083 673 1662 730 Filium‘inellabiliter
1688 691 1753 730 ex
1794 676 2098 732 substantia

525 766 699 819 Patris
727 765 965 833 genitum
990 766 1298 819 adoremus.
1327 765 1488 818 Pater
1513 764 1712 834 itaque,
1742 767 1865 835 quia
1890 765 2096 835 genuit,

520 856 710 925 Filius,
744 859 869 927 quia
912 859 1125 928 genitus
1155 875 1169 911 :
1199 867 1254 912 et
1284 858 1401 913 'ltoe
1436 859 1609 915 solum
1655 859 1931 913 nominum
1969 872 2099 912 usus

519 965 586 1003 ex
637 950 997 1005 similitudine
1052 949 1211 1005 nobis
1245 950 1532 1020 significat.
1570 952 1627 1006 Si
1682 953 1848 1019 igitur
1887 951 1940 1004 in
1988 950 2099 1005 Deo

521 1057 743 1107 nomen,
793 1039 982 1104 Pater,
1017 1040 1190 1095 solum
1238 1052 1584 1112 generantent
1621 1041 1911 1113 signiﬁcat,
1951 1041 2097 1095 nulla

521 1133 658 1187 ratio
685 1144 768 1187 est
798 1148 915 1200 quae
943 1142 1104 1202 cogat
1138 1143 1193 1187 ut
1234 1133 1396 1198 Deus,
1429 1134 1519 1202 qui
1567 1133 1687 1187 sine
1732 1143 1977 1203 tempore
2007 1148 2099 1203 ge-

521 1235 701 1289 nerat,
740 1226 949 1295 primus
987 1226 1266 1280 exstitisse
1308 1225 1542 1291 dicatur,
1573 1241 1733 1296 quam
1766 1225 1817 1280 id
1856 1226 1998 1293 quod
2032 1226 2099 1279 ab

517 1331 581 1369 eo
608 1316 849 1387 genitum
893 1324 995 1369 est.
1028 1315 1094 1368 Et
1120 1315 1164 1369 si
1212 1315 1420 1369 nullum
1469 1325 1682 1386 tempus
1716 1316 2096 1384 interpositum

519 1407 621 1462 fuit
671 1408 812 1461 inter
841 1416 1193 1477 generantem
1229 1415 1278 1461 et
1335 1408 1597 1477 genitum,
1652 1422 1756 1461 non
1794 1409 1978 1476 utique
2018 1414 2100 1461 est

519 1495 789 1565 posterior
825 1504 1087 1564 tempore,
1123 1496 1216 1551 sed
1254 1505 1557 1551 coaeternus
1589 1506 1671 1552 est
1709 1494 1858 1551 Patri
1906 1495 2092 1551 Filius.

1184 1679 1415 1737 ALIUD.

589 1770 643 1822 Si
682 1768 824 1823 Deus
854 1785 917 1822 ex
970 1776 1162 1822 natura
1212 1783 1313 1822 sua
1353 1778 1437 1823 est
1483 1777 1721 1833 creator,
1770 1774 1946 1837 neque
1983 1770 2099 1822 haec

2210 589 2307 659 μὲν
2335 590 2411 653 ὼς
2445 588 2485 642 Γ
2488 592 2806 662 εννήσαντα,
2836 592 2974 663 ὅπερ
3002 594 3120 646 ἐστὶ
3162 595 3371 667 πατρὸς
3421 595 3552 649 ἴδιον
3573 613 3586 627 ·
3619 597 3709 649 τὸν
3739 597 3792 649 δὲ

2206 681 2282 744 ὡς
2318 682 2543 753 γνήσιον
2577 681 2704 736 Υίὸν
2735 683 2977 755 ἄρρητον
3002 686 3067 738 ὲκ
3096 686 3195 757 τῆς
3239 686 3426 749 οὐσίας
3450 687 3543 739 τοῦ
3584 688 3794 757 [la-rgo;

2207 775 2479 845 ἐσχηκότα
2505 774 2603 847 τὴν
2631 777 2883 847 γέννησιν
2914 779 3333 849 προσκυνῶμεν.
3368 780 3558 850 Πατὴρ
3589 776 3683 833 οὖν
3713 780 3793 834 ὅτι

2205 868 2564 938 γεγέννηκεν·
2604 868 2737 932 Υἱὸς
2773 870 2853 935 δὲ,
2892 870 2974 923 ὅτι
3021 870 3257 943 ἐγενήθη
3281 888 3294 901 ⁶
3326 873 3423 924 καί
3461 872 3597 941 πρὸς
3638 871 3796 939 μόνον

2205 959 2315 1013 τῶν
2348 960 2626 1032 ὀνομάτων
2660 963 2692 1031 ἡ
2731 962 2892 1031 χρεία
2937 964 3032 1015 καὶ
3065 962 3125 1015 τὸ
3158 962 3246 1015 διὰ
3294 963 3395 1032 τῆς
3447 962 3584 1031 πρὸς
3639 960 3795 1031 ἡμῶν

2205 1049 2518 1121 ὁμοιώσεως
2576 1051 3002 1122 σημαινόμενον.
3051 1054 3114 1105 Εἰ
3171 1054 3351 1105 τοίνυν
3402 1052 3495 1105 ἐπὶ
3548 1052 3683 1104 Θεοῦ
3736 1052 3797 1104 τὸ

2204 1135 2409 1211 Πατὴρ
2456 1142 2630 1213 ὄνομα
2679 1144 2841 1214 μόνου
2885 1144 2981 1198 τοῦ
3031 1147 3225 1216 γεννᾷν
3270 1148 3390 1199 ἐστι
3439 1144 3792 1215 σημαντικὸν,

2204 1233 2389 1296 οὐδεὶς
2432 1233 2734 1301 ἀναγκάσει
2767 1233 2924 1303 λόγος
2957 1236 3334 1305 προϋπάρχειν
3374 1234 3469 1287 τοῦ
3504 1234 3632 1287 ίδίου
3677 1251 3796 1300 γεν-

2207 1326 2449 1397 νήματος
2476 1327 2568 1378 τὸν
2610 1326 2856 1397 ἀχρόνως
2902 1328 3173 1396 γεννῶντα
3201 1327 3353 1381 Θεόν.
3386 1327 3495 1379 Kal
3525 1329 3574 1379 εἱ
3605 1326 3796 1397 χρόνος

2203 1411 2272 1486 ἦν
2301 1416 2475 1480 οὐδεὶς
2514 1416 2720 1488 μεταξὺ
2759 1418 2854 1471 τοῦ
2902 1420 3262 1489 γεννήσαντος
3309 1419 3401 1472 καὶ
3449 1417 3792 1487 γενηθέντος,

2205 1507 2304 1560 οὐκ
2352 1507 2689 1576 ὲπιγέγονεν,
2739 1508 2853 1561 ἀλλ’
2894 1504 2963 1580 ἦν
2992 1510 3079 1563 ἀεὶ
3125 1509 3202 1580 τῷ
3249 1510 3426 1580 Πατρὶ
3461 1507 3726 1571 συναῖδιος
3765 1507 3795 1560 6

2207 1600 2353 1663 Υἱός.

2899 1693 3110 1747 ΛΛΛυ.

2276 1783 2340 1836 EI
2372 1785 2601 1855 ποιητής
2631 1787 2748 1839 ἐστι
2793 1784 2935 1839 κατὰ
2966 1786 3127 1855 φύσιν
3167 1788 3194 1840 ὁ
3227 1786 3379 1851 Θεὸς,
3413 1787 3508 1839 καὶ
3541 1788 3641 1839 οὐκ
3671 1787 3795 1837 ἐπι-

521 1860 744 1914 facultas
775 1860 1119 1914 extrinsecus
1149 1859 1395 1923 advenit,
1437 1872 1496 1913 ut
1534 1869 1719 1929 posset
1758 1874 1845 1913 res
1888 1866 2099 1913 creatas

2212 1874 2423 1943 γέγονεν
2452 1876 2600 1947 αὺτῷ
2626 1878 2686 1929 τὸ
2713 1876 2973 1931 δύνασθαι
3005 1878 3277 1950 παράγειν
3310 1881 3373 1931 ἐκ
3404 1877 3497 1930 τοῦ
3529 1878 3604 1948 μὴ
3643 1877 3797 1939 (iv-.0;

518 1967 584 2004 ex
610 1951 778 2003 nihilo
807 1950 1105 2018 producere
1136 1949 1199 2003 ad
1230 1958 1379 2017 esse;
1413 1952 1593 2004 omnia
1636 1964 1763 2004 vero
1787 1966 1883 2020 per
1900 1949 2099 2003 Filium

520 2042 649 2097 l'aeit
684 2052 844 2111 atque
870 2052 1149 2111 operatur,
1179 2056 1285 2109 quo
1333 2052 1492 2111 pacto
1530 2057 1633 2095 non
1669 2044 1832 2095 fuerit
1879 2024 2100 2112 impium

520 2134 701 2187 dicere
733 2154 744 2188 :
799 2130 929 2184 Erat
967 2132 1179 2201 quando
1210 2149 1313 2185 non
1352 2126 1509 2186 erat'?
1536 2132 1769 2188 Perinde
1800 2133 1945 2187 enim
1997 2134 2102 2187 hoc

520 2234 601 2280 est
638 2240 703 2280 ac
739 2224 783 2278 si
818 2224 1005 2278 dicas:
1040 2223 1169 2276 Erat
1195 2224 1413 2291 quando
1443 2239 1549 2278 non
1602 2236 1723 2279 erat
1764 2223 1925 2286 Dens.
1960 2222 2101 2294 quod

522 2319 792 2387 posterius
844 2316 1045 2370 factum
1096 2317 1167 2371 sit
1216 2314 1453 2371 Verbum
1509 2332 1605 2386 per
1650 2318 1793 2386 quod
1852 2319 2103 2371 universa

520 2420 699 2463 creata
738 2418 901 2463 sunt:
940 2426 957 2459 ι
987 2408 1117 2462 Sine
1167 2410 1283 2478 ipso
1320 2409 1463 2463 enim
1513 2407 1713 2462 factum
1763 2419 1844 2463 est
1890 2408 2047 2474 nihil,
2079 2426 2097 2459 ι

521 2510 578 2553 ιιι
624 2500 702 2554 ait
735 2498 974 2555 Joannes
998 2498 1065 2552 ".
1096 2498 1149 2552 Si
1185 2514 1312 2552 vero
1343 2514 1557 2568 semper
1594 2510 1646 2553 et
1684 2501 1977 2553 secundum
2017 2512 2108 2551 na-

522 2602 696 2647 turam
734 2601 949 2647 creator
981 2602 1063 2645 est
1098 2591 1237 2645 Deus
1270 2606 1334 2645 ac
1375 2590 1560 2657 l'ater,
1606 2604 1724 2647 erat
1759 2592 1944 2661 utique
1977 2606 2102 2645 cum

523 2687 641 2756 ipso
684 2686 733 2739 is
798 2694 894 2755 per
938 2697 1096 2752 quem
1151 2692 1367 2737 creator
1416 2691 1530 2749 est,
1588 2685 1691 2739 lioc
1735 2694 1817 2739 est
1870 2682 2104 2738 Verbum

523 2776 715 2848 ipsius.
767 2773 1231 2841 Quemadmodum
1282 2774 1427 2829 enim
1493 2773 1547 2828 id
1595 2776 1739 2846 quod
1786 2776 2109 2830 naturaliter

523 2871 730 2931 li'ontini
772 2871 933 2935 inest,
962 2869 1203 2937 separari
1246 2868 1313 2924 ab
1346 2884 1409 2924 eo
1446 2884 1549 2924 non
1582 2876 1782 2939 potest,
1836 2869 1910 2923 ita
1944 2884 2041 2925 nec
2077 2886 2106 2924 a

524 2963 633 3017 Deo
662 2961 923 3031 quidquid
972 2962 1024 3014 in
1061 2960 1177 3030 ipso
1222 2969 1275 3013 et
1306 2962 1371 3014 ex
1406 2960 1524 3029 ipso
1553 2969 1655 3013 est.
1695 2959 1790 3013 Est
1830 2968 2010 3013 autem
2054 2960 2107 3014 in

525 3053 687 3107 Patre
711 3059 764 3107 et
803 3067 870 3107 ex
919 3050 1080 3107 Patre
1112 3048 1391 3106 Verbum:
1427 3050 1789 3122 inseparabile
1827 3053 2009 3121 itaque
2058 3061 2112 3107 et

524 3146 873 3199 coreternum.
1184 3134 1191 3145 ’

699 3236 941 3304 ALIUD,
982 3252 1073 3305 per
1120 3237 1474 3293 reductioncm
1518 3240 1587 3293 ad
1619 3238 1929 3297 absurdum.

600 3350 657 3406 Si
708 3365 813 3405 non
886 3357 970 3402 est
1021 3345 1193 3403 Filius
1234 3346 1380 3404 Patri
1432 3358 1774 3415 coaeternus,
1830 3346 1924 3403 sed
1978 3347 2109 3403 Erat

523 3446 733 3518 quando
758 3458 859 3496 non
885 3449 1024 3505 erat,
1048 3453 1105 3494 ut
1127 3456 1223 3497 vos
1250 3441 1572 3512 opinamini,
1601 3455 1825 3496 necesse
1849 3440 1955 3494 erit
1980 3454 2111 3496 con-

524 3540 719 3594 cedere
751 3537 1130 3608 imperfectam
1165 3534 1459 3608 aliquando
1489 3535 1660 3593 fuisse
1688 3549 1930 3594 sanctam
1986 3536 2111 3592 Tri-

527 3633 771 3685 nitatem.
809 3630 939 3684 Erat
974 3630 1117 3686 enim
1156 3630 1356 3695 unitas,
1391 3638 1448 3682 ut
1472 3628 1706 3694 videtur,
1732 3638 1860 3684 ante
1891 3628 2107 3684 Filium.

527 3724 723 3776 Postea
767 3728 946 3775 autem
992 3720 1132 3775 facta
1181 3729 1266 3775 est
1302 3719 1559 3787 Trinitas,
1583 3722 1690 3790 27
1713 3735 1835 3776 eum
1880 3720 2111 3775 accessit

524 3813 669 3882 quod
707 3811 912 3866 deerat.
957 3810 1090 3865 Cum
1125 3826 1254 3865 vero
1286 3810 1546 3879 quidquid
1585 3811 1901 3866 accessione
1932 3810 2109 3880 aliqua

524 3906 735 3969 erevit,
780 3902 1119 3961 detractione
1183 3902 1501 3955 decrescere
1548 3903 1754 3970 possit,
1815 3902 2107 3956 verendum

524 4006 605 4053 est
638 4012 706 4053 ne
729 4014 833 4067 qua
867 3997 1006 4051 ratio
1035 4010 1131 4050 nos
1157 4004 1317 4063 cogat
1346 3994 1618 4057 confiteri,
1648 4003 1895 4047 sanctam
1930 3991 2108 4045 Trini-

528 4100 694 4145 tatem
734 4105 923 4144 rursus
955 4087 1020 4139 ad
1078 4086 1343 4140 unitatem
1394 4081 1562 4152 redigi
1613 4097 1790 4151 posse.
1837 4082 1893 4134 Si
1926 4090 2105 4163 autem

528 4184 601 4237 ita
631 4181 842 4237 sentire
893 4177 975 4232 vel
1029 4177 1176 4245 loqui
1206 4190 1424 4231 omnem
1459 4175 1796 4243 impietatem
1840 4182 2105 4244 superat;

524 4283 646 4327 erat
705 4269 930 4325 omnino
979 4283 1197 4338 semper
1248 4282 1372 4322 eum
1426 4275 1614 4322 sancta
1667 4265 1939 4320 Trinitate
1990 4267 2106 4330 ejus

524 4364 818 4437 plenitudo.

1015 4453 1221 4508 ALIUD
1262 4455 1381 4506 huic
1421 4453 1612 4507 simile.

2203 1968 2285 2030 είς
2325 1966 2385 2019 τὸ
2427 1961 2566 2020 εἶναι
2598 1969 2667 2022 τά
2707 1968 2872 2021 ὄντα·
2906 1969 3087 2022 πάντα
3128 1969 3184 2022 δὲ
3218 1969 3285 2022 δι’
3330 1969 3459 2022 Υἱοῦ
3510 1972 3654 2022 ποιεῖ
3702 1971 3795 2023 καὶ

2205 2058 2636 2129 κατεργάζεται,
2680 2059 2797 2122 πῶς
2836 2061 2935 2113 οὐκ
2986 2060 3180 2123 ἀσεϐὲς
3220 2061 3279 2113 τὸ
3317 2060 3526 2128 λέγειν·
3556 2057 3667 2117 Ἦν
3700 2062 3795 2116 ὅτε

2204 2151 2317 2203 οὐκ
2356 2146 2467 2220 ἦν;
2518 2151 2631 2205 ἴσον
2665 2151 2771 2225 γάρ
2814 2154 2960 2206 ἐστιν
3010 2155 3219 2207 εἰπεῖν’
3250 2149 3359 2207 Ἦν
3391 2155 3479 2207 ὅτε
3521 2155 3622 2207 οὐκ
3665 2151 3731 2226 ἦν
3760 2152 3795 2208 ό

2204 2232 2358 2307 Θεὸς,
2394 2241 2617 2314 ὕστερον
2647 2244 3035 2316 ἐπιγενομένου
3066 2244 3161 2298 τοῦ
3196 2246 3415 2299 πάντων
3459 2244 3794 2317 δημιουργοῦ

2206 2337 2411 2406 Λόγου*
2452 2356 2470 2389 t
2503 2338 2686 2409 Χωρὶς
2728 2338 2836 2410 γὰρ
2877 2338 3042 2392 αὑτοῦ
3078 2340 3294 2408 ἐγένετο
3325 2340 3448 2392 οὐδὲ
3492 2341 3571 2405 ἓν,
3604 2361 3618 2393 ι
3654 2342 3796 2394 κατὰ

2205 2430 2303 2499 τὴν
2341 2418 2590 2483 Ἰωάννου
2623 2422 2827 2501 φωνήν.
2859 2424 2919 2483 Ei
2948 2432 3003 2483 δὲ
3038 2428 3123 2484 ἀεὶ
3151 2432 3244 2485 καὶ
3272 2434 3414 2485 κατὰ
3444 2432 3606 2502 φύσιν
3640 2450 3796 2504 ’ποιη-

2206 2521 2306 2591 τὴς
2344 2523 2372 2574 ὁ
2402 2521 2535 2586 Θεὸς
2566 2523 2659 2575 καὶ
2686 2522 2900 2593 Πατὴρ,
2927 2518 2996 2594 ἦν
3029 2524 3136 2594 ἄρα
3168 2524 3264 2577 σὺν
3293 2523 3443 2595 αὑτῷ
3464 2526 3529 2579 δι’
3559 2521 3618 2579 οὗ
3656 2544 3801 2597 ποιηο

2206 2613 2305 2684 τὴς
2329 2606 2611 2682 ἐφαίνετο,
2637 2614 2919 2667 τουτέστιν
2949 2617 2977 2668 ό
3009 2610 3179 2684 Λόγος
3236 2616 3423 2671 αὑτοῦ.
3454 2618 3662 2689 Ὥσπερ
3691 2617 3800 2687 γὰρ

2215 2700 2518 2775 ἀχώριστον
2568 2696 2859 2775 ἀνθρώπου
2913 2708 3021 2759 πᾶν
3060 2707 3121 2759 τὸ
3176 2708 3335 2776 φύσει
3369 2708 3566 2779 προσὸν
3621 2709 3797 2778 αὐτῷ·

2209 2794 2356 2849 οὕτω
2386 2797 2480 2850 καὶ
2526 2788 2663 2850 Θεοῦ
2708 2800 2815 2851 πᾶν
2848 2797 2910 2851 τὸ
2956 2800 3013 2851 ὲν
3050 2800 3199 2870 αὐτῷ
3246 2801 3341 2854 καὶ
3387 2802 3444 2867 ἐξ
3487 2801 3673 2854 αὑτοῦ.
3711 2802 3798 2853 Ἐν

2212 2886 2385 2957 Πατρι
2423 2886 2480 2939 δὲ
2522 2887 2617 2939 καὶ
2662 2888 2726 2940 ὲκ
2771 2887 2982 2958 [ἰατρὸς
3025 2890 3052 2941 ὁ
3092 2890 3296 2958 Λόγος’
3343 2891 3644 2961 ἀχώριστος
3693 2892 3797 2959 ἄρα
3848 2942 3853 2951 ,

2213 2978 2305 3030 καὶ
2336 2977 2624 3040 συναῖδιος.
3850 2966 3853 3019 ῗ

2410 3238 2615 3304 ΑΛΛΟ,
2646 3240 2743 3293 διὰ
2771 3239 2879 3308 τῆς
2911 3245 2998 3309 είς
3028 3241 3255 3297 ἄτοπον
3296 3245 3637 3316 ἀπαγωγῆς.

2281 3350 2344 3404 EI
2374 3351 2475 3404 οὐκ
2507 3350 2653 3407 ἔστιν
2680 3354 2708 3406 ὁ
2743 3355 2870 3417 Υἱὸς
2901 3356 2978 3428 τῷ
3014 3357 3189 3428 [largi
3224 3360 3512 3425 συναῖδιος,
3547 3361 3662 3413 ἀλλ’
3689 3352 3801 3416 ἸΙ-ν

2210 3441 2308 3497 ὅτε
2340 3446 2452 3498 οὐκ
2485 3440 2736 3515 ἦν,νκαο’
2782 3449 2948 3519 ὑμᾶς,
2976 3450 3188 3522 ἀνάγκη
3225 3452 3600 3523 συνομολογεῖν
3634 3456 3798 3527 ἀτελῆ

2210 3555 2341 3592 ποτε
2388 3539 2653 3611 ὑπάρχειν
2682 3541 2779 3613 τὴν
2816 3544 2979 3612 ἁγίαν
3022 3545 3254 3615 Τριάδα.
3284 3542 3393 3597 Ἦν
3442 3545 3551 3618 γὰρ
3608 3549 3796 3616 μονὰς,

2208 3628 2283 3693 ὡς
2312 3630 2478 3698 εἰκὸς,
2509 3632 2616 3703 πρὸ
2647 3633 2796 3688 Υίοΰ,
2827 3634 3023 3703 Γέγονε
3068 3634 3126 3687 δὲ
3166 3635 3393 3704 ὕστερον
3442 3635 3634 3707 Τριὰς,
3677 3640 3799 3691 ἐπι-

2209 3724 2503 3794 γενομένου
2550 3724 2643 3777 τοῦ
2678 3724 2976 3787 λείποντος.
3022 3725 3240 3798 Ἐπειδὴ
3282 3728 3343 3781 δὲ
3390 3730 3499 3783 πᾶν
3550 3730 3685 3800 ὅπερ
3724 3730 3798 3783 ἂν

2210 3813 2412 3883 συμϐῇ,
2445 3812 2539 3865 καί⁸
2584 3812 2970 3886 ἀποσυμϐἧναι
3021 3815 3272 3881 δύναται,
3318 3817 3435 3883 δέος
3474 3819 3547 3890 μὴ
3585 3821 3677 3873 καί
3715 3838 3798 3884 τις

2208 3906 2357 3974 ἡμᾶς
2383 3905 2673 3978 ἀναγκάσῃ
2701 3904 2857 3974 λόγος
2891 3906 3177 3976 ὁμολογεῖν
3202 3909 3467 3965 δύνασθαι
3506 3913 3605 3983 τὴν
3638 3914 3798 3983 ἁγίαν

2208 3994 2415 4065 Τριάδα
2445 3994 2582 4064 πρὸς
2622 3996 2784 4049 ἑνάδα
2826 3997 3231 4070 παλινδρομεῖν.
3267 4002 3328 4055 Εἰ
3373 4002 3427 4055 δὲ
3463 4004 3623 4057 τοῦτο
3666 4022 3802 4075 φρο-

2207 4091 2317 4143 νεῖν
2346 4089 2379 4159 ῆ
2418 4089 2599 4158 λέγειν
2644 4092 2863 4162 ἁπάσης
2895 4095 3013 4147 ἐστὶ
3044 4095 3364 4162 δυσσεϐείας
3399 4101 3687 4164 ἐπέκεινα,
3730 4098 3798 4173 ἦν

2208 4178 2293 4231 ἀεὶ
2337 4179 2475 4248 μετὰ
2518 4182 2732 4252 Πατρὸς
2764 4184 2863 4253 τῆς
2892 4185 3051 4253 ἁγίας
3082 4188 3311 4256 Τριάδος
3339 4194 3399 4242 τὸ
3430 4192 3721 4262 πλήρωμα.

2671 4450 2879 4515 ΑΛΛΟ,
2903 4452 3087 4516 τούῖῳ
3116 4455 3334 4521 ὅμοιον.

599 4570 654 4625 Si
701 4566 870 4623 Filius
913 4582 1016 4621 non
1060 4578 1144 4621 est
1180 4565 1457 4637 proprium
1500 4565 1747 4638 genimen
1790 4566 2103 4621 substantia:

2285 4563 2347 4617 Εί
2386 4564 2483 4643 οὐκ
2520 4564 2665 4617 ἔστιν
2691 4566 2719 4617 ό
2755 4564 2881 4628 Υἱὸς
2918 4564 3048 4618 ἴδιον
3082 4566 3325 4636 γέννημα
3357 4567 3453 4634 τῆς
3480 4567 3668 4631 οὐσίας
3696 4568 3790 4623 τοῦ

529 4664 736 4727 Patris,
768 4660 861 4716 sed
894 4678 959 4715 ex
995 4652 1368 4715 nihilo‘factus
1399 4668 1515 4724 est,
1549 4654 1827 4713 dissimilis
1862 4659 1962 4713 sibi
2003 4659 2104 4730 ipsi

527 4756 690 4812 fuerit
714 4764 903 4809 saneta
927 4752 1169 4807 Trinitas
1194 4767 1260 4806 ex
1288 4750 1457 4806 niltiio
1483 4762 1636 4806 suam
1664 4749 2104 4807 constitutionem

529 4850 771 4904 trahens.
800 4849 975 4917 Atque
1001 4847 1073 4901 ita
1104 4845 1358 4914 deinceps
1383 4854 1633 4899 creatura
1660 4843 1902 4901 Creatori
1930 4860 2103 4899 annn-

530 4940 845 5005 merabitur,
874 4947 929 4993 et
959 4952 1095 5008 Opus
1129 4936 1369 5007 ejusdem
1406 4936 1509 4991 erit
1542 4951 1664 4991 eum
1697 4935 1894 5006 Opiﬁce
1929 4933 2105 5004 digiti-

530 5031 673 5086 tatis.
712 5030 781 5083 At
826 5030 872 5085 si
906 5031 1006 5084 ltoc
1048 5030 1267 5099 impium
1309 5040 1423 5094 est,
1464 5043 1570 5083 una
1621 5028 1763 5083 enim
1804 5039 1889 5083 est
1930 5027 2109 5083 Deitas

529 5125 727 5172 sancta:
750 5116 1069 5184 Trinitatis,
1099 5133 1201 5172 una
1234 5117 1575 5187 gloriﬁcatio,
1603 5119 1901 5189 eademque
1932 5119 2107 5173 domi-

531 5209 712 5275 natio;
750 5208 932 5277 inique
968 5208 1133 5278 igitur
1165 5210 1217 5263 in
1252 5208 1565 5265 ditl‘erentes
1597 5209 1865 5264 essentias
1898 5208 2105 5264 scindi-

529 5316 636 5358 tur.
674 5301 792 5370 Quo
830 5311 986 5370 pacto
1029 5311 1210 5358 autem
1255 5319 1359 5358 non
1402 5302 1564 5358 fuerit
1605 5301 1939 5367 absurdum,
1981 5315 2102 5355 cum

526 5395 685 5449 Pater
715 5393 787 5446 sit
815 5402 1072 5458 aeternus,
1108 5393 1309 5448 audere
1344 5394 1523 5449 dicere
1551 5395 1788 5450 Verbum
1825 5395 1969 5462 quod
2005 5392 2103 5461 ipsi

518 5487 727 5541 assidet
766 5498 981 5555 unaque
1020 5494 1241 5555 regnat,
1282 5485 1573 5556 aliquando
1608 5501 1717 5542 non
1756 5486 1960 5551 fuisse;
2005 5484 2100 5540 sed

522 5576 802 5649 postmodo
838 5575 1036 5630 factum
1072 5590 1212 5641 esse,
1247 5585 1300 5630 et
1338 5593 1534 5633 novum
1574 5578 1865 5649 quemdam
1909 5590 1972 5630 ac
2017 5588 2100 5629 re-

524 5687 648 5729 cens
675 5669 874 5723 factum
906 5667 1073 5723 Deum
1102 5668 1402 5725 inducere?

584 5830 633 5864 δ’
658 5828 813 5886 Joan.
847 5848 886 5902 ι,
910 5833 964 5890 '5.

2215 4657 2457 4729 ῐῐατρὸς,
2481 4656 2596 4709 ἀλλ’
2637 4655 2695 4719 ἐξ
2730 4656 2828 4709 οὐκ
2869 4656 3037 4711 ὄντων
3065 4656 3296 4724 ἐγένετο,
3341 4656 3593 4725 ἀνόμοιος
3640 4657 3794 4712 ἔσται

2217 4750 2352 4822 πρὸς
2378 4749 2631 4821 ὲαυτὴνή
2670 4748 2800 4818 ἁγία
2831 4749 3002 4819 Τριὰς
3040 4748 3097 4812 ἐξ
3129 4749 3226 4800 οὐκ
3259 4749 3426 4801 ὄντων
3457 4748 3653 4818 ἔχουσα
3697 4750 3798 4821 τὴν

2215 4843 2491 4896 σύστασιν.
2533 4843 2643 4897 Καὶ
2682 4840 2865 4894 λοιπὸν
2896 4840 2955 4893 τὸ
2985 4841 3185 4909 κτίσμα
3216 4839 3293 4909 τῷ
3327 4839 3533 4911 Κτίστῃ
3579 4859 3803 4913 συναρι-

2214 4937 2451 5008 θμεῖται,
2480 4937 2573 4991 καὶ
2609 4936 2672 4988 τὸ
2710 4935 2924 5004 ποίημα
2957 4934 3034 5002 τῷ
3071 4937 3268 5006 ποιητῇ
3303 4934 3703 5001 συνδοξάζεται.
3738 4937 3801 4989 El

2214 5030 2272 5084 δὲ
2303 5028 2460 5083 τοῦτο
2495 5028 2711 5091 ἀσεϐὲς,
2747 5028 2842 5098 μία
2877 5027 2981 5098 γὰρ
3009 5026 3198 5097 θεότης
3228 5028 3326 5099 τῆς
3364 5027 3524 5096 ἁγίας
3550 5027 3801 5098 Τριάδος,

2220 5120 2317 5190 μία
2364 5117 2667 5186 δοξολογία,
2705 5119 3031 5189 κυριότηςὴ
3079 5118 3252 5188 αὑτὴ,
3298 5118 3399 5171 οὐκ
3434 5119 3668 5186 εὐλόγως
3720 5120 3805 5182 εἰς

2213 5211 2503 5281 διαφόρους
2543 5209 2731 5271 οὐσίας
2762 5209 3023 5278 σχίζεται.
3078 5210 3202 5272 Πῶς
3230 5209 3286 5261 δὲ
3320 5210 3419 5262 οὐκ
3453 5210 3653 5263 ἄτοπον
3703 5209 3804 5263 τοῦ
3882 5234 3885 5235 ν

2214 5304 2427 5375 Πατρὸς
2484 5302 2636 5366 ὄντος
2667 5301 2860 5364 ἀϊδίου,
2911 5302 2999 5354 τὸν
3052 5301 3467 5371 συγκαθήμενον
3521 5303 3667 5374 αὐτῷ
3705 5304 3805 5357 καὶ

2215 5392 2683 5465 συμϐασιλεύοντα
2730 5391 2903 5458 Λόγον
2958 5391 3228 5461 τολμῆσαι
3279 5390 3457 5460 λέγειν
3507 5393 3608 5447 οὐκ
3659 5386 3805 5448 εἶναι

2214 5484 2312 5557 μέν
2347 5500 2509 5536 ποτε·
2549 5481 2923 5550 ὲπιγεγονέναι
2957 5482 3013 5536 δὲ
3063 5482 3310 5555 ὕστερον,
3360 5484 3455 5538 καὶ
3493 5483 3806 5553 πρόσφατον

2210 5579 2340 5651 ἡμῖν
2371 5573 2721 5646 εἰσφέρεσθαι
2758 5573 2891 5628 Θεόν
2915 5592 2930 5642 ;
