4032 6212
285 284 368 340 69

987 412 1188 468 ΛΑΜ).

1712 310 1980 368 ΤιιΕδΑ-ιι
1991 312 2081 372 ιω
2090 315 2147 369 S.

3483 339 3552 394 50

2648 437 2879 496 ALIUD.

361 509 522 616 ξΙηγὴ
552 515 751 582 σοφίας
793 519 886 573 καὶ
919 517 1066 600 ζωῆς
1089 525 1330 584 καλεῖται
1357 533 1450 585 καὶ
1476 531 1620 585 ἔστιν
1648 535 1676 586 6
1714 534 1856 597 Θεός.

2042 538 2179 594 Fons
2213 544 2486 611 sapientia:
2518 556 2573 602 et
2607 551 2724 605 vitae
2754 563 2978 608 vocatur
3005 565 3055 610 et
3089 567 3172 612 est
3207 558 3370 616 Deus.
3405 561 3541 616 Nam

282 600 529 692 52171.1?)
573 607 686 676 γὰρ
722 607 984 681 Ἰερεμίου
1033 617 1196 686 φησίν
1221 635 1238 652 ο
1280 639 1298 671 ι
1339 622 1466 692 Ἐμὲ
1516 625 1868 690 ἐγκατέλιπον

282 691 482 786 πγίγὴν
505 693 697 759 ὕδατος
741 698 960 766 ζῶντος.
991 722 1010 754 ι
1049 707 1158 760 Καὶ
1201 711 1362 766 πάλιν
1382 691 1408 744 ’ν
1435 731 1452 763 ι
1484 713 1681 782 Θρόνος
1711 715 1870 786 δόξης

281 782 596 879 Ξῆωμένος,
625 788 872 879 ἁγίασμα
902 795 1077 865 ἡμῶν,
1110 801 1352 875 ὑπομονὴ
1386 805 1616 876 Ἰσραὴλ,
1643 782 1864 879 Κύριος.

279 870 503 935 Πάντες
537 876 588 926 οἱ
631 878 1022 964 καταλιπόντες
1067 905 1126 941 σε
1163 895 1728 967 καταισχυνθήτωσαν,
1766 900 1865 966 ἀφ-

283 964 585 1030 εστηκότες
614 969 708 1020 ἐπὶ
732 971 832 1040 τῆς
861 975 984 1044 γῆς.
1016 979 1387 1054 Γραφήτωσαν
1417 987 1496 1039 ὅτι
1518 989 1892 1055 ἐγκατέλιπον.

286 1053 479 1148 πηγὴν
529 1054 675 1148 ζωῆς
729 1061 820 1114 τὸν
883 1064 1102 1136 Κύριον.
1134 1087 1151 1118 ι
1195 1053 1306 1124 Διὰ
1359 1072 1428 1128 δὲ,
1471 1053 1567 1130 τοὺ
1617 1077 1863 1148 Βαρούχ’

289 1157 309 1188 ι
360 1141 782 1208 Ἐγκατελίπετε
811 1152 908 1222 τὴν
943 1157 1120 1228 πηγὴν
1150 1159 1246 1230 τῆς
1276 1162 1484 1230 σοφίας.
1519 1183 1554 1220 ι,
1577 1141 1732 1218 Οὕτω
1761 1141 1868 1222 τζε-

284 1247 386 1282 νυν
428 1232 582 1298 ὄντος
630 1256 688 1290 τε
717 1241 817 1306 ,καὶ
868 1245 1326 1328 καλουμένου,τοῦ
1365 1251 1522 1320 Θεοῦ,
1573 1256 1868 1319 ἀκόλουθόν

285 1323 413 1373 ἐστι
448 1327 515 1393 τῇ
561 1331 707 1397 πηγῇ
755 1331 854 1411 τῆς
890 1336 1082 1404 copia;
1136 1325 1500 1412 συνυπάρχειν
1544 1347 1612 1398 τὰ
1660 1347 1719 1410 ἐξ
1763 1349 1863 1401 αὑ-

292 1413 432 1507 τῆς·
465 1418 582 1469 ἐπεὶ
606 1420 696 1472 οὐκ
727 1422 794 1474 ἂν
826 1424 912 1495 εἴη
944 1429 1095 1500 πηγὴ
1141 1432 1304 1502 μηδὲν
1337 1436 1730 1502 ἀναϐλύζουσα.
1761 1441 1866 1507 Ob:

294 1504 433 1560 χοῦν
473 1508 528 1558 ἐν
560 1511 631 1580 τῷ
665 1513 881 1583 λέγειν·
917 1515 1027 1572 Ἦν
1069 1522 1167 1578 ὅτε
1199 1528 1310 1580 οὐκ
1354 1525 1432 1598 ἦν
1489 1530 1646 1596 Υἱὸς,
1692 1533 1720 1585 6
1775 1504 1864 1585 λέέ

286 1616 439 1666 των·
484 1604 615 1672 Ἐγὼ
653 1609 767 1676 εξμι
796 1611 828 1680 ἡ
872 1608 1005 1682 ζωὴ,
1038 1615 1130 1666 καὶ
1165 1617 1274 1684 ἐγὼ
1305 1620 1336 1689 ή
1383 1621 1563 1688 σοφία,
1593 1623 1860 1692 κατεσκή-

283 1709 432 1744 νω-σα
477 1693 688 1766 βουλὴν,
723 1705 1100 1773 συνομολογεῖν
1131 1707 1245 1760 ἐστι
1279 1711 1466 1779 σαφῶς
1511 1712 1680 1784 ξηράν
1729 1731 1858 1767 ποτε

287 1786 380 1837 καὶ
409 1787 598 1854 ἆγονον
626 1787 764 1844 εἶναι
801 1795 900 1865 τὴν
929 1799 1127 1871 πηγήν.
1160 1803 1223 1854 Εἰ
1251 1802 1306 1854 δὲ
1339 1804 1495 1858 τοῦτο
1530 1807 1742 1871 ἀσεϐὲς,
1772 1809 1858 1861 ἀεὶ

285 1877 392 1946 γὰρ
420 1883 757 1971 καρμπογόνος
784 1887 815 1955 ὴ
864 1886 981 1942 Θεία
1009 1890 1190 1959 φύσις,
1219 1896 1311 1948 καὶ
1348 1897 1499 1951 οὐδὲν
1539 1899 1596 1951 ἐν
1627 1901 1761 1971 αὐτῇ
1801 1900 1860 1954 τὸ

285 1971 485 2038 κεινὸν,
511 1968 579 2043 ἦν
604 1975 716 2046 ἄρα
746 1977 826 2048 τῷ
861 1981 1181 2054 Ρεννήσαντι
1231 1989 1498 2053 cavam-.0;
1530 1993 1558 2044 6
1599 1992 1658 2056 ἐξ
1692 1968 1857 2046 αὑτοῦ

285 2061 498 2130 γνήσιος
521 2067 716 2134 Λόγος,
747 2068 934 2143 ὥσπερ
961 2075 1067 2128 ἀπό
1096 2094 1239 2142 τινος
1266 2081 1448 2151 πηγῆς
1475 2083 1572 2152 τῆς
1602 2083 1858 2155 πατρῴας

282 2151 595 2218 ἀναϐλύζων
623 2158 836 2224 οὐσίας.

601 2273 808 2329 ΑΛΛο.
843 2280 946 2344 Εἰς
974 2280 1041 2332 τὸ
1073 2283 1218 2336 αὐτὸ
1251 2287 1523 2342 πιθανόν.

361 2379 784 2448 Ἐπαγγέλλεται
835 2391 1079 2462 ποιήσειν
1107 2395 1135 2446 6
1174 2393 1304 2459 Θεὸς
1354 2398 1477 2462 τοὺς
1508 2399 1856 2466 δουλεύοντας

277 2469 443 2539 agn;
473 2473 548 2536 ὡς
584 2479 768 2548 πηγὴν
797 2481 864 2550 ἦν
896 2483 969 2554 μὴ
1013 2484 1256 2550 ἐξέλιπεν
1297 2489 1457 2562 ὕδωρ.
1487 2493 1640 2546 Οὕτω
1679 2513 1737 2548 τε
1766 2495 1855 2549 διὰ

273 2563 372 2661 τού
429 2571 709 2638 προφήτου
755 2575 919 2644 φησὶν
973 2576 1230 2639 Ἡσαΐου·
1285 2601 1302 2633 ι
1333 2584 1440 2650 Καὶ.
1493 2586 1854 2661 ἐμπλησθήσῃ

275 2655 526 2727 καθάπερ
553 2661 812 2732 ἐπιθυμεῖ
833 2665 1033 2746 ἡὲιζίυχή
1063 2686 1178 2733 σου,
1203 2674 1295 2725 καὶ
1320 2675 1389 2728 τὰ
1412 2655 1546 2730 ὀστά
1574 2655 1671 2730 σου
1697 2655 1868 2731 πιανζ

275 2748 498 2842 ϐήσεται
519 2767 532 2781 ο
565 2755 656 2806 καὶ
690 2755 843 2810 ἔσται
876 2758 951 2821 ὡς
994 2764 1168 2832 κῆπος
1201 2765 1434 2834 μεθύων,
1475 2769 1568 2822 καὶ
1597 2769 1672 2833 ὡς
1702 2771 1852 2842 πηγὴ

273 2833 342 2910 ἧς
369 2840 450 2911 μὴ
475 2841 716 2906 ἐξέλιπεν
745 2847 943 2922 ὕδωρ.»
973 2854 1154 2908 Ταῦτα
1189 2856 1281 2908 τοῦ
1314 2857 1452 2924 Θεοῦ
1493 2862 1736 2930 ποιήσειν
1766 2863 1852 2915 ἐπ’

274 2928 575 2997 ἀνθρώπων
632 2936 1080 3012 ὑπισχνουμένου,
1134 2947 1251 3010 πῶς
1309 2948 1368 3002 οὑ
1404 2949 1586 3022 πάσης
1629 2953 1694 3004 ἂν
1743 2949 1853 3006 εἷεν

276 3019 534 3086 ἀσεϐείας
577 3026 894 3095 ὑπεύθυνοι,
927 3034 974 3086 οἱ
1008 3037 1105 3105 τὴν
1137 3035 1287 3091 Θείαν
1330 3040 1545 3111 ἐκείνην
1597 3042 1687 3094 καὶ
1716 3043 1853 3112 ἀκή-

282 3128 450 3180 ρατον
480 3117 653 3187 πηγὴν
685 3120 852 3191 ξηράν
899 3142 1029 3178 ποτε
1079 3131 1405 3201 γεγενῆσθαι
1447 3132 1692 3200 λέγοντες
1713 3151 1726 3164 ·
1765 3135 1851 3188 ἵνα
1879 3114 1922 3173 c

283 3203 382 3254 καὶ
424 3206 714 3277 ἀνθρώπιον
742 3213 990 3286 δεύτερος
1037 3221 1291 3292 φαίνηται
1325 3224 1492 3298 856g;
1521 3227 1581 3278 Εἰ
1613 3226 1669 3280 δὲ
1695 3227 1850 3281 τοῦτο

292 3293 517 3394 ἀτοττεονὲ
541 3295 604 3374 ἦν
635 3303 738 3372 ἄρα
766 3308 819 3359 ἐν
846 3312 909 3380 τῇ
943 3315 1094 3382 πηγῇ
1124 3313 1183 3367 τὺ
1216 3315 1357 3388 ὓδωρ
1514 3318 1660 3391 ζωῆς
1690 3324 1784 3374 καὶ
1815 3324 1848 3394 ή

293 3382 359 3446 ἐξ
387 3385 555 3457 αὐτῆς
583 3395 752 3462 σοφία,
780 3400 1100 3462 τουτέστινὸ
1128 3406 1274 3472 Υἱός.

455 3569 658 3640 ΑΛΛΟ,
689 3573 784 3630 διὰ
821 3579 924 3648 τῆς
951 3585 1036 3650 εἰς
1065 3585 1291 3642 ἄτοπον
1326 3590 1667 3665 ἀπαγωγῆς.

345 3679 656 3778 Γέγραπται
677 3705 690 3717 ’
731 3710 749 3742 ι
777 3687 870 3757 Εἷς
899 3695 1030 3761 Θεὸς
1058 3699 1085 3750 6
1118 3702 1325 3776 Πατὴρ,
1357 3705 1415 3771 ἐξ
1455 3701 1516 3762 οὗ
1544 3709 1611 3762 τὰ
1645 3712 1845 3778 πάντα,

269 3773 364 3876 ἰῼὶ
387 3775 549 3876 ipsi;
569 3779 648 3842 sic;
684 3783 842 3837 αὑτόν
860 3803 872 3816 ·
904 3790 997 3847 καὶ
1019 3784 1098 3854 εἷς
1123 3793 1328 3867 Κύριος
1361 3799 1566 3876 Ἰησοιξς
1589 3804 1844 3875 Χριστὸς.

1215 3857 1226 3867 υ
1309 3857 1320 3860 -
1423 3857 1435 3869 Ι
1511 3857 1527 3876 ο
1546 3857 1562 3865 ⁷
1641 3857 1661 3875 σί
1777 3857 1780 3858 ν
1801 3857 1844 3868 ’ἡ

269 3861 336 3913 δι’
356 3857 418 3916 οὗ
450 3866 517 3920 τὰ
551 3869 745 3939 πάντα,
771 3877 863 3936 καὶ
905 3880 1062 3950 ἡμεῖς
1084 3881 1149 3936 δι’
1175 3887 1360 3953 αὑτοῦ,
1391 3908 1408 3940 ι
1443 3890 1556 3945 ἀλλ’
1584 3894 1736 3959 εἴτις
1758 3895 1847 3949 τὸν

269 3953 333 4006 δι’
358 3951 420 4010 οὗ
456 3959 522 4012 τὰ
555 3962 730 4017 πάντα
762 3967 1004 4036 γέγονεν,
1035 3973 1130 4027 ἕνα
1162 3977 1270 4030 τῶν
1316 3981 1531 4036 πάντων
1569 3981 1708 4039 εἶναι
1757 3986 1844 4040 λέ-

270 4064 374 4114 γοι,
402 4050 462 4102 τὸ
492 4054 698 4109 κωλύον
732 4059 906 4124 οὐδὲν,
951 4065 1044 4118 καὶ
1072 4067 1164 4120 τὸν
1207 4069 1266 4136 ἐξ
1303 4065 1364 4124 οὗ
1412 4072 1482 4127 τὰ
1524 4077 1700 4130 πάντα
1734 4081 1845 4142 τοῖς

269 4140 446 4238 αὑτοῖς
476 4143 800 4204 ὑποϐάλλειν
835 4153 1228 4228 συλλογισμοῖς.
1258 4162 1319 4214 Εἰ
1351 4163 1408 4216 δὲ
1436 4163 1594 4220 τοῦτο
1623 4140 1840 4238 ἀσεϐὲς,

267 4231 387 4284 οὐδὲ
417 4236 444 4286 6
477 4235 604 4300 Υἱὸς
636 4238 694 4291 ἒν
733 4240 886 4297 ἔσται
923 4245 1030 4300 τῶν
1069 4249 1304 4316 πάντων,
1339 4253 1408 4307 δι’
1445 4248 1508 4308 οὗ
1555 4257 1622 4310 τὰ
1667 4259 1844 4315 πάντα

269 4322 506 4390 γέγονεν,
530 4330 696 4394 ἀΐδιος
719 4329 830 4388 οὖν.
851 4336 908 4389 '0
935 4338 1042 4411 γὰρ
1075 4340 1212 4407 ὅλως
1247 4344 1308 4396 τὸ
1339 4341 1476 4400 εἶναι
1513 4349 1716 4420 κτίσμα
1751 4353 1844 4406 καὶ

1977 645 2071 699 per
2108 631 2395 690 Jeremiam
2443 638 2512 692 ita
2559 641 2635 696 ait
2681 661 2694 698 :
2742 663 2762 695 ι
2815 645 3172 715 Reliqueruut
3217 667 3302 706 me
3347 651 3548 708 fontem

1974 736 2124 790 aqua:
2153 724 2284 779 vivae
2301 727 2366 780 ".
2401 746 2419 778 ι
2457 729 2522 782 Et
2553 746 2764 786 rursum
2799 751 2813 788 :
2853 754 2870 787 ι
2905 736 3165 793 Thronus.
3185 739 3366 808 gloria:
3392 742 3544 796 exal-

1975 821 2134 878 tatus,
2166 819 2754 891 sanctiﬁcationostra,
2785 831 3118 896 exspectatio
3149 831 3334 898 Israel,
3368 835 3547 889 Domi—

1974 921 2092 960 nus.
2141 907 2474 965 Eruhescant
2519 931 2704 971 omnes
2750 920 2838 987 qui
2888 921 3220 989 reliquerunt
3266 934 3339 988 te.
3391 940 3542 981 rece-

1972 993 2158 1050 dentes
2200 1011 2228 1049 a
2275 1007 2438 1055 terra.
2483 1001 2800 1058 Scribautur
2838 1010 3091 1076 quoniam
3136 1012 3544 1083 tlereliquerunt

1975 1085 2174 1144 fontem
2207 1089 2330 1143 vita:
2365 1090 2648 1148 Dominum
2667 1098 2733 1150 ".
2773 1117 2790 1147 ι
2828 1098 2890 1152 Et
2926 1115 3019 1166 per
3047 1100 3255 1157 Baruch
3291 1122 3305 1158 :
3341 1124 3360 1156 ι
3399 1105 3541 1160 Fon-

1974 1185 2078 1231 tem
2123 1181 2400 1248 sapientia:
2437 1185 2803 1256 dereliquistis
2821 1189 2889 1243 ⁸⁸.
2937 1210 2955 1242 ι
2997 1193 3128 1247 Cum
3177 1196 3356 1264 itaque
3395 1198 3542 1268 ejus-

1973 1269 2114 1324 modi
2159 1273 2232 1325 sit
2269 1281 2322 1328 et
2361 1287 2582 1330 vocetur
2623 1279 2782 1345 Deus,
2827 1297 3166 1352 consequens
3209 1297 3293 1340 est
3338 1297 3396 1343 ut
3435 1306 3538 1344 una

1972 1373 2094 1412 cum
2127 1359 2271 1416 fonte
2300 1365 2566 1420 exsistant
2595 1383 2713 1436 qua:
2740 1385 2802 1423 ex
2831 1385 2894 1425 eo
2923 1370 3158 1429 manant.
3187 1375 3372 1446 Neque
3397 1381 3540 1434 enim

1973 1449 2132 1506 fuerit
2175 1453 2295 1510 fons
2335 1457 2436 1511 nisi
2483 1469 2682 1515 manet.
2725 1461 2962 1521 Diceudo
3007 1466 3169 1535 igitur
3208 1485 3223 1521 :
3269 1467 3400 1522 Erat
3443 1471 3539 1524 ali-

1969 1547 2178 1610 quando
2224 1547 2432 1614 quando
2477 1567 2578 1604 non
2628 1562 2740 1606 erat
2791 1552 2995 1619 Filius,
3043 1556 3133 1625 qui
3185 1558 3315 1613 dicit
3365 1577 3380 1614 :
3431 1560 3541 1631 Ego

1969 1647 2084 1685 sum
2117 1635 2254 1700 vita,
2287 1647 2339 1691 et
2372 1652 2471 1708 ego
2504 1639 2776 1709 Sapientia
2807 1645 3040 1700 habitavi
3077 1647 3127 1700 in
3161 1649 3428 1716 consiliis,
3461 1651 3542 1704 fa-

1893 1760 1932 1817 Β
1971 1724 2184 1778 tendum
2221 1731 2441 1784 omnino
2473 1732 2576 1786 erit
2609 1733 2810 1788 siccum
2846 1746 3008 1807 atque
3040 1738 3382 1796 infecundum
3421 1757 3540 1797 esse

1967 1813 2189 1868 fontem.
2228 1814 2283 1870 Si
2325 1832 2450 1873 vero
2491 1821 2592 1875 hoc
2630 1821 2852 1891 impium
2895 1834 3006 1890 cst,
3045 1825 3271 1882 fecunda
3307 1830 3449 1884 enim
3485 1843 3538 1887 et

1967 1900 2240 1960 fructifera
2274 1923 2486 1979 semper
2517 1918 2599 1966 est
2639 1909 2816 1967 divina
2853 1924 3072 1980 natura,
3110 1917 3352 1987 nihilque
3386 1920 3437 1975 in
3471 1936 3535 1976 ea

1965 1992 2144 2060 inane,
2173 2005 2288 2051 erat
2318 2001 2501 2070 utique
2528 2013 2854 2059 comternum
2887 2005 3031 2060 Patri
3062 2007 3292 2064 Verbum
3323 2026 3388 2066 ex
3421 2012 3539 2082 ipso

1963 2085 2222 2153 genitum,
2250 2103 2284 2144 e.
2305 2099 2527 2159 paterna
2557 2096 2788 2149 essentia
2815 2097 2978 2152 veluti
3011 2099 3158 2154 l'onte
3185 2117 3535 2170 promanans.

2211 2289 2322 2359 28
2361 2289 2597 2356 ALIUD,
2637 2291 2868 2360 ejusdem
2909 2297 2984 2350 rei
3021 2299 3274 2366 probatio.

2029 2400 2300 2457 Prmnittit
2332 2404 2472 2458 Deus
2503 2405 2767 2462 facturum
2800 2424 2857 2464 se
2889 2425 2984 2465 eos
3012 2413 3102 2480 qui
3135 2413 3233 2479 ipsi
3265 2415 3530 2479 serviunt,

1962 2491 2105 2546 velut
2135 2492 2355 2558 fontem,
2385 2494 2539 2562 cuius
2575 2512 2712 2566 aqua
2745 2515 3019 2570 nunquam
3053 2503 3252 2562 delicit.
3282 2503 3356 2556 Ita
3387 2505 3530 2558 enim

1961 2597 2055 2646 per
2080 2583 2226 2638 Isaiae
2253 2585 2524 2654 prophetae
2548 2602 2732 2643 vocem
2763 2593 2837 2644 alt
2866 2609 2878 2644 :
2914 2609 2934 2643 ι
2971 2592 3028 2645 Et
3063 2591 3368 2662 impleberis
3394 2595 3531 2650 sicut

1959 2675 2134 2728 anima
2179 2685 2265 2728 tua
2305 2677 2607 2741 desiderat,
2645 2691 2699 2732 et
2744 2681 3094 2760 piuglues‘ceut
3134 2699 3254 2738 ossa
3301 2693 3388 2739 tua
3428 2703 3440 2738 :
3478 2695 3532 2740 et

1958 2775 2116 2820 erunt
2159 2767 2310 2834 quasi
2355 2767 2545 2823 hortus
2592 2770 2863 2842 irriguus,
2912 2783 2964 2827 et
3006 2774 3167 2828 veluti
3217 2775 3336 2830 fons
3378 2776 3534 2844 Cujus

1959 2871 2093 2925 aqua
2117 2871 2221 2910 non
2241 2856 2415 2910 deficit
2441 2856 2505 2910 δ’.
2528 2877 2546 2909 ι
2575 2856 2699 2914 Haec
2730 2876 2849 2914 cum
2877 2860 3018 2916 Deus
3048 2863 3099 2916 in
3133 2864 3440 2921 hominibus
3470 2881 3530 2920 se

1960 2950 2318 3020 prmslilttrum
2357 2951 2664 3018 promittat,
2697 2967 2803 3023 quo
2836 2963 2989 3019 pacto
3020 2969 3122 3008 non
3152 2965 3394 3010 extreme
3429 2955 3533 3010 im-

1960 3039 2030 3109 pii
2071 3039 2323 3094 censendi
2365 3048 2517 3106 suut,
2553 3043 2643 3111 qui
2681 3043 2922 3098 divinum
2959 3043 3104 3099 illum
3143 3057 3302 3117 atque
3339 3063 3532 3117 peren-

1958 3147 2078 3186 nem
2112 3130 2346 3196 fontem,
2377 3132 2580 3187 siccum
2616 3134 2904 3204 aliquando
2937 3135 3102 3192 fuisse
3131 3137 3350 3203 dicunt,
3382 3149 3440 3194 ut
3472 3147 3528 3195 et

1958 3224 2223 3282 secundus
2252 3223 2470 3293 quidam
2505 3223 2784 3290 hominum
2815 3225 2956 3283 Deus
2991 3243 3113 3283 esse
3144 3229 3428 3284 videatur?
3456 3231 3528 3286 At

1957 3331 2083 3369 vero
2111 3314 2155 3369 si
2191 3317 2287 3370 hoc
2314 3314 2604 3370 absurdum
2632 3326 2736 3382 est,
2767 3327 2884 3373 erat
2910 3320 3096 3390 utique
3123 3321 3174 3374 in
3209 3321 3356 3377 fonte
3386 3337 3523 3392 aqua

1955 3406 2076 3462 vitae
2115 3415 2169 3462 et
2209 3407 2470 3477 sapientia
2511 3423 2631 3478 qua:
2671 3409 2794 3464 inde
2832 3418 3135 3480 promauat,
3176 3411 3278 3468 hoc
3314 3423 3397 3468 est
3434 3413 3528 3469 Fi-

1997 3514 2076 3552 llSo

1955 3496 2076 3552 1mg.
2129 3585 2366 3651 ALIUD,
2408 3602 2501 3654 per
2536 3587 2887 3643 reductioncm
2927 3589 2997 3642 ad
3035 3589 3345 3647 absurdum.

2026 3696 2298 3765 Scriptum
2327 3707 2408 3753 est
2436 3715 2450 3752 :
2485 3715 2502 3750 ι
2535 3697 2685 3753 Unus
2714 3699 2855 3755 Deus
2881 3699 3062 3768 Pater,
3089 3719 3153 3757 ex
3184 3719 3292 3772 quo
3319 3705 3521 3772 omnia,

1953 3793 2006 3839 et
2032 3799 2128 3839 nos
2155 3787 2205 3838 in
2233 3787 2350 3854 ipso
2378 3805 2392 3840 :
2419 3794 2470 3840 et
2501 3802 2642 3840 unus
2669 3787 2927 3843 Dominus
2952 3791 3107 3846 .Icsus
3133 3794 3400 3858 Christus,
3427 3811 3523 3864 per

1952 3890 2110 3943 quem
2147 3877 2322 3930 Omnia
2345 3915 2360 3938 ,
2392 3885 2445 3930 et
2480 3891 2576 3929 nos
2613 3890 2707 3944 per
2737 3878 2907 3946 ipsum
2929 3881 3008 3944 '°;
3047 3899 3064 3932 ι
3105 3884 3148 3934 si
3185 3885 3304 3951 quis
3340 3898 3518 3940 autem

1953 3968 2100 4022 illum
2127 3983 2224 4036 per
2247 3983 2404 4038 quem
2432 3967 2610 4022 omnia
2643 3968 2784 4024 facta
2815 3978 2961 4033 sunt,
2989 3986 3150 4023 unum
3179 3987 3242 4026 ex
3272 3974 3520 4029 omnibus

1952 4074 2071 4116 esse
2116 4060 2292 4127 dicat;
2346 4060 2479 4114 nihil
2528 4059 2703 4116 oberit
2747 4061 3034 4130 quominus
3077 4062 3237 4117 etiam
3284 4079 3404 4118 eum
3453 4081 3518 4120 ex

1951 4167 2058 4222 quo
2086 4153 2300 4217 omnia,
2333 4153 2520 4207 eodem
2554 4153 2604 4207 in
2635 4154 2824 4206 ordine
2852 4169 2972 4207 cum
3003 4154 3254 4210 omnibus
3284 4155 3518 4212 colloce-

1952 4246 2174 4301 mus.'Si
2203 4261 2330 4300 vero
2361 4245 2412 4300 id
2444 4245 2724 4302 manifeste
2757 4247 2980 4316 impium
3011 4257 3112 4316 est,
3149 4264 3321 4319 neque
3349 4249 3518 4306 Filius

1952 4352 2111 4389 unum
2141 4337 2244 4390 erit
2267 4352 2336 4390 ex
2357 4337 2637 4404 omnibus,
2665 4353 2762 4406 per
2787 4355 2943 4408 quem
2975 4342 3153 4395 omnia
3187 4343 3325 4398 facta
3355 4356 3514 4411 sunt,

271 4412 478 4514 ποίημα
502 4418 897 4518 διαπεφευγὼς,
927 4429 1027 4482 οὑκ
1050 4431 1239 4497 ἐντοῖς
1267 4436 1430 4489 πᾶσιν
1451 4435 1546 4504 ὢν,
1571 4412 1683 4492 ἀλλ’
1703 4441 1844 4512 ὑπὲρ

1959 4438 2181 4482 aeternus
2218 4428 2419 4497 itaque.
2453 4430 2497 4482 A
2532 4444 2638 4497 quo
2671 4433 2814 4484 enim
2851 4431 2921 4486 in.
2941 4434 3251 4489 universum
3295 4435 3346 4490 id
3386 4437 3518 4493 alie-

271 4502 446 4557 πάντα
475 4509 569 4560 καὶ
601 4512 702 4564 ἐπὶ
729 4514 944 4571 πάντων
973 4517 1105 4584 Θεὸς
1133 4521 1473 4595 νοηθήσεται.

633 4797 816 4850 ΛΛΛΑ
851 4799 1023 4856 ἁπλᾶ·
1053 4821 1150 4857 και
1183 4805 1474 4860 ἀπόλυτα.

337 4902 399 4955 ΕΞ
434 4905 548 4972 φῶς
581 4908 726 4962 ἐστιν
759 4911 788 4962 6
825 4911 954 4977 Θεὸς
996 4916 1088 4968 καὶ
1131 4917 1340 4990 Πατὴρ,
1369 4915 1436 4991 ἦν
1466 4920 1553 4974 ἀεὶ
1595 4922 1651 4974 ἐν
1692 4923 1840 4994 αύτῷ

268 4993 325 5044 τὸ
357 4997 693 5070 ἀπαύγασμα
718 5003 905 5060 αὑτοῦ.
938 5008 999 5061 Ei
1034 5011 1319 5081 χαρακτήρ
1353 5013 1499 5066 ἐστιν
1527 5016 1556 5066 6
1583 5014 1712 5077 Υἱὸς
1739 4993 1839 5085 τῆς

266 5085 356 5137 τοῦ
389 5089 595 5159 [ἰατρὸς
641 5095 1012 5163 ὑποστάσεως,
1044 5102 1185 5156 κατὰ
1218 5103 1313 5174 τὴν
1341 5103 1436 5157 τοῦ
1475 5105 1690 5160 Παύλου
1721 5124 1835 5175 φω-

265 5176 379 5243 νὴν,
413 5179 714 5250 λεγέτωσαν
749 5188 798 5240 οἱ
833 5190 919 5242 ἐπ’
943 5190 1108 5245 αὑτοῦ
1135 5193 1216 5256 τὸ,
1247 5196 1368 5248 Οὐκ
1401 5193 1497 5267 ἦν,
1533 5196 1840 5269 τολμῶντες

265 5269 468 5339 φέρεινι
505 5275 634 5338 πότε
677 5282 1022 5354 χαρακτῆρος
1053 5285 1220 5356 χωρὶς
1261 5282 1328 5357 ἦν
1359 5289 1391 5358 ἡ
1422 5288 1714 5353 ὑπόστασις
1746 5289 1836 5342 τοῦ

265 5358 506 5428 ιιατροςς
545 5364 710 5436 Ὁμοῦ
744 5367 855 5441 γὰρ
888 5375 952 5442 τῇ
983 5373 1274 5429 ὑποστάσει
1306 5378 1400 5430 καὶ
1441 5381 1468 5431 ὁ
1506 5377 1706 5449 ταύτης
1747 5397 1841 5450 χα-

266 5451 473 5524 ρακτὴρ
509 5461 902 5528 συνεισάγεται.
936 5466 998 5518 Et
1035 5467 1261 5538 ἀλήθεια
1300 5471 1393 5524 καὶ
1445 5471 1606 5538 σοφῑα
1641 5457 1784 5525 ἐστὶν
1813 5476 1841 5526 6

330 5627 378 5702 ff
398 5626 598 5702 lerem.
643 5651 703 5702 ιι,
737 5637 824 5692 15.

267 5639 703 5721 “terum-'11,
737 5639 824 5692 15.
939 5639 1201 5698 "Jercm.
1239 5660 1366 5709 xvu,
1421 5648 1501 5713 12,
1546 5649 1627 5702 l5-

293 5698 302 5724 '
338 5698 495 5755 llcbr.
531 5719 572 5768 ι,
613 5705 669 5758 5.

1743 5648 2020 5704 "Baruch
2078 5665 2158 5714 tu,
2207 5650 2288 5705 l2.

1951 4539 2110 4586 num,
2141 4532 2200 4576 ut
2227 4537 2360 4592 Opus
2389 4533 2482 4576 aut
2510 4532 2757 4578 creatura
2787 4525 2889 4587 sit,
2925 4524 2970 4579 is
3003 4541 3107 4580 non
3138 4541 3275 4581 unus
3303 4543 3368 4582 ex
3400 4544 3517 4584 om-

1949 4614 2128 4677 nibus,
2168 4615 2262 4668 scd
2305 4629 2464 4684 super
2501 4615 2684 4686 omnia
2726 4615 2894 4670 etin.
2923 4617 3174 4671 omnibus
3218 4617 3358 4673 Deus
3395 4633 3514 4674 esse

1947 4707 2273 4762 censebitur.

2236 4815 2393 4871 ALIA
2430 4817 2774 4888 simplicioct
2815 4816 3222 4870 iudissolubilia.
3277 4893 3281 4898 ι

2017 4926 2072 4980 Si
2111 4927 2248 4982 Dens
2282 4935 2337 4981 et
2367 4928 2528 4982 Pater
2559 4929 2736 4984 lumen
2770 4937 2882 4994 est,
2913 4938 3030 4984 erat
3063 4943 3276 4999 semper
3306 4930 3358 4986 in
3393 4931 3510 5002 ipso
3591 4971 3595 4976 -

1945 5017 2120 5071 lumen
2158 5018 2292 5084 ejus.
2326 5015 2382 5072 Si
2416 5018 2584 5088 Filius
2611 5028 2693 5074 est
2722 5020 3004 5074 character
3035 5021 3150 5075 sive
3182 5020 3354 5076 forma
3385 5025 3512 5078 sub-

1940 5109 2152 5163 stantia?
2187 5107 2394 5172 Patris,
2431 5109 2582 5179 juxta
2619 5109 2769 5165 Pauli
2807 5126 2992 5166 vocem
3016 5113 3090 5177 ³⁸,
3129 5112 3310 5168 dicant
3346 5115 3381 5168 ii
3419 5115 3506 5182 qni

1937 5201 2061 5266 hoc,
2099 5198 2221 5253 Non
2263 5208 2395 5266 erat,
2437 5203 2503 5255 de
2545 5217 2609 5256 eo
2652 5202 2830 5256 dicere
2871 5204 3088 5268 audent,
3126 5205 3338 5274 quando
3381 5206 3509 5259 sub-

1938 5292 2134 5348 stantia
2166 5290 2344 5347 Patris
2375 5293 2579 5361 absque
2607 5309 2705 5349 suo
2737 5295 3050 5350 charactere
3079 5297 3384 5352 exstiterit?
3417 5297 3506 5365 SE,-

1941 5383 2052 5436 mul
2085 5382 2226 5437 enim
2261 5399 2384 5438 cum
2418 5385 2913 5441 substantia‘etiam
2947 5390 3234 5444 character
3259 5379 3378 5462 ejus
3421 5393 3505 5446 iu-

1941 5473 2174 5527 ducitur.
2197 5472 2252 5528 Si
2276 5474 2474 5530 veritas
2494 5484 2546 5530 et
2569 5477 2830 5546 sapientia
2853 5486 2935 5533 est
2954 5477 3147 5545 Filius,
3165 5481 3377 5550 quando
3399 5496 3504 5538 non

2401 5651 2443 5682 δ’
2479 5651 2581 5706 lsa.
2615 5667 2769 5718 Lvnt,
2803 5655 2882 5709 ll.
2998 5655 3041 5688 '°
3077 5655 3097 5711 Ι
3135 5655 3256 5711 Cor.
3295 5673 3409 5722 rm,
3447 5655 3499 5711 6.
