4032 6212
307 263 383 319 $3
1743 262 1833 317 Tll
1843 260 2015 316 ESAU
2028 263 2191 320 RUS.
3519 261 3590 316 5-4

1026 379 1232 432 AAAO.

2674 378 2904 438 ALIUD.

381 490 467 553 El,
495 488 753 559 καθάπερ
779 487 961 555 λέγειν
1015 487 1285 558 τολμῶσιν
1323 486 1613 557 Ἀρειανοὶ,
1671 488 1884 556 θργανοε

2080 490 2162 551 Si,
2195 491 2646 558 quemadmodum
2686 491 2873 546 Ariani
2906 491 3091 546 dicere
3142 507 3247 545 nou
3292 501 3582 553 verentur,

308 580 492 650 ἑαυτῷ
524 581 553 631 6
588 578 782 649 Πατὴρ
828 579 925 632 τὸν
956 578 1080 632 Υἱὸν
1111 578 1507 644 κατεσκεύασε,
1528 577 1895 649 χρησιμεῦσαι

304 675 613 743 δυνάμενον
656 672 736 736 είς
782 673 884 742 τὴν
935 671 1042 725 τῶν
1069 672 1237 725 ὄντων
1290 672 1671 743 δημιουργίαν,
1713 671 1800 724 διά
1839 688 1897 723 τε

306 766 520 835 ταύτην
550 764 651 835 τὴν
679 764 859 816 αἰτίαν
892 765 954 816 ἐκ
979 762 1072 817 τοῦ
1104 764 1179 835 μὴ
1207 764 1359 828 ὄντος
1380 764 1541 817 αὐτὸν
1569 765 1648 827 είς
1674 764 1733 816 τὸ
1759 758 1898 816 εἶναι

309 856 627 925 παρήγαγε,
684 853 996 923 λεγέτωσαν
1024 856 1159 928 ἡμῖν
1207 857 1254 909 εί
1304 858 1332 908 6
1394 854 1469 907 ὣν
1496 854 1589 907 τοῦ
1638 853 1710 925 μὴ
1745 853 1897 918 ὄντος

308 945 548 1016 (Ignis;
579 942 647 997 Τί
680 940 775 999 οῦν
806 946 914 1017 ἀρα
944 945 1095 1000 ἔσται
1129 946 1350 1015 μεῖζονς
1385 945 1445 998 τὸ
1484 945 1723 1016 ἐν’χρείᾳ
1750 944 1895 1008 τινὸς

307 1036 672 1105 καθεστηκὸς,
703 1035 738 1107 ἢ
766 1036 829 1089 τὸ
849 1036 948 1105 τὴν
977 1037 1166 1108 χρείαν
1213 1035 1607 1106 ἀναπληρῶσαι
1662 1035 1896 1105 δυνάμε-

304 1146 401 1183 νον
424 1147 440 1193 ;
480 1127 644 1181 Ἀλλά
668 1127 935 1198 πρόδηλον
961 1129 1121 1182 ὅτιτὸ
1153 1128 1327 1192 ἐνδεὲς
1352 1130 1408 1181 ὲν
1448 1127 1664 1196 ἑκάστῳ
1684 1126 1753 1179 δι’
1784 1126 1895 1193 ἀμ-

305 1220 556 1289 φοτέρων
582 1218 904 1288 πληροῦται,
958 1220 1050 1273 καὶ
1084 1220 1345 1290 ἑκάτερον
1377 1217 1569 1280 ἀτελές
1622 1220 1738 1271 ἐστι
1769 1217 1893 1269 καθ’

306 1312 499 1363 ἑαυτὸ.
536 1311 598 1364 Et
621 1311 675 1362 δὲ
704 1312 762 1362 ὲν
794 1311 953 1382 χρείᾳ
1006 1310 1229 1379 γέγονεν
1267 1313 1296 1364 6
1319 1311 1503 1373 ,ἀΐδιος
1556 1309 1747 1380 Πατὴρ
1797 1307 1891 1360 τοῦ

314 1400 524 1471 μικρὸν
565 1401 783 1471 ὕστερον
842 1401 1217 1469 ὲπιγεγονότος
1274 1402 1425 1465 Υἱοῦ,
1468 1403 1587 1455 κατ’
1627 1401 1888 1462 ὲκείνους,

309 1493 589 1561 πλήρωμα
628 1492 722 1561 τῆς
768 1492 1070 1563 ἀῖδιὸτητος
1110 1492 1203 1546 τοῦ
1260 1494 1473 1563 Πατρὸς
1501 1496 1533 1564 ὴ
1565 1491 1766 1563 γενητὴ
1796 1490 1889 1544 τοῦ

302 1582 443 1633 Ποῦ
478 1581 666 1649 γέγονε
704 1580 888 1649 φύσις·
942 1582 1035 1634 καὶ
1069 1581 1255 1635 λοιπὸν
1304 1581 1505 1653 ἐμίχθη
1561 1582 1629 1634 τὰ
1658 1581 1885 1651 ἄμικτα.

297 1675 364 1725 Et
394 1672 452 1725 δὲ
486 1672 646 1725 τοῦτο
676 1672 854 1740 λέγειν
884 1672 916 1742 ἢ
942 1675 1159 1768 φρονεῖν
1189 1672 1403 1737 ἀσεϐὲς,
1439 1673 1539 1726 οὐκ
1573 1672 1889 1739 ἐπι-γέγονεν
1921 1713 1963 1768 Β

299 1766 413 1835 ἄρα
436 1765 515 1833 τῷ
542 1764 718 1834 Ila.th
745 1766 774 1817 6
810 1762 955 1826 Υἱὸς,
994 1763 1059 1816 δι’
1092 1757 1154 1815 οῦ
1188 1762 1258 1815 τὰ
1290 1764 1467 1819 πάντα
1505 1762 1782 1831 ἐποίησεν,
1806 1761 1889 1813 οὑ-

294 1857 357 1908 δὲ
384 1857 461 1919 ὡς
493 1856 725 1926 δργανον
772 1856 1185 1927 κατεσκευάσθη
1234 1855 1369 1925 πρὸς
1433 1853 1611 1908 τοῦτο·
1670 1854 1786 1907 ἀλλ’
1819 1848 1887 1924 ἦν

298 1946 451 2017 αὐτῷ
474 1947 743 2011 συναῖδιος
767 1988 782 2008 .
812 1945 1039 2018 δύναμις
1074 1945 1237 2001 αὑτοῦ
1267 1948 1360 2000 καὶ
1410 1945 1572 2015 σοφία
1598 1944 1884 2017 ὑπάρχων.

296 2165 456 2231 Πρὸς
489 2163 627 2228 τοὺς
644 2161 1004 2230 ἐρωτῶντας·
1034 2164 1102 2215 Et
1122 2157 1283 2229 εἶχες
1308 2160 1443 2213 υἱὸν
1470 2159 1614 2231 πρίῃ
1668 2157 1884 2231 τέκῃς;

374 2226 471 2286 καὶ
508 2226 799 2300 λέῇοἰιτας
820 2248 834 2261 ·
862 2232 1026 2285 οὕτω
1051 2232 1150 2286 καὶ
1176 2226 1212 2286 ὅ
1238 2231 1383 2296 Θεὸς
1413 2226 1525 2284 οὐκ
1555 2226 1718 2297 εἶχεν
1752 2228 1887 2280 Υἱὸν

368 2303 516 2370 πρὶν
540 2300 836 2371 γεννήσῃ.

366 2442 431 2491 Οί
465 2441 723 2506 γυναῖκας
748 2437 1083 2508 ἐρωτῶντεςο
1108 2436 1171 2488 Ei
1197 2431 1341 2504 εἶχες
1370 2433 1483 2485 υἱὸν
1507 2434 1635 2503 πρὶν
1674 2434 1838 2505 τέκῃς
1866 2448 1880 2496 ;

289 2530 405 2584 ἀπό
432 2547 494 2585 τε
514 2531 611 2600 τῆς
633 2530 759 2583 καθ’
790 2529 949 2599 ἡμῶν
978 2526 1264 2599 συνηθείας
1285 2527 1353 2578 τὰ
1381 2525 1631 2595 θειότερα
1660 2523 1884 2594 δοκιμά-

287 2624 504 2686 ζοντες,
527 2620 889 2691 ὲρωτάτωσαν
915 2619 1117 2688 ὁμοίως
1148 2617 1390 2688 πατέρας
1418 2615 1450 2686 ἢ
1485 2616 1750 2686 μητέρας⁶
1784 2616 1880 2668 Ἂν

284 2713 462 2782 τέκῃς
495 2712 626 2775 υἱὸν,
647 2713 832 2778 ὅμοιος
857 2710 967 2779 ἄρα
993 2709 1074 2762 σοὶ
1108 2706 1249 2760 κατά
1282 2705 1444 2774 φύσιν
1463 2706 1752 2773 γενήσεται
1778 2722 1793 2769 ;
1844 2704 1876 2775 ἢ

287 2804 397 2871 τῆς
414 2803 585 2872 αὐτῆς
616 2802 698 2854 σοὶ
730 2801 826 2853 καὶ
871 2798 1034 2863 αὐτὸς
1074 2797 1263 2861 οὐσίας
1297 2794 1512 2868 μεθέξει
1534 2796 1605 2865 ;ἥ
1637 2793 1882 2864 ἑτεροού-

213 2961 219 2969 Ι
290 2911 410 2957 me;
439 2894 593 2946 ἔσται
638 2892 731 2945 καὶ
785 2888 1233 2960 ἀπεξενωμὲνος;
1297 2885 1674 2947 Μανθάνοντες
1707 2885 1763 2937 δὲ
1819 2884 1881 2939 τὸ

216 3004 219 3007 ·
287 2983 526 3054 ἀληθὲς,
558 2982 701 3035 οῦτω
720 2980 1090 3053 φρονείτωσαν
1125 2979 1218 3032 καὶ
1266 2978 1393 3047 περὶ
1440 2976 1595 3030 Θεοῦ.
1648 2977 1760 3029 Καὶ
1802 2976 1878 3046 μὴ

285 3045 605 3143 τὸνάρδνον
635 3045 833 3143 μὲν-είς
863 3070 962 3143 τὴν
995 3070 1205 3125 ἑαυτῶν
1230 3045 1545 3124 δυσσέϐειαν
1582 3067 1656 3132 ὡς
1684 3045 1877 3139 χρήσιέ
1907 3045 1948 3102 C

297 3183 407 3235 μον
448 3164 854 3236 ἁρπαζέτωσαν·
883 3164 946 3219 τὸ
979 3163 1034 3218 δὲ
1062 3165 1124 3217 ἐκ
1148 3164 1246 3234 τῆς
1277 3161 1419 3217 κατά
1446 3162 1607 3232 φύσιν
1630 3161 1881 3232 διαδοχῆς

303 3258 529 3324 γνήσιον
566 3258 970 3327 παροράτωσαν.
998 3256 1108 3310 Καὶ
1128 3255 1290 3311 πάλιν
1311 3255 1437 3311 ὅταν
1471 3253 1685 3324 μάθωσι
1728 3252 1881 3322 παρά

308 3344 430 3395 τῶν
450 3345 799 3414 ὲρωτωμένων
827 3346 1042 3413 γονέων,
1072 3346 1154 3401 ὅτι
1184 3344 1249 3418 δὴ
1268 3343 1417 3409 τάνὲξ
1437 3343 1618 3397 αὐτῶν
1647 3343 1880 3415 ἐσόμενα

295 3435 482 3488 τέκνα
528 3435 740 3498 πάντως
768 3435 910 3489 ἔσται
933 3441 1042 3501 τοῖς
1087 3437 1303 3492 τοκεῦσι
1360 3435 1739 3507 παραπλήσια,
1786 3438 1879 3490 καὶ

293 3525 426 3578 κατ’
455 3526 612 3579 οὐδὲν
640 3527 818 3580 αὐτῶν
838 3528 1240 3594 διαλλάττοντα,
1284 3530 1423 3583 κατά
1456 3545 1519 3597 γε
1547 3528 1639 3583 τὸν
1660 3529 1758 3599 τῆς
1787 3530 1878 3581 οὐ-

297 3616 426 3679 σίας
451 3616 627 3685 λόγον,
661 3616 1050 3673 διακείσθωσαν
1070 3619 1214 3673 οῦτω
1259 3618 1354 3671 καὶ
1420 3619 1550 3686 περὶ
1598 3617 1690 3671 τοῦ
1743 3618 1878 3672 Θεοῦ

291 3709 492 3775 Λόγου.
525 3707 634 3761 Καὶ
666 3707 847 3761 λοιπὸν
869 3708 1258 3779 ὁμολογοῦντες
1285 3711 1348 3762 ἐκ
1381 3707 1482 3775 τῆς
1501 3706 1687 3771 οὐσίας
1714 3708 1879 3761 αὑτὸν

290 3798 653 3869 γεγεννῆσθαι
679 3799 769 3854 τοῦ
806 3802 1044 3872 Πατρδς,
1072 3801 1199 3873 περὶ
1233 3801 1392 3870 μόνου
1435 3799 1530 3852 τοῦ
1563 3799 1758 3871 χρόνου
1786 3799 1880 3870 ζη-

290 3890 575 3953 τείτωσαν,
607 3892 700 3945 καί⁵
732 3891 1045 3961 λεγέτωσαν
1076 3894 1209 3962 ἡμῖν
1241 3891 1294 3942 τί
1320 3891 1381 3942 τὸ
1412 3890 1618 3944 κωλῦον
1651 3891 1737 3942 ἀεὶ
1768 3891 1879 3943 Πα-

292 3982 426 4050 τέρα
451 3977 591 4035 εἶναι
618 3983 709 4036 τὸν
736 3983 890 4045 Θεὸν,
916 3986 964 4035 εί
993 3984 1067 4055 μή
1093 4000 1172 4046 τις
1216 3982 1377 4036 αὐτὸν
1399 3985 1517 4045 ταῖς
1540 3982 1636 4052 τῆς
1667 3981 1877 4052 ἀνθρω-

296 4073 526 4144 dat-fro;
556 4074 824 4142 ἀνάγκαις
854 4076 948 4129 καὶ
979 4076 1092 4137 τοῖς
1145 4073 1245 4144 τῆς
1279 4073 1496 4142 φύσεως
1541 4072 1698 4144 ἡμῶν
1732 4073 1878 4143 ὅροις

294 4165 617 4219 ὑποκεῖσθαι
640 4165 807 4234 λέγοι·
833 4167 971 4237 ὅπερ
1002 4165 1148 4218 ἐστὶν
1202 4164 1582 4218 ἀσεϐέστατον.
1622 4164 1756 4233 Περὶ
1784 4161 1876 4215 τοῦ

292 4254 489 4325 κώνου
529 4256 705 4310 τοίνυν
751 4256 1106 4327 σκεπτόμενοι
1131 4298 1146 4323 ,
1204 4255 1282 4325 μὴ
1323 4254 1389 4308 τά
1435 4253 1737 4326 ἀνθρώπων
1772 4254 1875 4307 ίδια

292 4347 941 4419 ςτο).ιηιτραγμονείτωσαν⁹
997 4347 1130 4401 πολὺ
1186 4346 1296 4421 γάρ
1350 4345 1521 4399 ταῦτα
1569 4345 1667 4414 τῆς
1724 4344 1875 4408 θείας

262 4426 602 4509 ’ἀπῴκισται
633 4439 867 4509 φύσεως.
905 4439 1043 4493 Ἀλλ’
1067 4439 1449 4512 ὲρωτάτωσαν,
1472 4438 1520 4490 εί
1556 4435 1836 4506 βούλονται
1858 4458 1879 4502 ,-

289 4527 380 4580 τὸν
411 4528 587 4599 ἦλιον,
615 4532 663 4583 εί
703 4530 765 4584 τὸ
821 4530 881 4597 ἐξ
930 4530 1095 4584 αὐτοῦ
1147 4529 1485 4600 γεννώμενον
1530 4528 1643 4598 φῶς
1674 4523 1743 4598 ἧν
1790 4525 1876 4580 ἀεὶ

292 4621 389 4675 σὺν
420 4621 593 4692 αὐτῷ.
640 4622 1076 4693 Μανθανέτωσαν
1124 4621 1218 4676 καὶ
1269 4620 1418 4690 παρὰ
1456 4618 1551 4673 τοῦ
1591 4618 1781 4688 πυρὸς,
1828 4621 1875 4670 εί

288 4716 506 4785 προσῆν
533 4714 681 4785 αὕτῷ
724 4717 785 4770 τὸ
839 4714 1152 4788 θερμαίνειν
1195 4713 1300 4768 ἀεί.
1348 4711 1409 4765 Εἰ
1449 4710 1506 4764 δὲ
1546 4710 1639 4762 ἐπὶ
1671 4709 1877 4761 τούτων

288 4806 571 4880 σύνδρομὰ
594 4822 651 4860 τε
703 4808 795 4861 καὶ
838 4806 923 4860 ἀεὶ
955 4806 1183 4859 συνόντα
1206 4804 1273 4857 τὰ
1305 4802 1365 4868 ἐξ
1394 4801 1573 4859 αὐτῶν
1604 4799 1873 4869 φαίνεται,

212 4902 219 4909 ’
284 4900 443 4971 πόσῳ
476 4898 678 4968 μᾶλλον
705 4900 800 4952 ἐπὶ
855 4898 947 4952 τοῦ
1004 4897 1177 4953 ἀϊδίου
1212 4896 1386 4961 Θεοῦ;
1420 4895 1483 4948 Ei
1515 4892 1694 4945 τοίνυν
1734 4890 1875 4944 κατά

283 4991 451 5059 φύσιν
478 4991 544 5045 ὲκ
578 4988 670 5042 τοῦ
694 4991 906 5060 Πατρός
934 4992 1079 5044 ἐστιν
1101 4991 1130 5043 6
1160 4988 1306 5057 Υἱὸς,
1340 4987 1435 5041 καὶ
1468 4984 1529 5037 τὸ
1567 4980 1875 5050 ἀναγκάζον

276 5082 437 5136 οὐδὲν
464 5084 523 5134 ὲν
562 5083 739 5152 χρόνῳ
793 5081 1000 5134 τίκτειν
1027 5080 1114 5133 τὸν
1158 5078 1310 5140 Θεὸν,
1338 5072 1406 5148 ἦν
1439 5076 1545 5147 ἄρα
1594 5072 1671 5143 τῷ
1699 5072 1875 5142 Πατρὶ

275 5174 564 5237 συναΐδιός
589 5174 616 5225 ὁ
642 5172 701 5238 ἐξ
726 5172 890 5227 αὑτοῦ
922 5171 1199 5244 προελθὼν
1232 5164 1436 5237 Λόγος,’
1480 5167 1545 5219 δι’
1576 5160 1636 5219 οὗ
1656 5169 1767 5228 τοῖς
1801 5164 1875 5235 μὴ

272 5261 398 5321 οὖσι
422 5264 656 5334 γέγονεν
687 5266 721 5336 ἠ
750 5265 829 5328 είς
860 5264 919 5318 τὸ
945 5260 1082 5316 εἶναι
1105 5261 1356 5334 πάροδος.

983 5377 1182 5432 ΑΛΛΟ.

343 5490 581 5545 Είδέναι
612 5493 714 5561 χρὴ
744 5492 868 5555 τοὺς
890 5493 1033 5544 νοεῖν
1056 5490 1334 5553 ἐθέλοντας
1397 5489 1597 5551 καλῶς,
1631 5489 1712 5540 ὅτι
1750 5486 1870 5540 οῦτε

268 5583 567 5655 μεριστῶς
593 5584 623 5653 ἢ
660 5585 896 5654 ρευστῶς
923 5584 1180 5653 ἐγέννησε
1210 5583 1362 5645 Θεὸς,
1383 5583 1467 5634 ἵνα
1497 5600 1548 5633 τι
1578 5579 1674 5633 καὶ
1705 5578 1873 5641 πάθος

267 5677 409 5746 περὶ
456 5674 623 5727 αὑτὸν
653 5674 905 5743 γενέσθαι
941 5675 1269 5744 νομίσωμεν’
1324 5674 1385 5727 τὸ
1419 5674 1513 5739 μὲν
1541 5671 1651 5739 γὰο
1681 5670 1870 5738 tipata-

2005 580 2168 635 Patcr
2202 582 2304 635 sibi
2342 580 2533 636 Filium
2578 595 2834 653 tanquam
2865 584 3290 639 instrumentum
3323 583 3580 645 confecit,

2005 687 2112 740 quo
2138 674 2203 726 ad
2232 674 2394 729 totius
2425 676 2659 731 universi
2690 678 3022 732 creationem
3054 686 3319 739 uteretur,
3349 688 3580 742 eamque

2002 765 2073 818 ob
2105 779 2331 819 causam
2363 779 2485 819 eum
2517 782 2546 820 e
2584 767 2759 823 nihilo
2805 769 2869 822 ad
2919 783 3043 824 esse
3091 768 3351 830 traduxit,
3400 766 3578 819 dicant

2004 855 2159 918 mihi,
2184 868 2251 908 an
2288 855 2333 909 is
2361 856 2451 925 qui
2513 858 2832 921 exsistebat,
2866 872 2931 912 eo
2988 858 3078 927 qui
3111 873 3216 911 non
3242 856 3537 910 exsistebat
3560 894 3575 919 ,

2002 942 2332 1013 indiguerit?
2361 944 2639 1010 Quodnam
2665 946 2831 1017 igitur
2880 954 2961 1001 est
2996 947 3189 1015 majus,
3220 947 3271 999 id
3311 947 3457 1015 quod
3500 945 3580 997 al-

2003 1042 2120 1089 tero
2167 1042 2308 1104 eget,
2342 1045 2433 1089 aut
2473 1035 2524 1089 id
2547 1036 2690 1105 quod
2733 1038 2960 1093 alterius
2999 1046 3295 1105 egestatem
3325 1034 3577 1103 supplet?

1999 1123 2161 1193 Atqui
2197 1124 2543 1181 manifestum
2579 1137 2666 1181 est
2715 1127 2986 1182 defectum
3023 1128 3113 1195 qui
3141 1127 3193 1179 in
3218 1126 3448 1193 singulis
3493 1135 3577 1176 est

1997 1229 2093 1282 per
2120 1223 2408 1285 utrumque
2436 1216 2694 1285 suppleri,
2720 1226 2773 1271 et
2803 1226 3095 1285 utrumque
3119 1216 3173 1267 in
3202 1229 3261 1267 se
3314 1212 3575 1281 imperfe-

1997 1312 2142 1357 ctum
2170 1303 2425 1358 inveniri.
2457 1304 2514 1358 Si
2549 1319 2676 1359 vero
2702 1314 2934 1359 atternns
2963 1304 3122 1358 Pater
3147 1303 3376 1369 indiguit
3408 1299 3568 1363 Filio,

1998 1392 2088 1460 qui
2117 1394 2275 1463 paulo
2297 1404 2440 1463 post,
2474 1404 2531 1449 ut
2553 1395 2654 1463 ipsi
2687 1395 3001 1462 opinantur,
3037 1392 3209 1447 factus
3238 1401 3355 1455 est;
3384 1390 3570 1457 genita

1997 1498 2125 1555 ergo
2186 1484 2306 1541 Filii
2361 1496 2561 1541 natura
2607 1485 2787 1540 Patris
2836 1484 3197 1540 asternitatem
3262 1480 3568 1550 supplevit;

1996 1583 2158 1645 atque
2190 1576 2263 1631 ita
2293 1577 2453 1632 mista
2515 1577 2739 1640 fuerint,
2788 1591 2907 1644 quae
2947 1575 3091 1628 nulla
3123 1573 3335 1626 ratione
3358 1570 3569 1624 misceri

1998 1676 2239 1735 possunt.
2284 1667 2341 1723 Si
2390 1683 2520 1723 vero
2549 1667 2650 1722 hoc
2685 1677 2740 1722 et
2788 1668 2933 1721 dictu
2972 1675 3026 1718 et
3067 1664 3310 1733 cogitatu
3342 1660 3567 1728 impium

1990 1768 2094 1822 est,
2135 1774 2241 1815 non
2277 1766 2361 1815 est
2382 1773 2512 1829 ergo
2537 1759 2804 1829 posterior
2854 1758 3013 1811 Patre
3059 1755 3253 1817 Filius,
3282 1767 3377 1823 per
3408 1765 3567 1820 quem

1992 1850 2079 1905 ille
2102 1852 2284 1904 omnia
2318 1850 2465 1912 fecit,
2493 1864 2667 1921 neque
2704 1849 2871 1903 veluti
2922 1849 3345 1902 instrumentum
3375 1845 3441 1899 ad
3469 1844 3567 1897 hoc

1990 1940 2168 1996 factus
2192 1951 2277 1997 est
2304 1958 2319 1995 :
2349 1942 2441 1995 sed
2482 1949 2604 1995 erat
2635 1940 2684 1995 ei
2713 1948 3037 2002 coaeternus,
3066 1937 3311 2008 potentia
3344 1933 3461 2004 ejus
3503 1948 3567 1991 ac

1988 2030 2253 2101 sapientia
2284 2032 2569 2085 exsistens.

1988 2167 2246 2222 Adversus
2278 2167 2651 2231 interrogantes
2679 2180 2696 2218 :
2726 2165 2805 2217 An
2834 2164 3064 2216 habuisti
3084 2163 3256 2231 ﬁlium
3288 2172 3563 2231 antequam

2054 2238 2285 2317 pignores
2353 2244 2400 2288 et
2440 2236 2666 2288 dicentes
2697 2250 2715 2288 :
2744 2232 2843 2314 .Ita
2893 2249 3054 2317 neque
3087 2230 3228 2287 Deus
3260 2233 3443 2291 habuit
3474 2230 3566 2285 Fi-

2010 2381 2025 2391 _
2055 2313 2204 2370 tium,
2235 2313 2540 2374 priusquam
2563 2320 2681 2357 eum
2703 2313 2957 2375 gigneret.
3522 2332 3529 2339 ε

2053 2440 2155 2507 Qui
2187 2438 2441 2493 mulieres
2467 2438 2807 2508 interrogant
2841 2456 2856 2491 :
2912 2436 3231 2491 Habuistine
3264 2435 3430 2489 lilium
3461 2449 3559 2487 au-

1981 2539 2197 2600 teqnam
2228 2530 2486 2598 pareres?
2508 2532 2744 2585 humano
2770 2544 2920 2584 more
2943 2530 3153 2584 divinas
3181 2543 3268 2583 res
3294 2527 3565 2582 mstiman-

1985 2636 2085 2690 tes,
2148 2624 2485 2693 interrogent
2524 2624 2686 2678 etiam
2744 2632 2925 2692 patres
2971 2638 3047 2684 ,ac
3080 2631 3282 2676 matres
3316 2640 3330 2674 ι
3371 2619 3428 2675 Si
3464 2619 3558 2672 tibi

1983 2724 2140 2770 natus
2160 2715 2233 2769 sit
2285 2715 2447 2779 (ilius,
2470 2715 2646 2769 eritne
2678 2715 2723 2768 is
2755 2714 2849 2768 tibi
2903 2714 3102 2768 similis
3135 2712 3434 2767 secundum
3467 2726 3559 2765 na-

1981 2812 2192 2869 turam,
2222 2804 2304 2859 vel
2343 2804 2659 2872 ejusdemne
2697 2813 2873 2858 tecum
2916 2802 3237 2859 substantia:
3290 2801 3562 2872 particeps

1979 2895 2129 2950 erit?
2164 2909 2230 2950 an
2262 2896 2441 2965 potius
2472 2895 2697 2950 alterius
2758 2895 3078 2953 substantia:
3126 2894 3317 2948 aliena:
3364 2909 3393 2946 a
3425 2903 3511 2947 ttta
3538 2892 3562 2943 ?

1984 2986 2226 3042 Veritate
2256 2987 2439 3057 itaque
2468 2988 2645 3057 agnita
2668 3025 2683 3049 ,
2717 2986 2788 3040 ita
2819 2987 2985 3041 etiam
3028 2986 3094 3041 de
3137 2984 3246 3040 Deo
3303 2985 3556 3038 sentiant.

1986 3079 2164 3151 Neque
2191 3089 2402 3149 tempus
2426 3081 2646 3150 quidem
2674 3079 2741 3133 ad
2774 3093 2924 3132 suam
2950 3078 3277 3148 impietatem
3305 3085 3557 3144 tanquam

1983 3171 2117 3228 utile
2175 3172 2491 3241 abripiant:
2531 3170 2796 3224 naturalis
2827 3184 2954 3224 vero
3008 3168 3360 3239 preprietatis
3382 3167 3557 3221 conti-

1984 3262 2294 3318 ouationem
2324 3262 2645 3332 deSpiciant.
2675 3260 2740 3315 Et
2772 3276 2983 3325 rursus,
3016 3275 3136 3313 cum
3158 3273 3223 3312 ex
3250 3258 3560 3328 parentibus

1984 3353 2332 3424 interrogatis
2361 3352 2672 3413 didicerint,
2730 3351 2873 3405 lilios
2915 3350 3006 3423 qui
3040 3365 3108 3405 ex
3136 3348 3266 3417 ipsis
3297 3348 3554 3402 nascituri
3652 3408 3657 3413 I

1982 3453 2131 3512 sunt,
2191 3445 2399 3500 similcs
2443 3444 2668 3499 omnino
2737 3441 3053 3512 parentibus
3104 3439 3253 3505 fore,
3308 3438 3558 3507 nulloque

1984 3534 2165 3601 modo,
2216 3542 2478 3606 quantum
2529 3534 2593 3586 ad
2650 3531 2970 3587 substantia:
3030 3531 3295 3587 rationem
3325 3528 3556 3592 attinet,

1982 3624 2224 3678 diversos
2263 3624 2329 3676 ab
2353 3624 2483 3693 ipsis
2506 3622 2646 3685 fore.
2679 3622 2751 3676 ita
2776 3622 2941 3678 etiam
2994 3622 3060 3675 de
3094 3618 3187 3673 Dei
3228 3616 3405 3673 Verbo
3430 3631 3556 3670 sen—

1984 3713 2137 3766 tiant.
2161 3716 2237 3767 Ac
2263 3714 2518 3781 deinceps
2549 3713 2652 3785 31
2702 3713 2930 3767 latentes
2968 3710 3162 3765 Filium
3218 3725 3285 3764 ex
3320 3707 3557 3763 essentia

1984 3805 2160 3859 Patris
2192 3805 2434 3874 genitum
2473 3819 2612 3866 esse,
2641 3804 2709 3859 de
2741 3813 2986 3872 tempore
3008 3802 3182 3855 solum
3210 3809 3476 3870 quazraut,
3499 3808 3557 3854 et

1981 3896 2163 3950 dicant
2198 3896 2325 3964 quid
2354 3886 2666 3965 prohibeat,
2703 3907 2811 3963 quo
2844 3894 3021 3945 minus
3064 3892 3226 3943 Pater
3247 3891 3317 3943 sit
3345 3904 3559 3956 semper

1983 3988 2142 4053 Deus,
2165 3986 2271 4041 nisi
2302 3986 2427 4055 quis
2454 3999 2577 4041 eum
2623 3988 2872 4040 humana:
2894 3980 3222 4037 conditionis
3271 3988 3327 4034 et
3351 3988 3556 4031 natura:

1980 4078 2185 4148 legibus
2211 4075 2511 4144 subjectum
2539 4091 2661 4139 esse
2683 4077 2825 4131 dicat
2853 4094 2865 4129 :
2898 4071 3040 4142 quod
3066 4071 3288 4141 impium
3317 4086 3555 4125 sumtuo-

1980 4185 2108 4240 pere
2138 4178 2240 4229 est.
2284 4169 2727 4241 Tempusitaque
2760 4165 3193 4227 considerantes,
3221 4178 3287 4217 ne
3333 4177 3395 4216 ea
3432 4178 3553 4232 qua:

1983 4262 2290 4317 hominibus
2320 4260 2535 4331 propria
2566 4268 2710 4325 sunt,
2735 4258 3048 4327 inquirant:
3079 4255 3393 4324 longissime
3408 4255 3551 4308 enim

1983 4353 2096 4409 Itazc
2127 4368 2154 4406 a
2187 4353 2369 4407 divina
2395 4360 2586 4405 natura
2637 4356 2763 4402 sunt
2821 4357 3045 4402 remota.
3080 4346 3186 4401 Sed
3240 4356 3448 4415 rogent,
3505 4346 3551 4399 si

1981 4447 2170 4509 velint,
2199 4445 2390 4511 solem,
2423 4460 2489 4497 an
2520 4443 2699 4497 lumen
2747 4441 2887 4510 quod
2924 4457 2989 4495 ex
3016 4455 3075 4494 se
3116 4440 3307 4509 gignit,
3337 4453 3553 4507 semper

1978 4551 2161 4592 secum
2204 4535 2387 4590 luerit.
2418 4532 2766 4603 Cognoscant
2795 4532 2957 4584 etiam
2978 4545 3044 4583 ex
3069 4530 3213 4599 igne,
3237 4544 3306 4582 an
3336 4542 3553 4596 semper

1978 4629 2025 4684 ei
2056 4626 2203 4683 calor
2236 4624 2491 4681 adfuerit.
2536 4622 2592 4678 Si
2625 4636 2751 4675 vero
2802 4620 2853 4674 in
2909 4621 2991 4673 his
3031 4634 3245 4687 semper
3272 4618 3551 4673 concomi-

1979 4731 2161 4775 tantur
2191 4726 2350 4786 atque
2383 4716 2563 4769 insunt
2581 4727 2700 4781 qua:
2727 4727 2790 4766 ex
2826 4711 2957 4781 ipsis
2987 4709 3298 4779 gignuntur,
3345 4717 3551 4777 quanto

1980 4809 2150 4879 magis
2178 4809 2228 4862 in
2248 4817 2452 4863 :eterno
2478 4804 2620 4858 Deo?
2649 4802 2790 4873 Ergo
2822 4802 2866 4856 si
2893 4800 3212 4855 naturaliter
3240 4810 3326 4855 est
3354 4815 3419 4854 ex
3446 4797 3549 4854 Pa-

1980 4912 2060 4957 tre
2086 4902 2275 4966 Filius,
2306 4898 2559 4968 nullaque
2606 4894 2905 4950 necessitas
2937 4893 3007 4947 sit
3066 4901 3126 4945 ut
3154 4892 3297 4947 Dens
3324 4893 3376 4945 in
3408 4899 3547 4945 tcm-

1977 5012 2105 5068 pore
2131 4996 2314 5067 gignat
2346 5015 2357 5047 :
2387 5001 2504 5047 erat
2540 4990 2721 5058 itaque
2768 4994 3095 5041 co'eternum
3131 4983 3276 5038 Patri
3313 4982 3545 5038 Verbum

1976 5099 2045 5139 ex
2073 5083 2191 5153 ipso
2220 5080 2534 5151 procedens,
2560 5090 2660 5147 per
2702 5088 2862 5145 quem
2891 5089 2953 5130 ea
2986 5090 3106 5145 qua:
3160 5091 3264 5130 non
3288 5084 3444 5131 erant
3480 5077 3547 5128 ad

1976 5192 2098 5232 esse
2141 5174 2381 5229 traducta
2411 5177 2555 5229 sunt.

2641 5366 2800 5422 ALIU
2811 5366 2869 5421 D.

2049 5485 2202 5541 Scire
2228 5489 2441 5552 Oportet
2465 5495 2559 5535 eos
2590 5480 2681 5549 qui
2732 5488 2879 5534 recte
2909 5480 3117 5534 sentire
3150 5479 3335 5542 velint,
3376 5478 3544 5533 Deum

1977 5595 2082 5633 non
2112 5591 2206 5646 per
2238 5572 2658 5644 separationem,
2688 5580 2781 5627 aut
2834 5570 3123 5626 ﬂuxionem
3151 5570 3427 5641 genuisse,
3469 5571 3537 5621 ita

1984 5679 2039 5725 ut
2095 5664 2399 5734 passionem
2460 5661 2692 5731 aliquam
2754 5661 2802 5718 ei
2865 5660 3127 5716 accidisse
3185 5670 3536 5715 censeamus:
