  <div class='ocr_page' id='page_1' title='image "/cluster/home/n/w/nwhite01/storage/ocr_20150623/75/hvd.32044073502031/034.png"; bbox 0 0 4110 6212; ppageno 0'>
   <div class='ocr_carea' id='block_1_1' title="bbox 343 296 1908 362">
    <p class='ocr_par' dir='ltr' id='par_1_1' title="bbox 343 296 1908 352">
     <span class='ocr_line' id='line_1_1' title="bbox 343 296 1908 352; baseline -0.008 11"><span class='ocrx_word' id='word_1_1' title='bbox 343 296 406 348; x_wconf 80' lang='lat'><strong>57</strong></span> <span class='ocrx_word' id='word_1_2' title='bbox 1743 297 1908 352; x_wconf 70' lang='lat' dir='ltr'><strong>rues</strong></span> 
     </span>
    </p>
   </div>
   <div class='ocr_carea' id='block_1_2' title="bbox 2010 296 3577 362">
    <p class='ocr_par' dir='ltr' id='par_1_2' title="bbox 2010 299 3577 362">
     <span class='ocr_line' id='line_1_2' title="bbox 2010 299 3577 362; baseline 0.01 -15"><span class='ocrx_word' id='word_1_3' title='bbox 2010 299 2179 356; x_wconf 58' lang='lat' dir='ltr'><strong>LRUS.</strong></span> <span class='ocrx_word' id='word_1_4' title='bbox 3509 307 3577 362; x_wconf 79' lang='lat'><strong>58</strong></span> 
     </span>
    </p>
   </div>
   <div class='ocr_carea' id='block_1_3' title="bbox 340 411 1908 488">
    <p class='ocr_par' dir='ltr' id='par_1_3' title="bbox 340 411 1907 484">
     <span class='ocr_line' id='line_1_3' title="bbox 340 411 1907 484; baseline 0.001 -18"><span class='ocrx_word' id='word_1_5' title='bbox 340 416 452 466; x_wconf 71' lang='lat' dir='ltr'><strong>im</strong></span> <span class='ocrx_word' id='word_1_6' title='bbox 484 413 577 464; x_wconf 74' lang='grc' dir='ltr'>τοῦ</span> <span class='ocrx_word' id='word_1_7' title='bbox 612 411 911 474; x_wconf 76' lang='grc' dir='ltr'>ποιοῦντος,</span> <span class='ocrx_word' id='word_1_8' title='bbox 945 411 1080 463; x_wconf 77' lang='grc' dir='ltr'><strong>ἀλλὰ</strong></span> <span class='ocrx_word' id='word_1_9' title='bbox 1112 412 1302 481; x_wconf 85' lang='grc' dir='ltr'>τέχνης</span> <span class='ocrx_word' id='word_1_10' title='bbox 1334 412 1569 482; x_wconf 72' lang='grc' dir='ltr'>εὖρημασ</span> <span class='ocrx_word' id='word_1_11' title='bbox 1605 413 1713 483; x_wconf 80' lang='grc' dir='ltr'><strong>ἡδὲ</strong></span> <span class='ocrx_word' id='word_1_12' title='bbox 1746 416 1907 484; x_wconf 76' lang='grc' dir='ltr'>τέχνη</span> 
     </span>
    </p>
   </div>
   <div class='ocr_carea' id='block_1_4' title="bbox 2010 411 3577 488">
    <p class='ocr_par' dir='ltr' id='par_1_4' title="bbox 2014 413 3577 483">
     <span class='ocr_line' id='line_1_4' title="bbox 2014 413 3577 483; baseline 0.004 -15"><span class='ocrx_word' id='word_1_13' title='bbox 2014 416 2136 480; x_wconf 92' lang='lat' dir='ltr'><strong>lius,</strong></span> <span class='ocrx_word' id='word_1_14' title='bbox 2157 416 2314 469; x_wconf 87' lang='lat' dir='ltr'>simul</span> <span class='ocrx_word' id='word_1_15' title='bbox 2345 432 2406 470; x_wconf 90' lang='lat' dir='ltr'><strong>ac</strong></span> <span class='ocrx_word' id='word_1_16' title='bbox 2435 416 2623 477; x_wconf 78' lang='lat' dir='ltr'><strong>Filius.</strong></span> <span class='ocrx_word' id='word_1_17' title='bbox 2657 416 2837 469; x_wconf 83' lang='lat' dir='ltr'><strong>statim</strong></span> <span class='ocrx_word' id='word_1_18' title='bbox 2866 425 2919 469; x_wconf 88' lang='lat' dir='ltr'><strong>et</strong></span> <span class='ocrx_word' id='word_1_19' title='bbox 2941 413 3126 479; x_wconf 82' lang='lat' dir='ltr'><strong>Pater,</strong></span> <span class='ocrx_word' id='word_1_20' title='bbox 3148 428 3320 483; x_wconf 87' lang='lat' dir='ltr'><strong>neque</strong></span> <span class='ocrx_word' id='word_1_21' title='bbox 3349 418 3577 474; x_wconf 85' lang='lat' dir='ltr'><strong>alterum</strong></span> 
     </span>
    </p>
   </div>
   <div class='ocr_carea' id='block_1_5' title="bbox 341 501 1907 574">
    <p class='ocr_par' dir='ltr' id='par_1_5' title="bbox 341 501 1907 574">
     <span class='ocr_line' id='line_1_5' title="bbox 341 501 1907 574; baseline 0.001 -19"><span class='ocrx_word' id='word_1_22' title='bbox 341 504 499 571; x_wconf 66' lang='grc' dir='ltr'>φῦσις</span> <span class='ocrx_word' id='word_1_23' title='bbox 528 503 626 555; x_wconf 69' lang='grc' dir='ltr'><strong>οὐκ</strong></span> <span class='ocrx_word' id='word_1_24' title='bbox 650 502 815 563; x_wconf 82' lang='grc' dir='ltr'>ἔστιν,</span> <span class='ocrx_word' id='word_1_25' title='bbox 853 502 965 553; x_wconf 73' lang='grc' dir='ltr'><strong>ἀλλ’</strong></span> <span class='ocrx_word' id='word_1_26' title='bbox 990 501 1046 553; x_wconf 80' lang='grc' dir='ltr'>ἓν</span> <span class='ocrx_word' id='word_1_27' title='bbox 1074 502 1182 553; x_wconf 81' lang='grc' dir='ltr'><strong>τῶν</strong></span> <span class='ocrx_word' id='word_1_28' title='bbox 1214 506 1278 571; x_wconf 82' lang='grc' dir='ltr'>τῇ</span> <span class='ocrx_word' id='word_1_29' title='bbox 1331 502 1487 569; x_wconf 74' lang='grc' dir='ltr'>φύσει</span> <span class='ocrx_word' id='word_1_30' title='bbox 1534 504 1907 574; x_wconf 83' lang='grc' dir='ltr'>προσόντων),</span> 
     </span>
    </p>
   </div>
   <div class='ocr_carea' id='block_1_6' title="bbox 343 594 1911 667">
    <p class='ocr_par' dir='ltr' id='par_1_6' title="bbox 343 594 1911 667">
     <span class='ocr_line' id='line_1_6' title="bbox 343 594 1911 667; baseline 0.002 -21"><span class='ocrx_word' id='word_1_31' title='bbox 343 595 455 657; x_wconf 80' lang='grc' dir='ltr'><strong>πῶς</strong></span> <span class='ocrx_word' id='word_1_32' title='bbox 478 612 622 657; x_wconf 85' lang='grc' dir='ltr'>τινες</span> <span class='ocrx_word' id='word_1_33' title='bbox 643 595 734 646; x_wconf 56' lang='lat' dir='ltr'><strong>sui</strong></span> <span class='ocrx_word' id='word_1_34' title='bbox 762 594 897 646; x_wconf 78' lang='grc' dir='ltr'>Θεοῦ</span> <span class='ocrx_word' id='word_1_35' title='bbox 922 594 995 658; x_wconf 83' lang='grc' dir='ltr'>ὡς</span> <span class='ocrx_word' id='word_1_36' title='bbox 1018 594 1211 646; x_wconf 73' lang='grc' dir='ltr'>ταυτὸν</span> <span class='ocrx_word' id='word_1_37' title='bbox 1236 595 1546 663; x_wconf 73' lang='grc' dir='ltr'>εἰσφέρουσι</span> <span class='ocrx_word' id='word_1_38' title='bbox 1578 595 1701 667; x_wconf 83' lang='grc' dir='ltr'>ποίη</span> <span class='ocrx_word' id='word_1_39' title='bbox 1712 614 1788 667; x_wconf 88' lang='grc' dir='ltr'><strong>μα</strong></span> <span class='ocrx_word' id='word_1_40' title='bbox 1818 599 1911 651; x_wconf 75' lang='grc' dir='ltr'><strong>καὶ</strong></span> 
     </span>
    </p>
   </div>
   <div class='ocr_carea' id='block_1_7' title="bbox 340 684 1911 754">
    <p class='ocr_par' dir='ltr' id='par_1_7' title="bbox 340 684 1911 754">
     <span class='ocr_line' id='line_1_7' title="bbox 340 684 1911 754; baseline 0.003 -18"><span class='ocrx_word' id='word_1_41' title='bbox 340 685 605 754; x_wconf 75' lang='grc' dir='ltr'><strong>γέννημα,</strong></span> <span class='ocrx_word' id='word_1_42' title='bbox 648 685 865 753; x_wconf 79' lang='grc' dir='ltr'><strong>Πατέρα</strong></span> <span class='ocrx_word' id='word_1_43' title='bbox 903 684 1159 738; x_wconf 76' lang='grc' dir='ltr'>δύνασθαι</span> <span class='ocrx_word' id='word_1_44' title='bbox 1210 685 1395 738; x_wconf 79' lang='grc' dir='ltr'>καλεῖν</span> <span class='ocrx_word' id='word_1_45' title='bbox 1436 686 1684 754; x_wconf 78' lang='grc' dir='ltr'>λέγοντες</span> <span class='ocrx_word' id='word_1_46' title='bbox 1710 688 1911 754; x_wconf 77' lang='grc' dir='ltr'>αὐτὸν,</span> 
     </span>
    </p>
   </div>
   <div class='ocr_carea' id='block_1_8' title="bbox 335 776 1913 850">
    <p class='ocr_par' dir='ltr' id='par_1_8' title="bbox 335 776 1913 850">
     <span class='ocr_line' id='line_1_8' title="bbox 335 776 1913 850; baseline 0.002 -21"><span class='ocrx_word' id='word_1_47' title='bbox 335 779 424 830; x_wconf 77' lang='grc' dir='ltr'><strong>καὶ</strong></span> <span class='ocrx_word' id='word_1_48' title='bbox 462 779 571 830; x_wconf 68' lang='grc' dir='ltr'>οὐκ</span> <span class='ocrx_word' id='word_1_49' title='bbox 603 776 751 840; x_wconf 74' lang='grc' dir='ltr'>ὄντος</span> <span class='ocrx_word' id='word_1_50' title='bbox 778 776 908 829; x_wconf 85' lang='grc' dir='ltr'><strong>Υἱοῦ</strong></span> <span class='ocrx_word' id='word_1_51' title='bbox 933 794 947 840; x_wconf 75' lang='grc' dir='ltr'><strong>ς</strong></span> <span class='ocrx_word' id='word_1_52' title='bbox 978 776 1195 846; x_wconf 80' lang='grc' dir='ltr'><strong>Ἐπειδὴ</strong></span> <span class='ocrx_word' id='word_1_53' title='bbox 1223 777 1315 828; x_wconf 69' lang='grc' dir='ltr'><strong>καὶ</strong></span> <span class='ocrx_word' id='word_1_54' title='bbox 1339 776 1669 847; x_wconf 77' lang='grc' dir='ltr'>δημιουργὸς</span> <span class='ocrx_word' id='word_1_55' title='bbox 1699 779 1913 850; x_wconf 81' lang='grc' dir='ltr'>ὑπῆρχε</span> 
     </span>
    </p>
   </div>
   <div class='ocr_carea' id='block_1_9' title="bbox 336 869 1917 940">
    <p class='ocr_par' dir='ltr' id='par_1_9' title="bbox 336 869 1917 940">
     <span class='ocr_line' id='line_1_9' title="bbox 336 869 1917 940; baseline 0.001 -19"><span class='ocrx_word' id='word_1_56' title='bbox 336 870 441 939; x_wconf 77' lang='grc' dir='ltr'><strong>πρὸ</strong></span> <span class='ocrx_word' id='word_1_57' title='bbox 473 870 586 922; x_wconf 78' lang='grc' dir='ltr'>τῶν</span> <span class='ocrx_word' id='word_1_58' title='bbox 620 869 1137 940; x_wconf 80' lang='grc' dir='ltr'>δημιουργημάτων.</span> <span class='ocrx_word' id='word_1_59' title='bbox 1167 869 1389 937; x_wconf 84' lang='grc' dir='ltr'>Ὅμοιον</span> <span class='ocrx_word' id='word_1_60' title='bbox 1425 869 1533 939; x_wconf 81' lang='grc' dir='ltr'>γάρ</span> <span class='ocrx_word' id='word_1_61' title='bbox 1571 872 1716 922; x_wconf 76' lang='grc' dir='ltr'>ἐστιν</span> <span class='ocrx_word' id='word_1_62' title='bbox 1758 871 1833 934; x_wconf 84' lang='grc' dir='ltr'>ὡς</span> <span class='ocrx_word' id='word_1_63' title='bbox 1863 873 1917 925; x_wconf 72' lang='grc' dir='ltr'>εἴ</span> 
     </span>
    </p>
   </div>
   <div class='ocr_carea' id='block_1_10' title="bbox 334 959 1915 1032">
    <p class='ocr_par' dir='ltr' id='par_1_10' title="bbox 334 959 1915 1032">
     <span class='ocr_line' id='line_1_10' title="bbox 334 959 1915 1032; baseline 0.003 -21"><span class='ocrx_word' id='word_1_64' title='bbox 334 979 413 1023; x_wconf 79' lang='grc' dir='ltr'><strong>τις</strong></span> <span class='ocrx_word' id='word_1_65' title='bbox 448 961 657 1012; x_wconf 74' lang='grc' dir='ltr'>καὶτὸν</span> <span class='ocrx_word' id='word_1_66' title='bbox 689 959 1032 1031; x_wconf 80' lang='grc' dir='ltr'><strong>ναυπηγικὴν</strong></span> <span class='ocrx_word' id='word_1_67' title='bbox 1067 960 1263 1029; x_wconf 73' lang='grc' dir='ltr'>ἔχοντα</span> <span class='ocrx_word' id='word_1_68' title='bbox 1316 961 1529 1031; x_wconf 81' lang='grc' dir='ltr'>τέχνην,</span> <span class='ocrx_word' id='word_1_69' title='bbox 1563 962 1782 1032; x_wconf 81' lang='grc' dir='ltr'>Πατέρα</span> <span class='ocrx_word' id='word_1_70' title='bbox 1816 981 1915 1016; x_wconf 85' lang='grc' dir='ltr'>κα·-</span> 
     </span>
    </p>
   </div>
   <div class='ocr_carea' id='block_1_11' title="bbox 333 1044 1915 1122">
    <p class='ocr_par' dir='ltr' id='par_1_11' title="bbox 333 1044 1915 1122">
     <span class='ocr_line' id='line_1_11' title="bbox 333 1044 1915 1122; baseline 0.002 -19"><span class='ocrx_word' id='word_1_71' title='bbox 333 1044 458 1120; x_wconf 77' lang='grc' dir='ltr'>λοίη</span> <span class='ocrx_word' id='word_1_72' title='bbox 493 1052 587 1103; x_wconf 67' lang='grc' dir='ltr'><strong>κα)⁵</strong></span> <span class='ocrx_word' id='word_1_73' title='bbox 625 1051 700 1121; x_wconf 82' lang='grc' dir='ltr'>μὴ</span> <span class='ocrx_word' id='word_1_74' title='bbox 740 1051 888 1113; x_wconf 72' lang='grc' dir='ltr'>ὄντος</span> <span class='ocrx_word' id='word_1_75' title='bbox 923 1050 1077 1104; x_wconf 77' lang='grc' dir='ltr'><strong>Υίοῦ·</strong></span> <span class='ocrx_word' id='word_1_76' title='bbox 1112 1052 1233 1104; x_wconf 75' lang='grc' dir='ltr'>ἐπεὶ</span> <span class='ocrx_word' id='word_1_77' title='bbox 1285 1052 1378 1104; x_wconf 80' lang='grc' dir='ltr'><strong>καὶ</strong></span> <span class='ocrx_word' id='word_1_78' title='bbox 1433 1054 1711 1122; x_wconf 79' lang='grc' dir='ltr'>ναυπηγός</span> <span class='ocrx_word' id='word_1_79' title='bbox 1768 1055 1915 1107; x_wconf 75' lang='grc' dir='ltr'>ἐστιν</span> 
     </span>
    </p>
   </div>
   <div class='ocr_carea' id='block_1_12' title="bbox 333 1143 1916 1215">
    <p class='ocr_par' dir='ltr' id='par_1_12' title="bbox 333 1143 1916 1215">
     <span class='ocr_line' id='line_1_12' title="bbox 333 1143 1916 1215; baseline 0.003 -21"><span class='ocrx_word' id='word_1_80' title='bbox 333 1144 465 1194; x_wconf 79' lang='grc' dir='ltr'>ὅσον</span> <span class='ocrx_word' id='word_1_81' title='bbox 492 1145 572 1205; x_wconf 82' lang='grc' dir='ltr'><strong>εἰς</strong></span> <span class='ocrx_word' id='word_1_82' title='bbox 592 1144 691 1213; x_wconf 79' lang='grc' dir='ltr'>τὴν</span> <span class='ocrx_word' id='word_1_83' title='bbox 713 1143 924 1213; x_wconf 76' lang='grc' dir='ltr'>τέχνην,</span> <span class='ocrx_word' id='word_1_84' title='bbox 945 1144 1039 1196; x_wconf 68' lang='grc' dir='ltr'>καὶ</span> <span class='ocrx_word' id='word_1_85' title='bbox 1064 1144 1161 1215; x_wconf 84' lang='grc' dir='ltr'>τὴν</span> <span class='ocrx_word' id='word_1_86' title='bbox 1190 1143 1283 1196; x_wconf 79' lang='grc' dir='ltr'><strong>τοῦ</strong></span> <span class='ocrx_word' id='word_1_87' title='bbox 1314 1143 1572 1197; x_wconf 77' lang='grc' dir='ltr'>δύνασθαι</span> <span class='ocrx_word' id='word_1_88' title='bbox 1602 1147 1773 1198; x_wconf 82' lang='grc' dir='ltr'>ποιεῖν</span> <span class='ocrx_word' id='word_1_89' title='bbox 1804 1148 1916 1198; x_wconf 82' lang='grc' dir='ltr'>ὲπι·</span> 
     </span>
    </p>
   </div>
   <div class='ocr_carea' id='block_1_13' title="bbox 334 1235 1911 1308">
    <p class='ocr_par' dir='ltr' id='par_1_13' title="bbox 334 1235 1911 1308">
     <span class='ocr_line' id='line_1_13' title="bbox 334 1235 1911 1308; baseline 0.002 -21"><span class='ocrx_word' id='word_1_90' title='bbox 334 1235 665 1304; x_wconf 81' lang='grc' dir='ltr'>τηδειότητα</span> <span class='ocrx_word' id='word_1_91' title='bbox 698 1235 829 1306; x_wconf 73' lang='grc' dir='ltr'>ἔχει,</span> <span class='ocrx_word' id='word_1_92' title='bbox 853 1238 946 1289; x_wconf 72' lang='grc' dir='ltr'><strong>καὶ</strong></span> <span class='ocrx_word' id='word_1_93' title='bbox 978 1238 1026 1289; x_wconf 82' lang='grc' dir='ltr'><strong>εί</strong></span> <span class='ocrx_word' id='word_1_94' title='bbox 1048 1238 1119 1308; x_wconf 87' lang='grc' dir='ltr'><strong>μή</strong></span> <span class='ocrx_word' id='word_1_95' title='bbox 1150 1254 1235 1289; x_wconf 88' lang='grc' dir='ltr'><strong>πω</strong></span> <span class='ocrx_word' id='word_1_96' title='bbox 1252 1236 1312 1289; x_wconf 86' lang='grc' dir='ltr'><strong>τὸ</strong></span> <span class='ocrx_word' id='word_1_97' title='bbox 1331 1236 1537 1306; x_wconf 79' lang='grc' dir='ltr'><strong>σκάφος</strong></span> <span class='ocrx_word' id='word_1_98' title='bbox 1572 1238 1911 1291; x_wconf 76' lang='grc' dir='ltr'>κατεσκεύα-</span> 
     </span>
    </p>
   </div>
   <div class='ocr_carea' id='block_1_14' title="bbox 336 1327 1914 1399">
    <p class='ocr_par' dir='ltr' id='par_1_14' title="bbox 336 1327 1914 1399">
     <span class='ocr_line' id='line_1_14' title="bbox 336 1327 1914 1399; baseline 0.001 -19"><span class='ocrx_word' id='word_1_99' title='bbox 336 1346 461 1381; x_wconf 82' lang='grc' dir='ltr'>σεν.</span> <span class='ocrx_word' id='word_1_100' title='bbox 501 1328 641 1380; x_wconf 73' lang='grc' dir='ltr'><strong>Ἀλλ’</strong></span> <span class='ocrx_word' id='word_1_101' title='bbox 674 1330 703 1380; x_wconf 90' lang='lat'><strong>6</strong></span> <span class='ocrx_word' id='word_1_102' title='bbox 729 1327 972 1391; x_wconf 80' lang='grc' dir='ltr'>τοιοῦτος</span> <span class='ocrx_word' id='word_1_103' title='bbox 1016 1329 1293 1398; x_wconf 81' lang='grc' dir='ltr'>ναυπηγὸς</span> <span class='ocrx_word' id='word_1_104' title='bbox 1340 1330 1439 1398; x_wconf 76' lang='grc' dir='ltr'><strong>μὲν</strong></span> <span class='ocrx_word' id='word_1_105' title='bbox 1487 1329 1658 1391; x_wconf 79' lang='grc' dir='ltr'>ἔσται,</span> <span class='ocrx_word' id='word_1_106' title='bbox 1690 1330 1783 1382; x_wconf 81' lang='grc' dir='ltr'>καὶ</span> <span class='ocrx_word' id='word_1_107' title='bbox 1808 1328 1914 1399; x_wconf 86' lang='grc' dir='ltr'>πρὸ</span> 
     </span>
    </p>
   </div>
   <div class='ocr_carea' id='block_1_15' title="bbox 337 1418 1915 1490">
    <p class='ocr_par' dir='ltr' id='par_1_15' title="bbox 337 1418 1915 1490">
     <span class='ocr_line' id='line_1_15' title="bbox 337 1418 1915 1490; baseline -0.001 -17"><span class='ocrx_word' id='word_1_108' title='bbox 337 1420 445 1474; x_wconf 75' lang='grc' dir='ltr'><strong>τοῦ</strong></span> <span class='ocrx_word' id='word_1_109' title='bbox 477 1420 709 1488; x_wconf 73' lang='grc' dir='ltr'>σκάφους</span> <span class='ocrx_word' id='word_1_110' title='bbox 735 1420 818 1473; x_wconf 80' lang='grc' dir='ltr'>διὰ</span> <span class='ocrx_word' id='word_1_111' title='bbox 849 1420 948 1489; x_wconf 81' lang='grc' dir='ltr'><strong>τήν</strong></span> <span class='ocrx_word' id='word_1_112' title='bbox 972 1418 1186 1490; x_wconf 81' lang='grc' dir='ltr'>τέχνην,</span> <span class='ocrx_word' id='word_1_113' title='bbox 1222 1418 1408 1488; x_wconf 83' lang='grc' dir='ltr'>Πατὴρ</span> <span class='ocrx_word' id='word_1_114' title='bbox 1435 1419 1489 1471; x_wconf 81' lang='grc' dir='ltr'>δὲ</span> <span class='ocrx_word' id='word_1_115' title='bbox 1518 1419 1699 1471; x_wconf 83' lang='grc' dir='ltr'>οὐκέτι</span> <span class='ocrx_word' id='word_1_116' title='bbox 1728 1420 1801 1488; x_wconf 84' lang='grc' dir='ltr'><strong>μή</strong></span> <span class='ocrx_word' id='word_1_117' title='bbox 1831 1436 1915 1471; x_wconf 87' lang='grc' dir='ltr'><strong>πω</strong></span> 
     </span>
    </p>
   </div>
   <div class='ocr_carea' id='block_1_16' title="bbox 338 1509 1915 1580">
    <p class='ocr_par' dir='ltr' id='par_1_16' title="bbox 338 1509 1915 1580">
     <span class='ocr_line' id='line_1_16' title="bbox 338 1509 1915 1580; baseline -0.001 -18"><span class='ocrx_word' id='word_1_118' title='bbox 338 1528 407 1577; x_wconf 85' lang='grc' dir='ltr'><strong>γε</strong></span> <span class='ocrx_word' id='word_1_119' title='bbox 418 1510 635 1577; x_wconf 82' lang='grc' dir='ltr'>γονότος</span> <span class='ocrx_word' id='word_1_120' title='bbox 651 1510 738 1562; x_wconf 80' lang='grc' dir='ltr'>τοῦ</span> <span class='ocrx_word' id='word_1_121' title='bbox 760 1511 823 1562; x_wconf 76' lang='grc' dir='ltr'>δι’</span> <span class='ocrx_word' id='word_1_122' title='bbox 834 1510 893 1562; x_wconf 78' lang='grc' dir='ltr'>ὃν</span> <span class='ocrx_word' id='word_1_123' title='bbox 916 1509 1067 1563; x_wconf 78' lang='grc' dir='ltr'>ἔσται</span> <span class='ocrx_word' id='word_1_124' title='bbox 1088 1512 1232 1580; x_wconf 82' lang='grc' dir='ltr'>πατή</span> <span class='ocrx_word' id='word_1_125' title='bbox 1241 1527 1292 1580; x_wconf 88' lang='grc' dir='ltr'>ρ.</span> <span class='ocrx_word' id='word_1_126' title='bbox 1310 1510 1419 1562; x_wconf 79' lang='grc' dir='ltr'>Καὶ</span> <span class='ocrx_word' id='word_1_127' title='bbox 1435 1509 1502 1561; x_wconf 79' lang='grc' dir='ltr'>τὰ</span> <span class='ocrx_word' id='word_1_128' title='bbox 1526 1510 1622 1579; x_wconf 84' lang='grc' dir='ltr'><strong>μὲν</strong></span> <span class='ocrx_word' id='word_1_129' title='bbox 1641 1509 1915 1579; x_wconf 83' lang='grc' dir='ltr'>ποιήματα</span> 
     </span>
    </p>
   </div>
   <div class='ocr_carea' id='block_1_17' title="bbox 336 1592 1912 1679">
    <p class='ocr_par' dir='ltr' id='par_1_17' title="bbox 336 1592 1912 1679">
     <span class='ocr_line' id='line_1_17' title="bbox 336 1592 1912 1679; baseline 0 -28"><span class='ocrx_word' id='word_1_130' title='bbox 336 1601 442 1651; x_wconf 78' lang='grc' dir='ltr'>καὶ</span> <span class='ocrx_word' id='word_1_131' title='bbox 472 1601 545 1670; x_wconf 77' lang='grc' dir='ltr'><strong>μὴ</strong></span> <span class='ocrx_word' id='word_1_132' title='bbox 568 1600 824 1668; x_wconf 83' lang='grc' dir='ltr'>γεγονότα</span> <span class='ocrx_word' id='word_1_133' title='bbox 852 1600 952 1679; x_wconf 75' lang='grc' dir='ltr'><strong>οὐκ</strong></span> <span class='ocrx_word' id='word_1_134' title='bbox 975 1601 1187 1669; x_wconf 81' lang='grc' dir='ltr'>ἀναιρεῖ</span> <span class='ocrx_word' id='word_1_135' title='bbox 1220 1599 1278 1651; x_wconf 82' lang='grc' dir='ltr'>τὸ</span> <span class='ocrx_word' id='word_1_136' title='bbox 1318 1597 1575 1650; x_wconf 80' lang='grc' dir='ltr'>δύνασθαί</span> <span class='ocrx_word' id='word_1_137' title='bbox 1623 1615 1743 1650; x_wconf 89' lang='grc' dir='ltr'>τινα</span> <span class='ocrx_word' id='word_1_138' title='bbox 1775 1592 1912 1651; x_wconf 78' lang='grc' dir='ltr'>εἶναι</span> 
     </span>
    </p>
   </div>
   <div class='ocr_carea' id='block_1_18' title="bbox 334 1689 1911 1761">
    <p class='ocr_par' dir='ltr' id='par_1_18' title="bbox 334 1689 1911 1761">
     <span class='ocr_line' id='line_1_18' title="bbox 334 1689 1911 1761; baseline 0 -19"><span class='ocrx_word' id='word_1_139' title='bbox 334 1692 594 1760; x_wconf 72' lang='grc' dir='ltr'><strong>ποιητήν⁸</strong></span> <span class='ocrx_word' id='word_1_140' title='bbox 618 1694 646 1745; x_wconf 89' lang='grc' dir='ltr'>ὁ</span> <span class='ocrx_word' id='word_1_141' title='bbox 674 1691 730 1744; x_wconf 80' lang='grc' dir='ltr'>δὲ</span> <span class='ocrx_word' id='word_1_142' title='bbox 789 1692 899 1754; x_wconf 79' lang='grc' dir='ltr'>υἱὸς</span> <span class='ocrx_word' id='word_1_143' title='bbox 928 1689 1077 1744; x_wconf 76' lang='grc' dir='ltr'>οὔπω</span> <span class='ocrx_word' id='word_1_144' title='bbox 1115 1690 1421 1761; x_wconf 86' lang='grc' dir='ltr'>γενόμενος,</span> <span class='ocrx_word' id='word_1_145' title='bbox 1457 1690 1740 1759; x_wconf 76' lang='grc' dir='ltr'>ἀναιρήσει</span> <span class='ocrx_word' id='word_1_146' title='bbox 1775 1689 1911 1742; x_wconf 82' lang='grc' dir='ltr'>πάν-</span> 
     </span>
    </p>
   </div>
   <div class='ocr_carea' id='block_1_19' title="bbox 2013 505 3577 574">
    <p class='ocr_par' dir='ltr' id='par_1_19' title="bbox 2013 505 3577 574">
     <span class='ocr_line' id='line_1_19' title="bbox 2013 505 3577 574; baseline 0.003 -15"><span class='ocrx_word' id='word_1_147' title='bbox 2013 506 2215 573; x_wconf 88' lang='lat' dir='ltr'><strong>absque</strong></span> <span class='ocrx_word' id='word_1_148' title='bbox 2280 505 2447 559; x_wconf 85' lang='lat' dir='ltr'><strong>altero</strong></span> <span class='ocrx_word' id='word_1_149' title='bbox 2499 506 2718 574; x_wconf 77' lang='lat' dir='ltr'><strong>intelligi</strong></span> <span class='ocrx_word' id='word_1_150' title='bbox 2764 515 2957 572; x_wconf 82' lang='lat' dir='ltr'><strong>potest.</strong></span> <span class='ocrx_word' id='word_1_151' title='bbox 3006 505 3152 574; x_wconf 87' lang='lat' dir='ltr'><strong>Opus</strong></span> <span class='ocrx_word' id='word_1_152' title='bbox 3191 517 3367 561; x_wconf 88' lang='lat' dir='ltr'><strong>autem</strong></span> <span class='ocrx_word' id='word_1_153' title='bbox 3412 509 3577 564; x_wconf 81' lang='lat' dir='ltr'><strong>etiam</strong></span> 
     </span>
    </p>
   </div>
   <div class='ocr_carea' id='block_1_20' title="bbox 2012 600 3571 669">
    <p class='ocr_par' dir='ltr' id='par_1_20' title="bbox 2012 600 3571 669">
     <span class='ocr_line' id='line_1_20' title="bbox 2012 600 3571 669; baseline 0.003 -17"><span class='ocrx_word' id='word_1_154' title='bbox 2012 612 2130 668; x_wconf 82' lang='lat' dir='ltr'><strong>post</strong></span> <span class='ocrx_word' id='word_1_155' title='bbox 2164 600 2533 653; x_wconf 82' lang='lat' dir='ltr'><strong>exsistentiam</strong></span> <span class='ocrx_word' id='word_1_156' title='bbox 2563 600 2770 667; x_wconf 88' lang='lat' dir='ltr'><strong>opilicis</strong></span> <span class='ocrx_word' id='word_1_157' title='bbox 2796 602 2963 668; x_wconf 79' lang='lat' dir='ltr'><strong>possit</strong></span> <span class='ocrx_word' id='word_1_158' title='bbox 2992 601 3162 654; x_wconf 88' lang='lat' dir='ltr'><strong>videri</strong></span> <span class='ocrx_word' id='word_1_159' title='bbox 3190 601 3397 669; x_wconf 85' lang='lat' dir='ltr'><strong>(neque</strong></span> <span class='ocrx_word' id='word_1_160' title='bbox 3424 619 3571 656; x_wconf 85' lang='lat' dir='ltr'><strong>entm</strong></span> 
     </span>
    </p>
   </div>
   <div class='ocr_carea' id='block_1_21' title="bbox 2010 690 3577 757">
    <p class='ocr_par' dir='ltr' id='par_1_21' title="bbox 2010 690 3577 757">
     <span class='ocr_line' id='line_1_21' title="bbox 2010 690 3577 757; baseline 0.002 -14"><span class='ocrx_word' id='word_1_161' title='bbox 2010 699 2094 743; x_wconf 89' lang='lat' dir='ltr'><strong>est</strong></span> <span class='ocrx_word' id='word_1_162' title='bbox 2126 704 2187 744; x_wconf 85' lang='lat' dir='ltr'><strong>ex</strong></span> <span class='ocrx_word' id='word_1_163' title='bbox 2222 700 2409 743; x_wconf 88' lang='lat' dir='ltr'><strong>natura</strong></span> <span class='ocrx_word' id='word_1_164' title='bbox 2437 690 2669 757; x_wconf 84' lang='lat' dir='ltr'><strong>opiﬁcis,</strong></span> <span class='ocrx_word' id='word_1_165' title='bbox 2701 690 2792 743; x_wconf 83' lang='lat' dir='ltr'><strong>sed</strong></span> <span class='ocrx_word' id='word_1_166' title='bbox 2818 693 2949 743; x_wconf 91' lang='lat' dir='ltr'><strong>artis</strong></span> <span class='ocrx_word' id='word_1_167' title='bbox 2991 691 3268 744; x_wconf 89' lang='lat' dir='ltr'><strong>inventum</strong></span> <span class='ocrx_word' id='word_1_168' title='bbox 3302 710 3315 745; x_wconf 89' lang='lat'>:</span> <span class='ocrx_word' id='word_1_169' title='bbox 3363 707 3455 746; x_wconf 85' lang='lat' dir='ltr'><strong>ars</strong></span> <span class='ocrx_word' id='word_1_170' title='bbox 3479 708 3577 746; x_wconf 87' lang='lat' dir='ltr'><strong>au-</strong></span> 
     </span>
    </p>
   </div>
   <div class='ocr_carea' id='block_1_22' title="bbox 2014 778 3577 848">
    <p class='ocr_par' dir='ltr' id='par_1_22' title="bbox 2014 778 3577 848">
     <span class='ocr_line' id='line_1_22' title="bbox 2014 778 3577 848; baseline 0.001 -16"><span class='ocrx_word' id='word_1_171' title='bbox 2014 789 2121 832; x_wconf 91' lang='lat' dir='ltr'><strong>tem</strong></span> <span class='ocrx_word' id='word_1_172' title='bbox 2154 794 2254 832; x_wconf 85' lang='lat' dir='ltr'><strong>non</strong></span> <span class='ocrx_word' id='word_1_173' title='bbox 2291 789 2371 832; x_wconf 90' lang='lat' dir='ltr'><strong>est</strong></span> <span class='ocrx_word' id='word_1_174' title='bbox 2403 788 2617 840; x_wconf 87' lang='lat' dir='ltr'><strong>natura,</strong></span> <span class='ocrx_word' id='word_1_175' title='bbox 2648 778 2740 832; x_wconf 88' lang='lat' dir='ltr'><strong>sed</strong></span> <span class='ocrx_word' id='word_1_176' title='bbox 2778 794 2940 832; x_wconf 91' lang='lat' dir='ltr'><strong>unum</strong></span> <span class='ocrx_word' id='word_1_177' title='bbox 2989 778 3189 848; x_wconf 87' lang='lat' dir='ltr'><strong>aliquid</strong></span> <span class='ocrx_word' id='word_1_178' title='bbox 3221 794 3409 833; x_wconf 89' lang='lat' dir='ltr'><strong>eorum</strong></span> <span class='ocrx_word' id='word_1_179' title='bbox 3458 796 3577 848; x_wconf 74' lang='lat' dir='ltr'><strong>qua:</strong></span> 
     </span>
    </p>
   </div>
   <div class='ocr_carea' id='block_1_23' title="bbox 2012 869 3578 939">
    <p class='ocr_par' dir='ltr' id='par_1_23' title="bbox 2012 869 3578 939">
     <span class='ocr_line' id='line_1_23' title="bbox 2012 869 3578 939; baseline 0.002 -16"><span class='ocrx_word' id='word_1_180' title='bbox 2012 880 2217 923; x_wconf 53' lang='lat' dir='ltr'><strong>natura).</strong></span> <span class='ocrx_word' id='word_1_181' title='bbox 2249 869 2500 939; x_wconf 86' lang='lat' dir='ltr'><strong>insunt);</strong></span> <span class='ocrx_word' id='word_1_182' title='bbox 2558 884 2788 936; x_wconf 84' lang='lat' dir='ltr'><strong>quonam</strong></span> <span class='ocrx_word' id='word_1_183' title='bbox 2840 880 2996 937; x_wconf 86' lang='lat' dir='ltr'><strong>pacto</strong></span> <span class='ocrx_word' id='word_1_184' title='bbox 3058 870 3296 925; x_wconf 83' lang='lat' dir='ltr'><strong>nonnulli</strong></span> <span class='ocrx_word' id='word_1_185' title='bbox 3355 871 3405 924; x_wconf 91' lang='lat' dir='ltr'><strong>in</strong></span> <span class='ocrx_word' id='word_1_186' title='bbox 3470 872 3578 926; x_wconf 85' lang='lat' dir='ltr'><strong>Deo</strong></span> 
     </span>
    </p>
   </div>
   <div class='ocr_carea' id='block_1_24' title="bbox 2013 961 3574 1030">
    <p class='ocr_par' dir='ltr' id='par_1_24' title="bbox 2013 961 3574 1030">
     <span class='ocr_line' id='line_1_24' title="bbox 2013 961 3574 1030; baseline 0.002 -15"><span class='ocrx_word' id='word_1_187' title='bbox 2013 971 2266 1030; x_wconf 84' lang='lat' dir='ltr'><strong>tanquam</strong></span> <span class='ocrx_word' id='word_1_188' title='bbox 2293 963 2431 1015; x_wconf 90' lang='lat' dir='ltr'><strong>idem</strong></span> <span class='ocrx_word' id='word_1_189' title='bbox 2467 971 2709 1015; x_wconf 86' lang='lat' dir='ltr'><strong>statuunt</strong></span> <span class='ocrx_word' id='word_1_190' title='bbox 2734 961 2933 1015; x_wconf 77' lang='lat' dir='ltr'><strong>factum</strong></span> <span class='ocrx_word' id='word_1_191' title='bbox 2962 970 3017 1015; x_wconf 91' lang='lat' dir='ltr'><strong>et</strong></span> <span class='ocrx_word' id='word_1_192' title='bbox 3041 962 3304 1029; x_wconf 76' lang='lat' dir='ltr'><strong>genitum,</strong></span> <span class='ocrx_word' id='word_1_193' title='bbox 3331 964 3574 1018; x_wconf 84' lang='lat' dir='ltr'><strong>dicentes</strong></span> 
     </span>
    </p>
   </div>
   <div class='ocr_carea' id='block_1_25' title="bbox 2012 1052 3578 1121">
    <p class='ocr_par' dir='ltr' id='par_1_25' title="bbox 2012 1052 3578 1121">
     <span class='ocr_line' id='line_1_25' title="bbox 2012 1052 3578 1121; baseline 0 -14"><span class='ocrx_word' id='word_1_194' title='bbox 2012 1069 2169 1121; x_wconf 89' lang='lat' dir='ltr'><strong>posse</strong></span> <span class='ocrx_word' id='word_1_195' title='bbox 2204 1068 2325 1106; x_wconf 90' lang='lat' dir='ltr'><strong>eum</strong></span> <span class='ocrx_word' id='word_1_196' title='bbox 2350 1052 2526 1105; x_wconf 86' lang='lat' dir='ltr'><strong>vocari</strong></span> <span class='ocrx_word' id='word_1_197' title='bbox 2558 1052 2795 1113; x_wconf 87' lang='lat' dir='ltr'><strong>Patrem,</strong></span> <span class='ocrx_word' id='word_1_198' title='bbox 2822 1054 2982 1104; x_wconf 88' lang='lat' dir='ltr'><strong>etiam</strong></span> <span class='ocrx_word' id='word_1_199' title='bbox 3012 1066 3119 1104; x_wconf 91' lang='lat' dir='ltr'><strong>non</strong></span> <span class='ocrx_word' id='word_1_200' title='bbox 3158 1053 3456 1106; x_wconf 84' lang='lat' dir='ltr'><strong>exsistente</strong></span> <span class='ocrx_word' id='word_1_201' title='bbox 3496 1053 3578 1107; x_wconf 85' lang='lat' dir='ltr'><strong>Fi-</strong></span> 
     </span>
    </p>
   </div>
   <div class='ocr_carea' id='block_1_26' title="bbox 2012 1141 3571 1211">
    <p class='ocr_par' dir='ltr' id='par_1_26' title="bbox 2012 1141 3571 1211">
     <span class='ocr_line' id='line_1_26' title="bbox 2012 1141 3571 1211; baseline 0.001 -15"><span class='ocrx_word' id='word_1_202' title='bbox 2012 1143 2120 1199; x_wconf 88' lang='lat' dir='ltr'><strong>lio?</strong></span> <span class='ocrx_word' id='word_1_203' title='bbox 2144 1142 2419 1211; x_wconf 82' lang='lat' dir='ltr'><strong>Siquidem</strong></span> <span class='ocrx_word' id='word_1_204' title='bbox 2446 1150 2498 1195; x_wconf 89' lang='lat' dir='ltr'><strong>et</strong></span> <span class='ocrx_word' id='word_1_205' title='bbox 2544 1141 2721 1210; x_wconf 79' lang='lat' dir='ltr'><strong>opifex</strong></span> <span class='ocrx_word' id='word_1_206' title='bbox 2752 1142 2960 1195; x_wconf 77' lang='lat' dir='ltr'><strong>exsistit</strong></span> <span class='ocrx_word' id='word_1_207' title='bbox 3009 1153 3135 1195; x_wconf 85' lang='lat' dir='ltr'><strong>ante</strong></span> <span class='ocrx_word' id='word_1_208' title='bbox 3163 1142 3396 1211; x_wconf 80' lang='lat' dir='ltr'><strong>Opiﬁcia.</strong></span> <span class='ocrx_word' id='word_1_209' title='bbox 3436 1143 3571 1198; x_wconf 84' lang='lat' dir='ltr'><strong>Per-</strong></span> 
     </span>
    </p>
   </div>
   <div class='ocr_carea' id='block_1_27' title="bbox 2012 1232 3571 1300">
    <p class='ocr_par' dir='ltr' id='par_1_27' title="bbox 2012 1232 3571 1300">
     <span class='ocr_line' id='line_1_27' title="bbox 2012 1232 3571 1300; baseline -0.001 -12"><span class='ocrx_word' id='word_1_210' title='bbox 2012 1235 2135 1289; x_wconf 90' lang='lat' dir='ltr'><strong>inde</strong></span> <span class='ocrx_word' id='word_1_211' title='bbox 2194 1234 2337 1287; x_wconf 91' lang='lat' dir='ltr'><strong>enim</strong></span> <span class='ocrx_word' id='word_1_212' title='bbox 2366 1242 2450 1285; x_wconf 88' lang='lat' dir='ltr'><strong>est</strong></span> <span class='ocrx_word' id='word_1_213' title='bbox 2482 1247 2544 1287; x_wconf 90' lang='lat' dir='ltr'><strong>ac</strong></span> <span class='ocrx_word' id='word_1_214' title='bbox 2595 1233 2639 1286; x_wconf 87' lang='lat' dir='ltr'><strong>si</strong></span> <span class='ocrx_word' id='word_1_215' title='bbox 2674 1232 2796 1299; x_wconf 87' lang='lat' dir='ltr'><strong>quis</strong></span> <span class='ocrx_word' id='word_1_216' title='bbox 2821 1247 2941 1285; x_wconf 91' lang='lat' dir='ltr'><strong>eum</strong></span> <span class='ocrx_word' id='word_1_217' title='bbox 2983 1232 3073 1300; x_wconf 90' lang='lat' dir='ltr'><strong>qui</strong></span> <span class='ocrx_word' id='word_1_218' title='bbox 3129 1242 3245 1286; x_wconf 88' lang='lat' dir='ltr'><strong>arte</strong></span> <span class='ocrx_word' id='word_1_219' title='bbox 3277 1232 3571 1287; x_wconf 77' lang='lat' dir='ltr'><strong>fabricandi</strong></span> 
     </span>
    </p>
   </div>
   <div class='ocr_carea' id='block_1_28' title="bbox 2015 1324 3566 1393">
    <p class='ocr_par' dir='ltr' id='par_1_28' title="bbox 2015 1324 3566 1393">
     <span class='ocr_line' id='line_1_28' title="bbox 2015 1324 3566 1393; baseline 0.001 -14"><span class='ocrx_word' id='word_1_220' title='bbox 2015 1339 2175 1379; x_wconf 82' lang='lat' dir='ltr'><strong>naves</strong></span> <span class='ocrx_word' id='word_1_221' title='bbox 2198 1324 2453 1393; x_wconf 64' lang='lat' dir='ltr'><strong>praeditus</strong></span> <span class='ocrx_word' id='word_1_222' title='bbox 2504 1324 2595 1389; x_wconf 89' lang='lat' dir='ltr'><strong>sit,</strong></span> <span class='ocrx_word' id='word_1_223' title='bbox 2638 1331 2845 1390; x_wconf 81' lang='lat' dir='ltr'><strong>patrem</strong></span> <span class='ocrx_word' id='word_1_224' title='bbox 2880 1337 3077 1377; x_wconf 84' lang='lat' dir='ltr'><strong>vocare</strong></span> <span class='ocrx_word' id='word_1_225' title='bbox 3140 1324 3372 1379; x_wconf 81' lang='lat' dir='ltr'><strong>voluerit</strong></span> <span class='ocrx_word' id='word_1_226' title='bbox 3400 1325 3566 1381; x_wconf 90' lang='lat' dir='ltr'><strong>etiam</strong></span> 
     </span>
    </p>
   </div>
   <div class='ocr_carea' id='block_1_29' title="bbox 2015 1413 3577 1484">
    <p class='ocr_par' dir='ltr' id='par_1_29' title="bbox 2015 1413 3577 1484">
     <span class='ocr_line' id='line_1_29' title="bbox 2015 1413 3577 1484; baseline 0.001 -14"><span class='ocrx_word' id='word_1_227' title='bbox 2015 1432 2118 1470; x_wconf 90' lang='lat' dir='ltr'><strong>non</strong></span> <span class='ocrx_word' id='word_1_228' title='bbox 2155 1416 2451 1471; x_wconf 81' lang='lat' dir='ltr'><strong>cxsistente</strong></span> <span class='ocrx_word' id='word_1_229' title='bbox 2476 1416 2608 1480; x_wconf 86' lang='lat' dir='ltr'><strong>lilio,</strong></span> <span class='ocrx_word' id='word_1_230' title='bbox 2629 1416 2882 1484; x_wconf 89' lang='lat' dir='ltr'><strong>quoniam</strong></span> <span class='ocrx_word' id='word_1_231' title='bbox 2938 1425 2992 1469; x_wconf 89' lang='lat' dir='ltr'><strong>et</strong></span> <span class='ocrx_word' id='word_1_232' title='bbox 3040 1413 3334 1470; x_wconf 82' lang='lat' dir='ltr'><strong>fabricator</strong></span> <span class='ocrx_word' id='word_1_233' title='bbox 3361 1419 3577 1471; x_wconf 79' lang='lat' dir='ltr'><strong>navium</strong></span> 
     </span>
    </p>
   </div>
   <div class='ocr_carea' id='block_1_30' title="bbox 2013 1505 3575 1576">
    <p class='ocr_par' dir='ltr' id='par_1_30' title="bbox 2013 1505 3575 1576">
     <span class='ocr_line' id='line_1_30' title="bbox 2013 1505 3575 1576; baseline -0.002 -14"><span class='ocrx_word' id='word_1_234' title='bbox 2013 1517 2095 1562; x_wconf 89' lang='lat' dir='ltr'><strong>est</strong></span> <span class='ocrx_word' id='word_1_235' title='bbox 2114 1517 2373 1576; x_wconf 86' lang='lat' dir='ltr'><strong>quantum</strong></span> <span class='ocrx_word' id='word_1_236' title='bbox 2400 1508 2591 1561; x_wconf 85' lang='lat' dir='ltr'><strong>attinet</strong></span> <span class='ocrx_word' id='word_1_237' title='bbox 2616 1507 2681 1560; x_wconf 89' lang='lat' dir='ltr'><strong>ad</strong></span> <span class='ocrx_word' id='word_1_238' title='bbox 2704 1514 2895 1571; x_wconf 86' lang='lat' dir='ltr'><strong>artem,</strong></span> <span class='ocrx_word' id='word_1_239' title='bbox 2920 1515 2974 1560; x_wconf 87' lang='lat' dir='ltr'><strong>et</strong></span> <span class='ocrx_word' id='word_1_240' title='bbox 2996 1505 3301 1560; x_wconf 81' lang='lat' dir='ltr'><strong>facultatem</strong></span> <span class='ocrx_word' id='word_1_241' title='bbox 3327 1505 3575 1560; x_wconf 81' lang='lat' dir='ltr'><strong>bubilita-</strong></span> 
     </span>
    </p>
   </div>
   <div class='ocr_carea' id='block_1_31' title="bbox 2017 1598 3577 1669">
    <p class='ocr_par' dir='ltr' id='par_1_31' title="bbox 2017 1598 3577 1669">
     <span class='ocr_line' id='line_1_31' title="bbox 2017 1598 3577 1669; baseline -0.001 -16"><span class='ocrx_word' id='word_1_242' title='bbox 2017 1612 2225 1669; x_wconf 87' lang='lat' dir='ltr'><strong>temque</strong></span> <span class='ocrx_word' id='word_1_243' title='bbox 2240 1601 2304 1653; x_wconf 90' lang='lat' dir='ltr'><strong>ad</strong></span> <span class='ocrx_word' id='word_1_244' title='bbox 2326 1599 2691 1654; x_wconf 78' lang='lat' dir='ltr'><strong>fabricandum</strong></span> <span class='ocrx_word' id='word_1_245' title='bbox 2718 1598 2897 1663; x_wconf 85' lang='lat' dir='ltr'><strong>habet,</strong></span> <span class='ocrx_word' id='word_1_246' title='bbox 2915 1598 3127 1653; x_wconf 90' lang='lat' dir='ltr'><strong>etiamsi</strong></span> <span class='ocrx_word' id='word_1_247' title='bbox 3147 1599 3379 1652; x_wconf 88' lang='lat' dir='ltr'><strong>nondum</strong></span> <span class='ocrx_word' id='word_1_248' title='bbox 3401 1600 3577 1651; x_wconf 83' lang='lat' dir='ltr'><strong>navim</strong></span> 
     </span>
    </p>
   </div>
   <div class='ocr_carea' id='block_1_32' title="bbox 2013 1688 3582 1760">
    <p class='ocr_par' dir='ltr' id='par_1_32' title="bbox 2013 1688 3582 1760">
     <span class='ocr_line' id='line_1_32' title="bbox 2013 1688 3582 1760; baseline -0.002 -17"><span class='ocrx_word' id='word_1_249' title='bbox 2013 1690 2503 1760; x_wconf 80' lang='lat' dir='ltr'><strong>33construxerit.</strong></span> <span class='ocrx_word' id='word_1_250' title='bbox 2524 1690 2786 1744; x_wconf 74' lang='lat' dir='ltr'><strong>Czeterum</strong></span> <span class='ocrx_word' id='word_1_251' title='bbox 2799 1688 3060 1756; x_wconf 90' lang='lat' dir='ltr'><strong>ejusmodi</strong></span> <span class='ocrx_word' id='word_1_252' title='bbox 3076 1689 3269 1757; x_wconf 87' lang='lat' dir='ltr'><strong>aliquis</strong></span> <span class='ocrx_word' id='word_1_253' title='bbox 3288 1688 3582 1743; x_wconf 82' lang='lat' dir='ltr'><strong>fabricator</strong></span> 
     </span>
    </p>
   </div>
   <div class='ocr_carea' id='block_1_33' title="bbox 336 1778 1908 1867">
    <p class='ocr_par' dir='ltr' id='par_1_33' title="bbox 336 1778 1908 1853">
     <span class='ocr_line' id='line_1_33' title="bbox 336 1778 1908 1853; baseline -0.002 -18"><span class='ocrx_word' id='word_1_254' title='bbox 336 1800 453 1845; x_wconf 85' lang='grc' dir='ltr'><strong>τως</strong></span> <span class='ocrx_word' id='word_1_255' title='bbox 482 1785 541 1834; x_wconf 81' lang='grc' dir='ltr'><strong>τὸ</strong></span> <span class='ocrx_word' id='word_1_256' title='bbox 562 1778 703 1835; x_wconf 71' lang='grc' dir='ltr'>εἶναι</span> <span class='ocrx_word' id='word_1_257' title='bbox 763 1783 972 1853; x_wconf 82' lang='grc' dir='ltr'>πατέρα</span> <span class='ocrx_word' id='word_1_258' title='bbox 1008 1783 1146 1836; x_wconf 85' lang='grc' dir='ltr'>τινά.</span> <span class='ocrx_word' id='word_1_259' title='bbox 1205 1783 1368 1835; x_wconf 83' lang='grc' dir='ltr'>Ὥστε</span> <span class='ocrx_word' id='word_1_260' title='bbox 1422 1783 1521 1834; x_wconf 73' lang='grc' dir='ltr'><strong>οὐκ</strong></span> <span class='ocrx_word' id='word_1_261' title='bbox 1568 1782 1630 1834; x_wconf 81' lang='grc' dir='ltr'>ἂν</span> <span class='ocrx_word' id='word_1_262' title='bbox 1685 1781 1908 1850; x_wconf 79' lang='grc' dir='ltr'>ίσονεῖη</span> 
     </span>
    </p>
   </div>
   <div class='ocr_carea' id='block_1_34' title="bbox 2010 1778 3575 1867">
    <p class='ocr_par' dir='ltr' id='par_1_34' title="bbox 2012 1779 3575 1850">
     <span class='ocr_line' id='line_1_34' title="bbox 2012 1779 3575 1850; baseline 0 -18"><span class='ocrx_word' id='word_1_263' title='bbox 2012 1782 2227 1850; x_wconf 77' lang='lat' dir='ltr'><strong>quidem</strong></span> <span class='ocrx_word' id='word_1_264' title='bbox 2261 1782 2414 1835; x_wconf 88' lang='lat' dir='ltr'><strong>navis</strong></span> <span class='ocrx_word' id='word_1_265' title='bbox 2457 1781 2582 1848; x_wconf 89' lang='lat' dir='ltr'><strong>erit,</strong></span> <span class='ocrx_word' id='word_1_266' title='bbox 2624 1782 2790 1835; x_wconf 79' lang='lat' dir='ltr'><strong>etiam</strong></span> <span class='ocrx_word' id='word_1_267' title='bbox 2836 1790 2962 1835; x_wconf 88' lang='lat' dir='ltr'><strong>ante</strong></span> <span class='ocrx_word' id='word_1_268' title='bbox 3015 1781 3209 1835; x_wconf 83' lang='lat' dir='ltr'><strong>tactam</strong></span> <span class='ocrx_word' id='word_1_269' title='bbox 3275 1779 3479 1844; x_wconf 82' lang='lat' dir='ltr'><strong>navim,</strong></span> <span class='ocrx_word' id='word_1_270' title='bbox 3506 1781 3575 1832; x_wconf 93' lang='lat' dir='ltr'><strong>ob</strong></span> 
     </span>
    </p>
   </div>
   <div class='ocr_carea' id='block_1_35' title="bbox 339 1873 1910 1944">
    <p class='ocr_par' dir='ltr' id='par_1_35' title="bbox 339 1873 1910 1944">
     <span class='ocr_line' id='line_1_35' title="bbox 339 1873 1910 1944; baseline -0.001 -18"><span class='ocrx_word' id='word_1_271' title='bbox 339 1875 559 1943; x_wconf 79' lang='grc' dir='ltr'>ποίημα</span> <span class='ocrx_word' id='word_1_272' title='bbox 585 1875 677 1926; x_wconf 74' lang='grc' dir='ltr'><strong>καὶ</strong></span> <span class='ocrx_word' id='word_1_273' title='bbox 703 1874 851 1935; x_wconf 80' lang='grc' dir='ltr'>Υἱός·</span> <span class='ocrx_word' id='word_1_274' title='bbox 882 1876 972 1926; x_wconf 74' lang='grc' dir='ltr'><strong>καὶ</strong></span> <span class='ocrx_word' id='word_1_275' title='bbox 1026 1873 1251 1944; x_wconf 82' lang='grc' dir='ltr'>ποιητὴς</span> <span class='ocrx_word' id='word_1_276' title='bbox 1307 1874 1404 1942; x_wconf 82' lang='grc' dir='ltr'>μὲν</span> <span class='ocrx_word' id='word_1_277' title='bbox 1445 1873 1616 1935; x_wconf 80' lang='grc' dir='ltr'>ἔστιν,</span> <span class='ocrx_word' id='word_1_278' title='bbox 1659 1874 1781 1925; x_wconf 84' lang='grc' dir='ltr'>ὅσον</span> <span class='ocrx_word' id='word_1_279' title='bbox 1832 1875 1910 1938; x_wconf 87' lang='grc' dir='ltr'><strong>είς</strong></span> 
     </span>
    </p>
   </div>
   <div class='ocr_carea' id='block_1_36' title="bbox 337 1963 1910 2035">
    <p class='ocr_par' dir='ltr' id='par_1_36' title="bbox 337 1963 1910 2035">
     <span class='ocr_line' id='line_1_36' title="bbox 337 1963 1910 2035; baseline 0 -18"><span class='ocrx_word' id='word_1_280' title='bbox 337 1966 448 2035; x_wconf 78' lang='grc' dir='ltr'>τὴν</span> <span class='ocrx_word' id='word_1_281' title='bbox 471 1965 671 2017; x_wconf 77' lang='grc' dir='ltr'>οἰκείαν</span> <span class='ocrx_word' id='word_1_282' title='bbox 692 1966 873 2033; x_wconf 73' lang='grc' dir='ltr'>φύσιν,</span> <span class='ocrx_word' id='word_1_283' title='bbox 910 1965 1003 2017; x_wconf 75' lang='grc' dir='ltr'><strong>καὶ</strong></span> <span class='ocrx_word' id='word_1_284' title='bbox 1062 1966 1165 2035; x_wconf 82' lang='grc' dir='ltr'><strong>πρὸ</strong></span> <span class='ocrx_word' id='word_1_285' title='bbox 1188 1964 1296 2018; x_wconf 82' lang='grc' dir='ltr'><strong>τῶν</strong></span> <span class='ocrx_word' id='word_1_286' title='bbox 1340 1965 1660 2035; x_wconf 85' lang='grc' dir='ltr'>ποιημάτων</span> <span class='ocrx_word' id='word_1_287' title='bbox 1681 1966 1710 2017; x_wconf 88' lang='lat'><strong>6</strong></span> <span class='ocrx_word' id='word_1_288' title='bbox 1740 1963 1872 2027; x_wconf 81' lang='grc' dir='ltr'>Θεὸς</span> <span class='ocrx_word' id='word_1_289' title='bbox 1894 2003 1910 2029; x_wconf 91' lang='grc'><strong>,</strong></span> 
     </span>
    </p>
   </div>
   <div class='ocr_carea' id='block_1_37' title="bbox 345 2054 1370 2125">
    <p class='ocr_par' dir='ltr' id='par_1_37' title="bbox 345 2054 1370 2125">
     <span class='ocr_line' id='line_1_37' title="bbox 345 2054 1370 2125; baseline 0.001 -17"><span class='ocrx_word' id='word_1_290' title='bbox 345 2057 548 2125; x_wconf 75' lang='grc' dir='ltr'>Πατὴρ</span> <span class='ocrx_word' id='word_1_291' title='bbox 574 2055 629 2107; x_wconf 78' lang='grc' dir='ltr'><strong>δὲ</strong></span> <span class='ocrx_word' id='word_1_292' title='bbox 649 2055 889 2125; x_wconf 68' lang='grc' dir='ltr'>οὐδαμῶς</span> <span class='ocrx_word' id='word_1_293' title='bbox 918 2057 1015 2108; x_wconf 84' lang='grc' dir='ltr'><strong>οὐκ</strong></span> <span class='ocrx_word' id='word_1_294' title='bbox 1046 2054 1194 2117; x_wconf 74' lang='grc' dir='ltr'>ὄντος</span> <span class='ocrx_word' id='word_1_295' title='bbox 1218 2055 1370 2109; x_wconf 81' lang='grc' dir='ltr'><strong>Υἱοῦ.</strong></span> 
     </span>
    </p>
   </div>
   <div class='ocr_carea' id='block_1_38' title="bbox 2019 1869 3580 1941">
    <p class='ocr_par' dir='ltr' id='par_1_38' title="bbox 2019 1869 3580 1941">
     <span class='ocr_line' id='line_1_38' title="bbox 2019 1869 3580 1941; baseline -0.001 -17"><span class='ocrx_word' id='word_1_296' title='bbox 2019 1880 2188 1925; x_wconf 86' lang='lat' dir='ltr'><strong>artem</strong></span> <span class='ocrx_word' id='word_1_297' title='bbox 2220 1887 2323 1940; x_wconf 86' lang='lat' dir='ltr'><strong>qua</strong></span> <span class='ocrx_word' id='word_1_298' title='bbox 2354 1873 2609 1941; x_wconf 70' lang='lat' dir='ltr'><strong>prazditus</strong></span> <span class='ocrx_word' id='word_1_299' title='bbox 2640 1880 2742 1926; x_wconf 88' lang='lat' dir='ltr'><strong>est.</strong></span> <span class='ocrx_word' id='word_1_300' title='bbox 2793 1871 2952 1925; x_wconf 80' lang='lat' dir='ltr'><strong>Pater</strong></span> <span class='ocrx_word' id='word_1_301' title='bbox 2980 1885 3108 1925; x_wconf 78' lang='lat' dir='ltr'><strong>vero</strong></span> <span class='ocrx_word' id='word_1_302' title='bbox 3155 1869 3299 1924; x_wconf 91' lang='lat' dir='ltr'><strong>nulla</strong></span> <span class='ocrx_word' id='word_1_303' title='bbox 3339 1871 3580 1933; x_wconf 80' lang='lat' dir='ltr'><strong>ratione,</strong></span> 
     </span>
    </p>
   </div>
   <div class='ocr_carea' id='block_1_39' title="bbox 2020 1961 3579 2033">
    <p class='ocr_par' dir='ltr' id='par_1_39' title="bbox 2020 1961 3579 2033">
     <span class='ocr_line' id='line_1_39' title="bbox 2020 1961 3579 2033; baseline -0.001 -17"><span class='ocrx_word' id='word_1_304' title='bbox 2020 1977 2142 2016; x_wconf 91' lang='lat' dir='ltr'><strong>cum</strong></span> <span class='ocrx_word' id='word_1_305' title='bbox 2159 1963 2391 2015; x_wconf 88' lang='lat' dir='ltr'><strong>nondum</strong></span> <span class='ocrx_word' id='word_1_306' title='bbox 2416 1961 2618 2017; x_wconf 81' lang='lat' dir='ltr'><strong>factum</strong></span> <span class='ocrx_word' id='word_1_307' title='bbox 2642 1965 2714 2017; x_wconf 90' lang='lat' dir='ltr'><strong>sit</strong></span> <span class='ocrx_word' id='word_1_308' title='bbox 2745 1964 2794 2017; x_wconf 91' lang='lat' dir='ltr'><strong>id</strong></span> <span class='ocrx_word' id='word_1_309' title='bbox 2815 1979 2909 2033; x_wconf 82' lang='lat' dir='ltr'><strong>per</strong></span> <span class='ocrx_word' id='word_1_310' title='bbox 2929 1965 3068 2033; x_wconf 90' lang='lat' dir='ltr'><strong>quod</strong></span> <span class='ocrx_word' id='word_1_311' title='bbox 3086 1961 3300 2017; x_wconf 81' lang='lat' dir='ltr'><strong>futurus</strong></span> <span class='ocrx_word' id='word_1_312' title='bbox 3316 1971 3579 2029; x_wconf 81' lang='lat' dir='ltr'><strong>estpater.</strong></span> 
     </span>
    </p>
   </div>
   <div class='ocr_carea' id='block_1_40' title="bbox 2026 2052 3570 2123">
    <p class='ocr_par' dir='ltr' id='par_1_40' title="bbox 2026 2052 3570 2123">
     <span class='ocr_line' id='line_1_40' title="bbox 2026 2052 3570 2123; baseline -0.001 -17"><span class='ocrx_word' id='word_1_313' title='bbox 2026 2056 2186 2122; x_wconf 84' lang='lat' dir='ltr'><strong>Atqui</strong></span> <span class='ocrx_word' id='word_1_314' title='bbox 2204 2068 2368 2121; x_wconf 88' lang='lat' dir='ltr'><strong>opera</strong></span> <span class='ocrx_word' id='word_1_315' title='bbox 2396 2055 2634 2123; x_wconf 86' lang='lat' dir='ltr'><strong>quidem,</strong></span> <span class='ocrx_word' id='word_1_316' title='bbox 2653 2054 2863 2108; x_wconf 81' lang='lat' dir='ltr'><strong>etiamsi</strong></span> <span class='ocrx_word' id='word_1_317' title='bbox 2889 2054 3122 2108; x_wconf 90' lang='lat' dir='ltr'><strong>nondum</strong></span> <span class='ocrx_word' id='word_1_318' title='bbox 3147 2052 3283 2106; x_wconf 81' lang='lat' dir='ltr'><strong>facta</strong></span> <span class='ocrx_word' id='word_1_319' title='bbox 3312 2053 3438 2117; x_wconf 90' lang='lat' dir='ltr'><strong>sint,</strong></span> <span class='ocrx_word' id='word_1_320' title='bbox 3466 2067 3570 2105; x_wconf 92' lang='lat' dir='ltr'><strong>non</strong></span> 
     </span>
    </p>
   </div>
   <div class='ocr_carea' id='block_1_41' title="bbox 345 2144 3582 2218">
    <p class='ocr_par' dir='ltr' id='par_1_41' title="bbox 345 2144 3582 2218">
     <span class='ocr_line' id='line_1_41' title="bbox 345 2144 3582 2218; baseline -0.002 -16"><span class='ocrx_word' id='word_1_321' title='bbox 345 2151 647 2217; x_wconf 80' lang='lat' dir='ltr'><strong>impediunt</strong></span> <span class='ocrx_word' id='word_1_322' title='bbox 701 2149 991 2218; x_wconf 75' lang='lat' dir='ltr'><strong>quominus</strong></span> <span class='ocrx_word' id='word_1_323' title='bbox 1016 2150 1278 2217; x_wconf 87' lang='lat' dir='ltr'><strong>quispiam</strong></span> <span class='ocrx_word' id='word_1_324' title='bbox 1326 2149 1504 2217; x_wconf 59' lang='lat' dir='ltr'><strong>opifex</strong></span> <span class='ocrx_word' id='word_1_325' title='bbox 1538 2162 1660 2202; x_wconf 88' lang='lat' dir='ltr'><strong>esse</strong></span> <span class='ocrx_word' id='word_1_326' title='bbox 1690 2147 1904 2217; x_wconf 87' lang='lat' dir='ltr'><strong>possit:</strong></span> <span class='ocrx_word' id='word_1_327' title='bbox 1949 2146 2090 2200; x_wconf 78' lang='lat' dir='ltr'><strong>[ilius</strong></span> <span class='ocrx_word' id='word_1_328' title='bbox 2158 2162 2286 2201; x_wconf 80' lang='lat' dir='ltr'><strong>vero</strong></span> <span class='ocrx_word' id='word_1_329' title='bbox 2346 2147 2579 2200; x_wconf 88' lang='lat' dir='ltr'><strong>nondum</strong></span> <span class='ocrx_word' id='word_1_330' title='bbox 2643 2155 2800 2198; x_wconf 89' lang='lat' dir='ltr'><strong>natus</strong></span> <span class='ocrx_word' id='word_1_331' title='bbox 2837 2146 2990 2214; x_wconf 83' lang='lat' dir='ltr'><strong>plane</strong></span> <span class='ocrx_word' id='word_1_332' title='bbox 3027 2144 3248 2212; x_wconf 88' lang='lat' dir='ltr'><strong>impedit</strong></span> <span class='ocrx_word' id='word_1_333' title='bbox 3269 2153 3324 2198; x_wconf 92' lang='lat' dir='ltr'><strong>ut</strong></span> <span class='ocrx_word' id='word_1_334' title='bbox 3365 2144 3484 2212; x_wconf 89' lang='lat' dir='ltr'><strong>quis</strong></span> <span class='ocrx_word' id='word_1_335' title='bbox 3512 2144 3582 2196; x_wconf 88' lang='lat' dir='ltr'><strong>sit</strong></span> 
     </span>
    </p>
   </div>
   <div class='ocr_carea' id='block_1_42' title="bbox 343 2236 3575 2310">
    <p class='ocr_par' dir='ltr' id='par_1_42' title="bbox 343 2236 3575 2310">
     <span class='ocr_line' id='line_1_42' title="bbox 343 2236 3575 2310; baseline -0.001 -18"><span class='ocrx_word' id='word_1_336' title='bbox 343 2251 522 2307; x_wconf 83' lang='lat' dir='ltr'><strong>pater.</strong></span> <span class='ocrx_word' id='word_1_337' title='bbox 551 2240 664 2294; x_wconf 64' lang='lat' dir='ltr'><strong>Non</strong></span> <span class='ocrx_word' id='word_1_338' title='bbox 715 2252 799 2297; x_wconf 81' lang='lat' dir='ltr'><strong>est</strong></span> <span class='ocrx_word' id='word_1_339' title='bbox 845 2258 974 2310; x_wconf 83' lang='lat' dir='ltr'><strong>ergo</strong></span> <span class='ocrx_word' id='word_1_340' title='bbox 1038 2242 1211 2305; x_wconf 88' lang='lat' dir='ltr'><strong>idem,</strong></span> <span class='ocrx_word' id='word_1_341' title='bbox 1256 2256 1390 2307; x_wconf 80' lang='lat' dir='ltr'><strong>opus</strong></span> <span class='ocrx_word' id='word_1_342' title='bbox 1444 2250 1495 2294; x_wconf 90' lang='lat' dir='ltr'><strong>et</strong></span> <span class='ocrx_word' id='word_1_343' title='bbox 1538 2238 1751 2293; x_wconf 80' lang='lat' dir='ltr'><strong>Filius:</strong></span> <span class='ocrx_word' id='word_1_344' title='bbox 1785 2238 1929 2307; x_wconf 89' lang='lat' dir='ltr'><strong>atqui</strong></span> <span class='ocrx_word' id='word_1_345' title='bbox 1968 2237 2147 2306; x_wconf 82' lang='lat' dir='ltr'><strong>opifex</strong></span> <span class='ocrx_word' id='word_1_346' title='bbox 2189 2238 2402 2305; x_wconf 85' lang='lat' dir='ltr'><strong>quidem</strong></span> <span class='ocrx_word' id='word_1_347' title='bbox 2432 2246 2534 2301; x_wconf 89' lang='lat' dir='ltr'><strong>est,</strong></span> <span class='ocrx_word' id='word_1_348' title='bbox 2567 2247 2825 2306; x_wconf 90' lang='lat' dir='ltr'><strong>quantum</strong></span> <span class='ocrx_word' id='word_1_349' title='bbox 2865 2236 2931 2289; x_wconf 90' lang='lat' dir='ltr'><strong>ad</strong></span> <span class='ocrx_word' id='word_1_350' title='bbox 2970 2236 3240 2305; x_wconf 82' lang='lat' dir='ltr'><strong>propriam</strong></span> <span class='ocrx_word' id='word_1_351' title='bbox 3293 2250 3445 2289; x_wconf 84' lang='lat' dir='ltr'><strong>suam</strong></span> <span class='ocrx_word' id='word_1_352' title='bbox 3483 2250 3575 2289; x_wconf 89' lang='lat' dir='ltr'><strong>na-</strong></span> 
     </span>
    </p>
   </div>
   <div class='ocr_carea' id='block_1_43' title="bbox 347 2328 2963 2406">
    <p class='ocr_par' dir='ltr' id='par_1_43' title="bbox 347 2328 2963 2406">
     <span class='ocr_line' id='line_1_43' title="bbox 347 2328 2963 2406; baseline -0.002 -18"><span class='ocrx_word' id='word_1_353' title='bbox 347 2347 547 2399; x_wconf 69' lang='lat' dir='ltr'><strong>turam,</strong></span> <span class='ocrx_word' id='word_1_354' title='bbox 584 2338 746 2391; x_wconf 82' lang='lat' dir='ltr'><strong>etiam</strong></span> <span class='ocrx_word' id='word_1_355' title='bbox 770 2346 896 2390; x_wconf 88' lang='lat' dir='ltr'><strong>ante</strong></span> <span class='ocrx_word' id='word_1_356' title='bbox 920 2350 1079 2406; x_wconf 87' lang='lat' dir='ltr'><strong>opera</strong></span> <span class='ocrx_word' id='word_1_357' title='bbox 1109 2336 1271 2399; x_wconf 76' lang='lat' dir='ltr'><strong>facta,</strong></span> <span class='ocrx_word' id='word_1_358' title='bbox 1305 2333 1444 2387; x_wconf 90' lang='lat' dir='ltr'><strong>Dens</strong></span> <span class='ocrx_word' id='word_1_359' title='bbox 1472 2350 1488 2392; x_wconf 68' lang='grc' dir='ltr'><strong>ς</strong></span> <span class='ocrx_word' id='word_1_360' title='bbox 1512 2332 1676 2386; x_wconf 85' lang='lat' dir='ltr'><strong>Pater</strong></span> <span class='ocrx_word' id='word_1_361' title='bbox 1705 2341 1884 2387; x_wconf 83' lang='lat' dir='ltr'><strong>autem</strong></span> <span class='ocrx_word' id='word_1_362' title='bbox 1926 2346 2289 2396; x_wconf 86' lang='lat' dir='ltr'><strong>neouauuam,</strong></span> <span class='ocrx_word' id='word_1_363' title='bbox 2329 2346 2432 2384; x_wconf 90' lang='lat' dir='ltr'><strong>non</strong></span> <span class='ocrx_word' id='word_1_364' title='bbox 2470 2332 2766 2384; x_wconf 78' lang='lat' dir='ltr'><strong>exsistente</strong></span> <span class='ocrx_word' id='word_1_365' title='bbox 2804 2328 2963 2383; x_wconf 88' lang='lat' dir='ltr'><strong>Filio.</strong></span> 
     </span>
    </p>
   </div>
   <div class='ocr_carea' id='block_1_44' title="bbox 855 2458 1525 2544">
    <p class='ocr_par' dir='ltr' id='par_1_44' title="bbox 855 2458 1525 2544">
     <span class='ocr_line' id='line_1_44' title="bbox 855 2458 1525 2544; baseline 0 -1"><span class='ocrx_word' id='word_1_366' title='bbox 855 2460 1220 2544; x_wconf 89' lang='grc' dir='ltr'><strong>ΛΟΓΟΣ</strong></span> <span class='ocrx_word' id='word_1_367' title='bbox 1295 2458 1414 2544; x_wconf 85' lang='lat' dir='ltr'><strong>E’.</strong></span> <span class='ocrx_word' id='word_1_368' title='bbox 1514 2490 1525 2525; x_wconf 74' lang='grc' dir='ltr'><em>ν</em></span> 
     </span>
    </p>
   </div>
   <div class='ocr_carea' id='block_1_45' title="bbox 349 2589 1920 2661">
    <p class='ocr_par' dir='ltr' id='par_1_45' title="bbox 349 2589 1920 2661">
     <span class='ocr_line' id='line_1_45' title="bbox 349 2589 1920 2661; baseline -0.001 -14"><span class='ocrx_word' id='word_1_369' title='bbox 349 2596 473 2647; x_wconf 82' lang='grc' dir='ltr'>Ὀτι</span> <span class='ocrx_word' id='word_1_370' title='bbox 520 2596 591 2646; x_wconf 77' lang='grc' dir='ltr'>οὐ</span> <span class='ocrx_word' id='word_1_371' title='bbox 656 2594 1025 2661; x_wconf 62' lang='grc' dir='ltr'>,τίοῖκτάρχει</span> <span class='ocrx_word' id='word_1_372' title='bbox 1086 2592 1191 2645; x_wconf 78' lang='grc' dir='ltr'>τοῦ</span> <span class='ocrx_word' id='word_1_373' title='bbox 1236 2593 1367 2647; x_wconf 61' lang='lat' dir='ltr'><strong>Tim?</strong></span> <span class='ocrx_word' id='word_1_374' title='bbox 1424 2596 1457 2646; x_wconf 84' lang='grc' dir='ltr'><em>ὁ</em></span> <span class='ocrx_word' id='word_1_375' title='bbox 1506 2589 1741 2658; x_wconf 78' lang='grc' dir='ltr'>Πατὴρ,</span> <span class='ocrx_word' id='word_1_376' title='bbox 1805 2592 1920 2645; x_wconf 81' lang='grc' dir='ltr'><strong>κᾶν</strong></span> 
     </span>
    </p>
   </div>
   <div class='ocr_carea' id='block_1_46' title="bbox 415 2659 1921 2733">
    <p class='ocr_par' dir='ltr' id='par_1_46' title="bbox 415 2659 1921 2733">
     <span class='ocr_line' id='line_1_46' title="bbox 415 2659 1921 2733; baseline -0.002 -18"><span class='ocrx_word' id='word_1_377' title='bbox 415 2659 703 2729; x_wconf 63' lang='grc' dir='ltr'>ἁγένητοςέ</span> <span class='ocrx_word' id='word_1_378' title='bbox 730 2659 793 2733; x_wconf 79' lang='grc' dir='ltr'>ᾖ,</span> <span class='ocrx_word' id='word_1_379' title='bbox 829 2659 968 2717; x_wconf 64' lang='grc' dir='ltr'><strong>ἀλλ’</strong></span> <span class='ocrx_word' id='word_1_380' title='bbox 1000 2661 1078 2732; x_wconf 76' lang='grc' dir='ltr'><strong>ἦν</strong></span> <span class='ocrx_word' id='word_1_381' title='bbox 1101 2662 1260 2728; x_wconf 78' lang='grc' dir='ltr'>αὐτῷ</span> <span class='ocrx_word' id='word_1_382' title='bbox 1289 2662 1599 2727; x_wconf 81' lang='grc' dir='ltr'>συναΐδιος</span> <span class='ocrx_word' id='word_1_383' title='bbox 1637 2662 1921 2729; x_wconf 64' lang='grc' dir='ltr'>γεννητὸς</span> 
     </span>
    </p>
   </div>
   <div class='ocr_carea' id='block_1_47' title="bbox 414 2733 626 2799">
    <p class='ocr_par' dir='ltr' id='par_1_47' title="bbox 414 2733 626 2799">
     <span class='ocr_line' id='line_1_47' title="bbox 414 2733 626 2799; baseline 0 -13"><span class='ocrx_word' id='word_1_384' title='bbox 414 2736 447 2786; x_wconf 79' lang='grc' dir='ltr'><strong>ό</strong></span> <span class='ocrx_word' id='word_1_385' title='bbox 480 2733 626 2799; x_wconf 77' lang='grc' dir='ltr'>Υἱός.</span> 
     </span>
    </p>
   </div>
   <div class='ocr_carea' id='block_1_48' title="bbox 624 2844 1641 2910">
    <p class='ocr_par' dir='ltr' id='par_1_48' title="bbox 624 2844 1641 2910">
     <span class='ocr_line' id='line_1_48' title="bbox 624 2844 1641 2910; baseline -0.003 -12"><span class='ocrx_word' id='word_1_386' title='bbox 624 2848 941 2910; x_wconf 80' lang='grc' dir='ltr'>Ἀντὶθεσις</span> <span class='ocrx_word' id='word_1_387' title='bbox 979 2845 1058 2909; x_wconf 87' lang='grc' dir='ltr'>ὡς</span> <span class='ocrx_word' id='word_1_388' title='bbox 1087 2846 1155 2896; x_wconf 77' lang='grc' dir='ltr'>ἐκ</span> <span class='ocrx_word' id='word_1_389' title='bbox 1186 2844 1302 2896; x_wconf 77' lang='grc' dir='ltr'><strong>τῶν</strong></span> <span class='ocrx_word' id='word_1_390' title='bbox 1328 2844 1641 2898; x_wconf 67' lang='grc' dir='ltr'><strong>Εὐισοιλίου.</strong></span> 
     </span>
    </p>
   </div>
   <div class='ocr_carea' id='block_1_49' title="bbox 410 2957 1911 3030">
    <p class='ocr_par' dir='ltr' id='par_1_49' title="bbox 410 2957 1911 3030">
     <span class='ocr_line' id='line_1_49' title="bbox 410 2957 1911 3030; baseline -0.003 -17"><span class='ocrx_word' id='word_1_391' title='bbox 410 2963 473 3014; x_wconf 71' lang='lat' dir='ltr'><strong>EE</strong></span> <span class='ocrx_word' id='word_1_392' title='bbox 527 2962 673 3014; x_wconf 80' lang='grc' dir='ltr'>ἔστιν</span> <span class='ocrx_word' id='word_1_393' title='bbox 725 2962 975 3030; x_wconf 76' lang='grc' dir='ltr'>ἁνὰρχως</span> <span class='ocrx_word' id='word_1_394' title='bbox 1029 2959 1120 3011; x_wconf 67' lang='grc' dir='ltr'><strong>καὶ</strong></span> <span class='ocrx_word' id='word_1_395' title='bbox 1167 2960 1440 3027; x_wconf 78' lang='grc' dir='ltr'>ἀγενήτως</span> <span class='ocrx_word' id='word_1_396' title='bbox 1476 2957 1561 3011; x_wconf 70' lang='grc' dir='ltr'>ἀεὶ</span> <span class='ocrx_word' id='word_1_397' title='bbox 1617 2960 1646 3009; x_wconf 97' lang='lat'><strong>6</strong></span> <span class='ocrx_word' id='word_1_398' title='bbox 1701 2958 1911 3028; x_wconf 79' lang='grc' dir='ltr'>Πατήρ,</span> 
     </span>
    </p>
   </div>
   <div class='ocr_carea' id='block_1_50' title="bbox 2423 2456 3175 2549">
    <p class='ocr_par' dir='ltr' id='par_1_50' title="bbox 2423 2456 3175 2549">
     <span class='ocr_line' id='line_1_50' title="bbox 2423 2456 3175 2549; baseline -0.003 -3"><span class='ocrx_word' id='word_1_399' title='bbox 2423 2456 2991 2548; x_wconf 77' lang='lat' dir='ltr'><strong>ASSERTIO</strong></span> <span class='ocrx_word' id='word_1_400' title='bbox 3062 2461 3175 2549; x_wconf 91' lang='lat' dir='ltr'><strong>V.</strong></span> 
     </span>
    </p>
   </div>
   <div class='ocr_carea' id='block_1_51' title="bbox 2022 2584 3582 2654">
    <p class='ocr_par' dir='ltr' id='par_1_51' title="bbox 2022 2584 3582 2654">
     <span class='ocr_line' id='line_1_51' title="bbox 2022 2584 3582 2654; baseline -0.001 -14"><span class='ocrx_word' id='word_1_401' title='bbox 2022 2587 2173 2653; x_wconf 81' lang='lat' dir='ltr'><strong>Quod</strong></span> <span class='ocrx_word' id='word_1_402' title='bbox 2206 2586 2363 2639; x_wconf 79' lang='lat' dir='ltr'><strong>Putcr</strong></span> <span class='ocrx_word' id='word_1_403' title='bbox 2390 2605 2489 2639; x_wconf 83' lang='lat' dir='ltr'><strong>non</strong></span> <span class='ocrx_word' id='word_1_404' title='bbox 2519 2588 2720 2639; x_wconf 64' lang='lat' dir='ltr'><strong>exsistit</strong></span> <span class='ocrx_word' id='word_1_405' title='bbox 2752 2597 2869 2639; x_wconf 82' lang='lat' dir='ltr'><strong>ante</strong></span> <span class='ocrx_word' id='word_1_406' title='bbox 2898 2584 3127 2651; x_wconf 81' lang='lat' dir='ltr'><strong>Filium,</strong></span> <span class='ocrx_word' id='word_1_407' title='bbox 3158 2586 3365 2638; x_wconf 74' lang='lat' dir='ltr'><strong>tametsi</strong></span> <span class='ocrx_word' id='word_1_408' title='bbox 3389 2587 3582 2654; x_wconf 75' lang='lat' dir='ltr'><strong>ingeni-</strong></span> 
     </span>
    </p>
   </div>
   <div class='ocr_carea' id='block_1_52' title="bbox 2160 2654 3440 2724">
    <p class='ocr_par' dir='ltr' id='par_1_52' title="bbox 2160 2654 3440 2724">
     <span class='ocr_line' id='line_1_52' title="bbox 2160 2654 3440 2724; baseline -0.001 -15"><span class='ocrx_word' id='word_1_409' title='bbox 2160 2669 2241 2709; x_wconf 77' lang='lat' dir='ltr'><strong>tus</strong></span> <span class='ocrx_word' id='word_1_410' title='bbox 2270 2659 2357 2722; x_wconf 79' lang='lat' dir='ltr'><strong>sit,</strong></span> <span class='ocrx_word' id='word_1_411' title='bbox 2382 2659 2469 2709; x_wconf 81' lang='lat' dir='ltr'><strong>sed</strong></span> <span class='ocrx_word' id='word_1_412' title='bbox 2495 2668 2603 2708; x_wconf 83' lang='lat' dir='ltr'><strong>erat</strong></span> <span class='ocrx_word' id='word_1_413' title='bbox 2634 2660 2677 2708; x_wconf 85' lang='lat' dir='ltr'><strong>ei</strong></span> <span class='ocrx_word' id='word_1_414' title='bbox 2706 2666 2990 2709; x_wconf 72' lang='lat' dir='ltr'><strong>cowtcrnus</strong></span> <span class='ocrx_word' id='word_1_415' title='bbox 3023 2654 3195 2709; x_wconf 74' lang='lat' dir='ltr'><strong>Filius</strong></span> <span class='ocrx_word' id='word_1_416' title='bbox 3222 2658 3440 2724; x_wconf 80' lang='lat' dir='ltr'><strong>genitus.</strong></span> 
     </span>
    </p>
   </div>
   <div class='ocr_carea' id='block_1_53' title="bbox 2263 2850 3346 2921">
    <p class='ocr_par' dir='ltr' id='par_1_53' title="bbox 2263 2850 3346 2921">
     <span class='ocr_line' id='line_1_53' title="bbox 2263 2850 3346 2921; baseline -0.001 -15"><span class='ocrx_word' id='word_1_417' title='bbox 2263 2852 2494 2921; x_wconf 81' lang='lat' dir='ltr'><strong>Objectt&#39;o</strong></span> <span class='ocrx_word' id='word_1_418' title='bbox 2527 2861 2773 2921; x_wconf 80' lang='lat' dir='ltr'><strong>tanquam</strong></span> <span class='ocrx_word' id='word_1_419' title='bbox 2804 2867 2865 2903; x_wconf 77' lang='lat' dir='ltr'><strong>ex</strong></span> <span class='ocrx_word' id='word_1_420' title='bbox 2893 2851 3047 2902; x_wconf 79' lang='lat' dir='ltr'><strong>dictis</strong></span> <span class='ocrx_word' id='word_1_421' title='bbox 3079 2850 3346 2905; x_wconf 83' lang='lat' dir='ltr'><strong>Ettnamii.</strong></span> 
     </span>
    </p>
   </div>
   <div class='ocr_carea' id='block_1_54' title="bbox 2093 2961 3583 3031">
    <p class='ocr_par' dir='ltr' id='par_1_54' title="bbox 2093 2961 3583 3031">
     <span class='ocr_line' id='line_1_54' title="bbox 2093 2961 3583 3031; baseline -0.002 -15"><span class='ocrx_word' id='word_1_422' title='bbox 2093 2964 2147 3016; x_wconf 85' lang='lat' dir='ltr'><strong>Si</strong></span> <span class='ocrx_word' id='word_1_423' title='bbox 2183 2962 2385 3031; x_wconf 88' lang='lat' dir='ltr'><strong>absque</strong></span> <span class='ocrx_word' id='word_1_424' title='bbox 2417 2962 2678 3031; x_wconf 78' lang='lat' dir='ltr'><strong>principio</strong></span> <span class='ocrx_word' id='word_1_425' title='bbox 2711 2970 2871 3029; x_wconf 90' lang='lat' dir='ltr'><strong>atque</strong></span> <span class='ocrx_word' id='word_1_426' title='bbox 2900 2972 3017 3013; x_wconf 88' lang='lat' dir='ltr'><strong>ortu</strong></span> <span class='ocrx_word' id='word_1_427' title='bbox 3055 2976 3267 3028; x_wconf 80' lang='lat' dir='ltr'><strong>semper</strong></span> <span class='ocrx_word' id='word_1_428' title='bbox 3295 2970 3376 3013; x_wconf 85' lang='lat' dir='ltr'><strong>est</strong></span> <span class='ocrx_word' id='word_1_429' title='bbox 3404 2961 3583 3024; x_wconf 80' lang='lat' dir='ltr'><strong>Pater,</strong></span> 
     </span>
    </p>
   </div>
   <div class='ocr_carea' id='block_1_55' title="bbox 345 3042 1908 3122">
    <p class='ocr_par' dir='ltr' id='par_1_55' title="bbox 345 3049 1908 3121">
     <span class='ocr_line' id='line_1_55' title="bbox 345 3049 1908 3121; baseline 0 -18"><span class='ocrx_word' id='word_1_430' title='bbox 345 3050 534 3121; x_wconf 72' lang='grc' dir='ltr'>ὥσπερ</span> <span class='ocrx_word' id='word_1_431' title='bbox 569 3051 657 3105; x_wconf 71' lang='grc' dir='ltr'><strong>οὖν</strong></span> <span class='ocrx_word' id='word_1_432' title='bbox 695 3054 786 3105; x_wconf 75' lang='grc' dir='ltr'><strong>καὶ</strong></span> <span class='ocrx_word' id='word_1_433' title='bbox 824 3053 991 3115; x_wconf 77' lang='grc' dir='ltr'>ἔστιν,</span> <span class='ocrx_word' id='word_1_434' title='bbox 1034 3051 1294 3119; x_wconf 74' lang='grc' dir='ltr'>ἐγεννήθη</span> <span class='ocrx_word' id='word_1_435' title='bbox 1322 3051 1376 3102; x_wconf 74' lang='grc' dir='ltr'>δὲ</span> <span class='ocrx_word' id='word_1_436' title='bbox 1415 3053 1442 3103; x_wconf 92' lang='lat'><strong>6</strong></span> <span class='ocrx_word' id='word_1_437' title='bbox 1485 3051 1630 3114; x_wconf 81' lang='grc' dir='ltr'>Υίδς,</span> <span class='ocrx_word' id='word_1_438' title='bbox 1666 3049 1781 3114; x_wconf 82' lang='grc' dir='ltr'>πῶς</span> <span class='ocrx_word' id='word_1_439' title='bbox 1813 3050 1908 3103; x_wconf 75' lang='grc' dir='ltr'><strong>οὐκ</strong></span> 
     </span>
    </p>
   </div>
   <div class='ocr_carea' id='block_1_56' title="bbox 2010 3042 3583 3122">
    <p class='ocr_par' dir='ltr' id='par_1_56' title="bbox 2015 3053 3583 3122">
     <span class='ocr_line' id='line_1_56' title="bbox 2015 3053 3583 3122; baseline -0.001 -15"><span class='ocrx_word' id='word_1_440' title='bbox 2015 3064 2070 3107; x_wconf 84' lang='grc' dir='ltr'><strong>ιιι</strong></span> <span class='ocrx_word' id='word_1_441' title='bbox 2105 3069 2290 3108; x_wconf 86' lang='lat' dir='ltr'><strong>revera</strong></span> <span class='ocrx_word' id='word_1_442' title='bbox 2328 3062 2439 3118; x_wconf 91' lang='lat' dir='ltr'><strong>est,</strong></span> <span class='ocrx_word' id='word_1_443' title='bbox 2477 3053 2645 3107; x_wconf 91' lang='lat' dir='ltr'><strong>Filius</strong></span> <span class='ocrx_word' id='word_1_444' title='bbox 2679 3064 2856 3105; x_wconf 85' lang='lat' dir='ltr'><strong>autem</strong></span> <span class='ocrx_word' id='word_1_445' title='bbox 2896 3053 3108 3121; x_wconf 78' lang='lat' dir='ltr'><strong>genitus</strong></span> <span class='ocrx_word' id='word_1_446' title='bbox 3141 3062 3253 3117; x_wconf 87' lang='lat' dir='ltr'><strong>est,</strong></span> <span class='ocrx_word' id='word_1_447' title='bbox 3289 3068 3394 3122; x_wconf 87' lang='lat' dir='ltr'><strong>quo</strong></span> <span class='ocrx_word' id='word_1_448' title='bbox 3430 3066 3583 3122; x_wconf 88' lang='lat' dir='ltr'><strong>pactu</strong></span> 
     </span>
    </p>
   </div>
   <div class='ocr_carea' id='block_1_57' title="bbox 349 3142 1789 3214">
    <p class='ocr_par' dir='ltr' id='par_1_57' title="bbox 349 3142 1789 3214">
     <span class='ocr_line' id='line_1_57' title="bbox 349 3142 1789 3214; baseline -0.001 -20"><span class='ocrx_word' id='word_1_449' title='bbox 349 3143 565 3211; x_wconf 70' lang='grc' dir='ltr'>ἀνάγκη</span> <span class='ocrx_word' id='word_1_450' title='bbox 601 3147 743 3196; x_wconf 69' lang='grc' dir='ltr'>πᾶσα</span> <span class='ocrx_word' id='word_1_451' title='bbox 770 3145 827 3197; x_wconf 73' lang='grc' dir='ltr'>τὸ</span> <span class='ocrx_word' id='word_1_452' title='bbox 855 3144 1111 3214; x_wconf 76' lang='grc' dir='ltr'>γεννηθὲν</span> <span class='ocrx_word' id='word_1_453' title='bbox 1146 3145 1285 3214; x_wconf 82' lang='grc' dir='ltr'>ἀρχῇ</span> <span class='ocrx_word' id='word_1_454' title='bbox 1320 3142 1789 3212; x_wconf 75' lang='grc' dir='ltr'>περιγράφεσθαι;</span> 
     </span>
    </p>
   </div>
   <div class='ocr_carea' id='block_1_58' title="bbox 826 3323 1411 3390">
    <p class='ocr_par' dir='ltr' id='par_1_58' title="bbox 826 3323 1411 3390">
     <span class='ocr_line' id='line_1_58' title="bbox 826 3323 1411 3390; baseline 0.003 -14"><span class='ocrx_word' id='word_1_455' title='bbox 826 3325 980 3390; x_wconf 68' lang='grc' dir='ltr'>Πρὸς</span> <span class='ocrx_word' id='word_1_456' title='bbox 1010 3323 1183 3387; x_wconf 82' lang='grc' dir='ltr'>τοῦτο</span> <span class='ocrx_word' id='word_1_457' title='bbox 1212 3323 1411 3388; x_wconf 75' lang='grc' dir='ltr'>λύσις.</span> 
     </span>
    </p>
   </div>
   <div class='ocr_carea' id='block_1_59' title="bbox 438 3433 1913 3508">
    <p class='ocr_par' dir='ltr' id='par_1_59' title="bbox 438 3433 1913 3508">
     <span class='ocr_line' id='line_1_59' title="bbox 438 3433 1913 3508; baseline 0.005 -21"><span class='ocrx_word' id='word_1_458' title='bbox 438 3433 631 3495; x_wconf 68' lang='grc' dir='ltr'>Οὐδεὶς</span> <span class='ocrx_word' id='word_1_459' title='bbox 666 3433 945 3501; x_wconf 72' lang='grc' dir='ltr'>ἀναγκάσει</span> <span class='ocrx_word' id='word_1_460' title='bbox 965 3439 1113 3507; x_wconf 58' lang='grc' dir='ltr'>λόγος</span> <span class='ocrx_word' id='word_1_461' title='bbox 1147 3438 1490 3508; x_wconf 81' lang='grc' dir='ltr'>ἀνύπαρκτον</span> <span class='ocrx_word' id='word_1_462' title='bbox 1520 3435 1653 3492; x_wconf 79' lang='grc' dir='ltr'>εἶναι</span> <span class='ocrx_word' id='word_1_463' title='bbox 1696 3440 1913 3503; x_wconf 87' lang='grc' dir='ltr'>πάντως</span> 
     </span>
    </p>
   </div>
   <div class='ocr_carea' id='block_1_60' title="bbox 354 3525 1913 3604">
    <p class='ocr_par' dir='ltr' id='par_1_60' title="bbox 354 3525 1913 3604">
     <span class='ocr_line' id='line_1_60' title="bbox 354 3525 1913 3604; baseline 0.008 -30"><span class='ocrx_word' id='word_1_464' title='bbox 354 3525 464 3593; x_wconf 76' lang='grc' dir='ltr'>πρὸ</span> <span class='ocrx_word' id='word_1_465' title='bbox 509 3526 610 3594; x_wconf 82' lang='grc' dir='ltr'>τῆς</span> <span class='ocrx_word' id='word_1_466' title='bbox 640 3527 907 3595; x_wconf 77' lang='grc' dir='ltr'>γενήσεως</span> <span class='ocrx_word' id='word_1_467' title='bbox 944 3528 1000 3581; x_wconf 85' lang='grc' dir='ltr'>τὸ</span> <span class='ocrx_word' id='word_1_468' title='bbox 1027 3529 1264 3601; x_wconf 78' lang='grc' dir='ltr'>γενηθὲν,</span> <span class='ocrx_word' id='word_1_469' title='bbox 1292 3530 1324 3600; x_wconf 83' lang='grc' dir='ltr'>ἢ</span> <span class='ocrx_word' id='word_1_470' title='bbox 1355 3531 1446 3584; x_wconf 69' lang='grc' dir='ltr'><strong>καὶ</strong></span> <span class='ocrx_word' id='word_1_471' title='bbox 1471 3532 1611 3603; x_wconf 81' lang='grc' dir='ltr'>ἀρχῇ</span> <span class='ocrx_word' id='word_1_472' title='bbox 1648 3533 1913 3604; x_wconf 80' lang='grc' dir='ltr'>περιγρά-</span> 
     </span>
    </p>
   </div>
   <div class='ocr_carea' id='block_1_61' title="bbox 344 3617 1913 3696">
    <p class='ocr_par' dir='ltr' id='par_1_61' title="bbox 344 3617 1913 3696">
     <span class='ocr_line' id='line_1_61' title="bbox 344 3617 1913 3696; baseline 0.005 -27"><span class='ocrx_word' id='word_1_473' title='bbox 344 3636 405 3687; x_wconf 70' lang='grc' dir='ltr'><strong>ιρε</strong></span> <span class='ocrx_word' id='word_1_474' title='bbox 418 3618 560 3680; x_wconf 75' lang='grc' dir='ltr'>σθαι,</span> <span class='ocrx_word' id='word_1_475' title='bbox 593 3617 696 3671; x_wconf 72' lang='grc' dir='ltr'>κᾶν</span> <span class='ocrx_word' id='word_1_476' title='bbox 715 3621 743 3671; x_wconf 89' lang='lat'><strong>6</strong></span> <span class='ocrx_word' id='word_1_477' title='bbox 765 3621 1236 3692; x_wconf 59' lang='lat' dir='ltr'><strong>yswmvﬁyévqro;</strong></span> <span class='ocrx_word' id='word_1_478' title='bbox 1262 3620 1348 3694; x_wconf 80' lang='grc' dir='ltr'><strong>ἦν.</strong></span> <span class='ocrx_word' id='word_1_479' title='bbox 1378 3625 1451 3678; x_wconf 79' lang='grc' dir='ltr'><strong>Οὐ</strong></span> <span class='ocrx_word' id='word_1_480' title='bbox 1475 3626 1581 3693; x_wconf 77' lang='grc' dir='ltr'>γὰρ</span> <span class='ocrx_word' id='word_1_481' title='bbox 1611 3627 1738 3696; x_wconf 83' lang='grc' dir='ltr'>περί</span> <span class='ocrx_word' id='word_1_482' title='bbox 1770 3642 1913 3688; x_wconf 88' lang='grc' dir='ltr'>τινος</span> 
     </span>
    </p>
   </div>
   <div class='ocr_carea' id='block_1_62' title="bbox 341 3706 1911 3785">
    <p class='ocr_par' dir='ltr' id='par_1_62' title="bbox 341 3706 1911 3785">
     <span class='ocr_line' id='line_1_62' title="bbox 341 3706 1911 3785; baseline 0.006 -26"><span class='ocrx_word' id='word_1_483' title='bbox 341 3708 446 3759; x_wconf 70' lang='grc' dir='ltr'>τῶν</span> <span class='ocrx_word' id='word_1_484' title='bbox 481 3706 606 3759; x_wconf 82' lang='grc' dir='ltr'>καθ’</span> <span class='ocrx_word' id='word_1_485' title='bbox 631 3710 783 3777; x_wconf 73' lang='grc' dir='ltr'>ἡμᾶς</span> <span class='ocrx_word' id='word_1_486' title='bbox 813 3712 839 3762; x_wconf 87' lang='grc' dir='ltr'><em>ὁ</em></span> <span class='ocrx_word' id='word_1_487' title='bbox 872 3709 1023 3779; x_wconf 87' lang='grc' dir='ltr'>λόγος</span> <span class='ocrx_word' id='word_1_488' title='bbox 1051 3715 1204 3783; x_wconf 79' lang='grc' dir='ltr'>ἡμῖν,</span> <span class='ocrx_word' id='word_1_489' title='bbox 1238 3709 1282 3767; x_wconf 85' lang='grc' dir='ltr'><strong>ὦ</strong></span> <span class='ocrx_word' id='word_1_490' title='bbox 1325 3708 1500 3778; x_wconf 74' lang='grc' dir='ltr'>οὗτος,</span> <span class='ocrx_word' id='word_1_491' title='bbox 1531 3715 1615 3768; x_wconf 82' lang='grc' dir='ltr'>ἵνα</span> <span class='ocrx_word' id='word_1_492' title='bbox 1640 3715 1702 3785; x_wconf 83' lang='grc' dir='ltr'>δὴ</span> <span class='ocrx_word' id='word_1_493' title='bbox 1735 3716 1830 3769; x_wconf 74' lang='grc' dir='ltr'><strong>καὶ</strong></span> <span class='ocrx_word' id='word_1_494' title='bbox 1855 3717 1911 3770; x_wconf 80' lang='grc' dir='ltr'>ὲν</span> 
     </span>
    </p>
   </div>
   <div class='ocr_carea' id='block_1_63' title="bbox 338 3799 1911 3879">
    <p class='ocr_par' dir='ltr' id='par_1_63' title="bbox 338 3799 1911 3879">
     <span class='ocr_line' id='line_1_63' title="bbox 338 3799 1911 3879; baseline 0.009 -32"><span class='ocrx_word' id='word_1_495' title='bbox 338 3799 513 3867; x_wconf 75' lang='grc' dir='ltr'>χρόνῳ</span> <span class='ocrx_word' id='word_1_496' title='bbox 544 3799 608 3851; x_wconf 85' lang='grc' dir='ltr'>τὸ</span> <span class='ocrx_word' id='word_1_497' title='bbox 647 3799 979 3870; x_wconf 73' lang='grc' dir='ltr'>γεννώμενον</span> <span class='ocrx_word' id='word_1_498' title='bbox 1014 3804 1272 3872; x_wconf 79' lang='grc' dir='ltr'>φαίνοιτο,</span> <span class='ocrx_word' id='word_1_499' title='bbox 1312 3808 1406 3861; x_wconf 77' lang='grc' dir='ltr'>καὶ</span> <span class='ocrx_word' id='word_1_500' title='bbox 1442 3806 1692 3879; x_wconf 83' lang='grc' dir='ltr'>καθάπερ</span> <span class='ocrx_word' id='word_1_501' title='bbox 1736 3808 1802 3860; x_wconf 86' lang='grc' dir='ltr'>ὲκ</span> <span class='ocrx_word' id='word_1_502' title='bbox 1835 3806 1911 3877; x_wconf 80' lang='grc' dir='ltr'>μὴ</span> 
     </span>
    </p>
   </div>
   <div class='ocr_carea' id='block_1_64' title="bbox 336 3888 1912 3969">
    <p class='ocr_par' dir='ltr' id='par_1_64' title="bbox 336 3888 1912 3969">
     <span class='ocr_line' id='line_1_64' title="bbox 336 3888 1912 3969; baseline 0.008 -29"><span class='ocrx_word' id='word_1_503' title='bbox 336 3890 485 3952; x_wconf 60' lang='grc' dir='ltr'>ἔθνεος</span> <span class='ocrx_word' id='word_1_504' title='bbox 516 3892 594 3952; x_wconf 79' lang='grc' dir='ltr'>εἰς</span> <span class='ocrx_word' id='word_1_505' title='bbox 621 3891 683 3944; x_wconf 71' lang='grc' dir='ltr'>τὸ</span> <span class='ocrx_word' id='word_1_506' title='bbox 714 3888 851 3946; x_wconf 80' lang='grc' dir='ltr'>εἶναι</span> <span class='ocrx_word' id='word_1_507' title='bbox 878 3894 1111 3964; x_wconf 78' lang='grc' dir='ltr'>βαδίζον,</span> <span class='ocrx_word' id='word_1_508' title='bbox 1143 3899 1284 3969; x_wconf 80' lang='grc' dir='ltr'><strong>ἀρχῇ</strong></span> <span class='ocrx_word' id='word_1_509' title='bbox 1318 3899 1709 3969; x_wconf 64' lang='grc' dir='ltr'>περιγράφοντα</span> <span class='ocrx_word' id='word_1_510' title='bbox 1731 3916 1744 3928; x_wconf 92' lang='grc'><strong>·</strong></span> <span class='ocrx_word' id='word_1_511' title='bbox 1775 3898 1912 3952; x_wconf 84' lang='grc' dir='ltr'>ἀλλὰ</span> 
     </span>
    </p>
   </div>
   <div class='ocr_carea' id='block_1_65' title="bbox 338 3981 1910 4063">
    <p class='ocr_par' dir='ltr' id='par_1_65' title="bbox 338 3981 1910 4063">
     <span class='ocr_line' id='line_1_65' title="bbox 338 3981 1910 4063; baseline 0.011 -34"><span class='ocrx_word' id='word_1_512' title='bbox 338 3982 468 4050; x_wconf 66' lang='grc' dir='ltr'>περὶ</span> <span class='ocrx_word' id='word_1_513' title='bbox 500 3981 599 4049; x_wconf 77' lang='grc' dir='ltr'>τῆς</span> <span class='ocrx_word' id='word_1_514' title='bbox 628 3982 774 4047; x_wconf 84' lang='grc' dir='ltr'>θείας</span> <span class='ocrx_word' id='word_1_515' title='bbox 798 4003 856 4037; x_wconf 89' lang='grc' dir='ltr'><strong>τε</strong></span> <span class='ocrx_word' id='word_1_516' title='bbox 887 3988 981 4040; x_wconf 66' lang='grc' dir='ltr'><strong>καὶ</strong></span> <span class='ocrx_word' id='word_1_517' title='bbox 1006 3990 1358 4061; x_wconf 82' lang='grc' dir='ltr'>ἀπερινοήτοο</span> <span class='ocrx_word' id='word_1_518' title='bbox 1392 3990 1625 4060; x_wconf 81' lang='grc' dir='ltr'>φύσεως,</span> <span class='ocrx_word' id='word_1_519' title='bbox 1655 3993 1910 4063; x_wconf 68' lang='grc' dir='ltr'>ἀρρήτως</span> 
     </span>
    </p>
   </div>
   <div class='ocr_carea' id='block_1_66' title="bbox 340 4072 1908 4155">
    <p class='ocr_par' dir='ltr' id='par_1_66' title="bbox 340 4072 1908 4155">
     <span class='ocr_line' id='line_1_66' title="bbox 340 4072 1908 4155; baseline 0.01 -33"><span class='ocrx_word' id='word_1_520' title='bbox 340 4072 519 4123; x_wconf 67' lang='grc' dir='ltr'>πάντα</span> <span class='ocrx_word' id='word_1_521' title='bbox 554 4074 808 4146; x_wconf 71' lang='grc' dir='ltr'>ποιούσης</span> <span class='ocrx_word' id='word_1_522' title='bbox 830 4079 922 4130; x_wconf 77' lang='lat' dir='ltr'><strong>xui</strong></span> <span class='ocrx_word' id='word_1_523' title='bbox 945 4079 1281 4151; x_wconf 81' lang='grc' dir='ltr'>θεοπρεπῶς.</span> <span class='ocrx_word' id='word_1_524' title='bbox 1313 4083 1519 4136; x_wconf 75' lang='grc' dir='ltr'>Οὐκοῦν</span> <span class='ocrx_word' id='word_1_525' title='bbox 1539 4084 1908 4155; x_wconf 77' lang='grc' dir='ltr'>ὑπερϐήσεται</span> 
     </span>
    </p>
   </div>
   <div class='ocr_carea' id='block_1_67' title="bbox 333 4161 1906 4244">
    <p class='ocr_par' dir='ltr' id='par_1_67' title="bbox 333 4161 1906 4244">
     <span class='ocr_line' id='line_1_67' title="bbox 333 4161 1906 4244; baseline 0.011 -33"><span class='ocrx_word' id='word_1_526' title='bbox 333 4161 431 4230; x_wconf 73' lang='grc' dir='ltr'><strong>τήν</strong></span> <span class='ocrx_word' id='word_1_527' title='bbox 478 4164 598 4216; x_wconf 78' lang='grc' dir='ltr'>καθ’</span> <span class='ocrx_word' id='word_1_528' title='bbox 626 4168 774 4236; x_wconf 76' lang='grc' dir='ltr'>ἡμᾶς</span> <span class='ocrx_word' id='word_1_529' title='bbox 812 4168 1015 4236; x_wconf 84' lang='grc' dir='ltr'>γνῶσιν</span> <span class='ocrx_word' id='word_1_530' title='bbox 1053 4173 1145 4224; x_wconf 71' lang='grc' dir='ltr'><strong>καὶ</strong></span> <span class='ocrx_word' id='word_1_531' title='bbox 1192 4173 1220 4224; x_wconf 91' lang='lat'><strong>6</strong></span> <span class='ocrx_word' id='word_1_532' title='bbox 1269 4176 1368 4244; x_wconf 82' lang='grc' dir='ltr'>τῆς</span> <span class='ocrx_word' id='word_1_533' title='bbox 1407 4173 1553 4237; x_wconf 89' lang='grc' dir='ltr'>θείας</span> <span class='ocrx_word' id='word_1_534' title='bbox 1601 4176 1906 4243; x_wconf 86' lang='grc' dir='ltr'>γεννήσεως</span> 
     </span>
    </p>
   </div>
   <div class='ocr_carea' id='block_1_68' title="bbox 331 4253 1902 4336">
    <p class='ocr_par' dir='ltr' id='par_1_68' title="bbox 331 4253 1902 4336">
     <span class='ocr_line' id='line_1_68' title="bbox 331 4253 1902 4336; baseline 0.012 -34"><span class='ocrx_word' id='word_1_535' title='bbox 331 4253 552 4320; x_wconf 74' lang='grc' dir='ltr'>τρόπος,</span> <span class='ocrx_word' id='word_1_536' title='bbox 577 4258 670 4309; x_wconf 70' lang='grc' dir='ltr'><strong>καὶ</strong></span> <span class='ocrx_word' id='word_1_537' title='bbox 702 4260 762 4310; x_wconf 72' lang='grc' dir='ltr'>οὗ</span> <span class='ocrx_word' id='word_1_538' title='bbox 799 4262 911 4323; x_wconf 81' lang='grc' dir='ltr'>τοῖς</span> <span class='ocrx_word' id='word_1_539' title='bbox 946 4262 1305 4334; x_wconf 76' lang='grc' dir='ltr'>ἀνθρωπίνοις</span> <span class='ocrx_word' id='word_1_540' title='bbox 1340 4266 1559 4336; x_wconf 80' lang='grc' dir='ltr'>θεσμοῖς</span> <span class='ocrx_word' id='word_1_541' title='bbox 1590 4267 1902 4321; x_wconf 80' lang='grc' dir='ltr'>ὑπόκειται·</span> 
     </span>
    </p>
   </div>
   <div class='ocr_carea' id='block_1_69' title="bbox 330 4342 1902 4427">
    <p class='ocr_par' dir='ltr' id='par_1_69' title="bbox 330 4342 1902 4427">
     <span class='ocr_line' id='line_1_69' title="bbox 330 4342 1902 4427; baseline 0.01 -32"><span class='ocrx_word' id='word_1_542' title='bbox 330 4342 445 4395; x_wconf 78' lang='grc' dir='ltr'><strong>ἀλλ’</strong></span> <span class='ocrx_word' id='word_1_543' title='bbox 477 4346 601 4397; x_wconf 84' lang='grc' dir='ltr'>ὅσον</span> <span class='ocrx_word' id='word_1_544' title='bbox 631 4349 728 4417; x_wconf 78' lang='grc' dir='ltr'>τῆς</span> <span class='ocrx_word' id='word_1_545' title='bbox 759 4350 815 4401; x_wconf 77' lang='grc' dir='ltr'>ὲν</span> <span class='ocrx_word' id='word_1_546' title='bbox 842 4351 971 4419; x_wconf 81' lang='grc' dir='ltr'>ἡμῖν</span> <span class='ocrx_word' id='word_1_547' title='bbox 1012 4356 1477 4424; x_wconf 84' lang='grc' dir='ltr'>σμικροπρεπείας</span> <span class='ocrx_word' id='word_1_548' title='bbox 1510 4359 1541 4427; x_wconf 82' lang='grc' dir='ltr'>ἡ</span> <span class='ocrx_word' id='word_1_549' title='bbox 1593 4356 1711 4410; x_wconf 89' lang='grc' dir='ltr'>θεία</span> <span class='ocrx_word' id='word_1_550' title='bbox 1744 4358 1902 4425; x_wconf 76' lang='grc' dir='ltr'>φύσις</span> 
     </span>
    </p>
   </div>
   <div class='ocr_carea' id='block_1_70' title="bbox 327 4436 1906 4519">
    <p class='ocr_par' dir='ltr' id='par_1_70' title="bbox 327 4436 1906 4519">
     <span class='ocr_line' id='line_1_70' title="bbox 327 4436 1906 4519; baseline 0.009 -32"><span class='ocrx_word' id='word_1_551' title='bbox 327 4436 663 4505; x_wconf 76' lang='grc' dir='ltr'>ἀπῴκισται,</span> <span class='ocrx_word' id='word_1_552' title='bbox 703 4441 957 4495; x_wconf 77' lang='grc' dir='ltr'>τοσοῦτον</span> <span class='ocrx_word' id='word_1_553' title='bbox 1003 4446 1059 4497; x_wconf 81' lang='grc' dir='ltr'>ἐν</span> <span class='ocrx_word' id='word_1_554' title='bbox 1106 4449 1216 4509; x_wconf 86' lang='grc' dir='ltr'>τοῖς</span> <span class='ocrx_word' id='word_1_555' title='bbox 1256 4446 1373 4499; x_wconf 85' lang='grc' dir='ltr'>καθ’</span> <span class='ocrx_word' id='word_1_556' title='bbox 1408 4448 1603 4517; x_wconf 78' lang='grc' dir='ltr'>ἑαυτὴν</span> <span class='ocrx_word' id='word_1_557' title='bbox 1648 4449 1906 4519; x_wconf 75' lang='grc' dir='ltr'>ὑπερέχει</span> 
     </span>
    </p>
   </div>
   <div class='ocr_carea' id='block_1_71' title="bbox 324 4527 1903 4613">
    <p class='ocr_par' dir='ltr' id='par_1_71' title="bbox 324 4527 1903 4613">
     <span class='ocr_line' id='line_1_71' title="bbox 324 4527 1903 4613; baseline 0.012 -36"><span class='ocrx_word' id='word_1_558' title='bbox 324 4527 397 4579; x_wconf 70' lang='grc' dir='ltr'>τὰ</span> <span class='ocrx_word' id='word_1_559' title='bbox 430 4530 696 4600; x_wconf 82' lang='grc' dir='ltr'>ήμέτερα.</span> <span class='ocrx_word' id='word_1_560' title='bbox 730 4534 1096 4589; x_wconf 82' lang='grc' dir='ltr'>Παυέσθωσαν</span> <span class='ocrx_word' id='word_1_561' title='bbox 1137 4539 1315 4591; x_wconf 78' lang='grc' dir='ltr'>τοίνυν</span> <span class='ocrx_word' id='word_1_562' title='bbox 1362 4540 1573 4611; x_wconf 73' lang='grc' dir='ltr'>ἀνάγκη</span> <span class='ocrx_word' id='word_1_563' title='bbox 1620 4542 1716 4593; x_wconf 77' lang='lat' dir='ltr'><strong>xui</strong></span> <span class='ocrx_word' id='word_1_564' title='bbox 1763 4542 1903 4613; x_wconf 79' lang='grc' dir='ltr'>ἀρχῇ</span> 
     </span>
    </p>
   </div>
   <div class='ocr_carea' id='block_1_72' title="bbox 327 4620 1902 4703">
    <p class='ocr_par' dir='ltr' id='par_1_72' title="bbox 327 4620 1902 4703">
     <span class='ocr_line' id='line_1_72' title="bbox 327 4620 1902 4703; baseline 0.014 -35"><span class='ocrx_word' id='word_1_565' title='bbox 327 4620 763 4688; x_wconf 77' lang='grc' dir='ltr'>περιγράφοντες</span> <span class='ocrx_word' id='word_1_566' title='bbox 810 4624 901 4677; x_wconf 78' lang='grc' dir='ltr'>τὸν</span> <span class='ocrx_word' id='word_1_567' title='bbox 958 4628 1202 4699; x_wconf 79' lang='grc' dir='ltr'>ἀνάγκης</span> <span class='ocrx_word' id='word_1_568' title='bbox 1249 4631 1549 4702; x_wconf 82' lang='grc' dir='ltr'>κρείττονα,</span> <span class='ocrx_word' id='word_1_569' title='bbox 1596 4630 1690 4684; x_wconf 83' lang='grc' dir='ltr'><strong>καὶ</strong></span> <span class='ocrx_word' id='word_1_570' title='bbox 1730 4632 1902 4703; x_wconf 84' lang='grc' dir='ltr'>ἀρχὴν</span> 
     </span>
    </p>
   </div>
   <div class='ocr_carea' id='block_1_73' title="bbox 327 4709 1902 4795">
    <p class='ocr_par' dir='ltr' id='par_1_73' title="bbox 327 4709 1902 4795">
     <span class='ocr_line' id='line_1_73' title="bbox 327 4709 1902 4795; baseline 0.013 -37"><span class='ocrx_word' id='word_1_571' title='bbox 327 4709 430 4780; x_wconf 76' lang='grc' dir='ltr'><strong>μὲν</strong></span> <span class='ocrx_word' id='word_1_572' title='bbox 474 4710 573 4780; x_wconf 80' lang='grc' dir='ltr'><strong>τὴν</strong></span> <span class='ocrx_word' id='word_1_573' title='bbox 616 4714 673 4764; x_wconf 79' lang='grc' dir='ltr'>ἐν</span> <span class='ocrx_word' id='word_1_574' title='bbox 716 4716 894 4786; x_wconf 80' lang='grc' dir='ltr'>χρόνῳ</span> <span class='ocrx_word' id='word_1_575' title='bbox 926 4721 1390 4790; x_wconf 77' lang='grc' dir='ltr'>παραιτούμενον·</span> <span class='ocrx_word' id='word_1_576' title='bbox 1419 4722 1639 4790; x_wconf 82' lang='grc' dir='ltr'>λέγοντα</span> <span class='ocrx_word' id='word_1_577' title='bbox 1678 4723 1733 4775; x_wconf 84' lang='grc' dir='ltr'><strong>δὲ</strong></span> <span class='ocrx_word' id='word_1_578' title='bbox 1766 4725 1902 4795; x_wconf 83' lang='grc' dir='ltr'>πρὸς</span> 
     </span>
    </p>
   </div>
   <div class='ocr_carea' id='block_1_74' title="bbox 321 4801 1899 4889">
    <p class='ocr_par' dir='ltr' id='par_1_74' title="bbox 321 4801 1899 4889">
     <span class='ocr_line' id='line_1_74' title="bbox 321 4801 1899 4889; baseline 0.012 -37"><span class='ocrx_word' id='word_1_579' title='bbox 321 4801 534 4854; x_wconf 77' lang='grc' dir='ltr'>Μωσέα</span> <span class='ocrx_word' id='word_1_580' title='bbox 561 4803 654 4855; x_wconf 73' lang='grc' dir='ltr'>τὸν</span> <span class='ocrx_word' id='word_1_581' title='bbox 683 4806 1023 4875; x_wconf 74' lang='grc' dir='ltr'>σοφώτατον’</span> <span class='ocrx_word' id='word_1_582' title='bbox 1060 4829 1079 4861; x_wconf 76' lang='grc' dir='ltr'><strong>ι</strong></span> <span class='ocrx_word' id='word_1_583' title='bbox 1127 4812 1267 4880; x_wconf 81' lang='grc' dir='ltr'><strong>Ἐγώ</strong></span> <span class='ocrx_word' id='word_1_584' title='bbox 1300 4815 1414 4885; x_wconf 83' lang='grc' dir='ltr'>εἰμι</span> <span class='ocrx_word' id='word_1_585' title='bbox 1448 4817 1476 4868; x_wconf 91' lang='grc' dir='ltr'><strong>ὀ</strong></span> <span class='ocrx_word' id='word_1_586' title='bbox 1508 4815 1602 4868; x_wconf 78' lang='grc' dir='ltr'><strong>ὢν.</strong></span> <span class='ocrx_word' id='word_1_587' title='bbox 1652 4836 1670 4869; x_wconf 82' lang='grc' dir='ltr'><strong>ι</strong></span> <span class='ocrx_word' id='word_1_588' title='bbox 1710 4817 1800 4889; x_wconf 84' lang='grc' dir='ltr'><strong>Τῷ</strong></span> <span class='ocrx_word' id='word_1_589' title='bbox 1841 4818 1899 4871; x_wconf 79' lang='grc' dir='ltr'><strong>δὲ</strong></span> 
     </span>
    </p>
   </div>
   <div class='ocr_carea' id='block_1_75' title="bbox 318 4890 1899 4982">
    <p class='ocr_par' dir='ltr' id='par_1_75' title="bbox 318 4890 1899 4982">
     <span class='ocr_line' id='line_1_75' title="bbox 318 4890 1899 4982; baseline 0.015 -41"><span class='ocrx_word' id='word_1_590' title='bbox 318 4890 419 4982; x_wconf 75' lang='grc' dir='ltr'><strong>ἀεὶ</strong></span> <span class='ocrx_word' id='word_1_591' title='bbox 448 4892 557 4945; x_wconf 72' lang='grc' dir='ltr'>ὄντι</span> <span class='ocrx_word' id='word_1_592' title='bbox 589 4895 766 4957; x_wconf 73' lang='grc' dir='ltr'>(τοῦτο</span> <span class='ocrx_word' id='word_1_593' title='bbox 797 4899 905 4968; x_wconf 73' lang='grc' dir='ltr'>γὰρ</span> <span class='ocrx_word' id='word_1_594' title='bbox 937 4903 1191 4973; x_wconf 82' lang='grc' dir='ltr'>σημαίνει</span> <span class='ocrx_word' id='word_1_595' title='bbox 1224 4906 1284 4958; x_wconf 77' lang='grc' dir='ltr'>τὺ</span> <span class='ocrx_word' id='word_1_596' title='bbox 1311 4906 1438 4977; x_wconf 76' lang='grc' dir='ltr'><strong>ὢν),</strong></span> <span class='ocrx_word' id='word_1_597' title='bbox 1480 4909 1638 4961; x_wconf 87' lang='grc' dir='ltr'>ποίαν</span> <span class='ocrx_word' id='word_1_598' title='bbox 1665 4928 1747 4973; x_wconf 87' lang='grc' dir='ltr'><strong>τις</strong></span> <span class='ocrx_word' id='word_1_599' title='bbox 1785 4910 1899 4982; x_wconf 84' lang='grc' dir='ltr'>δοίη</span> 
     </span>
    </p>
   </div>
   <div class='ocr_carea' id='block_1_76' title="bbox 315 4980 1899 5068">
    <p class='ocr_par' dir='ltr' id='par_1_76' title="bbox 315 4980 1899 5068">
     <span class='ocr_line' id='line_1_76' title="bbox 315 4980 1899 5068; baseline 0.015 -37"><span class='ocrx_word' id='word_1_600' title='bbox 315 4980 423 5050; x_wconf 71' lang='grc' dir='ltr'><strong>τήν</strong></span> <span class='ocrx_word' id='word_1_601' title='bbox 466 4984 559 5036; x_wconf 75' lang='grc' dir='ltr'><strong>τοῦ</strong></span> <span class='ocrx_word' id='word_1_602' title='bbox 609 4982 748 5040; x_wconf 78' lang='grc' dir='ltr'>εἶναι</span> <span class='ocrx_word' id='word_1_603' title='bbox 793 4992 932 5045; x_wconf 83' lang='grc' dir='ltr'>κατὰ</span> <span class='ocrx_word' id='word_1_604' title='bbox 985 4994 1177 5063; x_wconf 79' lang='grc' dir='ltr'>χρόνον</span> <span class='ocrx_word' id='word_1_605' title='bbox 1212 4998 1418 5068; x_wconf 85' lang='grc' dir='ltr'>ἀρχήν;</span> <span class='ocrx_word' id='word_1_606' title='bbox 1472 5002 1681 5065; x_wconf 75' lang='grc' dir='ltr'>Ἄλλως</span> <span class='ocrx_word' id='word_1_607' title='bbox 1729 5020 1787 5054; x_wconf 88' lang='grc' dir='ltr'><strong>τε</strong></span> <span class='ocrx_word' id='word_1_608' title='bbox 1838 5004 1899 5055; x_wconf 85' lang='grc' dir='ltr'><strong>οὐ</strong></span> 
     </span>
    </p>
   </div>
   <div class='ocr_carea' id='block_1_77' title="bbox 313 5073 1901 5163">
    <p class='ocr_par' dir='ltr' id='par_1_77' title="bbox 313 5073 1901 5163">
     <span class='ocr_line' id='line_1_77' title="bbox 313 5073 1901 5163; baseline 0.016 -40"><span class='ocrx_word' id='word_1_609' title='bbox 313 5073 547 5137; x_wconf 71' lang='grc' dir='ltr'>πάντως</span> <span class='ocrx_word' id='word_1_610' title='bbox 594 5077 731 5148; x_wconf 82' lang='grc' dir='ltr'>ὅπερ</span> <span class='ocrx_word' id='word_1_611' title='bbox 782 5079 847 5132; x_wconf 87' lang='grc' dir='ltr'>ἂν</span> <span class='ocrx_word' id='word_1_612' title='bbox 904 5086 1016 5147; x_wconf 85' lang='grc' dir='ltr'>τοῖς</span> <span class='ocrx_word' id='word_1_613' title='bbox 1064 5085 1159 5139; x_wconf 75' lang='grc' dir='ltr'>τοῦ</span> <span class='ocrx_word' id='word_1_614' title='bbox 1209 5091 1565 5161; x_wconf 83' lang='grc' dir='ltr'>γεννήσαντος</span> <span class='ocrx_word' id='word_1_615' title='bbox 1618 5092 1901 5163; x_wconf 85' lang='grc' dir='ltr'>ίδιώμασιν</span> 
     </span>
    </p>
   </div>
   <div class='ocr_carea' id='block_1_78' title="bbox 306 5163 1900 5253">
    <p class='ocr_par' dir='ltr' id='par_1_78' title="bbox 306 5163 1900 5253">
     <span class='ocr_line' id='line_1_78' title="bbox 306 5163 1900 5253; baseline 0.017 -41"><span class='ocrx_word' id='word_1_616' title='bbox 306 5164 565 5217; x_wconf 78' lang='grc' dir='ltr'>ἐναντίον</span> <span class='ocrx_word' id='word_1_617' title='bbox 605 5163 743 5224; x_wconf 82' lang='grc' dir='ltr'>εἶναι</span> <span class='ocrx_word' id='word_1_618' title='bbox 783 5172 933 5244; x_wconf 77' lang='grc' dir='ltr'>δοκῇ,</span> <span class='ocrx_word' id='word_1_619' title='bbox 973 5176 1132 5230; x_wconf 75' lang='grc' dir='ltr'>τοῦτο</span> <span class='ocrx_word' id='word_1_620' title='bbox 1179 5179 1255 5251; x_wconf 80' lang='grc' dir='ltr'><strong>τῷ</strong></span> <span class='ocrx_word' id='word_1_621' title='bbox 1298 5182 1604 5251; x_wconf 81' lang='grc' dir='ltr'>γεννηθέντι</span> <span class='ocrx_word' id='word_1_622' title='bbox 1651 5186 1900 5253; x_wconf 76' lang='grc' dir='ltr'>φαίνεται</span> 
     </span>
    </p>
   </div>
   <div class='ocr_carea' id='block_1_79' title="bbox 302 5257 1902 5335">
    <p class='ocr_par' dir='ltr' id='par_1_79' title="bbox 302 5257 1902 5335">
     <span class='ocr_line' id='line_1_79' title="bbox 302 5257 1902 5335; baseline 0.017 -32"><span class='ocrx_word' id='word_1_623' title='bbox 302 5257 546 5324; x_wconf 79' lang='grc' dir='ltr'>προσόν.</span> <span class='ocrx_word' id='word_1_624' title='bbox 594 5258 681 5323; x_wconf 83' lang='grc' dir='ltr'>Ὠς</span> <span class='ocrx_word' id='word_1_625' title='bbox 728 5262 860 5329; x_wconf 80' lang='grc' dir='ltr'>γοῦν</span> <span class='ocrx_word' id='word_1_626' title='bbox 909 5264 1057 5320; x_wconf 76' lang='grc' dir='ltr'>ἔστιν</span> <span class='ocrx_word' id='word_1_627' title='bbox 1090 5271 1119 5322; x_wconf 91' lang='lat'><strong>6</strong></span> <span class='ocrx_word' id='word_1_628' title='bbox 1164 5269 1327 5335; x_wconf 84' lang='grc' dir='ltr'>Θεός·</span> <span class='ocrx_word' id='word_1_629' title='bbox 1369 5272 1433 5325; x_wconf 78' lang='grc' dir='ltr'><strong>τὸ</strong></span> <span class='ocrx_word' id='word_1_630' title='bbox 1484 5274 1541 5325; x_wconf 85' lang='grc' dir='ltr'>δὲ</span> <span class='ocrx_word' id='word_1_631' title='bbox 1586 5276 1902 5331; x_wconf 81' lang='grc' dir='ltr'>ἀντιπίπτον</span> 
     </span>
    </p>
   </div>
   <div class='ocr_carea' id='block_1_80' title="bbox 307 5344 1903 5427">
    <p class='ocr_par' dir='ltr' id='par_1_80' title="bbox 307 5344 1903 5427">
     <span class='ocr_line' id='line_1_80' title="bbox 307 5344 1903 5427; baseline 0.015 -34"><span class='ocrx_word' id='word_1_632' title='bbox 307 5344 493 5413; x_wconf 71' lang='grc' dir='ltr'>τούτῳ</span> <span class='ocrx_word' id='word_1_633' title='bbox 524 5349 618 5400; x_wconf 77' lang='grc' dir='ltr'><strong>καὶ</strong></span> <span class='ocrx_word' id='word_1_634' title='bbox 650 5351 1028 5423; x_wconf 83' lang='grc' dir='ltr'>ἀντικείμενον</span> <span class='ocrx_word' id='word_1_635' title='bbox 1054 5357 1114 5409; x_wconf 80' lang='grc' dir='ltr'><strong>οὐ</strong></span> <span class='ocrx_word' id='word_1_636' title='bbox 1148 5358 1298 5420; x_wconf 82' lang='grc' dir='ltr'>Θεός.</span> <span class='ocrx_word' id='word_1_637' title='bbox 1340 5359 1481 5412; x_wconf 77' lang='grc' dir='ltr'>Ἀλλ’</span> <span class='ocrx_word' id='word_1_638' title='bbox 1512 5359 1628 5414; x_wconf 77' lang='grc' dir='ltr'>ἐστι</span> <span class='ocrx_word' id='word_1_639' title='bbox 1653 5363 1784 5427; x_wconf 74' lang='grc' dir='ltr'>θεὸς</span> <span class='ocrx_word' id='word_1_640' title='bbox 1810 5366 1903 5417; x_wconf 79' lang='grc' dir='ltr'><strong>καὶ</strong></span> 
     </span>
    </p>
   </div>
   <div class='ocr_carea' id='block_1_81' title="bbox 296 5436 1901 5523">
    <p class='ocr_par' dir='ltr' id='par_1_81' title="bbox 296 5436 1901 5523">
     <span class='ocr_line' id='line_1_81' title="bbox 296 5436 1901 5523; baseline 0.015 -38"><span class='ocrx_word' id='word_1_641' title='bbox 296 5436 326 5485; x_wconf 75' lang='lat'><strong>6</strong></span> <span class='ocrx_word' id='word_1_642' title='bbox 370 5436 527 5499; x_wconf 72' lang='grc' dir='ltr'>Υἱὸς,</span> <span class='ocrx_word' id='word_1_643' title='bbox 569 5440 744 5494; x_wconf 85' lang='grc' dir='ltr'>καίτοι</span> <span class='ocrx_word' id='word_1_644' title='bbox 784 5444 881 5498; x_wconf 73' lang='grc' dir='ltr'>τοῦ</span> <span class='ocrx_word' id='word_1_645' title='bbox 924 5448 1140 5518; x_wconf 80' lang='grc' dir='ltr'>Πατρὸς</span> <span class='ocrx_word' id='word_1_646' title='bbox 1164 5448 1316 5513; x_wconf 74' lang='grc' dir='ltr'>ὄντος</span> <span class='ocrx_word' id='word_1_647' title='bbox 1353 5451 1507 5517; x_wconf 83' lang='grc' dir='ltr'>Θεοῦ,</span> <span class='ocrx_word' id='word_1_648' title='bbox 1543 5452 1808 5523; x_wconf 84' lang='grc' dir='ltr'>βασιλέως</span> <span class='ocrx_word' id='word_1_649' title='bbox 1842 5474 1901 5509; x_wconf 86' lang='grc' dir='ltr'><strong>τε</strong></span> 
     </span>
    </p>
   </div>
   <div class='ocr_carea' id='block_1_82' title="bbox 293 5525 1895 5613">
    <p class='ocr_par' dir='ltr' id='par_1_82' title="bbox 293 5525 1895 5613">
     <span class='ocr_line' id='line_1_82' title="bbox 293 5525 1895 5613; baseline 0.016 -37"><span class='ocrx_word' id='word_1_650' title='bbox 293 5525 470 5590; x_wconf 76' lang='grc' dir='ltr'>ὖντος</span> <span class='ocrx_word' id='word_1_651' title='bbox 508 5529 714 5599; x_wconf 77' lang='grc' dir='ltr'>ὁμοίως</span> <span class='ocrx_word' id='word_1_652' title='bbox 746 5536 840 5589; x_wconf 80' lang='grc' dir='ltr'>τοῦ</span> <span class='ocrx_word' id='word_1_653' title='bbox 868 5539 1101 5610; x_wconf 77' lang='grc' dir='ltr'>Πατρὸς,</span> <span class='ocrx_word' id='word_1_654' title='bbox 1137 5539 1388 5609; x_wconf 74' lang='grc' dir='ltr'>βασιλεύς</span> <span class='ocrx_word' id='word_1_655' title='bbox 1415 5546 1527 5597; x_wconf 76' lang='grc' dir='ltr'>ἐστι</span> <span class='ocrx_word' id='word_1_656' title='bbox 1558 5548 1648 5600; x_wconf 75' lang='grc' dir='ltr'><strong>καὶ</strong></span> <span class='ocrx_word' id='word_1_657' title='bbox 1695 5550 1722 5600; x_wconf 87' lang='grc' dir='ltr'>ὁ</span> <span class='ocrx_word' id='word_1_658' title='bbox 1754 5549 1895 5613; x_wconf 75' lang='grc' dir='ltr'>Υἱός.</span> 
     </span>
    </p>
   </div>
   <div class='ocr_carea' id='block_1_83' title="bbox 370 5705 868 5777">
    <p class='ocr_par' dir='ltr' id='par_1_83' title="bbox 370 5705 868 5777">
     <span class='ocr_line' id='line_1_83' title="bbox 370 5705 868 5777; baseline 0.018 -20"><span class='ocrx_word' id='word_1_659' title='bbox 370 5705 429 5737; x_wconf 82' lang='grc'><strong>⁸³</strong></span> <span class='ocrx_word' id='word_1_660' title='bbox 462 5707 636 5761; x_wconf 71' lang='lat' dir='ltr'><strong>Exod.</strong></span> <span class='ocrx_word' id='word_1_661' title='bbox 665 5725 745 5777; x_wconf 89' lang='grc' dir='ltr'>ιιι,</span> <span class='ocrx_word' id='word_1_662' title='bbox 788 5713 868 5766; x_wconf 70' lang='grc' dir='ltr'><strong>Η.</strong></span> 
     </span>
    </p>
   </div>
   <div class='ocr_carea' id='block_1_84' title="bbox 2017 3143 3584 3214">
    <p class='ocr_par' dir='ltr' id='par_1_84' title="bbox 2017 3143 3584 3214">
     <span class='ocr_line' id='line_1_84' title="bbox 2017 3143 3584 3214; baseline -0.001 -15"><span class='ocrx_word' id='word_1_663' title='bbox 2017 3161 2121 3199; x_wconf 87' lang='lat' dir='ltr'><strong>non</strong></span> <span class='ocrx_word' id='word_1_664' title='bbox 2148 3146 2369 3199; x_wconf 90' lang='lat' dir='ltr'><strong>omnino</strong></span> <span class='ocrx_word' id='word_1_665' title='bbox 2402 3160 2621 3200; x_wconf 89' lang='lat' dir='ltr'><strong>necesse</strong></span> <span class='ocrx_word' id='word_1_666' title='bbox 2649 3143 2838 3203; x_wconf 86' lang='lat' dir='ltr'><strong>fuerit.</strong></span> <span class='ocrx_word' id='word_1_667' title='bbox 2868 3153 2924 3197; x_wconf 92' lang='lat' dir='ltr'><strong>ut</strong></span> <span class='ocrx_word' id='word_1_668' title='bbox 2956 3143 3005 3196; x_wconf 89' lang='lat' dir='ltr'><strong>id</strong></span> <span class='ocrx_word' id='word_1_669' title='bbox 3037 3144 3176 3213; x_wconf 87' lang='lat' dir='ltr'><strong>quod</strong></span> <span class='ocrx_word' id='word_1_670' title='bbox 3207 3146 3443 3214; x_wconf 84' lang='lat' dir='ltr'><strong>genitum</strong></span> <span class='ocrx_word' id='word_1_671' title='bbox 3474 3156 3584 3209; x_wconf 85' lang='lat' dir='ltr'><strong>est.</strong></span> 
     </span>
    </p>
   </div>
   <div class='ocr_carea' id='block_1_85' title="bbox 1962 3237 2817 3310">
    <p class='ocr_par' dir='ltr' id='par_1_85' title="bbox 1962 3237 2817 3310">
     <span class='ocr_line' id='line_1_85' title="bbox 1962 3237 2817 3310; baseline -0.002 -18"><span class='ocrx_word' id='word_1_672' title='bbox 1962 3242 1965 3245; x_wconf 86' lang='grc'><em>’</em></span> <span class='ocrx_word' id='word_1_673' title='bbox 2014 3238 2277 3310; x_wconf 88' lang='lat' dir='ltr'><strong>principio</strong></span> <span class='ocrx_word' id='word_1_674' title='bbox 2306 3237 2817 3293; x_wconf 81' lang='lat' dir='ltr'><strong>circumscribatur?</strong></span> 
     </span>
    </p>
   </div>
   <div class='ocr_carea' id='block_1_86' title="bbox 2511 3327 3087 3401">
    <p class='ocr_par' dir='ltr' id='par_1_86' title="bbox 2511 3327 3087 3401">
     <span class='ocr_line' id='line_1_86' title="bbox 2511 3327 3087 3401; baseline 0.002 -17"><span class='ocrx_word' id='word_1_675' title='bbox 2511 3327 2718 3384; x_wconf 79' lang='lat' dir='ltr'><strong>Salutio</strong></span> <span class='ocrx_word' id='word_1_676' title='bbox 2761 3330 3087 3401; x_wconf 79' lang='lat' dir='ltr'><strong>objectionis.</strong></span> 
     </span>
    </p>
   </div>
   <div class='ocr_carea' id='block_1_87' title="bbox 2084 3443 3588 3514">
    <p class='ocr_par' dir='ltr' id='par_1_87' title="bbox 2084 3443 3588 3514">
     <span class='ocr_line' id='line_1_87' title="bbox 2084 3443 3588 3514; baseline -0.003 -16"><span class='ocrx_word' id='word_1_677' title='bbox 2084 3444 2237 3498; x_wconf 83' lang='lat' dir='ltr'><strong>Nulla</strong></span> <span class='ocrx_word' id='word_1_678' title='bbox 2281 3443 2436 3513; x_wconf 90' lang='lat' dir='ltr'><strong>plane</strong></span> <span class='ocrx_word' id='word_1_679' title='bbox 2476 3445 2611 3498; x_wconf 87' lang='lat' dir='ltr'><strong>ratio</strong></span> <span class='ocrx_word' id='word_1_680' title='bbox 2656 3454 2812 3514; x_wconf 83' lang='lat' dir='ltr'><strong>coget</strong></span> <span class='ocrx_word' id='word_1_681' title='bbox 2854 3454 2913 3498; x_wconf 92' lang='lat' dir='ltr'><strong>ut</strong></span> <span class='ocrx_word' id='word_1_682' title='bbox 2953 3443 3005 3498; x_wconf 88' lang='lat' dir='ltr'><strong>id</strong></span> <span class='ocrx_word' id='word_1_683' title='bbox 3047 3443 3187 3513; x_wconf 90' lang='lat' dir='ltr'><strong>quod</strong></span> <span class='ocrx_word' id='word_1_684' title='bbox 3230 3443 3465 3513; x_wconf 78' lang='lat' dir='ltr'><strong>genitum</strong></span> <span class='ocrx_word' id='word_1_685' title='bbox 3508 3451 3588 3495; x_wconf 87' lang='lat' dir='ltr'><strong>est</strong></span> 
     </span>
    </p>
   </div>
   <div class='ocr_carea' id='block_1_88' title="bbox 2015 3534 3587 3608">
    <p class='ocr_par' dir='ltr' id='par_1_88' title="bbox 2015 3534 3587 3608">
     <span class='ocr_line' id='line_1_88' title="bbox 2015 3534 3587 3608; baseline -0.004 -15"><span class='ocrx_word' id='word_1_686' title='bbox 2015 3548 2141 3594; x_wconf 88' lang='lat' dir='ltr'><strong>ante</strong></span> <span class='ocrx_word' id='word_1_687' title='bbox 2183 3539 2584 3608; x_wconf 76' lang='lat' dir='ltr'><strong>generationem</strong></span> <span class='ocrx_word' id='word_1_688' title='bbox 2631 3553 2735 3591; x_wconf 89' lang='lat' dir='ltr'><strong>non</strong></span> <span class='ocrx_word' id='word_1_689' title='bbox 2775 3536 3071 3599; x_wconf 82' lang='lat' dir='ltr'><strong>exstiterit,</strong></span> <span class='ocrx_word' id='word_1_690' title='bbox 3104 3544 3197 3589; x_wconf 88' lang='lat' dir='ltr'><strong>aut</strong></span> <span class='ocrx_word' id='word_1_691' title='bbox 3232 3544 3288 3589; x_wconf 90' lang='lat' dir='ltr'><strong>ut</strong></span> <span class='ocrx_word' id='word_1_692' title='bbox 3323 3534 3587 3604; x_wconf 87' lang='lat' dir='ltr'><strong>principio</strong></span> 
     </span>
    </p>
   </div>
   <div class='ocr_carea' id='block_1_89' title="bbox 2014 3626 3587 3699">
    <p class='ocr_par' dir='ltr' id='par_1_89' title="bbox 2014 3626 3587 3699">
     <span class='ocr_line' id='line_1_89' title="bbox 2014 3626 3587 3699; baseline -0.004 -14"><span class='ocrx_word' id='word_1_693' title='bbox 2014 3632 2506 3694; x_wconf 78' lang='lat' dir='ltr'><strong>circumscribatur,</strong></span> <span class='ocrx_word' id='word_1_694' title='bbox 2528 3635 2740 3684; x_wconf 86' lang='lat' dir='ltr'><strong>tametsi</strong></span> <span class='ocrx_word' id='word_1_695' title='bbox 2764 3631 2976 3697; x_wconf 81' lang='lat' dir='ltr'><strong>genitor</strong></span> <span class='ocrx_word' id='word_1_696' title='bbox 2998 3630 3264 3699; x_wconf 80' lang='lat' dir='ltr'><strong>ingenitus</strong></span> <span class='ocrx_word' id='word_1_697' title='bbox 3293 3628 3381 3681; x_wconf 86' lang='lat' dir='ltr'><strong>sit.</strong></span> <span class='ocrx_word' id='word_1_698' title='bbox 3404 3626 3587 3695; x_wconf 82' lang='lat' dir='ltr'><strong>Neque</strong></span> 
     </span>
    </p>
   </div>
   <div class='ocr_carea' id='block_1_90' title="bbox 2014 3722 3586 3790">
    <p class='ocr_par' dir='ltr' id='par_1_90' title="bbox 2014 3722 3586 3790">
     <span class='ocr_line' id='line_1_90' title="bbox 2014 3722 3586 3790; baseline -0.006 -14"><span class='ocrx_word' id='word_1_699' title='bbox 2014 3723 2192 3787; x_wconf 86' lang='lat' dir='ltr'><strong>enim,</strong></span> <span class='ocrx_word' id='word_1_700' title='bbox 2220 3738 2252 3775; x_wconf 92' lang='grc' dir='ltr'><strong>ο</strong></span> <span class='ocrx_word' id='word_1_701' title='bbox 2288 3724 2456 3787; x_wconf 89' lang='lat' dir='ltr'><strong>bone,</strong></span> <span class='ocrx_word' id='word_1_702' title='bbox 2486 3722 2551 3775; x_wconf 91' lang='lat' dir='ltr'><strong>de</strong></span> <span class='ocrx_word' id='word_1_703' title='bbox 2583 3737 2852 3790; x_wconf 86' lang='lat' dir='ltr'><strong>quoquam</strong></span> <span class='ocrx_word' id='word_1_704' title='bbox 2892 3730 3133 3775; x_wconf 91' lang='lat' dir='ltr'><strong>nostrum</strong></span> <span class='ocrx_word' id='word_1_705' title='bbox 3169 3734 3351 3774; x_wconf 90' lang='lat' dir='ltr'><strong>sermo</strong></span> <span class='ocrx_word' id='word_1_706' title='bbox 3386 3726 3499 3781; x_wconf 74' lang='lat' dir='ltr'><strong>est,</strong></span> <span class='ocrx_word' id='word_1_707' title='bbox 3531 3726 3586 3768; x_wconf 92' lang='lat' dir='ltr'><strong>ut</strong></span> 
     </span>
    </p>
   </div>
   <div class='ocr_carea' id='block_1_91' title="bbox 2015 3810 3587 3879">
    <p class='ocr_par' dir='ltr' id='par_1_91' title="bbox 2015 3810 3587 3879">
     <span class='ocr_line' id='line_1_91' title="bbox 2015 3810 3587 3879; baseline -0.005 -10"><span class='ocrx_word' id='word_1_708' title='bbox 2015 3814 2264 3869; x_wconf 74' lang='lat' dir='ltr'><strong>nimirum</strong></span> <span class='ocrx_word' id='word_1_709' title='bbox 2296 3812 2346 3865; x_wconf 89' lang='lat' dir='ltr'><strong>id</strong></span> <span class='ocrx_word' id='word_1_710' title='bbox 2374 3812 2512 3878; x_wconf 87' lang='lat' dir='ltr'><strong>quod</strong></span> <span class='ocrx_word' id='word_1_711' title='bbox 2546 3812 2788 3878; x_wconf 83' lang='lat' dir='ltr'><strong>genitum</strong></span> <span class='ocrx_word' id='word_1_712' title='bbox 2819 3821 2921 3876; x_wconf 87' lang='lat' dir='ltr'><strong>est,</strong></span> <span class='ocrx_word' id='word_1_713' title='bbox 2948 3813 2998 3863; x_wconf 93' lang='lat' dir='ltr'><strong>in</strong></span> <span class='ocrx_word' id='word_1_714' title='bbox 3031 3821 3270 3879; x_wconf 90' lang='lat' dir='ltr'><strong>tempore</strong></span> <span class='ocrx_word' id='word_1_715' title='bbox 3296 3824 3416 3863; x_wconf 87' lang='lat' dir='ltr'><strong>esse</strong></span> <span class='ocrx_word' id='word_1_716' title='bbox 3442 3810 3587 3863; x_wconf 84' lang='lat' dir='ltr'><strong>dica-</strong></span> 
     </span>
    </p>
   </div>
   <div class='ocr_carea' id='block_1_92' title="bbox 2016 3900 3586 3972">
    <p class='ocr_par' dir='ltr' id='par_1_92' title="bbox 2016 3900 3586 3972">
     <span class='ocr_line' id='line_1_92' title="bbox 2016 3900 3586 3972; baseline -0.004 -13"><span class='ocrx_word' id='word_1_717' title='bbox 2016 3916 2121 3969; x_wconf 90' lang='lat' dir='ltr'><strong>tur,</strong></span> <span class='ocrx_word' id='word_1_718' title='bbox 2147 3912 2201 3959; x_wconf 89' lang='lat' dir='ltr'><strong>et</strong></span> <span class='ocrx_word' id='word_1_719' title='bbox 2224 3904 2376 3972; x_wconf 89' lang='lat' dir='ltr'><strong>quasi</strong></span> <span class='ocrx_word' id='word_1_720' title='bbox 2408 3917 2437 3954; x_wconf 90' lang='lat' dir='ltr'><strong>a</strong></span> <span class='ocrx_word' id='word_1_721' title='bbox 2472 3917 2574 3955; x_wconf 90' lang='lat' dir='ltr'><strong>non</strong></span> <span class='ocrx_word' id='word_1_722' title='bbox 2602 3916 2723 3955; x_wconf 89' lang='lat' dir='ltr'><strong>esse</strong></span> <span class='ocrx_word' id='word_1_723' title='bbox 2749 3902 2815 3953; x_wconf 90' lang='lat' dir='ltr'><strong>ad</strong></span> <span class='ocrx_word' id='word_1_724' title='bbox 2842 3916 2961 3955; x_wconf 89' lang='lat' dir='ltr'><strong>esse</strong></span> <span class='ocrx_word' id='word_1_725' title='bbox 2990 3900 3289 3953; x_wconf 90' lang='lat' dir='ltr'><strong>traductum</strong></span> <span class='ocrx_word' id='word_1_726' title='bbox 3323 3900 3586 3967; x_wconf 86' lang='lat' dir='ltr'><strong>principio</strong></span> 
     </span>
    </p>
   </div>
   <div class='ocr_carea' id='block_1_93' title="bbox 2010 3988 3577 4055">
    <p class='ocr_par' dir='ltr' id='par_1_93' title="bbox 2010 3988 3577 4055">
     <span class='ocr_line' id='line_1_93' title="bbox 2010 3988 3577 4055; baseline -0.006 -4"><span class='ocrx_word' id='word_1_727' title='bbox 2010 3994 2518 4054; x_wconf 81' lang='lat' dir='ltr'><strong>circumscribatur;</strong></span> <span class='ocrx_word' id='word_1_728' title='bbox 2549 3992 2642 4047; x_wconf 88' lang='lat' dir='ltr'><strong>scd</strong></span> <span class='ocrx_word' id='word_1_729' title='bbox 2670 3992 2734 4046; x_wconf 94' lang='lat' dir='ltr'><strong>de</strong></span> <span class='ocrx_word' id='word_1_730' title='bbox 2761 3992 2936 4045; x_wconf 85' lang='lat' dir='ltr'><strong>divina</strong></span> <span class='ocrx_word' id='word_1_731' title='bbox 2966 3998 3021 4044; x_wconf 90' lang='lat' dir='ltr'><strong>et</strong></span> <span class='ocrx_word' id='word_1_732' title='bbox 3045 3988 3577 4055; x_wconf 85' lang='lat' dir='ltr'><strong>incomprehensibili</strong></span> 
     </span>
    </p>
   </div>
   <div class='ocr_carea' id='block_1_94' title="bbox 2011 4079 3584 4154">
    <p class='ocr_par' dir='ltr' id='par_1_94' title="bbox 2011 4079 3584 4154">
     <span class='ocr_line' id='line_1_94' title="bbox 2011 4079 3584 4154; baseline -0.003 -13"><span class='ocrx_word' id='word_1_733' title='bbox 2011 4096 2357 4154; x_wconf 79' lang='lat' dir='ltr'><strong>natura,qua:</strong></span> <span class='ocrx_word' id='word_1_734' title='bbox 2385 4083 2726 4138; x_wconf 82' lang='lat' dir='ltr'><strong>ineﬂabiliter</strong></span> <span class='ocrx_word' id='word_1_735' title='bbox 2746 4096 2918 4150; x_wconf 86' lang='lat' dir='ltr'><strong>eoque</strong></span> <span class='ocrx_word' id='word_1_736' title='bbox 2951 4080 3106 4136; x_wconf 88' lang='lat' dir='ltr'><strong>modo</strong></span> <span class='ocrx_word' id='word_1_737' title='bbox 3132 4082 3221 4151; x_wconf 93' lang='lat' dir='ltr'><strong>qui</strong></span> <span class='ocrx_word' id='word_1_738' title='bbox 3251 4079 3359 4135; x_wconf 87' lang='lat' dir='ltr'><strong>Deo</strong></span> <span class='ocrx_word' id='word_1_739' title='bbox 3387 4097 3584 4138; x_wconf 83' lang='lat' dir='ltr'><strong>conve-</strong></span> 
     </span>
    </p>
   </div>
   <div class='ocr_carea' id='block_1_95' title="bbox 2012 4173 3582 4244">
    <p class='ocr_par' dir='ltr' id='par_1_95' title="bbox 2012 4173 3582 4244">
     <span class='ocr_line' id='line_1_95' title="bbox 2012 4173 3582 4244; baseline -0.004 -10"><span class='ocrx_word' id='word_1_740' title='bbox 2012 4180 2087 4234; x_wconf 81' lang='lat' dir='ltr'><strong>nit</strong></span> <span class='ocrx_word' id='word_1_741' title='bbox 2109 4178 2284 4232; x_wconf 86' lang='lat' dir='ltr'><strong>omnia</strong></span> <span class='ocrx_word' id='word_1_742' title='bbox 2311 4175 2454 4232; x_wconf 79' lang='lat' dir='ltr'><strong>facit.</strong></span> <span class='ocrx_word' id='word_1_743' title='bbox 2479 4176 2706 4244; x_wconf 89' lang='lat' dir='ltr'><strong>Superat</strong></span> <span class='ocrx_word' id='word_1_744' title='bbox 2729 4175 2911 4242; x_wconf 89' lang='lat' dir='ltr'><strong>itaque</strong></span> <span class='ocrx_word' id='word_1_745' title='bbox 2938 4174 3227 4227; x_wconf 84' lang='lat' dir='ltr'><strong>humanum</strong></span> <span class='ocrx_word' id='word_1_746' title='bbox 3254 4173 3582 4228; x_wconf 83' lang='lat' dir='ltr'><strong>intellectum</strong></span> 
     </span>
    </p>
   </div>
   <div class='ocr_carea' id='block_1_96' title="bbox 2008 4264 3585 4337">
    <p class='ocr_par' dir='ltr' id='par_1_96' title="bbox 2008 4264 3585 4337">
     <span class='ocr_line' id='line_1_96' title="bbox 2008 4264 3585 4337; baseline -0.004 -13"><span class='ocrx_word' id='word_1_747' title='bbox 2008 4271 2200 4329; x_wconf 77' lang='lat' dir='ltr'><strong>divina:</strong></span> <span class='ocrx_word' id='word_1_748' title='bbox 2236 4266 2600 4337; x_wconf 74' lang='lat' dir='ltr'><strong>generationis</strong></span> <span class='ocrx_word' id='word_1_749' title='bbox 2636 4266 2855 4327; x_wconf 85' lang='lat' dir='ltr'><strong>modus,</strong></span> <span class='ocrx_word' id='word_1_750' title='bbox 2893 4279 3064 4334; x_wconf 81' lang='lat' dir='ltr'><strong>neque</strong></span> <span class='ocrx_word' id='word_1_751' title='bbox 3101 4264 3346 4319; x_wconf 88' lang='lat' dir='ltr'><strong>humanis</strong></span> <span class='ocrx_word' id='word_1_752' title='bbox 3380 4265 3585 4330; x_wconf 77' lang='lat' dir='ltr'><strong>legibus</strong></span> 
     </span>
    </p>
   </div>
   <div class='ocr_carea' id='block_1_97' title="bbox 2009 4354 3584 4425">
    <p class='ocr_par' dir='ltr' id='par_1_97' title="bbox 2009 4354 3584 4425">
     <span class='ocr_line' id='line_1_97' title="bbox 2009 4354 3584 4425; baseline -0.005 -11"><span class='ocrx_word' id='word_1_753' title='bbox 2009 4359 2247 4425; x_wconf 70' lang='lat' dir='ltr'><strong>subiacet</strong></span> <span class='ocrx_word' id='word_1_754' title='bbox 2276 4375 2288 4408; x_wconf 93' lang='lat'><strong>:</strong></span> <span class='ocrx_word' id='word_1_755' title='bbox 2323 4356 2416 4411; x_wconf 89' lang='lat' dir='ltr'><strong>sed</strong></span> <span class='ocrx_word' id='word_1_756' title='bbox 2449 4364 2651 4425; x_wconf 90' lang='lat' dir='ltr'><strong>quanto</strong></span> <span class='ocrx_word' id='word_1_757' title='bbox 2681 4354 2856 4406; x_wconf 83' lang='lat' dir='ltr'><strong>divina</strong></span> <span class='ocrx_word' id='word_1_758' title='bbox 2886 4364 3075 4407; x_wconf 83' lang='lat' dir='ltr'><strong>natura</strong></span> <span class='ocrx_word' id='word_1_759' title='bbox 3108 4364 3289 4408; x_wconf 90' lang='lat' dir='ltr'><strong>nostra</strong></span> <span class='ocrx_word' id='word_1_760' title='bbox 3324 4355 3584 4408; x_wconf 86' lang='lat' dir='ltr'><strong>tenuitate</strong></span> 
     </span>
    </p>
   </div>
   <div class='ocr_carea' id='block_1_98' title="bbox 2008 4445 3583 4514">
    <p class='ocr_par' dir='ltr' id='par_1_98' title="bbox 2008 4445 3583 4514">
     <span class='ocr_line' id='line_1_98' title="bbox 2008 4445 3583 4514; baseline -0.003 -10"><span class='ocrx_word' id='word_1_761' title='bbox 2008 4462 2089 4504; x_wconf 89' lang='lat' dir='ltr'><strong>est</strong></span> <span class='ocrx_word' id='word_1_762' title='bbox 2131 4448 2500 4512; x_wconf 83' lang='lat' dir='ltr'><strong>excellentior,</strong></span> <span class='ocrx_word' id='word_1_763' title='bbox 2537 4455 2683 4500; x_wconf 93' lang='lat' dir='ltr'><strong>tanto</strong></span> <span class='ocrx_word' id='word_1_764' title='bbox 2722 4445 2883 4498; x_wconf 89' lang='lat' dir='ltr'><strong>etiam</strong></span> <span class='ocrx_word' id='word_1_765' title='bbox 2927 4447 3042 4514; x_wconf 87' lang='lat' dir='ltr'><strong>ejus</strong></span> <span class='ocrx_word' id='word_1_766' title='bbox 3079 4448 3323 4501; x_wconf 82' lang='lat' dir='ltr'><strong>actiones</strong></span> <span class='ocrx_word' id='word_1_767' title='bbox 3366 4457 3583 4501; x_wconf 90' lang='lat' dir='ltr'><strong>nostras</strong></span> 
     </span>
    </p>
   </div>
   <div class='ocr_carea' id='block_1_99' title="bbox 2004 4537 3582 4611">
    <p class='ocr_par' dir='ltr' id='par_1_99' title="bbox 2004 4537 3582 4611">
     <span class='ocr_line' id='line_1_99' title="bbox 2004 4537 3582 4611; baseline -0.004 -14"><span class='ocrx_word' id='word_1_768' title='bbox 2004 4552 2281 4611; x_wconf 89' lang='lat' dir='ltr'><strong>superant.</strong></span> <span class='ocrx_word' id='word_1_769' title='bbox 2318 4541 2573 4595; x_wconf 90' lang='lat' dir='ltr'><strong>Desinant</strong></span> <span class='ocrx_word' id='word_1_770' title='bbox 2611 4538 2791 4605; x_wconf 89' lang='lat' dir='ltr'><strong>itaque</strong></span> <span class='ocrx_word' id='word_1_771' title='bbox 2851 4537 3176 4591; x_wconf 88' lang='lat' dir='ltr'><strong>necessitate</strong></span> <span class='ocrx_word' id='word_1_772' title='bbox 3223 4546 3276 4590; x_wconf 92' lang='lat' dir='ltr'><strong>et</strong></span> <span class='ocrx_word' id='word_1_773' title='bbox 3315 4538 3582 4607; x_wconf 84' lang='lat' dir='ltr'><strong>principio</strong></span> 
     </span>
    </p>
   </div>
   <div class='ocr_carea' id='block_1_100' title="bbox 2002 4630 3579 4702">
    <p class='ocr_par' dir='ltr' id='par_1_100' title="bbox 2002 4630 3579 4702">
     <span class='ocr_line' id='line_1_100' title="bbox 2002 4630 3579 4702; baseline -0.006 -12"><span class='ocrx_word' id='word_1_774' title='bbox 2002 4635 2449 4690; x_wconf 85' lang='lat' dir='ltr'><strong>circumscribere</strong></span> <span class='ocrx_word' id='word_1_775' title='bbox 2482 4648 2604 4687; x_wconf 89' lang='lat' dir='ltr'><strong>eum</strong></span> <span class='ocrx_word' id='word_1_776' title='bbox 2639 4634 2730 4702; x_wconf 91' lang='lat' dir='ltr'><strong>qui</strong></span> <span class='ocrx_word' id='word_1_777' title='bbox 2764 4631 2911 4687; x_wconf 89' lang='lat' dir='ltr'><strong>omni</strong></span> <span class='ocrx_word' id='word_1_778' title='bbox 2950 4630 3269 4683; x_wconf 83' lang='lat' dir='ltr'><strong>necessitate</strong></span> <span class='ocrx_word' id='word_1_779' title='bbox 3302 4639 3385 4683; x_wconf 88' lang='lat' dir='ltr'><strong>est</strong></span> <span class='ocrx_word' id='word_1_780' title='bbox 3417 4644 3579 4697; x_wconf 84' lang='lat' dir='ltr'><strong>supe-</strong></span> 
     </span>
    </p>
   </div>
   <div class='ocr_carea' id='block_1_101' title="bbox 2002 4721 3581 4795">
    <p class='ocr_par' dir='ltr' id='par_1_101' title="bbox 2002 4721 3581 4795">
     <span class='ocr_line' id='line_1_101' title="bbox 2002 4721 3581 4795; baseline -0.005 -16"><span class='ocrx_word' id='word_1_781' title='bbox 2002 4728 2132 4792; x_wconf 88' lang='lat' dir='ltr'><strong>rior,</strong></span> <span class='ocrx_word' id='word_1_782' title='bbox 2152 4736 2206 4780; x_wconf 90' lang='lat' dir='ltr'><strong>et</strong></span> <span class='ocrx_word' id='word_1_783' title='bbox 2237 4725 2559 4795; x_wconf 88' lang='lat' dir='ltr'><strong>principium</strong></span> <span class='ocrx_word' id='word_1_784' title='bbox 2583 4724 2636 4778; x_wconf 91' lang='lat' dir='ltr'><strong>in</strong></span> <span class='ocrx_word' id='word_1_785' title='bbox 2665 4734 2903 4794; x_wconf 88' lang='lat' dir='ltr'><strong>tempore</strong></span> <span class='ocrx_word' id='word_1_786' title='bbox 2927 4721 3232 4776; x_wconf 86' lang='lat' dir='ltr'><strong>consistens</strong></span> <span class='ocrx_word' id='word_1_787' title='bbox 3254 4735 3357 4773; x_wconf 92' lang='lat' dir='ltr'><strong>non</strong></span> <span class='ocrx_word' id='word_1_788' title='bbox 3381 4734 3581 4789; x_wconf 82' lang='lat' dir='ltr'><strong>cogno-</strong></span> 
     </span>
    </p>
   </div>
   <div class='ocr_carea' id='block_1_102' title="bbox 1997 4811 3576 4886">
    <p class='ocr_par' dir='ltr' id='par_1_102' title="bbox 1997 4811 3576 4886">
     <span class='ocr_line' id='line_1_102' title="bbox 1997 4811 3576 4886; baseline -0.006 -13"><span class='ocrx_word' id='word_1_789' title='bbox 1997 4820 2128 4884; x_wconf 87' lang='lat' dir='ltr'><strong>scit;</strong></span> <span class='ocrx_word' id='word_1_790' title='bbox 2172 4818 2297 4886; x_wconf 92' lang='lat' dir='ltr'><strong>quin</strong></span> <span class='ocrx_word' id='word_1_791' title='bbox 2339 4816 2516 4886; x_wconf 88' lang='lat' dir='ltr'><strong>potius</strong></span> <span class='ocrx_word' id='word_1_792' title='bbox 2554 4816 2623 4870; x_wconf 91' lang='lat' dir='ltr'><strong>ad</strong></span> <span class='ocrx_word' id='word_1_793' title='bbox 2667 4814 3124 4884; x_wconf 89' lang='lat' dir='ltr'><strong>sapientissimum</strong></span> <span class='ocrx_word' id='word_1_794' title='bbox 3170 4811 3349 4866; x_wconf 80' lang='lat' dir='ltr'><strong>Mosen</strong></span> <span class='ocrx_word' id='word_1_795' title='bbox 3388 4811 3521 4865; x_wconf 91' lang='lat' dir='ltr'><strong>dicit</strong></span> <span class='ocrx_word' id='word_1_796' title='bbox 3561 4827 3576 4865; x_wconf 93' lang='lat'><strong>:</strong></span> 
     </span>
    </p>
   </div>
   <div class='ocr_carea' id='block_1_103' title="bbox 2010 4903 3576 4980">
    <p class='ocr_par' dir='ltr' id='par_1_103' title="bbox 2010 4903 3576 4980">
     <span class='ocr_line' id='line_1_103' title="bbox 2010 4903 3576 4980; baseline -0.005 -15"><span class='ocrx_word' id='word_1_797' title='bbox 2010 4911 2119 4980; x_wconf 81' lang='lat' dir='ltr'><strong>Ego</strong></span> <span class='ocrx_word' id='word_1_798' title='bbox 2141 4924 2373 4965; x_wconf 86' lang='lat' dir='ltr'><strong>sumens</strong></span> <span class='ocrx_word' id='word_1_799' title='bbox 2390 4908 2455 4961; x_wconf 83' lang='grc'><strong>⁸³.</strong></span> <span class='ocrx_word' id='word_1_800' title='bbox 2472 4908 2529 4962; x_wconf 85' lang='lat' dir='ltr'><strong>Ei</strong></span> <span class='ocrx_word' id='word_1_801' title='bbox 2558 4924 2682 4963; x_wconf 82' lang='lat' dir='ltr'><strong>vero</strong></span> <span class='ocrx_word' id='word_1_802' title='bbox 2708 4909 2798 4977; x_wconf 91' lang='lat' dir='ltr'><strong>qui</strong></span> <span class='ocrx_word' id='word_1_803' title='bbox 2825 4921 3033 4976; x_wconf 81' lang='lat' dir='ltr'><strong>seraper</strong></span> <span class='ocrx_word' id='word_1_804' title='bbox 3054 4904 3264 4960; x_wconf 79' lang='lat' dir='ltr'><strong>exsistit</strong></span> <span class='ocrx_word' id='word_1_805' title='bbox 3290 4903 3413 4975; x_wconf 88' lang='lat' dir='ltr'><strong>(hoc</strong></span> <span class='ocrx_word' id='word_1_806' title='bbox 3434 4905 3576 4959; x_wconf 87' lang='lat' dir='ltr'><strong>enim</strong></span> 
     </span>
    </p>
   </div>
   <div class='ocr_carea' id='block_1_104' title="bbox 2008 4996 3575 5073">
    <p class='ocr_par' dir='ltr' id='par_1_104' title="bbox 2008 4996 3575 5073">
     <span class='ocr_line' id='line_1_104' title="bbox 2008 4996 3575 5073; baseline -0.007 -14"><span class='ocrx_word' id='word_1_807' title='bbox 2008 5004 2276 5073; x_wconf 83' lang='lat' dir='ltr'><strong>signiﬁcat</strong></span> <span class='ocrx_word' id='word_1_808' title='bbox 2297 5001 2432 5073; x_wconf 80' lang='lat' dir='ltr'><strong>ens),</strong></span> <span class='ocrx_word' id='word_1_809' title='bbox 2455 5002 2725 5071; x_wconf 86' lang='lat' dir='ltr'><strong>quodnam</strong></span> <span class='ocrx_word' id='word_1_810' title='bbox 2754 4999 3047 5054; x_wconf 80' lang='lat' dir='ltr'><strong>exsistendi</strong></span> <span class='ocrx_word' id='word_1_811' title='bbox 3081 4997 3133 5051; x_wconf 88' lang='lat' dir='ltr'><strong>in</strong></span> <span class='ocrx_word' id='word_1_812' title='bbox 3169 5006 3405 5065; x_wconf 84' lang='lat' dir='ltr'><strong>tempore</strong></span> <span class='ocrx_word' id='word_1_813' title='bbox 3434 4996 3575 5065; x_wconf 90' lang='lat' dir='ltr'><strong>prin-</strong></span> 
     </span>
    </p>
   </div>
   <div class='ocr_carea' id='block_1_105' title="bbox 2007 5090 3574 5167">
    <p class='ocr_par' dir='ltr' id='par_1_105' title="bbox 2007 5090 3574 5167">
     <span class='ocr_line' id='line_1_105' title="bbox 2007 5090 3574 5167; baseline -0.006 -16"><span class='ocrx_word' id='word_1_814' title='bbox 2007 5098 2205 5167; x_wconf 89' lang='lat' dir='ltr'><strong>cipium</strong></span> <span class='ocrx_word' id='word_1_815' title='bbox 2249 5096 2514 5164; x_wconf 86' lang='lat' dir='ltr'><strong>quispiam</strong></span> <span class='ocrx_word' id='word_1_816' title='bbox 2559 5093 2787 5147; x_wconf 78' lang='lat' dir='ltr'><strong>tribuet?</strong></span> <span class='ocrx_word' id='word_1_817' title='bbox 2820 5090 2992 5143; x_wconf 85' lang='lat' dir='ltr'><strong>Aliter</strong></span> <span class='ocrx_word' id='word_1_818' title='bbox 3024 5104 3131 5144; x_wconf 90' lang='lat' dir='ltr'><strong>non</strong></span> <span class='ocrx_word' id='word_1_819' title='bbox 3174 5091 3225 5143; x_wconf 92' lang='lat' dir='ltr'><strong>in</strong></span> <span class='ocrx_word' id='word_1_820' title='bbox 3268 5091 3574 5143; x_wconf 77' lang='lat' dir='ltr'><strong>universum</strong></span> 
     </span>
    </p>
   </div>
   <div class='ocr_carea' id='block_1_106' title="bbox 2006 5181 3576 5258">
    <p class='ocr_par' dir='ltr' id='par_1_106' title="bbox 2006 5181 3576 5258">
     <span class='ocr_line' id='line_1_106' title="bbox 2006 5181 3576 5258; baseline -0.006 -17"><span class='ocrx_word' id='word_1_821' title='bbox 2006 5186 2062 5241; x_wconf 89' lang='lat' dir='ltr'><strong>id</strong></span> <span class='ocrx_word' id='word_1_822' title='bbox 2108 5185 2248 5253; x_wconf 93' lang='lat' dir='ltr'><strong>quod</strong></span> <span class='ocrx_word' id='word_1_823' title='bbox 2297 5184 2556 5254; x_wconf 77' lang='lat' dir='ltr'><strong>genitoris</strong></span> <span class='ocrx_word' id='word_1_824' title='bbox 2605 5181 3022 5251; x_wconf 90' lang='lat' dir='ltr'><strong>proprietatibus</strong></span> <span class='ocrx_word' id='word_1_825' title='bbox 3069 5181 3399 5235; x_wconf 90' lang='lat' dir='ltr'><strong>contrarium</strong></span> <span class='ocrx_word' id='word_1_826' title='bbox 3458 5193 3576 5258; x_wconf 79' lang='lat' dir='ltr'><strong>esse</strong></span> 
     </span>
    </p>
   </div>
   <div class='ocr_carea' id='block_1_107' title="bbox 2000 5272 3575 5347">
    <p class='ocr_par' dir='ltr' id='par_1_107' title="bbox 2000 5272 3575 5347">
     <span class='ocr_line' id='line_1_107' title="bbox 2000 5272 3575 5347; baseline -0.006 -15"><span class='ocrx_word' id='word_1_827' title='bbox 2000 5287 2269 5341; x_wconf 89' lang='lat' dir='ltr'><strong>censetur,</strong></span> <span class='ocrx_word' id='word_1_828' title='bbox 2303 5276 2407 5330; x_wconf 88' lang='lat' dir='ltr'><strong>hoc</strong></span> <span class='ocrx_word' id='word_1_829' title='bbox 2434 5274 2543 5347; x_wconf 58' lang='lat'><strong>35</strong></span> <span class='ocrx_word' id='word_1_830' title='bbox 2574 5275 2753 5343; x_wconf 80' lang='lat' dir='ltr'><strong>genito</strong></span> <span class='ocrx_word' id='word_1_831' title='bbox 2790 5274 3074 5327; x_wconf 90' lang='lat' dir='ltr'><strong>tribuetur.</strong></span> <span class='ocrx_word' id='word_1_832' title='bbox 3110 5273 3248 5327; x_wconf 88' lang='lat' dir='ltr'><strong>Deus</strong></span> <span class='ocrx_word' id='word_1_833' title='bbox 3285 5272 3461 5340; x_wconf 80' lang='lat' dir='ltr'><strong>itaque</strong></span> <span class='ocrx_word' id='word_1_834' title='bbox 3492 5280 3575 5325; x_wconf 90' lang='lat' dir='ltr'><strong>est</strong></span> 
     </span>
    </p>
   </div>
   <div class='ocr_carea' id='block_1_108' title="bbox 2000 5366 3572 5439">
    <p class='ocr_par' dir='ltr' id='par_1_108' title="bbox 2000 5366 3572 5439">
     <span class='ocr_line' id='line_1_108' title="bbox 2000 5366 3572 5439; baseline -0.005 -16"><span class='ocrx_word' id='word_1_835' title='bbox 2000 5369 2190 5435; x_wconf 87' lang='lat' dir='ltr'><strong>Pater;</strong></span> <span class='ocrx_word' id='word_1_836' title='bbox 2234 5383 2537 5439; x_wconf 80' lang='lat' dir='ltr'><strong>repugnans</strong></span> <span class='ocrx_word' id='word_1_837' title='bbox 2575 5382 2701 5421; x_wconf 82' lang='lat' dir='ltr'><strong>vero</strong></span> <span class='ocrx_word' id='word_1_838' title='bbox 2736 5366 2859 5420; x_wconf 89' lang='lat' dir='ltr'><strong>huic</strong></span> <span class='ocrx_word' id='word_1_839' title='bbox 2895 5373 3057 5433; x_wconf 89' lang='lat' dir='ltr'><strong>atque</strong></span> <span class='ocrx_word' id='word_1_840' title='bbox 3094 5366 3430 5435; x_wconf 88' lang='lat' dir='ltr'><strong>oppositum,</strong></span> <span class='ocrx_word' id='word_1_841' title='bbox 3470 5380 3572 5417; x_wconf 85' lang='lat' dir='ltr'><strong>non</strong></span> 
     </span>
    </p>
   </div>
   <div class='ocr_carea' id='block_1_109' title="bbox 2002 5454 3576 5528">
    <p class='ocr_par' dir='ltr' id='par_1_109' title="bbox 2002 5454 3576 5528">
     <span class='ocr_line' id='line_1_109' title="bbox 2002 5454 3576 5528; baseline -0.004 -14"><span class='ocrx_word' id='word_1_842' title='bbox 2002 5460 2162 5514; x_wconf 87' lang='lat' dir='ltr'><strong>Deus.</strong></span> <span class='ocrx_word' id='word_1_843' title='bbox 2188 5459 2348 5528; x_wconf 86' lang='lat' dir='ltr'><strong>Atqui</strong></span> <span class='ocrx_word' id='word_1_844' title='bbox 2384 5459 2522 5513; x_wconf 89' lang='lat' dir='ltr'><strong>Deus</strong></span> <span class='ocrx_word' id='word_1_845' title='bbox 2549 5467 2632 5515; x_wconf 89' lang='lat' dir='ltr'><strong>est</strong></span> <span class='ocrx_word' id='word_1_846' title='bbox 2664 5457 2827 5512; x_wconf 86' lang='lat' dir='ltr'><strong>etiam</strong></span> <span class='ocrx_word' id='word_1_847' title='bbox 2860 5456 3052 5521; x_wconf 86' lang='lat' dir='ltr'><strong>Filius,</strong></span> <span class='ocrx_word' id='word_1_848' title='bbox 3083 5456 3295 5511; x_wconf 90' lang='lat' dir='ltr'><strong>tametsi</strong></span> <span class='ocrx_word' id='word_1_849' title='bbox 3331 5465 3383 5509; x_wconf 91' lang='lat' dir='ltr'><strong>et</strong></span> <span class='ocrx_word' id='word_1_850' title='bbox 3418 5454 3576 5509; x_wconf 85' lang='lat' dir='ltr'><strong>Pater</strong></span> 
     </span>
    </p>
   </div>
   <div class='ocr_carea' id='block_1_110' title="bbox 2002 5547 3572 5617">
    <p class='ocr_par' dir='ltr' id='par_1_110' title="bbox 2002 5547 3572 5617">
     <span class='ocr_line' id='line_1_110' title="bbox 2002 5547 3572 5617; baseline -0.004 -11"><span class='ocrx_word' id='word_1_851' title='bbox 2002 5552 2071 5606; x_wconf 92' lang='lat' dir='ltr'><strong>sit</strong></span> <span class='ocrx_word' id='word_1_852' title='bbox 2111 5553 2280 5617; x_wconf 89' lang='lat' dir='ltr'><strong>Deus;</strong></span> <span class='ocrx_word' id='word_1_853' title='bbox 2317 5559 2370 5605; x_wconf 91' lang='lat' dir='ltr'><strong>ct</strong></span> <span class='ocrx_word' id='word_1_854' title='bbox 2403 5550 2649 5605; x_wconf 83' lang='lat' dir='ltr'><strong>similiter</strong></span> <span class='ocrx_word' id='word_1_855' title='bbox 2681 5566 2798 5604; x_wconf 76' lang='lat' dir='ltr'><strong>cum</strong></span> <span class='ocrx_word' id='word_1_856' title='bbox 2837 5564 2927 5604; x_wconf 82' lang='lat' dir='ltr'><strong>rcx</strong></span> <span class='ocrx_word' id='word_1_857' title='bbox 2963 5550 3030 5603; x_wconf 87' lang='lat' dir='ltr'><strong>sit</strong></span> <span class='ocrx_word' id='word_1_858' title='bbox 3067 5549 3245 5613; x_wconf 84' lang='lat' dir='ltr'><strong>Pater,</strong></span> <span class='ocrx_word' id='word_1_859' title='bbox 3275 5563 3369 5601; x_wconf 77' lang='lat' dir='ltr'><strong>rex</strong></span> <span class='ocrx_word' id='word_1_860' title='bbox 3411 5547 3572 5601; x_wconf 85' lang='lat' dir='ltr'><strong>etiam</strong></span> 
     </span>
    </p>
   </div>
  </div>
