4110 6212
494 326 567 383 5’}
1522 330 1577 383 S.
1615 328 1892 384 CYRILLl
1931 328 2401 388 ALEXANDHINI
2436 333 2753 389 AliClllEP.
3658 331 3743 385 δα

496 449 575 495 est
604 436 783 492 Filius.
817 437 1119 507 Eademque
1143 440 1278 495 ratio
1298 448 1381 495 est
1408 442 1471 495 de
1490 441 1855 507 immortali,et
1875 442 2059 496 invisi-

2176 442 2233 498 Ὀ
2262 444 2318 497 δὲ
2351 445 2510 510 αὐτὸς
2540 446 2769 511 σώζεται
2795 446 2947 514 λόγος
2978 446 3067 500 ἐπί
3106 465 3163 500 τε
3191 448 3284 501 τοῦ
3329 449 3605 520 ἀφθάρτου
3636 452 3742 507 καὶ·

499 530 619 593 bili,
649 538 701 582 et
751 529 1098 597 incorporeo,
1128 529 1358 599 aliisque
1401 530 1657 597 ejusmodi
1706 547 1826 602 qua:
1870 533 2061 588 divina!

498 630 703 675 natura:
744 618 945 672 insunt.
974 617 1029 672 Si
1068 634 1196 690 ergo
1236 636 1338 674 non
1378 620 1431 674 in
1473 621 1779 677 universum
1818 624 2063 693 opposita

498 728 682 769 eorum
731 725 851 780 qua:
898 712 1206 767 tribuuntur
1251 712 1429 775 Patri,
1481 711 1665 767 insunt
1713 713 1881 780 Filio,
1930 715 2064 769 nihil

501 805 653 857 laedet
679 802 796 856 Filii
826 802 1113 858 essentiam
1147 801 1453 869 generatio,
1481 804 1691 861 etiamsi
1721 804 1881 861 Pater
1910 808 2063 876 inge-

499 896 646 949 nitus
677 896 924 951 exsistat.
954 894 1061 949 Erit
1093 902 1268 948 autem
1302 894 1349 947 ei
1382 905 1685 953 coaeternus
1713 914 1815 953 non
1846 912 2063 969 prorsus

502 988 705 1041 habens
752 986 805 1039 in
862 1001 920 1040 se
966 984 1236 1038 contraria
1293 987 1617 1042 naturalium
1672 988 2061 1059 pr0prietatum

499 1078 665 1146 ipsius
682 1117 695 1139 ,
721 1078 859 1131 sicut
888 1076 1311 1130 demonstratum
1337 1087 1439 1132 est.

500 1190 619 1261 Alia
644 1187 1029 1261 demonstratio
1048 1186 1395 1261 :Quodqua:
1425 1190 1559 1261 inter
1585 1207 1638 1243 se
1671 1192 1903 1257 opposita
1931 1209 2063 1261 quo-

567 1256 844 1309 dammodo
891 1259 1117 1309 nominis
1166 1256 1366 1311 ratione
1408 1260 1666 1319 videntur,
1704 1256 2065 1323 arepenumero

566 1326 819 1379 nonnulla
848 1327 1036 1380 Ital-ent
1067 1330 1362 1381 communia
1392 1331 1445 1381 in
1476 1328 1822 1382 naturalibus.

568 1442 683 1498 Non
734 1442 783 1496 in
828 1442 1138 1497 universum
1184 1456 1515 1512 quaecunque
1559 1444 1729 1512 prima
1775 1459 1906 1498 voce
1954 1444 2067 1499 sive

500 1535 650 1589 vocis
682 1534 1077 1604 significatione
1112 1533 1383 1588 contraria
1418 1535 1559 1588 inter
1590 1548 1647 1589 se
1682 1543 1833 1599 sunt,
1868 1535 2065 1589 nullam

498 1642 682 1681 eorum
721 1626 1195 1697 quaa‘substantiis
1244 1626 1425 1681 insunt
1462 1627 1889 1682 convenientiam
1930 1627 2071 1682 inter

500 1733 557 1771 se
614 1716 832 1770 habent.
883 1716 1157 1783 Siquidem
1221 1715 1419 1769 animal
1472 1717 1773 1786 oppositum
1833 1725 1912 1770 est
1962 1731 2066 1769 non

498 1807 715 1862 animali
759 1825 773 1861 :
816 1808 909 1862 sed
952 1808 1341 1862 incrementum
1388 1808 1613 1876 suscipit
1644 1808 1839 1862 animal
1875 1816 1927 1862 et
1961 1824 2064 1862 non

498 1900 725 1966 animal,
752 1900 1204 1968 quemadmodum
1237 1916 1404 1970 equus
1429 1910 1481 1955 et
1507 1902 1707 1969 planta.
1740 1900 1795 1953 Si
1826 1914 1952 1953 vero
1985 1900 2067 1952 his

497 1993 744 2061 quamvis
773 1992 1005 2047 similem
1036 1990 1390 2046 dill‘erenliam
1424 2007 1527 2046 non
1562 1992 1883 2045 habentibus
1917 2005 2066 2045 com-

499 2082 680 2136 munio
711 2083 955 2149 quaedam
988 2082 1131 2137 circa
1168 2096 1281 2143 rem
1313 2081 1544 2151 aliquam
1581 2081 1890 2144 intercedit,
1919 2095 2063 2149 qua:-

497 2187 621 2227 nam
659 2173 794 2226 ratio
828 2180 980 2240 coget
1013 2180 1071 2225 ttt
1103 2171 1237 2225 nihil
1271 2185 1555 2225 commune
1590 2171 1786 2225 habeat
1819 2169 1975 2226 Pater
2006 2186 2069 2225 ac

500 2264 641 2317 Deus
682 2278 801 2316 cum
842 2262 978 2316 Filio
1019 2272 1072 2316 et
1111 2261 1241 2325 Deo.
1278 2262 1397 2316 ideo
1438 2261 1578 2330 quod
1616 2262 1705 2316 ille
1746 2261 1960 2332 quidem
2000 2263 2069 2315 sit

499 2355 801 2424 ingenitus,
836 2354 920 2409 hic
947 2370 1073 2408 vero
1108 2357 1353 2423 genitus,
1381 2366 1429 2408 et
1466 2355 1773 2408 nominibus
1805 2355 2069 2419 quodam-

498 2445 655 2498 modo
683 2444 896 2498 differre
918 2445 1233 2499 videantur?
1262 2445 1443 2513 Neque
1466 2446 1609 2500 enim
1633 2446 1755 2514 quia
1786 2446 1885 2500 hoc
1910 2446 2068 2499 modo

496 2553 552 2590 se
594 2536 749 2590 habet
796 2535 993 2599 Filius,
1029 2534 1190 2589 Pater
1234 2552 1335 2589 non
1387 2537 1547 2601 item,
1588 2538 1909 2593 substantias
1952 2539 2068 2607 ejus

496 2628 877 2697 proprietatem
908 2627 1063 2679 tollit.
1089 2626 1377 2680 Generatio
1406 2628 1671 2695 siquidem
1706 2637 1912 2683 tantum
1936 2645 2069 2699 quo-

498 2722 657 2775 modo
689 2721 759 2773 sit
788 2720 1086 2786 signiﬁcat;
1122 2734 1293 2787 neque
1324 2719 1617 2789 quidquam
1651 2720 1768 2789 ejus
1801 2722 1891 2791 qui
1926 2738 2070 2776 sem-

497 2827 593 2882 per
626 2813 679 2865 in
712 2811 867 2865 Patre
895 2810 1137 2875 exsistit,
1166 2810 1520 2863 aeternitatem
1553 2810 1712 2864 lazdit.

1172 2921 1379 2977 ALIUD

503 3015 586 3069 Ea:
618 3015 877 3082 opposito,
907 3014 1180 3066 ostendens
1212 3014 1357 3083 quod
1383 3029 1563 3081 expers
1594 3014 1839 3083 principii
1872 3024 2068 3082 tempo-

1060 3083 1185 3136 ralis
1214 3080 1279 3135 sit
1310 3080 1507 3136 Filius.

571 3197 627 3249 Si
663 3194 920 3264 quidquid
958 3210 1021 3248 ex
1059 3194 1241 3263 genito
1275 3204 1329 3249 et
1363 3194 1574 3266 mortali
1613 3194 1859 3266 genitum
1887 3192 2066 3260 fuerit,

502 3289 553 3341 id
583 3288 803 3340 omnino
834 3286 1060 3355 genitori
1095 3286 1270 3338 simile
1301 3263 1629 3352 sit'oportet,
1661 3287 1897 3353 genitum
1926 3286 2073 3339 scili-

501 3389 589 3432 cet
620 3386 676 3431 et
710 3376 938 3431 mortale
987 3395 1000 3431 :
1049 3392 1269 3430 necesse
1304 3377 1466 3429 etiam
1502 3385 1583 3429 est
1617 3391 1646 3431 e
1680 3378 1982 3441 contrario,
2018 3386 2075 3430 ut

503 3468 763 3538 quidquid
785 3482 848 3521 ex
876 3467 1110 3535 ingenito
1133 3477 1295 3536 atque
1318 3466 1605 3521 immortali
1629 3468 1864 3536 genitum
1889 3466 2071 3532 fuerit,

503 3564 605 3612 hoc.
635 3558 927 3627 ingenitum
959 3558 1028 3610 sit
1058 3567 1220 3628 atque
1252 3557 1577 3612 immortale.
1611 3556 1856 3625 Ejusdem
1896 3557 2075 3625 itaque

500 3649 605 3702 erit
644 3659 847 3702 natura:
885 3648 1050 3702 Filius
1090 3658 1251 3718 atque
1290 3650 1337 3704 is
1376 3649 1467 3717 qui
1510 3663 1631 3702 eum
1672 3649 1875 3718 genuit.
1908 3648 2073 3715 Atqui

504 3738 663 3792 Pater
692 3737 862 3793 factus
891 3754 996 3792 non
1029 3748 1111 3793 est
1147 3758 1160 3793 :
1197 3755 1370 3810 neque
1399 3740 1570 3795 Filius
1602 3754 1729 3810 ergo
1763 3740 1935 3794 factus
1966 3739 2073 3810 35

502 3837 611 3897 est;
644 3829 734 3898 qui
764 3845 888 3883 vero
919 3829 1091 3885 factus
1124 3846 1228 3885 non
1267 3841 1379 3892 est,
1405 3831 1565 3899 quale
1598 3832 1758 3887 habet
1782 3832 2074 3887 exsistendi

502 3921 855 3992 principium?
879 3921 1192 3978 Coaeterntts
1218 3924 1382 3991 igitur
1408 3924 1507 3977 fuit
1534 3923 1700 3979 Patri.

700 4009 937 4074 ALIUD,
967 4014 1034 4064 ad
1067 4012 1141 4063 rei
1171 4011 1571 4073 explicationem
1599 4009 1880 4075 pertinens.

570 4120 671 4184 Qui
717 4118 1028 4173 existimant
1061 4116 1230 4169 Deum
1267 4116 1333 4168 ab
1368 4116 1549 4186 aliquo
1598 4116 1866 4186 principio
1909 4133 2071 4188 gene~

504 4226 625 4263 rare
663 4209 921 4275 cmpisse,
949 4209 1297 4260 vehementer
1338 4207 1390 4260 in
1431 4222 1557 4260 suas
1596 4205 1834 4275 ipsorum
1870 4209 2077 4263 animas

504 4300 652 4369 impii
684 4306 827 4362 sunt,
857 4299 989 4351 nihil
1020 4299 1066 4352 ei
1096 4298 1326 4367 amplius
1356 4312 1518 4367 quam
1552 4299 1703 4353 nobis
1736 4297 2028 4354 tribuentes
2060 4315 2074 4352 :

506 4392 665 4444 homo
692 4391 831 4443 enim
864 4404 983 4443 cum
1015 4391 1302 4443 exsistendi
1334 4389 1544 4443 initium
1582 4386 1798 4454 habeat,
1826 4390 2074 4461 gignendi

2098 3123 2145 3185 C

2162 536 2413 607 ἀοράτου,
2446 532 2545 589 καὶ
2582 537 2892 607 ἀσωμάτου,
2938 538 3030 591 καὶ
3067 539 3168 591 ὅσα
3199 539 3423 593 τοιαῦτα
3472 541 3737 611 πρόσεσττ

2161 625 2226 693 τῇ
2269 622 2386 695 Θείᾳ
2420 622 2598 692 φύσει.
2634 625 2695 678 El
2742 626 2918 679 τοίνυν
2948 626 3006 679 οὐ
3044 628 3260 691 πάντως
3287 627 3354 680 τά
3382 630 3727 700 ἀντικείμενα

2160 714 2271 775 τοῖς
2302 714 2577 784 προσεῖναι
2618 714 2927 785 λεγομένοις
2970 714 3047 786 τῷ
3095 717 3291 786 Πατρὶ,
3344 718 3595 787 πρόσεστι
3651 717 3731 788 τῷ

2161 800 2295 872 Υἱῷ,
2330 801 2483 856 οὐδὲν
2531 804 2776 875 ἀδικήσει
2813 804 2905 858 τοῦ
2939 804 3069 858 Υἱοῦ
3102 806 3198 876 τὴν
3232 807 3417 859 οὐσίαν
3457 810 3489 877 ἡ
3534 808 3728 878 γέννη-

2164 911 2268 959 σις,
2310 895 2414 949 κᾶν
2459 895 2747 967 ἀγέννητος
2798 898 2825 949 6
2878 898 3066 969 Πατὴρ
3111 900 3372 971 τυγχάνῃ.
3435 901 3625 954 Ἔσται
3666 898 3733 970 δὴ

2163 985 2311 1057 αὐτῷ
2344 988 2609 1051 ωναῖδιος
2643 988 2703 1041 οὐ
2739 988 2952 1053 πάντως
2984 989 3121 1059 ἔχων
3147 990 3214 1043 τὰ
3250 989 3464 1044 ἐναντία
3494 990 3600 1043 τῶν
3628 1007 3730 1058 φυ-

2167 1078 2331 1139 σικῶν
2362 1079 2662 1150 ἰδιωμάτων
2687 1081 2875 1146 αὐτοῦ,
2906 1082 3049 1135 καθὰ
3075 1082 3361 1136 δέδεικται.

2179 1194 2505 1261 Ἀπόδειξις
2556 1195 2798 1263 ἐφεξῆς,
2864 1197 2992 1249 ’Ὁτι
3050 1196 3123 1249 τὰ
3185 1194 3560 1263 ἀνακείμενά
3606 1209 3731 1259 πως

2235 1264 2381 1330 πρὸς
2422 1265 2661 1332 ἄλληλα
2691 1265 2839 1318 κατὰ
2869 1265 2982 1332 τὴν
3007 1267 3359 1331 ὀνομασίαν,
3390 1265 3557 1319 κοινὰ
3587 1267 3732 1316 πολ-

2233 1334 2409 1400 λάκις
2436 1335 2559 1402 ἔχει
2594 1336 2724 1387 τινὰ
2764 1336 2881 1389 τῶν
2912 1335 3205 1404 φυσικῶν.

2235 1446 2309 1499 Οὐ
2344 1446 2559 1508 πάντως
2597 1449 2694 1500 ὅσα
2727 1448 2867 1501 κατά
2900 1448 2997 1516 τὴν
3042 1448 3328 1520 πρόχειρον
3379 1447 3561 1516 φωνὴν
3616 1448 3733 1516 ἦτοι

2168 1538 2225 1591 τὸ
2246 1541 2303 1591 ὲν
2328 1537 2471 1603 λέξει
2496 1540 2888 1609 σημαινόμενον
2918 1542 3174 1603 ἐναντίως
3205 1538 3316 1608 ἔχει
3346 1539 3480 1609 πρὸς
3508 1538 3743 1606 ἄλληλα,

2167 1628 2338 1680 ταῦτα
2374 1629 2465 1681 καὶ
2494 1630 2609 1681 κατ’
2644 1628 2829 1682 οὐδένα
2859 1630 3056 1700 τρόπον
3084 1627 3189 1681 τῶν
3227 1630 3326 1682 ὅσα
3366 1631 3483 1691 ταῖς
3524 1628 3735 1689 οὐσίαις

2171 1721 2457 1790 πρόσεστιν
2513 1721 2760 1791 ἀλλήλοις
2814 1719 3262 1772 ἐπικοινωνοῦντα
3309 1720 3576 1786 φαίνεται.
3626 1718 3736 1768 Καὶ

2104 1793 2299 1880 Β’γοῦν
2334 1812 2394 1864 τὸ
2438 1810 2574 1875 ζῶον
2626 1812 2922 1865 ἀντίκειται
2959 1811 3037 1879 τῷ
3084 1811 3156 1881 μὴ
3220 1809 3374 1880 ξὼῳ’
3432 1808 3737 1878 ἁλλάὖξην

2167 1900 2474 1971 ἐπιδέχεται
2509 1900 2570 1953 τό
2602 1919 2658 1953 τε
2700 1901 2835 1964 ζῶον
2865 1902 2957 1953 καὶ
2984 1900 3044 1952 τὸ
3074 1901 3146 1972 μὴ
3182 1899 3340 1963 ζῶον,
3376 1897 3487 1953 οἷον
3514 1902 3540 1952 6
3575 1901 3736 1961 ἵππος

2168 1990 2262 2042 καὶ
2308 1989 2368 2041 τὸ
2419 1989 2600 2057 φυτόν.
2656 1990 2719 2041 Et
2763 1990 2819 2043 δὲ
2865 1990 3072 2053 τούτοις
3118 1990 3291 2043 καίτοι
3328 1990 3427 2059 τὴν
3477 1989 3736 2059 διαφορὰν

2168 2082 2358 2151 ὁμοίαν
2388 2083 2487 2134 οὐκ
2518 2081 2700 2151 ἔχουσι
2727 2082 2980 2135 κοινωνία
3012 2100 3096 2147 τις
3126 2082 3252 2154 περί
3292 2100 3345 2136 τι
3388 2082 3619 2151 πρᾶγμα
3650 2081 3737 2147 γέ·

2169 2187 2317 2239 γονε,
2364 2172 2449 2233 τίς
2496 2172 2795 2240 ἀναγκάσει
2840 2172 2995 2240 λόγος
3043 2172 3159 2243 Θεῷ
3189 2173 3281 2225 καὶ
3327 2171 3497 2242 Πατρὶ
3537 2170 3737 2243 μηδένα

2171 2267 2477 2334 κοινότητος
2514 2261 2653 2318 εἶναι
2681 2265 2843 2318 τόπον
2897 2264 3029 2336 πρὸς
3067 2265 3195 2317 Υίδν
3228 2267 3321 2318 καὶ
3361 2265 3513 2331 Θεὸν,
3552 2265 3738 2335 ἐπειδὴ

2169 2359 2197 2409 ὀ
2234 2357 2330 2425 μὲν
2361 2356 2506 2409 ἐστιν
2539 2357 2834 2427 ἀγενήτως,
2866 2358 2893 2408 6
2925 2356 2979 2408 δὲ
3022 2356 3314 2427 γεννητῶς,
3347 2358 3439 2409 καὶ
3471 2360 3581 2419 τοῖς
3624 2355 3743 2407 ὀνό-

2174 2464 2335 2517 μασιν
2389 2447 2912 2501 ἀντιδιαστέλλεσθαί
2963 2464 3079 2510 πως
3116 2446 3293 2512 δοκεῖς
3348 2447 3479 2499 Οὐδὲ
3523 2446 3630 2514 γάρ
3680 2444 3741 2496 τὸ

2170 2533 2311 2591 εἶναι
2356 2538 2579 2592 τοιῶσδε
2627 2538 2718 2589 τὸν
2753 2538 2899 2599 Υίὸν,
2938 2539 2985 2590 εἰ
3023 2536 3117 2589 καὶ
3150 2538 3177 2589 ὁ
3220 2537 3408 2606 Πατὴρ
3461 2535 3537 2605 μὴ
3570 2534 3743 2597 οὕτως

2171 2625 2304 2695 ἔχει,
2336 2624 2393 2678 τὸ
2420 2625 2518 2694 τῆς
2551 2625 2737 2689 οὐσίας
2770 2625 2935 2679 αὐτοῦ
2965 2628 3185 2695 γνήσιον
3212 2626 3443 2695 ἀναιρεῖ.
3480 2623 3744 2694 Σημαίνει

2169 2716 2225 2768 δὲ
2262 2715 2419 2784 μόνον
2447 2716 2480 2783 ἡ
2529 2715 2780 2783 γέννησις
2826 2715 2885 2767 τὸ
2928 2715 3043 2778 πῶς
3070 2716 3238 2778 ἐστιν,
3274 2714 3426 2766 οὐδὲν
3451 2716 3536 2773 εἰς
3580 2712 3751 2767 ἁῖδιόο

2170 2823 2311 2876 τητα
2343 2805 2654 2859 Βλάπτουσα
2684 2806 2773 2859 τὸν
2800 2807 2886 2860 ἀεὶ
2910 2807 3037 2859 ὄντα
3067 2808 3122 2860 ὲν
3155 2806 3231 2876 τῷ
3271 2806 3462 2875 Πατρί.

2856 2919 3058 2971 ΑΛΛΟ.

2185 3011 2280 3063 Ἐκ
2328 3010 2434 3064 τοῦ
2470 3010 2882 3079 ἀντικειμένου
2925 3009 3204 3069 denu-dor
3241 3008 3330 3062 ὅτι
3376 3009 3635 3077 ἄναρχος
3678 3008 3748 3062 ἐν

2733 3080 2927 3148 χρόνῳ
2960 3082 2992 3133 ὀ
3039 3081 3188 3145 Υἱός.
3586 3078 3595 3089 ’

2246 3189 2309 3241 Ei
2338 3189 2445 3241 πᾶν
2469 3189 2605 3258 ὅπερ
2632 3187 2697 3240 ἂν
2726 3189 2787 3239 ὲκ
2822 3187 3016 3257 Θνητοῦ
3050 3189 3142 3241 καὶ
3168 3187 3407 3259 φθαρτοῦ
3436 3185 3751 3257 γεννηθείη,

2174 3281 2331 3333 τοῦτο
2363 3280 2576 3342 πάντως
2611 3279 2759 3331 ἔσται
2795 3278 2872 3349 τῷ
2902 3279 3130 3348 φύσαντι
3160 3280 3493 3351 προσεοικὸς,
3524 3277 3747 3347 γενητὸν

2175 3370 2374 3440 δηλαδὴ
2410 3371 2503 3423 καὶ
2539 3370 2799 3439 φοαρτδν,
2828 3369 3039 3440 ἀνάγκη
3081 3372 3231 3425 πᾶσα
3275 3372 3368 3423 καὶ
3395 3372 3456 3424 τὸ
3489 3370 3746 3431 ἐναντίον,

2175 3463 2313 3533 ὅπερ
2336 3463 2401 3515 ἂν
2432 3460 2491 3526 ἐξ
2518 3463 2781 3531 ἀγενήτου
2807 3464 2899 3515 καὶ
2926 3461 3203 3531 ἀφθάρτου
3234 3464 3573 3529 γεγέννηται,
3597 3459 3755 3511 τοῦτο

2177 3555 2394 3617 πάντως
2434 3553 2707 3626 ἄφθαρτον
2737 3550 2876 3609 εἶναι
2907 3556 2998 3607 καὶ
3039 3555 3314 3622 ἀγένητον.
3349 3552 3496 3618 "Ege:
3532 3566 3751 3618 τοιγαρ-

2176 3646 2273 3700 οῦν
2308 3646 2450 3701 οὕτω
2490 3647 2704 3715 φύσεως
2734 3648 2762 3698 ὁ
2797 3646 2918 3705 Υίὺς
2946 3644 3096 3704 ὅπως
3138 3642 3203 3693 ἂν
3232 3641 3344 3709 ἔχοι
3364 3641 3469 3699 ,καὶ
3499 3642 3526 3690 ὁ
3547 3634 3746 3706 γεννή-

2180 3756 2280 3803 σας
2313 3739 2493 3793 αὐτόν.
2527 3739 2599 3789 Οὐ
2630 3736 2849 3802 γέγονεν
2883 3735 2937 3785 δὲ
2968 3735 2995 3785 6
3026 3733 3211 3801 Πατήρ
3232 3748 3243 3760 ·
3279 3733 3339 3783 οὐ
3374 3731 3595 3803 γέγονεν
3638 3730 3748 3800 ἄρα

2178 3824 2300 3877 οὐδὲ
2324 3824 2352 3875 6
2383 3822 2533 3884 Υἱὸς,
2564 3823 2591 3873 ὁ
2618 3820 2674 3871 δὲ
2706 3818 2780 3888 μὴ
2822 3815 3078 3885 γεγονὼς,
3114 3815 3272 3867 ποίαν
3318 3816 3427 3884 ἔχει
3466 3813 3559 3865 τοῦ
3606 3808 3751 3865 εἶναι

2177 3913 2279 3982 τὴν
2311 3912 2516 3982 ἀρχήν;
2545 3905 2652 3961 Ἦν
2683 3903 2774 3960 οὖν
2807 3907 2913 3975 ἄρα
2937 3905 3014 3975 τῷ
3057 3905 3231 3975 Πατρὶ
3274 3903 3567 3968 συναῖδιος,

2599 3998 2805 4061 ΑΛΛΟ,
2868 3994 3315 4063 διηγηματικῶς.

2250 4116 2310 4167 Ol
2357 4112 2465 4165 ἀπό
2494 4129 2636 4173 τινος
2668 4110 2841 4181 ἀρχῆς
2862 4107 3118 4179 ἄρχεσθαι
3158 4106 3251 4161 τοῦ
3289 4111 3486 4178 γεννᾷν
3511 4106 3747 4175 οἰόμενοι

2180 4204 2269 4257 τὸν
2302 4202 2455 4266 Θεὸν,
2480 4202 2599 4255 λίαν
2630 4198 2917 4253 ἀσεϐοῦσιν
2949 4199 3027 4260 εἰς
3059 4197 3155 4260 τὰς
3191 4197 3397 4251 ἑαυτῶν
3427 4196 3624 4266 ψυχὰς,
3656 4194 3746 4247 εὐ-

2177 4302 2265 4354 δὲν
2294 4298 2441 4369 αὑτῷ
2467 4296 2697 4360 διδόντες
2729 4291 2888 4346 πλέον
2921 4292 3092 4364 ἡμῶν.
3132 4291 3449 4363 Ἀνθρωπος
3485 4289 3583 4359 μὲν
3639 4288 3745 4358 γάρ

2181 4394 2369 4461 ἐπειδὴ
2395 4388 2490 4445 τοῦ
2524 4390 2660 4451 εῖναι
2690 4384 2892 4458 ἤρξατο
2932 4383 3241 4452 ἀναγκαίως
3269 4383 3363 4435 καὶ
3404 4381 3497 4434 τοῦ
3543 4381 3744 4433 τίκτειν

503 4481 662 4533 etiam
702 4480 911 4533 initium
956 4480 1201 4534 habuerit
1240 4493 1459 4534 necesse
1495 4488 1613 4545 est,
1636 4488 1693 4533 et
1726 4482 1867 4550 quod
1913 4496 1978 4535 ex
2014 4495 2069 4535 se

2181 4454 2429 4557 ἄρχεται,
2455 4481 2549 4534 καὶ
2574 4479 2636 4533 τὸ
2691 4454 2748 4545 ei
2771 4477 2963 4533 ἑαυτοῦ
3003 4476 3225 4546 γενητδν
3273 4473 3403 4543 ἔχει.
3428 4475 3455 4525 ὁ
3484 4472 3538 4523 δὲ
3580 4470 3711 4532 θεὸς
3730 4509 3745 4531 ’

503 4571 742 4640 genitum
786 4579 868 4626 est
906 4572 1092 4636 habet;
1139 4571 1277 4625 Deus
1310 4586 1466 4634 vero,
1497 4587 1619 4626 cum
1662 4572 1734 4627 sit
1774 4573 2069 4643 ingenitus,

506 4680 608 4719 non
653 4671 873 4735 generat
915 4663 966 4717 in
1013 4673 1282 4731 tempore,
1317 4678 1489 4733 neque
1531 4677 1596 4717 ex
1634 4677 1693 4717 se
1734 4665 1974 4733 genitum
2018 4664 2070 4717 in

510 4770 747 4828 tempore
789 4757 950 4811 habet
991 4774 1006 4811 :
1045 4755 1140 4810 sed
1176 4756 1629 4827 quemadmodum
1671 4757 1784 4825 ipse
1825 4755 2069 4824 principii

504 4863 665 4918 atque
692 4859 841 4903 ortus
865 4841 1057 4919 expers
1083 4852 1185 4909 est,
1207 4848 1282 4902 ita
1306 4859 1360 4901 et
1382 4848 1614 4904 Verbum
1644 4848 1785 4925 quod
1809 4860 1875 4900 ex
1907 4847 2074 4916 ipsius

506 4941 806 4996 substantia
839 4940 1128 5007 processit,
1157 4939 1456 5007 principio,
1484 4951 1723 5010 tempore
1757 4949 1919 5009 atque
1953 4949 2072 4994 ortu

504 5036 737 5098 carebit,
769 5035 988 5103 perinde
1019 5046 1179 5105 atque
1211 5036 1255 5090 is
1284 5037 1372 5105 qui
1405 5036 1456 5089 id
1490 5036 1694 5106 genuit.
2076 5040 2077 5043 ‘

665 5145 1011 5214 Interrogatio
1042 5154 1289 5215 tanquam
1318 5160 1381 5198 ea:
1409 5144 1613 5211 scriptis
1645 5142 1911 5195 Eunomii.

580 5252 767 5307 Dicant
784 5253 957 5317 nobis,
974 5252 1344 5329 inquiunt,qui
1368 5252 1558 5311 Filium
1581 5251 1727 5309 Patri
1752 5258 2074 5307 cozeteruum

508 5359 625 5400 csse
658 5354 904 5411 censent,
932 5361 998 5403 an
1032 5346 1257 5407 desierit
1282 5358 1541 5414 generare
1569 5342 1763 5401 Pater?
1788 5342 2076 5395 Enimvero

508 5439 668 5493 desiit
710 5457 724 5491 :
772 5440 910 5509 Ergo
952 5441 1038 5494 illa
1082 5441 1313 5497 cessatio
1349 5438 1526 5493 Patris
1569 5456 1596 5492 a
1646 5439 1953 5508 generando
1994 5447 2077 5491 est

510 5531 827 5602 principium
860 5534 1193 5591 exsistentite
1218 5532 1362 5587 Filii.

1183 5643 1403 5699 Salutio.

590 5735 647 5791 Si
682 5737 916 5791 essentia
947 5726 1038 5791 Dei
1068 5753 1225 5791 omne
1257 5745 1461 5806 tempus
1489 5743 1541 5791 ct
1571 5733 1889 5807 principium
1919 5743 2076 5803 atque

2179 4575 2443 4645 ἀγένητος
2471 4572 2565 4638 ὢν,
2593 4573 2693 4626 οὐκ
2722 4572 2778 4625 ὲν
2802 4570 2977 4640 χρόνῳ
3004 4567 3186 4637 γεννᾷ,
3219 4564 3338 4623 οὐδὲ
3376 4561 3599 4631 γενητὸν
3633 4559 3745 4628 ἔχει

2178 4668 2270 4721 τὸν
2302 4666 2361 4733 ἐξ
2396 4665 2608 4720 ἑαυτοῦ·
2638 4663 2753 4720 ἀλλ’
2798 4662 2984 4730 ὥσπερ
3042 4655 3202 4717 αὐτὸς
3249 4653 3482 4724 ἄναρχος
3514 4653 3627 4704 ἐστι
3657 4651 3748 4705 καὶ

2180 4758 2463 4829 ἀγένητος,
2498 4757 2638 4809 οὕτω
2668 4754 2759 4808 καὶ
2781 4755 2808 4805 6
2837 4752 2900 4803 ὲκ
2926 4752 3022 4817 τῆς
3047 4747 3231 4808 οὐσίας
3279 4743 3441 4798 αὐτοῦ
3475 4740 3749 4814 προελθὼν

2181 4852 2374 4919 Λόγος,
2396 4850 2649 4916 ἄναρχος,
2672 4844 2893 4913 ἀχρονος
2921 4840 3073 4892 ἔσται
3101 4840 3192 4890 καὶ
3219 4836 3479 4906 ἀγένητος
3511 4834 3696 4903 ὥσπερ
3722 4833 3759 4884 6.

2181 4942 2499 5008 ἀποκυήσας
2532 4933 2711 4991 αὐτόν.

2456 5134 2777 5203 Ἐρώτησις
2811 5131 2890 5197 ὡς
2920 5130 2986 5183 ἐκ
3019 5129 3133 5191 τῶν
3164 5129 3480 5196 Εὑνομιόυ.

2252 5252 2571 5321 Λεγέτωσαν
2616 5250 2765 5319 ἡμῖν,
2795 5246 2976 5317 φασὶν,
3022 5246 3070 5296 οἱ
3118 5242 3194 5311 τῷ
3249 5242 3418 5311 lla-soi.
3475 5240 3569 5292 τὸν
3624 5240 3761 5294 Υίὸνπ

2185 5345 2453 5400 συναῖδιον
2498 5338 2634 5401 εἶναι
2688 5340 3006 5407 φάσκοντες,
3058 5333 3334 5388 ἐπαύσατο
3368 5332 3459 5385 τοῦ
3491 5335 3685 5401 γεννᾷν
3721 5331 3751 5383 ὁ

2184 5437 2403 5507 Πατήρς
2452 5432 2757 5491 Ἐπαύσατο
2809 5430 2884 5483 δέ.
2931 5427 3130 5499 Ἀρχὴν
3170 5421 3262 5479 οὖν
3307 5424 3530 5494 ἔχειτοῦ
3560 5420 3696 5477 εἶναι
3722 5423 3751 5473 6

2186 5528 2330 5590 Υἱὸς,
2364 5526 2460 5596 τὴν
2483 5527 2540 5577 ὲν
2568 5521 2645 5592 τῷ
2669 5522 2863 5591 γεννᾷν
2888 5520 3229 5574 κατάπαυσιν
3252 5516 3345 5571 τοῦ
3379 5516 3603 5585 Πατρός.

2432 5614 2437 5619 ἡ
2643 5634 2798 5703 Πρὸς
2856 5632 3032 5684 τοῦτο
3085 5630 3283 5694 λύσις.

2258 5733 2319 5784 Ei
2356 5729 2548 5791 παντὸς
2590 5725 2846 5795 ἀνωτέρω
2906 5723 3093 5796 χρόνον
3145 5724 3236 5775 καὶ
3272 5718 3442 5789 ἀρχῆς
3472 5718 3502 5788 ἧ
3531 5716 3746 5787 διαστής
