4032 6212
287 258 345 312 61
1706 278 2143 338 THESAURUS.

3476 294 3544 346 G2.

288 384 461 435 ματος
492 372 523 438 ἡ
551 371 706 423 οὐσία
728 372 821 423 τοῦ
850 373 1007 439 Θεοῦ,
1040 376 1287 449 ἀνω-τέρα
1313 380 1512 438 τούτων
1536 383 1686 439 ἔσται
1715 390 1809 441 καὶ

288 454 503 477 _-1__.___
526 474 541 477 _
593 459 677 477 --με
714 461 757 477 ,ν
852 460 864 477 ρ
1043 463 1054 477 ο
1285 470 1297 477 .
1462 471 1472 477 .
1546 474 1561 477 -
1613 475 1620 477 .

1941 393 2204 459 .spatium
2263 404 2515 461 superat,
2578 398 2857 466 generatio
2918 412 3134 477 quoque
3195 400 3307 453 haec
3362 403 3541 455 omnia

283 454 562 524 γέννησις.
592 459 684 510 καὶ
706 461 766 512 οὐ
794 460 1011 525 πάντως
1030 463 1393 539 ἀποστερήσει
1424 471 1519 542 τὴν
1540 474 1688 527 Θείαν
1711 478 1871 544 φύσιν

281 544 376 598 τοῦ
403 546 670 601 δύνασθαι
693 553 910 621 γεννᾷν,
949 553 1012 605 τὸ
1041 554 1115 625 μὴ
1158 557 1217 609 ἑν
1258 560 1436 632 χρόνῳ
1483 564 1643 617 τοῦτο
1675 570 1866 621 ποιεῖν.

282 636 516 707 Ἕτερος
540 639 649 711 γὰρ
668 642 824 711 παρά
844 642 935 697 τὸν
956 644 1294 717 ἀνθρώπινον
1319 654 1347 705 6
1371 653 1569 722 τρόπος
1592 655 1690 727 τῆς
1720 656 1870 721 θείας

280 733 617 800 γεννήσεως.
657 733 825 803 Ὀμοῦ
849 735 957 805 γὰρ
993 737 1070 806 τῷ
1098 734 1236 793 εἶναι
1261 741 1352 796 τὸν
1376 744 1504 797 Θεὸν
1534 744 1627 800 καὶ
1658 746 1719 799 τὸ
1741 764 1865 815 γεν-

278 817 378 889 vix:
405 817 561 887 αὑτῷ
596 826 1011 889 συνεπινοεῖται,
1046 828 1140 880 καὶ
1167 824 1235 900 ἦν
1274 831 1330 882 ὲν
1355 833 1504 904 αὐτῷ
1531 839 1805 906 γεννητῶς
1835 840 1864 891 6

1974 482 2278 551 superabit;
2314 500 2485 553 neque
2515 488 2732 541 omnino
2760 488 2992 557 privahit
3018 490 3255 543 divinam
3289 498 3539 545 naturam

1972 572 2227 629 facultate
2257 577 2573 645 generandi,
2593 580 2733 646 quod
2759 594 2862 634 non
2888 581 2939 634 in
2963 590 3202 649 tempore
3226 582 3328 636 hoc
3355 580 3535 637 laeiat.

1971 663 2225 720 Diversus
2268 668 2411 722 enim
2460 679 2543 723 est
2582 670 2778 725 divina:
2826 672 3195 742 generationis
3241 675 3431 728 modus
3471 675 3538 729 ab

1970 754 2223 812 humano.
2243 757 2414 811 Simul
2443 760 2584 814 enirn
2614 769 2667 815 et
2690 776 2808 815 esse
2833 770 2887 817 et
2907 777 3166 834 generare
3191 764 3354 819 Deum
3384 765 3539 820 intel-

1967 846 2200 916 ligimus,
2228 859 2453 919 eratque
2488 852 2537 905 in
2575 852 2689 922 ipso
2720 854 2932 923 genitus
2958 855 3158 921 Filius;
3195 870 3370 927 neque
3395 872 3533 927 prae.

281 912 430 1011 Υἱὸς,
461 914 958 1011 λπρρτρέχουσαν
984 918 1122 988 ἔχων
1144 921 1242 986 τὴν
1282 922 1533 995 γέννησιν
1570 927 1670 995 τῆς
1696 928 1834 1000 ὑπάρ

1965 939 2108 993 cedit
2130 941 2407 1008 generatio
2436 941 2551 1010 ejus
2580 943 2983 1011 exsistentiam,
3012 947 3106 1001 sed
3135 947 3293 1002 simul
3316 956 3370 1002 et
3397 950 3537 1002 exsi-

282 999 437 1064 εεως,
472 1003 588 1055 ἀλλ’
611 1003 729 1074 ἅμα
752 1007 846 1059 καὶ
870 1005 945 1060 ὢν
971 1008 1058 1060 ἀεὶ
1089 1011 1382 1081 γεννητῶς.

967 1122 1172 1176 AAAO.

357 1200 423 1256 Ὀ
462 1205 737 1276 τολμήσας
766 1210 969 1262 εἰπεῖν’
1002 1213 1364 1269 Κατὲπαυσεν
1390 1217 1498 1287 ἄρα
1527 1217 1622 1271 τοῦ
1666 1221 1860 1288 γεννᾷν

277 1294 306 1344 ὁ
328 1293 544 1367 Πατὴρ,
566 1298 795 1370 ἀφύκτῳ
819 1301 1127 1373 δυσφημίας
1156 1307 1461 1377 ἐγκλήματι
1485 1316 1857 1381 περιπεσεῖται

280 1383 529 1476 ﬁxa-1mg.
561 1389 716 1459 Τρεῖς
754 1392 867 1464 γὰρ
914 1394 1228 1461 ἀλλοιώσεις
1277 1402 1520 1471 εἰσφέρει
1579 1405 1708 1473 περὶ
1751 1404 1851 1476 τὴν

284 1474 445 1530 θείαν
482 1479 648 1546 φύσιν.
698 1484 943 1556 Ἀνάγκη
985 1487 1094 1558 γὰρ
1140 1492 1290 1543 πᾶσα
1334 1495 1399 1564 τῇ
1455 1474 1852 1569 διαστηματικῇ

274 1570 527 1661 γεννήσει
572 1576 719 1642 τρεῖς
776 1576 958 1632 δοῦναι
1008 1581 1250 1650 χρόνους.
1282 1583 1417 1637 Ἕνα
1457 1586 1575 1655 μὲν,
1627 1588 1719 1641 τὸν
1749 1589 1854 1661 πρὸ

1964 1026 2057 1082 stit
2086 1042 2300 1097 semper
2327 1040 2379 1085 et
2408 1041 2716 1101 generatur.

2638 1146 2867 1201 ALIUD.

2032 1234 2133 1301 Qui
2182 1251 2344 1291 ausus
2394 1245 2476 1291 est
2522 1238 2703 1294 dicere
2754 1257 2767 1293 :
2826 1240 2992 1293 Desiit
3046 1241 3224 1310 itaque
3275 1257 3532 1311 generare

1956 1325 2454 1392 Pater,inevitahile
2478 1329 2821 1399 blasphemia:
2844 1332 3047 1385 crimen
3067 1334 3528 1389 meritoincurret.

1958 1413 2092 1469 Tres
2124 1416 2266 1469 enim
2303 1418 2624 1471 mutationes
2660 1419 2710 1471 in
2747 1419 2985 1472 divinam
3022 1428 3269 1474 naturam
3304 1422 3529 1477 inducit.

1957 1505 2185 1561 Necesse
2213 1508 2473 1576 siquidem
2497 1519 2579 1563 est
2599 1511 2649 1562 in
2674 1512 3018 1580 generatione
3057 1511 3395 1565 intervallata
3424 1514 3527 1567 tria

1956 1599 2070 1652 dari
2118 1608 2375 1668 tempora.
2419 1600 2589 1655 Unum
2637 1603 2882 1670 quidem,
2921 1611 3045 1658 ante
3088 1605 3525 1674 generationem;

272 1663 366 1727 τῆς
384 1663 715 1732 γεννήσεως·
743 1666 995 1738 δεύτερον
1030 1671 1107 1736 δὲ,
1138 1672 1228 1725 τὸν
1250 1675 1306 1726 ὲν
1339 1675 1487 1746 αὐτῷ
1516 1677 1593 1748 τῷ
1622 1682 1834 1750 γεννᾷνη

273 1748 453 1777 ..ιζ-ι...
486 1750 539 1777 ιι
595 1752 686 1777 -λ-.
737 1757 860 1777 ----ς
908 1776 915 1777 ,
940 1758 957 1777 e,
1080 1761 1095 1777 ι
1338 1766 1399 1777 τι..
1450 1764 1489 1777 ι.
1546 1768 1558 1777 .
1718 1768 1729 1777 .

1955 1689 2216 1753 alterum,
2250 1691 2300 1743 in
2333 1692 2443 1759 ipsa
2473 1695 2852 1761 generatione;
2884 1696 3097 1748 tertium
3118 1738 3131 1761 ,
3160 1706 3278 1764 post
3307 1712 3529 1764 genera-

273 1748 453 1816 τρίτον
485 1750 562 1816 δὲ,
595 1752 686 1806 τὸν
734 1757 873 1825 μετά
900 1758 1000 1830 τὴν
1033 1761 1303 1832 γέννησιν.
1338 1766 1417 1821 Et.
1445 1764 1501 1818 δὲ
1542 1768 1599 1819 ἑν
1640 1748 1849 1834 τούτοις

276 1837 463 1931 γέγονε
499 1841 634 1907 Θεὸς
681 1846 982 1919 ἀρχόμενος
1014 1854 1108 1907 τοῦ
1164 1859 1378 1927 γεννᾷν,
1421 1860 1513 1911 καὶ
1559 1861 1846 1931 γεννήσας.

274 1929 361 1979 καὶ
390 1934 775 2001 καταπαύσας,
804 1940 923 2005 πῶς
966 1944 1066 1997 οὐκ
1107 1946 1404 2020 mansion;
1444 1950 1560 2013 πῶς
1600 1952 1654 2005 δὲ
1685 1952 1847 2016 αὐτὸς

272 2018 421 2111 ἔσται
449 2022 556 2077 τῶν
593 2025 807 2082 αἰώνων
835 2035 1100 2105 ποιητής;
1129 2038 1161 2109 ἢ
1205 2040 1321 2103 πῶς
1354 2018 1643 2110 ἀληθεύσει
1672 2043 1846 2111 λέγων

269 2111 295 2162 ὁ
321 2110 529 2203 Παῦλος
586 2120 717 2190 περὶ
746 2123 1006 2193 Χριστοῦ,
1044 2129 1127 2183 ὅτι
1186 2150 1204 2183 ι
1250 2133 1325 2184 Δι’
1357 2134 1522 2187 αὐτοῦ
1567 2110 1754 2203 γέγονε
1779 2135 1847 2191 τὰ

271 2202 462 2302 siina,
481 2224 500 2257 ι
524 2210 721 2281 καιροῦ
754 2216 1182 2286 μεσολαϐοὖντος
1204 2225 1297 2276 καὶ
1314 2225 1572 2299 ἀνωτέρω
1591 2229 1842 2299 κειμένου

265 2298 696 2389 τῆςᾼτεννήσεως
746 2304 935 2371 αὑτοῦ.
990 2312 1131 2366 κατά
1178 2312 1276 2384 τὴν
1318 2315 1427 2368 τῶν
1464 2320 1844 2389 χριστομάχων

264 2386 460 2455 μανξαν
479 2408 494 2455 ;

947 2490 1151 2546 AAAO.

337 2596 426 2647 Ἑν
452 2598 627 2668 χρόνῳ
657 2600 755 2669 μὲν
783 2599 845 2653 οὐ
881 2602 1052 2656 τίκτει
1079 2604 1232 2668 Θεὸς,
1283 2608 1311 2659 6
1346 2607 1555 2679 χρόνων
1582 2607 1837 2679 ἀνωτέρω

256 2688 515 2759 κειμένην
538 2689 677 2759 ἔχων
707 2691 806 2762 τὴν
834 2692 1019 2762 φύσιν’
1046 2696 1166 2749 οὐδὲ
1193 2698 1461 2766 ἀνάγκαις
1490 2701 1836 2755 ὑποκείσεταί

255 2794 412 2850 τισιν,
439 2781 467 2832 6
494 2780 670 2834 πάντα
713 2783 1233 2858 ὑπεραναϐεϐηκώς.
1283 2791 1356 2842 Οὐ
1408 2792 1627 2855 πάντως
1669 2793 1725 2845 δὲ
1775 2792 1836 2846 τὸ

254 2869 456 2925 άκτειν
487 2871 751 2941 πεφυκὸς,
781 2876 848 2929 ἐκ
880 2874 975 2932 τοῦ
1020 2877 1093 2950 μὴ
1118 2878 1320 2933 είκτειν
1360 2884 1437 2946 εἰς
1470 2880 1626 2939 τοῦτο
1652 2883 1835 2957 πρόεια

252 2978 357 3024 σιν,
380 2963 500 3016 οὐδὲ
528 2965 712 3037 ἐπειδὴ
739 2968 948 3021 τίκτειν
979 2966 1107 3035 οἶδε,
1137 2973 1355 3037 πάντως
1378 2976 1472 3028 καὶ
1501 2979 1827 3032 καταπαύει.

1958 1780 2178 1859 tionem.
2212 1781 2267 1835 Si
2321 1796 2448 1851 ergo
2501 1784 2573 1836 ita
2626 1786 2808 1848 genuit
2852 1785 3024 1850 Deus,
3064 1796 3122 1839 ut
3167 1794 3223 1840 et
3268 1787 3523 1855 inceperit

1952 1872 2192 1941 gignere,
2213 1882 2266 1926 et
2286 1875 2551 1940 genuerit.
2572 1883 2625 1927 et
2646 1876 2885 1938 desierit,
2907 1891 3013 1943 quo
3038 1885 3194 1944 pacto
3219 1877 3527 1930 tnutatiOuis

1956 1979 2154 2032 expers
2187 1963 2321 2019 fuit?
2358 1975 2449 2017 aut
2477 1982 2585 2034 quo
2622 1977 2777 2034 pacto
2811 1967 2925 2037 ipse,
2959 1967 3156 2021 saecula
3190 1968 3529 2022 condiderit?

1947 2062 2042 2109 aut
2065 2070 2171 2122 quo
2201 2064 2357 2121 pacto
2386 2068 2508 2109 vere
2551 2057 2617 2111 de
2647 2058 2863 2112 Christo
2894 2060 3108 2123 dixerit,
3145 2078 3165 2112 ι
3199 2060 3383 2114 omnia
3432 2075 3527 2129 per

1946 2162 2068 2201 eum
2099 2146 2236 2201 facta
2266 2147 2376 2217 36
2403 2162 2524 2202 esse
2544 2147 2627 2200 35?
2654 2166 2672 2197 ι
2704 2141 2835 2201 Cum
2866 2158 2921 2203 et
2952 2159 3160 2219 tempus
3190 2151 3333 2206 inter
3356 2150 3525 2220 ipsius

1947 2238 2349 2309 generationem
2375 2239 2711 2307 interjectum
2736 2239 2918 2306 luerit,
2937 2255 3163 2311 eamque
3184 2247 3525 2313 praeessem

1941 2327 2097 2397 juxta
2133 2328 2376 2383 insanam
2412 2329 2648 2384 hostium
2676 2328 2768 2384 Dei
2801 2330 3131 2399 Opinionem.

2626 2485 2856 2543 ALIUD.

2015 2598 2155 2653 Deus
2186 2614 2291 2652 non
2320 2599 2489 2669 gignit
2518 2598 2569 2652 in
2606 2580 2876 2665 tempore,
2910 2598 3107 2667 quippe
3143 2596 3294 2664 cujus
3329 2607 3518 2651 natura

1941 2692 2085 2745 onmi
2116 2701 2358 2758 tempore
2387 2690 2633 2759 superior
2660 2701 2745 2744 est
2770 2704 2784 2742 :
2816 2705 2988 2758 neque
3019 2689 3226 2756 legibus
3252 2688 3367 2741 ullis
3393 2690 3522 2742 sub-

1933 2780 2097 2848 jacet,
2127 2781 2215 2849 qui
2249 2779 2429 2832 omnia
2462 2780 2816 2832 transcendit.
2844 2777 3027 2848 Neque
3048 2792 3177 2831 vero
3213 2778 3265 2831 in
3305 2778 3521 2830 univer-

1939 2887 2057 2927 sum
2096 2874 2145 2925 id
2173 2871 2314 2940 quod
2342 2871 2593 2941 gignendi
2624 2869 2878 2925 facultate
2909 2870 3188 2938 prasditum
3222 2879 3325 2932 est,
3354 2884 3383 2923 ε
3412 2884 3517 2923 non

1940 2965 2203 3037 gignendo
2247 2961 2312 3017 ad
2366 2959 2689 3034 gignendum
2741 2959 3019 3028 procedit;
3064 2972 3236 3027 neque
3278 2959 3520 3028 quando-

252 3053 363 3104 Καὶ
388 3054 519 3120 γοῦν
540 3060 699 3128 γεννᾷ
728 3060 826 3128 μὲν
874 3058 934 3125 ἐξ
965 3063 1156 3115 ἑαυτοῦ
1186 3064 1246 3117 τὸ
1278 3066 1391 3137 πῦρ
1440 3055 1539 3139 τήν
1581 3086 1638 3121 τε
1690 3072 1831 3125 κατὰ
1860 3070 1902 3130 C
1935 3058 2147 3127 ‘l‘lmem
2193 3055 2413 3126 είεηετθ
2457 3053 2632 3117 ηονίιο
2670 3051 2887 3122 ἓίῧθετθ
2932 3049 3153 3102 ⁰¹¹¹¹¹ί¹¹⁰
3186 3050 3415 3139 ,ἀξείιιίμ
3457 3049 3515 3102 Si

251 3145 326 3211 φύ
337 3161 421 3197 σιν
448 3147 593 3218 αὑτῷ
616 3151 923 3222 προσοῦσαν
956 3154 1268 3226 θερμότητα
1290 3160 1383 3211 καὶ
1412 3160 1503 3213 τὸν
1527 3163 1827 3233 φωτισμόν

257 3234 387 3287 οὒτε
410 3236 465 3288 δὲ
487 3239 549 3290 ὲκ
575 3240 667 3293 τοῦ
694 3243 767 3313 μὴ
798 3239 939 3297 εἶναι
966 3245 1167 3317 θερμὸν
1218 3250 1299 3311 εἰς
1332 3250 1489 3304 τοῦτο
1528 3253 1795 3323 προῆλθεν
1812 3296 1828 3321 ,

259 3322 396 3376 οὔτε
418 3329 744 3384 πεπαύσεται
764 3335 963 3401 γεννῶν
983 3337 1045 3388 τὸ
1065 3339 1204 3393 κατὰ
1239 3340 1401 3409 φύσιν
1428 3343 1579 3414 αὐτῷ
1606 3344 1825 3415 προσόνο

246 3415 385 3473 ἀλλ’
412 3416 530 3487 ἅμα
571 3419 753 3488 γέγονε
782 3426 932 3496 πῦρ,
991 3429 1086 3482 καὶ
1141 3426 1209 3500 ἦν
1255 3431 1405 3503 αὐτῷ
1430 3434 1497 3486 τὰ
1526 3434 1710 3492 αὑτοῦ.
1763 3438 1827 3490 Et

242 3509 435 3563 τοίνυν
459 3513 547 3567 καὶ
579 3514 797 3569 ἐπὶτῶν
829 3521 1212 3591 πεποιημένων
1240 3524 1390 3593 παρά
1418 3524 1555 3578 Θεοῦ
1584 3528 1824 3592 τοιοῦτος

245 3604 498 3671 φαίνεται
528 3610 830 3679 γεννήσεως
858 3614 1079 3682 τρόπος,
1108 3616 1225 3679 πῶς
1274 3617 1373 3670 οὐκ
1412 3618 1606 3682 ἀσεϐὲς
1640 3621 1714 3690 μὴ
1759 3621 1828 3675 τὰ

242 3694 422 3765 μείζω
453 3704 800 3771 παραχωρεῖν
851 3703 1023 3774 αὐτῷ,
1072 3705 1176 3759 κᾶν
1227 3706 1302 3777 μὴ
1333 3707 1511 3779 φθάνῃ
1545 3708 1679 3780 πρὸς
1728 3728 1826 3763 κα·-

237 3788 474 3861 τάληψιν
508 3792 607 3861 τῆς
656 3793 899 3865 μεγάλης
941 3796 1104 3848 αὐτοῦ
1138 3796 1351 3865 φύσεως
1410 3799 1439 3851 ὁ
1488 3799 1827 3872 ἀνθρώπινος

237 3896 365 3943 vva;
382 3894 403 3947 ;

933 4085 1138 4140 AAAO.

302 4189 380 4244 Τὸ
407 4192 634 4265 γενητὸν
658 4192 796 4265 πρὸς
819 4194 881 4247 τὸ
905 4195 1191 4266 ἀγένητον,
1226 4201 1320 4253 καὶ
1350 4200 1413 4254 τὸ
1437 4201 1657 4273 ποιηθὲν
1685 4203 1824 4273 πρὸς

230 4279 291 4335 τὸ
320 4281 404 4350 μὴ
439 4285 806 4354 πεποιημένον
831 4286 1032 4357 πολλὴν
1053 4287 1165 4358 ἔχει
1194 4290 1294 4360 τὴν
1321 4290 1624 4344 διάστασιν
1666 4292 1825 4346 ἐναν-

1933 3147 2144 3215 quidem
2180 3154 2235 3199 et
2261 3144 2400 3214 ignis
2429 3142 2597 3212 gignit
2626 3157 2690 3194 ex
2725 3155 2782 3194 se
2811 3136 3131 3192 naturaliter
3155 3135 3256 3191 sibi
3297 3135 3515 3191 insitum

1930 3236 2164 3291 calorem
2205 3244 2261 3290 et
2300 3234 2510 3298 lumen;
2560 3245 2735 3300 neque
2785 3224 2914 3283 vero
2959 3243 3027 3283 ex
3075 3243 3179 3282 non
3228 3228 3401 3282 calido
3451 3227 3514 3278 ad

1928 3329 2161 3384 calidum
2207 3326 2503 3395 processit;
2548 3338 2721 3393 neque
2762 3322 2971 3376 desinet
3012 3322 3234 3390 gignere
3279 3320 3327 3373 id
3374 3321 3514 3388 quod

1929 3420 2251 3475 naturaliter
2282 3419 2333 3473 ei
2371 3419 2512 3474 inest
2548 3436 2561 3472 :
2602 3417 2694 3471 sed
2728 3414 2888 3469 simul
2924 3429 2986 3467 ac
3022 3412 3199 3468 laetus
3234 3422 3319 3467 est
3352 3412 3512 3482 ignis,

1925 3522 2082 3567 erant
2112 3512 2279 3567 etiam
2321 3512 2372 3566 in
2411 3526 2477 3565 eo
2512 3524 2634 3578 qua:
2667 3508 2784 3575 ejus
2808 3515 2953 3573 sunt,
2979 3504 3130 3560 calor
3167 3504 3418 3558 nimirum
3461 3516 3515 3556 et

1928 3604 2129 3657 lumen.
2188 3603 2244 3657 Si
2289 3618 2420 3672 ergo
2478 3603 2643 3656 etiam
2692 3600 2743 3653 in
2789 3600 2989 3654 creatis
3035 3613 3063 3651 a
3104 3596 3214 3651 Deo
3250 3594 3512 3662 erSmOdi

1926 3694 2291 3761 generationis
2319 3692 2508 3745 modus
2534 3692 2800 3754 cernitur,
2824 3705 2932 3759 quo
2967 3701 3124 3759 pacto
3158 3703 3261 3742 non
3291 3686 3514 3756 impium

1926 3782 2117 3845 fuerit,
2146 3783 2190 3835 si
2221 3796 2323 3834 non
2357 3780 2526 3833 multo
2561 3779 2765 3846 majora
2795 3780 2905 3833 Deo
2940 3780 3271 3843 tribuamus,
3302 3776 3509 3830 tametsi

1927 3876 2194 3929 humanus
2242 3870 2545 3925 intellectus
2588 3871 2782 3922 divina:
2826 3878 3033 3922 natura:
3080 3869 3506 3936 magnitudinum:

1928 3965 2206 4037 percipere
2232 3976 2337 4017 non
2367 3958 2573 4030 possit?
2634 3966 2639 3977 ‘

2568 4092 2573 4098 ’
2606 4090 2838 4151 ALIUD.

1992 4210 2245 4266 Genitum
2274 4208 2341 4264 ab
2370 4205 2612 4277 ingenito
2634 4246 2649 4271 ,
2674 4214 2728 4259 et
2757 4203 2962 4259 factum
2995 4217 3023 4257 a
3059 4217 3165 4257 non
3198 4199 3341 4255 laeto
3370 4215 3508 4255 mus-

1924 4312 2040 4361 tum
2073 4306 2275 4360 distant
2304 4321 2321 4359 :
2354 4302 2625 4361 contraria
2656 4301 2803 4357 enim
2833 4302 2973 4355 inter
2998 4316 3057 4354 se
3087 4314 3207 4356 esse
3237 4300 3506 4355 videntur.

229 4370 317 4424 τία
344 4372 460 4445 γὰρ
487 4373 738 4445 ἀλλήλοις
766 4376 837 4431 τὰ
869 4376 1096 4435 τοιαῦτα
1122 4381 1391 4449 φαίνεται.
1417 4382 1479 4435 El
1508 4381 1687 4436 τοίνυν
1713 4383 1821 4435 πᾶν

1941 4397 1984 4452 Si
2034 4397 2200 4469 igitur
2244 4411 2406 4451 omne
2451 4394 2596 4464 quod
2648 4408 2714 4448 ex
2758 4392 2901 4447 facto
2949 4393 3218 4463 gignitur,
3261 4399 3507 4447 naturam

228 4463 370 4533 ὅπερ
408 4462 475 4517 ἂν
504 4467 571 4519 ὲκ
598 4466 828 4539 γενητοῦ
860 4467 1108 4541 γένηται,
1146 4472 1430 4528 ἀκολουθεί
1486 4472 1704 4538 πάντως
1742 4477 1819 4546 ’τῇ

227 4556 418 4625 οἰκείᾳ
448 4554 632 4623 φύσει,
664 4558 759 4611 καὶ
790 4557 907 4612 ἔστι
925 4561 1152 4632 γενητὸν
1172 4562 1261 4615 διὰ
1281 4564 1342 4615 τὸ
1367 4565 1431 4617 ὲκ
1457 4563 1702 4625 τοιούτου
1723 4564 1823 4636 τὴν

227 4643 475 4717 ὕπαρξιν
501 4645 665 4716 ἔχειν,
698 4648 1010 4718 ἀναγκαίως
1031 4651 1182 4705 ἔσται
1209 4654 1305 4710 καὶ
1332 4655 1391 4707 τὸ
1422 4655 1688 4722 ἐναντίον,
1726 4658 1823 4712 καὶ

226 4739 335 4789 πᾶν
363 4739 515 4805 ὅπερ
562 4739 627 4794 ἂν
652 4738 711 4804 ἐξ
733 4742 999 4813 ἀγενήτου
1048 4744 1307 4816 γεννηθῇ,
1332 4745 1491 4799 τοῦτό
1521 4748 1670 4801 ἐστιν
1693 4748 1822 4816 ἀγέ-

224 4846 417 4897 νητον.
459 4828 722 4901 Ἐγενήθη
782 4831 838 4885 δὲ
888 4835 917 4886 6
977 4833 1103 4897 Υἱὸς
1133 4834 1192 4900 ἐξ
1254 4837 1520 4907 ἀγενήτου
1569 4838 1818 4909 Πατρός·

220 4918 501 4989 ἀγένητος
524 4920 632 4991 ἄρα
663 4922 757 4976 καὶ
786 4922 949 4987 αὐτὸς
1002 4926 1098 4979 καὶ
1141 4926 1218 4997 τῷ
1269 4928 1486 4983 τεκόντι
1509 4930 1779 4997 συνεῖδιος
1799 4971 1814 4998 ,

220 5009 429 5077 σώζων
464 5013 524 5064 ἐν
542 5012 718 5084 ἑαυτῷ
740 5017 842 5087 τῆς
886 5018 1146 5090 πατρῴας
1184 5020 1398 5090 φύσεως
1415 5021 1477 5075 τὸ
1504 5022 1744 5094 ἀξίωμα.

496 5127 813 5198 Ἀντιθεσις
862 5130 943 5197 ὡς
975 5131 1042 5185 ἐκ
1077 5133 1200 5188 τῶν
1238 5135 1567 5205 αἱρετικῶν.

290 5238 646 5295 lia-5610616
679 5261 861 5317 φαμεν
908 5247 1000 5300 καί
1048 5247 1202 5301 αὐτοὶ¹
1253 5250 1519 5305 συναϊδιον
1551 5244 1690 5307 εἶναι
1741 5252 1817 5325 τῷ

218 5330 415 5403 Πατρὶ
443 5331 539 5383 τὸν
571 5332 716 5403 Υἰδν,
752 5337 814 5389 οὐ
858 5336 993 5392 καθδ
1023 5334 1092 5409 ἦν
1123 5341 1209 5394 ἀεὶ
1255 5342 1351 5395 σὺν
1398 5341 1568 5413 αὐτῷ.
1602 5343 1715 5397 ἀλλ’
1738 5345 1817 5399 ὅτι

211 5423 275 5475 τὸ
309 5422 504 5477 θέλειν
531 5424 617 5477 ἀεὶ
644 5427 736 5481 τὸν
760 5427 892 5483 Tib»
921 5424 1064 5502 εἶχεν
1093 5433 1121 5486 6
1145 5432 1333 5506 Πατὴρ
1358 5435 1416 5487 ἐν
1437 5434 1635 5508 ἑαυτῷ.

283 5685 340 5717 ³⁵
367 5681 532 5743 Joan.
565 5702 600 5754 ι,
635 5688 690 5743 3.

1923 4505 2075 4546 suam
2106 4490 2328 4544 omnino
2353 4490 2622 4558 sequitur,
2642 4496 2694 4540 et
2717 4484 2919 4539 factum
2948 4495 3030 4538 est
3054 4494 3341 4553 propterea
3366 4484 3507 4551 quod

1917 4596 1987 4637 ex
2011 4582 2099 4636 tali
2126 4581 2501 4637 exsistentiam
2526 4593 2678 4636 suam
2703 4576 2931 4639 habeat;
2958 4578 3293 4631 contrarium
3319 4575 3505 4629 eadem

1920 4673 2082 4727 etiam
2111 4674 2323 4727 ratione
2351 4687 2411 4726 se
2443 4672 2641 4726 habeat
2669 4684 2891 4724 necesse
2920 4676 3035 4731 est,
3064 4677 3116 4721 et
3143 4663 3406 4734 quidquid
3439 4678 3502 4719 ex

1921 4779 2027 4818 non
2068 4764 2213 4819 facto
2256 4763 2515 4833 gignitur,
2544 4778 2653 4818 non
2695 4760 2894 4816 factum
2936 4760 3099 4814 etiam
3142 4764 3245 4812 est.
3274 4754 3506 4810 Genitus

1923 4865 2105 4910 autem
2130 4854 2399 4911 estFilius
2427 4869 2494 4909 ex
2525 4869 2631 4908 non
2656 4853 2802 4908 facto
2836 4852 3023 4917 Patre;
3051 4842 3179 4919 ergo
3204 4858 3257 4903 et
3283 4848 3396 4916 ipse
3419 4855 3507 4900 est

1922 4963 2029 5003 non
2062 4947 2268 5011 lactus,
2300 4956 2353 5000 et
2389 4944 2620 5014 genitori
2654 4959 2755 4999 suo
2789 4952 3090 4999 coaeternus
3122 4948 3235 5005 est,
3264 4948 3502 5009 paternae

1922 5050 2127 5098 natura:
2157 5040 2473 5110 dignitatem
2508 5038 2561 5091 in
2592 5052 2651 5093 se
2679 5039 2937 5093 retinens.

2378 5147 2613 5218 Objectio
2654 5145 3043 5199 Iawrclicorum.

1992 5262 2099 5320 Hac
2132 5261 2361 5325 ratione,
2389 5257 2658 5328 inquiunt,
2680 5254 2843 5310 etiam
2873 5268 2970 5307 nos
2996 5261 3323 5307 coaeternum
3350 5248 3497 5303 Patri

1918 5355 2110 5413 Filium
2134 5370 2253 5412 esse
2274 5353 2527 5419 dicimus,
2548 5365 2653 5407 non
2677 5347 2818 5419 quod
2841 5360 3055 5416 semper
3073 5361 3192 5401 cum
3219 5345 3337 5415 ipso
3358 5355 3495 5406 erat,

1917 5448 2009 5503 sed
2041 5447 2187 5516 quod
2217 5445 2547 5501 voluntatem
2587 5440 2819 5503 habendi
2851 5437 3044 5494 Filium
3084 5436 3246 5492 Pater
3280 5450 3489 5507 semper

1937 5541 1988 5595 in
2024 5554 2083 5594 se
2117 5537 2383 5595 habuerit.
