4032 6212
40 5389 46 5516 ἷ

40 5723 46 5934 ἶ

40 5949 46 6080 ἓ

40 6083 50 6177 l

545 333 612 387 63
1543 327 1600 383 S.
1641 327 1923 383 CYRILLI
1958 328 2426 386 ALEXANDRINI
2459 332 2776 387 ARClllE-P.
3011 335 3013 344 '
3737 333 3806 387 δι

1220 444 1445 500 Salutio.

617 559 775 627 Atqui
824 560 922 612 linc
965 558 1386 628 uugacissimum
1435 567 1549 620 est,
1587 567 1641 610 et
1688 557 2126 627 iucomparabilis
2155 556 2201 612 Α

543 648 820 717 Cujusdain
857 648 1137 702 dementia:
1173 647 1517 701 manifestum
1553 658 1948 716 argumentum.
1988 650 2118 715 Quis

543 741 685 793 cnim
712 740 920 809 ignorat
943 741 1008 794 de
1029 739 1250 808 singulis
1270 723 1433 792 etiam
1460 741 1725 794 creaturis
1753 741 2117 810 producendis

545 830 873 884 voluntatem
906 831 956 884 itt
991 831 1122 885 Filio
1151 830 1351 884 fuisse?
1376 830 1572 886 Voleus
1602 831 1744 884 enim
1785 833 1963 886 omnia
1992 832 2119 888 fecit

543 923 796 989 Creator,
840 937 1013 990 neque
1075 925 1281 992 absque
1341 923 1457 992 ejus
1524 924 1797 978 voluntate
1857 937 2122 981 creaturae

545 1015 711 1083 ipsius
744 1015 1031 1068 exsistunt.
1063 1013 1319 1080 Qumuam
1357 1015 1519 1085 igitur
1542 1025 1626 1069 est
1660 1015 1961 1071 dill'ereutia
1998 1017 2119 1072 Filii

543 1117 598 1159 et
632 1104 880 1169 facturae,
909 1114 1172 1160 creaturae
1208 1115 1262 1160 et
1296 1106 1617 1175 genimiuis,
1649 1107 1756 1177 37
1793 1108 1834 1162 si
1875 1107 2122 1164 voluntas

453 1236 458 1241 .
543 1196 608 1248 de
649 1196 889 1263 utrisque
925 1195 976 1248 in
1016 1195 1124 1250 Deo
1157 1197 1257 1251 sita
1293 1196 1410 1250 est?
1445 1194 1706 1261 Quisnam
1743 1213 1890 1252 sana:
1927 1199 2120 1255 mentis

543 1286 609 1339 iis
635 1286 726 1354 qui
760 1288 830 1340 ita
863 1287 1106 1341 sentiunt
1132 1303 1236 1340 non
1269 1288 1560 1354 acclamet,
1589 1290 1728 1356 quod
1755 1307 1816 1343 ea
1849 1307 1968 1360 qua:
2001 1303 2119 1346 tau-

543 1384 725 1445 tnpere
757 1379 896 1432 inter
928 1394 986 1434 se
1017 1380 1222 1432 ratione
1249 1389 1454 1434 natura:
1482 1381 1712 1445 distant,
1741 1384 1929 1436 eodem
1962 1386 2119 1438 modo

541 1470 840 1532 :t-stiment,
875 1471 926 1523 in
978 1471 1089 1524 sola
1138 1469 1232 1524 Dei
1283 1473 1618 1541 pramotione
1669 1484 1899 1543 utraque
1947 1476 2119 1544 posita

541 1575 660 1612 esse
700 1569 1026 1624 statuentes,
1062 1573 1115 1616 et
1151 1561 1326 1617 Verbo
1365 1563 1510 1632 quod
1551 1580 1614 1617 ex
1665 1565 1897 1618 essentia
1943 1565 2122 1633 lfatris

539 1657 803 1724 pr’oressit
833 1657 960 1710 nihil
996 1657 1224 1726 amplius
1253 1672 1410 1726 quant
1439 1659 1704 1713 creaturis
1734 1658 2005 1715 tribuant?

1248 1859 1474 1915 ALIUD.

612 1972 669 2026 Si
694 1971 860 2026 Filius
883 1988 986 2025 non
1023 1981 1141 2025 erat
1171 1974 1385 2040 sempér
1413 1987 1534 2026 cum
1567 1973 1726 2027 Patre
1753 1989 1817 2028 ex
1869 1989 1983 2044 lpSO
2034 1989 2122 2029 se-

540 2065 772 2119 cundum
803 2075 1049 2117 naturam
1081 2065 1350 2117 exsistens
1379 2073 1433 2117 et
1457 2067 1898 2127 cozeteruns,scd
1938 2075 2123 2134 postea

539 2159 587 2209 ei
618 2157 816 2210 accidit
855 2166 911 2209 ut
937 2164 1100 2217 esset,
1141 2155 1338 2207 accidit
1369 2153 1557 2221 procul
1583 2155 1748 2209 dubio
1775 2155 1935 2209 etiam
1980 2155 2122 2210 Patri

541 2257 600 2298 ut
631 2245 783 2298 ﬁeret
814 2244 993 2298 Pater.
1031 2243 1208 2311 Atque
1245 2243 1316 2295 ita
1371 2244 1598 2298 mutatio
1654 2247 1901 2313 quaedam
1963 2257 2126 2315 atque

539 2337 787 2390 alteratio
819 2336 870 2388 iu
909 2337 1022 2404 ipso
1063 2333 1203 2389 facta
1246 2336 1481 2388 videtur.
1517 2334 1750 2400 Naiu,ex
1791 2345 1970 2390 vestra
2000 2350 2125 2389 sen-

543 2429 706 2482 tentia
740 2469 754 2492 ,
787 2429 928 2498 quod
959 2429 1108 2497 prius
1151 2444 1252 2482 non
1285 2437 1422 2489 erat,
1452 2427 1503 2480 id
1539 2437 1721 2496 postea
1786 2428 1962 2482 factus
2018 2439 2120 2482 est.

541 2523 607 2574 At
640 2535 768 2575 vero
798 2520 850 2572 in
889 2520 1122 2572 divinam
1157 2529 1406 2578 naturam
1442 2519 1584 2572 nulla
1621 2519 1852 2576 mutatio
1904 2530 1999 2572 aut
2047 2519 2127 2573 al-

543 2611 730 2665 teratio
759 2611 920 2665 cadit.
955 2609 1070 2662 Non
1113 2610 1278 2678 igitur
1303 2612 1499 2664 accidit
1527 2613 1634 2664 Deo
1665 2621 1723 2664 ut
1747 2609 1907 2665 Pater
1929 2610 2122 2665 ﬁeret:

541 2703 778 2758 sederat
819 2703 866 2755 ei
899 2711 1225 2756 coarternum
1260 2703 1404 2772 quod
1439 2719 1504 2778 ex
1548 2701 2128 2774 ipsoprocessitVer-

540 2796 664 2848 lium
700 2810 716 2861 ;
752 2795 1207 2864 quemadmodum
1245 2795 1396 2850 calor
1431 2796 1483 2849 iti
1517 2795 1660 2866 igne,
1685 2797 1774 2866 qui
1808 2797 2024 2866 quidem
2061 2810 2126 2850 ex

541 2887 664 2956 igne
680 2888 915 2956 gignitur
933 2895 986 2941 et
1015 2903 1230 2956 semper
1259 2903 1381 2943 cuin
1405 2903 1469 2943 eo
1486 2889 1722 2954 exsistit,
1755 2898 1810 2944 et
1836 2905 1901 2944 ex
1927 2889 2129 2944 lumine

540 2978 780 3048 gignitur
811 2979 1146 3033 exteriorum
1174 2979 1529 3035 illuminatio.

759 3115 1003 3181 ALIUD,
1045 3116 1127 3170 lt‘a:
1157 3089 1447 3186 objectione
1485 3117 1870 3173 liwreticorum.

615 3228 670 3282 Si
697 3230 987 3298 perfectus,
1017 3216 1291 3299 inquiunt,
1315 3240 1397 3285 est
1424 3231 1585 3286 Pater
1612 3233 1665 3286 in
1697 3248 1793 3286 sua
1821 3231 2124 3305 majestate,

541 3336 716 3390 neque
799 3321 914 3388 ejus
985 3333 1189 3376 natura:
1257 3323 1547 3390 quidquam
1619 3325 1686 3378 ad
1760 3325 1862 3379 hoc
1943 3326 2125 3392 dcest,

543 3428 1001 3482 supervacaneum
1095 3425 1178 3468 est
1247 3416 1414 3469 veluti
1491 3416 1926 3486 supplementum
2011 3420 2130 3474 sive

545 3507 932 3574 plenitudinem
1017 3507 1234 3563 deitatis
1300 3508 1471 3578 ipsius
1545 3507 1741 3562 Filium
1804 3511 1854 3564 ei
1922 3509 2127 3581 adjun-

543 3610 690 3665 gere.

1227 3711 1457 3768 Salutio.

616 3839 892 3894 Perfectus
937 3841 1154 3912 quidem
1189 3849 1272 3897 est
1295 3841 1456 3896 Pater
1489 3842 1543 3899 in
1567 3858 1668 3901 sua
1702 3846 2005 3917 majestate,
2032 3863 2129 3904 ne-

542 3949 647 4002 que
681 3935 962 4003 quisquam
987 3948 1132 3988 sanae
1160 3935 1355 3989 mentis
1404 3936 1454 3989 id
1483 3939 1799 4008 negaverit;
1859 3938 2130 4007 perfectus

542 4033 719 4080 autem
759 4036 840 4080 est
879 4042 984 4079 non
1015 4041 1078 4080 eo
1115 4035 1319 4079 tantum
1361 4026 1578 4080 nomine
1621 4020 1763 4096 quod
1823 4029 1998 4094 Deus,
2035 4045 2128 4085 ve-

545 4130 662 4166 rum
697 4115 857 4167 etiam
893 4114 1035 4182 quod
1066 4113 1246 4168 Pater.
1262 4110 1398 4166 Nam
1429 4113 1472 4167 si
1492 4113 1599 4168 Deo
1626 4115 1895 4171 ademeris
1911 4117 2126 4174 Patrem

543 4215 683 4264 esse,
707 4202 1091 4254 liacunditatem
1125 4217 1156 4255 θ
1183 4203 1360 4256 divina
1394 4210 1584 4256 natura
1615 4206 1932 4260 sustuleris:
1970 4209 2041 4263 ita
2073 4221 2130 4264 ut

544 4293 818 4360 perfectus
859 4308 1194 4362 nequaquam
1229 4294 1320 4360 sit,
1357 4309 1478 4348 cum
1514 4297 1804 4365 generandi
1873 4298 2129 4357 facultate

545 4394 748 4439 careat.
785 4386 1171 4440 Documentum
1213 4387 1394 4458 itaque
1421 4387 1772 4459 perfectionis
1811 4403 1894 4447 est
1940 4393 2129 4449 fecun-

2720 448 2874 518 Πρύς
2901 449 3074 504 τοῦτο
3110 451 3311 515 λύσις.

2311 561 2450 615 Ἀλλ’
2518 563 2634 617 ἐστι
2683 563 2841 616 τοῦτο
2897 563 3138 632 φλυαρία
3202 560 3410 632 πολλὴ,
3469 561 3562 614 καὶ
3621 559 3808 624 ἀνοίας

2226 653 2556 720 ἀσυγκρίτου
2591 655 2766 724 σαφὴς
2818 654 3111 718 ἀπόδειξις.
3146 655 3270 708 Τίνι
3297 653 3405 723 γὰρ
3434 654 3534 706 οὐκ
3567 653 3682 705 ἐστι
3711 651 3806 720 67t-

2223 741 2311 795 λον
2334 745 2416 796 ὃτι
2443 745 2507 815 δὴ
2531 747 2626 798 καὶ
2651 744 2778 815 περὶ
2812 745 3043 798 ἑκάστου
3069 742 3178 796 τῶν
3232 743 3616 812 πεποιημένων
3645 738 3712 814 ἦν
3748 743 3808 793 ἐν

2225 835 2304 906 τῷ
2335 834 2454 904 Θεῷ
2482 837 2542 887 τὸ
2561 835 2769 900 Θέλειν;
2801 835 3046 905 Θελήσας
3073 834 3180 904 γὰρ
3206 833 3274 886 τὰ
3298 833 3475 886 πάντα
3506 833 3809 903 πποίηκεν

2221 929 2250 980 6
2277 927 2627 998 δημιουργός·
2651 927 2744 980 καὶ
2775 928 2875 980 οὐκ
2909 927 3147 998 ἁϐἐλητά
3190 921 3338 978 ἐστιν
3384 925 3531 996 αὐτῴ
3577 926 3646 979 τὰ
3675 926 3808 996 παρ’

2222 1020 2387 1074 αὐτοῦ
2448 1023 2810 1091 πεποιημένα.
2843 1022 2938 1085 Τίς
2991 1017 3082 1075 οὖν
3140 1024 3173 1091 ἡ
3236 1021 3470 1092 διαφορὰ
3531 1020 3664 1074 Υἱοῦ
3712 1024 3810 1074 καὶ

2223 1114 2550 1184 ποιήματος,
2576 1114 2806 1178 κτίσεως
2854 1116 2948 1168 καὶ
3003 1117 3331 1184 γενήματος,
3358 1117 3406 1167 εί
3433 1114 3492 1166 16
3521 1115 3696 1168 Θέλειν
3748 1117 3809 1167 ἐν

2224 1203 2343 1273 Θεῷ
2370 1207 2550 1258 κεῖται
2581 1206 2710 1277 περῖ⁵
2759 1206 3000 1275 ἁμφοῖνς
3051 1205 3169 1259 Οὐκ
3198 1206 3263 1260 ἄν
3291 1223 3376 1269 τις
3417 1206 3656 1274 εὐλόγως
3697 1205 3809 1258 τῶν

2223 1295 2380 1349 τοῦτο
2418 1296 2758 1366 φρονούντων
2787 1297 3197 1368 καταϐοήσειεν,
3221 1299 3304 1351 ὅτι
3334 1298 3400 1353 τὰ
3420 1298 3674 1357 τοσοῦτον
3708 1298 3810 1352 ἀλ·-

2223 1386 2398 1456 λήλων
2429 1387 2752 1459 διεστηκότα
2780 1387 2924 1442 κατὰ
2944 1389 3036 1442 τὸν
3065 1391 3162 1460 τῆς
3187 1388 3401 1457 φύσεως
3438 1389 3594 1458 λόγον
3621 1391 3683 1442 ἐν
3707 1389 3808 1458 ίσῳ

2228 1481 2412 1553 μέτρῳ
2438 1483 2606 1553 τιμᾷν
2631 1481 3020 1553 ἐπιχειροῦσιν,
3073 1483 3144 1535 ἐν.
3171 1483 3314 1554 μόνῃ
3348 1483 3656 1553 προγνώσει
3711 1481 3809 1536 τοῦ

2222 1573 2358 1626 Θεοῦ
2391 1573 2603 1628 κεῖσθαι
2658 1573 2891 1638 διδόντες
2928 1573 3234 1645 ἀμφότερα,
3295 1575 3390 1635 καὶ
3437 1574 3598 1635 πλέον
3650 1573 3808 1628 οὐδὲν

2223 1665 2372 1736 ἔχειν
2408 1665 2516 1719 τῶν
2539 1666 2784 1736 γενητῶν
2818 1665 3275 1736 παραχωροῦντες
3325 1665 3403 1736 τῷ
3452 1667 3517 1720 ἐκ
3557 1667 3659 1735 τῆς
3707 1663 3806 1718 τοῦ

2224 1759 2436 1831 Πατρὸς
2460 1759 2646 1822 οὐσίας
2678 1759 2991 1830 προελθόντι
3017 1759 3207 1828 Λόγῳ;

2920 1872 3122 1926 AAAO.

2227 2003 2230 2006 ·
2297 1988 2360 2040 Εἰ
2399 1985 2474 2057 μὴ
2541 1986 2706 2054 συνῆν
2737 1987 2765 2038 ό
2805 1985 2931 2048 Υἱὸς
2965 1985 3052 2038 ἀεὶ
3085 1983 3164 2054 τῷ
3209 1984 3384 2055 Πατρὶ
3431 1983 3490 2049 ἐξ
3515 1983 3701 2037 ἀὐτοῦ
3745 2000 3807 2038 τε

2225 2078 2302 2132 ὢν
2330 2079 2472 2132 κατὰ
2500 2078 2660 2146 φύσιν
2690 2079 2784 2132 καὶ
2814 2077 3097 2143 συναῖδιος,
3141 2076 3456 2148 συμϐέϐηκε
3485 2076 3543 2129 δὲ
3571 2076 3719 2147 αὐ,τῷ
3749 2077 3812 2130 16

2228 2163 2390 2236 εἶναι,
2428 2169 2624 2240 συνέϐη
2659 2168 2899 2240 δηλονότι
2941 2169 3035 2221 καὶ¹
3079 2168 3154 2238 τῷ
3194 2168 3403 2221 τεκόντι
3443 2168 3505 2221 16
3553 2167 3810 2236 γενέσθαι

2229 2265 2468 2336 Πατέρα.
2502 2265 2611 2317 Καὶ
2644 2263 2914 2334 μεταϐολή
2945 2281 3029 2326 τις
3061 2263 3185 2334 περὶ
3216 2262 3376 2317 αὐτὸν
3401 2263 3496 2316 καὶ
3527 2263 3810 2326 ἀλλοίωσις

2227 2356 2490 2428 γενομένη
2543 2355 2814 2425 φαίνεται.
2871 2355 2937 2407 Ὃ
2968 2354 3078 2424 γὰρ
3124 2355 3225 2406 οὐκ
3266 2350 3335 2424 ἦν
3365 2354 3648 2424 πρότερον,
3684 2353 3810 2407 καθ’

2229 2447 2394 2518 ὑμᾶς,
2420 2445 2579 2499 τοῦτο
2603 2447 2827 2514 γέγονεν
2855 2444 3100 2516 ὕστερον.
3133 2446 3353 2516 Τροπῆς
3380 2445 3436 2498 δέ
3468 2447 3685 2516 ἀπάσης
3714 2447 3809 2500 καὶ

2229 2537 2571 2601 ἀλλοιώσεως
2622 2537 2972 2600 ἁνεπίδεκτος
3024 2537 3056 2606 ἡ
3113 2536 3238 2611 Θεία.
3289 2535 3468 2605 φύσις.
3528 2537 3641 2589 Οὐκ
3701 2538 3810 2608 ἄρα

2231 2629 2433 2699 συνέϐη
2464 2629 2544 2700 τῷ
2572 2629 2694 2700 Θεῷ
2722 2628 2782 2681 16
2817 2627 3071 2696 γενέσθαι
3114 2628 3369 2700 Πατέρα·
3415 2627 3530 2682 ἀλλ’
3562 2623 3630 2698 ἦν
3660 2629 3812 2699 αὐτῷ

2231 2722 2500 2785 συναῖδιος
2543 2722 2571 2774 6
2618 2721 2678 2787 ἐξ
2725 2721 2891 2776 αὐτοῦ
2924 2720 3206 2793 προελθὼν
3239 2721 3429 2789 Λόγος,
3479 2721 3732 2792 καθάπερ
3774 2725 3810 2793 ἡ

2231 2815 2502 2887 θερμότης
2532 2818 2590 2869 ἐν
2624 2815 2778 2887 πυρὶ,
2810 2813 3085 2884 γεννητῶς
3125 2813 3183 2877 ἐξ
3220 2813 3383 2866 αὐτοῦ
3415 2814 3677 2884 προϊοῦσα
3716 2814 3814 2868 καὶ

2228 2908 2318 2962 ἀεὶ
2348 2908 2792 2978 συνυπάρχουσι,
2827 2907 2923 2960 καὶ
2951 2908 3015 2959 ἐκ
3049 2905 3228 2976 φωτὸς
3254 2907 3283 2958 6
3316 2906 3444 2977 περὶ
3473 2906 3540 2960 τὰ
3573 2906 3676 2972 ἔξω
3706 2924 3814 2976 φω-

2227 2999 2440 3070 τισμός.

2353 3135 2557 3199 ΑΛΛΟ,
2600 3136 2679 3202 ὡς
2709 3136 2776 3199 ἐξ
2809 3133 3169 3201 ἀντιθέσεως
3206 3134 3324 3188 τῶν
3361 3135 3690 3203 αἱρετικῶν.

2300 3249 2364 3301 Εἰ
2391 3249 2618 3312 τέλειος.
2650 3250 2834 3318 φησὶν,
2868 3249 3013 3302 ἔστιν
3041 3250 3069 3301 ὁ
3101 3249 3292 3318 Πατὴρ
3319 3250 3375 3300 ἐν
3408 3250 3474 3319 τῇ
3501 3249 3688 3320 οἰκείᾳ.
3712 3267 3815 3320 με-

2229 3339 2536 3408 γαλειότητι
2585 3339 2678 3391 καὶ
2711 3339 2862 3393 οὐδὲν
2907 3338 3142 3392 ἐλλείπει
3187 3339 3327 3408 πρὸς
3352 3338 3510 3391 τοῦτο
3537 3342 3602 3410 τῇ
3641 3341 3812 3396 αὐτοῦ

2230 3430 2411 3499 φύσει,
2443 3430 2712 3502 περιττῶς
2740 3433 2815 3494 ὡς
2851 3431 3126 3502 πλήρωμα
3166 3431 3264 3500 τῆς
3305 3430 3558 3496 Θεότητος
3586 3433 3816 3488 αὐτοῦ-6

2230 3522 2360 3587 Υἱὸς
2393 3523 2799 3594 ἐπεισφέρεται.

2720 3728 2878 3794 Πρός
2909 3729 3086 3784 τοῦτο
3115 3732 3316 3798 λύσις.

2303 3855 2517 3918 Τέλειος
2561 3855 2660 3924 μὲν
2689 3855 2716 3907 6
2749 3858 2938 3929 Πατὴρ
2971 3859 3028 3910 ἐν
3070 3864 3136 3931 τῇ
3172 3862 3367 3916 ἑαυτοῦ
3401 3865 3814 3937 μεγαλειότητι’

2232 3944 2326 3996 καὶ⁸
2352 3944 2451 3996 οὐκ
2479 3943 2544 3997 ἄν
2573 3961 2656 4007 τις
2683 3943 2839 3998 τοῦτο
2874 3946 2984 4000 τῶν
3015 3943 3074 4002 εὖ
3111 3949 3451 4019 φρονούντων
3485 3953 3784 4025 ἀρνήσεται

2231 4034 2435 4096 τέλειος
2464 4033 2540 4098 δὲ,
2569 4035 2668 4104 οὐχ
2695 4035 2776 4088 ὅτι
2809 4036 2968 4105 μόνον
3002 4037 3120 4091 ἐστὶ
3146 4040 3297 4104 Θεὸς,
3328 4043 3443 4096 ἀλλ’
3470 4044 3552 4096 ὅτι
3580 4047 3677 4099 καὶ
3706 4047 3823 4101 Πα-

2231 4127 2356 4198 τήρ.
2393 4127 2455 4179 Εἰ
2481 4125 2587 4196 γὰρ
2611 4126 2832 4195 ἀφέλοις
2861 4128 2956 4182 τοῦ
2987 4129 3122 4184 Θεοῦ
3155 4131 3214 4184 16
3237 4129 3376 4187 εἶναι
3401 4135 3636 4205 Πατέρα,
3671 4139 3826 4192 ἀνοιι⁶

2235 4219 2422 4290 ρήσεις
2450 4219 2549 4288 τῆς
2579 4217 2728 4282 θείας
2763 4219 2977 4289 φύσεως
3011 4223 3070 4276 16
3107 4225 3465 4296 καρπογόνον,
3501 4226 3586 4278 ἵνα
3620 4229 3823 4297 μηκέτι

2231 4309 2292 4362 16
2329 4309 2532 4362 τέλειον
2577 4309 2711 4379 ἔχοι,
2748 4310 3027 4378 λείποντος
3080 4316 3217 4388 αὐτῇ
3266 4316 3360 4370 τοῦ
3413 4319 3627 4388 γεννᾷν.
3673 4319 3714 4370 Γ
3717 4319 3824 4372 νὼ-

2237 4418 2408 4473 ρισμα
2455 4401 2632 4456 τοίνυν
2673 4403 2772 4472 τῆς
2822 4405 3179 4479 τελειότητος,
3227 4411 3259 4480 ἡ
3311 4409 3667 4480 καρπογονία,
3720 4411 3820 4464 καὶ

547 4480 719 4541 ditas,
775 4488 829 4532 et
871 4480 1095 4550 signum.
1150 4482 1295 4550 quod
1347 4482 1563 4538 Patrem
1635 4483 1930 4554 perfectum
2007 4502 2127 4542 esse

2234 4494 2437 4563 σφαγὶς
2461 4492 2539 4564 τῷ
2574 4495 2749 4566 Πατρὶ
2782 4496 2875 4550 τοῦ
2905 4494 3046 4556 εἶναι
3075 4501 3300 4567 τέλειον,
3330 4502 3358 4554 6
3391 4501 3449 4568 ἐξ
3481 4500 3646 4553 αὐτοῦ
3681 4517 3816 4572 προ-

546 4573 802 4638 ostendit,
848 4583 930 4628 est
987 4572 1179 4642 Filius,
1221 4575 1312 4644 qui
1348 4589 1412 4631 ex
1479 4576 1596 4646 ipso
1626 4577 1695 4631 ab
1741 4587 1944 4634 aeterno
2004 4594 2129 4650 pro—

547 4664 732 4720 cessit.

1230 4780 1466 4837 ALIUD.

619 4917 674 4970 Si
699 4917 874 4973 Patris
889 4918 1454 4976 essentitel‘ecttnditas
1483 4922 1803 4978 naturaliter
1822 4938 1927 4978 non
1972 4923 2132 4990 inest,

549 5007 817 5076 perfectus
860 5027 986 5067 vero
1005 5023 1085 5067 est
1109 5013 1272 5068 etiam
1297 5013 1437 5067 citra
1469 5017 1760 5082 generandi
1796 5015 2129 5080 facultatem,

533 5095 876 5170 'superlluum
912 5104 1076 5174 igitur
1136 5114 1298 5174 atque
1357 5108 1850 5163 adventitiumlioc
1875 5111 1924 5163 ei
1990 5109 2135 5165 acci-

549 5191 625 5245 dit
651 5210 664 5245 :
704 5202 795 5246 aut
828 5196 1006 5264 potius
1027 5210 1091 5250 eo
1120 5197 1364 5269 indiguit.
1390 5197 1634 5266 Quonam
1683 5214 1808 5255 vero
1842 5211 1998 5270 pacto
2019 5215 2136 5272 per-

551 5286 720 5340 fectus
749 5286 907 5340 fuerit
940 5289 1029 5356 qui
1057 5290 1238 5360 aliquo
1276 5292 1437 5360 eget?
1457 5291 1568 5362 38
1587 5301 1681 5345 aut
1710 5308 1818 5362 quo
1847 5302 2003 5362 pacto
2029 5311 2130 5348 non

551 5379 839 5431 absurdum
890 5378 963 5432 sit
1007 5379 1206 5450 aliquid
1265 5382 1608 5438 extrinsecus
1655 5384 1888 5454 adjicere
1941 5385 2134 5439 divinae

553 5479 776 5535 naturai,
838 5471 1058 5540 perinde
1117 5489 1180 5528 ac
1228 5475 1273 5530 si
1340 5463 1752 5545 perfectionem"
1795 5492 1861 5531 ex
1921 5492 1979 5532 se
2019 5479 2130 5547 ipsa

553 5578 656 5616 non
690 5561 936 5617 habeat?
997 5562 1269 5621 Naturalis
1332 5569 1512 5637 itaque
1557 5576 1640 5622 est
1696 5567 1844 5623 Patri
1887 5569 2132 5625 fecundi-

553 5666 635 5710 tas
667 5696 681 5720 ,
716 5666 878 5726 atque
918 5657 1036 5714 ideo
1063 5659 1332 5728 perfectus
1373 5670 1487 5728 est,
1523 5661 1663 5732 quod
1700 5663 1882 5732 genuit
1938 5663 2134 5718 nullius

554 5749 677 5804 Itoni
717 5749 944 5822 indigus.

2233 4581 2401 4636 ελθὼν
2429 4583 2673 4653 ἁχρόνως
2703 4585 2849 4649 Υἱός.

2926 4777 3126 4830 ᾹΛΛυ.

2307 4927 2367 4979 Ei
2404 4926 2477 4995 μὴ
2512 4924 2652 4978 κατὰ
2679 4924 2841 4994 φύσιν
2876 4924 3133 4996 πρόσεστι
3167 4925 3232 4994 τῇ
3280 4923 3373 4976 τοῦ
3408 4922 3622 4994 Πατρδς
3658 4921 3820 4992 οὐσίᾳ

2231 5017 2292 5070 16
2321 5017 2681 5086 καρπογόνον,
2709 5015 2914 5080 τέλειος
2961 5015 3018 5068 δέ
3050 5016 3165 5068 ἐστι
3207 5015 3301 5069 καὶ
3343 5015 3467 5085 δίχα
3515 5013 3611 5066 τοῦ
3656 5013 3821 5067 δύνα-

2235 5109 2358 5162 σθαι
2391 5109 2604 5178 γεννᾷν,
2643 5108 2896 5178 περιττὸν
2918 5107 3026 5179 ἄρα
3054 5107 3149 5161 καὶ
3179 5107 3499 5161 ἐπείσακτον
3527 5104 3820 5174 ἐγγέγονεν

2233 5205 2382 5276 αὐτῷ
2404 5204 2578 5258 τοῦτο·
2615 5203 2815 5274 μᾶλλον
2839 5203 2896 5256 δέ
2933 5201 3124 5272 ἐδεήθη
3155 5199 3369 5254 τούτου.
3412 5198 3522 5251 Καὶ
3553 5196 3670 5260 πῶς
3705 5197 3822 5248 ἐστι

2233 5299 2434 5360 τέλειος
2462 5299 2488 5352 ὁ
2509 5297 2716 5369 δεηθείς
2741 5313 2884 5358 τινος
2907 5312 2920 5361 ;
2960 5295 3076 5358 πῶς
3107 5294 3164 5348 δέ
3195 5293 3293 5349 οὐκ
3319 5291 3518 5346 ἄτοπον
3551 5290 3612 5344 16
3638 5292 3822 5342 ἐπεισ-

2235 5391 2464 5460 άγεσοαί
2487 5409 2541 5442 τι
2569 5393 2634 5460 τῇ
2667 5389 2788 5460 Θείᾳ
2820 5387 3004 5457 φύσει,
3037 5388 3112 5452 ὡς
3142 5387 3242 5439 οὐκ
3271 5384 3472 5457 ἐχούσῃ
3517 5383 3579 5436 16
3613 5382 3818 5435 τέλειον

2234 5483 2291 5550 ἐξ
2316 5483 2543 5553 ἐαυτῆς;
2570 5480 2798 5534 Φυσικὸν
2826 5476 2917 5535 οὖν
2946 5481 3022 5551 τῷ
3047 5480 3224 5550 Πατρὶ
3251 5477 3313 5531 16
3339 5473 3696 5548 καρπογόνον,
3729 5474 3820 5527 καὶ

2234 5575 2322 5628 διὰ
2351 5573 2507 5627 τοῦτο
2532 5572 2762 5639 τέλειος,
2799 5574 2878 5628 ὅτι
2911 5574 3004 5626 καὶ
3035 5573 3255 5626 τέτοκεν
3293 5570 3507 5632 οὐδενὸς
3532 5569 3640 5623 τῶν
3679 5568 3816 5638 ἀγα-

2237 5665 2346 5720 Θῶν
2383 5666 2722 5728 λειπόμενος.
