4110 6212
354 346 445 405 ’ϐξῖ
1806 349 2251 409 THESAURUS.
2478 366 2481 375 ‘
3585 361 3651 414 66

757 463 962 526 AAAU,
995 459 1588 529 διηγηματικώτερον.

2530 470 2739 527 ALIUD
2769 511 2783 536 ,
2811 473 3140 541 explicatius.

443 576 508 628 El
538 573 746 636 τέλειός
774 576 920 625 ἔστιν
940 574 968 625 ὁ
996 572 1184 642 Πατὴρ
1213 573 1271 624 ὲν
1297 575 1361 641 τῇ
1385 572 1550 624 αὐτοῦ
1584 574 1953 641 μεγαλειότητι

2138 577 2193 631 Si
2227 577 2495 646 perlectus
2532 592 2615 635 est
2661 583 2819 638 Pater
2849 584 2901 637 in
2965 602 3061 639 sna
3113 585 3393 656 majestate
3437 588 3650 644 etiamsi

363 666 471 718 κᾶν
506 665 725 734 μηδένα
758 662 968 732 καρπὸν
1005 660 1104 733 ἔχῃ
1138 659 1258 711 καθ’
1294 661 1458 729 ὑμᾶς,
1489 659 1689 724 ἔξωθεν
1719 660 1825 730 ἄρα
1869 661 1962 713 καὶ

360 758 463 811 οὐκ
494 759 564 809 ἐκ
597 756 705 825 τῆς
734 755 919 817 οὐσίας
947 752 1112 806 αὐτοῦ
1149 754 1376 820 γέγονεν
1406 755 1434 805 ὁ
1474 753 1622 816 Υἱὸς,
1654 752 1841 823 ὥσπερ
1870 754 1963 805 καὶ

360 852 431 903 τά
458 852 785 919 ποιήματα·
827 846 1056 917 περιττὴ
1096 846 1153 897 δὲ
1184 845 1313 909 ἴσως
1351 846 1444 898 καὶ
1472 846 1592 898 οὐδὲ
1636 846 1769 908 ὅλως
1794 846 1960 913 ἀναγ-

364 942 496 994 ιιαία
535 944 569 1011 ἡ
619 942 707 1005 εἰς
746 940 808 991 τὸ
839 934 978 991 εἶναι
1024 937 1254 1007 πάροδος
1285 937 1472 1004 αὑτοῦ,
1519 937 1767 1008 καθάπερ
1802 940 1835 1006 ἡ
1869 939 1962 991 ἀν-

360 1033 609 1105 θρώπων
642 1032 807 1102 τυχὸν
834 1033 927 1085 καὶ
956 1033 987 1101 ἡ
1010 1030 1120 1082 τῶν
1147 1030 1320 1084 ἄλλοιν
1347 1032 1686 1101 ποιημάτων.
1723 1032 1830 1083 Καὶ
1852 1031 1961 1102 γὰρ

356 1124 453 1176 καὶ
506 1124 654 1193 πρὶν
691 1123 848 1192 ἡμῶν
890 1120 1168 1189 γενέσθαι,
1198 1115 1266 1192 ἦν
1298 1121 1456 1173 τοῦτο
1502 1121 1633 1185 Θεὸς
1679 1122 1815 1193 ὅπερ
1864 1123 1960 1175 νῦν

355 1218 492 1279 ἐστι,
529 1216 641 1267 καὶ
669 1214 975 1283 γενομένων
999 1213 1177 1284 ἡμῶν,
1209 1215 1266 1266 ἐν
1287 1213 1569 1283 ταυτότητι
1596 1213 1765 1283 μένει.
1796 1214 1962 1267 Οὐδὲν

360 1307 471 1376 γὰρ
495 1307 661 1373 ain-7)
699 1304 1062 1374 προστίθεμεν
1103 1306 1167 1358 ὲκ
1212 1304 1305 1359 τοῦ
1334 1306 1410 1375 μὴ
1440 1305 1592 1368 ὄντος
1633 1307 1710 1369 είς
1736 1306 1796 1359 τὸ
1820 1303 1960 1359 εἶναι

363 1398 730 1465 καλουμενοιο
777 1394 899 1447 οὔτε
949 1395 1053 1466 μὴν
1103 1395 1524 1466 ἀφαιρησόμεθα
1566 1413 1618 1448 τι
1667 1398 1766 1467 τὴν
1810 1398 1959 1451 θείαν

365 1487 537 1556 φύσιν
586 1485 764 1545 αὐτοῦ,
810 1485 964 1538 οὔπω
1002 1486 1063 1538 τὸ
1101 1482 1239 1537 εἶναι
1286 1484 1561 1555 λαχόντες.
1606 1487 1819 1558 Ὥσπερ
1863 1483 1956 1541 οὖν

359 1579 548 1647 ἡμεῖς,
609 1577 792 1646 ἐπειδὴ
843 1576 1209 1647 πεποιήμεθα,
1259 1577 1418 1646 χάριν
1477 1576 1671 1646 ἔχομεν
1722 1576 1799 1647 τῷ
1847 1580 1956 1648 Δη-

361 1668 644 1741 μιουργῷ,
692 1667 1023 1737 ὁμολογείτω
1053 1668 1145 1720 καὶ
1196 1669 1225 1719 ὁ
1278 1668 1437 1730 Υἱός·
1478 1668 1572 1719 καὶ⁴
1620 1667 1758 1720 ἔστω
1790 1668 1954 1723 πάλιν

362 1762 492 1829 ἡμῖν
536 1762 642 1812 κάν
670 1758 847 1828 τούτῳ
879 1757 1283 1827 παραπλήσιος,
1317 1757 1515 1821 ἔξωθεν
1550 1758 1639 1810 καὶ
1667 1759 1829 1821 αὐτὸς
1865 1777 1955 1829 γε-

360 1851 569 1918 γονὼς,
602 1850 853 1920 καθάπερ
882 1850 1061 1920 ἡμεῖς.
1106 1848 1243 1901 Ἀλλ’
1291 1849 1405 1900 ἐστι
1440 1849 1596 1901 τοῦτο
1637 1850 1797 1920 βυθὸς
1828 1851 1947 1905 δυσ·

367 1943 609 2012 φημίας.
666 1941 891 2008 Φεύγειν
938 1936 1029 1993 οὖν
1075 1940 1370 2007 ἀναγκαῖον
1407 1939 1557 2001 αὐτὸ,
1601 1941 1693 1993 καὶ
1722 1940 1797 2008 τῷ
1833 1957 1954 2008 γεν-

366 2036 580 2104 νήματι
626 2032 814 2096 σώζειν
859 2030 923 2083 τὸ
972 2033 1035 2084 ὲκ
1080 2031 1178 2100 τῆς
1209 2030 1302 2083 τοῦ
1347 2031 1734 2101 γεγεννηκότος
1768 2031 1951 2095 οὐσίας

365 2124 641 2193 ὑπάρχειν
664 2138 675 2148 ·
713 2121 854 2174 οὓτω
890 2119 995 2190 γὰρ
1028 2119 1091 2173 ἂν
1120 2120 1205 2190 εἴη
1231 2120 1324 2172 καὶ
1352 2120 1618 2189 γέννημα.
1668 2121 1951 2189 ’Λγένητος

364 2214 419 2265 δὲ
471 2217 503 2283 ἡ
557 2213 713 2263 οὐσία
764 2211 856 2263 τοῦ
908 2211 1155 2283 Πατρ6ς’
1197 2211 1456 2279 ἀγένητον
1492 2210 1599 2279 ἄρα
1645 2212 1740 2263 καὶ
1787 2212 1848 2264 τὸ
1895 2211 1952 2276 ἐξ

361 2305 536 2372 αὐτῆς
567 2304 863 2373 προελθὸν,
896 2303 1174 2356 τουτέστιν
1208 2304 1235 2355 ὁ
1264 2303 1409 2365 Υἱός.

500 2418 709 2483 AAAO,
744 2418 826 2482 ὡς
856 2417 924 2482 ἐξ
953 2415 1309 2482 ἀντιθέσεως
1348 2414 1468 2468 τῶν
1497 2416 1819 2484 αἰρετικῶν.

436 2514 507 2561 0'3
534 2510 782 2571 πάντως,
814 2511 969 2579 φησι,
994 2509 1081 2561 διά
1100 2509 1158 2561 τὸ
1191 2504 1331 2560 εἶναι
1356 2508 1715 2578 καρπογόνον,
1744 2508 1949 2572 τέλειός

369 2600 512 2652 ἐστιν
543 2603 571 2652 ὁ
599 2601 754 2664 Θεός.
798 2600 961 2653 Ἀλλά
989 2599 1119 2663 Θεὸς
1145 2599 1240 2664 ὢν,
1274 2600 1367 2653 καὶ
1410 2600 1498 2653 διὰ
1533 2599 1690 2653 τοῦτο
1721 2601 1946 2666 τέλειος,

370 2692 551 2759 γέγονε
580 2694 675 2745 καὶ
710 2694 863 2762 Πατή
872 2709 923 2763 ρ.

865 2804 1019 2871 Πρὸς
1050 2802 1222 2857 τοῦτο
1258 2804 1460 2871 λύσις.

434 2898 637 2951 Εἴπατε
662 2896 954 2967 τοιγαροῦν
985 2896 1116 2966 ἡμῖν
1146 2896 1194 2948 οἱ
1222 2895 1356 2963 πρὸς
1389 2893 1657 2964 τοσαύτην
1692 2893 1947 2946 ἀσέϐειαν

312 3042 321 3051 ,
377 2989 635 3041 ἐκϐαίνειν
681 2991 743 3040 οὐ
780 2987 1233 3058 παραιτούμενοι,
1274 2988 1320 3038 εἰ
1368 2984 1660 3056 ἐπισυνέϐη
1709 2984 1787 3055 τῷ
1827 2984 1945 3055 Θεῴ

377 3081 430 3133 τὸ
448 3079 702 3147 γενέσθαι
730 3079 968 3148 Πατέρα,
995 3078 1046 3130 τί
1073 3074 1138 3149 ἦν
1170 3078 1275 3148 ἄρα
1301 3079 1427 3147 πρὶν
1458 3078 1681 3147 γένηται
1716 3076 1940 3145 Πατήρ;

2070 668 2331 724 fecundus
2372 686 2477 725 non
2507 673 2599 736 sit,
2624 682 2681 726 ut
2706 690 2798 728 vos
2829 675 3149 743 opinamini,
3188 687 3241 731 et
3274 678 3613 735 extrinsecus
3634 722 3649 744 ,

2032 836 2035 839 Α
2077 777 2181 815 non
2207 772 2385 816 autem
2420 779 2485 817 ex
2522 764 2638 831 ejus
2663 767 2896 820 essentia
2942 767 3118 822 lactus
3161 778 3241 823 est
3276 770 3465 836 Filius,
3511 774 3652 827 sicut

2067 863 2120 905 ct
2154 863 2454 908 creaturaa:
2488 854 2755 923 superﬂua
2789 856 2951 911 fuerit
2985 875 3158 927 neque
3195 863 3414 916 omnino
3460 878 3651 919 neces-

2069 946 2207 997 saria
2233 944 2347 1010 ejus
2377 946 2441 997 ad
2465 958 2586 999 esse
2616 946 2916 1013 productio,
2960 950 3409 1015 quemadmodum
3475 952 3651 1007 homi-

2069 1047 2193 1085 num
2255 1031 2394 1087 forte
2452 1043 2507 1088 et
2563 1034 2794 1089 aliarum
2865 1048 3261 1094 creaturarum.
3326 1041 3647 1112 Priusquam

2066 1124 2207 1176 enim
2244 1138 2342 1177 nos
2375 1138 2705 1190 crearemur,
2732 1126 2871 1182 Deus
2904 1128 2954 1181 id
2986 1129 3159 1198 ipsum
3192 1140 3308 1185 erat
3337 1134 3479 1202 quod
3508 1151 3651 1190 nunc

2065 1225 2168 1278 est,
2202 1222 2256 1268 et
2293 1216 2491 1269 creatis
2521 1216 2675 1270 nobis
2701 1216 2841 1270 idem
2877 1221 3195 1286 permansit.
3233 1221 3378 1276 Nihil
3408 1225 3552 1278 enim
3597 1228 3649 1281 ei

2066 1308 2367 1362 addidimus
2393 1322 2458 1361 ex
2479 1308 2645 1362 nihilo
2678 1311 2743 1363 ad
2774 1325 2896 1364 esse
2928 1313 3159 1366 traducti
3188 1330 3202 1377 ;
3252 1329 3426 1383 neque
3489 1318 3647 1387 quid-

2064 1414 2223 1466 quam
2289 1399 2484 1453 divina:
2559 1399 2675 1468 ejus
2753 1412 2959 1457 naturae
3011 1405 3357 1461 detrahemus
3414 1411 3649 1465 nondum

2065 1488 2337 1541 consecuti
2376 1497 2434 1542 ut
2472 1490 2661 1544 simus.
2712 1490 3173 1557 Quemadmodum
3208 1496 3369 1564 igitur
3405 1513 3500 1551 nos
3519 1515 3647 1569 gra-

2066 1580 2167 1632 tias
2187 1580 2395 1644 agimus
2422 1581 2689 1645 Creatori,
2721 1585 2862 1650 quod
2889 1583 3015 1638 facti
3046 1601 3256 1650 sumus,
3289 1586 3459 1642 Filius
3507 1603 3648 1657 quo-

2062 1685 2166 1738 que
2190 1671 2441 1725 similiter
2464 1682 2619 1742 agat:
2641 1674 2936 1744 eademque
2960 1677 3167 1731 ratione
3191 1688 3461 1734 statuatur
3484 1682 3646 1736 etiam

2063 1760 2217 1815 nobis
2251 1762 2466 1828 similis,
2485 1763 2735 1818 nimirum
2762 1767 3122 1834 extrinsecus,
3146 1769 3421 1837 sicutnos,
3451 1771 3644 1827 factus.

2062 1852 2326 1906 (la-terum
2364 1854 2478 1908 hch
2505 1863 2563 1909 ut
2593 1872 2805 1912 summa
2836 1857 3172 1928 blasphemia
3201 1861 3515 1916 detestanda
3546 1878 3646 1918 no-

2062 1944 2142 1997 bis
2170 1954 2271 2007 est,
2307 1955 2358 1999 et
2381 1947 2638 2015 genimini
2672 1951 2774 2006 hoc
2805 1952 3151 2007 tribuendum
3186 1961 3290 2016 est,
3319 1963 3377 2007 ut
3432 1969 3498 2009 ex
3538 1955 3646 2009 Ge-

2063 2037 2253 2088 nitoris
2306 2039 2538 2091 essentia
2615 2043 2861 2095 exsistat.
2927 2041 3018 2116 Sic
3065 2043 3209 2096 enim
3260 2044 3422 2099 etiam
3496 2049 3647 2115 geni-

2064 2144 2184 2180 mt-n
2244 2128 2424 2183 fuerit.
2474 2128 2586 2183 Non
2649 2142 2730 2185 est
2795 2144 2971 2188 autem
3049 2136 3185 2188 facta
3251 2139 3481 2191 essentia
3541 2139 3644 2192 Pa-

2062 2220 2158 2271 tris
2192 2237 2205 2283 ;
2238 2236 2364 2290 ergo
2413 2237 2508 2274 uec
2566 2223 2615 2275 id
2667 2227 2810 2292 quod
2859 2241 2921 2277 cx
2976 2238 3035 2278 ea
3083 2228 3365 2295 procedit,
3417 2230 3515 2283 hoc
3561 2241 3647 2285 est

2059 2306 2246 2362 Filius.

2307 2424 2516 2480 ALIUD
2540 2465 2552 2489 ,
2592 2442 2656 2479 ex
2690 2426 2973 2495 objections
3004 2428 3389 2482 ltmreticorum.

2129 2513 2243 2568 Non
2284 2517 2335 2568 in
2371 2521 2704 2583 universum,
2738 2520 3003 2586 inquiunt,
3042 2520 3164 2587 quia
3223 2520 3483 2573 fecundus
3534 2532 3637 2587 est,

2058 2605 2330 2674 perfectus
2368 2619 2449 2662 est
2486 2610 2642 2663 Deus.
2678 2609 2783 2663 Sed
2831 2611 2968 2663 Deus
2996 2628 3117 2663 cum
3172 2612 3262 2677 sit,
3309 2624 3468 2681 atque
3493 2614 3560 2667 ob
3592 2615 3640 2668 id

2059 2697 2352 2764 perfectus,
2382 2699 2555 2753 factus
2586 2711 2668 2754 est
2689 2701 2853 2753 etiam
2884 2699 3063 2754 Pater.

2737 2812 2966 2865 Salutio.

2129 2900 2299 2956 Dicite
2329 2917 2457 2971 ergo
2492 2903 2646 2957 nobis
2673 2905 2761 2972 qui
2788 2904 2839 2956 in
2891 2914 3095 2958 tantam
3123 2905 3453 2973 impietatem
3506 2924 3631 2976 pro-

2056 3009 2305 3063 rumpere
2334 3010 2438 3047 non
2468 2996 2747 3058 veremini,
2779 2995 2824 3048 si
2873 2995 2975 3049 huc
3009 3006 3188 3063 postea
3248 2998 3477 3051 accessit
3534 3000 3640 3052 Deo

2055 3096 2111 3137 ut
2137 3084 2297 3138 Pater
2345 3084 2518 3147 ﬁeret,
2562 3085 2688 3152 quid
2715 3094 2833 3137 erat
2869 3085 3182 3153 priusquam
3243 3084 3395 3140 ﬁeret
3428 3086 3589 3141 Pater
3618 3090 3641 3143 7

382 3175 449 3225 Τὸ
482 3174 589 3242 γὰρ
614 3172 748 3234 ὅλως
773 3173 850 3235 ὃν,
884 3172 997 3225 ἐστι
1026 3189 1079 3223 τι
1114 3172 1330 3233 πάντως
1350 3186 1363 3199 θ
1386 3171 1418 3241 ἢ
1453 3171 1561 3240 γάρ
1580 3168 1827 3237 λέγοντες
1849 3168 1948 3220 οὐκ

2058 3173 2192 3227 Nam
2222 3176 2271 3229 id
2308 3176 2448 3244 quod
2472 3183 2574 3237 est,
2608 3174 2809 3243 aliquid
2838 3176 3058 3237 omnino
3086 3176 3154 3228 sit
3185 3186 3425 3245 oportet;
3471 3189 3560 3230 aut
3592 3178 3637 3232 si

393 3260 526 3315 εἶναί
556 3281 683 3316 ποτε
714 3265 927 3334 Πατέρα
968 3265 1058 3316 τὸν
1098 3263 1248 3325 Θεὸν,
1305 3261 1602 3331 μαχόμενοι
1635 3263 1833 3323 πάσαις
1863 3261 1951 3313 εὑ-

395 3352 693 3424 ρεθήσεσθε
713 3357 827 3415 ταῖς
856 3355 1084 3423 Γραφαῖς
1108 3370 1119 3381 ⁸
1154 3354 1214 3405 οὐ
1246 3352 1353 3421 γάρ
1384 3353 1532 3404 ἴσασι
1562 3351 1651 3403 τὸν
1682 3352 1816 3404 Θεὸν
1852 3353 1952 3405 οὐκ

389 3446 517 3496 ὄντα
542 3444 764 3513 Πατέρα
785 3459 798 3471 ·
828 3443 858 3511 ἢ
889 3445 973 3495 καὶ
1008 3444 1155 3496 αὐτοὶ
1186 3440 1594 3512 συγχωροῦντες
1625 3442 1952 3511 ἐνυπάρχειν

382 3536 467 3589 ἀεὶ
498 3535 576 3605 τῷ
609 3535 728 3605 Θεῴ
756 3536 855 3603 τὴν
887 3534 975 3587 τοῦ
1012 3534 1227 3606 Πατρὸς
1261 3534 1599 3603 ἐπωνυμίαν,
1638 3533 1951 3600 ἀναγκαίως

375 3626 524 3696 αὐτῷ
569 3628 629 3679 τὸ
653 3627 712 3693 ἐξ
740 3626 905 3678 αὑτοῦ
956 3626 1339 3679 συνεισοίσετε.
1390 3626 1464 3679 Οὐ
1500 3624 1607 3694 γὰρ
1644 3623 1709 3676 ἂν
1742 3622 1952 3690 λέγοιτο

377 3718 561 3789 Πατὴρ
598 3718 697 3771 οὐκ
729 3719 879 3781 ὄντος
913 3717 1065 3770 Υἱοῦ.

1059 3898 1263 3951 AAAO.

453 4012 513 4064 Εἰ
555 4012 691 4080 μέγα
720 4030 771 4063 τι
806 4010 1126 4082 χαρίζεσθαι
1162 4009 1475 4081 νομίζουσιν
1509 4012 1557 4063 οἱ
1592 4009 1949 4080 χριστομάχοι

374 4102 454 4171 τῷ
488 4101 623 4171 Θεῷ,
670 4104 887 4173 Πατέρα
947 4103 1043 4171 μὲν
1092 4102 1150 4168 ἐξ
1197 4097 1371 4173 ἀρχῆς
1422 4102 1520 4172 οὐχ
1564 4100 1951 4171 ὁμολογοῦντες

371 4193 555 4256 αὑτὸν,
597 4193 727 4244 Θεὸν
756 4193 813 4245 δὲ
843 4189 981 4245 εἶναι
1027 4193 1280 4256 διδόντες,
1324 4193 1669 4245 ἀκουέτωσαν
1701 4194 1782 4245 ὃτι
1830 4191 1950 4244 λίαν

374 4284 675 4354 ὑϐρίζουσι,
700 4287 1024 4355 πράγματος
1059 4284 1481 4355 άξιολογωτέρου
1507 4283 1604 4354 τὴν
1634 4283 1783 4335 θείαν
1815 4284 1951 4335 ἀπο-

374 4377 692 4447 στῖροῦντες
726 4377 908 4446 φύσιν.
944 4378 1075 4440 Θεὸς
1124 4376 1221 4446 μὲν
1254 4376 1363 4446 γὰρ
1403 4375 1477 4437 ὡς
1509 4375 1643 4444 πρὸς
1686 4374 1754 4427 τὰ
1790 4372 1952 4427 δοῦλα

373 4470 468 4520 καὶ
494 4470 561 4520 τά
588 4468 821 4538 γενητὴν
854 4468 1046 4537 ἔχοντα
1085 4468 1184 4539 τὴν
1213 4468 1398 4520 οὐσίαν
1437 4467 1549 4537 ἔχει
1581 4467 1678 4538 τὴν
1725 4469 1909 4538 σχέσιν
1933 4483 1947 4497 ·

375 4559 564 4629 Πατὴρ
610 4560 666 4611 δὲ
695 4559 769 4622 ὡς
817 4560 952 4629 πρὸς
988 4559 1135 4613 Υἱὸν.
1175 4560 1438 4627 Λέγοντες
1470 4560 1648 4611 τοίνυν
1690 4561 1771 4612 ὅτι
1818 4560 1949 4623 Θεὸς

376 4651 480 4721 μὲν
512 4647 578 4721 ἦν
614 4650 870 4720 ἐξαρχῆς,
902 4649 1055 4703 οὔπω
1103 4649 1161 4701 δὲ
1204 4650 1299 4703 καὶ
1332 4650 1541 4720 Πατὴρ,
1588 4650 1684 4720 τὴν
1717 4650 1853 4721 πρὸς
1882 4650 1950 4703 τὰ

370 4745 536 4798 δοῦλα
588 4744 772 4814 σχέσιν
821 4745 1194 4815 προσάπτουσι
1242 4742 1320 4811 τῷ
1371 4744 1507 4813 Θεῷ,
1558 4745 1651 4797 τοῦ
1709 4746 1951 4815 μείζονος

373 4835 806 4907 ἀποστεροῦντες
831 4836 996 4888 αὐτόν
1016 4851 1029 4864 ⁸
1065 4838 1315 4906 κρεῖττον
1351 4836 1460 4907 γὰρ
1489 4836 1548 4888 τὸ
1587 4836 1803 4905 Πατέρα
1830 4853 1952 4903 γεν-

373 4931 616 4998 νήματος
670 4923 828 4989 εῐναι,
880 4927 974 4979 καὶ
1002 4926 1274 4992 τοσοῦτον,
1314 4927 1422 4995 ὅσῳ
1475 4930 1775 4997 ποιήματος
1828 4926 1953 4989 Υἱὸς

373 5021 642 5089 διαφέρει.
711 5019 1008 5088 Ἐφ’ἡμῶν
1063 5019 1162 5090 μὲν
1227 5020 1335 5090 γὰρ
1369 5018 1616 5087 λέγεται·
1677 5037 1695 5072 ι
1762 5018 1951 5088 Ἡμεῖς

374 5110 502 5174 λαὸς
536 5111 707 5181 νομῆς
730 5110 917 5172 αὑτοῦ,
951 5111 1043 5163 καὶ
1069 5111 1315 5180 πρόϐατα
1349 5111 1529 5181 χειρὸς
1555 5109 1740 5162 αὑτοῦ.
1772 5128 1789 5159 ι
1816 5110 1952 5181 Περὶ

373 5203 433 5255 δὲ
465 5203 631 5255 Υἱοῦυ
671 5223 688 5254 ι
738 5205 834 5266 ⁸ος
864 5205 921 5255 ὲν
955 5206 1135 5273 μορφῇ
1168 5201 1300 5255 Θεοῦ
1334 5203 1613 5271 ὑπάρχων,
1644 5203 1743 5272 οὐχ
1776 5203 1953 5273 ἁρπα-

373 5294 517 5364 γμὸν
549 5296 794 5364 ἡγήσατο
828 5294 887 5347 τὸ
939 5290 1075 5346 εἶναι
1126 5297 1215 5347 ἶσα
1244 5293 1397 5367 Θεῷ·
1438 5311 1455 5343 ι
1492 5294 1585 5345 καὶ
1619 5295 1777 5347 πάλιν
1818 5295 1953 5366 πρὸς

373 5385 541 5437 αὐτόν
562 5403 574 5414 ·
608 5404 625 5437 ι
655 5384 839 5439 Κάθου
873 5387 935 5436 ὲκ
964 5384 1154 5451 δεξιῶν
1180 5402 1299 5455 μου.
1342 5404 1359 5436 ι
1402 5384 1540 5452 Ὂση
1570 5384 1652 5447 τίς
1684 5381 1775 5438 οὖν
1808 5387 1952 5438 ἐστιν

372 5473 407 5540 ἡ
441 5470 676 5541 διαφορά
706 5474 1011 5544 ποιήματος
1046 5473 1139 5526 καὶ
1176 5472 1324 5535 Υἱοῦ,
1378 5474 1471 5526 καὶ
1510 5472 1597 5525 διὰ
1636 5473 1837 5526 τούτων
1883 5476 1955 5526 εξ-

376 5561 606 5614 σὸιιεθα.

440 5756 490 5789 ⁸³
533 5759 671 5812 Psal.
722 5777 864 5826 seu,
904 5764 958 5819 3.

2056 3283 2160 3320 non
2196 3281 2315 3321 esse
2345 3267 2560 3320 Patrem
2592 3267 2757 3320 Demn
2790 3267 3005 3332 dicatis,
3047 3269 3297 3322 omnibus
3328 3270 3499 3323 sacris
3529 3269 3639 3322 Lit-

2058 3353 2185 3406 teris
2215 3367 2511 3423 repugnare
2537 3353 3052 3423 deprehendemini:
3109 3372 3282 3425 neque
3337 3360 3478 3410 enim
3536 3358 3639 3412 illa:

2053 3451 2348 3506 agnoscunt
2388 3441 2574 3507 Deum,
2618 3443 2705 3511 qui
2741 3443 2897 3497 Pater
2929 3461 3032 3497 non
3073 3446 3139 3499 sit
3169 3462 3182 3508 ;
3210 3452 3302 3498 aut
3332 3446 3373 3498 si
3410 3462 3503 3501 vos
3534 3448 3637 3516 ipsi

2053 3533 2351 3587 conceditis
2385 3550 2601 3604 semper
2635 3536 2812 3589 inesse
2840 3536 2944 3590 Deo
2972 3536 3148 3590 Patris
3197 3538 3635 3606 appellationem,

2055 3624 2360 3679 necessario
2419 3626 2581 3679 etiam
2642 3628 2692 3680 id
2739 3628 2880 3697 quod
2943 3643 3005 3681 ex
3082 3632 3194 3696 ipso
3276 3631 3517 3698 proceiit
3585 3632 3636 3686 ei

2055 3713 2323 3767 tribuetis.
2376 3714 2559 3784 Neque
2615 3719 2756 3771 enim
2808 3717 2969 3771 Pater
3021 3718 3124 3772 dici
3184 3729 3361 3787 potest
3406 3735 3511 3774 non
3542 3736 3637 3775 ex-

2055 3803 2296 3857 sistentis
2320 3804 2469 3858 Filii.
3178 3794 3181 3797 “

2682 3893 2791 3963 39
2831 3892 3063 3947 ALIUD.

2126 4007 2180 4062 Si
2206 4006 2441 4062 haeretici
2483 4007 2658 4076 magni
2691 4007 2891 4077 aliquid
2917 4020 3037 4060 sese
3066 4004 3302 4060 tribuere
3320 4005 3427 4063 Deo
3450 4007 3637 4063 existi-

2053 4111 2223 4164 mant,
2249 4102 2389 4169 quod
2430 4100 2638 4153 Patrem
2672 4100 2841 4170 ipsum
2871 4101 2936 4155 ab
2972 4099 3121 4153 initio
3172 4096 3337 4154 fuisse
3397 4113 3634 4171 negent,

2053 4193 2220 4247 Dettm
2247 4192 2462 4246 interim
2499 4206 2617 4245 esse
2644 4192 2997 4256 confitentes,
3035 4193 3141 4246 into
3194 4206 3388 4260 magna
3444 4206 3631 4249 contu-

2054 4285 2211 4339 melia
2244 4300 2362 4339 sese
2387 4301 2509 4339 cum
2546 4283 2757 4338 aﬂicere
2786 4286 3030 4349 credant,
3063 4299 3186 4338 cum
3244 4285 3477 4339 divinam
3535 4304 3633 4341 na-

2056 4386 2226 4431 turam
2261 4377 2504 4446 digniore
2544 4376 2697 4430 titulo
2725 4378 2958 4445 privant.
2996 4376 3127 4431 Nam
3165 4385 3222 4431 ut
3254 4376 3395 4433 Detts
3420 4379 3635 4434 relatioo

2057 4484 2176 4521 nem
2213 4467 2373 4521 habet
2400 4468 2465 4521 ad
2500 4468 2715 4521 servilia
2744 4478 2801 4522 et
2826 4476 3064 4521 creatam
3115 4468 3473 4523 substantiam
3533 4472 3629 4524 ha-

2055 4559 2236 4614 bentia
2266 4577 2279 4613 :
2315 4559 2388 4611 ita
2425 4558 2588 4613 Pater
2646 4560 2712 4613 ad
2766 4559 2987 4613 Filium.
3037 4556 3171 4611 Cum
3221 4559 3403 4624 itaque
3449 4561 3632 4615 dicunt

2053 4652 2215 4706 Deum
2254 4653 2468 4721 quidem
2504 4653 2570 4707 ab
2612 4652 2769 4706 initio
2802 4652 3097 4716 exstitisse,
3123 4650 3337 4706 Patrem
3366 4666 3492 4706 vero
3527 4669 3631 4706 nun

2052 4743 2202 4806 item,
2236 4744 2692 4812 comparationem
2758 4744 2874 4797 sive
2918 4742 3229 4795 relationem
3291 4745 3358 4796 ad
3418 4743 3631 4797 servilia

2055 4834 2162 4886 Deo
2188 4834 2616 4897 accommodant,
2650 4835 3027 4905 prmstantiore
3068 4832 3331 4888 relatione
3361 4848 3484 4888 eum
3517 4836 3630 4904 pri-

2059 4936 2249 4980 vantes
2276 4941 2291 4978 :
2325 4925 2672 4995 praestantius
2700 4927 2841 4981 enim
2870 4935 2952 4981 est
2979 4924 3189 4978 Patrem
3208 4925 3496 4992 gettintinis
3513 4942 3632 4981 esse

2058 5025 2111 5068 et
2141 5017 2355 5084 quidem
2390 5026 2558 5077 tanto,
2597 5027 2796 5084 quanto
2828 5017 2994 5071 Filius
3018 5023 3263 5070 creatura
3309 5026 3392 5070 est
3449 5017 3631 5072 excel-

2062 5108 2273 5160 lentior.
2305 5106 2437 5162 Nam
2466 5109 2533 5164 de
2558 5110 2715 5163 nobis
2741 5109 2965 5163 dicitur:
2988 5127 3005 5159 ι
3037 5107 3144 5161 Nos
3166 5108 3394 5178 populus
3420 5124 3631 5176 pascua.-

2059 5197 2192 5265 cjus,
2225 5208 2278 5253 et
2310 5213 2436 5254 oves
2465 5214 2653 5253 manus
2686 5212 2796 5252 sua:
2825 5199 2926 5250 ⁸⁸.»
2966 5198 3037 5251 De
3071 5197 3206 5252 Filio
3236 5209 3412 5252 autem
3434 5216 3447 5252 :
3472 5217 3489 5249 ι
3528 5198 3629 5265 Qui

2050 5304 2171 5343 eum
2208 5297 2349 5344 esset
2391 5291 2442 5344 in
2476 5290 2643 5344 forma
2681 5290 2797 5356 Dei,
2821 5304 2926 5343 non
2965 5290 3207 5358 rapinam
3234 5299 3318 5344 est
3341 5290 3633 5343 arbitratus

2050 5396 2109 5434 se
2132 5395 2250 5435 esse
2280 5382 2543 5451 :cqualem
2584 5380 2693 5437 Deo
2742 5381 2787 5413 ⁸⁸
2821 5397 2836 5445 ;
2873 5401 2890 5432 ι
2949 5390 3005 5435 et
3038 5396 3249 5436 rursum
3293 5380 3356 5433 ad
3411 5382 3583 5450 ipsum
3616 5399 3628 5436 :

2058 5489 2074 5518 ι
2108 5470 2244 5526 Sede
2302 5488 2329 5525 a
2372 5473 2578 5527 dextris
2636 5474 2772 5528 meis
2826 5472 2891 5527 ⁸⁷.
2940 5491 2957 5523 ι
3020 5470 3292 5538 Quantum
3347 5472 3509 5543 igitur
3554 5474 3631 5526 in-

2056 5563 2207 5616 tersit
2254 5564 2392 5620 inter
2440 5577 2743 5621 creaturam
2796 5576 2847 5621 et
2906 5565 3122 5631 Filium,
3176 5580 3239 5620 ex
3290 5564 3373 5619 his
3435 5564 3625 5617 intelli—

2055 5654 2249 5721 gitnus.

1034 5768 1078 5798 "
1117 5764 1348 5832 Philipp.
1378 5781 1437 5828 ιι,
1480 5765 1532 5819 7.
1575 5767 1615 5798 δτ
1660 5766 1801 5823 Psal.
1843 5783 1950 5834 cur,
2000 5769 2048 5823 l.
