4032 6212
448 392 518 448 ‘37
1512 385 1567 438 S.
1609 382 1883 438 CYRILLI
1924 379 2389 437 ALEXANDRINI
2428 379 2745 435 ARCHIEP.
3638 386 3705 440 68

1124 500 1352 556 ALIUD.

515 612 973 682 Quemadmodum
1021 611 1180 666 Pater
1221 613 1418 666 dicitur
1459 624 1710 680 respectu
1768 609 1912 675 Filii,
1948 610 2017 664 ita
2052 616 2095 661 A

450 708 588 760 Deus
621 712 864 773 respectu
896 718 1175 757 servorum
1203 713 1257 755 et
1280 717 1398 771 quin
1416 718 1523 756 non
1554 703 1792 756 eamdem
1824 701 2019 755 habent

450 805 696 847 naturam
724 805 885 861 atque
922 794 1057 862 ipse.
1092 792 1321 861 Oportet
1352 794 1532 862 itaque
1559 793 1716 848 simul
1751 802 1804 847 et
1852 792 2017 847 Deum

448 894 501 937 et
537 884 748 939 Patrem
795 884 1020 952 intelligi
1053 885 1347 949 genitorem
1382 884 1536 938 Verbi
1569 894 1697 938 :aut
1717 885 1759 937 si
1795 884 1844 936 in
1882 886 2018 938 tem-

450 992 577 1044 pore
603 976 828 1031 ell'ectus
856 984 942 1029 est
971 975 1158 1043 Pater,
1195 972 1374 1045 genito
1405 976 1741 1044 postmodum
1776 972 1934 1039 Filio,
1965 975 2017 1027 in

450 1079 691 1135 tempore
720 1069 885 1121 etiam
919 1065 1145 1121 eﬂ'eetus
1179 1075 1261 1120 est
1295 1067 1451 1128 Dens,
1477 1068 1691 1133 quando
1740 1078 1837 1133 per
1895 1062 2021 1116 Ver-

449 1160 577 1213 bum
616 1160 681 1211 ad
726 1173 848 1213 esse
888 1159 1131 1212 traducta
1167 1166 1291 1212 sunt
1347 1158 1529 1211 omnia
1591 1171 1817 1227 quorum
1847 1164 1932 1209 est
1966 1150 2021 1209 et

451 1250 610 1303 Deus.
645 1248 709 1301 Et
742 1250 786 1303 si
818 1250 997 1305 omnia
1026 1250 1162 1303 facta
1197 1257 1322 1302 sunt
1352 1258 1473 1316 post
1502 1246 1694 1301 Filium
1724 1248 1744 1318 (
1789 1262 1886 1315 per
1938 1249 2018 1315 ip-

449 1356 571 1394 sum
606 1341 747 1393 enim
784 1340 923 1394 facta
950 1349 1073 1393 sunt
1103 1339 1147 1371 ⁸⁸
1172 1338 1221 1407 ),
1274 1338 1585 1406 priusquam
1637 1350 1779 1392 esset
1833 1339 1973 1392 Deus
2000 1379 2015 1402 ,

454 1434 553 1485 hoc
591 1432 752 1486 etiam
788 1430 1004 1484 habebit
1040 1430 1185 1483 ntsit
1240 1428 1402 1482 Pater
1454 1431 1541 1498 qui
1602 1431 1773 1498 ipsum
1814 1431 2016 1498 genuit.

451 1519 738 1574 Ostensum
772 1520 915 1573 cnim
947 1528 1030 1573 est
1058 1517 1178 1573 esse
1197 1518 1528 1589 postFilium
1564 1529 1889 1583 creaturam,
1924 1534 2023 1572 cu-

446 1612 535 1680 jus
567 1622 648 1665 est
678 1614 837 1675 Deus,
859 1619 913 1663 et
959 1611 1023 1663 ad
1060 1626 1221 1679 quant
1283 1611 1476 1665 merito
1530 1610 1766 1665 refertur
1824 1626 2019 1665 nomen

450 1703 685 1757 deitatis.

791 1813 1021 1869 ALlUD.
1049 1812 1155 1869 Per
1191 1814 1706 1870 demonstrationem.

450 1927 600 1991 Quod
628 1928 1011 1981 conuenientius
1043 1938 1115 1982 est
1157 1927 1369 1983 Patrem
1423 1944 1607 1982 vocare
1643 1928 1803 1982 Deum
1864 1947 2020 1997 quam

824 2066 833 2075 θ
1047 1997 1217 2050 soluat
1265 1997 1451 2053 Deum.

514 2106 629 2162 Nisi
660 2123 877 2173 nomen,
914 2107 1113 2172 Pater,'
1149 2109 1318 2178 magis
1377 2112 1655 2180 proprium
1706 2111 2025 2182 diguiusque

445 2215 589 2259 esset
618 2205 669 2258 in
708 2205 815 2259 Deo
850 2222 1008 2275 quam
1043 2206 1163 2270 hoc,
1198 2204 1356 2270 Deus,
1387 2208 1740 2275 quamobrem
1767 2206 2027 2260 Servator

447 2313 569 2353 cum
607 2297 897 2366 discipulos
924 2312 1051 2351 suos
1078 2297 1142 2351 ad
1171 2296 1550 2366 haptizandum
1599 2299 1861 2361 mitteret,
1917 2314 2023 2352 non

442 2387 606 2455 jussit
639 2388 899 2456 baptizari
933 2398 1119 2459 gentes
1152 2388 1203 2440 in
1253 2388 1471 2442 nomine
1511 2388 1626 2463 Dei,
1669 2397 1725 2442 et
1776 2389 1921 2452 Filii,
1974 2398 2027 2442 ct

451 2478 688 2546 Spiritus
728 2480 924 2543 sancti,
955 2481 1045 2534 sed
1087 2480 1279 2532 divina:
1320 2489 1526 2532 natura:
1574 2479 1888 2546 dignitatem
1932 2494 2025 2533 ve—

452 2574 565 2628 rius
594 2573 941 2644 signiﬁcans,
972 2572 1143 2624 dixit:
1175 2568 1285 2641 40
1322 2589 1340 2621 ι
1379 2570 1432 2622 ln
1478 2584 1692 2625 nomine
1740 2569 1917 2623 Patris
1972 2583 2027 2625 et

450 2665 571 2719 Filii
633 2678 685 2721 et
732 2665 969 2735 Spiritus
1009 2665 1176 2718 sancti
1208 2663 1299 2716 “’?
1340 2680 1358 2713 ι
1394 2663 1456 2717 Ει
1493 2662 1765 2732 Philippus
1790 2663 2023 2716 divinant

451 2771 695 2812 naturam
732 2759 1019 2821 curiosius,
1045 2768 1101 2809 ιιι
1130 2757 1204 2809 ita
1237 2755 1429 2819 dicam,
1465 2754 2019 2825 investigans,dixit:

455 2868 473 2899 ι
516 2849 752 2903 Ostende
779 2849 933 2902 nobis
961 2847 1173 2902 Patrem
1200 2847 1265 2899 δ’.
1305 2864 1323 2896 ι
1363 2846 1521 2899 Vides
1551 2861 1657 2915 quo
1693 2857 1849 2915 pacto
1902 2863 2023 2899 rur-

448 2956 539 2994 sus
581 2956 685 2993 non
711 2952 862 2993 vocet
897 2940 1084 3003 Deum,
1118 2942 1211 2994 sed
1237 2940 1487 2993 Patrem?
1529 2941 1642 3008 ipse
1673 2955 1797 2993 vero
1824 2939 2023 2994 Serva-

450 3044 530 3085 tor
558 3033 623 3085 ad
676 3033 775 3085 hoc
803 3031 974 3085 dicit:
1012 3050 1028 3082 ι
1067 3032 1240 3086 Tanto
1273 3042 1514 3101 tempore
1569 3033 1844 3087 vobiscum
1876 3048 2019 3097 sum,

445 3131 629 3174 etnon
670 3121 807 3174 nosti
848 3135 951 3185 me,
1007 3119 1290 3188 Philippe?
1318 3121 1417 3187 Qui
1470 3122 1599 3175 vidit
1638 3138 1744 3187 me,
1797 3124 1927 3177 vidit
1970 3133 2024 3177 et

447 3215 655 3269 Patrem
686 3215 785 3267 ⁸³.»
820 3214 1029 3269 Rursus
1055 3230 1159 3267 non
1188 3215 1321 3269 dixit
1352 3216 1481 3269 vidit
1511 3216 1701 3279 Deum,
1764 3219 1856 3269 sed
1919 3217 2022 3269 Pa-

449 3318 603 3370 trem,
630 3305 680 3360 id
718 3307 858 3375 quod
893 3305 1101 3373 majus,
1134 3321 1236 3360 non
1271 3309 1412 3375 quod
1459 3309 1642 3362 minus
1696 3320 1799 3373 est,
1829 3309 1876 3362 ei
1927 3310 2026 3362 tri-

448 3402 641 3453 'lUCIIS.
676 3400 805 3454 Cum
837 3400 980 3454 enim
1019 3411 1244 3459 vocatur
1284 3400 1465 3467 Pater,
1502 3416 1566 3454 ex
1620 3402 1823 3469 majore
1854 3410 1908 3455 et
1943 3401 2025 3455 di-

444 3493 650 3559 guiut'c,
687 3492 941 3545 nimirum
989 3490 1146 3557 Filio,
1182 3492 1541 3562 significatur.
1579 3493 1807 3559 Quando
1844 3502 2025 3547 autem

448 3582 606 3649 Deus,
632 3600 694 3637 ex
729 3584 1021 3638 creaturis:
1057 3587 1197 3653 quod
1227 3587 1403 3641 minus
1426 3596 1527 3649 est,
1561 3587 1848 3653 etquidem
1877 3594 2026 3639 tanto

444 3685 703 3739 quantum
738 3676 959 3727 interest
991 3675 1131 3728 inter
1153 3689 1370 3727 servum
1427 3683 1480 3731 et
1533 3675 1836 3740 dominum,
1891 3689 2026 3745 opus

443 3773 492 3813 et
527 3761 789 3831 opiﬁcem.

1112 4047 1339 4101 ALIUD.

443 4164 571 4216 Cum
632 4163 909 4231 manifesta
992 4162 1427 4215 detnmistratione
1489 4163 1629 4229 quod
1695 4164 1920 4230 primum
1951 4164 2016 4217 sit

517 4236 696 4294 l’uter,
723 4235 907 4285 deinde
928 4231 1083 4293 Deus,
1112 4233 1315 4284 tametsi
1348 4233 1504 4285 etiam
1534 4232 1690 4284 simul
1720 4242 2014 4301 utrumque.

510 4415 786 4479 Serrator,
820 4429 941 4467 cum
970 4424 1184 4483 peracta
1230 4417 1532 4470 oeconomia
1568 4424 1767 4472 nostra:
1799 4419 2010 4483 salutis,

438 4514 559 4572 post
588 4520 802 4560 crucem
850 4507 1091 4558 ascendit
1133 4506 1199 4560 ad
1233 4508 1398 4561 cmlos
1424 4549 1438 4573 ,
1468 4511 1539 4561 ita
1573 4509 1865 4579 discipulos
1886 4527 2015 4567 suos

2125 4531 2311 4601 Σωτὴρ
2342 4531 2508 4599 ἡπείγ

437 4604 521 4650 est
578 4597 842 4650 allocutus
868 4616 881 4651 :
910 4616 928 4648 ι
957 4599 1204 4653 Ascendo
1229 4606 1293 4653 ad
1323 4599 1536 4654 Patrem
1566 4619 1761 4669 meum,
1806 4614 1861 4658 et
1917 4605 2017 4659 Ρο-

441 4701 574 4743 trem
606 4700 866 4757 vestrum,
886 4701 939 4745 et
976 4693 1140 4746 Deum
1179 4709 1352 4747 meum
1380 4705 1434 4747 et
1460 4693 1624 4749 Deum
1652 4704 1887 4750 vestrum
1914 4700 2008 4751 δ’.»

439 4780 671 4834 Videsne
706 4780 792 4833 hic
840 4781 1178 4835 manifestam
1212 4783 1493 4836 nominum
1547 4786 1952 4841 distinctionem
1991 4789 2016 4841 ?

436 4867 598 4922 Vides
628 4883 733 4937 quo
766 4880 922 4939 pacto
950 4872 1108 4925 Pater
1134 4873 1349 4943 quidem
1395 4874 1667 4930 referatur
1691 4879 1755 4931 ad
1789 4879 2008 4944 Filium,

437 4959 577 5014 Deus
627 4975 754 5015 vero
804 4964 870 5016 ad
910 4965 1122 5018 servilia
1156 4974 1209 5019 et
1239 4969 1578 5023 creaturas?
1628 4968 1894 5035 Quocirca
1963 4975 2008 5028 si

436 5054 703 5119 pOsterior
757 5064 840 5110 est
886 5058 1089 5113 creatio
1128 5068 1501 5113 creaturarum
1566 5078 1725 5131 quam
1779 5081 2008 5135 genera-

439 5145 511 5198 tio
546 5144 688 5210 Filii,
715 5147 943 5216 primum
981 5150 1082 5203 hoc
1116 5151 1275 5205 habet
1324 5140 1462 5220 qubd
1495 5155 1568 5208 sit
1605 5154 1784 5221 Pater,
1821 5174 2008 5213 conse-

436 5253 609 5305 quens
644 5253 767 5291 vero
814 5240 958 5308 quod
1004 5242 1075 5293 sit
1118 5243 1275 5297 Deus.
1324 5243 1463 5299 lliuc
1506 5261 1634 5302 vero
1671 5250 2008 5308 manifestius

435 5332 755 5385 ostendetur
826 5334 1298 5403 contemplationis
1352 5337 1512 5408 hujus
1576 5343 1731 5400 ratio.
1772 5344 2011 5414 Dignita-

439 5431 543 5476 tem
584 5424 724 5506 enitn
756 5439 906 5478 suam
942 5441 1058 5493 qua:
1083 5428 1129 5479 ei
1176 5430 1494 5485 naturaliter
1537 5434 1697 5503 inest,
1757 5453 1866 5506 prae
1911 5439 2011 5492 im-

438 5529 617 5567 mensa
659 5505 758 5569 sua
794 5516 1126 5586 benignitate
1173 5524 1327 5577 nobis
1357 5529 1789 5595 communicatis,
1823 5532 1967 5586 addit
1995 5549 2010 5599 ;

440 5626 459 5659 ι
486 5605 697 5664 Patrem
717 5622 975 5665 vestrum:
1008 5632 1024 5664 ι
1047 5613 1284 5681 adoptati
1310 5618 1450 5670 enim
1482 5634 1668 5674 sumus
1695 5638 1789 5689 per
1812 5623 2009 5692 ipsum,

509 5790 556 5822 "
592 5788 741 5845 Joau.
783 5808 821 5857 t,
856 5792 905 5845 5.
985 5795 1029 5826 δ’
1070 5794 1253 5848 Matth.
1298 5807 1485 5861 xvvtu,
1533 5797 1615 5850 19,

2814 495 3017 548 AAAO.

2201 606 2407 675 Ὥσπερ
2443 606 2504 659 τὸ
2532 606 2723 677 Πατὴρ
2748 606 2823 667 ὡς
2852 604 2989 673 πρὸς
3017 603 3147 657 Υἰὸν
3176 604 3537 673 λαμϐάνεται,
3566 604 3708 660 οὕτω

2126 698 2219 749 καὶ
2269 697 2399 759 Θεὸς
2432 696 2508 759 ὡς
2559 696 2698 767 πρὸς
2742 694 2814 748 τὰ
2861 694 3021 748 δοῦλα
3070 697 3165 750 καὶ
3211 697 3281 750 τὰ
3329 698 3404 767 μὴ
3453 697 3708 768 τοιαύτην

2125 789 2316 858 ἔχοντα
2344 789 2443 858 τὴν
2491 787 2651 856 φύσιν
2682 787 2870 840 ὁποίαν
2909 788 3090 852 αὐτός.
3135 788 3375 859 Ἀνάγκη
3421 790 3708 861 τοιγαροῦν

2124 880 2260 950 ὁμοῦ
2294 881 2390 932 καὶ
2420 879 2551 931 Θεὸν
2594 879 2689 930 καὶ
2733 879 2953 949 Πατέρα
2996 878 3234 933 νοεῖσθαι
3263 879 3355 932 τὸν
3394 880 3490 933 τοῦ
3530 881 3709 949 Λόγου

2126 972 2428 1039 γεννήτορα
2447 988 2461 1000 ·
2494 968 2527 1039 ἢ
2559 970 2716 1039 εἴπερ
2739 972 2796 1022 ὲν
2820 970 2998 1040 χρόνῳ
3028 972 3219 1039 γέγονε
3246 970 3457 1042 Πατὴρ,
3482 971 3711 1043 ὕστερον

2125 1062 2217 1114 τὸν
2259 1061 2387 1113 Υἱὸν
2434 1061 2832 1132 ἁπογεννήσας,
2885 1063 2944 1114 ὲν
2976 1063 3152 1132 χρόνῳ
3198 1062 3392 1131 γέγονε
3428 1062 3523 1116 καὶ
3554 1062 3707 1127 Θεὸς,

2126 1154 2215 1206 ὅτε
2253 1152 2341 1206 διὰ
2370 1152 2465 1204 τοῦ
2505 1152 2676 1220 Λόγου
2713 1153 2847 1222 πρὸς
2876 1153 2937 1206 τὸ
2970 1150 3109 1209 εἶναι
3144 1154 3399 1225 παρήχθη
3430 1154 3499 1209 τὰ
3534 1156 3711 1210 πάντα

2127 1239 2201 1298 ὧν
2230 1246 2346 1297 ἐστι
2394 1244 2490 1296 καὶ
2520 1243 2672 1307 Θεός.
2707 1245 2817 1298 Καὶ
2850 1246 2899 1298 εί
2930 1246 3178 1314 φαίνεται
3229 1246 3408 1299 πάντα
3449 1248 3710 1314 γεγονότα

2130 1332 2269 1402 μετὰ
2294 1332 2383 1385 τὸν
2420 1332 2546 1384 Υίὸν
2572 1332 2660 1401 (δι’
2695 1333 2861 1386 αὑτοῦ
2903 1333 3012 1405 γὰρ
3043 1335 3276 1403 γέγονε),
3311 1336 3416 1406 πρὸ
3438 1336 3531 1389 τοῦ
3567 1333 3709 1391 εἶναι

2128 1423 2281 1489 Θεὸς,
2337 1423 2447 1489 ἕξει
2489 1423 2551 1478 τὸ
2593 1419 2731 1477 εἶναι
2773 1426 2962 1495 Πατὴρ
3008 1428 3037 1479 6
3081 1428 3349 1497 γεννήσας
3392 1429 3575 1482 αὐτόν.
3615 1430 3711 1499 Δέ-

2127 1516 2338 1568 δεικται
2385 1513 2494 1584 γὰρ
2542 1515 2625 1567 ὅτι
2684 1515 2823 1585 μετὰ
2854 1515 2943 1569 τὸν
2992 1516 3119 1571 Υἱὸν
3157 1519 3190 1586 ἡ
3227 1518 3427 1583 κτίσις,
3478 1515 3546 1589 ἧς
3593 1522 3709 1573 ἐστι

2128 1607 2281 1672 Θεὸς,
2314 1606 2408 1660 καὶ
2450 1606 2585 1677 πρὸς
2616 1606 2682 1676 ἢν
2730 1610 2932 1661 νοεῖται
2978 1610 3199 1672 εἰκότως
3231 1609 3290 1662 τὸ
3321 1611 3419 1678 τῆς
3457 1610 3708 1681 θεότητος

2129 1697 2318 1767 ὖνομα.

2066 1821 2109 1877 Β
2554 1810 2756 1864 ᾹΛΛΟ.
2813 1810 3285 1877 Ἀποδεικτικῶς.

2128 1896 2256 1978 Ὀτι
2290 1926 2781 1994 πρεπωδέστερον
2820 1928 2885 1979 τὸ
2939 1929 3170 1994 Πατέρα
3207 1928 3447 1997 μᾶλλον
3503 1929 3711 1983 καλεῖν

2309 2017 2416 2070 τὸν
2460 2017 2631 2083 Θεὸν,
2664 2018 2701 2086 ἢ
2735 2018 2908 2072 τοῦτο
2941 2022 3088 2072 αὐτὸ
3132 2021 3324 2089 μόνον
3365 2021 3531 2073 Geor.

2197 2128 2262 2183 Εί
2295 2130 2370 2201 μὴ
2413 2130 2475 2183 τὸ
2509 2130 2696 2201 Πατὴρ
2740 2131 2910 2201 ὄνομα
2944 2132 3276 2211 κυριώτερόν
3307 2122 3424 2197 πώς
3468 2136 3583 2188 ἐστι
3617 2137 3710 2188 καὶ

2127 2221 2549 2292 ἀξιολογώτερον
2596 2223 2690 2274 ἐπὶ
2735 2223 2867 2276 Θεοῦ
2917 2223 3113 2295 ἢαὺτὸ
3158 2223 3221 2295 δὴ
3250 2224 3407 2278 τοῦτο
3446 2226 3504 2279 τὸ
3552 2226 3706 2293 Θεὸς,

2126 2312 2247 2363 ὅτου
2296 2310 2361 2381 δὴ
2413 2312 2574 2382 χάριν
2622 2312 2713 2363 ἐπὶ
2759 2312 2818 2365 τὸ
2858 2312 3141 2382 βαπτίζειν
3186 2314 3531 2368 ἀποστέλλων
3581 2317 3706 2379 τοὺς

2128 2403 2325 2457 ἑαυτοῦ
2365 2402 2614 2472 μαθητὰς
2637 2403 2665 2454 6
2692 2402 2902 2472 Σωτὴρ,
2938 2404 3037 2456 οὐκ
3072 2404 3322 2457 ἐκέλευσε
3343 2405 3620 2474 βαπτίζειν
3641 2405 3707 2456 τὰ

2130 2496 2257 2565 ἔθνη
2288 2497 2368 2557 είς
2401 2494 2568 2564 ὄνομα
2593 2493 2751 2559 Θεοῦ,
2773 2496 2866 2547 καὶ
2883 2495 3036 2557 Υίοῦ,
3067 2497 3159 2548 καὶ
3187 2497 3339 2565 ἁγίου
3370 2495 3703 2565 Πνεῦματος,

2133 2587 2268 2641 ἀλλὰ
2310 2586 2370 2639 τὸ
2419 2584 2779 2656 ἀληθέστερον
2826 2585 3105 2656 σημαίνων
3148 2587 3245 2657 τῆς
3300 2586 3446 2651 θείας
3493 2588 3706 2657 φύσεως

2126 2674 2377 2746 ἀξίωμαο
2426 2694 2444 2726 ι
2485 2675 2578 2737 Εἰς
2606 2673 2845 2743 Πατέρα,
2875 2675 3028 2743 φησι,
3061 2676 3154 2728 καὶ
3199 2678 3278 2739 εἰς
3327 2676 3475 2739 Υῑὸν,
3509 2678 3601 2731 καὶ
3626 2680 3705 2741 εἰς

2125 2768 2186 2821 τὸ
2216 2767 2440 2837 Πνεῦμα
2481 2766 2541 2819 τὸ
2585 2766 2773 2834 ἆγιονς
2823 2764 2883 2818 '0
2918 2766 2975 2819 δέ
3007 2784 3069 2834 γε
3106 2766 3368 2832 Φίλιππος
3405 2771 3504 2841 τὴν
3533 2770 3704 2835 θείαν,

2129 2860 2193 2912 ἵν’
2224 2858 2396 2921 οὕτως
2419 2860 2579 2921 εἴπω,
2613 2858 3106 2927 περιεργαζόμενος
3133 2858 3315 2928 φύσιν,
3346 2860 3549 2929 ἔφασκε
3574 2862 3707 2932 πρὸς

2127 2951 2320 3004 αὐτόν·
2365 2970 2384 3001 ι
2423 2950 2604 3016 Δεῖξον
2635 2950 2768 3019 ἡμῖν
2800 2949 2893 3003 τὸν
2936 2950 3175 3021 Πατέρα.
3214 2970 3232 3001 ι
3279 2952 3439 3023 Ὁρᾷς
3466 2953 3613 3015 ὅπως
3645 2952 3705 3003 οὑ

2126 3040 2258 3093 Θεὸν
2286 3039 2536 3111 ὀνομάζει
2565 3038 2747 3101 πάλιν,
2773 3038 2909 3092 ἀλλὰ
2939 3040 3159 3111 Πατέρα
3187 3040 3343 3094 καλεῖ
3368 3056 3381 3105 ;
3415 3043 3520 3094 Καὶ
3546 3042 3706 3104 αὐτὸς

2127 3133 2184 3184 δὲ
2213 3132 2346 3203 πρὸς
2370 3131 2526 3184 τοῦτό
2551 3148 2717 3203 φησιν
2737 3133 2764 3184 6
2787 3132 2979 3201 Σωτήρ
2997 3145 3009 3160 ο
3037 3151 3053 3183 ι
3078 3132 3345 3184 Τοσοῦτον
3366 3133 3557 3201 χρόνον
3588 3133 3705 3202 μεθ’

2130 3223 2285 3294 ὑμῶν
2322 3224 2457 3292 εἰμι,
2487 3223 2582 3276 καὶ
2625 3223 2726 3276 οὐκ
2755 3222 2998 3291 ἔγνωκάς
3030 3240 3096 3293 με
3135 3223 3403 3288 Φίλιππες
3447 3225 3504 3277 '0
3534 3228 3706 3295 ἑωρα-

2128 3314 2239 3376 κὼς
2287 3314 2386 3383 ἐμὲ
2430 3312 2642 3377 ἑώρακε
2698 3314 2788 3366 τὸν
2832 3314 3070 3384 Πατέρα.
3119 3333 3137 3366 ι
3188 3315 3356 3369 Πάλιν
3395 3316 3493 3369 οὐκ
3529 3313 3702 3379 εἶπεν,

2140 3401 2383 3472 Ἑώρακε
2413 3401 2504 3454 τὸν
2527 3401 2681 3466 Θεὸν,
2718 3401 2852 3455 ἀλλὰ
2883 3403 2972 3455 τὸν
3000 3403 3240 3474 Πατέρα,
3265 3405 3326 3457 τὸ
3351 3405 3537 3476 μεῖζον
3568 3408 3705 3459 ἁπο-

2127 3489 2308 3561 νέμων
2343 3489 2510 3560 αὐτῷ,
2561 3492 2655 3544 καὶ
2702 3492 2761 3544 οὐ
2794 3491 2855 3544 τὸ
2896 3492 3135 3547 ἔλαττον.
3167 3494 3294 3547 Ὅτε
3342 3495 3439 3566 μὲν
3468 3496 3574 3567 γὰρ
3606 3513 3704 3549 κα-

2126 3581 2297 3634 λεῖται
2350 3582 2565 3654 Πατὴρ,
2616 3584 2679 3636 ὲκ
2720 3583 2814 3635 τοῦ
2863 3585 3107 3653 μείζονος
3145 3586 3239 3637 καὶ
3284 3570 3702 3656 ἀξιολογωτέρου

2129 3674 2468 3744 σημαίνεται,
2519 3676 2800 3727 τουτέστιν
2830 3675 2893 3726 ἐκ
2925 3674 3017 3727 τοῦ
3048 3675 3177 3727 Υἱοῦ
3199 3693 3214 3707 ο
3242 3677 3329 3728 ὅτε
3360 3676 3416 3729 δὲ
3443 3676 3596 3739 Θεὸς,
3640 3679 3702 3729 ἐκ

2125 3766 2233 3819 τῶν
2271 3766 2625 3836 ποιημάτων·
2676 3766 2811 3833 ὅπερ
2861 3767 3009 3818 ἐστὶν
3038 3766 3286 3819 ἐλαττονο
3331 3769 3425 3823 καί
3452 3768 3703 3821 τοσοῦτον

2125 3860 2249 3911 ὅσον
2298 3859 2412 3910 ἐστὶ
2446 3857 2505 3909 τὸ
2558 3857 2761 3926 μεταξὺ
2798 3857 2984 3909 δούλου
3030 3860 3121 3911 καὶ
3152 3858 3432 3923 δεσπότου,
3480 3859 3701 3932 ποιητοῦ

2125 3950 2217 4002 καὶ
2247 3952 2566 4020 ποιήματος.

2802 4062 3004 4116 ΔΛΛΟ.

2122 4171 2281 4226 Μετὰ
2302 4172 2535 4240 σαφοῦς
2552 4173 2932 4240 ἀποδείξεως,
2958 4174 3045 4227 ὅτι
3068 4174 3302 4241 πρῶτόν
3323 4176 3453 4229 ἐστι
3478 4180 3697 4247 Πατὴρ,

2386 4259 2511 4316 εἶτα
2546 4263 2709 4329 Θεὸς,
2743 4267 2795 4316 εὶ
2823 4264 2918 4319 καὶ
2951 4264 3071 4329 ἅμα
3102 4266 3424 4334 ἀμφότερα.

2194 4440 2321 4491 Ὀτε
2373 4438 2468 4509 τὴν
2525 4440 2647 4492 καθ’
2687 4441 2846 4511 ἡμῶν
2892 4441 3296 4513 ἀποπληρώσας
3329 4443 3638 4512 οἰκονομίαν
3668 4447 3695 4495 ὁ

2512 4549 2600 4584 ετο
2642 4532 2779 4602 μετὰ
2805 4532 2895 4585 τὸν
2931 4534 3163 4606 σταυρὸν
3196 4537 3274 4596 είς
3298 4535 3575 4603 οὐρανοὺς,
3604 4534 3694 4584 λέ-

2113 4639 2197 4690 γει
2236 4623 2369 4694 πρὸς
2403 4624 2528 4688 τοὺς
2578 4623 2773 4676 ἑαυτοῦ
2825 4624 3071 4696 μαθητάς
3095 4644 3109 4657 ·
3150 4643 3167 4676 t
3220 4622 3517 4676 Ἀναϐαίνω
3560 4626 3695 4694 πρὸς

2112 4715 2204 4767 τὸν
2240 4714 2461 4786 Πατέρα
2520 4732 2620 4783 μου
2658 4716 2749 4768 καὶ
2799 4716 3017 4787 Πατέρα
3068 4716 3241 4785 ὑμῶν,
3291 4715 3383 4767 καὶ
3424 4713 3558 4767 Θεόν
3593 4733 3695 4779 μου

2112 4807 2205 4859 καὶ
2252 4806 2383 4859 Θεὸν
2422 4808 2598 4878 ὑμῶν.
2646 4827 2662 4859 ι
2715 4808 2877 4879 Ὁρᾷς
2924 4809 2981 4861 ἐν
3024 4807 3196 4877 τούτῳ
3248 4806 3394 4876 σαφῆ
3443 4807 3544 4877 τὴν
3588 4808 3696 4860 τῶν

2108 4897 2391 4968 ὀνομάτων
2449 4899 2769 4971 διαστολήν;
2823 4901 2980 4971 Ὁρᾷς
3032 4901 3111 4952 ὃτι
3161 4902 3188 4952 ό
3238 4899 3427 4971 Πατὴρ
3480 4899 3580 4969 μὲν
3622 4899 3698 4961 ὡς

2116 4990 2252 5060 πρὸς
2285 4990 2411 5043 Υἱὸν
2453 4994 2676 5057 νοεῖται,
2710 4992 2841 5056 Θεὸς
2887 4992 2966 5054 δὲ,
3006 4991 3081 5054 ὼς
3119 4991 3255 5062 πρὸς
3296 4990 3365 5044 τὰ
3410 4991 3572 5045 δοῦλα
3605 4993 3698 5044 καὶ

2118 5083 2495 5152 πεποιημένα;
2538 5085 2747 5138 Οὐκοῦν
2776 5087 2826 5138 εί
2869 5086 3097 5155 δεύτερα
3137 5085 3236 5155 τῆς
3270 5088 3573 5155 γεννήσεως
3605 5083 3696 5136 τοῦ

2122 5173 2252 5227 Υἰοῦ
2304 5177 2372 5230 τὰ
2407 5178 2707 5248 ποιήματα,
2759 5179 2973 5247 πρῶτον
3018 5177 3130 5249 ἔχει
3190 5178 3250 5229 τὸ
3298 5172 3436 5229 εῖναι
3487 5176 3693 5245 Πατὴρ,

2119 5266 2516 5321 ἐπακολουθοῦν
2542 5269 2598 5321 δὲ
2626 5270 2741 5340 ἅμα
2773 5270 2866 5323 καὶ
2899 5269 2961 5322 τὸ
2994 5266 3135 5323 εἶναι
3167 5268 3316 5330 Θεός.
3344 5266 3695 5339 Δειχθήσεται

2109 5357 2164 5409 δὲ
2211 5358 2604 5431 ἀκριδέστερον
2636 5360 2950 5431 ὲντεῦθενή
2998 5360 3092 5414 τοῦ
3136 5361 3403 5430 νοήματος
3446 5358 3692 5429 δύναμις.

2110 5448 2153 5498 Τ
2157 5448 2183 5500 ὸ
2214 5448 2322 5518 γὰρ
2357 5450 2556 5519 προσὸν
2585 5450 2731 5520 αὐτῷ
2768 5451 2907 5505 κατὰ
2944 5450 3104 5521 φύσιν
3139 5449 3357 5519 ἀξίωμα
3404 5447 3697 5520 χαριζόμε-

2111 5557 2201 5601 νος
2248 5542 2380 5610 ήμίν
2425 5541 2513 5593 διὰ
2557 5541 2757 5613 πολλὴν
2810 5543 3250 5613 φιλανθρωπίαν,
3310 5540 3696 5617 προστέθεικεν

2113 5631 2213 5693 ὅτι,
2251 5651 2267 5681 ι
2307 5632 2399 5685 καὶ
2433 5634 2654 5704 Πατέρα
2688 5635 2841 5704 ὑμῶν
2866 5649 2879 5663 '
2927 5654 2944 5687 ι
2978 5633 3295 5706 κεκλήμεθα
3336 5633 3446 5703 γὰρ
3479 5635 3557 5698 είς
3587 5634 3694 5687 υἱο-

1696 5801 1738 5829 “°
1779 5800 1931 5854 Jama.
1982 5819 2108 5866 xw,
2153 5810 2200 5861 8.
2283 5809 2321 5838 "
2368 5809 2498 5862 ibid.
2542 5811 2595 5865 9.
2675 5814 2718 5842 θ’
2757 5811 2913 5865 Joau.
2958 5828 3050 5876 xx,
3102 5814 3187 5869 17.
