4110 6212
344 364 437 419 '09
1786 363 1933 419 THE:

2036 365 2058 421 J
2068 366 2221 423 RUS.
2458 370 2459 373 “
3548 382 3617 435 70

348 477 558 529 θεσίαν
586 476 650 529 δι’
676 474 862 539 αὑτοῦ,
896 477 989 528 καὶ
1020 476 1241 543 γέγονεν
1271 476 1428 546 ἡμῶν
1455 478 1596 532 κατὰ
1644 480 1802 551 χάριν
1833 483 1933 535 Πα-

2044 493 2099 538 et
2130 485 2302 539 factus
2330 496 2412 540 est
2440 486 2599 542 Pater
2642 504 2739 559 per
2766 492 2992 559 gratiam
3038 498 3241 557 noster,
3270 493 3359 561 qui
3393 509 3485 563 per
3516 511 3615 548 ua-

356 567 474 637 τὴρ
496 570 525 620 ὁ
547 568 707 621 αὑτοῦ
742 568 884 621 κατὰ
902 567 1081 635 φύσιν.
1119 568 1542 639 ’Λναλαμδάνων
1563 571 1621 623 δὲ
1644 573 1725 636 εἰς
1747 574 1937 628 ἑαυτὸν

357 657 432 724 τὰ
466 658 641 727 ήμῶν,
680 659 772 710 καὶ
806 657 881 720 ὡς
913 657 1011 728 τὴν
1039 657 1133 710 τοῦ
1158 658 1345 713 δούλου
1376 661 1610 731 φορέσας
1635 664 1846 735 μορφὴν
1871 666 1939 719 τὰ

352 748 471 800 τῶν
504 747 727 800 οδούλων
774 748 1160 818 οἰκειούμενος,
1198 749 1381 818 λέγει·
1424 769 1442 803 ι
1476 753 1585 805 Καὶ
1629 754 1760 807 Θεόν
1812 774 1934 826 μου,

350 840 457 901 καὶ
487 840 622 891 Θεὸν
666 839 841 907 ὑμῶν.
877 859 895 891 ι
937 838 1141 893 Οὐκοῦν
1169 840 1333 894 αὑτοῦ
1376 842 1474 912 μὲν
1521 843 1681 913 φύσει
1727 846 1934 918 Πατὴρ,

351 930 520 1000 ήμῶν
566 930 620 983 δὲ
669 930 821 993 Θεὸς.
856 932 963 984 Καὶ
992 931 1198 1003 ἐπειδὴ,
1234 933 1482 1006 καθάπερ
1515 936 1614 1006 ήδη
1658 941 1935 1007 προεῖπον,

350 1019 423 1071 δι’
456 1017 591 1071 1⁸ἱοῦ
623 1018 989 1088 πεποιήμεθα,
1030 1019 1245 1091 πρῶτον
1286 1021 1438 1074 ἔσται
1480 1023 1687 1094 Πατήρ,
1720 1021 1817 1077 εἷθ’
1845 1024 1937 1077 οὖ-

353 1127 465 1171 τως
495 1109 653 1172 Θεὸς,
695 1110 742 1160 εξ
774 1110 866 1161 καὶ
896 1110 1011 1179 ἅμα
1040 1111 1131 1163 καὶ
1165 1113 1547 1183 συνημμένωζ.

492 1276 701 1349 ΑΛΛΟ,
734 1289 817 1353 ὡς
845 1289 915 1353 ἐξ
946 1289 1302 1355 ἀντιθέσεως
1330 1289 1451 1344 τῶν
1475 1292 1795 1360 Εὐνομίου.

442 1400 751 1463 Συναῖδιον,.
780 1402 940 1470 φησὶ,
994 1405 1087 1454 καὶ
1136 1403 1287 1456 αὐτοὶ
1334 1404 1412 1473 τῷ
1466 1405 1643 1475 Πατρὶ
1683 1404 1777 1457 τὸν
1813 1404 1939 1458 Υἱὸν

358 1491 735 1561 ὁμολογοῦμεν
791 1487 959 1555 εἶναι,
1005 1494 1137 1546 καθὸ
1177 1493 1274 1564 τήν
1313 1494 1406 1547 τοῦ
1456 1494 1713 1548 δύνασθαι
1760 1498 1938 1548 τεκεῖν

354 1585 531 1638 αὐτὸν
585 1583 833 1647 ἐξουσίαν
890 1581 1033 1655 εἶχεν
1092 1588 1169 1643 ἐν,
1205 1584 1379 1656 ἐαυτῷ
1438 1586 1533 1640 καί
1597 1588 1726 1656 πρὶν
1780 1586 1938 1639 αὐτὸν

354 1701 515 1773 τέκῃ.

844 1814 1003 1881 Πρὸς
1042 1813 1217 1867 τοῦτο
1257 1814 1456 1878 λύσις.

440 1928 504 1979 Εἰ
530 1927 589 1978 τὸ
622 1926 876 1979 δῦνασθαι
904 1927 1099 1995 γεννᾷν
1126 1925 1215 1977 τὸν
1252 1926 1468 1995 Πατέρα
1497 1925 1764 1978 σ’δναῖδιον
1787 1925 1937 1997 αὐτῷ

356 2018 465 2071 τὸν
499 2018 623 2070 Ti?»
652 2013 783 2071 εἶναι
812 2019 979 2078 ποιεῖ,
1016 2018 1108 2068 καὶ
1135 2017 1232 2085 οὐχ
1262 2017 1342 2068 ὅτι
1380 2016 1543 2083 συνῆν
1575 2016 1719 2085 αὐτῷ
1750 2032 1939 2087 γεννη-

358 2109 499 2172 τῶς,
526 2109 579 2160 τί
621 2109 847 2161 κωλύσει
894 2107 1070 2175 λέγειν
1119 2109 1329 2177 ὅτιπερ,
1361 2107 1544 2177 ἐπειδὴ
1590 2108 1649 2159 τὸ
1681 2108 1937 2161 δύνασθαι

360 2199 572 2261 κτίζειν
599 2195 664 2269 ἧν
693 2200 750 2251 ὲν
782 2199 921 2268 Θεῷ,
963 2199 1112 2251 ἔσται
1138 2200 1353 2261 παντως
1386 2198 1533 2267 αὐτῴ
1562 2199 1655 2251 καὶ
1687 2200 1755 2251 τὰ
1780 2202 1937 2267 ποιή-

361 2307 510 2359 ματα
539 2290 816 2355 συναϊδια;
850 2291 913 2344 Εἰ
944 2290 1049 2359 γὰρ
1074 2290 1135 2342 τὸ
1157 2289 1416 2341 δύνασθαι
1446 2290 1605 2359 μόνον
1647 2288 1708 2341 τὸ
1741 2291 1796 2342 ὲν
1826 2291 1937 2350 τοῖς

358 2383 684 2450 πράγμασιν
718 2380 1069 2449 ἀποτέλεσμα
1101 2385 1274 2451 φορεῖ,
1312 2377 1378 2451 ἦν
1409 2382 1516 2451 ἄρα
1550 2382 1643 2433 καὶ
1686 2382 1813 2450 πρὶν
1842 2382 1935 2448 γέ-

354 2488 514 2540 νηται.
559 2471 628 2523 τὰ
676 2468 1094 2540 ποιήματι-Ἦν
1121 2472 1228 2542 γὰρ
1260 2475 1316 2525 ἐν
1350 2472 1426 2543 τῷ
1456 2475 1655 2543 Ποιητῇ
1688 2473 1747 2525 τὸ
1780 2473 1938 2525 δύναο

363 2564 486 2616 σθαι
528 2566 705 2616 ποιεῖν
736 2564 900 2616 αὐτά.
934 2564 993 2615 Et
1019 2564 1075 2616 δὲ
1107 2564 1261 2617 τοῦτο
1288 2566 1505 2629 ἄτοπον,
1543 2565 1636 2618 καὶ
1664 2566 1721 2617 οὐ
1750 2564 1810 2617 τὺ
1840 2563 1934 2617 δύο

350 2653 554 2706 νασθαι
586 2653 789 2718 κτίζειν
832 2652 924 2706 τὸν
973 2654 1104 2706 θεὸν
1132 2653 1289 2705 τοῦτό
1320 2655 1435 2705 ἐστι
1471 2654 1563 2706 καὶ
1591 2652 1840 2721 γενέσθαι
1870 2653 1937 2706 τὰ

360 2749 640 2817 ποιήματα
659 2764 673 2777 ·
703 2748 804 2799 οὐκ
832 2748 945 2816 ἄρα
988 2745 1049 2798 τὸ
1092 2745 1349 2799 δύνασθαι
1377 2748 1555 2798 τεκεῖν
1579 2746 1668 2797 τὸν
1696 2746 1934 2815 Πατέρα,

357 2841 418 2892 τὸ
450 2835 592 2892 εἷναί
618 2842 741 2891 ἐστι
771 2839 866 2892 τοῦ
899 2838 1050 2903 Υῐοῦ,
1077 2838 1191 2891 ἀλλ’
1218 2838 1299 2890 ὅτι
1327 2839 1600 2908 γεννητῶς
1633 2838 1725 2890 καί
1752 2837 1812 2902 ἐξ
1838 2838 1936 2890 αὺ-

352 2929 450 2983 τοῦ
479 2931 622 2984 κατὰ
652 2932 813 2999 φύσιν
849 2932 999 2982 ἐστιν
1039 2930 1155 2999 ἅμα
1188 2931 1280 2982 καὶ
1314 2930 1581 2993 συναϊδιος
1601 2946 1613 2957 ·
1649 2929 1724 2994 ὡς
1750 2931 1815 2982 ὲκ
1838 2947 1937 2982 πυ-

362 3023 451 3091 ρὸς
480 3022 773 3092 Θερμότης,
803 3023 835 3093 ἢ
871 3022 968 3075 καὶ
996 3020 1055 3087 ἐξ
1087 3022 1279 3085 ἄνθους
1311 3021 1526 3075 εὐωδία.

1054 3134 1251 3187 ΑΛΛΟ.

435 3246 513 3301 Τὸ
546 3247 800 3300 δύνασθαι
825 3249 1015 3317 γεννᾷν
1050 3246 1205 3300 οὔπω
1233 3248 1331 3317 τὴν
1361 3247 1447 3300 ἐπ’
1480 3246 1627 3318 αὐτῷ
1658 3247 1936 3315 ἐνέργειαν

374 3337 649 3405 ἒχειΓΟτε
691 3339 797 3407 γάρ
837 3356 916 3401 τις
961 3340 1151 3404 τίκτει,
1180 3340 1300 3392 τότε
1342 3337 1437 3391 καὶ
1469 3340 1697 3409 ἐνεργεῖ.
1728 3337 1937 3391 Οὐκοῦν

364 3428 441 3480 οὗ
472 3427 534 3481 τὺ
574 3428 828 3481 δύνασθαι
865 3433 1040 3501 γεννᾷν
1072 3432 1163 3483 τὸν
1190 3431 1412 3499 Πατέρα
1440 3430 1498 3483 τὸ
1528 3426 1665 3483 εἷναί
1699 3432 1812 3483 ἑστι
1841 3429 1934 3483 τοῦ

370 3518 521 3584 Υιοῦ,
551 3519 669 3572 ἀλλ’
693 3519 754 3570 ἐκ
781 3518 873 3571 τοῦ
901 3515 1029 3572 εἶναι
1056 3519 1272 3591 Πατέρα
1299 3520 1389 3573 τὸν
1419 3519 1571 3584 Θεὸν,
1593 3520 1653 3571 τὸ
1681 3519 1739 3582 ἐξ
1769 3518 1935 3572 αὑτοῦ

360 3614 789 3673 συνεπινοεῒται,
813 3610 888 3663 διὸ
920 3611 1005 3663 καὶ
1034 3612 1226 3683 Πατήρ
1252 3612 1417 3663 ἐστιν.
1439 3611 1501 3663 Et
1535 3610 1589 3662 δὲ
1612 3611 1727 3678 ἅμα
1749 3608 1935 3679 Πατὴρ

354 3705 450 3756 καὶ
495 3703 649 3765 Θεὸς,
680 3702 799 3772 ἅμα
846 3703 934 3755 καὶ
984 3702 1131 3767 Υἱὸς,
1167 3702 1472 3773 συντρέχων
1500 3704 1565 3771 τῇ
1600 3700 1692 3753 τοῦ
1724 3699 1934 3769 Πατρὸς

355 3794 617 3862 ὰῖδιὸτητι
668 3794 764 3845 καὶ
798 3797 1290 3866 συνεκτεινόμενος,
1318 3793 1407 3846 ἵνα
1437 3791 1674 3862 σώζηται
1704 3789 1781 3860 τῷ
1808 3804 1932 3857 γεν-

346 3887 579 3953 νήσαντι
608 3883 672 3936 τὸ
706 3880 845 3938 εἶναι
878 3886 1119 3957 Πατέρα.

468 4087 668 4141 ΔΛΛΟ.
721 4086 815 4154 Ὠς
853 4086 923 4151 ἐξ
960 4086 1314 4151 ἀντιθέσεως
1350 4084 1470 4139 τῶν
1508 4084 1825 4152 Εὐνομίου.

428 4223 491 4275 ΕΞ
530 4222 651 4275 καθ’
681 4224 850 4293 ὑμᾶς,
880 4223 1035 4293 φησὶ,
1067 4224 1193 4285 τοὺς
1231 4220 1366 4292 ὀρθὰ
1412 4222 1626 4293 φρονεῖν
1677 4217 1932 4285 λέγοντας

362 4313 629 4375 ωναῖδιός
653 4315 804 4366 ἐστιν
828 4317 856 4365 ὁ
882 4313 1009 4377 Υἱὸς
1034 4311 1113 4383 τῷ
1146 4311 1343 4382 Πατρὶ,
1377 4310 1497 4363 οὐδέ
1523 4326 1653 4361 ποτε
1698 4309 1805 4375 ἄρα
1837 4304 1930 4373 γέ-

358 4421 514 4472 γονεν
548 4404 766 4475 ἐνεργὸς
796 4406 824 4456 ὁ
853 4406 1046 4476 Πατὴρ
1079 4403 1210 4474 περὶ
1241 4402 1301 4454 τὸ
1331 4402 1533 4453 τίκτειν
1558 4399 1737 4462 αὑτὸν,
1767 4398 1854 4449 ἀεὶ
1874 4395 1930 4448 δὲ

2043 585 2217 629 turam
2244 587 2328 631 est
2358 577 2521 632 illius.
2560 578 2754 636 Nostra
2789 596 2917 636 vero
2964 584 3017 636 in
3084 597 3143 637 se
3197 596 3498 644 assumens.
3551 599 3615 637 ac

2040 664 2202 719 veluti
2257 668 2396 721 servi
2425 667 2653 722 formam
2693 681 2927 740 gestans,
2972 686 3093 739 quae
3149 686 3424 727 servorum
3488 682 3612 727 sunt

2038 755 2138 809 sibi
2196 760 2652 824 accommodans,
2697 762 2823 813 dicit
2871 778 2884 813 :
2924 780 2943 811 ι
2989 763 3053 815 Ει
3105 764 3269 817 Deum
3324 778 3500 815 meum
3561 773 3616 816 et

2040 844 2209 899 Deum
2246 856 2501 900 vestrum.
2542 867 2560 900 ι
2594 849 2925 905 Naturaliter
2950 852 3132 923 itaque
3162 854 3306 908 illius
3329 853 3486 906 Pater
3507 865 3609 915 est,

2041 947 2225 991 uoster
2286 950 2462 992 autem
2534 941 2688 994 Deus.
2732 942 2795 995 Et
2845 945 3299 1014 quandoquidem,
3330 955 3389 999 ut
3457 946 3612 998 modo

2039 1028 2188 1093 dixi,
2222 1044 2318 1098 per
2359 1029 2555 1083 Filium
2588 1032 2710 1086 facti
2755 1049 2958 1097 sumus,
3000 1036 3227 1103 primum
3271 1046 3352 1089 est
3404 1034 3565 1088 Pater
3594 1072 3612 1099 ,

2039 1132 2103 1172 ac
2139 1120 2331 1175 deinde
2396 1120 2573 1187 Deus,
2632 1123 2877 1191 quamvis
2950 1124 3111 1178 simul
3170 1126 3608 1192 etconjunctim.

2390 1302 2618 1359 ALIUD.
2645 1301 2727 1357 Ex
2757 1303 3040 1372 objectione
3070 1303 3338 1358 Eunomii.

2109 1417 2466 1481 Corcterunm,
2498 1419 2690 1487 inquit,
2733 1419 2891 1471 etiam
2928 1432 3023 1471 nos
3065 1418 3208 1471 Patri
3260 1419 3452 1473 Filium
3493 1436 3611 1474 esse

2042 1510 2295 1571 fatemur,
2330 1520 2596 1577 quatenus
2629 1508 2942 1561 facultatem
2976 1508 3025 1559 in
3070 1523 3128 1561 se
3152 1509 3333 1562 habuit
3361 1512 3610 1579 gignendi

2038 1600 2200 1651 etiam
2251 1608 2535 1665 antequam
2561 1612 2682 1650 eum
2712 1597 2971 1665 gigneret.

2635 1822 2736 1894 41
2786 1822 3013 1878 Salutio.

2111 1935 2167 1988 Si
2218 1934 2444 1987 facultas
2483 1931 2774 2000 generandi
2828 1935 2931 1999 qu'a
2987 1931 3145 1985 Pater
3180 1931 3434 2000 praeditus
3471 1940 3609 1993 erat,

2039 2035 2362 2077 rea-ternum
2391 2023 2435 2074 ei
2469 2020 2664 2073 Filium
2699 2020 2846 2081 facit,
2879 2036 2983 2074 non
3023 2031 3199 2074 autem
3242 2021 3412 2089 ipsius
3445 2019 3607 2090 geniti

2040 2116 2343 2183 praesentia,
2378 2113 2505 2180 quid
2560 2112 2792 2165 obstabit
2849 2112 3137 2180 quominus
3174 2112 3438 2176 dicamus,
3484 2126 3607 2165 cum

2040 2205 2263 2259 facultas
2294 2202 2516 2257 creandi
2548 2201 2708 2256 fuerit
2738 2216 2951 2270 semper
2989 2203 3043 2256 in
3084 2204 3211 2267 Deo,
3246 2212 3525 2258 creaturas
3557 2205 3606 2259 ei

2038 2297 2200 2350 etiam
2239 2305 2537 2349 coarternas
2566 2292 2723 2348 esse?
2757 2291 2814 2347 Si
2855 2293 2998 2347 enim
3050 2293 3186 2347 nuda
3218 2294 3449 2349 facultas
3488 2310 3610 2363 per-

2041 2387 2324 2441 fectionem
2374 2386 2535 2440 rebus
2556 2383 2752 2458 .aﬂ‘ert,
2792 2395 2939 2439 certe
2989 2393 3251 2441 creaturae
3286 2387 3450 2439 etiam
3494 2386 3610 2440 fue-

2039 2479 2147 2531 rint
2186 2478 2500 2545 priusquam
2541 2475 2754 2530 ﬁereut.
2798 2476 2929 2529 Erat
2969 2476 3112 2530 enim
3146 2478 3197 2528 in
3239 2475 3496 2530 Creatore
3526 2479 3607 2529 fa-

2037 2569 2208 2621 cultas
2228 2583 2323 2621 eas
2350 2566 2601 2623 faciendi.
2632 2569 2697 2621 At
2725 2582 2853 2620 vero
2888 2568 2931 2621 si
2967 2568 3067 2622 hoc
3096 2569 3388 2623 absurdum
3415 2579 3521 2635 est,
3554 2579 3609 2623 et

2037 2674 2195 2729 posse
2228 2672 2415 2713 creare
2450 2659 2616 2713 Deum
2648 2673 2752 2712 non
2799 2670 2879 2713 est
2916 2674 3100 2713 creare
3134 2670 3415 2715 creaturas
3439 2678 3452 2717 :
3479 2676 3609 2732 ergo

2039 2767 2194 2819 posse
2218 2752 2439 2819 gignere
2470 2750 2702 2815 Patrem,
2737 2767 2841 2806 non
2885 2762 2969 2806 est
3001 2766 3123 2805 esse
3149 2751 3291 2817 Filii,
3334 2754 3426 2806 sed
3467 2752 3605 2819 quod

2038 2843 2373 2912 generative,
2405 2853 2456 2896 et
2485 2859 2548 2893 ex
2591 2844 2705 2908 ipso
2733 2845 3035 2899 secundum
3069 2855 3323 2897 naturam
3352 2859 3454 2897 una
3482 2860 3602 2897 cum

2038 2935 2154 3002 ipso
2183 2943 2267 2987 est
2310 2940 2367 2988 et
2404 2941 2727 2995 coaeternus,
2774 2932 2912 2988 sicut
2943 2948 3008 2987 ex
3048 2933 3168 3002 igne
3197 2935 3364 2998 calor,
3414 2945 3506 2989 aut
3536 2949 3603 2988 ex

2036 3021 2168 3078 ﬂore
2192 3022 2377 3077 suavis
2404 3023 2559 3078 odor.

2707 3133 2937 3188 ALIUD.

2107 3245 2349 3300 Potentia
2389 3247 2502 3300 sive
2538 3246 2762 3300 facultas
2802 3246 3094 3316 generandi
3132 3246 3365 3299 nondum
3404 3246 3604 3300 exserit

2036 3334 2328 3391 efﬁcaciam
2361 3350 2535 3390 suam.
2557 3335 2779 3399 Quando
2816 3336 2957 3390 enim
2982 3336 3103 3403 quis
3125 3336 3314 3405 gignit,
3348 3346 3457 3390 tum
3483 3347 3601 3392 actu

2037 3429 2221 3484 efficax
2272 3440 2373 3483 est.
2413 3428 2529 3483 Non
2563 3429 2726 3499 igitur
2765 3431 3004 3497 potentia
3059 3431 3311 3501 gignendi
3352 3432 3402 3483 in
3450 3432 3605 3488 Patre

2037 3530 2113 3573 est
2151 3520 2455 3574 substantia
2495 3519 2639 3584 Filii,
2669 3520 2762 3575 sed
2789 3535 2855 3574 ex
2884 3535 2949 3575 eo
2975 3524 3115 3590 quod
3148 3521 3309 3575 Pater
3335 3533 3414 3575 est
3445 3523 3602 3587 Deus,

2036 3612 2196 3665 etiam
2239 3613 2290 3665 id
2328 3613 2469 3681 quod
2498 3628 2566 3666 ex
2606 3627 2669 3667 eo
2709 3621 2816 3675 est,
2857 3613 3197 3683 intelligitur,
3236 3629 3332 3682 per
3374 3617 3515 3684 quod
3551 3625 3605 3669 et

2036 3703 2194 3757 Pater
2229 3713 2331 3756 est.
2370 3703 2425 3758 Si
2468 3713 2647 3758 autem
2692 3703 2852 3759 simul
2896 3715 3021 3759 sunt
3062 3704 3222 3759 Pater
3253 3716 3303 3760 et
3337 3707 3493 3769 Deus,
3533 3706 3605 3759 si-

2036 3792 2146 3844 ntul
2173 3806 2388 3860 quoque
2419 3801 2472 3846 et
2506 3792 2695 3859 Filius,
2730 3810 3060 3849 concurrens
3094 3811 3199 3848 una
3234 3812 3354 3849 eum
3388 3798 3604 3850 :eterni-

2035 3892 2142 3935 tate
2184 3881 2382 3955 Patris,
2418 3896 2631 3952 unaque
2666 3884 2981 3952 productus,
3038 3894 3096 3937 ut
3148 3898 3397 3938 servetur
3441 3887 3603 3940 Geni-

2035 3975 2135 4029 tori
2171 3987 2291 4029 esse
2317 3971 2550 4027 Patrem.

2330 4086 2573 4143 ALIUD.‘
2606 4085 2689 4142 Ea:
2711 4086 2998 4156 objectioue
3024 4084 3291 4139 Eunomii.

2104 4219 2160 4274 Si
2196 4236 2259 4275 ex
2295 4230 2497 4287 vestra,
2534 4222 2730 4290 inquit,
2760 4220 2848 4289 qui
2885 4235 2979 4274 vos
3006 4229 3151 4275 recte
3182 4221 3381 4273 sentire
3403 4220 3602 4285 dicitis,

2032 4311 2302 4365 sententia
2343 4322 2647 4366 coaeternus
2671 4321 2749 4364 est
2781 4309 2950 4364 Filius
2971 4311 3137 4375 Patri,
3172 4328 3442 4382 nunquam
3475 4327 3604 4365 Vct'O

2032 4402 2219 4458 eﬂicax
2258 4402 2371 4459 “fuit
2404 4402 2566 4458 Pater
2603 4404 2667 4457 ad
2709 4405 3029 4475 gignendum
3067 4408 3360 4474 ipsum,scd
3394 4421 3605 4475 semper

356 4495 547 4564 ἀργὸς,
588 4496 705 4559 πῶς
730 4493 824 4548 οὖν
856 4496 1116 4567 ἐγεννήθη
1140 4514 1154 4563 ;
1185 4496 1247 4548 Εἰ
1270 4494 1325 4546 δὲ
1348 4494 1568 4562 γέγονεν
1597 4491 1819 4561 ἐνεργὸς
1841 4489 1933 4542 καὶ

2036 4496 2260 4562 etiosus,
2323 4510 2428 4563 quo
2458 4506 2613 4564 pacto
2641 4511 2769 4564 ergo
2804 4498 3017 4565 genitus
3056 4499 3177 4551 est?
3214 4498 3270 4550 Si
3310 4509 3488 4550 autem
3525 4498 3605 4549 ef-

354 4583 563 4649 ἔτεκεν,
591 4586 765 4656 ἀρχὴν
797 4587 909 4653 ’ἐξει
943 4588 1159 4649 πάντως
1189 4584 1284 4639 τοῦ
1313 4580 1448 4639 εἶναι
1483 4585 1546 4636 τὸ
1578 4581 1856 4652 γεννηθέν.

839 4782 986 4851 Πρὸς
1031 4785 1208 4838 τοῦτο
1244 4786 1444 4848 λύσις.

424 4911 487 4962 ει
525 4911 623 4980 μὲν
656 4913 781 4984 περί
812 4932 957 4977 τινος
984 4917 1092 4969 τῶν
1125 4915 1507 4986 πεποιημένων
1535 4918 1561 4968 ὁ
1594 4914 1748 4981 λόγος
1777 4910 1866 4984 ἦν,
1886 4906 1930 4966 ὦ

347 4993 518 5066 οὗτοι,
550 5004 732 5067 καλῶς
768 5007 1005 5077 ε’ργάτην
1034 5010 1166 5078 ἡμῖν
1210 5008 1491 5078 εἰσφέρετε
1526 5010 1617 5060 τὴν
1657 5006 1807 5071 Θεὸν,
1836 5006 1931 5059 καὶ

342 5093 470 5161 οὐχὶ
500 5094 699 5163 μᾶλλον
729 5098 1049 5167 γεννήτορα.
1069 5099 1288 5171 Ἐπειδὴ
1316 5100 1373 5153 δὲ
1399 5100 1498 5153 οὐκ
1523 5100 1780 5170 ἐργασίαν
1809 5099 1930 5152 τινὰ

342 5185 677 5256 γεγενῆσθαι
723 5189 875 5259 παρὰ
924 5188 1014 5242 τοῦ
1063 5190 1274 5262 Πατρὸς
1324 5189 1690 5261 ὁμολογοῦμεν
1731 5192 1809 5252 εἰς
1840 5190 1929 5242 τὸν

300 5276 305 5281 ’
344 5276 478 5328 Υἱὸν
505 5277 853 5348 (γεγενῆσθαι
875 5279 984 5352 γὰρ
1005 5282 1167 5337 αὑτὸν
1190 5284 1254 5336 ὲκ
1278 5283 1376 5353 τῆς
1391 5281 1709 5347 οὐσίας,οὐκ
1734 5281 1929 5347 ἔξωθεν

338 5370 676 5439 τ-,εποιῆσϐαἱ
707 5372 943 5445 φαμεν),
978 5375 1092 5438 πῶς
1124 5377 1182 5428 οὺ
1216 5375 1511 5449 διαρρήδην
1538 5374 1930 5445 βλασφημεῖτε,

335 5461 597 5529 λέγοντες
630 5466 849 5538 ἐνεργὸν
890 5469 1218 5539 γεγενῆσθαι
1249 5487 1378 5525 ποτε
1418 5470 1508 5522 τὸν
1536 5468 1757 5535 Πατέρα
1804 5468 1929 5539 περὶ

335 5553 440 5623 τὴν
466 5554 723 5623 γέννησιν
746 5558 841 5610 τοῦ
866 5560 1017 5622 Υἱοῦ,
1045 5560 1237 5614 τοῦτον
1263 5562 1363 5613 οὐκ
1396 5560 1627 5632 ἐχούσης
1653 5560 1742 5611 τὸν
1767 5559 1928 5628 νόμον

337 5644 442 5712 τῆς
477 5648 785 5716 γεννήσεως
822 5651 940 5703 οὐδὲ
983 5653 1068 5719 ἐφ’
1102 5651 1294 5721 ήμῶν;
1324 5652 1403 5704 Τὰ
1439 5653 1535 5722 μὲν
1567 5651 1674 5721 γὰρ
1709 5650 1926 5716 ἔξωθεν,

316 5738 719 5808 ἐργαζόμεθα·
783 5744 1038 5815 τίκτομεν
1091 5744 1145 5796 δὲ
1206 5744 1271 5796 τὰ
1324 5744 1379 5811 ἐξ
1433 5746 1655 5799 ἑαυτῶν.
1720 5745 1928 5799 Οὐκοῦν

2036 4586 2169 4639 fieax
2220 4586 2319 4639 fuit
2354 4596 2408 4641 et
2459 4594 2579 4640 actu
2613 4588 2798 4655 genuit
2833 4603 2847 4640 :
2892 4602 3112 4642 necesse
3153 4588 3373 4641 omnino
3407 4596 3510 4648 est,
3547 4595 3607 4638 ut

2033 4677 2175 4731 uuod
2211 4677 2449 4747 genitum
2477 4687 2559 4733 est
2586 4678 2885 4732 exsistendi
2916 4678 3239 4746 principium
3280 4676 3493 4729 habeat.

2704 4788 2934 4845 Salutio.

2094 4926 2159 4979 «Si
2209 4927 2274 4980 de
2321 4937 2696 4981 creaturarum
2741 4928 2921 4997 aliqua
2967 4942 3146 4983 sermo
3183 4934 3342 4988 esset,
3381 4940 3413 4978 ο
3455 4924 3599 4989 boui,

2034 5027 2183 5074 recte
2212 5019 2461 5088 opiﬁcem
2503 5020 2659 5085 nobis
2689 5019 3017 5074 iuduceretis
3055 5017 3243 5080 Deum,
3281 5027 3338 5070 ct
3374 5033 3479 5071 non
3508 5032 3601 5085 ρο·
3684 5034 3687 5039 ·

2035 5110 2143 5165 tius
2192 5112 2510 5179 genitorem.
2553 5112 2819 5165 Caeterum
2863 5125 2986 5164 cum
3029 5125 3133 5164 non
3163 5125 3299 5180 opus
3337 5109 3602 5178 quoddam

2033 5200 2228 5255 Filium
2275 5216 2302 5254 a
2340 5201 2501 5255 Patre
2551 5201 2756 5256 factum
2800 5214 2921 5255 esse
2963 5200 3308 5269 proﬁteamur
3342 5198 3600 5268 (genitum

2031 5293 2175 5345 enim
2211 5293 2382 5360 ipsum
2426 5307 2493 5346 ex
2537 5293 2837 5347 substantia
2880 5291 3076 5354 Patris,
3120 5306 3225 5345 non
3262 5291 3604 5343 extrinsecus

2033 5380 2232 5433 factum
2290 5380 2580 5452 dicimus),
2625 5396 2735 5449 quo
2780 5389 2938 5449 pacto
2988 5395 3094 5433 non
3147 5378 3430 5433 manifeste
3486 5379 3603 5433 bla—

2032 5470 2239 5540 sphemi
2292 5471 2447 5532 estis,
2506 5472 2746 5525 dicentes
2799 5481 3136 5541 uperatorent
3193 5471 3484 5538 aliquando
3533 5470 3603 5522 fa-

2032 5572 2175 5615 ctum
2232 5562 2397 5616 fuisse
2432 5562 2645 5616 Patrem
2689 5565 2837 5618 circa
2870 5563 3271 5635 generationem
3306 5561 3448 5620 Filii.
3481 5575 3600 5613 cunt

2030 5656 2308 5719 generatio
2337 5654 2499 5709 etiam
2529 5655 2582 5709 in
2619 5656 2775 5710 nobis
2801 5657 2942 5712 hanc
2973 5656 3142 5725 legem
3178 5670 3282 5707 non
3317 5650 3602 5706 observet?

2030 5744 2137 5817 42
2171 5744 2475 5818 Operamur
2506 5748 2647 5805 enim
2684 5765 2802 5819 qua:
2825 5760 2980 5805 extra
3015 5762 3116 5802 nos
3145 5754 3268 5801 sunt
3294 5762 3305 5795 :
3335 5741 3599 5810 gignimus
