4110 6212
515 356 573 406 71
1486 356 1545 411 S.
1583 357 1857 412 CYRILLI
1899 356 2366 415 ALEXANDRINI
2406 362 2725 419 ARCHIEP.
3703 374 3771 431 ἸΞ

509 477 628 529 quae
664 477 726 514 ex
771 462 925 515 nobis
962 463 1113 532 ipsis.
1143 464 1278 518 Cum
1315 468 1476 535 igitur
1504 468 1673 523 Filius
1705 486 1809 522 non
1838 470 1909 522 sit
1933 466 2087 538 opus,

2195 471 2491 546 ἐπειδήπερ
2511 476 2611 530 οὑκ
2633 478 2793 547 ἔργον
2813 480 2962 532 ἐστὶν
2988 481 3017 531 ὁ
3046 479 3195 544 Υἱὸς,
3223 479 3467 550 γέννημα
3489 481 3544 534 δδ
3572 484 3772 551 μᾶλλον

509 556 600 608 sed
651 557 832 622 potius
870 557 1118 624 geniinen
1171 561 1360 613 a'tet'ni
1427 563 1625 627 Patris,
1664 573 1884 631 paterna
1929 564 2089 615 etiam

512 645 785 698 nobilitate
834 647 1093 715 praeditus
1142 651 1267 714 erit,
1325 659 1555 706 aeternus
1612 654 1881 707 exsisteus
1925 652 2092 707 Filius

512 744 566 786 tit
601 735 705 788 ille.

1176 848 1414 903 ALIUD.

580 958 655 1012 Ne
703 961 864 1015 nimis
920 962 1242 1016 eontentiosi
1295 979 1418 1018 esse
1464 965 1775 1029 videamur,
1833 969 2088 1025 dabimus

511 1050 752 1103 bustibus
787 1051 882 1104 Dei
926 1052 1233 1109 dicentibus
1264 1057 1495 1109 activam
1537 1072 1658 1111 esse
1689 1064 2086 1128 generationem

512 1139 653 1205 Filii,
707 1142 847 1209 quod
907 1157 1010 1196 non
1064 1159 1126 1198 ex
1176 1146 1429 1213 passione
1466 1150 1713 1216 genuerit
1755 1150 1933 1204 Pater.
1981 1150 2087 1205 Sed

507 1234 961 1299 quemadmodum
1014 1246 1095 1289 est
1153 1238 1352 1301 activa,
1392 1240 1460 1291 ita
1508 1241 1669 1294 etiam
1717 1245 1981 1299 naturalis
2035 1254 2088 1301 et

506 1324 829 1388 essentialis,
866 1336 917 1379 et
960 1327 1028 1379 ab
1064 1328 1343 1397 bypostasi
1388 1329 1505 1398 ejus
1548 1332 1940 1400 inseparabilis.
1986 1336 2087 1392 Ne-

408 1474 429 1489 t
506 1418 799 1469 ressarinm
854 1418 1017 1487 igitur
1058 1425 1281 1474 omnino
1324 1433 1427 1486 est,
1469 1426 1679 1478 tametsi
1725 1426 1884 1481 Pater
1913 1430 2086 1484 active

509 1507 700 1562 Filium
762 1520 1007 1578 generet,
1074 1527 1196 1567 esse
1241 1513 1402 1580 plane
1448 1527 1778 1571 coccternum
1832 1520 2083 1574 :dictum

505 1600 648 1651 enim
683 1610 767 1654 est
840 1602 1016 1669 ipsum
1051 1603 1275 1672 gignere
1305 1622 1332 1657 a
1375 1608 1593 1674 propria
1620 1608 1788 1677 ipsius
1812 1611 2085 1680 byposlasi

505 1693 742 1758 Separari
782 1708 885 1746 non
918 1709 1096 1763 posse.
1130 1696 1260 1750 Cum
1301 1712 1427 1752 vero
1456 1699 1569 1767 ejus
1592 1690 1916 1771 ltypostasis
1946 1721 2085 1759 sem-

506 1796 601 1847 per
633 1782 723 1847 sit,
771 1784 877 1837 erit
919 1784 1082 1838 etiam
1118 1802 1336 1857 semper
1370 1804 1436 1843 ex
1483 1802 1672 1847 natura
1702 1794 1868 1863 ipsius
1895 1812 2084 1864 proce-
2114 1827 2157 1882 Β

506 1876 638 1928 deus
676 1874 903 1930 fruetus.
941 1878 1219 1941 Quomodo
1266 1882 1431 1951 igitur
1476 1900 1579 1938 non
1625 1887 1729 1939 erit
1784 1899 2083 1943 coaeternus

509 1964 707 2020 Filius?

1178 2084 1413 2141 ALIUD.

579 2194 774 2250 Videre
819 2207 898 2252 est
937 2197 991 2251 iti
1032 2200 1098 2253 iis
1131 2214 1253 2268 qua;
1303 2215 1331 2252 a
1381 2200 1489 2254 Deo
1526 2212 1706 2255 creata
1748 2215 1896 2268 sunt,
1940 2208 2081 2277 quod

504 2304 840 2357 qumcunqne
907 2292 1197 2357 generandi
1261 2292 1571 2346 facultatem
1633 2298 1827 2362 partite
1888 2299 2109 2367 habent,

508 2381 643 2450 (haec
668 2382 811 2432 enim
842 2396 1128 2447 corporum
1168 2382 1250 2436 lex
1282 2386 1409 2451 est),
1453 2396 1507 2439 et
1541 2389 1756 2454 quando
1786 2388 1852 2439 ad
1881 2398 2081 2441 certam

503 2474 678 2526 aetatis
734 2486 1041 2527 mensuram
1098 2479 1464 2543 pervenerint,
1516 2489 1626 2531 tum
1683 2481 1911 2549 primum
1961 2491 2083 2536 actu

503 2580 765 2633 generare
791 2582 969 2636 posse,
1001 2578 1055 2619 ut
1084 2568 1270 2631 homo,
1301 2571 1516 2623 brutum
1557 2571 1777 2634 animal,
1807 2581 1862 2625 et
1880 2572 2081 2640 planta.

507 2657 631 2711 Iltec
680 2658 824 2711 enim
875 2673 995 2711 cum
1050 2660 1228 2713 adhuc
1268 2676 1431 2729 parva
1483 2662 1614 2727 sint,
1663 2678 1766 2715 non
1815 2664 2083 2732 gignunt:

506 2749 593 2803 ubi
632 2763 758 2803 vero
800 2750 1034 2819 perfecta
1067 2762 1200 2806 mtas
1238 2753 1489 2817 accessit,
1529 2754 1774 2823 gignunt.
1815 2756 1953 2821 Quid
1984 2758 2084 2827 igi-

506 2851 595 2895 tur
649 2841 923 2895 obstiterit
970 2846 1259 2912 quominus
1316 2845 1621 2897 substantia
1693 2844 1904 2908 Patris,
1962 2862 2083 2900 eum

505 2932 743 3002 perfecta
782 2934 871 2997 sit,
917 2936 1166 3003 genuerit
1217 2950 1279 2988 ex
1319 2950 1378 2988 se
1427 2937 1565 2989 citra
1609 2947 1819 3007 tempus
1862 2948 2085 2992 comter-

506 3041 631 3078 num
675 3024 775 3080 sibi
814 3026 1108 3092 genimen?
1148 3025 1331 3095 Neque
1370 3027 1513 3080 enim
1561 3029 1843 3097 quisquam
1890 3030 2086 3083 dixerit

504 3118 861 3171 substantiam
896 3119 990 3173 Dei
1022 3117 1319 3188 perfectam
1357 3120 1409 3172 in
1458 3128 1699 3189 tempore
1732 3120 1898 3176 fuisse
1921 3140 1932 3175 :
1959 3138 2080 3177 cum

503 3224 719 3279 semper
766 3211 955 3269 eodem
1000 3212 1160 3265 modo
1208 3226 1268 3265 se
1306 3196 1523 3277 itabeat,
1576 3227 1751 3281 neque
1795 3224 2083 3279 augmento

505 3303 613 3357 ullo
641 3316 816 3373 egeat,
859 3318 1033 3373 neque
1074 3304 1244 3358 minui
1286 3303 1392 3357 ulla
1437 3304 1648 3358 ratione
1685 3306 1874 3371 possit.
1912 3303 2086 3374 Opor-

505 3397 605 3449 tttit
641 3395 826 3465 itaque
875 3396 1131 3450 dettiil‘ltt’i
1164 3410 1257 3450 eos
1305 3395 1408 3448 nisi
1453 3405 1779 3449 comterttunt
1816 3405 1935 3449 erat
1977 3396 2086 3451 Deo

507 3492 556 3543 id
592 3492 733 3559 quod
776 3504 842 3544 ex
875 3504 938 3543 eo
965 3490 1232 3558 procedit,
1280 3505 1388 3542 non
1433 3504 1497 3544 ex
1532 3488 1822 3543 contrariis
1857 3489 2087 3544 interro-

504 3598 634 3651 gare
664 3583 817 3646 illttd,
862 3582 1089 3647 Quando
1114 3583 1301 3650 genuit
1332 3579 1565 3635 Filium?
1594 3581 1738 3634 Patri
1768 3582 1910 3635 enim
1946 3597 2085 3635 sent-

507 3689 601 3741 per
635 3672 908 3742 perl'eCto,
944 3673 1517 3728 convenientissimum
1557 3682 1640 3728 est
1678 3674 1745 3728 ab
1774 3683 1977 3729 aeterno
2016 3675 2087 3730 ci-

509 3781 587 3821 ira
614 3777 828 3838 tempus
854 3783 1137 3841 generare.

1177 3881 1410 3939 ALIUD.

574 3998 979 4053 Contentiosius
1040 4012 1169 4052 vero
1233 3998 1695 4066 interrogantibus
1744 4014 1757 4048 :
1804 3997 1883 4049 An
1929 3995 2089 4051 Pater

503 4093 798 4161 aliquando
833 4093 1086 4161 genuerit
1123 4087 1343 4153 Filium,
1386 4090 1546 4155 objiei
1587 4097 1782 4157 potest,
1823 4104 1886 4141 ac
1928 4088 2032 4141 dici
2070 4106 2083 4141 :

506 4183 730 4250 Quando
760 4184 899 4250 ignis
928 4195 1088 4235 urere
1118 4180 1366 4249 emperit.
1411 4178 1517 4234 Sed
1552 4194 1660 4233 non
1699 4189 1950 4248 poterunt
1983 4179 2084 4232 ltu-

505 4276 591 4344 jus
638 4275 847 4327 ittitiuut
902 4280 1208 4326 monstrare
1238 4290 1251 4326 :
1285 4271 1444 4326 simul
1498 4286 1562 4325 ac
1604 4272 1747 4325 enim
1789 4272 1961 4324 lactus
2004 4280 2090 4323 est

510 4363 670 4431 ignis,
711 4363 899 4416 urendi
936 4360 1162 4415 facultas
1193 4361 1240 4415 ei
1278 4361 1461 4415 infuit.
1507 4360 1564 4414 Si
1603 4374 1735 4429 ergo
1764 4359 2029 4414 creaturis
2053 4374 2085 4412 a

513 4454 618 4508 Deo
652 4454 807 4507 iactis
836 4462 892 4507 et
924 4467 1066 4517 esse,
1103 4461 1156 4506 et
1186 4467 1250 4506 eo
1280 4454 1438 4506 modo
1468 4467 1590 4507 esse
1611 4456 1770 4516 inest,
1801 4447 1929 4520 quid
1957 4466 2084 4521 pro-

2193 564 2366 618 ἀϊδίου
2402 567 2635 637 Πατρδς,
2667 568 2779 633 ἕξει
2816 569 3017 640 δηλαδὴ
3051 567 3144 622 τοῦ
3174 569 3424 633 τεκόντος
3467 573 3567 641 τὴν
3614 574 3772 641 ιὺγέ-

2192 675 2361 723 νειαν,
2396 660 2567 724 ἀΐδιος
2596 661 2672 714 ὢν
2702 661 2777 725 ὡς
2806 664 3029 725 ἐκεῖνος.

2875 861 3082 914 ΑΛΛΟ.

2263 967 2379 1021 Ἵνα
2426 968 2501 1039 μὴ
2551 972 2752 1042 σφόδρα
2808 974 3099 1041 φιλόνεικοί
3129 996 3271 1043 τινες
3314 976 3453 1034 εἶναι
3503 982 3770 1056 δοκῶμεν,

2192 1059 2571 1131 σννθησόμεθα
2620 1068 2732 1127 τοῖς
2781 1070 3170 1141 χριστομάχοις
3225 1074 3581 1147 ἐνεργητικὴν
3631 1073 3771 1132 εἶναι

2188 1152 2405 1220 λέγουσι
2434 1154 2531 1226 τὴν
2561 1158 2811 1228 γέννησιν
2840 1161 2932 1213 τοῦ
2969 1162 3119 1226 Υἱοῦ,
3155 1164 3241 1219 διὰ
3279 1167 3339 1219 τὸ
3373 1167 3447 1239 μὴ
3477 1171 3539 1222 ὲκ
3566 1170 3771 1235 πάθους

2187 1246 2467 1298 τετοκέναι
2493 1248 2583 1300 τὸν
2606 1250 2845 1320 Πατέρα.
2865 1252 3003 1305 Ἀλλ’
3028 1254 3217 1327 ὥσπερ
3243 1257 3389 1309 ἐστὶν
3418 1261 3768 1333 ὲνεργητικὴ,

2187 1337 2328 1391 οὕτω
2356 1339 2418 1409 δὴ
2447 1343 2649 1413 φυσική
2677 1360 2735 1395 τε
2758 1344 2850 1396 καὶ
2880 1344 3163 1415 οὑσιὼδης,
3184 1350 3277 1400 καὶ
3300 1350 3397 1419 τῆς
3420 1352 3770 1415 ὑποστάσεως

2188 1426 2768 1500 ἀχώριστος.Ἀνάγκη
2810 1435 3117 1503 τοιγαροῦν,
3152 1436 3254 1489 κᾶν
3305 1437 3438 1509 τέκῃ
3500 1439 3591 1493 τὸν
3646 1441 3769 1495 Υίδν

2187 1521 2555 1592 ἐνεργητικῶς
2585 1525 2614 1575 ό
2646 1523 2851 1595 Πατὴρ,
2881 1520 3019 1578 εἶναι
3046 1529 3260 1590 πάντως
3282 1530 3441 1583 αὑτὸν
3469 1533 3764 1585 πναῖδιον·

2189 1613 2513 1684 προείρηται
2542 1617 2650 1685 γὰρ
2683 1615 2765 1667 ὅτι
2787 1616 2888 1686 τῆς
2920 1618 3057 1681 ίδίας
3089 1620 3437 1681 ὑποστάσεως
3465 1623 3769 1693 ἀχώριστον

2188 1708 2299 1777 ἔχει
2322 1708 2381 1761 τὸ
2405 1709 2630 1761 τίκτειν.
2660 1708 2840 1779 Οὑσης
2869 1710 2923 1762 δὲ
2952 1712 3038 1763 ἀεὶ
3064 1712 3165 1781 τῆς
3196 1714 3547 1778 ὑποστάσεως
3578 1718 3765 1781 αὑτοῦ,

2189 1799 2325 1855 εἶναι
2363 1802 2444 1855 δεῖ
2475 1804 2687 1865 πάντως
2716 1803 2810 1855 καὶ
2849 1802 2910 1855 τὸ
2955 1803 3014 1868 ἐξ
3054 1805 3224 1877 αὑτῆς
3262 1808 3523 1877 προελθὸν
3554 1810 3767 1878 φύσεως

2189 1895 2433 1965 ὑπάρχον
2480 1895 2712 1967 καρπός.
2745 1896 2868 1960 Πῶς
2921 1892 3014 1949 οὗν
3068 1898 3167 1951 οὑκ
3222 1898 3373 1952 ἔσται
3427 1902 3691 1963 συναῖδιος
3737 1906 3766 1955 ό

2186 1989 2312 2053 Υἱός
2333 2007 2347 2053 ;

2866 2104 3072 2158 ΑΛΛΟ.

2269 2212 2514 2286 Ὀρῶμεν
2542 2217 2598 2267 ὲν
2626 2217 2735 2279 τοῖς
2767 2218 3156 2288 πεποιημένοις
3199 2220 3348 2291 παρὰ
3387 2218 3544 2285 Θεοῦ,
3574 2223 3766 2294 ὅτιπερ

2183 2309 2283 2361 ὅσα
2317 2307 2412 2361 τοῦ
2441 2312 2635 2379 γεννᾷν
2667 2310 2765 2381 τὴν
2796 2311 3023 2381 δύναμιν
3051 2312 3162 2382 ἔχει
3199 2315 3615 2385 μεμερισμένως
3645 2310 3767 2385 (οὗ-

2185 2418 2274 2463 τος
2307 2402 2417 2471 γὰρ
2466 2402 2733 2472 σωμάτων
2773 2403 2976 2474 νόμος).
3014 2405 3109 2458 καὶ
3152 2406 3276 2458 ὅταν
3308 2408 3386 2468 είς
3420 2407 3616 2476 μέτρον
3647 2406 3767 2475 ἡλι-

2186 2494 2309 2558 κίας
2336 2494 2465 2566 ἔλθῃ
2493 2494 2743 2566 φανερὸν,
2768 2496 2887 2548 τότε
2920 2496 3013 2549 καὶ
3037 2497 3257 2568 ἐνεργὸν
3286 2499 3423 2568 ίσχει
3450 2496 3511 2550 τὸ
3540 2497 3765 2560 τίκτειν,

2185 2579 2295 2637 οἷον
2324 2585 2625 2657 ἄνθρωπος,
2655 2585 2794 2650 ζῶον
2843 2587 3055 2653 ἄλογον,
3085 2588 3176 2639 καὶ
3224 2588 3404 2656 φυτόν.
3438 2586 3620 2639 Ταῦτα
3660 2588 3767 2657 γὰρ

2190 2677 2361 2747 μικρὰ
2389 2677 2537 2739 ὂντα,
2571 2679 2777 2731 τίκτειν
2808 2680 2867 2731 οὑ
2899 2679 3157 2732 δύναται·
3186 2679 3535 2749 τελειούμενα
3567 2679 3643 2744 δὲ,
3674 2681 3769 2733 καὶ

2185 2768 2343 2822 τοῦτο
2378 2774 2540 2825 ποιεῖ.
2573 2771 2638 2822 Τί
2662 2768 2754 2825 οὖν
2780 2772 2982 2824 ἐκώλυε
3008 2772 3215 2825 τελείαν
3259 2768 3423 2826 οὖσαν
3451 2771 3547 2843 τὴν
3581 2771 3767 2825 οὑσίαν

2184 2860 2279 2913 τοῦ
2304 2862 2514 2931 Πατρδς
2534 2863 2738 2916 τίκτειν
2762 2863 2821 2916 τὸ
2843 2864 2901 2929 ἐξ
2932 2866 3102 2936 αὑτῆς
3125 2866 3368 2935 ἀχρόνως
3397 2866 3470 2928 ὡς
3501 2864 3763 2917 συναῖδιον

2187 2954 2353 3024 αὑτῇς
2410 2956 2483 3007 Οὑ
2518 2955 2627 3026 γὰρ
2656 2956 2824 3028 δήπου
2858 2959 3080 3027 φήσειεν
3107 2960 3171 3012 ἄν
3196 2977 3279 3021 τις
3311 2959 3386 3022 ὡς
3415 2961 3471 3013 ὲν
3500 2959 3674 3030 χρόνῳ
3703 2957 3765 3009 τδ

2132 3096 2133 3099 η
2186 3045 2387 3098 τέλειον
2442 3046 2597 3117 ἔσχεν
2648 3051 2679 3119 ὴ
2737 3048 2830 3102 τοῦ
2882 3050 3094 3120 Πατρὸς
3144 3050 3323 3114 οὐσία,
3367 3052 3454 3103 ἀεὶ
3506 3050 3766 3113 ὡσαύτως

2110 3163 2155 3224 C

2187 3138 2404 3209 ἔχουσα,
2454 3141 2546 3192 καὶ
2597 3140 2721 3193 οὔτε
2782 3142 3096 3211 προσθήκης
3145 3143 3289 3205 τινὸς
3342 3142 3590 3211 δεομένη,
3645 3141 3769 3195 οὔτε

2193 3228 2417 3298 μείωσιν
2470 3231 2769 3301 ὑποστῆναι
2821 3233 3270 3303 δυναμένη.“Εδει
3308 3233 3598 3302 τοιγαροῦν
3628 3235 3769 3286 ἀπο-

2190 3319 2486 3389 θαυμάζειν
2520 3322 2737 3387 αὑτοὺς,
2772 3324 2820 3375 εί
2852 3324 2925 3394 μὴ
2972 3323 3237 3377 συναῖδιον
3270 3317 3338 3394 ἦν
3367 3323 3445 3393 τῷ
3472 3322 3592 3392 Θεῷ
3619 3322 3680 3374 τὸ
3710 3324 3771 3391 ἐξ

2187 3411 2376 3474 αὑτοῦ,
2405 3414 2505 3466 οὑκ
2534 3415 2597 3467 ἐκ
2631 3415 2740 3469 τῶν
2779 3417 3036 3470 ἐναντίων
3074 3418 3358 3487 ἐπερωτᾷν
3399 3415 3481 3480 τὸ,
3511 3415 3648 3467 Πότε
3675 3432 3772 3483 γε-

2188 3506 2418 3575 γέννηκε
2448 3508 2538 3560 τὸν
2568 3509 2723 3572 Υἱόν;
2755 3510 2844 3581 Τῷ
2875 3511 2984 3581 γὰρ
3014 3510 3100 3563 ἀεὶ
3134 3510 3325 3580 τελείῳ
3358 3508 3534 3579 Πατρὶ
3560 3507 3619 3561 τὸ
3645 3525 3771 3576 γενη-

2189 3597 2285 3667 νᾷν
2312 3598 2556 3669 ἀχρόνως
2585 3600 3056 3671 πρεπωδέστατον.

2872 3882 3075 3936 ΑΔΛΟ.

2262 3997 2385 4060 Τοῖς
2417 3995 2713 4067 διερωτῶσι
2748 3995 3196 4068 φιλονεικώτερον
3218 4038 3232 4061 ,
3271 3997 3497 4067 πότερόν
3526 4018 3653 4054 ποτε
3674 4018 3770 4069 γε-

2189 4090 2419 4160 γέννηκε
2446 4089 2538 4141 τὸν
2578 4089 2704 4141 Υίὸν
2738 4092 2765 4141 ὁ
2794 4088 3001 4161 Πατὴρ,
3034 4089 3323 4143 ἀκόλουθον
3352 4091 3646 4146 ἀντιθεῖναι
3678 4097 3772 4146 καὶ

2188 4180 2398 4249 λέγειν·
2437 4182 2570 4234 Πότε
2616 4181 2676 4234 τὸ
2727 4181 2837 4252 πῦρ
2875 4181 2970 4235 τοῦ
3019 4182 3190 4236 καίειν
3225 4182 3460 4252 fmina;
3504 4184 3642 4236 ’.ἁλλ’
3676 4188 3770 4252 οὑχ

2191 4277 2482 4346 εὑρήσουσι
2534 4275 2700 4339 δεῖξαι
2735 4275 2945 4347 ,τούτου
2999 4275 3098 4345 τὴν
3136 4275 3340 4345 ἀρχὴνο
3397 4276 3511 4345 ἅμα
3553 4294 3612 4329 τε
3666 4279 3772 4350 γὰρ

2190 4369 2405 4436 ἐγένετο
2437 4368 2568 4439 πῦρ,
2601 4371 2694 4422 καὶ
2735 4364 2804 4439 ἦν
2834 4368 3143 4422 καυστικόν.
3178 4368 3239 4419 Et
3264 4368 3441 4420 τοίνυν
3470 4371 3579 4431 τοῖς
3626 4387 3773 4440 παρα

2191 4460 2324 4513 Θεοῦ
2360 4462 2743 4532 πεποιημένοις
2771 4461 2905 4531 ὁμοῦ
2942 4461 3035 4514 καὶ
3064 4461 3124 4513 τὸ
3150 4456 3289 4514 εἶναι
3320 4461 3413 4514 καὶ
3444 4460 3665 4514 τοιῶσδε
3698 4458 3773 4512 εἷ-

511 4547 715 4602 bibebit
762 4547 1055 4617 quominus
1112 4547 1377 4601 fateamur
1405 4543 1623 4599 Patrem
1673 4546 1929 4613 operibus
1973 4547 2087 4599 suis

2193 4569 2279 4604 ναι
2311 4552 2567 4623 ὑπάρχει,
2598 4552 2651 4603 τί
2700 4552 2931 4604 κωλύσει
2967 4549 3187 4621 μείζονα
3216 4551 3324 4604 τῶν
3351 4553 3567 4604 οἰκείων
3599 4554 3773 4623 ἔργων

511 4642 765 4710 majorem
823 4656 965 4704 esse,
1025 4640 1293 4709 simulque
1350 4650 1404 4693 et
1452 4654 1600 4704 esre,
1660 4636 1963 4706 Filiumque
2020 4653 2087 4691 ex

480 4762 483 4765 -
506 4737 683 4805 si-ipso
713 4736 952 4805 genitum
992 4732 1227 4788 habere?

874 4884 1448 4976 ASSERTIO
1536 4888 1692 4977 Vl.

508 5036 611 5109 Q3
637 5037 787 5100 Quod
814 5036 977 5089 Pater
998 5039 1127 5089 citra
1154 5033 1458 5109 divisionem
1476 5044 1524 5109 et
1538 5034 1681 5109 citra
1703 5039 2089 5105 corruptionem

895 5122 957 5160 ex
1005 5109 1173 5175 seipse
1206 5106 1439 5174 genuerit
1476 5102 1697 5158 Filium.

968 5219 1202 5287 Objectio
1239 5235 1304 5274 ex
1344 5218 1627 5271 Eunomia.

579 5334 648 5388 At
679 5334 970 5403 quomodo,
1007 5335 1204 5403 inquit,
1258 5349 1363 5388 non
1401 5333 1561 5388 fuerit
1605 5335 1966 5389 necessarium
2010 5334 2090 5388 fa-

508 5427 609 5480 teri
644 5428 960 5480 diminutatn
1008 5442 1127 5483 esse
1170 5426 1348 5481 Patris
1397 5428 1784 5489 substantiam,
1822 5428 1864 5479 si
1914 5444 1981 5481 ex
2023 5442 2085 5480 ea

510 5516 770 5585 processit
801 5513 969 5569 Filius
990 5518 1141 5585 quasi
1184 5533 1311 5586 pars
1346 5518 1590 5585 qumtlatn
1626 5515 1743 5583 ejus
1776 5518 2087 5571 exsistens?

510 5613 565 5665 Si
603 5622 782 5664 autem
808 5609 968 5663 vultis
997 5609 1146 5664 Patri
1175 5610 1667 5664 intututabilitatem
1696 5625 1934 5673 servare,
1970 5611 2086 5662 titil-

512 5707 653 5775 lique
711 5704 1071 5758 numittutioni
1138 5702 1431 5757 obnoxium
1501 5713 1776 5766 statuere,
1846 5704 2085 5757 fatemini

506 5800 670 5855 etiam
721 5795 913 5850 Filium
971 5812 1073 5851 non
1126 5809 1246 5851 esse
1302 5801 1513 5863 partem
1573 5796 1889 5851 substantiae
1943 5796 2081 5859 eius,

2189 4639 2471 4710 ὁμολογεῖν
2500 4636 2636 4692 εἶναι
2681 4640 2771 4693 τὸν
2822 4642 3057 4710 Πατέρα.
3088 4638 3224 4707 ὁμοῦ
3276 4640 3369 4693 καὶ
3398 4640 3457 4693 τὸ
3488 4636 3643 4704 εἶναι,
3684 4640 3774 4692 καὶ

2190 4731 2281 4783 τὸν
2316 4732 2443 4784 Υίὸν
2470 4731 2661 4800 ἔχοντα
2692 4731 2966 4801 γεννητῶς
2996 4730 3053 4796 ἐξ
3081 4729 3312 4797 έαυτοῦ;

2690 4875 3055 4960 ΛΟΓΟΣ
3129 4872 3269 4970 C1".

2193 5037 2317 5087 Ὀτι
2351 5039 2383 5087 ό
2399 5033 2601 5101 Πατὴρ
2629 5034 2964 5102 ἀμερίστως
2992 5032 3089 5086 καὶ
3121 5034 3429 5102 ἀρεύστως
3447 5036 3774 5103 ἐγέννησεν

2642 5106 2710 5169 ἐξ
2753 5105 2973 5158 ἑαυτοῦ
3009 5106 3117 5158 τὸν
3167 5106 3321 5160 ΥΙόν.

2462 5222 2789 5287 Ἀντίθεσις
2825 5223 2906 5286 ὡς
2942 5221 3010 5273 ἐκ
3050 5220 3169 5273 τῶν
3201 5218 3514 5286 Εὐνομίου.

2264 5335 2373 5387 Καὶ
2407 5335 2544 5400 πῶς,
2576 5336 2759 5406 φησὶν,
2793 5336 2893 5387 οὑκ
2939 5336 3237 5403 ἀναγκαῖον
3284 5331 3567 5402 ὁμολογεῖν
3613 5333 3760 5402 ἠλατ-

2190 5426 2397 5480 τῶσθαι
2426 5427 2519 5480 τοῦ
2545 5427 2757 5496 Πατρὺς
2784 5427 2879 5496 τὴν
2901 5427 3112 5493 οὑσίαν,
3150 5425 3308 5495 εἴπερ
3355 5421 3415 5489 ἐξ
3444 5425 3614 5495 αὑτῆς
3642 5441 3767 5497 προ⁸

2189 5518 2353 5588 ἦλθεν
2385 5522 2413 5571 ὁ
2442 5519 2570 5581 Υἱὸς
2596 5520 2762 5589 μέρος
2790 5517 2979 5590 ὥσπερ
3004 5536 3055 5571 τι
3088 5516 3373 5586 τυγχάνων
3397 5516 3595 5585 αὑτῆςς
3632 5515 3693 5567 Et
3720 5513 3774 5566 δὲ

2194 5609 2445 5681 βούλεσθε
2492 5609 2553 5661 τὸ
2596 5610 2864 5679 ἄτρεπτον
2897 5612 3083 5684 τηρεῖν
3114 5607 3190 5678 τῷ
3230 5608 3406 5679 Πατρὶ
3448 5607 3542 5660 καὶ
3573 5607 3635 5660 τὸ
3668 5607 3778 5660 ἄνω

2194 5701 2401 5755 κεῖσθαι
2438 5702 2536 5772 τῆς
2585 5703 2953 5767 ἐλαττώσεως,
3007 5702 3068 5755 οὑ
3110 5697 3512 5771 παραιτήσεσθε
3563 5699 3776 5768 φρονεῖν

2190 5798 2263 5860 ὡς
2308 5798 2406 5849 οὑκ
2438 5798 2502 5850 ἂν
2532 5798 2615 5859 εἴη
2667 5797 2828 5866 μέρος
2858 5798 2886 5848 ὁ
2914 5794 3038 5855 Υίιις
3073 5792 3171 5855 τ’ἦς
3204 5791 3391 5853 οὑσίας
3439 5788 3625 5846 αὑτοῦ.
3657 5787 3777 5840 οὐδὲ
