4110 6212
325 334 405 395 325
1748 308 2188 371 TllESAURUS.
3527 307 3591 363 74

334 449 399 515 ιε
433 444 624 508 αὑτοῦ,
665 441 779 495 ἀλλ’
814 439 1036 506 ἔξωθεν,
1066 436 1318 491 καὶκατὰ
1340 435 1564 506 δύναμιν
1592 432 1688 504 τὴν
1714 406 1777 487 ὲν.
1803 433 1921 502 βου-

2039 444 2199 498 neque
2238 444 2303 483 ex
2335 427 2451 496 ipso
2481 440 2621 490 esse,
2676 425 2767 478 sed
2812 425 3152 478 extrinsecus
3197 430 3251 476 et
3297 422 3590 481 secundum

332 541 493 609 λήσει
531 537 665 606 μόνη
692 533 790 602 τὴν
825 529 1155 601 συνύπαρξιν
1185 529 1317 598 ἔχει.

826 750 982 817 Πρὸς
1020 745 1193 800 τοῦτο
1230 746 1431 809 λύσις.

406 864 649 934 Μικρὸν,
684 855 731 913 ὦ
757 860 1025 931 βέλτιστε,
1064 857 1258 911 σαυτὸν
1285 858 1397 911 ἄνω
1428 856 1694 923 σωμάτων
1718 854 1807 924 ἔχε
1829 857 1919 906 καὶ

327 958 437 1010 τῶν
470 957 606 1027 περὶ
634 956 704 1008 τὰ
731 953 959 1021 σώματα
988 950 1206 1004 παθῶνο
1239 949 1365 1019 περὶ
1392 948 1526 1000 Θεοῦ
1561 948 1668 1016 γὰρ
1692 948 1719 998 ὁ
1741 946 1918 1013 λόγος.

330 1052 391 1102 EE
440 1048 558 1117 γὰρ
605 1046 707 1099 οίει
756 1043 1007 1117 καθάπερ
1038 1039 1323 1110 ἄνθρωπον
1355 1038 1603 1090 τίκτοντα
1647 1035 1738 1089 τὸν
1788 1034 1921 1088 Θεὸν

330 1116 689 1193 ἐλαττοῦσθαί
719 1152 831 1197 πως
859 1116 977 1196 ταῖς
1008 1131 1348 1203 ἀπορῤοίαις,
1391 1129 1485 1182 καὶ
1510 1129 1632 1198 δίχα
1663 1129 1806 1191 τινὸς
1829 1128 1923 1197 ζη-

336 1231 466 1301 μίας
507 1228 585 1298 μὴ
626 1224 888 1279 δύνασθαι
931 1218 1089 1276 τοῦτο
1117 1224 1313 1285 ποιεῖν,
1349 1220 1703 1292 μεριζόμενον
1734 1219 1922 1289 ὥσπερ

335 1324 416 1384 εἰς
447 1321 546 1372 τὸν
575 1319 638 1382 ἐξ
662 1318 822 1370 αὑτοῦ
868 1314 1201 1385 προελθόντα
1244 1312 1438 1380 Λόγον,
1462 1312 1515 1364 τί
1558 1309 1797 1363 κωλύσαι
1826 1309 1923 1380 τὴν

340 1411 515 1481 αὑτὴν
564 1411 856 1476 ἐπαγαγεῖν
904 1404 1275 1476 βλασφημίαν,
1306 1403 1398 1455 καὶ
1450 1402 1545 1453 ἐπὶ
1587 1404 1698 1462 τοῖς
1745 1399 1925 1460 ἄλλοις

339 1506 513 1559 ἅπασι
570 1505 685 1564 τοῖς
733 1499 1028 1571 προσοῦσιν
1074 1496 1254 1566 αὐτῷ;
1300 1496 1361 1548 Et
1394 1493 1503 1564 γὰρ
1531 1493 1605 1555 ὡς
1639 1491 1926 1561 ἄνθρωπος

338 1597 509 1647 τίκτει
542 1592 803 1663 ῥευστῶς,
834 1589 1227 1661 δημιουργήσει
1252 1586 1346 1638 καὶ
1373 1584 1448 1647 ὡς
1477 1582 1760 1652 ἅνθρωπος
1787 1579 1926 1650 μετὰ

346 1688 525 1738 πόνου.
556 1685 618 1736 Ei
665 1683 723 1735 δὲ
756 1682 913 1735 τοῦτο
940 1682 1141 1734 ἄτοπον
1178 1678 1276 1745 (οὐ
1305 1676 1412 1745 γὰρ
1464 1674 1539 1735 ὡς
1582 1672 1866 1743 ἄνθρωπος
1897 1672 1925 1722 ὁ

2021 521 2330 575 facultatem
2394 521 2507 572 sive
2551 517 2841 585 potentiam
2884 532 3003 584 qua:
3052 515 3106 569 in
3156 513 3270 567 sola
3322 511 3593 566 voluntate

2018 624 2118 677 est,
2151 610 2501 667 coexsistere.

2506 745 2727 816 [Salutio
2763 746 3083 816 objectionis.

2092 861 2254 916 Paulo
2285 860 2468 923 altius,
2514 859 2655 913 bone
2687 860 2792 921 vir,
2834 872 2994 924 supra
3041 872 3267 926 corpora
3304 867 3599 923 eorumque

2021 953 2335 1007 atfectiones
2362 958 2597 1004 mentem
2628 949 2817 1003 attolle
2852 967 2864 1001 :
2895 948 2959 1002 de
2992 948 3099 1001 Deo
3132 949 3273 1001 enim
3307 950 3363 1000 lit
3395 961 3596 1000 sermo.

2023 1043 2080 1098 Si
2110 1043 2253 1097 enim
2289 1057 2481 1096 censes
2516 1040 2627 1095 Deo
2659 1040 2884 1108 perinde
2922 1049 3084 1107 atque
3116 1038 3316 1091 homini
3349 1038 3401 1090 in
3434 1052 3598 1106 gene-

2024 1136 2195 1190 rando
2226 1134 2426 1202 aliquid
2458 1134 2747 1198 decedere,
2795 1147 2972 1200 neque
3002 1132 3053 1184 id
3094 1130 3272 1184 facere
3307 1145 3462 1197 posse
3495 1128 3599 1182 nisi

2024 1227 2225 1296 aliquid
2246 1227 2321 1281 illi
2345 1228 2621 1295 depereat,
2658 1227 2731 1280 ita
2758 1236 2816 1279 ut
2844 1224 3237 1293 quodammodo
3262 1224 3314 1277 in
3344 1223 3600 1287 Verbum,

2025 1321 2167 1388 quod
2199 1333 2264 1373 ex
2296 1320 2409 1386 ipso
2431 1317 2693 1386 procedit,
2720 1314 3153 1384 dividatur,quid
3174 1315 3444 1369 obstiterit
3465 1329 3603 1383 quo-

2028 1409 2206 1463 minus
2237 1409 2483 1463 eamdem
2512 1406 2901 1477 blasphemiam
2942 1406 3009 1459 ad
3052 1406 3287 1474 reliquas
3326 1405 3443 1474 ejus
3476 1419 3603 1473 pro-

2026 1502 2283 1570 prietates
2315 1498 2830 1556 accommodemus?
2877 1497 2934 1552 Si
2978 1498 3122 1553 enim
3153 1513 3248 1566 per
3281 1495 3480 1550 ﬂuxum
3525 1496 3605 1564 gi-

2026 1594 2141 1661 gnit
2183 1602 2240 1646 ut
2283 1594 2465 1655 homo,
2504 1592 2711 1647 creabit
2740 1592 2904 1645 etiam
2942 1600 2999 1645 ut
3038 1591 3198 1644 homo
3226 1604 3346 1644 cum
3398 1589 3603 1643 labore.

2026 1686 2097 1737 At
2124 1684 2168 1738 si
2202 1684 2252 1737 id
2277 1683 2570 1738 absurdum
2594 1693 2676 1737 cst
2706 1681 2904 1753 (neque
2922 1682 3064 1736 enim
3091 1683 3232 1737 Deus
3263 1684 3336 1738 ita
3362 1691 3419 1736 ut
3443 1683 3604 1737 homo

355 1776 479 1837 Θεὸς
506 1773 883 1844 δημιουργεῖ),
928 1770 1049 1823 οὐδὲ
1089 1769 1165 1832 ὼς
1189 1767 1473 1835 ἄνθρωπος
1504 1765 1612 1835 ἄρα
1652 1763 1921 1834 γεννήσει,

2039 1783 2179 1829 :reat
2200 1758 2253 1845 ),⁸
2274 1789 2451 1844 neque
2474 1773 2641 1844 igitur
2668 1776 2848 1843 gignet
2879 1782 2935 1827 ut
2963 1774 3147 1839 homo,
3178 1776 3271 1829 sed
3312 1775 3603 1829 humanam

357 1866 489 1920 ἀλλὰ
515 1867 610 1935 τὴν
641 1864 925 1935 ἀνθρώπου
947 1863 1108 1930 φύσιν
1135 1860 1237 1913 κάν
1261 1857 1434 1927 τούτῳ
1460 1854 1622 1909 πάλιν
1647 1852 1919 1923 ἀναϐήσε-

355 1978 465 2024 ται,
499 1958 702 2027 γεννῶν
727 1955 1058 2027 ἁμερίστως.

1051 2069 1254 2122 ΑΛΛΟ.

414 2186 477 2238 El
509 2184 757 2254 καθάπερ
787 2182 1068 2253 ἄνθρωπος
1102 2179 1276 2232 τίκτει
1302 2176 1455 2239 Θεὸς,
1487 2174 1782 2247 ἐργάζεται
1832 2172 1925 2226 καὶ

336 2278 412 2341 ὥς
439 2278 750 2344 ἄνθρωπος.
781 2276 889 2329 Καὶ
918 2273 1218 2342 ἐπειδήπερ
1242 2272 1401 2342 ἡμεῖς
1432 2267 1564 2339 ὕλης
1585 2264 1927 2337 παρακειμέ-

340 2388 434 2439 νης
458 2369 603 2431 τινὸς
632 2367 724 2420 διὰ
755 2367 1023 2433 κινήσεως
1067 2360 1264 2433 χειρῶν
1309 2358 1677 2429 ἀποτελοῦμεν
1716 2375 1768 2409 τι
1820 2354 1927 2409 τῶν

342 2465 439 2515 ὅσα
491 2464 669 2515 ποιεῖν
717 2457 1043 2530 βουλόμεθα,
1076 2457 1219 2511 οὕτω
1268 2455 1361 2508 καὶ
1405 2453 1558 2515 Θεός.
1611 2451 1673 2503 Ei
1713 2448 1770 2502 δὲ
1804 2448 1929 2518 δίχα

345 2553 539 2625 χειρῶν
585 2553 681 2605 καὶ
722 2552 855 2620 ὕλης
888 2552 953 2602 ὲκ
997 2549 1090 2603 τοῦ
1143 2548 1216 2619 μὴ
1263 2547 1415 2609 ὄντος
1443 2546 1523 2607 είς
1575 2542 1635 2595 τὸ
1679 2536 1816 2594 εἶναι
1860 2540 1928 2593 τὰ

348 2644 525 2696 πάντα
558 2642 702 2711 λόγῳ
750 2640 1013 2711 παράγει,
1040 2639 1139 2707 τὴν
1186 2635 1473 2708 ἀνθρώπου
1524 2632 1689 2703 φύσιν
1739 2630 1927 2696 νικῶν,

345 2735 561 2805 νικήσει
592 2734 805 2796 πάντως
835 2731 1008 2802 αὐτὴν
1041 2731 1136 2786 καὶ
1162 2731 1292 2801 περὶ
1320 2729 1410 2782 τὸν
1436 2726 1529 2782 τοῦ
1564 2727 1761 2799 γεννᾷν
1803 2724 1930 2797 τρό-

349 2842 468 2881 πον.

1041 2934 1243 2986 ΑΛΑΟ.

423 3045 509 3098 Τὰ
557 3046 841 3116 συνέχοντα
888 3062 1032 3109 τινα,
1084 3046 1249 3098 οἱονεὶ
1298 3046 1484 3116 κύκλῳ
1540 3042 1930 3115 περιτετάσθαι

2025 1877 2271 1921 naturam
2320 1867 2487 1920 etiam
2535 1867 2587 1920 in
2641 1866 2743 1921 hoc
2777 1865 3094 1935 superabit,
3142 1880 3409 1934 generatis
3468 1866 3603 1919 citra

2026 1957 2368 2012 divisionem.

2707 2072 2933 2127 ALIUD.

2098 2185 2157 2240 Si
2184 2186 2325 2241 Deus
2351 2184 2522 2256 gignit
2548 2183 2737 2239 cadem
2764 2184 2973 2238 ratione
3000 2198 3104 2252 qua
3132 2184 3316 2250 homo,
3346 2194 3607 2255 operatur

2028 2278 2192 2333 etiam
2244 2287 2303 2332 ut
2349 2279 2530 2333 homo.
2568 2276 2632 2331 Et
2681 2292 2803 2332 cum
2828 2278 3106 2347 proposita
3147 2278 3330 2347 aliqua
3380 2280 3606 2332 materia

2030 2369 2360 2425 adminiculo
2385 2384 2640 2423 manuum
2673 2383 2734 2424 ea
2760 2383 2877 2438 qua:
2907 2367 3153 2423 volumus
3179 2369 3505 2437 pcriicimus,
3533 2369 3605 2419 ita

2029 2477 2159 2533 ergo
2187 2463 2351 2518 etiam
2404 2463 2565 2516 Deus.
2618 2462 2703 2515 At»
2736 2461 2783 2515 si
2841 2460 2981 2515 Deus
3026 2462 3232 2529 absque
3259 2460 3509 2513 manibus
3554 2470 3609 2513 et

2032 2555 2257 2609 materia
2306 2570 2371 2609 cx
2421 2554 2588 2609 nihilo
2628 2563 2822 2610 cuncta
2874 2554 3039 2608 rcrbo
3082 2553 3149 2607 ad
3195 2568 3319 2607 esse
3355 2553 3602 2615 traducit,

2032 2647 2318 2700 humanam
2350 2656 2598 2699 naturam
2630 2644 2787 2712 longe
2823 2659 3110 2713 superans,
3137 2645 3299 2698 etiam
3335 2643 3610 2713 superabit

2032 2732 2203 2802 ipsam
2239 2733 2290 2787 in
2316 2733 2605 2804 generandi
2636 2732 2817 2787 modo.

2705 2936 2932 2992 ALlUD.

2106 3053 2180 3107 Ea
2213 3067 2332 3122 quae
2361 3051 2464 3105 alia
2498 3051 2633 3105 inse
2664 3053 2965 3115 continent,
2998 3064 3221 3106 necesse
3252 3058 3333 3106 est
3361 3058 3420 3104 ut
3444 3049 3608 3103 veluti

359 3138 575 3201 πάντως
602 3140 890 3205 ἀναγκαῖον
920 3137 1029 3190 τῶν
1049 3137 1151 3189 ὅσα
1178 3136 1414 3206 συνέχει.
1434 3136 1508 3188 Τὸ
1535 3135 1592 3188 δὲ
1622 3136 1701 3197 είς
1727 3132 1927 3187 κύκλον

2039 3145 2089 3199 in
2123 3146 2309 3200 orbem
2346 3143 2691 3207 circumiecta
2735 3142 2846 3197 sint
2876 3143 3128 3197 omnibus
3179 3143 3247 3196 iis
3279 3156 3400 3210 qua:
3437 3142 3615 3196 conti-

367 3227 691 3280 ἱκτείνεσθαι
734 3229 999 3297 σωμάτων
1031 3228 1179 3281 ίδιον.
1213 3227 1338 3290 Πῶς
1369 3221 1461 3281 οὖν
1496 3226 1566 3279 τὰ
1598 3227 1777 3279 πάντα
1807 3242 1930 3279 συν·

372 3317 488 3386 ἔχει
529 3318 559 3369 δ
598 3318 723 3380 Θεὸς
771 3320 1044 3388 ἀσώματος
1099 3319 1194 3383 ὢν,
1229 3320 1323 3373 καὶ
1369 3320 1457 3372 διὰ
1503 3317 1660 3372 τοῦτο
1708 3318 1843 3388 μηδὲ
1871 3317 1928 3369 ὲν

366 3408 523 3478 τόπῳ
551 3409 775 3461 νοεῖσθαι
803 3409 1080 3479 δυνάμενος
1104 3428 1117 3476 ;
1155 3410 1317 3463 Ἀλλὰ
1351 3410 1561 3480 συνέχει
1600 3410 1699 3478 τὴν
1724 3410 1782 3462 ἐν
1802 3407 1929 3460 τού-

359 3516 476 3563 τοις
506 3499 841 3563 ἀκολουθίαν,
862 3500 935 3563 ὡς
977 3500 1124 3564 Θεὸς,
1160 3501 1486 3555 ἀναϐαίνων.
1517 3500 1633 3553 Οὐκ
1678 3498 1786 3570 ἄρα
1820 3500 1932 3562 τοῖς

355 3590 680 3660 σωματικῶν
712 3590 1054 3644 ὑποκείσεται
1078 3591 1264 3660 νόμοις
1281 3607 1294 3620 ·
1318 3588 1514 3646 οὐκοῦν
1537 3587 1656 3642 οὐδὲ
1675 3588 1750 3652 ὼς
1773 3588 1934 3657 σῶμα

352 3682 625 3752 γεννήσει.

1050 3798 1251 3851 ΑΛΛΟ.

423 3912 499 3964 Τδ
527 3914 585 3965 ὲν
612 3914 775 3965 πᾶσιν
802 3912 861 3963 ὃν
898 3913 993 3965 καὶ
1023 3910 1111 3964 διὰ
1141 3912 1358 3965 πάντων
1387 3909 1592 3980 διῆκον,
1628 3909 1934 3980 συμπλέκε-

354 4004 478 4057 σθαι
510 4008 621 4068 τοῖς
650 4008 816 4058 πᾶσιν
848 4007 1165 4072 ἀναγκαῖον.
1204 4004 1360 4057 Οὕτω
1387 4004 1494 4074 γὰρ
1530 4003 1597 4057 ἂν
1626 4004 1712 4072 εἴη
1758 4003 1850 4056 καὶ
1880 4003 1936 4055 ὲν

346 4097 531 4152 πᾶσιν.
580 4096 719 4148 Ἀλλ’
748 4096 811 4149 οὐ
862 4096 1275 4167 συμπεπλέχθαι
1324 4095 1422 4166 μὲν
1466 4094 1565 4166 τὴν
1613 4095 1799 4148 οὐσίαν
1840 4092 1935 4146 τοῦ

343 4187 476 4240 Θεοῦ
504 4191 571 4259 τῇ
609 4187 857 4259 ποικιλία
879 4188 988 4241 τῶν
1015 4189 1072 4240 ὲν
1100 4187 1289 4258 κόσμῳ
1318 4186 1585 4257 σωμάτων
1611 4186 1937 4256 ὁμολογήσο-

345 4297 476 4349 μενο
518 4282 682 4351 μένει
713 4279 822 4349 γὰρ
857 4279 940 4346 ἐφ’
965 4278 1165 4349 ἑαυτῆς
1196 4278 1416 4349 καθαρά
1444 4297 1502 4333 τε
1540 4279 1633 4331 καὶ
1659 4279 1761 4347 τῆς
1801 4278 1938 4350 πρὸς

339 4371 528 4442 ἕτερον
567 4371 887 4438 κοινωνίας,
912 4372 1263 4443 ἀσύμπλοκος
1292 4373 1538 4442 φυσικῶς
1558 4389 1572 4403 ·
1623 4374 1798 4443 διήκει
1826 4372 1882 4425 δὲ
1912 4374 1941 4425 ό

2038 3246 2186 3292 nent.
2234 3236 2305 3289 At
2329 3251 2456 3290 vero
2487 3236 2538 3289 in
2572 3235 2757 3289 orbem
2803 3233 2944 3287 flecti
2980 3242 3143 3301 atque
3171 3233 3385 3287 extendi
3421 3246 3615 3300 corpo-

2041 3344 2156 3382 rum
2183 3337 2286 3381 cst.
2309 3328 2425 3394 Quo
2453 3336 2610 3395 pacto
2639 3326 2801 3393 igitur
2826 3324 3007 3378 omnia
3029 3325 3275 3378 continet
3299 3324 3458 3386 Dens,
3487 3337 3614 3377 eum

2036 3420 2109 3475 sit
2138 3420 2504 3487 incorporeus,
2534 3416 2644 3488 44
2677 3427 2838 3486 atque
2866 3416 2934 3470 ob
2960 3416 3010 3470 id
3050 3429 3118 3469 ne
3163 3415 3214 3468 in
3252 3414 3367 3468 loco
3398 3413 3616 3482 quidem

2038 3525 2161 3566 esse
2197 3508 2420 3578 intelligi
2458 3509 2667 3579 possit?
2693 3506 2802 3563 Sed
2837 3508 3080 3562 continet
3120 3507 3366 3561 ordinem
3412 3519 3616 3571 rerum,

2041 3612 2100 3655 ut
2123 3602 2287 3664 Deus,
2317 3601 2728 3655 transcendens.
2752 3598 2868 3654 Non
2901 3599 3085 3669 itaque
3112 3598 3389 3666 corporeis
3409 3597 3620 3667 legibus

2043 3690 2342 3758 subjacebit
2370 3703 2386 3742 :
2419 3704 2549 3760 ergo
2580 3704 2754 3760 neque
2783 3701 2843 3745 ut
2877 3705 3075 3759 corpus
3103 3689 3407 3759 generabit.

2717 3796 2945 3851 ALIUD.

2113 3910 2171 3965 Id
2201 3910 2342 3980 quod
2383 3908 2437 3964 in
2482 3907 2733 3965 omnibus
2764 3907 2979 3963 exsistit
3014 3916 3316 3975 cunctaque
3357 3902 3654 3976 permeat,’

2043 4001 2290 4058 connecti
2317 4000 2569 4056 omnibus
2596 4014 2820 4055 necesse
2851 4007 2955 4053 est.
2991 3998 3068 4051 lta
3098 3998 3242 4052 etiim
3283 3996 3337 4051 in
3373 3998 3625 4052 omnibus

2044 4096 2229 4152 fuerit.
2257 4093 2525 4150 Caeterum
2554 4107 2897 4163 nequaquam
2929 4089 3219 4146 fatebimur
3259 4091 3352 4146 Dei
3377 4088 3626 4145 substan-

2049 4189 2178 4243 tiam
2239 4187 2408 4241 variis
2472 4186 2655 4240 mundi
2717 4185 3044 4257 corporibus
3092 4199 3394 4239 connexam
3451 4198 3622 4238 esse:

2048 4291 2232 4335 manet
2265 4279 2409 4333 enim
2435 4279 2520 4332 illa
2556 4280 2609 4333 in
2642 4292 2701 4334 se
2728 4292 2865 4349 pura
2896 4287 2952 4333 et
2981 4276 3269 4345 naturalis,
3303 4292 3424 4331 cum
3457 4276 3627 4330 altero

2049 4372 2402 4428 connexionis
2444 4386 2685 4441 expers;
2735 4378 2982 4440 permeat
3010 4380 3186 4424 tamen
3227 4370 3406 4425 omnia
3448 4370 3627 4424 admi-

342 4462 440 4533 μὲν
474 4463 568 4516 διὰ
622 4461 842 4514 πάντων
892 4463 1211 4533 παραδόξως
1245 4464 1339 4517 καὶ
1371 4465 1646 4535 ἀρρήτως.
1685 4463 1797 4517 Οὐκ
1833 4462 1931 4533 ἄρα

2049 4464 2219 4519 rando
2266 4464 2497 4533 quodam
2550 4472 2713 4531 atque
2766 4459 3022 4517 lneﬂ‘abili
3067 4460 3246 4515 modo.
3299 4460 3413 4516 Non
3468 4462 3629 4531 igitur

336 4555 457 4615 ταῖς
486 4552 775 4622 σωμάτων
816 4551 1157 4616 ἁκολουθίαις
1187 4553 1560 4607 ὑποκείσεται.
1593 4553 1792 4624 Διόπερ
1820 4553 1940 4607 οὐδὲ

340 4644 480 4698 κατὰ
514 4645 630 4716 τὴν
655 4643 763 4696 τῶν
801 4643 1070 4712 σωμάτων
1100 4644 1263 4713 φύσιν
1290 4644 1560 4714 γεννήσει.

1035 4781 1238 4834 ΑΛΛΟ.

407 4892 477 4944 ΕΞ
531 4889 744 4954 ἁπλοῦς
783 4892 879 4944 καὶ
923 4890 1214 4955 ἀσύνθετός
1248 4892 1364 4943 ἐστι
1410 4892 1504 4944 καὶ
1547 4892 1746 4944 νοεῖται
1787 4888 1940 4957 Θεὸς,

340 4983 460 5045 πῶς
514 4981 820 5051 διαφόρους
877 4983 974 5037 καὶ
1026 4983 1276 5048 ποικίλας
1328 4983 1440 5053 ἔχει
1488 4983 1588 5046 τὰς
1643 4982 1940 5053 ἐνεργείας,

338 5072 516 5124 πολλά
565 5071 895 5141 ποιημάτων
929 5073 1045 5143 εἴδη
1086 5074 1231 5127 κατὰ
1276 5076 1503 5144 καιροὺς
1546 5073 1941 5143 ἐργαζόμενος

340 5162 405 5213 Εἰ
432 5162 493 5214 δὲ
528 5162 690 5214 οὐδὲν
719 5164 800 5225 είς
827 5162 891 5214 τὸ
919 5163 1123 5227 ἁπλοῦς
1150 5160 1289 5217 εἶναι
1315 5164 1642 5235 βλαϐήσεται
1674 5161 1947 5231 διαφόρως

339 5253 401 5304 ἐν
440 5254 670 5323 ἑκάστῳ
704 5254 815 5306 τῶν
848 5253 1019 5307 ὄντων
1052 5255 1310 5323 ἐνεργῶν,
1346 5256 1467 5308 ἐπεὶ
1510 5254 1583 5324 μὴ
1619 5253 1757 5306 κατὰ
1789 5252 1947 5322 σῶμά

342 5345 524 5410 ἐστιν,
559 5344 677 5398 ἄνω
706 5344 978 5415 σωμάτων
1013 5347 1105 5398 καὶ
1138 5349 1195 5400 ὲν
1223 5347 1301 5418 τῷ
1330 5346 1524 5418 γεννᾷν
1552 5345 1811 5399 κείσεται.

625 5547 959 5617 ’Λντίθεσις
996 5551 1076 5619 ὡς
1113 5552 1181 5605 ἐκ
1221 5552 1338 5606 τῶν
1377 5554 1701 5623 Εὐνομίου.

420 5659 489 5710 Εἰ
546 5656 829 5728 βούλεσθε,
856 5662 1013 5731 φησὶ,
1045 5662 1136 5716 τὸν
1165 5663 1290 5717 Υίὸν
1338 5664 1404 5715 ὲκ
1448 5663 1547 5733 τῆς
1594 5662 1689 5715 τοῦ
1738 5663 1951 5743 Πατρὸς

346 5746 549 5813 οὐσίας
584 5751 993 5822 προεληλυθότα
1010 5754 1208 5822 λέγειν,
1232 5756 1446 5827 ἀνάγκη
1476 5757 1738 5828 πρότερον
1764 5756 1952 5827 ὁμολο-

697 5840 970 5909 PnaoL.
1013 5848 1133 5909 (in.
1168 5849 1412 5910 LXXV.

2048 4568 2335 4623 corporum
2384 4551 2710 4607 connexitini
2755 4550 3031 4620 subjectus
3083 4559 3191 4605 cst.
3257 4549 3400 4620 Ergo
3454 4565 3631 4621 neque

2045 4645 2197 4715 juxta
2225 4658 2514 4714 corporum
2549 4651 2799 4698 naturam
2832 4640 3133 4712 generabit.

2727 4740 2957 4834 ALIUD.

2123 4893 2180 4947 Si
2209 4893 2306 4948 sim
2314 4892 2436 4963 plcx
2453 4902 2508 4949 et
2536 4906 2642 4947 non
2663 4891 2995 4962 compositus
3012 4899 3101 4945 est
3120 4898 3283 4959 atque
3312 4887 3634 4959 intelligitur

2054 4985 2215 5049 Deus,
2242 5001 2348 5053 quo
2380 4994 2538 5053 pacto
2571 4983 2812 5039 diversas
2846 4982 3133 5053 variasque
3159 4981 3319 5037 habet
3360 4980 3631 5051 operatio-

2055 5092 2170 5143 nes,
2227 5077 2421 5131 multas
2444 5086 2821 5133 creaturarum
2854 5079 3062 5148 species
3093 5093 3188 5148 per
3212 5086 3455 5148 tempora
3499 5092 3632 5146 0pc-

2056 5168 2226 5224 rans?
2255 5168 2312 5223 Si
2349 5184 2477 5224 vero
2514 5168 2727 5226 diversa
2770 5171 2886 5240 ejus
2912 5172 2964 5225 in
2990 5170 3215 5242 singulis
3247 5170 3496 5239 operatio
3526 5185 3631 5223 non

2057 5258 2281 5329 impedit
2308 5259 2600 5329 quominus
2645 5261 2873 5331 simplex
2905 5262 2995 5328 sit,
3034 5277 3157 5317 cum
3203 5278 3309 5317 non
3338 5261 3634 5316 secundum

2056 5364 2252 5419 corpus
2306 5349 2560 5415 exsistat,
2610 5366 2899 5423 corporum
2959 5354 3123 5409 etiam
3171 5353 3542 5411 conditionem
3577 5352 3632 5407 in

2056 5441 2364 5509 generando
2402 5444 2702 5514 superabit.

2581 5558 2817 5629 Objectio
2848 5559 3116 5620 Eunomii.

2133 5669 2189 5724 Si
2240 5669 2441 5738 velitis,
2493 5672 2690 5743 inquit,
2744 5670 2938 5728 Filium
2989 5687 3054 5729 ex
3110 5671 3285 5727 Patris
3334 5666 3632 5741 substantia

2060 5764 2411 5835 processisse,
2441 5763 2719 5823 fatendum
2742 5767 2964 5823 cumino
2989 5775 3069 5821 cst
3104 5779 3224 5817 cum
3260 5763 3409 5830 prius
3440 5761 3494 5811 in
3518 5757 3636 5827 ipso

3239 5849 3277 5913 3
