4032 6212
330 364 403 419 ’ῖό
1370 356 1425 410 S.
1470 350 1743 410 CYlilLLl
1784 350 1938 405 ALE}

2045 347 2251 403 iL‘RlNl
2291 342 2609 401 ARCIIIEP.
3522 337 3593 396 ’ῖό

335 480 631 538 exstitisse.
659 477 731 532 Ita
755 476 897 532 enim
918 488 986 531 ex
1015 488 1079 531 eo
1103 454 1438 545 processisse.
1460 473 1744 528 videbitur.
1772 474 1839 527 At
1863 473 1907 527 si

2054 471 2132 522 εῖν
2160 463 2588 538 προῦποκεῖσθαι
2608 460 2793 514 τοῦτον
2820 460 2875 511 ὲν
2904 457 3071 528 αὐτῷ.
3099 456 3254 509 Οὕτω
3278 455 3386 523 γὰρ
3413 453 3477 523 δὴ
3503 460 3595 506 και

340 573 532 629 Filium
568 569 748 634 Pater,
780 544 1111 635 nullumque
1135 564 1299 618 alium
1332 572 1453 631 post
1483 577 1604 618 eum
1631 564 1912 633 geniturus

2048 560 2075 624 ξ
2114 557 2277 613 αὑτοῦ
2312 554 2589 627 προελθὼν
2640 553 2898 621 φαίνοιτο.
2935 550 3044 603 Καὶ
3077 550 3125 600 εἰ
3157 548 3247 600 τὸν
3282 544 3407 598 Υίὸν
3436 545 3594 612 ἐγέν-

338 673 419 720 est
441 660 775 731 (unigenitus
797 660 940 714 enim
963 660 1091 725 est),
1108 668 1328 709 necesse
1349 662 1431 708 est
1454 662 1513 706 ut
1529 653 1771 707 dicamus
1791 668 1911 707 eum

2048 668 2177 724 ησεν
2201 652 2229 703 ὁ
2261 649 2473 719 Πατὴρ,
2507 647 2602 699 xui
2647 646 2833 715 ἕτερον
2859 643 2945 695 ιε’
2979 640 3128 711 αὐτῷ
3160 638 3350 692 οὐδένα
3383 636 3598 700 τέξεται

340 727 632 825 generandi
664 759 927 823 potestate
962 749 1228 818 privatum
1268 760 1412 811 esse,
1469 755 1627 813 atque
1659 758 1721 798 ex
1763 754 1915 813 parte

2046 741 2338 813 μονογενὴς
2356 737 2511 810 γὰρ),
2532 735 2850 810 ἀφῃρῆσθαι
2882 733 2977 787 καὶ
3000 730 3162 785 αὑτὸν
3183 729 3396 797 ἀνάγκη
3421 727 3600 795 λέγειν

344 820 706 910 imminutum,
741 842 922 913 genito
958 839 1126 895 semel
1158 838 1319 904 Filio,
1354 851 1531 908 neque
1578 836 1808 906 amplius
1862 836 1915 890 in

2050 834 2118 903 ἧς
2145 830 2469 901 γεννητικῆς
2497 829 2800 898 δυνάμεως,
2826 823 3167 895 ἡλαττῶσθαι
3197 823 3254 875 δὲ
3285 821 3380 875 xui
3410 821 3475 873 ὲκ
3501 820 3599 890 μὲ-

343 953 409 994 eo
439 946 495 991 ut
526 936 678 1007 prius
705 933 1017 991 exsistente.

1014 1128 1238 1183 Salutio.

415 1270 623 1323 Rursus
652 1282 716 1323 ea
755 1280 874 1335 qua:
901 1263 1219 1335 corporibus
1250 1262 1467 1332 propria
1514 1272 1643 1317 sunt
1676 1261 1770 1316 Dei
1827 1277 1921 1314 na-

350 1369 481 1414 tura:
502 1358 777 1413 ascribere
797 1371 900 1410 non
925 1352 1241 1409 erubescis?
1267 1351 1453 1420 Neque
1470 1353 1612 1407 enim
1645 1361 1703 1406 ut
1727 1366 1925 1420 corpus

349 1454 401 1507 in
426 1465 672 1521 corpore,
697 1450 769 1504 ita
800 1447 995 1502 Filium
1018 1447 1072 1501 in
1097 1445 1259 1501 Patre
1287 1445 1554 1500 contineri
1582 1445 1923 1515 cOgitandum

348 1553 450 1599 est.
480 1543 666 1611 Neque
716 1536 1171 1609 quemadmodum
1196 1551 1316 1607 quae
1355 1551 1420 1591 ex
1454 1536 1608 1592 nobis
1639 1536 1928 1605 gignuntur

350 1636 402 1688 in
433 1640 716 1701 parentum
745 1628 941 1682 lumbis
956 1627 1197 1697 iacuisse
1219 1627 1530 1690 creduntur,
1551 1624 1622 1678 ita
1647 1624 1713 1678 de
1743 1624 1928 1678 divino

348 1722 619 1794 genimine
651 1720 994 1776 sentiendum
1023 1727 1125 1774 est.
1172 1716 1229 1772 Si
1278 1717 1401 1786 quis
1427 1717 1571 1772 enim
1594 1730 1660 1773 eo
1693 1715 1928 1770 audaciae

2022 943 2168 997 ρους,
2200 921 2553 993 γεννηθέντος
2588 920 2734 986 ἅπαξ
2779 917 2872 971 τοῦ
2910 916 3040 970 Υῖοῦ
3080 916 3175 970 xui
3224 914 3422 986 μηκέτι
3451 914 3603 977 δντος

2022 1020 2079 1070 ὲν
2109 1014 2256 1086 αὐτῷ
2282 1012 2531 1084 καθάπερ
2567 1011 2662 1065 xui
2694 1011 2981 1082 πρότερον.

2505 1123 2662 1194 Ηρὸς
2699 1122 2875 1178 τοῦτο
2912 1123 3111 1188 λύσις.

2092 1258 2263 1312 Πάλιν
2291 1257 2359 1310 τὰ
2391 1256 2659 1326 σωμάτων
2685 1255 2793 1308 ῖδια
2822 1258 2888 1326 τῇ
2926 1255 3021 1308 τοῦ
3048 1255 3183 1309 Θεοῦ
3214 1254 3371 1324 φύσει
3401 1271 3611 1326 περιτι-

2025 1351 2140 1414 θεὶς
2164 1350 2264 1403 οὐκ
2292 1348 2577 1420 ὲρυθριᾷς;
2610 1348 2685 1401 Οὐ
2710 1348 2819 1419 γὰρ
2847 1347 3098 1416 καθάπερ
3127 1350 3289 1419 σῶμα
3317 1350 3373 1400 ὲν
3398 1347 3611 1417 σώματι

2025 1444 2117 1497 τὸν
2162 1442 2293 1496 Υίὸν
2350 1443 2407 1495 ὲν
2462 1440 2636 1510 Πατρὶ
2694 1440 2906 1494 κεῖσθαι
2959 1440 3168 1494 δίκαιον
3221 1442 3442 1495 ἐννοεῖν.
3475 1439 3612 1493 Οὐδὲ

2028 1534 2217 1605 ὥσπερ
2257 1534 2324 1586 τὰ
2375 1533 2433 1599 ἐξ
2478 1531 2636 1603 ἡμῶν
2670 1530 2991 1601 γεννώμενοι
3031 1534 3096 1601 τῇ
3143 1531 3253 1584 τῶν
3299 1530 3614 1600 γεννώντων

2028 1626 2190 1695 ὀσφύϊ
2219 1624 2566 1694 περιέχεσθαι
2595 1623 2873 1677 πιστεύειν
2903 1624 3197 1694 εὐπρεπὲς,
3224 1624 3367 1677 οὕτω
3397 1624 3491 1677 xui
3520 1624 3614 1675 ἐπὶ

2029 1719 2122 1772 τοῦ
2149 1719 2294 1772 θείου
2317 1718 2655 1788 γεννήματος
2686 1716 3001 1786 φρονητέον.
3025 1717 3088 1768 Εἰ
3113 1716 3221 1785 γάρ
3243 1733 3325 1779 τις
3354 1717 3431 1778 είς
3456 1714 3616 1768 τοῦτο

348 1813 656 1885 proruperit
696 1823 759 1868 ut
807 1812 875 1868 ad
932 1825 1221 1879 corporum
1277 1809 1552 1864 miseriam
1604 1806 1926 1862 inell‘abilem

2045 1811 2314 1884 προϐαίνει
2336 1810 2542 1880 τόλμης
2566 1810 2641 1872 ώς
2668 1808 2748 1870 εἰς
2769 1809 2870 1880 τὴν
2896 1808 3008 1861 τῶν
3031 1807 3301 1878 σωμάτων
3325 1806 3617 1875 ἀθλιότητα

351 1904 443 1958 Dei
487 1902 779 1958 essentiam
827 1901 1133 1972 protrudat,
1163 1898 1295 1968 quid
1325 1897 1594 1953 obstiterit
1635 1899 1922 1965 quominus

2045 1902 2125 1973 ;ὴν
2158 1903 2397 1973 ἄρρητον
2425 1898 2521 1952 τοῦ
2548 1898 2684 1951 Θεοῦ
2709 1898 3040 1968 καταφέρειν
3070 1899 3281 1963 οὐσίαν,
3306 1898 3357 1951 τί
3383 1897 3618 1951 κωλύσει

349 2006 417 2047 ne
440 2004 727 2062 generasse
749 1990 965 2058 quidem
999 1988 1215 2042 Patrem
1254 1986 1585 2041 contendat?
1627 1984 1735 2056 45
1770 1985 1923 2051 Quod

352 2083 607 2136 nimirum
645 2094 840 2149 parere
875 2077 1036 2131 matri
1062 2076 1246 2146 potius
1277 2090 1439 2144 quam
1464 2074 1581 2128 viro
1601 2074 1927 2128 conveniat?

348 2174 482 2227 Cum
516 2186 643 2227 vero
672 2170 1218 2237 Deusincorporeus
1257 2166 1351 2233 sit,
1391 2179 1563 2235 neque
1610 2162 1926 2220 dilferentiis

350 2279 471 2334 quae
498 2265 550 2318 in
581 2276 806 2332 corpora
842 2260 1041 2315 cadunt
1063 2257 1333 2313 obnoxius
1365 2254 1677 2327 (masculus
1707 2255 1847 2309 enim
1876 2262 1929 2309 et

353 2355 553 2409 femina
587 2363 796 2408 tantum
822 2352 876 2407 in
907 2350 1096 2406 lormis
1120 2348 1398 2419 corporeis
1426 2345 1800 2418 quaeruntur),
1834 2348 1926 2401 sed

353 2445 615 2515 simplicis
640 2445 1081 2513 incorporeaeque
1106 2449 1405 2507 naturae,et
1434 2454 1586 2495 mens
1616 2438 1926 2508 purissima,

351 2553 470 2594 eam
500 2538 568 2593 ob
596 2551 840 2601 causam,
877 2535 1091 2603 Opinor,
1138 2534 1181 2588 si
1215 2533 1338 2602 quis
1381 2532 1782 2601 generationem
1813 2544 1931 2599 qua:

356 2629 465 2683 Deo
497 2625 752 2682 convenit
782 2624 1112 2693 investigare
1138 2622 1287 2686 velit,
1311 2619 1695 2675 fecunditatem
1731 2634 1851 2688 qua:
1879 2619 1929 2671 in

355 2732 535 2777 mente
557 2718 807 2775 consistit
832 2717 1178 2772 considerare
1208 2714 1384 2781 debet,
1420 2721 1583 2780 atque
1609 2711 1733 2765 hinc
1754 2710 1933 2779 potius

356 2812 518 2868 Verbi
570 2810 969 2881 generationem
1017 2821 1358 2877 comparare,
1406 2820 1512 2859 non
1543 2813 1722 2859 autem
1756 2803 1933 2859 dicere

360 2906 526 2957 Deum
580 2903 757 2956 minus
797 2915 919 2955 esse
990 2898 1275 2953 fecundum
1321 2912 1484 2967 quam
1528 2897 1635 2951 sint
1683 2911 1930 2965 corpora.

359 2995 545 3062 Neque
560 2992 700 3046 enim
719 3001 778 3045 ut
796 3004 995 3059 corpus
1012 2997 1253 3056 generat,
1275 2989 1542 3056 siquidem
1564 2997 1619 3041 et
1641 2988 1932 3043 humanam

362 3096 598 3140 mentem
650 3082 870 3153 gignere
899 3080 1129 3135 dicimus
1154 3078 1507 3148 cogitationes
1530 3078 1721 3135 bonas.
1755 3078 1935 3135 Bonus

2028 1995 2204 2061 λέγειν
2240 1993 2373 2063 μηδὲ
2401 1992 2535 2053 ὅλως
2568 1992 2957 2061 γεγεννηκέναι
3006 1989 3095 2042 τὸν
3145 1990 3404 2060 Πατέρα;
3463 1990 3620 2042 Ἐπεὶ

2029 2085 2089 2137 τὸ
2119 2084 2323 2136 τίκτειν
2358 2082 2528 2153 μητρὶ
2582 2081 2784 2152 μᾶλλον
2832 2082 2867 2152 ἢ
2914 2081 3071 2152 ἀνδρὶ
3123 2080 3615 2152 πρεπωδέστερον;

2044 2173 2260 2243 Ἐπειδὴ
2305 2173 2363 2226 δὲ
2408 2171 2530 2226 οὔτε
2572 2172 2731 2244 σῶμα
2782 2172 2936 2237 Θεὸς,
2967 2170 3091 2224 οῦτε
3143 2170 3249 2242 μὴν
3292 2170 3389 2240 τὴν
3422 2172 3478 2223 ὲν
3506 2174 3619 2234 τοῖς

2034 2264 2279 2334 σώμασιν
2316 2263 2428 2333 ἔχει
2454 2261 2714 2334 διαφορὰν
2743 2263 2930 2331 (ἄρσεν
2961 2260 3067 2332 γὰρ
3095 2261 3191 2314 xui
3223 2260 3355 2331 θῆλυ
3382 2260 3539 2332 μόνον
3561 2264 3619 2313 ἐν

2031 2358 2145 2418 τοῖς
2191 2354 2300 2407 τῶν
2351 2354 2619 2423 σωμάτων
2665 2354 2910 2424 ζητεῖται
2952 2354 3285 2423 σχήμασιν),
3324 2352 3528 2416 ἁπλοῦς
3564 2352 3620 2405 δὲ

2035 2447 2128 2501 καὶ
2162 2444 2470 2516 ἀσώματος,
2522 2446 2619 2498 καί
2663 2445 2795 2497 αὐτὸ
2840 2444 2903 2515 δὴ
2951 2444 3107 2497 τοῦτο
3164 2445 3288 2508 νοῦς
3327 2447 3356 2498 ό
3407 2444 3620 2499 πάντων

2035 2535 2440 2607 καθαρώτατος,
2472 2536 2560 2590 διὰ
2610 2535 2814 2606 ταύτην
2866 2532 3020 2606 οἶμαι
3068 2535 3166 2607 τὴν
3214 2535 3393 2589 αἰτίαν
3425 2536 3621 2607 χρῆναι

2034 2631 2143 2685 δεῖν
2164 2631 2287 2693 τοὺς
2311 2631 2423 2683 ὅσοι
2454 2631 2551 2700 τὴν
2585 2630 2671 2683 ἐπ’
2700 2629 2865 2682 αὑτοῦ
2896 2629 3151 2699 γέννησιν
3196 2628 3468 2693 ἐξετάζειν
3496 2629 3621 2699 βοῦ-

2037 2724 2236 2789 λονται,
2260 2720 2361 2785 τὰς
2400 2723 2464 2775 ὲκ
2496 2720 2590 2775 νοῦ
2631 2713 3010 2791 καρποφορίας
3043 2720 3247 2787 ζητεῖν,
3277 2720 3372 2773 xui
3400 2721 3623 2784 ταύταις

2042 2813 2239 2888 μᾶλλον
2268 2813 2544 2884 ἐξομοιοῦν
2568 2812 2883 2881 ἐπείγεσθαι
2909 2810 3000 2865 τοῦ
3025 2812 3199 2879 Λόγου
3224 2811 3320 2880 τὴν
3346 2812 3620 2884 γέννησιν,

2039 2906 2133 2959 xui
2164 2903 2238 2974 μὴ
2266 2902 2443 2970 λέγειν
2490 2902 2756 2973 σωμάτων
2787 2898 3127 2970 ἀγονώτερον
3157 2894 3295 2952 εἶναι
3320 2899 3471 2968 Θεὸν,
3503 2902 3625 2955 ἐπεὶ

2042 2997 2117 3070 μὴ
2152 2996 2226 3059 ὼς
2260 2994 2419 3066 σῶμα
2458 2996 2640 3064 γεννᾷ.
2672 2994 2870 3063 Γεννᾷν
2910 2992 3011 3063 μὲν
3032 2991 3139 3063 γὰρ
3165 2992 3261 3044 xui
3297 2992 3386 3046 τὸν
3413 2993 3625 3064 ἀνθρώ-

2040 3102 2191 3140 πινον
2239 3085 2364 3139 νοῦν
2414 3084 2631 3148 πάντως
2665 3084 2731 3138 ἂν
2772 3084 3211 3154 ὁμολογήσαιμεν
3244 3083 3625 3156 διαλογισμοὺς

359 3176 503 3231 enim
533 3176 636 3240 vir,
662 3172 838 3243 inquit
861 3171 1140 3237 Servator,
1182 3185 1215 3227 e
1252 3171 1415 3227 corde
1446 3171 1653 3241 profert
1687 3172 1826 3228 bona
1865 3172 1930 3225 “.

2045 3176 2297 3247 ἀγαθούς.
2354 3176 2488 3229 Ἀπὸ
2523 3176 2633 3247 γὰρ
2657 3175 2755 3245 τῆς
2782 3175 3011 3245 καρδίας
3038 3175 3065 3226 ό
3093 3173 3295 3242 ἀγαθὸς
3317 3174 3623 3246 ἄνθρωπος,

364 3266 421 3321 Si
438 3280 565 3336 ergo
590 3263 814 3335 impium
834 3272 918 3319 est
939 3262 1119 3319 dicere
1137 3271 1371 3318 mentem
1389 3264 1683 3319 bumanam
1706 3262 1938 3320 fructum

365 3357 567 3412 nullum
603 3353 865 3425 proferre,
915 3368 1035 3408 cum
1088 3354 1140 3409 id
1192 3354 1453 3411 Dominus
1488 3355 1603 3425 ipse
1636 3363 1860 3411 testetur
1889 3366 1943 3412 et

366 3463 452 3503 res
504 3448 616 3517 ipsa
667 3447 877 3517 probet,
911 3461 1018 3517 quo
1069 3456 1227 3515 pacto
1281 3461 1388 3501 non
1439 3448 1731 3502 absurdum
1783 3447 1943 3502 fuerit

366 3538 545 3594 dicere
600 3552 909 3608 supremam
964 3537 1208 3593 omnium
1280 3546 1515 3593 mentem
1574 3537 1942 3606 int‘rugiferam

366 3644 508 3695 esse,
542 3639 595 3685 et
617 3629 951 3685 fecunditate
982 3644 1104 3699 qua:
1129 3631 1180 3685 ei
1207 3631 1458 3685 convenit
1490 3630 1744 3699 privare;
1773 3642 1866 3685 aut
1898 3629 1943 3684 si

369 3724 569 3789 dicant,
604 3736 890 3793 generare,
929 3723 1204 3793 corporeis
1247 3722 1453 3793 legibus
1480 3722 1752 3792 subjicere
1785 3733 1945 3791 atque

371 3815 440 3867 ita
465 3812 690 3883 perinde
708 3828 773 3868 ac
795 3827 990 3882 corpus
1009 3828 1296 3885 generare,
1318 3828 1442 3870 cum
1474 3829 1542 3870 ne
1561 3829 1713 3871 mens
1730 3814 1944 3885 quidem

369 3916 488 3969 quae
521 3906 575 3956 in
616 3902 771 3958 nobis
801 3913 886 3957 est
930 3916 1191 3971 corporeo
1235 3904 1395 3961 modo
1432 3903 1691 3976 generet?
1729 3907 1795 3959 At
1823 3920 1949 3960 vero

369 3994 462 4064 qui
486 3994 737 4050 universa
764 3995 1098 4050 transcendit
1122 3994 1384 4064 longeque
1410 4005 1628 4064 superat
1651 3997 1811 4059 Deus,
1841 4009 1949 4063 quo

370 4094 528 4151 pacto
568 4099 674 4139 non
709 4093 948 4139 mentem
977 4085 1142 4139 etiam
1185 4084 1553 4153 generationis
1596 4084 1755 4139 modo
1797 4100 1953 4155 supe-

373 4172 532 4238 rabit,
580 4188 685 4227 non
719 4172 1011 4227 amissione
1052 4181 1142 4228 aut
1184 4173 1331 4228 ﬂuxu
1369 4172 1684 4244 cujusquam
1724 4174 1865 4244 quod
1899 4175 1949 4230 ei

372 4261 523 4331 prius
554 4262 748 4326 inerat,
780 4263 873 4317 sed
903 4261 1260 4319 illustratione
1278 4263 1413 4319 citra
1440 4263 1602 4317 ullam
1630 4263 1950 4320 divisionem

373 4366 440 4405 cx
482 4352 660 4421 seipso
733 4353 959 4422 gignens
999 4353 1196 4410 Filium
1221 4394 1236 4420 ,
1292 4356 1584 4411 secundum
1628 4355 1950 4412 ineffabilem

375 4457 536 4513 atque
570 4445 991 4502 inenarrabilem
1043 4448 1238 4505 divinre
1267 4449 1628 4521 generationis
1658 4448 1919 4504 modum?

1056 4647 1284 4705 ALIUD.

446 4779 714 4851 Quidquid
744 4781 811 4836 ad
839 4781 1245 4836 similitudinem
1269 4782 1491 4837 alterius
1520 4786 1720 4839 factum
1752 4794 1857 4852 est,
1883 4788 1949 4839 ab

377 4871 679 4938 aequalitate
708 4873 868 4943 primi
895 4876 1224 4945 exemplaris
1253 4876 1475 4944 recedit,
1512 4888 1566 4931 et
1597 4881 1859 4933 secundas
1881 4880 1949 4933 ab

381 4958 469 5011 illo
493 4971 679 5026 partes
704 4974 868 5021 tenet.
889 4966 1078 5021 Creata
1111 4968 1291 5037 itaque
1318 4977 1508 5022 natura
1538 4984 1633 5037 per
1654 4970 1947 5037 potentiam

379 5048 474 5104 Dei
517 5050 704 5108 eﬂ‘ecta
740 5066 825 5111 est
855 5058 1109 5124 fecunda,
1150 5069 1205 5116 et
1250 5059 1427 5117 elﬁcta
1472 5077 1568 5131 per
1604 5061 1832 5134 gratiam
1884 5065 1949 5117 ad

381 5141 526 5196 illam
550 5158 668 5213 qua:
688 5161 813 5203 vere
835 5165 897 5205 ac
914 5153 1130 5220 proprie
1150 5153 1378 5210 fecunda
1394 5164 1496 5209 est.
1519 5154 1745 5210 Deticiet
1771 5157 1952 5225 itaque

381 5228 600 5284 omnino
629 5232 697 5287 ab
726 5233 812 5287 illa
846 5238 1068 5293 veritate
1095 5257 1212 5308 quae
1243 5242 1315 5295 illi
1345 5243 1484 5298 inest
1516 5245 1568 5298 in
1608 5247 1763 5301 modo
1791 5261 1956 5315 gene-

385 5318 570 5385 randi;
595 5328 647 5375 et
676 5327 956 5393 generabit
985 5330 1227 5397 quidem,
1262 5333 1356 5387 sed
1383 5348 1491 5388 non
1521 5335 1593 5389 ita
1632 5346 1792 5406 atque
1815 5337 1957 5393 illius

383 5408 450 5460 ad
484 5410 637 5481 cujus
668 5415 1074 5475 similitudinem
1104 5421 1337 5479 eﬂictum
1363 5433 1466 5479 est.
1496 5426 1647 5493 Quod
1672 5429 1716 5483 si
1756 5430 1826 5483 ita
1855 5439 1956 5495 (εει,

382 5504 662 5568 generabit
713 5506 871 5575 Deus,
902 5526 1008 5566 non
1050 5524 1108 5569 ut
1145 5527 1394 5575 creatura
1431 5532 1549 5588 quae
1595 5535 1690 5589 per
1728 5522 1955 5589 gratiam

468 5722 509 5754 ⁸³
535 5727 724 5787 ιιιιιιίι.
766 5745 863 5797 ιιι,
894 5733 983 5787 55.

2044 3269 2186 3324 καθά
2232 3285 2397 3339 φησιν
2429 3270 2457 3321 ὁ
2482 3267 2694 3339 Σωτὴρ,
2727 3267 2994 3339 προφέρει
3023 3267 3089 3320 τὰ
3122 3268 3319 3335 ἀγαθά.
3357 3268 3421 3320 Εἰ
3448 3268 3627 3321 τοίνυν

2044 3359 2235 3424 ἀσεϐὲς
2259 3358 2432 3413 εἰπεῖν
2456 3360 2545 3413 τὸν
2576 3357 2916 3429 ἀνθρώπινον
2950 3357 3075 3411 νοῦν
3105 3358 3316 3431 καρπὸν
3335 3360 3436 3412 οὑκ
3461 3358 3624 3429 ἔχειν,

2046 3452 2138 3503 καὶ
2167 3450 2261 3503 τοῦ
2293 3450 2498 3521 Κυρίου
2538 3450 2839 3519 φάσκοντος
2876 3450 2970 3502 xui
3003 3448 3166 3502 αὑτοῦ
3194 3449 3251 3501 δὲ
3279 3448 3507 3519 βοῶντος
3532 3449 3626 3501 τοῦ
3658 3452 3664 3458 ’

2048 3541 2393 3613 πράγματος,
2426 3542 2545 3603 πῶς
2591 3541 2691 3594 οὐκ
2727 3540 2929 3595 ἄτοπον
2961 3540 3053 3594 τὸν
3097 3540 3235 3610 ὑπὲρ
3276 3541 3454 3593 πάντα
3502 3540 3627 3592 νοῦν

2046 3631 2297 3701 ἄκαρπον
2322 3626 2461 3683 εἶναι
2489 3630 2693 3698 λέγειν,
2725 3630 2817 3683 xui
2844 3629 2943 3700 τῆς
2972 3629 3286 3701 πρεπούσης
3314 3630 3462 3700 αὐτῷ
3487 3647 3625 3701 καρ-

2048 3722 2314 3793 ποφορίας
2344 3723 2701 3790 ἀποστερεῖν;
2750 3720 2784 3790 ἢ
2813 3722 2860 3773 εί
2895 3720 3141 3789 λέγονται
3166 3723 3379 3793 γεννᾷν,
3409 3724 3627 3776 ὑποκεί-

2052 3814 2177 3869 σθαι
2208 3815 2329 3877 ταῖς
2362 3812 2470 3866 τῶν
2500 3812 2768 3883 σωμάτων
2794 3813 3061 3881 ἀνάγκαις
3093 3813 3516 3884 ὑπολαμϐάνειν,
3536 3816 3631 3868 xui

2050 3905 2219 3968 οὕτως
2264 3904 2424 3956 αὐτὸν
2456 3903 2532 3966 ώς
2561 3902 2719 3974 σῶμα
2764 3906 2979 3975 γεννᾷν,
3005 3905 3126 3959 οὐδὲ
3153 3905 3243 3959 τοῦ
3273 3908 3329 3960 ὲν
3359 3908 3490 3977 ἡμῖν
3529 3908 3632 3961 ὑπ’

2052 3996 2306 4066 ἀρχοντος
2351 3996 2443 4048 νοῦ
2486 3994 2626 4048 κατά
2663 3995 2755 4050 τὸν
2782 3995 2890 4049 τῶν
2926 3998 3193 4068 σωμάτων
3223 4000 3519 4069 γεννῶντος
3550 4000 3634 4055 νό-

2054 4104 2187 4156 μον;
2220 4086 2275 4140 Ὁ
2297 4086 2354 4139 δὲ
2384 4087 2495 4141 ἀνω
2524 4087 2741 4143 πάντων
2766 4088 3123 4160 ἀναϐεϐηκὼς
3145 4092 3239 4144 καὶ
3266 4093 3442 4147 πάντα
3465 4094 3633 4164 ὑπερ-

2053 4176 2300 4249 κείμενος
2328 4179 2478 4243 Θεὸς,
2510 4180 2629 4244 πῶς
2670 4181 2732 4234 οὐ
2780 4181 3033 4250 γεννήσει
3063 4183 3158 4236 xui
3184 4182 3325 4254 ὑπὲρ
3358 4183 3503 4249 νοῦν,
3535 4185 3633 4237 οὐκ

2053 4267 2325 4338 ἀποϐολὴν
2354 4268 2387 4339 ἢ
2419 4269 2722 4342 ἀπόρροιαν
2758 4270 3231 4341 προῦποκειμένου
3250 4272 3395 4336 τινὸς
3426 4273 3634 4344 ὑπομέ-

2053 4377 2179 4425 νων,
2212 4359 2327 4416 ἁλλ’
2360 4361 2645 4433 ἐκλάμψας
2689 4364 3004 4435 ἀμερίστως
3046 4363 3104 4430 ἐξ
3139 4363 3333 4418 ἑαυτοῦ
3366 4364 3456 4420 τὸν
3486 4365 3632 4430 Υἱὸν,

2054 4448 2195 4503 κατά
2226 4447 2316 4501 τὸν
2346 4451 2581 4522 ἄρρητον
2613 4471 2672 4507 τε
2706 4454 2801 4508 xui
2832 4454 3111 4527 ἄφραστον
3145 4455 3243 4526 τῆς
3273 4455 3421 4520 Θείας
3446 4457 3635 4527 γεννή-

1983 4519 2028 4572 Ῑ)
2060 4555 2195 4601 σεως
2221 4554 2250 4589 τ
2258 4519 2458 4609 pem};

2742 4678 2946 4730 ΑΛΛΟ.

2128 4798 2240 4851 Πᾶν
2267 4799 2401 4869 ὅπερ
2446 4800 2511 4854 ἂν
2542 4800 2659 4853 καθ’
2684 4803 2942 4870 ὁμοίωσιν
2986 4804 3194 4870 γένοιτό
3228 4820 3391 4866 τινος,
3418 4802 3635 4856 ἀπολεί-

2058 4906 2216 4942 πεται
2251 4890 2468 4954 πάντως
2500 4890 2600 4961 τῆς
2624 4892 2759 4963 πρὸς
2786 4893 2845 4945 τὸ
2872 4896 3226 4964 πρωτότυπον
3252 4896 3513 4967 ἰσότητος,
3540 4895 3635 4947 καὶ

2056 4978 2155 5050 τῆς
2187 4982 2393 5035 ἐκείνου
2438 4981 2597 5051 δόξης
2630 4982 2748 5036 ἐστὶ
2784 4983 3296 5057 δεύτερον.”Αγεται
3339 4988 3516 5039 τοίνυν
3547 4986 3636 5037 διὰ

2057 5071 2337 5142 δυνάμεως
2384 5072 2518 5125 Θεοῦ
2572 5074 2709 5145 πρὸς
2756 5077 3409 5148 καρπογονίανήγενητὴ
3452 5075 3633 5146 φύσις.

2059 5164 2195 5232 πρὸς
2222 5164 2436 5236 ἐκείνην
2467 5168 2816 5240 μορφουμένη
2846 5169 2933 5222 διά
2958 5170 3178 5240 χάριτος
3212 5168 3309 5239 τὴν
3336 5168 3504 5231 ὅντως
3544 5167 3638 5220 xui

2059 5255 2274 5325 ἀληθῶς
2299 5260 2789 5334 καρπογόνον.;¹Αρ’
2813 5257 2906 5315 οὖν
2936 5261 3390 5332 ἀπολειφθήσεται
3418 5258 3637 5320 πάντως

2062 5346 2153 5398 xui
2182 5346 2280 5416 τῆς
2326 5348 2507 5418 ἐκείνῃ
2562 5350 2870 5420 προσούσης
2921 5351 3176 5422 ἀληθείας
3229 5349 3357 5420 περὶ
3402 5348 3492 5401 τὸν
3541 5346 3637 5400 τοῦ

2061 5438 2253 5506 γεννᾷν
2281 5440 2479 5509 τρόπον
2504 5455 2516 5465 ·
2566 5440 2659 5491 καὶ
2692 5444 2941 5511 γεννήσει
2985 5444 3101 5513 μὲν,
3129 5444 3226 5513 οὐχ
3254 5442 3329 5506 ὡς
3360 5442 3533 5494 ἐκεῖνο
3558 5439 3636 5504 δὲ,

2062 5526 2198 5595 πρὸς
2218 5527 2247 5578 ὃ
2275 5529 2370 5581 xui
2418 5546 2482 5598 με
2492 5530 2793 5600 μόρφωται.
2823 5533 2887 5587 Εἰ
2914 5533 2971 5585 δὲ
2999 5533 3157 5587 τοῦτο
3190 5533 3406 5604 ἀληθὲς,
3441 5530 3636 5600 γεννή-

3994 4450 4015 4467 μ

3994 4472 4027 4481 1,

4016 1530 4019 1605 4
