4032 6212
347 295 406 348 77
1748 286 1950 341 τιιεεέ

2052 284 2189 339 ws.
3278 346 3289 357 η
3511 282 3578 333 73

352 430 427 467 σει
457 413 561 482 μὲν
602 414 631 464 ό
676 410 826 474 Θεὸς,
857 411 957 479 οὐχ
984 409 1057 470 ὡς
1101 409 1133 479 ή
1182 407 1354 470 κτίσις
1383 408 1441 460 δὲ
1474 405 1612 459 κατὰ
1639 406 1797 476 χάριν
1825 404 1918 456 καὶ
1947 455 1950 463 ,

2061 416 2159 457 anc
2188 416 2307 456 eum
2330 414 2394 454 eo
2425 398 2832 454 similitudinem
2865 405 2945 452 est
2971 405 3278 459 consecuta.
3311 395 3405 450 sed
3430 392 3586 461 longe

351 504 549 572 ταύτην
581 500 819 554 λαϐοῦσα
847 499 945 571 τήν
977 499 1109 568 πρὸς
1145 498 1303 551 αὑτὸν
1343 497 1618 568 ὁμοίωσιν,
1649 495 1759 549 ἀλλ’
1782 496 1919 565 ὑπὲρ

358 595 521 647 πάντα
556 594 625 646 τὰ
652 592 875 660 γενητὰ.

992 703 1194 757 ΛΑΜ).

627 813 944 881 Ἐρώτησις
978 812 1058 878 ὡς
1095 813 1162 865 ἐκ
1201 810 1306 864 τοῦ
1346 814 1664 880 Εὐνομιου.

440 927 495 980 '0
527 926 717 998 Πατὴρ
747 925 1036 995 ἐγέννησεν
1065 924 1123 990 ἐξ
1154 922 1348 977 ἑαυτοῦ
1380 924 1470 977 τὸν
1496 923 1646 985 Υίὸν,
1676 921 1926 994 καθάπερ

363 1021 512 1089 ὑμεῖς
562 1035 701 1086 φατε
746 1017 797 1069 oi
846 1017 937 1068 ἐπὶ
982 1016 1148 1086 πολλῇ
1184 1015 1302 1068 λίαν
1349 1014 1599 1087 ὀρθότητι
1643 1014 1927 1083 δογμάτων

362 1105 886 1176 ἁποσεμνυνόμενοι·
936 1105 1050 1157 ἀλλ’
1076 1106 1239 1175 ὁρᾶτε
1281 1102 1379 1156 καὶ⁵
1413 1102 1587 1156 τοῦτο.
1623 1103 1838 1167 Τέλειος
1861 1098 1929 1174 ἦν

366 1204 391 1253 ό
416 1201 604 1269 Πατὴρ
635 1198 741 1267 πρὸ
783 1197 885 1267 τῆς
931 1199 1234 1266 γεννήσεως
1275 1195 1369 1248 τοῦ
1402 1195 1554 1259 Υίοῦ,
1586 1194 1702 1248 ἀλλ’
1734 1196 1781 1247 εί
1809 1211 1930 1263 γεν-

367 1294 521 1361 νήσας
551 1292 634 1351 είς
663 1288 828 1341 δυάδα
861 1286 1205 1358 μεμέρισται,
1234 1285 1353 1349 πῶς
1373 1285 1534 1339 ἔτιτὸ
1556 1285 1756 1338 τέλειον
1781 1284 1927 1351 ἕξεις

372 1386 417 1435 εἰ
444 1383 511 1451 μὴ
538 1382 646 1450 ἄρα
677 1380 870 1447 γέγονε
893 1378 1023 1449 περὶ
1050 1378 1149 1448 τὴν
1177 1377 1367 1429 οὐσίαν
1398 1375 1562 1429 αὐτοῦ
1592 1374 1928 1446 πληθυσμὸς,

369 1470 521 1525 οἱονεὶ
550 1469 614 1521 τὸ
644 1468 876 1520 κενωθὲν
906 1465 1251 1536 ἀναπληρῶν.
1270 1464 1508 1535 Ἀνάγκη
1541 1463 1650 1536 γάρ
1684 1466 1833 1517 πᾶσα
1871 1465 1933 1517 τὸ

367 1564 421 1628 ἐξ
448 1562 631 1624 ὲνάδος
658 1561 738 1623 είς
760 1559 929 1612 δυάδα
959 1559 1309 1628 τεμνόμενον,
1341 1557 1561 1610 ἔλαττον
1590 1556 1782 1610 ἑαυτοῦ
1809 1558 1934 1626 φαί-

364 1658 565 1719 νεσθαι,
601 1657 646 1708 εί
683 1656 755 1725 μή
796 1672 877 1717 τις
912 1652 1051 1723 αὓξη
1078 1651 1561 1723 παρεισδραμοῦσα
1586 1650 1847 1722 προσθείη
1872 1650 1932 1703 τὸ

2024 491 2404 548 excellentiore
2428 506 2589 560 quam
2617 505 2807 545 omnes
2832 499 3094 546 creatura:
3125 488 3301 544 modo.

2694 699 2732 751 Α
2745 695 2855 753 LIU
2866 698 2924 752 D.

2277 807 2629 877 Interrogatio
2666 825 2730 862 ea:
2758 810 3044 877 objeclione
3080 806 3343 861 Eunomii.

2101 923 2260 977 Pater
2290 922 2471 993 genuit
2502 920 2697 975 Filium
2732 936 2798 974 ex
2835 922 3033 989 seipso,
3073 927 3132 974 ut
3155 935 3249 974 vos
3277 918 3389 991 46
3416 917 3597 973 dicitis

2028 1015 2120 1084 qui
2162 1015 2229 1069 de
2277 1028 2485 1068 summa
2525 1012 2831 1083 dogmatum
2882 1013 3207 1066 rectitudine
3255 1011 3593 1081 gloriamini;

2030 1106 2123 1162 sed
2157 1106 2333 1161 videte
2363 1106 2526 1160 etiam
2558 1105 2678 1159 hoc.
2704 1104 2865 1159 Pater
2893 1114 3017 1159 ante
3044 1106 3441 1172 generationem
3477 1100 3598 1159 Filii

2030 1197 2303 1268 perfectus
2325 1204 2474 1262 erat;
2500 1198 2593 1251 sed
2620 1197 2664 1251 si
2696 1205 2974 1265 postquam
3006 1196 3190 1265 genuit
3217 1196 3268 1249 in
3292 1194 3599 1249 alualitatem

2031 1290 2235 1345 divisus
2262 1299 2365 1355 est,
2396 1304 2503 1360 quo
2539 1300 2693 1359 pacto
2721 1285 2959 1341 manebit
3002 1284 3307 1355 perfectus?
3347 1283 3449 1338 nisi
3494 1282 3603 1337 for-

2036 1392 2179 1438 tasse
2226 1384 2278 1437 in
2329 1382 2449 1452 ejus
2498 1378 2799 1435 substantia
2851 1376 3117 1447 suppletis
3162 1374 3404 1444 quadam
3458 1372 3600 1427 facta

2034 1472 2220 1538 fuerit,
2253 1484 2371 1538 quae
2398 1470 2793 1541 quodammodo
2826 1469 2875 1523 id
2897 1468 3043 1538 quod
3074 1468 3391 1522 exhaustum
3429 1465 3605 1519 fuerat

2033 1564 2316 1634 supplevit.
2362 1560 2737 1618 Necessarium
2779 1561 2923 1614 enim
2974 1574 3195 1629 prorsus
3230 1568 3315 1613 est
3364 1566 3424 1611 ut
3463 1559 3605 1626 quod

2034 1670 2099 1708 ex
2156 1654 2363 1709 unitate
2415 1654 2468 1709 in
2529 1652 2843 1708 dualitatem
2900 1661 3137 1712 secatur,
3197 1650 3372 1703 minus
3427 1649 3607 1717 seipso

365 1748 686 1811 ἐκλελοιπός.
716 1748 778 1800 Ei
820 1746 876 1799 δὲ
916 1745 1155 1799 τοιοῦτον
1185 1744 1338 1799 οὐδὲν
1368 1744 1492 1815 περὶ
1523 1744 1624 1814 τὴν
1655 1742 1807 1795 θείαν
1839 1742 1932 1795 οὑ-

2052 1743 2323 1809 iiciatur,
2366 1746 2468 1799 nisi
2513 1746 2906 1800 incrementum
2938 1740 3154 1810 aliquod
3199 1739 3421 1793 accedat
3464 1739 3606 1807 quod

367 1841 481 1894 σέαν
514 1838 831 1909 συμϐαίνειν
868 1837 1112 1899 δύναται,
1143 1836 1242 1889 οὐκ
1269 1835 1557 1906 ἐγέννησεν
1585 1836 1692 1905 ἄρα
1717 1834 1777 1900 ἐξ
1809 1835 1934 1887 ἑαυ-

365 1932 451 1984 τοῦ
480 1932 569 1983 τὸν
602 1931 729 1983 Υἱὸν
760 1932 787 1982 ὁ
816 1928 1025 1998 Πατὴρ,
1058 1929 1143 1981 ἵνα
1170 1927 1242 1997 μὴ
1271 1927 1524 1998 φαίνηται
1558 1927 1930 1999 μεριζόμενος·

366 2020 631 2089 ὑπέστησε
662 2018 719 2071 δὲ
742 2017 906 2072 αὑτὸν
934 2018 1118 2087 ὅμοιον
1142 2015 1318 2086 ἐαυτῷ
1345 2015 1487 2070 κατὰ
1511 2017 1706 2070 πάντα.

832 2323 992 2393 Πρὸς
1028 2323 1204 2378 τοῦτο
1240 2325 1442 2391 λύσις.

430 2441 587 2493 Ἐστι
622 2439 723 2509 μὲν
770 2438 863 2490 καὶ
896 2438 956 2504 ἐξ
990 2438 1191 2511 ἐτέρων
1237 2439 1366 2492 ἰδεῖν
1397 2440 1481 2492 ὅτι
1514 2438 1712 2511 πολλὴν
1739 2441 1789 2493 oi
1821 2458 1940 2512 χρι-

364 2531 620 2600 στομάχοι
646 2528 863 2582 νοσοῦσι
892 2530 1105 2601 φρενῶν
1134 2530 1389 2601 ἐρημίαν,
1411 2531 1559 2584 οὐδὲν
1582 2532 1639 2585 δὲ
1663 2527 1824 2603 ἦττον
1846 2534 1940 2588 καὶ

360 2626 447 2677 διά
468 2624 695 2678 τούτων.
731 2622 1047 2676 Πλανῶνται
1092 2623 1203 2695 γὰρ
1251 2624 1439 2688 ὅντως,
1478 2624 1551 2695 μή
1601 2625 1800 2690 εἰδότες
1844 2627 1942 2691 τὰς

363 2715 581 2784 Γραφάς
617 2712 753 2783 μηδὲ
784 2712 883 2781 τὴν
905 2711 1136 2781 δύναμιν
1166 2710 1261 2765 τοῦ
1292 2711 1446 2766 Θεοῦ.
1476 2712 1600 2776 Πῶς
1625 2713 1735 2783 γὰρ
1759 2716 1943 2784 ὅμοιον

362 2808 513 2860 ἔσται
544 2807 695 2861 κατά
720 2807 898 2858 πάντα
1040 2806 1283 2875 άκτίστῳ
1319 2805 1415 2859 καὶ
1442 2806 1529 2859 ἀεὶ
1558 2805 1670 2858 ὄντι
1702 2806 1822 2878 Θεῷ
1848 2810 1943 2862 καὶ

363 2900 557 2968 Πατρὶ,
590 2897 650 2950 τὸ
692 2895 751 2960 ἐξ
793 2896 895 2949 οὐκ
932 2894 1102 2947 ὄντων
1132 2896 1212 2959 είς
1243 2896 1536 2950 ὑπόστασιν
1583 2898 1834 2969 ὲνεχθέν;
1880 2901 1943 2953 Ei

2035 1835 2646 1904 defectum‘compenset
2683 1849 2748 1889 ac
2783 1833 3047 1903 suppleat.
3087 1831 3144 1886 Si
3187 1844 3319 1885 vero
3354 1840 3606 1885 neutrum

2036 1927 2228 1981 horum
2272 1926 2324 1980 in
2368 1926 2547 1980 divina
2580 1935 2771 1980 natura
2812 1924 3061 1979 accidere
3096 1931 3295 1993 potest,
3332 1935 3462 1990 ergo
3501 1933 3606 1973 non

2036 2017 2221 2085 genuit
2247 2016 2406 2071 Pater
2430 2032 2494 2071 ex
2520 2016 2697 2086 seipso
2719 2015 2936 2080 Filium,
2966 2029 3033 2069 ne
3057 2013 3262 2067 divisus
3279 2026 3401 2067 esse
3430 2012 3612 2066 videa-

2040 2117 2167 2172 tur;
2194 2123 2317 2162 eum
2353 2122 2482 2163 vero
2506 2108 2607 2163 sibi
2635 2106 2869 2162 similem
2900 2106 2954 2161 in
2992 2106 3248 2161 erunibus
3287 2104 3415 2161 fecit
3450 2113 3611 2174 atque

2034 2198 2333 2255 constituit.

2542 2334 2753 2390 Salutio
2782 2333 3108 2402 objectionis.

2112 2442 2247 2498 Cum
2277 2457 2342 2498 es
2366 2444 2486 2499 aliis
2511 2443 2693 2499 multis
2712 2455 2924 2501 constet
2948 2454 3148 2514 quanta
3194 2444 3392 2498 mentis
3434 2443 3613 2513 inopia

2043 2532 2290 2588 laborent
2342 2534 2525 2588 hostes
2586 2534 2715 2601 Dei,
2786 2544 2899 2589 tum
2958 2534 3305 2589 nihilominus
3356 2547 3422 2589 ex
3474 2534 3613 2587 istis.

2044 2624 2241 2679 Errant
2294 2626 2437 2681 enim
2494 2640 2735 2694 prorsus,
2790 2640 2962 2694 neque
2998 2625 3233 2680 scientes
3281 2624 3616 2692 Scripturas,

2045 2731 2221 2786 neque
2258 2717 2509 2771 virtutem
2563 2715 2654 2769 Dei
2687 2715 2756 2768 ’δέ
2793 2715 3070 2781 Quomodo
3096 2715 3241 2769 enim
3272 2714 3479 2783 aequale
3523 2728 3621 2784 per

2044 2808 2229 2863 omnia
2267 2807 2374 2861 Deo
2404 2822 2469 2860 ae
2508 2806 2653 2861 Patri
2697 2806 2940 2860 inci-cato
2973 2819 3297 2877 semperque
3335 2807 3619 2860 exsistenti

2048 2899 2213 2953 fuerit
2240 2899 2291 2952 id
2322 2899 2463 2967 quod
2496 2913 2563 2952 ex
2606 2896 2774 2951 nihilo
2807 2896 2873 2950 ad
2912 2910 3035 2952 esse
3070 2898 3372 2952 traductum
3402 2897 3522 2951 est?
3560 2897 3620 2949 Si
3679 2938 3687 2946 .

361 2992 472 3062 γάρ
500 2992 635 3053 ὅλως
664 2988 896 3059 ὑπέστη.
921 2988 1022 3041 οὐκ
1054 2983 1123 3058 ἦν
1157 2986 1398 3059 δηλονότι
1423 2989 1577 3044 ποτέ.
1608 2989 1731 3055 Πῶς
1759 2991 1816 3044 δὲ
1845 2993 1946 3046 οὐκ

2052 2994 2191 3049 enim
2234 2993 2411 3049 factus
2450 3005 2505 3049 et
2543 2996 2872 3051 constitutus
2904 2994 3026 3062 fuit,
3074 2994 3265 3064 procul
3309 2993 3475 3048 dubio
3525 2993 3622 3047 ali-

366 3082 709 3151 αίσχύνονται
750 3080 1051 3151 μερισμοὺς
1080 3080 1173 3131 καί¹
1204 3080 1486 3150 ἀποτομὰς
1519 3081 1649 3150 περὶ
1674 3081 1773 3153 τὴν
1797 3081 1946 3136 θείαν

2052 3084 2262 3152 quando
2303 3100 2406 3139 non
2439 3084 2561 3142 fuit.
2597 3086 2711 3153 Quo
2746 3095 2904 3156 pacto
2950 3095 3131 3140 autem
3176 3100 3280 3139 non
3321 3086 3485 3154 pudet
3530 3100 3624 3138 cos

374 3174 623 3242 γέννησιν
670 3171 1030 3241 εἰσφέροντες,
1074 3171 1170 3223 καὶ
1199 3173 1312 3234 τοῖς
1340 3171 1442 3239 τῆς
1473 3171 1704 3242 γενητῆς
1735 3172 1947 3241 φύσεως

2052 3175 2345 3230 divisiones
2395 3186 2452 3230 et
2502 3178 2770 3232 sectiones
2819 3178 2871 3231 in
2922 3177 3157 3232 divinam
3219 3176 3622 3248 generationem

380 3264 565 3332 νόμοις
591 3262 926 3325 ὕποτιθέντες
971 3263 1069 3332 τὴν
1109 3262 1346 3333 ἄρρητον
1371 3262 1594 3328 οὐσίανς
1640 3263 1714 3316 Οὐ
1745 3263 1855 3335 γὰρ
1883 3265 1946 3336 δή

2052 3263 2328 3332 inducere,
2352 3275 2406 3320 et
2432 3265 2755 3322 ineﬂabilem
2795 3266 3152 3322 substantiam
3194 3276 3390 3322 creata:
3420 3276 3625 3321 naturae

386 3370 496 3407 mu
546 3357 655 3417 τοῖς
702 3355 902 3419 οἰκείοις
948 3356 1248 3425 ποιήμασιν
1296 3356 1409 3418 ίσος
1454 3354 1604 3409 ἔσται
1638 3356 1792 3423 Θεὸς,
1828 3357 1949 3410 οὐδὲ

2052 3354 2260 3427 legibus
2305 3356 2618 3427 subjicere?
2665 3358 2850 3429 Neque
2898 3360 3043 3413 enim
3101 3359 3363 3413 creaturis
3417 3359 3512 3414 abs
3568 3375 3627 3413 se

375 3443 529 3497 οὕτω
567 3444 810 3513 γεννήσει
836 3444 1082 3516 καθάπερ
1112 3446 1316 3497 ἐκεῖναο
1340 3444 1456 3497 ἀλλ’
1496 3444 1685 3516 ὥσπερ
1710 3448 1768 3499 ὲν
1801 3446 1947 3500 άπα-

2052 3445 2213 3502 t'actis
2232 3448 2460 3518 aequalis
2482 3458 2568 3504 est
2591 3447 2753 3514 Deus,
2774 3464 2948 3518 neque
2966 3450 3152 3503 eadem
3174 3449 3387 3503 ratione
3404 3457 3628 3519 generat

375 3556 467 3592 σιν
519 3536 774 3608 ὑπερέχει
820 3537 1019 3600 αὐτῶν,
1075 3536 1250 3599 οὕτως
1301 3536 1554 3607 ὑπερέξει
1604 3537 1704 3589 κάν
1752 3536 1947 3607 τούτῳ.

2053 3554 2160 3608 qua
2188 3539 2312 3605 illa;
2346 3542 2438 3595 sed
2476 3542 2618 3595 sicut
2648 3540 2700 3595 in
2730 3541 2943 3596 eteteris
2968 3540 3221 3596 onmibus
3240 3539 3358 3595 illas
3384 3539 3627 3606 excellit,

370 3629 482 3681 Καὶ
513 3629 563 3681 εί
591 3630 769 3698 πάσης
812 3628 925 3682 άνω
950 3628 1184 3698 γενητῆς
1230 3628 1420 3690 οὐσίας
1450 3628 1598 3679 ἐστὶν
1637 3630 1665 3680 ὁ
1694 3628 1827 3691 Θεὸς
1857 3628 1950 3681 καὶ

2054 3630 2132 3684 ita
2159 3629 2320 3684 etiam
2354 3630 2406 3683 in
2432 3631 2556 3686 hoc.
2587 3627 2656 3683 Et
2684 3631 2729 3685 si
2756 3645 2970 3687 omnem
3000 3638 3237 3685 creatam
3269 3630 3628 3686 substantiam

372 3719 582 3789 Πατὴρ,
619 3721 732 3774 άνω
780 3720 943 3773 πάλιν
973 3719 1141 3789 αὐτῆς
1178 3718 1328 3771 ἔσται
1372 3718 1466 3771 καὶ
1503 3717 1645 3772 κατὰ.
1672 3718 1760 3771 τὸν
1788 3720 1845 3771 ὲν
1876 3717 1950 3787 τῷ

2055 3719 2201 3773 Deus
2218 3734 2281 3773 ac
2313 3717 2477 3773 Pater
2509 3719 2667 3790 longe
2698 3730 2937 3791 superat,
2962 3721 3071 3776 erit
3091 3722 3262 3777 etiam
3286 3736 3349 3777 ea
3382 3723 3632 3793 superior

372 3813 565 3881 γεννᾷν
608 3812 832 3883 τρόπον,
874 3811 1127 3882 ἀρρήτως
1168 3809 1327 3864 τοῦτο
1373 3809 1542 3863 ποιῶν
1588 3810 1683 3863 καὶ
1730 3808 1950 3880 θεοπρε-

2055 3812 2355 3881 generandi
2386 3812 2569 3875 modo,
2618 3811 2965 3868 inetiabiliter
2998 3814 3284 3884 divineque
3315 3816 3368 3871 id
3402 3815 3628 3882 faciens.

378 3917 515 3965 πως.

1062 4014 1263 4069 ᾹΛΛΟ.

449 4131 769 4202 Μερισμοῦς
784 4128 877 4182 καὶ
895 4127 1220 4191 ἐλαττώσεις
1240 4126 1555 4196 ὑπομένειν,
1586 4126 1757 4199 αὔξην
1779 4146 1837 4182 τε
1864 4130 1957 4182 καὶ

382 4218 719 4290 πληθυσμὸν,
742 4221 836 4273 καὶ
868 4220 968 4283 τὰς
1001 4220 1057 4272 ὲν
1100 4218 1177 4288 τῷ
1209 4218 1414 4272 τίκτειν
1443 4219 1741 4290 άποῤῥοίας
1773 4220 1958 4290 σωμά-

378 4329 510 4376 των,
542 4311 672 4364 ἴδιον
706 4310 803 4363 καὶ
833 4310 942 4363 τῶν
973 4310 1072 4362 ὅσα
1098 4308 1201 4378 τῆς
1221 4309 1454 4378 γενητεῖμς
1486 4309 1672 4373 οὐσίας
1701 4309 1865 4364 ἐστίν.
1895 4311 1959 4363 Ei.

380 4402 557 4456 τοίνυν
584 4401 731 4454 οὕτω
753 4402 925 4455 τίκτει
963 4401 1115 4463 Θεὸς,
1145 4400 1335 4470 ὥσπερ
1362 4401 1457 4453 καὶ⁹
1484 4401 1554 4455 τά
1587 4400 1832 4472 σώματα,
1864 4403 1960 4456 καὶ

381 4495 649 4562 κρατήσει
674 4492 838 4561 νόμος
868 4491 954 4544 ἐπ’
977 4490 1141 4544 αὐτοῦ
1169 4489 1410 4554 τοιοῦτος
1437 4492 1622 4554 ὁποῖος
1652 4495 1710 4545 ὲν
1731 4495 1844 4557 τοῖς
1864 4510 1962 4547 πε-

381 4585 723 4654 ⁴νενικημένοις,
754 4582 898 4636 οὕτω
940 4580 1035 4635 καὶ
1062 4583 1456 4654 δημιουργήσει
1492 4583 1745 4654 καθάπερ
1771 4583 1866 4637 καὶ
1891 4585 1962 4639 τά

386 4679 637 4748 σώματα,
668 4677 921 4748 ὀργάνοις
947 4676 1145 4747 δηλαδὴ
1181 4676 1275 4729 καὶ
1306 4677 1460 4748 χερσὶ
1506 4677 1862 4748 κεχρημένος.
1900 4679 1965 4732 Ei.

379 4770 440 4823 ἃ
468 4772 566 4841 τῆς
594 4769 913 4840 σωματικῆς
942 4769 1035 4823 καὶ
1063 4768 1297 4839 γενητῆς
1326 4768 1537 4837 φύσεως
1569 4769 1712 4823 οὕτω
1736 4770 1968 4840 δυναμί-

382 4879 488 4933 νης
517 4861 870 4932 δημιουργεῖν
901 4860 994 4913 καὶ
1017 4860 1116 4930 οὐχ
1140 4859 1521 4931 ὲτέρως,λόγῳ
1548 4860 1614 4915 τά
1641 4862 1817 4915 πάντα
1838 4861 1969 4925 Θεὸς

382 4949 704 5022 ἐργάζεται,
750 4950 847 5004 καὶ
892 4950 947 5001 ὲν
981 4952 1047 5020 τῇ
1096 4947 1260 5003 αὐτοῦ
1300 4948 1549 5019 βουλήσει
1592 4949 1659 5004 τά
1700 4950 1826 5003 ὄντα
1870 4951 1970 5020 τὴν

383 5047 651 5100 σύστασιν
680 5043 816 5114 ἔχει,
834 5042 950 5106 πῶς
973 5043 1034 5096 οὐ
1063 5042 1267 5111 γελοῖον
1300 5045 1356 5096 ὲν
1384 5046 1499 5107 τοῖς
1528 5043 1971 5113 ἀξιολογωτέρας

380 5140 493 5192 καὶ
522 5137 730 5209 μείζοσι
764 5135 839 5207 μὴ
873 5134 985 5188 ἄνω
1012 5134 1225 5187 κεῖσθαι
1253 5135 1463 5197 πάθους
1512 5133 1602 5188 τὸν
1647 5134 1798 5199 Θεὸν,
1837 5136 1970 5206 μηδὲ

381 5229 710 5296 ἐξάλλεσθαι
739 5227 810 5281 τά
836 5229 950 5289 τοῖς
976 5224 1219 5297 σώμασιν
1250 5226 1475 5279 εἰωθότα
1506 5228 1820 5298 συμϐαίνειν
1842 5230 1972 5298 περὶ

377 5320 447 5371 τὸ
476 5321 670 5389 γεννᾷν
696 5360 710 5385 ,
742 5317 858 5371 ἀλλ’
896 5316 972 5380 ὡς
1005 5317 1065 5381 ἐξ
1098 5319 1346 5390 ἀνάγκης
1378 5317 1549 5381 οὓτως
1584 5316 1721 5372 εἶναι
1752 5320 1879 5390 περὶ
1912 5320 1974 5372 τὸ

376 5411 612 5479 γεννᾷν,
630 5409 883 5478 καθάπερ
906 5408 998 5460 καὶ
1022 5409 1091 5461 τά
1115 5407 1578 5479 σώματα.”Ωσπερ
1602 5404 1695 5462 οὖν
1715 5409 1975 5480 δημιουρ·

374 5502 485 5569 γεί
517 5499 614 5571 μὲν
668 5499 768 5569 οὐχ
794 5497 868 5561 ὡς
899 5496 1205 5568 ἄνθρωπος,
1244 5499 1364 5552 οὐδὲ
1407 5499 1482 5562 ὼς
1510 5499 1689 5570 σῶμα,
1714 5498 1857 5552 οὕτω
1882 5499 1977 5552 καὶ

377 5593 564 5663 γεννᾷ
584 5594 703 5654 ταῖς
723 5591 831 5643 τῶν
858 5590 1128 5661 σωμάτων
1149 5591 1452 5662 συνηθείαις
1470 5593 1565 5663 οὐχ
1595 5592 1971 5664 ὑποκείμενος.

469 5710 518 5741 ⁸⁵
557 5708 745 5765 Matth.
792 5723 925 5767 uti.
964 5706 1053 5760 ‘29.

2726 4008 2954 4065 ALIUD.

2143 4121 2445 4177 Divisiones
2524 4128 2580 4176 et
2657 4119 3083 4191 imminutiones,
3160 4122 3515 4190 incrementa,
3581 4133 3637 4179 et

2060 4214 2429 4284 suppletiones
2479 4227 2543 4267 ae
2588 4210 2834 4267 dcﬂuxus
2882 4213 2936 4267 in
2988 4216 3297 4284 generando
3346 4228 3636 4282 corporum

2060 4306 2282 4378 propria
2332 4311 2478 4370 sunt,
2517 4313 2788 4359 eteorum
2839 4319 2961 4375 quae
2989 4313 3227 4361 creatam
3277 4307 3635 4361 substantiam

2062 4398 2286 4453 habent.
2335 4395 2392 4451 Si
2439 4396 2604 4467 igitur
2650 4394 2795 4451 Deus
2858 4396 2931 4450 ita
2981 4397 3156 4468 gignit
3195 4398 3335 4451 sicut
3382 4412 3637 4468 corpora,

2066 4491 2365 4559 eademque
2398 4490 2514 4559 lege
2542 4497 2754 4543 tenetur
2773 4502 2880 4558 qua
2911 4498 3196 4553 creaturae,
3234 4490 3446 4544 creabit
3472 4490 3638 4543 etiam

2070 4580 2530 4651 quemadmodum
2562 4593 2812 4650 corpora,
2862 4578 3240 4635 instrumentis
3286 4580 3543 4636 nimirum
3585 4590 3641 4634 et

2072 4674 2325 4729 manibus
2364 4681 2544 4727 utens.
2595 4671 2653 4727 Si
2702 4685 2834 4726 vero
2883 4686 3005 4725 eum
3055 4685 3314 4740 corporea
3361 4678 3416 4725 et
3460 4679 3640 4724 creata

2071 4776 2268 4822 natura
2317 4765 2389 4820 ita
2416 4763 2632 4835 operari
2671 4764 2841 4833 possit
2884 4776 3059 4831 neque
3089 4760 3264 4826 aliter,
3312 4761 3453 4815 Deus
3478 4761 3643 4837 veer

2072 4856 2255 4910 omnia
2300 4863 2575 4925 Operatnr,
2620 4861 2677 4908 et
2719 4852 2774 4907 in
2811 4852 2928 4923 ejus
2965 4851 3242 4906 voluntate
3284 4849 3465 4906 omnia
3511 4866 3643 4905 con-

2077 4948 2295 5011 sistunt,
2328 4960 2434 5015 quo
2479 4953 2636 5014 pacto
2681 4958 2786 4998 non
2839 4941 3124 4996 ridiculum
3178 4939 3343 4997 fuerit
3383 4941 3437 4996 in
3485 4942 3647 4997 rebus

2079 5036 2418 5108 dignioribus
2460 5045 2516 5089 et
2549 5034 2805 5089 momenti
2858 5033 3027 5087 Deum
3074 5048 3178 5087 non
3210 5047 3331 5088 esse
3368 5044 3649 5103 expertem

2079 5130 2369 5199 passionis,
2400 5128 2507 5200 [‘7
2526 5142 2701 5198 neque
2726 5140 3009 5195 corporum
3040 5125 3094 5180 in
3116 5125 3426 5197 generando
3460 5125 3649 5180 condi-

2079 5222 2278 5277 tionem
2312 5235 2569 5291 supcrare
2589 5261 2604 5287 ,
2628 5219 2721 5274 sed
2750 5218 2911 5273 veluti
2954 5220 3280 5273 necessitate
3318 5219 3546 5287 quadam
3576 5219 3645 5272 ita

2078 5326 2338 5384 generare
2394 5320 2453 5365 ut
2492 5310 2725 5380 corpus?
2764 5308 3228 5376 Quemadmodum
3284 5308 3448 5377 igitur
3502 5319 3649 5363 creat

2079 5421 2183 5460 non
2215 5414 2271 5459 ut
2308 5405 2489 5469 homo,
2525 5417 2701 5471 neque
2746 5411 2804 5458 ut
2846 5416 3067 5472 corpus,
3105 5402 3179 5457 ita
3228 5401 3389 5455 etiam
3431 5411 3655 5471 generat

2079 5513 2367 5571 corporum
2391 5494 2764 5556 consuetudini
2802 5507 3143 5567 nequaquam
3173 5493 3452 5551 astrictus.
