4032 6212
341 281 426 352 79'
687 339 694 346 .
1327 295 1382 350 s.
1421 291 1691 349 CYRlLLl
1732 291 2198 350 ALnxmomNt
2238 293 2560 352 ancmer.
3513 287 3580 346 so

683 409 911 475 ALIUD,
939 412 1006 465 ad
1036 411 1108 464 rei
1142 411 1561 480 explicationem.

421 526 576 578 Pater
609 522 800 576 Filium
831 537 894 577 ex
926 522 1104 592 seipso
1129 522 1332 590 absque
1367 521 1635 574 divisione
1683 530 1775 575 aut
1823 523 1907 575 in-

343 613 568 671 tervallo
606 613 876 681 produxit,
918 612 1376 680 quemadmodum
1424 619 1477 664 et
1529 609 1612 664 sol
1659 610 1908 678 Splendo-

347 723 458 762 rem
485 721 547 758 ex
599 720 657 759 se
705 704 985 759 emissum.
1030 703 1290 768 Quamvis
1333 700 1585 770 splendor
1620 702 1753 757 solis
1797 718 1905 756 non

344 801 542 853 habeat
592 796 865 867 propriam
912 793 1268 863 hypostasim,
1305 805 1480 858 neque
1518 791 1756 859 perfecte
1793 792 1908 861 ipse

344 891 399 944 in
442 890 622 958 seipso
657 891 892 942 essentia
941 885 1062 938 sit:
1115 883 1275 937 habet
1310 882 1453 936 enim
1499 897 1656 936 suum
1689 897 1808 936 esse
1855 884 1906 938 in

344 981 487 1045 sole;
536 979 778 1033 divinum
823 989 952 1030 vero
999 975 1245 1042 genimen
1295 973 1395 1026 hoc
1447 981 1653 1026 tantum
1699 988 1760 1027 ex
1807 975 1906 1027 hoc

343 1074 587 1141 exemplo
616 1071 773 1124 habet
819 1066 960 1135 quod
1004 1079 1071 1120 ex
1111 1063 1272 1118 Patre
1313 1063 1568 1132 procedat
1609 1064 1744 1116 citra
1775 1063 1908 1118 divi-

343 1167 551 1219 sionem
582 1162 743 1215 ullam
785 1169 838 1214 et
864 1158 1070 1226 absque
1108 1155 1305 1224 spatio,
1336 1156 1716 1224 propriamque
1749 1155 1908 1210 habet

347 1251 680 1324 hypostasim
710 1265 814 1304 non
843 1255 1145 1316 separatam
1189 1260 1217 1298 a
1244 1245 1422 1308 Patre,
1456 1245 1549 1298 sed
1583 1245 1635 1298 in
1661 1244 1821 1299 Patre
1856 1256 1910 1300 et

344 1361 464 1398 cum
518 1342 680 1396 Patre
717 1339 1043 1393 intellectam
1089 1344 1251 1403 atque
1305 1334 1678 1390 exsistentem.
1723 1335 1911 1389 Dicere

345 1445 524 1489 autem
567 1433 858 1488 sectionem
913 1437 966 1483 et
1009 1427 1335 1482 decisionem
1380 1426 1433 1479 in
1464 1426 1640 1481 divina
1695 1439 1911 1494 genera-

347 1527 492 1578 tione
520 1522 714 1575 factam
743 1521 927 1582 fuisse,
961 1518 1215 1571 immanis
1247 1515 1470 1569 insania:
1505 1524 1588 1569 est
1618 1517 1911 1569 documen-

347 1623 479 1666 tum.
512 1611 641 1665 Cum
673 1609 815 1664 enim
839 1608 1091 1663 divinitas
1125 1607 1242 1660 loco
1274 1622 1378 1660 non
1403 1603 1904 1668 circumscribatur,

347 1719 414 1757 ne
446 1703 494 1756 id
519 1701 733 1770 quidem
766 1699 906 1768 quod
931 1715 996 1754 ex
1025 1714 1088 1754 eo
1108 1697 1350 1766 procedit
1375 1697 1426 1750 in
1458 1696 1576 1751 loco
1613 1697 1736 1751 erit.
1756 1695 1907 1761 Quod

347 1811 475 1849 vero
498 1808 670 1862 neque
696 1793 746 1846 in
783 1793 900 1845 loco
927 1799 1032 1855 est,
1063 1805 1236 1858 neque
1271 1804 1388 1844 esse
1418 1797 1614 1858 potest,
1645 1786 1912 1856 quomodo
1946 1780 1986 1836 Β

347 1886 582 1956 separari
607 1885 818 1955 potest?
837 1884 1081 1950 Quonam
1109 1884 1251 1935 enim
1279 1880 1374 1934 ibit
1397 1881 1540 1948 quod
1566 1888 1770 1933 sectum
1795 1877 1912 1930 est?

346 1985 438 2032 aut
463 1993 494 2030 e
530 1976 715 2045 quoin
740 1989 899 2044 quem
934 1970 1328 2026 transferetur?
1359 1970 1472 2023 haec
1500 1967 1764 2036 siquidem
1793 1980 1914 2019 cor-
1957 1995 1972 2007 -

348 2083 536 2137 porum
588 2072 712 2120 sunt
759 2063 1018 2132 propria,
1066 2063 1133 2114 ab
1188 2060 1506 2126 incorporea
1558 2071 1686 2109 vero
1722 2065 1911 2108 natura

348 2169 570 2230 prersns
617 2155 812 2209 aliena.
857 2152 933 2207 Ne
983 2153 1146 2221 igitur
1181 2150 1344 2219 impie
1375 2150 1427 2202 in
1477 2149 1656 2204 divina
1686 2162 1917 2219 genera-

351 2251 512 2304 tionov
547 2243 829 2306 deﬂuxus,
889 2241 1280 2310 separationes,
1351 2249 1515 2306 atque
1572 2239 1656 2294 his
1721 2239 1917 2292 similia

349 2336 856 2393 comminiscuntur.
896 2330 1160 2400 Suprema
1214 2329 1354 2383 enim
1402 2328 1490 2382 illa
1530 2328 1772 2382 omnium
1817 2342 1915 2380 na-

351 2441 470 2483 tura
496 2426 628 2481 nulli
656 2423 913 2494 passioni,
949 2420 1272 2491 separationi
1310 2429 1402 2474 aut
1430 2419 1656 2475 sectioni
1707 2428 1790 2473 est
1818 2419 1916 2472 ob-

351 2519 534 2584 noxia,
593 2529 769 2584 neque
819 2528 1104 2582 corporqu
1160 2512 1517 2580 preprictates
1568 2511 1778 2579 recipit.
1810 2508 1920 2563 Sed

349 2608 798 2678 quemadmodum
853 2612 1002 2658 creat
1062 2601 1422 2664 mirabiliter,
1479 2601 1748 2669 longeque
1813 2599 1918 2652 alio

349 2712 535 2766 quam
563 2705 748 2749 nostra
795 2691 1129 2746 consuetudo
1164 2692 1268 2745 fert
1299 2690 1479 2755 modo,
1537 2689 1609 2742 ita
1649 2689 1808 2743 etiam
1836 2701 1920 2755 ge-

352 2797 506 2844 nerat
530 2803 594 2841 ex
629 2801 689 2841 se
722 2784 824 2838 alia
859 2783 1068 2837 ratione
1095 2795 1257 2850 quam
1290 2794 1441 2834 nos:

355 2920 615 2987 Exeirtpla
666 2918 1018 2986 particulatim
1064 2915 1391 2987 tleclargntia
1429 2930 1529 2981 quo
1557 2924 1707 2980 pacto
1747 2913 1921 2969 Filius

584 2983 716 3044 citra
748 2987 1129 3056 separatione»:
1169 3001 1196 3038 ο
1227 2983 1386 3037 Patre
1409 2987 1683 3052 processit.

426 3125 617 3180 Sermo
646 3119 1038 3184 enuntiativus,
1072 3132 1180 3186 quo
1213 3117 1435 3183 utimur,
1472 3118 1524 3170 in
1565 3125 1744 3172 mente
1774 3127 1826 3172 et
1855 3133 1920 3172 ex
1949 3112 1990 3165 C

352 3227 534 3271 mente
561 3214 821 3285 gignitur,
853 3223 1015 3280 atque
1039 3209 1179 3264 alius
1203 3209 1420 3280 quidem
1461 3208 1675 3262 videtur
1699 3221 1822 3262 esse
1854 3210 1921 3261 ab

352 3322 417 3362 eo
453 3306 546 3375 qui
587 3304 640 3358 in
683 3303 844 3358 corde
879 3300 1138 3371 agitatur,
1169 3307 1438 3368 quatenus
1473 3308 1627 3353 extra
1662 3313 1724 3353 os
1754 3298 1919 3353 veluti

351 3413 382 3453 e
411 3395 651 3452 tenebris
683 3395 738 3449 in
769 3394 944 3448 lucem
975 3391 1242 3446 emittitur
1268 3407 1283 3454 ;
1315 3399 1401 3446 est
1429 3399 1610 3445 autem
1648 3405 1837 3444 rursus
1871 3391 1920 3443 in

352 3505 440 3553 eo,
465 3489 764 3556 similisque
803 3486 850 3540 ei
903 3495 986 3538 est
1027 3498 1122 3552 per
1155 3483 1359 3538 omnia.
1397 3483 1452 3536 ln
1495 3495 1745 3536 sermone
1779 3481 1922 3537 enim

352 3581 566 3633 videtur
606 3577 863 3646 cogitatio
895 3574 1096 3636 cordis,
1122 3581 1175 3627 et
1215 3588 1401 3628 rursus
1439 3573 1490 3626 in
1521 3581 1701 3625 mente
1745 3585 1924 3625 sermo

353 3671 590 3726 nondum
642 3665 910 3736 loquendo
947 3679 1265 3734 expressus.
1295 3663 1369 3717 Ita
1410 3663 1572 3718 etiam
1608 3661 1776 3716 Filius
1809 3660 1923 3724 Dei,

353 3765 558 3833 absque
601 3759 949 3830 separatione
993 3773 1023 3812 e
1067 3756 1227 3810 Patre
1276 3755 1596 3825 procedens,
1642 3753 1755 3825 48
1797 3753 1926 3808 cha-

355 3864 534 3910 racter
563 3863 644 3909 cst
669 3861 720 3907 ct
747 3864 1004 3920 expressa
1037 3849 1207 3918 figura
1237 3846 1586 3917 proprietatis
1608 3861 1719 3902 sua:
1745 3863 1758 3899 :
1791 3846 1926 3900 Ver-

351 3948 477 4002 bum
515 3945 658 3999 enim
708 3951 792 3997 est
832 3939 1172 4010 hypostatice
1215 3938 1485 3992 exsistens
1530 3945 1584 3990 et
1631 3936 1819 3989 vivens
1858 3949 1923 3987 ex

351 4038 472 4094 vivo
505 4035 684 4090 Patre.

1027 4155 1252 4213 ALIUD.

383 4309 388 4312 -
421 4277 500 4330 Ita
531 4273 716 4343 genuit
738 4286 805 4328 ex
831 4285 891 4326 se
922 4269 1082 4325 Pater
1103 4269 1298 4324 Filium
1331 4270 1536 4338 absque
1561 4267 1924 4338 separatione,
1981 4258 1984 4262 ’

351 4382 416 4422 ac
447 4366 492 4421 si
523 4363 740 4432 Sapiens
765 4359 963 4430 aliquis
1005 4362 1190 4430 gignat
1223 4361 1440 4431 aliquod
1480 4361 1780 4424 inventum,
1809 4361 1924 4416 sive

2456 415 2657 471 ΑΛΛΟ.
2689 407 3137 479 διηγηματικῶς.

2093 527 2151 578 '0
2181 525 2366 596 Πατὴρ
2401 523 2698 593 ἐξέλαμψεν
2747 521 2804 586 ἐξ
2846 521 3038 575 ἑαυτοῦ
3071 521 3160 572 τὸν
3213 519 3340 571 Tibi)
3389 519 3570 589 ἀμερίο

2014 633 2151 680 στως
2191 633 2250 668 τε
2289 617 2384 669 καὶ
2411 614 2765 676 ἀδιαστάτως,
2809 611 2996 681 ὥσπερ
3034 605 3126 663 οὖν
3154 611 3245 662 καὶ
3281 611 3310 661 6
3335 609 3484 680 ἥλιος
3523 608 3582 660 τὲ

2013 705 2070 771 ἐξ
2107 703 2274 757 αὐτοῦ
2316 702 2666 774 πεμπόμενον
2709 701 3070 770 ἀπαύγασμα.
3110 699 3246 751 Ἀλλ’
3280 700 3455 751 ἐκεῖνο
3487 699 3584 768 μὲν

2010 797 2111 848 οὐκ
2155 794 2519 848 ίδιοσύστατον
2561 791 2681 846 οὐδὲ
2707 793 2806 861 τὴν
2837 792 3024 845 οὐσίαν
3053 789 3263 852 ἐντελὲς
3296 789 3428 841 αὐτὸ
3459 787 3583 841 καθ’

2012 887 2176 941 αὑτό·
2210 885 2321 955 ἔχει
2374 884 2482 956 γὰρ
2529 885 2585 937 ὲν
2627 882 2704 952 τῷ
2739 881 2876 952 ἡλίῳ
2915 882 2976 934 τὸ
3022 876 3194 934 εἶναι’
3233 880 3293 931 τὸ
3338 879 3394 931 δὲ
3444 879 3585 931 θεῖον

2012 977 2255 1047 γέννημα
2305 977 2470 1046 μόνον.
2515 975 2638 1044 ἕχον
2685 974 2750 1026 ἐκ
2793 972 2885 1026 τοῦ
2936 972 3379 1042 παραδείγματος
3414 970 3473 1021 τὸ
3521 970 3587 1021 ἐκ.

2014 1065 2221 1136 Πατρος
2253 1063 2530 1136 προελθεῖν
2574 1062 2887 1132 ἀμερίστως
2918 1062 3011 1114 καὶ
3057 1060 3412 1121 ἁδιαστάτως,
3453 1057 3586 1109 ἰδίαν

2011 1156 2122 1226 ἔχει
2157 1157 2255 1226 τὴν
2283 1154 2522 1228 ὓπαρξιν
2550 1155 2610 1206 οὐ
2645 1151 3057 1222 κεχωρισμένην
3084 1150 3179 1203 τοῦ
3210 1150 3439 1219 Πατρὸς,
3472 1139 3586 1201 ἀλλ’

2012 1250 2072 1300 ὲν
2105 1247 2276 1315 [In-pl.
2305 1247 2399 1298 καὶ
2434 1244 2569 1315 μετά
2599 1243 2808 1315 Πατρδς
2851 1243 3147 1312 νοουμένην
3183 1241 3278 1294 καὶ
3316 1241 3588 1310 ὑπάρχου-

2015 1353 2133 1392 σαν.
2161 1337 2234 1389 Τὸ
2262 1337 2318 1389 δὲ
2354 1336 2531 1404 λέγειν
2575 1337 2656 1388 ὅτι
2690 1333 2829 1404 τομὴ
2884 1333 2980 1386 mi.
3025 1332 3277 1404 ἀποκοπὴ
3323 1333 3448 1401 περὶ
3491 1330 3591 1400 τὴν

2011 1430 2262 1501 γέννησιν
2311 1429 2475 1483 αὐτοῦ
2535 1430 2760 1498 γέγονε,
2819 1428 3014 1498 μανίας
3071 1427 3308 1496 ἀμέτρου
3367 1425 3590 1496 σημεῖόν

2013 1524 2177 1577 ἐστιν.
2221 1521 2438 1589 Ἐπειδὴ
2490 1502 2600 1590 γὰρ
2648 1521 2748 1574 οὐκ
2781 1522 2836 1572 ὲν
2885 1519 3034 1588 τόπῳ
3093 1517 3478 1588 περιείληπται
3531 1516 3592 1569 τὸ

2015 1611 2177 1675 θεῖον,
2218 1613 2335 1666 οὐδὲ
2364 1615 2420 1665 ἐν
2452 1616 2601 1682 τύπῳ
2630 1611 2855 1682 τοιούτῳ
2884 1611 2944 1664 τὸ
2979 1610 3038 1674 ἐξ
3070 1609 3252 1662 αὐτοῦ.
3301 1609 3375 1660 Τὸ
3420 1607 3477 1660 δὲ
3513 1607 3591 1677 μὴ

2012 1701 2071 1754 ὃν
2103 1703 2160 1754 ἐν
2189 1703 2355 1772 τόπῳ,
2399 1703 2432 1772 ἦ
2465 1704 2556 1755 καὶ
2595 1703 2668 1773 μὴ
2713 1697 2850 1754 εἶναι
2895 1701 3211 1770 δυνάμενον,
3248 1699 3364 1762 πῶς
3411 1699 3590 1750 ἐπιδέ-

2015 1809 2165 1862 χεται
2211 1793 2504 1862 μερισμόν;
2553 1793 2651 1844 Ποῖ
2710 1791 2816 1860 γὰρ
2857 1793 3097 1861 χωρήσει
3126 1791 3186 1842 τὸ
3219 1789 3593 1858 τεμνόμενον;

2015 1885 2048 1954 ἢ
2077 1886 2140 1938 ὲκ
2167 1885 2309 1946 τίνος
2334 1885 2412 1946 είς
2441 1885 2491 1935 τί
2526 1885 2904 1953 μετοιχήσεται
2933 1900 2946 1947 ;
2978 1881 3150 1934 ταῦτα
3181 1880 3288 1949 γὰρ
3325 1881 3594 1948 σωμάτων

2019 1974 2117 2043 μὲν
2151 1975 2287 2038 ἴδια,
2323 1975 2420 2040 τῆς
2462 1973 2519 2025 δὲ
2548 1975 2839 2041 ἀσωμάτου
2878 1973 3091 2040 φύσεως
3135 1969 3412 2032 παντελῶς
3441 1969 3596 2023 ἀλλύ-

2016 2080 2162 2134 τρια.
2197 2063 2288 2132 Μὴ
2319 2063 2496 2114 τοίνυν
2521 2061 2797 2123 δυσσεϐῶς
2828 2060 3257 2114 ἀναπλάττωσάν
3288 2077 3432 2122 τινες
3467 2061 3596 2128 περὶ

2015 2155 2116 2225 τὴν
2159 2154 2310 2208 θείαν
2357 2154 2608 2222 γέννησιν
2648 2153 2745 2215 τάς
2772 2170 2832 2205 τε
2885 2153 3227 2222 καλουμένας
3257 2151 3594 2224 ἀπορροίας,

2020 2245 2113 2298 καὶ
2151 2251 2470 2315 μερισμους,
2501 2246 2611 2296 ’καὶ
2641 2244 2738 2296 ὅσα
2775 2244 2911 2316 πρὸς
2951 2244 3125 2297 ταῦτα
3151 2244 3248 2314 τὴν
3279 2245 3597 2312 συγγένειαν

2019 2333 2151 2402 ἔχει.
2185 2335 2332 2386 ’Ἄνω
2379 2335 2488 2402 γὰρ
2525 2332 2729 2394 πάθους
2763 2333 2858 2385 καὶ
2894 2333 3165 2404 μερισμοῦ
3197 2335 3292 2387 καὶ⁸
3323 2334 3522 2404 τομῆς,
3563 2336 3596 2402 ή

2019 2423 2126 2476 τῶν
2157 2423 2374 2477 πάντων
2413 2423 2779 2493 ὑπερκειμένη
2811 2423 2993 2492 φύσις,
3022 2425 3117 2477 καὶ
3154 2425 3254 2478 οὐκ
3288 2423 3594 2488 ἐπιδείξεται

2018 2514 2088 2568 τὰ
2137 2514 2403 2585 σωμάτων
2436 2515 2561 2568 ἴδια.
2606 2515 2744 2568 Ἀλλ’
2774 2515 2965 2586 ὥσπερ
3006 2517 3330 2588 δημιουργεῖ
3359 2517 3597 2587 παραδόα

2022 2605 2160 2671 ξως,
2203 2606 2264 2658 οὐ
2295 2605 2434 2658 κατὰ
2478 2607 2568 2659 τὸν
2615 2607 2714 2676 τῆς
2757 2607 3065 2679 κρατούσης
3119 2609 3248 2680 παρ’
3295 2611 3428 2680 ἡμῖν
3472 2627 3598 2662 συν-
3635 2616 3645 2623 ’

2019 2698 2206 2768 ηθείας
2239 2699 2418 2768 νόμον,
2451 2699 2592 2752 οὕτω
2623 2701 2715 2752 καὶ
2753 2701 3002 2769 γεννήσει
3030 2700 3090 2752 τὸ
3124 2700 3180 2766 ἐξ
3225 2701 3395 2770 αὐτῆς
3435 2701 3602 2767 ξένιος

2020 2787 2054 2859 ἢ
2082 2787 2201 2842 καθ’
2231 2787 2410 2859 ἡμῶν.

2035 2921 2470 2991 ’Υποδείγματα
2534 2924 2789 2988 μερικῶς
2860 2922 3235 2991 σημαίνοντα
3305 2921 3401 2982 τὸ,
3478 2919 3602 2986 πῶς

2165 2990 2499 3060 ἀμερίστως
2527 2993 2594 3044 ἐκ
2637 2991 2866 3058 Πατρός
2901 2990 3208 3059 προῆλθεν
3240 2993 3272 3044 ό
3306 2992 3457 3056 Υἱός.

2106 3125 2162 3176 '0
2216 3123 2368 3192 λόγος
2405 3117 2556 3186 οὗτος
2606 3125 2632 3176 6
2672 3123 3001 3193 προφορικὸς
3141 3122 3490 3194 κεχρήμεθα,
3525 3125 3605 3184 εἰς

2025 3216 2147 3270 νοῦν
2178 3217 2273 3269 καὶ
2304 3217 2368 3269 ἐκ
2400 3216 2490 3268 νοῦ
2534 3217 2810 3285 γεννᾶται,
2845 3218 2938 3270 καὶ
2977 3217 3122 3269 δοκεῖ
3157 3219 3256 3287 μὲν
3296 3218 3480 3288 ἕτερος
3527 3213 3605 3270 εἷ-

2028 3325 2112 3360 ναι
2145 3305 2296 3377 παρὰ
2324 3306 2414 3358 τὸν
2444 3307 2502 3360 ἐν
2531 3305 2728 3376 καρδίᾳ
2766 3311 3152 3377 στρεφόμενον,
3187 3305 3324 3358 καθὸ
3356 3307 3460 3371 ἔξω
3491 3307 3609 3360 στό-

2029 3413 2197 3466 ματος
2251 3395 2490 3464 γίγνεται
2535 3396 2886 3466 πεμπόμενος
2929 3396 3118 3465 ὥσπερ
3169 3397 3232 3446 ἐκ
3287 3395 3484 3464 βάθους
3529 3398 3608 3456 εἰς

2027 3487 2160 3556 φῶς.
2194 3488 2349 3539 Ἔστι
2381 3487 2436 3539 δὲ
2475 3487 2634 3540 πάλιν
2668 3488 2724 3538 ἐν
2754 3486 2923 3556 αὐτῷ,
2955 3488 3049 3539 καὶ
3077 3489 3259 3557 ὅμοιος
3290 3487 3437 3556 αὐτῷ
3467 3489 3606 3541 κατὰ

2027 3578 2222 3632 πάντα.
2250 3579 2404 3631 Ἐστι
2447 3579 2555 3649 γὰρ
2587 3579 2711 3631 ἰδεῖν
2757 3580 2812 3630 ἐν
2843 3578 2992 3649 αὐτῷ
3029 3579 3171 3650 λόγῳ
3203 3580 3291 3632 τὸν
3323 3581 3379 3631 ἓν
3409 3579 3604 3648 καρδίᾳ

2027 3668 2292 3738 κληθέντα
2321 3670 2600 3740 λογισμὸν,
2628 3670 2721 3722 καὶ
2747 3669 2909 3723 πάλιν
2940 3672 2996 3724 ὲν
3028 3670 3105 3740 τῷ
3127 3671 3201 3742 νῷ
3228 3671 3314 3725 τὸν
3341 3671 3497 3739 λόγον
3524 3669 3602 3722 ἔτι

2029 3767 2399 3837 σιωπώμενον.
2443 3765 2599 3819 Οὕτω
2633 3768 2725 3820 καὶ
2757 3769 2783 3820 6
2818 3765 2946 3830 Υἱὸς
2981 3766 3070 3819 τοῦ
3104 3767 3262 3831 Θεοῦ,
3293 3767 3604 3838 ἀμερίστως

2027 3861 2092 3910 ὲκ
2115 3857 2326 3927 Πατρὺς
2350 3856 2646 3926 προελθὼν,
2668 3859 2954 3928 χαρακτήρ
2975 3859 3090 3911 ἐστι
3117 3859 3211 3911 καὶ
3232 3857 3479 3928 ὁμοίωμα
3508 3859 3607 3929 τῆς

2031 3951 2288 4021 ἰδιότητος
2333 3951 2517 4013 αὐτοῦ,
2547 3949 2715 4017 Λόγος
2745 3949 2821 4002 ὣν
2868 3950 3236 4014 ἑνυπόστατος
3284 3950 3376 4004 καὶ
3409 3949 3516 4013 ζῶν
3545 3952 3610 4004 ὲκ

2027 4041 2225 4105 ζῶντος
2263 4042 2377 4096 Πατ
2386 4042 2492 4112 ρός,

2710 4178 2914 4230 ΛΔΛΟ.

2099 4289 2284 4354 Οὕτως
2346 4289 2636 4361 ἐγέννησεν
2685 4289 2744 4355 ἐξ
2798 4290 2991 4343 ἑαυτοῦ
3042 4290 3134 4343 τὸν
3181 4290 3307 4342 Υίὸν
3356 4292 3384 4342 6
3419 4291 3607 4360 Πατὴρ

2027 4377 2372 4451 ἀμερίστως,
2407 4379 2484 4442 ὡς
2518 4379 2582 4432 ἂν
2616 4380 2665 4432 εί
2708 4379 2870 4448 σοφὸς
2903 4379 3162 4432 ἀποτέκοι
3208 4379 3386 4450 νόημα
3423 4379 3604 4449 σοφὸν,

355 4453 753 4515 mechanicum,
790 4453 903 4506 sive
929 4453 1342 4521 geometricum,
1379 4451 1493 4507 sive
1527 4449 1790 4520 ejusmodi
1821 4451 1919 4506 ali-

2029 4449 2338 4537 μηχανικὴν
2383 4467 2566 4536 τυχὸν,
2614 4467 3043 4538 ἣγεωμετρίαν,
3091 4468 3124 4538 ἢ
3172 4449 3356 4539 ἕτερόν
3399 4486 3450 4521 τι
3500 4467 3607 4521 τῶν

350 4545 499 4618 quid.
527 4542 790 4599 Videntur
817 4541 962 4596 enim
994 4542 1396 4618 quodammodo
1421 4542 1699 4612 sapientia:
1716 4541 1924 4598 fructus

350 4653 491 4700 esse,
519 4644 682 4705 atque
711 4634 782 4687 ita
817 4639 1014 4687 natura
1045 4647 1102 4688 se
1148 4633 1382 4700 habent;
1411 4633 1562 4702 atqui
1595 4648 1700 4688 non
1728 4641 1812 4689 est
1840 4647 1925 4688 se-

350 4737 538 4798 parata
571 4741 600 4781 a
647 4722 913 4794 sapientia
958 4737 1046 4776 ars
1077 4737 1196 4791 qua:
1242 4736 1308 4778 ex
1356 4709 1534 4778 ea'est
1574 4723 1921 4793 excogitata:

351 4817 448 4874 sed
478 4827 560 4874 est
599 4832 666 4873 ex
715 4815 830 4886 ipsa
862 4825 917 4869 et
947 4815 1000 4868 in
1050 4815 1162 4882 ipsa
1189 4813 1468 4886 genitricis
1501 4830 1612 4870 suae
1636 4816 1924 4886 imaginem

351 4911 701 4979 exprimens,
751 4916 808 4963 et
842 4906 978 4963 citra
1018 4907 1419 4976 separationem
1458 4907 1603 4963 aliud
1646 4909 1922 4980 quidpiam

354 5015 480 5058 esse
505 4999 739 5055 videtur.
763 4998 844 5053 Ita
887 5007 941 5054 et
976 4999 1253 5069 generatio
1282 4999 1425 5067 Filii,
1455 5017 1575 5056 cum
1609 5001 1679 5055 sit
1717 5002 1924 5072 absque

351 5093 696 5164 separatione
741 5105 808 5145 cx
848 5090 1028 5157 Patre,
1079 5094 1131 5147 in
1181 5108 1277 5148 sua
1323 5093 1598 5166 bypostasi
1635 5103 1922 5158 servatur,

349 5189 513 5257 longe
539 5196 719 5242 tamen
762 5181 921 5250 hujus
952 5186 1182 5256 exempli
1241 5187 1354 5242 sive
1386 5185 1757 5241 similitudinis
1817 5185 1924 5240 vim

347 5277 635 5334 excedens.
1078 5287 1080 5289 ·

1021 5391 1250 5448 ALIUD.

421 5505 520 5574 Qui
548 5505 850 5560 divinorum
881 5503 1190 5573 dogmatum
1212 5505 1496 5561 veritatem
1521 5516 1793 5576 quierunt,
1817 5522 1922 5559 non

351 5598 407 5654 in
431 5598 698 5654 humanas
750 5595 986 5649 rationes
1024 5596 1221 5650 mentis
1244 5597 1433 5655 oculos
1471 5597 1790 5665 conjiciunt.
1820 5594 1927 5650 Ne-

352 5704 458 5760 que
514 5689 640 5760 quia
673 5687 836 5748 Pater
871 5686 1056 5760 genuit
1103 5686 1344 5752 Filium.
1405 5689 1752 5749 imminutum
1799 5705 1921 5746 eum

2026 4558 2303 4612 τοιούτων.
2336 4560 2492 4614 Δοκεῖ
2527 4559 2624 4630 μὲν
2659 4559 2768 4630 γάρ
2807 4577 2924 4623 πως
2972 4560 3164 4630 σοφίας
3216 4556 3353 4615 εἶναι
3401 4562 3606 4632 καρπὸς

2026 4649 2092 4703 τά
2141 4649 2389 4714 τοιαῦτα,
2423 4653 2518 4703 καὶ¹
2561 4649 2734 4714 οὕτως
2764 4649 2876 4721 ἔχει
2909 4651 3006 4722 τὴν
3041 4652 3233 4721 φύσιν·
3269 4652 3380 4705 ἀλλ’
3415 4653 3474 4704 ού
3510 4669 3606 4722 με·

2031 4741 2282 4812 μέρισται
2311 4744 2409 4812 τῆς
2441 4742 2632 4810 σοφίας
2671 4745 2703 4811 ὴ
2741 4742 2799 4808 ἐξ
2827 4743 2998 4813 αὐτῆς
3044 4743 3392 4813 ὲπινοηθεῖσα
3416 4743 3603 4812 τέχνη’

2026 4832 2140 4885 ἀλλ’
2163 4831 2311 4885 ἐστιν
2344 4831 2403 4898 ἐξ
2439 4832 2609 4902 αὐτῆς
2649 4833 2744 4886 καὶ
2781 4833 2838 4888 ἐν
2874 4832 3010 4903 αὐτῇ
3043 4833 3141 4904 τὴν
3180 4834 3445 4888 τεκοῦσαν
3474 4834 3608 4898 ὲξειυ

2027 4924 2336 4989 κονίζουσα,
2378 4923 2472 4976 καὶ
2511 4924 2822 4995 ἀμερίστως
2850 4923 3036 4997 ἕτερόν
3067 4944 3119 4979 τι
3161 4929 3290 4998 παρ’
3327 4928 3494 4997 αὐτὴν
3529 4921 3606 4978 εἷ-

2027 5033 2114 5069 ναι
2140 5013 2392 5071 δοκούσα.
2419 5015 2602 5079 Οὕτως
2627 5018 2658 5084 ἡ
2684 5013 2814 5068 Υίοῢ
2839 5016 3114 5086 γέννησις,
3142 5019 3454 5090 ἀμερίστως
3477 5013 3610 5070 οὖσα

2027 5104 2092 5157 ὲκ
2136 5105 2368 5174 Πατρδς,
2400 5107 2454 5158 ὲν
2490 5105 2594 5177 ἰδίᾳ
2624 5105 2919 5160 ὑποστάσει
2967 5107 3219 5174 σώζεται,
3250 5111 3350 5179 τὴν
3382 5109 3476 5162 τοῦ
3509 5126 3613 5160 πα-

2032 5195 2389 5266 ραδείγματος
2417 5199 2787 5269 ὑπεραίρουσα
2817 5199 3065 5270 δύναμιν.

2717 5403 2919 5456 ΑΛΛΟ.

2100 5512 2162 5566 Οί
2193 5513 2292 5584 τὴν
2317 5514 2373 5566 ὲν
2401 5515 2512 5577 τοῖς
2539 5513 2701 5579 θείοις
2730 5518 2960 5588 δόγμασι
2988 5518 3276 5588 ζητοῦντες
3303 5517 3606 5588 ἀκρίϐειαν,

2028 5607 2088 5658 οὐ
2119 5606 2239 5667 ταῖς
2269 5603 2634 5675 ἀνθρωπίναις
2664 5607 3057 5674 ὲνατενίζουσιν
3085 5608 3450 5671 ἀκολουθίαις.
3477 5608 3608 5660 οὐδὲ

2032 5695 2218 5768 ἐπειδὴ
2260 5697 2556 5768 γεγέννηκε
2609 5699 2698 5756 τὸν
2753 5700 2877 5754 Υίὸν
2913 5703 2940 5753 ὀ
2987 5699 3209 5771 Πατὴρ,
3263 5697 3608 5770 ἡλαττῶσθαι
