4110 6212
399 351 469 405 ες,
1390 352 1445 404 s.
1490 349 1769 406 tzvntLLt
1807 347 2278 404 ALEXANDRINI
2318 352 2634 409 ARClllEP.
3585 354 3654 408 84

390 463 647 535 paratim,
682 471 843 534 atque
892 463 1016 519 ideo
1046 463 1215 519 divisa
1265 478 1386 521 esse
1446 466 1630 519 omnia
1674 480 1794 535 qua:
1850 465 1967 533 ejus

2086 470 2163 522 ιαὶ
2206 472 2659 542 κεχωρισμένως.
2699 471 2789 525 καὶ
2828 471 2915 524 διὰ
2957 470 3113 524 τοῦτο
3146 468 3444 538 φάσκοντες
3487 487 3656 542 μεμε·-

392 566 516 612 sunt
550 557 905 619 contendunt,
950 564 1006 610 et
1036 556 1103 609 ad
1155 555 1435 609 dimidium
1471 556 1657 623 gloria:
1684 555 1963 611 redactum

393 664 514 705 esse
542 649 731 704 dicunt
760 648 902 719 quod
927 648 1094 702 altera
1114 648 1375 703 medietas
1404 647 1458 701 in
1483 647 1676 703 Filium
1705 649 1964 703 translata

390 742 486 803 sit,
509 755 616 794 non
642 741 950 809 intelligunt
979 741 1034 795 in
1070 748 1327 810 quantam
1359 741 1748 796 absurditatem
1786 742 1967 811 prola-

390 834 607 885 bantur.
648 831 705 884 Si
755 832 997 900 quidem,
1032 839 1090 884 ut
1129 831 1231 901 ipsi
1285 832 1493 896 volunt,
1544 847 1664 886 cum
1716 832 1865 901 prius
1911 833 1967 887 in

390 922 600 976 unitate
629 923 955 977 constitutus
1002 932 1170 986 esset,
1213 921 1373 976 Pater
1400 923 1615 977 creandi
1653 922 1965 979 facultatem

395 1014 603 1068 habens
658 1014 710 1067 in
758 1028 817 1069 se
862 1014 979 1083 ipso
1018 1013 1270 1083 produxit
1300 1012 1528 1089 Filium,
1557 1023 1614 1068 et
1660 1029 1756 1084 per
1794 1017 1967 1083 ipsum

393 1114 586 1159 cuncta
645 1114 829 1169 creat,
876 1120 1202 1175 omnemque
1250 1106 1469 1161 creandi
1522 1115 1847 1175 potestatem
1902 1122 1967 1161 ex

393 1197 629 1253 essentia
665 1211 758 1251 sua
793 1197 1025 1262 dimisit,
1057 1208 1113 1252 et
1152 1199 1293 1267 quod
1324 1207 1483 1252 antea
1521 1212 1624 1251 non
1654 1207 1793 1264 erat,
1829 1206 1971 1267 post-

395 1290 615 1345 modum
648 1288 824 1343 l‘actus
864 1297 966 1355 est,
994 1302 1191 1358 expers
1224 1288 1480 1342 nimirum
1511 1286 1763 1343 creativs
1798 1288 1971 1343 virtu-

396 1381 467 1435 tis
500 1400 514 1436 :
552 1383 645 1435 sed
681 1380 784 1435 hoc
814 1380 899 1435 vel
942 1381 1209 1451 cogitare,
1253 1381 1337 1436 vel
1367 1380 1549 1437 dicere
1580 1389 1828 1436 extreme
1866 1382 1970 1436 im-

392 1472 540 1542 pium
584 1480 665 1527 est
695 1490 710 1526 :
745 1471 853 1543 5o
889 1490 908 1523 ι
934 1470 1095 1527 Pater
1136 1473 1279 1527 enim
1333 1474 1632 1544 usquedum
1693 1484 1973 1545 operatur,

394 1573 451 1620 et
490 1579 590 1635 ego
618 1579 834 1635 operor,
865 1584 884 1618 ι
926 1565 1100 1635 inquit
1137 1565 1386 1622 Christus
1410 1568 1477 1622 ⁸⁸.
1509 1566 1973 1633 Quemadmodum

397 1658 562 1727 igitur
591 1657 828 1710 creativa
860 1642 1087 1711 facultas
1116 1654 1297 1712 Patris
1325 1673 1433 1714 non
1468 1669 1551 1714 est
1580 1658 1774 1728 divisa,
1802 1675 1976 1731 neque

396 1746 716 1816 imperfecta
745 1748 901 1803 estin
934 1747 1051 1816 ejus
1076 1750 1339 1814 essentia,
1367 1750 1597 1805 habente
1623 1752 1788 1806 etiam
1829 1751 1974 1806 illam

397 1838 636 1908 perfecte
663 1838 841 1893 Filio:
873 1843 945 1894 ita
984 1840 1149 1895 etiam
1195 1840 1493 1909 perfectam
1531 1840 1689 1898 habet
1725 1841 1975 1912 gloriam,

397 1946 521 1985 cum
545 1930 817 2000 perfectus
853 1933 1017 1988 etiam
1054 1933 1108 1987 in
1142 1934 1312 2003 gloria
1346 1934 1420 1990 sit
1447 1933 1640 1989 Filius.
1665 1934 1801 1989 Cum
1831 1936 1977 1990 enim

397 2021 590 2076 similis
620 2038 717 2091 per
744 2024 924 2078 omnia
970 2025 1042 2079 sit
1087 2024 1332 2080 Genitori
1374 2040 1504 2089 suo,
1534 2026 1657 2080 ideo
1683 2024 1978 2093 perlectam

400 2112 560 2166 etiam
594 2113 755 2168 habet
780 2113 1027 2183 gloriam,
1087 2115 1357 2183 siquidem
1386 2131 1449 2170 ex
1480 2115 1641 2171 Patre
1686 2115 1978 2185 perfectam

400 2203 627 2272 gloriam
654 2204 886 2259 habente
908 2206 1125 2276 genitus
1158 2215 1265 2262 est.

746 2354 1322 2449 ASSERTIO
1405 2360 1631 2450 Vll.

399 2504 670 2577 Adversus
705 2503 935 2577 eoshqui
981 2502 1275 2574 objiciunt:
1307 2505 1496 2561 Utrum
1547 2508 1710 2562 Pater
1762 2508 1980 2577 fortuito

515 2574 690 2643 genuit
722 2571 948 2643 Filium,
978 2571 1053 2627 art
1076 2577 1338 2630 voluntate
1368 2594 1464 2630 sua
1497 2571 1817 2647 pra'ceden'te
1836 2580 1861 2629 1’

802 2686 1158 2759 Interrogatio
1194 2691 1582 2747 haereticorum.

473 2797 739 2862 Fortuito,
785 2799 1058 2869 inquiunt,
1109 2810 1166 2857 et
1216 2802 1611 2861 inconsiderate
1654 2807 1837 2877 genuit
1890 2817 1982 2861 aut

407 2890 535 2944 fecit
564 2888 761 2945 Filium
789 2889 977 2959 Pater,
1007 2901 1100 2946 aut
1134 2893 1411 2951 voluntate
1444 2912 1541 2952 sua
1577 2898 1984 2956 intercedente?

410 2982 566 3049 Atqui
597 2982 641 3036 si
685 2982 910 3038 fortuito
935 2985 1144 3053 genuit,
1177 3000 1369 3055 passus
1418 3000 1501 3053 est
1542 2990 1745 3061 aliquid
1788 3001 1985 3061 praeter

403 3072 773 3139 voluntatem;
807 3075 854 3129 si
883 3084 1059 3129 autem
1093 3075 1299 3144 volens,
1334 3086 1388 3133 et
1431 3094 1656 3135 necesse
1693 3082 1766 3135 sit
1804 3083 1984 3137 consi-

2072 563 2254 635 ρίσθαι
2285 565 2463 617 πάντα
2491 564 2559 617 τὰ
2591 563 2777 630 αὐτοῦ,
2826 566 2921 616 καὶ
2964 565 3042 626 είς
3068 563 3239 633 ἥμισυ
3287 562 3446 632 δόξης
3496 562 3657 615 αὐτὸν

2070 653 2245 707 ἐλθεῖν
2292 653 2380 707 διά
2418 653 2479 706 τὸ
2534 653 2823 724 βεϐηκέναι
2879 652 2942 705 τὸ
2985 652 3171 704 λεῖπον
3221 651 3301 714 εἰς
3353 650 3446 704 τὸν
3494 651 3654 711 Υίὸν,

2069 745 2355 814 ἀγνοοῦσιν
2402 745 2500 816 οἴῳ
2545 748 2966 815 περιπίπτουσιν
2999 745 3334 812 ἀτοπήματι.
3367 742 3509 813 ’Ἄρα
3547 740 3658 812 γὰρ

2071 839 2391 910 ἐπειδήπερ,
2422 838 2497 901 ὡς
2532 838 2684 892 αύτοί
2727 855 2911 907 φασιν,
2950 837 3009 890 ὲν
3058 836 3245 907 μονάδι
3289 834 3556 907 πρότερον
3583 833 3658 887 ὣν

2070 932 2100 984 6
2142 930 2354 1002 Πατὴρ,
2403 928 2499 983 καὶ
2552 929 2650 998 τὴν
2686 927 3084 999 δημιουργικὴν
3134 926 3364 995 δύναμιν
3415 924 3553 994 ἔχων
3601 925 3659 976 ὲν

2072 1020 2271 1091 ἐαυτῷ,
2313 1020 2644 1093 προεϐάλετο
2676 1020 2767 1072 τὸν
2820 1018 2970 1082 Υἱὸν,
3021 1018 3113 1071 καὶ
3157 1016 3225 1069 δι’
3267 1015 3432 1069 αὑτοῦ
3479 1016 3661 1068 πάντα

2071 1114 2415 1185 δημιουργεῖ,
2455 1113 2561 1180 ἔξω
2596 1114 2696 1184 τῆς
2732 1112 2919 1175 οὐσίας
2943 1111 3043 1181 τῆς
3080 1109 3276 1163 ἑαυτοῦ
3311 1109 3411 1180 τὴν
3446 1108 3537 1161 ἐπὶ
3581 1107 3659 1179 τῷ

2072 1203 2330 1258 δύνασθαι
2375 1203 2727 1274 δημιουργεῖν
2788 1200 3002 1272 ἔπεμψε
3049 1200 3320 1271 δύναμιν,
3362 1199 3458 1251 καὶ
3503 1198 3532 1251 ὃ
3583 1199 3658 1269 μὴ

2074 1294 2339 1366 πρότερον
2368 1289 2458 1367 ἦν,
2494 1293 2652 1347 τοῦτο
2686 1292 2907 1363 γέγονεν
2946 1292 3193 1361 ὕστερον,
3223 1290 3429 1362 ἔρημός
3461 1307 3520 1342 τε
3563 1289 3659 1343 νῦν

2075 1386 2224 1439 ἔστιν
2275 1384 2458 1455 ίσχύος
2493 1383 2926 1456 δημιουργικῆς⁸
2976 1380 3112 1435 ἀλλὰ
3162 1380 3321 1434 τοῦτο
3369 1380 3586 1450 φρονεῖν
3622 1379 3658 1449 ἢ

2075 1478 2256 1548 λέγειν
2280 1478 2517 1549 ἄμετρον
2546 1475 2659 1547 ἔχει
2687 1475 2787 1547 τὴν
2815 1472 3135 1528 δυσσέϐειαν
3154 1488 3168 1500 °
3198 1490 3217 1524 ι
3261 1473 3322 1525 '0
3341 1470 3530 1543 Πατὴρ
3551 1470 3660 1540 γὰρ

2074 1572 2178 1635 ἕως
2226 1570 2351 1642 ἀρτι
2408 1568 2735 1640 ἐργάζεται,
2787 1566 2942 1634 κάγὼ
2995 1564 3327 1637 ἐργάζομαι,
3364 1581 3382 1613 ι
3421 1563 3587 1633 φησὶν
3631 1563 3662 1613 6

2077 1659 2332 1731 Χριστός.
2359 1658 2570 1727 Ὥσπερ
2612 1651 2704 1709 οὖν
2743 1656 2805 1708 ού
2843 1655 3170 1725 μεμέρισται
3204 1651 3297 1706 τοῦ
3346 1651 3559 1722 Πατρὸς
3598 1651 3664 1703 τὸ

2078 1747 2616 1820 δημιουργικδνρύδὲ
2638 1746 2833 1816 ἀτελής
2860 1748 2974 1799 ἐστι
3005 1743 3099 1799 νῦν
3121 1744 3179 1797 ἐν
3205 1746 3272 1814 τῇ
3295 1743 3451 1813 οὐσία
3471 1740 3659 1805 αὐτοῦ,

2084 1844 2295 1914 ἔχοντος
2317 1840 2535 1905 τελείως
2560 1839 2719 1894 τοῦτο
2742 1837 2836 1891 καὶ
2861 1835 2954 1889 τοῦ
2985 1835 3138 1899 Υῖοῦ,
3164 1833 3305 1888 οὕτω
3329 1834 3425 1887 καὶ
3451 1831 3662 1885 τελείαν

2083 1937 2197 2008 ἔχει
2229 1936 2327 2007 τὴν
2352 1933 2531 1999 δόξαν,
2558 1931 2771 2002 ἔχοντος
2796 1929 2957 1983 πάλιν
2978 1928 3072 1982 τοῦ
3097 1926 3228 1981 Υἱοῦ
3255 1928 3348 1979 καὶ
3372 1928 3427 1979 ὲν
3449 1925 3576 1996 δόξῃ
3601 1924 3665 1977 τὸ

2084 2028 2316 2082 τέλειον.
2340 2026 2566 2095 Ὅμοιος
2597 2024 2705 2092 γὰρ
2735 2020 2809 2074 ὣν
2833 2020 2985 2093 ,κατά
3008 2020 3184 2073 πάντα
3204 2018 3281 2089 τῷ
3314 2018 3663 2088 γεννήσαντι,

2082 2121 2171 2176 διὰ
2204 2118 2361 2172 τοῦτο
2397 2114 2603 2170 τελείαν
2646 2113 2758 2184 ἔχει
2799 2114 2899 2183 τὴν
2935 2111 3110 2177 δόξαν,
3144 2110 3443 2181 ἐπειδήπερ
3484 2110 3549 2163 ὲκ
3581 2124 3663 2163 τε·

2083 2213 2232 2267 λείαν
2261 2210 2475 2281 ἔχοντος
2500 2207 2658 2272 δόξαν
2687 2204 2951 2275 ἐγεννήθη
2979 2205 3240 2274 Harp/oga

2589 2347 2954 2435 ΛΟΓΟΣ
3042 2344 3149 2440 Ζ’.

2083 2510 2237 2578 Πρὸς
2274 2507 2414 2573 τοὺς
2450 2508 2872 2578 προτείνοντας
2909 2506 2994 2578 τό*
3040 2500 3475 2578 Ἀϐουλή-ζωςιῆ
3517 2499 3663 2554 κατὰ

2237 2570 2549 2646 ,βούλησὶν
2577 2570 2870 2645 ἐγέννησε
2901 2575 3008 2628 τὸν
3041 2573 3179 2628 Υίὸν
3211 2576 3243 2625 ὀ
3274 2570 3499 2638 Πατήρ;

2363 2692 2678 2761 Ἐρώτησις
2710 2692 2789 2757 ὡς
2816 2689 2886 2743 ἐκ
2914 2688 3034 2741 τῶν
3067 2683 3399 2755 αίρετικῶν.

2169 2804 2505 2876 ’Λϐουλήτως
2536 2805 2663 2877 ἄρα,
2710 2804 2873 2874 φασὶ,
2904 2802 3000 2856 καὶ
3048 2802 3335 2863 ἀσκέπτως
3377 2798 3666 2868 ἐγέννησεν

2086 2896 2205 2965 ἦτοι
2252 2894 2520 2964 πεποίηκε
2548 2893 2639 2947 τὸν
2688 2893 2820 2945 Υίδν
2859 2895 2888 2945 6
2918 2892 3128 2961 Πατὴρ.
3171 2891 3203 2961 ἦ
3237 2888 3379 2942 κατά
3414 2887 3667 2958 βούλησιν

2087 2986 2332 3051 οἱκείανς
2385 2986 2451 3039 Εἰ
2507 2984 2606 3054 μὲν
2639 2980 2731 3039 οὖν
2767 2983 3080 3054 ἀϐουλήτως
3142 2982 3431 3052 ἐγέννησεν
3480 2979 3665 3041 αὐτὸν,

2089 3076 2328 3130 πέπονθέ
2358 3093 2410 3129 τι
2439 3076 2547 3128 τῶν
2582 3074 2732 3148 παρὰ
2760 3074 3008 3144 γνώμην·
3051 3075 3096 3126 εἰ
3126 3072 3184 3125 δὲ
3221 3071 3359 3126 κατὰ
3392 3069 3664 3141 βούλησιν,

405 3162 743 3217 derationem
780 3164 847 3218 de
892 3165 1070 3233 aliqua
1103 3182 1162 3221 re
1204 3168 1439 3237 priorem
1486 3184 1607 3226 esse
1658 3186 1815 3241 quam
1866 3173 1981 3243 ipsa

2090 3168 2464 3239 πφῦπάρχειν
2490 3167 2546 3220 δὲ
2574 3165 2684 3219 τῶν
2713 3164 3015 3235 γινομένων
3042 3165 3257 3233 ἀνάγκη
3289 3163 3386 3233 τὴν
3418 3162 3546 3231 περὶ
3577 3160 3667 3213 αὐ-

408 3254 529 3319 tiat,
559 3255 706 3323 prior
756 3256 937 3327 itaque
984 3257 1081 3312 fuit
1133 3259 1294 3315 Pater
1339 3259 1497 3329 Filio,
1555 3278 1679 3318 cum
1739 3263 1987 3320 voluntas

410 3347 816 3416 generationem
847 3353 1207 3420 praecesserit.

1051 3457 1350 3527 Refutatio.

484 3565 659 3632 Unde,
689 3569 939 3639 obsecro,
975 3572 1120 3629 hunc
1169 3573 1421 3643 loquendi
1452 3591 1654 3633 morem
1697 3580 1988 3651 accepistis

412 3654 714 3724 dementes,
750 3663 891 3729 quod
922 3671 1018 3717 aut
1040 3679 1105 3718 ex
1138 3679 1233 3719 sua
1266 3668 1540 3724 voluntate
1565 3679 1654 3723 aut
1679 3671 1814 3727 citra
1834 3685 1987 3728 suam

411 3746 745 3805 voluntatem
774 3754 1024 3822 genuerit
1068 3754 1299 3821 Filium;
1330 3768 1423 3812 aut
1465 3773 1531 3813 ex
1556 3776 1663 3830 quo
1696 3761 1990 3831 Scriptura!

413 3838 535 3899 loco
591 3843 963 3915 hujuscemodi
1012 3848 1340 3917 quaestiones
1400 3852 1644 3921 proferre
1688 3853 1992 3911 didicistis?

413 3943 547 4011 Quis
584 3958 713 3999 vero
744 3952 1054 3997 sanctorum
1096 3943 1253 4011 dixit,
1285 3954 1380 3998 aut
1428 3960 1493 4000 ex
1547 3946 1842 4011 voluntate,
1901 3955 1992 4001 aut

414 4035 554 4089 citra
582 4033 941 4097 voluntatem,
968 4032 1163 4087 Filium
1196 4048 1262 4087 ex
1291 4033 1451 4088 Patre
1495 4037 1860 4103 processisse?
1886 4038 1993 4093 Aut

414 4126 535 4195 quis
579 4124 885 4194 huiusmodi
916 4123 1194 4177 vocabulis
1222 4131 1306 4178 est
1350 4126 1528 4179 usus?
1571 4124 1724 4192 Quod
1775 4129 1992 4197 quidem

415 4226 537 4270 erat
561 4227 618 4271 et
641 4224 724 4270 est
759 4215 851 4268 Dei
893 4213 1149 4282 Verbum,
1179 4230 1244 4268 ex
1287 4230 1441 4270 sacra
1473 4215 1752 4287 Scriptura
1793 4234 1995 4291 cogno-

417 4305 641 4361 svimus.
681 4302 813 4358 Illud
839 4317 987 4368 vero,
1021 4304 1153 4358 citra
1198 4307 1528 4361 voluntatem
1559 4316 1650 4361 aut
1680 4317 1893 4373 contra,
1926 4325 1991 4365 ex

420 4393 573 4450 vobis
620 4393 752 4448 solis
781 4393 1106 4448 audivimus.
1148 4394 1397 4451 Ostendit
1433 4398 1573 4451 enim
1605 4398 1799 4453 Filium
1833 4400 1993 4455 Pater

2087 3259 2195 3311 τῶν
2237 3258 2451 3327 σκέψιν,
2483 3256 2660 3327 προῆν
2692 3256 2800 3327 ἄρα
2838 3254 2934 3308 τοῦ
2972 3254 3106 3308 Υίοῦ
3132 3256 3161 3307 6
3196 3252 3404 3323 Πατὴρ,
3441 3250 3667 3322 μεσολα.⁸

2088 3349 2288 3420 ϐούσης
2321 3348 2419 3420 τὴν
2447 3348 2700 3419 γέννησιν
2728 3347 2825 3417 τῆς
2857 3346 2987 3416 περὶ
3016 3346 3182 3399 αὑτοῦ
3212 3344 3540 3416 βουλήσεως.

2523 3460 2831 3530 Ἀπολογία
2866 3460 3016 3530 πρὸς
3045 3461 3242 3514 τοῦτο.

2163 3574 2330 3631 Πόθεν
2376 3577 2553 3647 ὑμεῖς,
2595 3568 2641 3628 ὧ
2670 3568 2847 3636 οὗτοι,
2895 3574 3036 3626 κατά
3073 3571 3323 3641 βούλησιν
3363 3569 3394 3638 ἢ
3436 3564 3671 3637 ἀϐουλήέ

2090 3687 2197 3733 τως
2225 3666 2583 3738 γεγεννῆσθαι
2615 3665 2793 3733 λέγειν
2820 3663 2910 3716 τὸν
2941 3663 3086 3727 Υίὸν,
3118 3662 3150 3732 ἢ
3187 3662 3280 3712 καὶ
3309 3658 3443 3719 ὅλως
3483 3656 3667 3709 τοιαύ-

2090 3779 2189 3825 τας
2221 3762 2335 3823 τοῖς
2365 3757 2752 3828 ἐντυγχάνουσι
2800 3752 2898 3817 τὰς
2934 3752 3152 3816 πεύσεις
3197 3750 3513 3821 προσάγειν,
3559 3748 3669 3801 ἀπὸ

2093 3851 2253 3914 ποίας
2289 3849 2448 3902 τοῦτο
2480 3848 2835 3919 μεμαθήκατε
2865 3844 3113 3914 Γραφῆςς
3148 3841 3245 3904 Τίς
3266 3840 3324 3893 δὲ
3360 3839 3468 3891 τῶν
3495 3838 3670 3906 ἁγίων

2092 3941 2293 4013 ἢκατὰ
2338 3940 2590 4011 βούλησιν
2620 3941 2652 4009 ἢ
2685 3937 2997 4008 ἀϐουλήτως
3038 3933 3202 3987 αὐτὸν
3245 3932 3441 4001 ἔφησεν
3472 3932 3536 3982 ὲκ
3575 3928 3669 3982 τοῦ

2093 4033 2305 4104 Πατρὸς
2343 4031 2658 4102 προελθεῖν;
2708 4029 2868 4100 Παρὰ
2904 4028 3007 4081 τίνι
3036 4025 3092 4078 δὲ
3124 4024 3435 4095 ὠνόμασται
3466 4020 3534 4073 τὰ
3561 4036 3672 4071 τοι-

2093 4124 2231 4179 αῦτα
2258 4125 2513 4196 ρήματα;
2538 4124 2662 4176 Ὀτι
2694 4122 2791 4192 μὲν
2819 4120 2927 4191 γὰρ
2955 4115 3022 4189 ἦν
3052 4118 3147 4172 καὶ
3176 4116 3322 4168 ἔστιν
3352 4116 3381 4167 6
3409 4112 3501 4166 τοῦ
3533 4109 3671 4163 Θεοῦ

2093 4217 2285 4285 Λόγος,
2316 4215 2560 4287 ἔγνωμεν
2591 4213 2701 4268 ἀπὸ
2725 4213 2825 4282 τῆς
2851 4212 2999 4275 θείας
3032 4209 3274 4281 Γραφῆς.
3303 4206 3376 4260 Τὸ
3403 4205 3480 4270 δὲ,
3508 4203 3672 4257 ἁϐου-

2094 4310 2272 4382 λήτως
2308 4310 2341 4381 ἢ
2385 4308 2492 4380 μὴ.
2530 4307 2684 4379 παρὰ
2719 4306 2895 4377 μόνων
2945 4302 3097 4374 ὑμῶν
3144 4300 3476 4372 ἠκούσαμεν.
3514 4296 3672 4348 Ἀπο-

2095 4403 2359 4458 καλύπτει
2401 4401 2498 4470 μὲν
2524 4399 2632 4469 γὰρ
2657 4399 2747 4451 τὸν
2775 4385 2900 4451 Υίὺν
2924 4399 2952 4449 6
2988 4394 3173 4464 Πατὴρ
3210 4393 3269 4457 ἐξ
3297 4389 3548 4462 ούρανοῦ,
3579 4386 3671 4441 καί

417 4500 487 4541 ex
521 4484 658 4539 ccelo
680 4484 903 4541 dicens:
932 4504 951 4538 ι
983 4485 1079 4542 llic
1110 4498 1194 4543 est
1224 4486 1392 4544 Filius
1425 4504 1580 4545 meus
1611 4490 1840 4547 dilectus
1865 4493 1932 4559 “;
1969 4504 1983 4544 ι

2099 4509 2297 4565 φησιν·
2338 4510 2357 4544 t
2383 4486 2551 4552 Οὗτός
2584 4490 2731 4540 ἐστιν
2762 4488 2791 4539 6
2824 4484 2950 4547 Υίός
2984 4501 3081 4554 μου
3110 4485 3138 4535 6
3170 4480 3485 4551 ἀγαπητόςο
3521 4497 3539 4527 ι
3579 4474 3675 4529 καὶ

419 4588 474 4634 et
511 4590 607 4647 per
636 4576 802 4632 David
831 4592 847 4632 ι
883 4594 902 4628 ι
935 4577 1214 4633 Eruetavit
1243 4594 1337 4635 cor
1377 4596 1554 4637 meum
1609 4579 1844 4638 Verbum
1897 4582 1995 4639 bo-

421 4684 548 4724 num
581 4668 660 4736 ‘7;
699 4687 719 4721 ι
764 4676 821 4724 et
862 4669 1295 4739 sapientissimus
1334 4670 1573 4728 Joannes
1605 4694 1617 4729 ;
1657 4692 1675 4726 ι
1711 4674 1764 4728 ln
1800 4675 1999 4744 princi-

423 4762 533 4829 pio,
586 4761 781 4831 inquit,
831 4771 950 4816 erat
1003 4762 1262 4828 Verbum,
1314 4776 1370 4817 et
1421 4762 1653 4819 Verbum
1694 4776 1812 4820 erat
1857 4768 1997 4836 apud

427 4854 614 4917 Deum,
643 4860 699 4907 et
730 4851 871 4907 Deus
899 4860 1019 4907 erat
1053 4850 1282 4905 Verbum
1310 4852 1374 4904 ⁸⁸.
1418 4872 1435 4904 ι
1468 4854 1534 4909 Et
1559 4854 1843 4910 Psalmista
1876 4872 1998 4911 rur-

425 4956 518 4995 sus
541 4944 606 4995 ad
630 4940 845 4997 Patrem
889 4942 1020 4996 dicit
1052 4955 1068 4994 :
1107 4959 1125 4993 ι
1160 4940 1422 5007 Quoniam
1447 4945 1586 5011 apud
1641 4955 1691 4997 te
1738 4955 1825 4999 est
1878 4945 1997 5001 fons

428 5033 570 5097 vitae,
597 5042 650 5087 et
672 5032 724 5086 in
756 5033 953 5090 lumine
986 5043 1077 5089 tuo
1108 5033 1410 5089 videbimus
1431 5034 1609 5089 lumen
1641 5036 1707 5088 ".
1740 5055 1759 5089 ι
1795 5037 1996 5092 Paulus

425 5123 787 5193 splendorem,
819 5133 875 5179 et
907 5124 1153 5190 formam,
1176 5135 1233 5179 et
1261 5125 1548 5197 imaginem
1576 5127 1677 5198 51
1711 5129 1995 5184 invisibilis

428 5216 520 5270 llei
558 5223 716 5270 vocat
744 5214 813 5269 ⁷⁸.
846 5214 1122 5272 Neminem
1167 5232 1296 5272 vero
1340 5219 1529 5273 horum
1588 5221 1856 5289 repereris
1905 5221 1994 5290 qui

428 5304 622 5360 Filium
685 5319 753 5359 ex
809 5304 1085 5361 voluntate
1143 5317 1237 5362 aut
1286 5308 1421 5362 citra
1465 5308 1794 5365 voluntatem
1845 5309 1997 5379 geni-

430 5404 541 5448 tum
586 5394 752 5450 dicat.
785 5394 891 5450 Sed
924 5412 1046 5451 eum
1089 5398 1363 5463 dixerint,’
1382 5408 1517 5464 erat,
1558 5409 1633 5465 et,
1663 5410 1759 5465 est,
1793 5400 1995 5454 nullum

428 5484 749 5555 principium
782 5486 834 5540 in
859 5496 1099 5557 tempore
1121 5491 1430 5546 tribuerunt
1454 5490 1503 5546 ei
1534 5494 1623 5560 qui
1650 5492 1842 5547 sarcula
1868 5506 1998 5547 con-

503 5684 549 5716 ⁸⁸
579 5682 737 5740 Joan.
777 5701 831 5749 v,
874 5685 961 5739 l7.

435 5770 496 5823 ιι,
521 5757 554 5810 6
586 5774 601 5825 ;
642 5755 805 5813 llebr.
845 5771 883 5822 ι,
918 5756 953 5809 ‘2
982 5773 996 5823 ;
1030 5754 1236 5812 Coloss.
1281 5772 1318 5822 ι,
1366 5756 1448 5813 l5.

1072 5685 1117 5716 "
1155 5684 1346 5739 Matth.
1393 5702 1474 5751 Ill,
1504 5689 1586 5743 ΓΙ.
1663 5691 1706 5722 ⁸⁷
1741 5689 1884 5745 Psal.
1924 5704 1983 5744 rt

2109 5691 2165 5744 2.
2242 5691 2284 5722 “
2324 5688 2476 5747 Joau.
2524 5707 2559 5755 ι,
2598 5690 2647 5745 1.
2728 5695 2770 5725 δ’
2800 5690 2940 5746 Psal.
2984 5704 3149 5752 xxxv,
3197 5688 3278 5743 l0.

2095 4588 2183 4642 διὰ
2229 4583 2325 4638 τοῦ
2362 4579 2524 4636 Δαϐὶδ
2572 4579 2753 4647 λέγει’
2795 4597 2813 4629 t
2858 4574 3216 4647 Ἐξηρεύξατο
3252 4574 3286 4643 ἡ
3327 4570 3521 4642 καρδία
3573 4584 3673 4637 μου

2096 4680 2267 4747 Λόγον
2283 4672 2481 4743 ἀγαθόν
2499 4687 2511 4701 ’
2539 4690 2557 4724 ι
2575 4670 2671 4724 καὶ⁵
2689 4672 2718 4723 6
2733 4667 3036 4738 σοφώτατος
3067 4665 3341 4735 Ἰωάννης*
3365 4681 3383 4714 ι
3425 4662 3512 4715 Ἐν
3531 4660 3672 4731 ἀρχῇ

2094 4766 2184 4840 ἦν,
2217 4765 2401 4837 φησὶν,
2430 4764 2458 4816 ὁ
2484 4761 2656 4829 Λόγος
2674 4800 2691 4825 ,
2731 4758 2824 4811 καὶ
2851 4758 2880 4810 6
2915 4755 3087 4822 Λόγος
3119 4750 3186 4823 ἦν
3232 4752 3369 4823 πρὸς
3397 4750 3489 4803 τὸν
3519 4747 3673 4840 Θεδν,

2097 4839 2191 4912 και
2218 4856 2348 4917 Θεὸς
2368 4849 2436 4923 ἦν
2459 4853 2487 4905 ό
2516 4851 2721 4918 Λόγος’
2753 4866 2771 4899 ι
2802 4848 2830 4899 6
2858 4843 3162 4914 Ψαλμῳδὺς
3190 4843 3263 4906 ὡς
3292 4842 3427 4913 πρὸς
3456 4840 3545 4893 τὸν
3574 4839 3677 4891 Πα-

2103 4948 2238 5019 τέρα
2266 4945 2426 4998 πάλιν
2452 4943 2620 5012 φησί’
2658 4960 2677 4993 ‹
2704 4936 2863 5008 Παρά
2892 4936 2976 4989 σοὶ
3016 4935 3167 5007 πηγὴ
3198 4934 3363 5006 ζωῆς,
3394 4934 3485 4988 καὶ
3514 4935 3569 4985 ὲν
3599 4929 3677 5001 τῷ

2103 5038 2242 5108 φωτί
2270 5053 2364 5090 σου
2389 5034 2633 5105 ὀψόμεθα
2657 5031 2794 5101 φῶς.
2821 5049 2840 5081 ι
2878 5030 2935 5083 '0
2959 5028 3167 5092 Παῦλος
3196 5028 3555 5095 ἀπαύγασμα,
3585 5023 3677 5077 καὶ

2106 5128 2341 5200 μορφὴν,
2380 5126 2477 5180 καὶ
2526 5125 2712 5179 εἰκόνα
2756 5120 2850 5176 τοῦ
2890 5119 3302 5193 Θεοῦεάοράτου
3344 5117 3517 5171 καλεῖ.
3568 5115 3678 5168 Καὶ

2099 5220 2305 5273 τούτων
2343 5218 2518 5282 οὐδεὶς
2563 5217 2879 5288 εὑρίσκεται
2906 5214 3080 5282 λέγων
3107 5210 3418 5280 ἀϐουλήτως
3454 5207 3488 5277 ἢ
3536 5205 3682 5259 κατὰ

2103 5311 2357 5381 βούλησιν
2388 5309 2743 5381 γεγεννῆσθαι
2765 5308 2857 5361 τὸν
2883 5306 3030 5359 Υἱόν.
3065 5302 3224 5357 Ἀλλά
3254 5301 3334 5365 τὸ,
3362 5297 3463 5371 ἦν,
3503 5298 3679 5352 εἰπόν-

2100 5419 2218 5464 τες,
2253 5402 2348 5456 καὶ
2388 5404 2469 5465 τὸ,
2514 5401 2705 5464 ἐστιν,
2747 5399 3007 5469 οὐδεμίαν
3055 5396 3229 5466 ἀρχὴν
3268 5394 3369 5464 τὴν
3415 5394 3473 5445 ὲν
3505 5390 3682 5462 χρόνῳ

2102 5495 2365 5550 δεδώκασι
2395 5494 2473 5565 τῷ
2499 5496 2606 5549 τῶν
2634 5496 2841 5567 χρόνων
2867 5495 3084 5565 ποιητῇ.
3114 5492 3283 5547 Πόθεν
3311 5487 3404 5544 οὖν
3428 5490 3582 5560 ὑμεῖς
3609 5485 3681 5539 τὰ

3359 5687 3404 5717 ⁷⁰
3442 5681 3677 5754 Philipp.

4070 822 4093 845 Li

4064 906 4085 923 τ

4055 928 4083 937 ν..

4065 998 4095 1013 ἢ.

4070 1018 4093 1027 μδ

4052 1074 4087 1097 ,ζ

4064 1108 4088 1118 -ι

4060 1182 4095 1193 -1

4058 1200 4095 1215 ..ιι

4064 1274 4097 1285 ...Α

4076 1367 4089 1375 υ
