4032 6212
393 213 483 269 85

1805 214 2179 275 THESAURU
2190 217 2250 275 S.
3595 231 3666 288 86

392 326 636 381 τοιαῦτά
667 343 840 393 space;
884 325 1021 379 Ἀπὸ
1061 327 1289 399 καρδίας
1319 330 1418 399 τῆς
1450 330 1658 385 ἑαυτῶν
1691 330 1988 398 λαλοῦντες,

2102 334 2258 388 didit.
2318 334 2471 391 Unde
2520 335 2682 406 igitur
2720 350 2813 392 vos
2854 339 2968 395 haec
3013 341 3473 411 depromitisi'Ex
3504 349 3666 403 corde

395 419 549 473 καθά
587 434 749 486 φησιν
776 418 805 469 6
836 420 1147 490 προφήτης,
1174 421 1267 473 καὶ
1300 423 1397 474 οὐκ
1428 422 1533 476 ἀπὸ
1573 423 1841 492 στόματος
1881 426 1995 478 Κυ-

403 508 547 579 ρίου.

1098 624 1303 678 ΑΛΛΟ.

478 735 541 787 Εἰ
579 734 833 807 βουλήσει
864 737 1227 807 γεγεννῆσθαί
1257 754 1395 807 φατε
1425 738 1513 791 τὸν
1537 739 1683 805 Υίδν,
1731 742 1823 794 καὶ
1878 741 1995 811 βιά-

401 823 566 887 ζεσθε
595 826 696 897 τὴν
728 828 858 898 περὶ
889 827 1052 882 αὐτοῦ
1081 828 1302 900 θέλησιν
1329 832 1710 902 προϋπάρχειν
1744 834 1841 904 τῆς
1872 851 1995 903 γεν-

400 918 616 987 νήσεως
646 918 838 983 αὐτοῦ,
868 918 921 971 τί
947 919 1021 990 μὴ
1058 919 1232 975 ταῦτα
1260 938 1424 991 φησιν
1453 924 1486 992 ή
1520 923 1710 993 Γραφὴ
1737 925 1866 995 περὶ
1892 927 1992 979 αὐο

400 1004 524 1069 τοῦ,
553 1004 587 1058 ἆ
620 1006 687 1073 δὴ
714 1008 810 1060 καὶ
865 1009 994 1079 περὶ
1042 1008 1151 1062 τῶν
1204 1008 1379 1064 ἄλλων
1410 1013 1730 1083 ποιημάτων
1758 1014 1990 1084 λέγουσα

404 1099 691 1165 φαίνεται;
742 1101 866 1154 Ἐπὶ
897 1100 997 1171 μὲν
1023 1100 1131 1172 γὰρ
1164 1100 1272 1155 τῶν
1302 1103 1599 1170 γεγονότων
1638 1106 1786 1176 παρὰ
1823 1106 1986 1173 Θεοῦ,

408 1194 734 1260 προηγεῖται
764 1190 1006 1260 Θέλησις,
1055 1191 1130 1254 ὡς
1157 1192 1215 1243 ὲν
1237 1190 1332 1263 τῷ,
1387 1210 1405 1243 ι
1440 1194 1760 1264 Ποιήσωμεν
1782 1196 1990 1267 ἄνθρω-

410 1297 531 1343 πον,
563 1299 581 1325 ι
611 1281 724 1334 Καὶ
759 1283 815 1334 ὲν
844 1281 944 1351 τῷ,
968 1299 989 1335 ι
1011 1282 1196 1335 Πάντα
1220 1282 1321 1336 ὅσα
1359 1282 1644 1354 ήθὲλησεν,
1679 1286 1983 1356 ἐποίησεν.»

424 1369 548 1421 Ἐπὶ
603 1369 662 1423 δὲ
687 1372 781 1422 τοῦ
808 1370 943 1424 Θεοῦ
984 1371 1160 1440 Λόγου
1193 1372 1432 1442 οὐδαμοῦ
1463 1373 1680 1444 θέλησις
1709 1376 1825 1445 ἦτοι
1862 1377 1988 1447 βού-

416 1476 563 1529 ιησις
591 1461 1026 1533 προηγησαμένη
1083 1463 1352 1531 φαίνεται.
1410 1464 1547 1518 Ἀλλ’
1577 1468 1659 1520 ὄτι
1713 1469 1875 1537 μόνον
1913 1467 1990 1539 ἦν

407 1553 502 1604 καὶ
551 1552 727 1605 ἔστιν
770 1552 1059 1623 ἀκούομεν.
1102 1555 1235 1620 Καὶ,
1299 1553 1364 1608 ἵν’
1402 1556 1573 1620 οὕτως
1630 1559 1786 1626 εἴπω,
1826 1560 1989 1626 τόπος

407 1642 556 1711 αὐτῷ
578 1643 808 1713 φυσικὸς
830 1644 858 1696 6
889 1644 1099 1715 Πατήρ.
1134 1646 1197 1698 Εἰ
1221 1645 1400 1700 τοίνυν
1435 1647 1527 1700 ἐπὶ
1568 1648 1667 1719 μὲν
1715 1650 1824 1703 τῶν
1872 1671 1988 1706 κτι-

410 1710 632 1801 σμάτων
656 1735 911 1787 ἁπάντων
938 1710 1140 1806 ἔφησεν
1170 1736 1420 1806 ἡγεῖσθαι
1449 1710 1665 1810 Θέλησιν
1704 1742 1736 1813 ή
1775 1742 1985 1814 Γραφὴ,
2017 1710 2063 1768 Β

407 1823 502 1874 ἐπὶ
522 1823 577 1874 δὲ
610 1822 702 1874 τοῦ
736 1822 867 1876 Υἰοῦ
894 1823 1047 1877 οὐδὲν
1086 1825 1327 1878 τοιοῦτον
1384 1828 1687 1901 εὑρήσομεν
1726 1833 1856 1903 παρ’
1888 1836 1987 1887 αὺ-

404 1914 529 1982 τῆς,
553 1914 653 1967 οὐκ
691 1914 798 1985 ἄρα
828 1910 911 1978 εἷς
936 1916 1052 1968 ἐστι
1083 1916 1192 1969 τῶν
1222 1917 1463 1984 πάντων,
1488 1921 1609 1974 οὐδὲ
1653 1922 1868 1995 Θελήσει
1899 1924 1990 1993 γέ-

404 2022 550 2071 γονε,
584 2005 834 2076 καθάπερ
862 2006 931 2059 τὰ
961 2006 1160 2071 πάντα,
1196 2008 1260 2060 ὲκ
1314 2010 1531 2081 Πατρὸς
1577 2012 1855 2082 προελθὼν
1897 2017 1991 2069 καὶ

404 2096 505 2166 τῆς
531 2096 624 2150 τοῦ
651 2098 1014 2167 γεννήσαντος
1041 2099 1248 2165 οὐσίας,
1272 2100 1531 2174 ὑπάρχων
1562 2120 1624 2156 τε
1652 2105 1843 2169 ἀΐδιος.

1090 2209 1301 2264 AAAO.

472 2314 637 2383 Λέγει
660 2332 763 2370 που
795 2316 1009 2381 Παῦλος
1055 2318 1184 2388 7:591.
1234 2317 1330 2371 τοῦ
1367 2318 1620 2392 Σωτῆρος
1661 2321 1818 2392 ἡμῶν
1851 2324 1989 2394 Χρι-

403 2408 555 2473 στοῦ,
591 2410 675 2462 ὅτι
704 2426 764 2461 τε
791 2409 926 2462 Θεοῦ
955 2410 1185 2481 δύναμις
1235 2411 1320 2482 εἴη
1380 2413 1473 2465 καὶ
1501 2413 1637 2467 Θεοῦ
1673 2415 1863 2484 σοφία.Δ
1921 2418 1985 2470 Ei

402 2497 585 2553 τοίνυν
615 2498 779 2567 σοφία
805 2498 900 2551 καὶ⁸
944 2498 1173 2568 δύναμίς
1196 2501 1315 2553 ἐστι
1336 2499 1429 2554 τοῦ
1478 2501 1692 2574 [ἰατρὸς
1724 2503 1753 2554 6
1802 2503 1863 2568 ἐξ
1894 2505 1989 2558 αὐ-

401 2588 497 2641 τοῦ
523 2590 614 2642 καὶ
635 2590 695 2641 ὲν
724 2588 875 2659 αὺτῷ
905 2588 1167 2659 ὑπάρχων
1206 2591 1396 2659 Λόγος,
1445 2592 1608 2655 αὐτός
1638 2595 1783 2647 ἐστιν
1842 2595 1900 2649 ὲν
1942 2588 1987 2663 ᾧ

403 2677 740 2748 βουλεύεται,
775 2679 869 2731 καὶ
894 2678 961 2730 δι’
1001 2670 1061 2730 οὗ
1083 2678 1152 2731 τὰ
1183 2679 1360 2732 πάντα
1396 2680 1713 2749 ἐργάζεται.
1743 2683 1867 2747 Πῶς
1893 2680 1986 2738 οὖν

406 2766 658 2837 βουλήσει
688 2766 912 2835 γέγονεν
938 2768 965 2818 6
994 2767 1053 2819 ὲν
1082 2758 1236 2836 ᾧπερ
1265 2769 1296 2837 ή
1329 2768 1579 2841 βούλησίς
1604 2770 1722 2825 ἐστι
1752 2772 1846 2825 τοῦ
1874 2774 1987 2827 Πα-

405 2858 573 2927 τρὸς;
617 2859 687 2910 Ἢ
745 2857 854 2927 γὰρ
916 2858 1107 2927 ἑτέραν
1169 2859 1317 2928 ἡμᾶς
1379 2860 1571 2928 σοφίαν
1625 2863 1986 2918 ἀναπλάττειν

406 2949 642 3017 ἀνάγκη,
664 2950 724 3000 ὲν
810 2948 1238 3019 βουλευσάμενος
1269 2950 1535 3021 πεποίηκε
1564 2952 1652 3004 τὸν
1680 2953 1826 3019 Υίὸν,
1854 2958 1987 3011 καθ-

2099 434 2282 481 vestro
2334 428 2632 496 loquentes,
2694 440 2750 484 ut
2805 430 2979 502 inquit
3014 434 3293 503 propheta,
3327 444 3379 490 et
3439 451 3543 492 non
3598 453 3668 493 ex

2120 531 2211 572 ore
2247 518 2453 574 Domini
2486 521 2551 572 τι.

2770 632 2995 689 ALIUD.

2166 738 2222 793 Si
2250 753 2314 794 ex
2343 740 2615 796 voluntate
2642 742 2833 797 Filium
2864 746 3101 811 genitum
3135 747 3333 814 dicitis,
3360 758 3416 804 et
3440 758 3665 806 conten-

2094 827 2219 883 ditis
2245 829 2572 884 voluntatem
2600 832 2889 899 generandi
2914 832 3082 902 ipsius
3106 838 3503 904 generationem
3529 854 3664 908 prte-

2093 921 2342 986 cessisse,
2366 936 2461 976 cur
2486 937 2589 976 non
2627 923 2740 977 lucc
2768 922 2834 977 de
2860 937 2925 978 eo
2952 924 3081 978 dicit
3106 926 3407 996 Scriptura,
3430 930 3570 985 sicut
3598 932 3663 985 de

2093 1010 2211 1066 aliis
2244 1012 2532 1067 creaturis.
2568 1012 2702 1066 Nam
2740 1013 2793 1067 in
2836 1014 2900 1067 iis
2932 1030 3049 1083 qua:
3086 1016 3226 1072 Deus
3261 1021 3493 1086 creavit,
3522 1036 3663 1091 prte-

2093 1100 2254 1155 cessit
2274 1100 2543 1167 voluntas,
2569 1111 2624 1154 ut
2649 1102 2700 1155 in
2728 1102 2814 1156 illo
2840 1119 2853 1156 :
2884 1121 2903 1154 ι
2934 1101 3218 1158 Faciamus
3243 1107 3516 1162 hominem
3541 1108 3608 1161 τ’.
3641 1126 3657 1157 ι

2093 1188 2158 1244 Ει
2202 1190 2253 1244 in
2298 1190 2398 1245 hoc
2442 1210 2455 1245 :
2505 1211 2522 1244 ι
2569 1194 2756 1246 Omnia
2803 1208 2919 1263 quae
2961 1194 3156 1258 voluit,
3189 1194 3401 1250 fecit”.
3440 1215 3458 1246 ι
3500 1198 3570 1251 At
3612 1198 3663 1250 in

2095 1279 2271 1335 Verbo
2302 1281 2393 1336 Dei
2419 1282 2560 1336 nulla
2593 1281 2839 1338 voluntas
2874 1293 2965 1338 aut
3000 1286 3283 1339 consilium
3319 1286 3663 1356 prazccssisse

2094 1369 2306 1439 legitur.
2324 1371 2429 1425 Sed
2455 1380 2685 1436 tantum,
2702 1374 2844 1441 quod
2866 1382 2999 1439 erat,
3016 1382 3069 1428 et
3088 1384 3160 1429 est
3182 1375 3446 1429 audimus.
3465 1377 3660 1444 Atque,

2094 1468 2150 1512 ut
2176 1459 2247 1513 ita
2276 1459 2447 1514 dicam
2468 1500 2483 1524 ,
2512 1460 2777 1514 naturalis
2803 1460 2919 1529 ejus
2952 1461 3101 1517 locus
3135 1472 3255 1517 erat
3280 1461 3458 1517 Pater.
3486 1462 3664 1529 Quare

2092 1551 2136 1606 si
2199 1552 2250 1607 in
2306 1552 2557 1608 omnibus
2615 1555 2878 1609 creaturis
2933 1553 3264 1609 voluntatem
3323 1555 3664 1624 praecessisse

2094 1640 2371 1712 Scriptura
2407 1650 2655 1708 testatur,
2683 1644 2747 1698 de
2778 1642 2915 1698 Filio
2940 1653 3116 1698 autem
3145 1645 3277 1699 nihil
3307 1643 3572 1713 ejusmodi
3612 1646 3663 1702 in

2092 1730 2266 1784 sacris
2308 1729 2530 1785 Litteris
2578 1730 2848 1786 invenitur
2895 1751 2907 1786 :
2965 1747 3067 1787 non
3112 1741 3193 1787 est
3242 1748 3374 1802 ergo
3416 1749 3555 1790 unus
3600 1748 3664 1788 ex

2092 1820 2320 1887 creatis,
2352 1835 2525 1889 neque
2569 1836 2635 1876 ex
2677 1823 2949 1880 voluntate
2990 1823 3165 1880 factus
3219 1834 3336 1892 est,
3374 1833 3433 1880 ut
3481 1841 3667 1880 omnes

2092 1920 2383 1978 creaturae,
2418 1925 2481 1965 ex
2532 1910 2691 1967 Patre
2737 1914 3038 1982 procedens
3083 1923 3244 1984 atque
3295 1930 3362 1969 ex
3395 1913 3669 1971 Genitoris

2091 2003 2325 2057 essentia
2346 2041 2360 2069 ,
2387 2004 2454 2057 ab
2479 2012 2681 2059 aeterno
2707 2006 3001 2061 exsistens.

2762 2204 2992 2262 ALIUD.

2159 2314 2357 2369 Paulus
2397 2314 2592 2369 alicubi
2632 2315 2699 2369 de
2742 2314 3031 2371 Servatore
3072 2324 3253 2372 nostro
3317 2318 3534 2375 Christo
3589 2318 3671 2374 ait

2090 2408 2230 2476 quod
2262 2408 2333 2462 sit
2357 2408 2526 2463 virtus
2554 2415 2607 2462 et
2631 2407 2893 2477 sapientia
2921 2408 3037 2463 Dei.
3059 2406 3114 2462 Si
3143 2423 3271 2479 ergo
3296 2418 3378 2464 est
3400 2410 3662 2479 sapientia

2089 2504 2143 2549 et
2175 2499 2416 2565 potentia
2446 2496 2627 2552 Patris
2658 2495 2893 2551 Verbum
2926 2512 2991 2551 ex
3030 2499 3144 2565 ipso
3178 2507 3232 2552 et
3265 2498 3322 2552 in
3358 2498 3475 2566 ipso
3510 2499 3659 2555 exsi-

2089 2593 2259 2647 stens,
2306 2585 2479 2653 ipsum
2508 2586 2671 2640 etiam
2700 2594 2784 2641 est
2811 2587 2864 2641 in
2889 2602 2996 2656 quo
3024 2587 3306 2653 deliberat,
3325 2597 3378 2643 et
3404 2604 3501 2658 per
3521 2590 3660 2656 quod

2089 2674 2267 2728 omnia
2299 2684 2573 2743 operatur.
2604 2675 2884 2740 Quomodo
2920 2676 3085 2745 igitur
3114 2676 3388 2731 voluntate
3420 2677 3503 2730 vel
3533 2675 3665 2729 deli-

2090 2766 2365 2820 beratione
2394 2764 2569 2820 factus
2596 2776 2678 2821 est
2707 2766 2753 2820 is
2784 2767 2835 2820 in
2867 2782 2974 2836 quo
3005 2776 3087 2821 est
3112 2766 3427 2821 deliberatio
3458 2765 3668 2821 Patris?

2090 2852 2191 2905 Aut
2219 2853 2362 2906 cnim
2393 2852 2551 2906 aliam
2584 2853 2906 2921 sapientiam
2935 2853 3189 2922 elIingere
3218 2869 3438 2909 necesse
3462 2863 3576 2917 est,
3609 2855 3662 2907 in

2092 2956 2192 3009 qua
2230 2942 2536 2996 deliberans
2571 2940 2697 2997 fecit
2730 2942 2925 2997 Filium
2949 2982 2964 3007 ,
3001 2952 3059 2997 ut
3094 2959 3187 2998 vos
3222 2945 3400 2999 dicitis
3434 2962 3448 2998 ι
3490 2956 3582 2998 aut
3615 2946 3658 2999 si

409 3036 487 3097 ὼς
518 3037 676 3105 ὑμεῖς
713 3053 872 3103 φατε,
906 3035 938 3106 ἢ
979 3038 1025 3088 εἰ
1048 3035 1210 3105 ἑτέρα
1235 3036 1334 3087 οὐκ
1353 3036 1518 3102 ἔστιν,
1549 3037 1663 3090 ἀλλ’
1687 3038 1801 3092 ἐστι
1825 3041 1984 3109 μόνος

2091 3033 2190 3085 alia
2216 3033 2357 3087 nulla
2382 3042 2484 3097 est,
2504 3034 2596 3089 sed
2622 3035 2730 3103 ipse
2758 3043 2841 3089 est
2864 3034 3010 3089 solus
3035 3037 3299 3106 sapientia
3326 3036 3523 3099 Patris,
3548 3037 3661 3104 ipse

412 3128 621 3196 αὖτὸςή
642 3128 800 3195 σοφία
828 3126 922 3179 τοῦ
952 3128 1183 3198 Πατρὸς,
1214 3127 1375 3190 αὐτὸς
1400 3128 1507 3196 ἄρα
1537 3130 1651 3182 ἐστὶ
1673 3132 1766 3183 καὶ
1796 3134 1827 3203 ἡ
1860 3133 1985 3203 βού-

416 3218 590 3285 λησις.
657 3219 745 3269 Ἐν
794 3217 902 3289 γὰρ
955 3218 1116 3288 σοφίᾳ
1166 3217 1382 3282 πάντως
1438 3223 1500 3273 τὸ
1555 3220 1838 3289 βούλεσθαι
1890 3226 1982 3280 τοῦ

421 3307 578 3361 Θεοῦ.
605 3308 714 3361 Καὶ
744 3312 963 3377 μάταιος
1014 3311 1142 3379 ὑμῖν
1172 3311 1199 3362 6
1226 3309 1401 3379 λόγος,
1449 3315 1542 3366 καὶ
1586 3316 1740 3368 κενὸν
1770 3316 1981 3387 ἐδείχθνι

415 3400 477 3453 τὸ
506 3400 852 3471 ἐπιχείρημα.

888 3516 1092 3581 AAAO,
1127 3518 1215 3582 είς
1238 3516 1304 3569 τὸ
1334 3517 1499 3570 αὑτό.

478 3647 592 3701 Οὐκ
611 3649 670 3701 ὲν
694 3650 808 3712 τοῖς
839 3650 1150 3720 γενομένοις
1174 3651 1206 3719 ή
1229 3648 1322 3702 τοῦ
1352 3649 1485 3704 Θεοῦ
1513 3649 1766 3722 βούλησις
1789 3654 1984 3707 οὑσιω-
2037 3699 2040 3703 .

414 3740 545 3810 μένη
568 3740 841 3808 φαίνεται,
877 3740 989 3793 ἀλλ’
1029 3740 1215 3812 ἔτερόν
1264 3741 1317 3793 τί
1349 3742 1466 3794 ἐστι
1502 3742 1650 3814 παρὰ
1683 3742 1751 3796 τὰ
1778 3744 1845 3796 δι’
1884 3746 1984 3798 αὑ-

409 3830 508 3898 τῆς
558 3828 875 3899 ποιούμενα.
923 3823 1068 3895 Οἷον,
1137 3829 1352 3901 θελήσει
1401 3832 1581 3901 φαμὲν
1613 3833 1863 3901 γενέσθαι
1890 3835 1983 3889 τὸν

409 3920 653 3991 οὐρανὸν,
685 3922 785 3973 οὐκ
813 3921 973 3975 αὐτὸν
997 3916 1134 3975 εἶναι
1164 3920 1262 3992 τὴν
1294 3921 1536 3993 θέλησιν.
1571 3923 1634 3977 Ei
1660 3925 1841 3981 τοίνυν
1870 3926 1985 3996 βου-

411 4012 619 4065 λεύεται
674 4012 773 4081 μὲν
817 4013 875 4064 ὲν
928 4012 1088 4081 σοφίᾳ
1133 4012 1285 4076 Θεὸς,
1335 4014 1431 4066 καὶ
1483 4015 1571 4067 ὅτε
1603 4014 1695 4069 τὸν
1724 4016 1872 4081 Υἱὸν,
1907 4017 1982 4082 ὡς

411 4107 565 4173 ὑμεῖς
588 4121 746 4173 φατε.
769 4104 1068 4176 ἀπογεννᾷν
1112 4100 1323 4174 ἤθελεν,
1356 4104 1472 4158 ἐστι
1524 4106 1581 4160 δὲ
1609 4109 1643 4179 ή
1697 4110 1858 4178 σοφία
1887 4110 1980 4164 τοῦ

413 4196 621 4264 Πατρὸς
648 4198 677 4249 6
719 4196 867 4260 Υίὸς,
900 4197 1089 4266 ἑτέραν
1143 4196 1221 4265 τῷ
1254 4197 1427 4267 Πατρὶ
1473 4202 1757 4270 προσεῖναι
1789 4200 1981 4269 σοφίαν

409 4290 641 4359 ἀνάγκη,
668 4291 725 4342 ὲν
813 4288 1234 4357 βουλευσάμενος
1267 4288 1498 4340 ἁπέτεκε
1527 4290 1616 4341 τὸν
1640 4290 1787 4343 Υίόν.
1833 4292 1896 4343 Εἰ
1925 4292 1980 4345 δὲ

2086 3139 2297 3194 quoque
2331 3124 2575 3179 voluntas
2611 3124 2725 3192 ejus
2758 3134 2861 3181 est.
2888 3125 3020 3180 Nam
3056 3128 3108 3181 in
3143 3127 3406 3197 sapientia
3440 3129 3661 3182 omnino

2084 3212 2329 3267 voluntas
2355 3212 2449 3267 Dei
2479 3213 2742 3268 consistit.
2770 3212 2945 3283 Atque
2980 3214 3050 3267 ita
3082 3215 3257 3268 inanis
3282 3230 3345 3269 ac
3373 3229 3508 3269 vana
3537 3230 3660 3270 esse

2084 3313 2265 3359 vestra
2285 3304 2422 3358 ratio
2442 3303 2799 3375 frivolumque
2824 3314 3203 3376 argumentum
3233 3306 3570 3361 ostenditur-

2594 3507 2827 3574 ALIUD,
2854 3508 2917 3561 de
2940 3509 3139 3563 eodem.

2154 3639 2413 3695 Voluntas
2441 3640 2532 3695 Dei
2566 3656 2671 3695 non
2703 3650 2785 3696 est
2818 3644 2869 3696 in
2899 3643 3095 3697 creatis
3123 3653 3397 3709 concreta,
3431 3647 3523 3698 sed
3553 3643 3670 3697 alia,

2083 3738 2166 3785 est
2196 3732 2263 3784 ab
2298 3732 2364 3785 iis
2399 3746 2516 3798 quae
2552 3746 2645 3799 per
2675 3747 2795 3786 eam
2828 3732 2968 3787 facta
3006 3743 3150 3788 sunt.
3182 3735 3421 3805 Exempli
3458 3736 3653 3804 gratia,

2082 3815 2276 3874 malum
2316 3820 2592 3875 voluntate
2634 3822 2831 3874 factum
2877 3837 2996 3876 esse
3042 3824 3304 3889 dicimus,
3338 3840 3442 3878 non
3484 3826 3656 3894 ipsum

2083 3929 2203 3969 esse
2228 3913 2581 3968 voluntatem.
2603 3912 2659 3967 Si
2688 3927 2817 3982 ergo
2845 3912 2895 3965 in
2920 3912 3182 3980 sapientia
3208 3914 3469 3968 deliberat
3496 3915 3656 3981 Deus,

2082 4007 2242 4059 etiam
2271 4006 2484 4076 quando
2513 4006 2729 4073 Filium,
2753 4014 2809 4060 nt
2834 4021 2927 4061 vos
2957 4006 3155 4070 dicitis,
3184 4018 3443 4075 generare
3463 4007 3652 4068 voluit.

2084 4097 2188 4167 52
2217 4097 2383 4152 Filius
2408 4112 2533 4152 vero
2560 4108 2644 4153 est
2668 4098 2928 4167 sapientia
2957 4096 3134 4152 Patris
3157 4097 3204 4130 ⁷⁸
3236 4117 3248 4153 :
3294 4098 3657 4153 necessarium

2079 4192 2237 4261 plane
2277 4200 2361 4245 est
2401 4192 2624 4246 alteram
2668 4192 2841 4247 inesse
2879 4192 3023 4246 Patri
3066 4192 3419 4263 sapientiam,
3455 4193 3505 4246 in
3550 4208 3658 4262 qua

2083 4283 2385 4338 deliberans
2420 4285 2601 4352 genuit
2636 4284 2855 4337 Filium.
2896 4287 2964 4337 At
3004 4300 3125 4337 cum
3164 4286 3215 4339 id
3251 4284 3473 4355 impium
3512 4286 3657 4340 dictu

406 4382 563 4434 τοῦτο
597 4380 779 4448 λέγειν
805 4378 999 4442 ἁσεόὲς
1024 4382 1041 4447 (
1062 4373 1142 4442 εἷς
1172 4379 1281 4450 γὰρ
1312 4378 1440 4442 Υἱὸς
1470 4379 1564 4433 τοῦ
1599 4380 1755 4445 Θεοῦ,
1792 4384 1884 4435 καὶ
1914 4384 1975 4437 οὐ

2091 4375 2153 4429 sit
2202 4376 2363 4442 (unus
2407 4376 2548 4429 enim
2595 4384 2677 4430 est
2722 4375 2888 4430 Filius
2935 4374 3061 4440 Dei,
3094 4393 3198 4432 non
3243 4378 3382 4441 duo,
3420 4393 3540 4434 cum
3589 4377 3661 4433 sit

405 4473 518 4537 δύο,
552 4473 711 4541 σοφία
734 4470 827 4525 τοῦ
852 4472 1063 4543 Πατρὺς
1088 4471 1346 4541 ὑπάρχων
1370 4470 1397 4521 6
1439 4470 1533 4523 τοῦ
1564 4470 1698 4524 Θεοῦ
1728 4472 1933 4544 Λόγος)
1958 4514 1972 4537 ,

408 4561 565 4627 αὑτός
595 4564 743 4615 ἐστιν
766 4563 794 4615 6
823 4562 891 4614 δι’
920 4555 982 4613 οὗ
1008 4560 1225 4615 πάντων
1271 4561 1304 4629 ἡ
1352 4558 1602 4628 βούλησις
1639 4560 1866 4629 γίνεται.

1097 4674 1300 4725 AAAO.

478 4783 597 4838 Τῶν
622 4784 681 4838 ὲν
709 4784 884 4855 χρόνῳ
924 4783 1247 4853 γεγονότων,
1302 4784 1621 4854 προηγεῖται
1669 4782 1886 4845 πάντως
1917 4784 1977 4835 τὸ

411 4874 753 4944 βουλεύεσθαί
781 4892 832 4928 τι
855 4876 981 4945 περὶ
1002 4874 1201 4928 αὐτῶν.
1254 4875 1316 4926 Εἰ
1362 4876 1542 4927 τοίνυν
1605 4874 1852 4944 βουλήσει
1884 4892 1976 4944 γε-

406 4966 648 5035 γένηται,
679 4965 799 5019 καθ’
824 4966 987 5035 ὑμᾶς,
1015 4968 1043 5018 6
1074 4966 1218 5029 Υἱὸς,
1264 4965 1679 5036 προηγουμένην
1734 4964 1847 5035 ἔχει
1883 4965 1974 5017 καὶ

406 5058 568 5123 αὐτὸς
622 5059 721 5129 τὴν
771 5058 899 5128 περὶ
951 5056 1115 5111 αὑτοῦ
1176 5055 1458 5126 βούλησιν,
1518 5054 1705 5130 ὥσπερ
1754 5055 1849 5108 καὶ⁴
1906 5054 1974 5108 τὰ

410 5154 710 5223 ποιήματα.
754 5151 866 5205 Καὶ
909 5150 1009 5203 οὐκ
1049 5145 1117 5222 ἦν
1162 5165 1311 5202 ποτε.
1356 5148 1464 5201 Καὶ
1502 5148 1753 5217 ψεύδεται
1799 5147 1973 5216 λέγων

422 5246 670 5316 Ἰωάννης
699 5246 829 5316 περὶ
854 5242 1037 5297 αὐτοῦ’
1098 5261 1116 5292 ι
1167 5242 1255 5294 Ἐν
1284 5242 1423 5312 ἀρχῇ
1465 5236 1530 5310 ἦν
1556 5242 1584 5293 6
1627 5241 1815 5309 Λόγος.
1853 5258 1871 5290 ι
1912 5241 1973 5293 E1

406 5336 514 5409 γὰρ
538 5337 638 5389 οὐκ
665 5330 754 5405 ἦν,
774 5333 896 5388 καθ’
930 5334 1093 5404 ὑμᾶς,
1129 5333 1244 5396 πῶς
1274 5334 1301 5386 6
1335 5330 1727 5401 εὐαγγελιστὴς
1754 5330 1975 5403 ἁληϐεύ-
2024 5344 2032 5350 ·

408 5443 489 5481 σει
516 5423 744 5495 τὸ,Ἶ1ν,
764 5424 914 5496 αὐτῷ
949 5424 1275 5496 περιτιθείς;
1317 5423 1453 5477 Ἀλλ’
1474 5424 1571 5494 οὐχ
1596 5422 1742 5494 ὑμῖν,
1782 5422 1974 5494 ἐκείνῳ

472 5606 515 5639 Ὑί
559 5604 761 5661 Jercm.
802 5618 955 5670 χχιιι,
996 5603 1078 5659 16.
1160 5606 1202 5635 τ’
1233 5604 1365 5659 Gen.
1415 5620 1450 5669 ι,
1490 5602 1577 5657 ‘26.
1657 5602 1702 5633 ⁷³
1743 5600 1881 5657 Psal.
1922 5615 2141 5668 curm,
2177 5600 2226 5653 6.

2082 4466 2339 4535 sapientia
2387 4465 2563 4521 Patris
2615 4466 2704 4520 Dei
2751 4465 3037 4537 Verbum),
3072 4468 3185 4537 ipse
3230 4477 3313 4551 est
3355 4484 3451 4539 per
3497 4484 3656 4539 quem

2081 4559 2317 4612 omnium
2359 4558 2673 4614 deliberatio
2707 4558 2783 4613 iit.

2764 4669 2988 4726 ALIUD.

2153 4784 2281 4848 Quae
2331 4785 2379 4838 in
2436 4794 2675 4855 tempore
2718 4788 2857 4842 facta
2909 4794 3065 4850 sunt,
3110 4784 3426 4840 deliberatio
3480 4786 3544 4840 de
3590 4786 3655 4841 iis

2083 4876 2337 4930 faciendis
2366 4878 2585 4931 omnino
2614 4878 2910 4947 prmcessil.
2936 4878 2990 4932 Si
3021 4893 3147 4947 ergo
3173 4876 3449 4931 voluntate
3477 4876 3649 4932 factus

2082 4976 2183 5030 cst,
2213 4976 2271 5021 ut
2294 4982 2389 5021 vos
2416 4969 2674 5031 statuitis,
2704 4971 2888 5034 Filius,
2914 4981 3060 5024 certe
3097 4971 3258 5024 etiam
3296 4970 3361 5023 de
3390 4985 3472 5035 eo,
3502 4978 3558 5024 ut
3585 4971 3649 5025 de

2081 5059 2373 5122 creaturis,
2416 5058 2726 5114 deliberatio
2778 5062 3130 5129 praecesserit.
3181 5062 3358 5132 Atque
3414 5063 3483 5117 ita
3544 5062 3648 5115 ali-

2083 5144 2295 5219 q'nando
2339 5165 2445 5205 non
2488 5160 2623 5205 erat.
2656 5150 2722 5204 Et
2765 5153 3021 5208 mentitur
3063 5153 3302 5209 Joannes
3353 5154 3539 5210 dicens
3584 5152 3653 5206 de

2082 5256 2145 5295 eo
2181 5258 2192 5294 :
2231 5259 2249 5291 ι
2290 5239 2343 5293 1n
2382 5240 2646 5310 principio
2673 5252 2789 5296 erat
2818 5244 3047 5298 Verbum
3072 5247 3137 5301 ⁷⁵.
3168 5264 3187 5298 ι
3225 5244 3278 5300 Si
3310 5244 3648 5314 enim,juxta

2082 5342 2312 5386 vestram
2344 5333 2674 5403 Opinionem,
2699 5349 2803 5388 non
2832 5345 2968 5401 erat,
2994 5353 3099 5408 quo
3131 5347 3286 5407 pacto
3317 5338 3645 5409 evangelista

2082 5438 2205 5480 vere
2232 5423 2393 5490 dicet,
2418 5440 2537 5480 cum
2571 5425 2692 5494 hoc,
2720 5439 2854 5495 erat,
2882 5427 2930 5483 ei
2970 5430 3203 5484 tribuat?
3233 5431 3300 5484 At
3334 5445 3438 5486 non
3475 5431 3651 5494 vobis,

2305 5599 2349 5631 7"
2390 5599 2408 5654 1
2449 5602 2571 5657 Cor.
2617 5619 2653 5669 ι,
2695 5603 2785 5659 ΕΗ.
2857 5603 3074 5659 7’Joan.
3107 5622 3143 5672 ι,
3174 5607 3221 5659 1.
