  <div class='ocr_page' id='page_1' title='image "/cluster/home/n/w/nwhite01/storage/ocr_20150623/75/hvd.32044073502031/049.png"; bbox 0 0 4110 6212; ppageno 0'>
   <div class='ocr_carea' id='block_1_1' title="bbox 447 170 3693 280">
    <p class='ocr_par' dir='ltr' id='par_1_1' title="bbox 447 170 3693 280">
     <span class='ocr_line' id='line_1_1' title="bbox 447 170 3693 280; baseline 0 -10"><span class='ocrx_word' id='word_1_1' title='bbox 447 170 539 270; x_wconf 57' lang='grc' dir='ltr'><strong>δέ</strong></span> <span class='ocrx_word' id='word_1_2' title='bbox 1435 212 1492 266; x_wconf 90' lang='lat' dir='ltr'><strong>s.</strong></span> <span class='ocrx_word' id='word_1_3' title='bbox 1536 211 1804 267; x_wconf 81' lang='lat' dir='ltr'><strong>CYRILLI</strong></span> <span class='ocrx_word' id='word_1_4' title='bbox 1842 211 2317 269; x_wconf 78' lang='lat' dir='ltr'><strong>ALEXANDRINI</strong></span> <span class='ocrx_word' id='word_1_5' title='bbox 2359 215 2680 271; x_wconf 79' lang='lat' dir='ltr'><strong>ARClllEP.</strong></span> <span class='ocrx_word' id='word_1_6' title='bbox 3622 220 3693 280; x_wconf 75' lang='lat' dir='ltr'><strong>as</strong></span> 
     </span>
    </p>
   </div>
   <div class='ocr_carea' id='block_1_2' title="bbox 444 328 1999 405">
    <p class='ocr_par' dir='ltr' id='par_1_2' title="bbox 444 329 1999 400">
     <span class='ocr_line' id='line_1_2' title="bbox 444 329 1999 400; baseline -0.001 -15"><span class='ocrx_word' id='word_1_7' title='bbox 444 332 536 388; x_wconf 74' lang='lat' dir='ltr'><strong>sed</strong></span> <span class='ocrx_word' id='word_1_8' title='bbox 562 330 667 395; x_wconf 86' lang='lat' dir='ltr'><strong>illi,</strong></span> <span class='ocrx_word' id='word_1_9' title='bbox 695 330 914 399; x_wconf 81' lang='lat' dir='ltr'><strong>opinor,</strong></span> <span class='ocrx_word' id='word_1_10' title='bbox 947 329 1169 385; x_wconf 83' lang='lat' dir='ltr'><strong>credere</strong></span> <span class='ocrx_word' id='word_1_11' title='bbox 1197 344 1416 385; x_wconf 86' lang='lat' dir='ltr'><strong>necesse</strong></span> <span class='ocrx_word' id='word_1_12' title='bbox 1446 340 1548 386; x_wconf 91' lang='lat' dir='ltr'><strong>est.</strong></span> <span class='ocrx_word' id='word_1_13' title='bbox 1580 331 1707 384; x_wconf 80' lang='lat' dir='ltr'><strong>Erat</strong></span> <span class='ocrx_word' id='word_1_14' title='bbox 1738 330 1919 400; x_wconf 79' lang='lat' dir='ltr'><strong>igitur,</strong></span> <span class='ocrx_word' id='word_1_15' title='bbox 1952 339 1999 384; x_wconf 85' lang='lat' dir='ltr'><strong>ul</strong></span> 
     </span>
    </p>
   </div>
   <div class='ocr_carea' id='block_1_3' title="bbox 2095 328 3689 405">
    <p class='ocr_par' dir='ltr' id='par_1_3' title="bbox 2111 328 3689 405">
     <span class='ocr_line' id='line_1_3' title="bbox 2111 328 3689 405; baseline 0.003 -21"><span class='ocrx_word' id='word_1_16' title='bbox 2111 332 2190 397; x_wconf 84' lang='grc' dir='ltr'><strong>δὲ,</strong></span> <span class='ocrx_word' id='word_1_17' title='bbox 2215 329 2389 404; x_wconf 75' lang='grc' dir='ltr'>οἶμαι,</span> <span class='ocrx_word' id='word_1_18' title='bbox 2419 333 2692 388; x_wconf 80' lang='grc' dir='ltr'><strong>πιστεύειν</strong></span> <span class='ocrx_word' id='word_1_19' title='bbox 2741 335 3057 404; x_wconf 79' lang='grc' dir='ltr'>ἀναγκαῖον.</span> <span class='ocrx_word' id='word_1_20' title='bbox 3086 328 3194 387; x_wconf 83' lang='grc' dir='ltr'>Ἦν</span> <span class='ocrx_word' id='word_1_21' title='bbox 3239 333 3367 405; x_wconf 81' lang='grc' dir='ltr'>ἄρα,</span> <span class='ocrx_word' id='word_1_22' title='bbox 3430 334 3572 387; x_wconf 80' lang='grc' dir='ltr'>κατὰ</span> <span class='ocrx_word' id='word_1_23' title='bbox 3600 335 3689 389; x_wconf 79' lang='grc' dir='ltr'><strong>τὸν</strong></span> 
     </span>
    </p>
   </div>
   <div class='ocr_carea' id='block_1_4' title="bbox 442 420 2011 491">
    <p class='ocr_par' dir='ltr' id='par_1_4' title="bbox 442 420 2011 491">
     <span class='ocr_line' id='line_1_4' title="bbox 442 420 2011 491; baseline 0 -13"><span class='ocrx_word' id='word_1_24' title='bbox 442 425 532 478; x_wconf 82' lang='lat' dir='ltr'><strong>ille</strong></span> <span class='ocrx_word' id='word_1_25' title='bbox 559 422 709 487; x_wconf 92' lang='lat' dir='ltr'><strong>dicit,</strong></span> <span class='ocrx_word' id='word_1_26' title='bbox 735 420 926 487; x_wconf 87' lang='lat' dir='ltr'><strong>Filius,</strong></span> <span class='ocrx_word' id='word_1_27' title='bbox 960 430 1016 476; x_wconf 91' lang='lat' dir='ltr'><strong>et</strong></span> <span class='ocrx_word' id='word_1_28' title='bbox 1042 422 1195 489; x_wconf 89' lang='lat' dir='ltr'><strong>illud,</strong></span> <span class='ocrx_word' id='word_1_29' title='bbox 1228 440 1330 477; x_wconf 86' lang='lat' dir='ltr'><strong>non</strong></span> <span class='ocrx_word' id='word_1_30' title='bbox 1364 432 1497 488; x_wconf 82' lang='lat' dir='ltr'><strong>erat,</strong></span> <span class='ocrx_word' id='word_1_31' title='bbox 1529 435 1810 491; x_wconf 83' lang='lat' dir='ltr'><strong>perperam</strong></span> <span class='ocrx_word' id='word_1_32' title='bbox 1847 421 1913 477; x_wconf 90' lang='lat' dir='ltr'><strong>de</strong></span> <span class='ocrx_word' id='word_1_33' title='bbox 1947 437 2011 477; x_wconf 88' lang='lat' dir='ltr'><strong>eo</strong></span> 
     </span>
    </p>
   </div>
   <div class='ocr_carea' id='block_1_5' title="bbox 441 515 652 569">
    <p class='ocr_par' dir='ltr' id='par_1_5' title="bbox 441 515 652 569">
     <span class='ocr_line' id='line_1_5' title="bbox 441 515 652 569; baseline -0.005 0"><span class='ocrx_word' id='word_1_34' title='bbox 441 515 652 569; x_wconf 84' lang='lat' dir='ltr'><strong>dicitur.</strong></span> 
     </span>
    </p>
   </div>
   <div class='ocr_carea' id='block_1_6' title="bbox 1112 628 1341 682">
    <p class='ocr_par' dir='ltr' id='par_1_6' title="bbox 1112 628 1341 682">
     <span class='ocr_line' id='line_1_6' title="bbox 1112 628 1341 682; baseline -0.004 0"><span class='ocrx_word' id='word_1_35' title='bbox 1112 628 1341 682; x_wconf 85' lang='lat' dir='ltr'><strong>ALIUD.</strong></span> 
     </span>
    </p>
   </div>
   <div class='ocr_carea' id='block_1_7' title="bbox 511 739 2004 813">
    <p class='ocr_par' dir='ltr' id='par_1_7' title="bbox 511 739 2004 813">
     <span class='ocr_line' id='line_1_7' title="bbox 511 739 2004 813; baseline 0.003 -20"><span class='ocrx_word' id='word_1_36' title='bbox 511 739 566 793; x_wconf 88' lang='lat' dir='ltr'><strong>Si</strong></span> <span class='ocrx_word' id='word_1_37' title='bbox 604 754 664 794; x_wconf 89' lang='lat' dir='ltr'><strong>ea</strong></span> <span class='ocrx_word' id='word_1_38' title='bbox 703 755 821 809; x_wconf 71' lang='lat' dir='ltr'><strong>qum</strong></span> <span class='ocrx_word' id='word_1_39' title='bbox 850 755 915 796; x_wconf 85' lang='lat' dir='ltr'><strong>ex</strong></span> <span class='ocrx_word' id='word_1_40' title='bbox 948 740 1225 795; x_wconf 90' lang='lat' dir='ltr'><strong>voluntate</strong></span> <span class='ocrx_word' id='word_1_41' title='bbox 1255 739 1394 793; x_wconf 80' lang='lat' dir='ltr'><strong>facta</strong></span> <span class='ocrx_word' id='word_1_42' title='bbox 1432 749 1586 805; x_wconf 81' lang='lat' dir='ltr'><strong>sunt,</strong></span> <span class='ocrx_word' id='word_1_43' title='bbox 1620 750 1830 811; x_wconf 81' lang='lat' dir='ltr'><strong>tempus</strong></span> <span class='ocrx_word' id='word_1_44' title='bbox 1858 758 2004 813; x_wconf 63' lang='lat' dir='ltr'><strong>prte-</strong></span> 
     </span>
    </p>
   </div>
   <div class='ocr_carea' id='block_1_8' title="bbox 437 830 2003 904">
    <p class='ocr_par' dir='ltr' id='par_1_8' title="bbox 437 830 2003 904">
     <span class='ocr_line' id='line_1_8' title="bbox 437 830 2003 904; baseline 0.003 -20"><span class='ocrx_word' id='word_1_45' title='bbox 437 832 632 896; x_wconf 80' lang='lat' dir='ltr'><strong>cessit,</strong></span> <span class='ocrx_word' id='word_1_46' title='bbox 661 833 713 885; x_wconf 94' lang='lat' dir='ltr'><strong>in</strong></span> <span class='ocrx_word' id='word_1_47' title='bbox 750 846 857 901; x_wconf 86' lang='lat' dir='ltr'><strong>quo</strong></span> <span class='ocrx_word' id='word_1_48' title='bbox 886 833 953 887; x_wconf 91' lang='lat' dir='ltr'><strong>de</strong></span> <span class='ocrx_word' id='word_1_49' title='bbox 986 832 1115 899; x_wconf 85' lang='lat' dir='ltr'><strong>ipsis</strong></span> <span class='ocrx_word' id='word_1_50' title='bbox 1144 830 1496 885; x_wconf 85' lang='lat' dir='ltr'><strong>deliberatum</strong></span> <span class='ocrx_word' id='word_1_51' title='bbox 1530 840 1643 897; x_wconf 85' lang='lat' dir='ltr'><strong>est,</strong></span> <span class='ocrx_word' id='word_1_52' title='bbox 1672 834 1716 888; x_wconf 91' lang='lat' dir='ltr'><strong>si</strong></span> <span class='ocrx_word' id='word_1_53' title='bbox 1752 834 2003 904; x_wconf 71' lang='lat' dir='ltr'><strong>exiguum</strong></span> 
     </span>
    </p>
   </div>
   <div class='ocr_carea' id='block_1_9' title="bbox 435 922 2001 993">
    <p class='ocr_par' dir='ltr' id='par_1_9' title="bbox 435 922 2001 993">
     <span class='ocr_line' id='line_1_9' title="bbox 435 922 2001 993; baseline 0.003 -19"><span class='ocrx_word' id='word_1_54' title='bbox 435 922 650 992; x_wconf 86' lang='lat' dir='ltr'><strong>aliquod</strong></span> <span class='ocrx_word' id='word_1_55' title='bbox 688 923 1174 991; x_wconf 88' lang='lat' dir='ltr'><strong>brevissimumquc</strong></span> <span class='ocrx_word' id='word_1_56' title='bbox 1209 931 1419 992; x_wconf 81' lang='lat' dir='ltr'><strong>tempus</strong></span> <span class='ocrx_word' id='word_1_57' title='bbox 1450 924 1666 990; x_wconf 92' lang='lat' dir='ltr'><strong>demus,</strong></span> <span class='ocrx_word' id='word_1_58' title='bbox 1696 940 1801 985; x_wconf 86' lang='lat' dir='ltr'><strong>quo</strong></span> <span class='ocrx_word' id='word_1_59' title='bbox 1845 935 2001 993; x_wconf 86' lang='lat' dir='ltr'><strong>pacto</strong></span> 
     </span>
    </p>
   </div>
   <div class='ocr_carea' id='block_1_10' title="bbox 432 1012 2003 1085">
    <p class='ocr_par' dir='ltr' id='par_1_10' title="bbox 432 1012 2003 1085">
     <span class='ocr_line' id='line_1_10' title="bbox 432 1012 2003 1085; baseline 0.003 -18"><span class='ocrx_word' id='word_1_60' title='bbox 432 1015 536 1067; x_wconf 86' lang='lat' dir='ltr'><strong>erit</strong></span> <span class='ocrx_word' id='word_1_61' title='bbox 580 1023 877 1082; x_wconf 88' lang='lat' dir='ltr'><strong>temporum</strong></span> <span class='ocrx_word' id='word_1_62' title='bbox 921 1014 1169 1067; x_wconf 86' lang='lat' dir='ltr'><strong>conditor</strong></span> <span class='ocrx_word' id='word_1_63' title='bbox 1209 1012 1407 1077; x_wconf 84' lang='lat' dir='ltr'><strong>Filius,</strong></span> <span class='ocrx_word' id='word_1_64' title='bbox 1442 1014 1488 1069; x_wconf 96' lang='lat' dir='ltr'><strong>si</strong></span> <span class='ocrx_word' id='word_1_65' title='bbox 1518 1013 1845 1083; x_wconf 77' lang='lat' dir='ltr'><strong>deliberatio</strong></span> <span class='ocrx_word' id='word_1_66' title='bbox 1886 1017 2003 1085; x_wconf 86' lang='lat' dir='ltr'><strong>ejus</strong></span> 
     </span>
    </p>
   </div>
   <div class='ocr_carea' id='block_1_11' title="bbox 432 1104 2003 1173">
    <p class='ocr_par' dir='ltr' id='par_1_11' title="bbox 432 1104 2003 1173">
     <span class='ocr_line' id='line_1_11' title="bbox 432 1104 2003 1173; baseline 0.003 -16"><span class='ocrx_word' id='word_1_67' title='bbox 432 1104 833 1172; x_wconf 76' lang='lat' dir='ltr'><strong>generationem</strong></span> <span class='ocrx_word' id='word_1_68' title='bbox 866 1104 1180 1173; x_wconf 70' lang='lat' dir='ltr'><strong>pramessit?</strong></span> <span class='ocrx_word' id='word_1_69' title='bbox 1211 1105 1369 1173; x_wconf 82' lang='lat' dir='ltr'><strong>Atqui</strong></span> <span class='ocrx_word' id='word_1_70' title='bbox 1392 1113 1475 1160; x_wconf 86' lang='lat' dir='ltr'><strong>est</strong></span> <span class='ocrx_word' id='word_1_71' title='bbox 1506 1105 1724 1161; x_wconf 88' lang='lat' dir='ltr'><strong>omnino</strong></span> <span class='ocrx_word' id='word_1_72' title='bbox 1755 1108 2003 1163; x_wconf 91' lang='lat' dir='ltr'><strong>conditor</strong></span> 
     </span>
    </p>
   </div>
   <div class='ocr_carea' id='block_1_12' title="bbox 433 1194 1996 1266">
    <p class='ocr_par' dir='ltr' id='par_1_12' title="bbox 433 1194 1996 1266">
     <span class='ocr_line' id='line_1_12' title="bbox 433 1194 1996 1266; baseline 0.004 -21"><span class='ocrx_word' id='word_1_73' title='bbox 433 1203 755 1261; x_wconf 88' lang='lat' dir='ltr'><strong>temporum.</strong></span> <span class='ocrx_word' id='word_1_74' title='bbox 785 1194 913 1249; x_wconf 88' lang='lat' dir='ltr'><strong>Erat</strong></span> <span class='ocrx_word' id='word_1_75' title='bbox 946 1194 1155 1264; x_wconf 88' lang='lat' dir='ltr'><strong>itaque,</strong></span> <span class='ocrx_word' id='word_1_76' title='bbox 1185 1205 1241 1251; x_wconf 89' lang='lat' dir='ltr'><strong>et</strong></span> <span class='ocrx_word' id='word_1_77' title='bbox 1277 1196 1409 1250; x_wconf 86' lang='lat' dir='ltr'><strong>nihil</strong></span> <span class='ocrx_word' id='word_1_78' title='bbox 1445 1195 1558 1264; x_wconf 83' lang='lat' dir='ltr'><strong>ejus</strong></span> <span class='ocrx_word' id='word_1_79' title='bbox 1593 1199 1996 1266; x_wconf 79' lang='lat' dir='ltr'><strong>generationem</strong></span> 
     </span>
    </p>
   </div>
   <div class='ocr_carea' id='block_1_13' title="bbox 426 1282 718 1351">
    <p class='ocr_par' dir='ltr' id='par_1_13' title="bbox 426 1282 718 1351">
     <span class='ocr_line' id='line_1_13' title="bbox 426 1282 718 1351; baseline 0.007 -16"><span class='ocrx_word' id='word_1_80' title='bbox 426 1282 718 1351; x_wconf 65' lang='lat' dir='ltr'><strong>praecessit.</strong></span> 
     </span>
    </p>
   </div>
   <div class='ocr_carea' id='block_1_14' title="bbox 1099 1398 1330 1454">
    <p class='ocr_par' dir='ltr' id='par_1_14' title="bbox 1099 1398 1330 1454">
     <span class='ocr_line' id='line_1_14' title="bbox 1099 1398 1330 1454; baseline 0.004 -2"><span class='ocrx_word' id='word_1_81' title='bbox 1099 1398 1330 1454; x_wconf 84' lang='lat' dir='ltr'><strong>ALIUD.</strong></span> 
     </span>
    </p>
   </div>
   <div class='ocr_carea' id='block_1_15' title="bbox 496 1510 1998 1585">
    <p class='ocr_par' dir='ltr' id='par_1_15' title="bbox 496 1510 1998 1585">
     <span class='ocr_line' id='line_1_15' title="bbox 496 1510 1998 1585; baseline 0.005 -20"><span class='ocrx_word' id='word_1_82' title='bbox 496 1511 551 1565; x_wconf 89' lang='lat' dir='ltr'><strong>Si</strong></span> <span class='ocrx_word' id='word_1_83' title='bbox 585 1510 755 1567; x_wconf 85' lang='lat' dir='ltr'><strong>Filius</strong></span> <span class='ocrx_word' id='word_1_84' title='bbox 779 1520 862 1568; x_wconf 86' lang='lat' dir='ltr'><strong>est</strong></span> <span class='ocrx_word' id='word_1_85' title='bbox 888 1513 1154 1583; x_wconf 84' lang='lat' dir='ltr'><strong>sapientia</strong></span> <span class='ocrx_word' id='word_1_86' title='bbox 1182 1514 1381 1579; x_wconf 85' lang='lat' dir='ltr'><strong>Patris,</strong></span> <span class='ocrx_word' id='word_1_87' title='bbox 1403 1524 1464 1569; x_wconf 91' lang='lat' dir='ltr'><strong>ut</strong></span> <span class='ocrx_word' id='word_1_88' title='bbox 1489 1530 1677 1571; x_wconf 82' lang='lat' dir='ltr'><strong>revera</strong></span> <span class='ocrx_word' id='word_1_89' title='bbox 1701 1524 1804 1581; x_wconf 89' lang='lat' dir='ltr'><strong>est,</strong></span> <span class='ocrx_word' id='word_1_90' title='bbox 1830 1516 1998 1585; x_wconf 89' lang='lat' dir='ltr'><strong>quod-</strong></span> 
     </span>
    </p>
   </div>
   <div class='ocr_carea' id='block_1_16' title="bbox 425 1608 1995 1678">
    <p class='ocr_par' dir='ltr' id='par_1_16' title="bbox 425 1608 1995 1678">
     <span class='ocr_line' id='line_1_16' title="bbox 425 1608 1995 1678; baseline 0.003 -21"><span class='ocrx_word' id='word_1_91' title='bbox 425 1620 551 1658; x_wconf 84' lang='lat' dir='ltr'><strong>nam</strong></span> <span class='ocrx_word' id='word_1_92' title='bbox 587 1614 797 1673; x_wconf 88' lang='lat' dir='ltr'><strong>tempus</strong></span> <span class='ocrx_word' id='word_1_93' title='bbox 826 1614 1092 1660; x_wconf 83' lang='lat' dir='ltr'><strong>statuetur</strong></span> <span class='ocrx_word' id='word_1_94' title='bbox 1138 1621 1244 1676; x_wconf 90' lang='lat' dir='ltr'><strong>quo</strong></span> <span class='ocrx_word' id='word_1_95' title='bbox 1269 1623 1373 1662; x_wconf 87' lang='lat' dir='ltr'><strong>non</strong></span> <span class='ocrx_word' id='word_1_96' title='bbox 1397 1616 1514 1662; x_wconf 89' lang='lat' dir='ltr'><strong>erat</strong></span> <span class='ocrx_word' id='word_1_97' title='bbox 1534 1608 1585 1661; x_wconf 91' lang='lat' dir='ltr'><strong>in</strong></span> <span class='ocrx_word' id='word_1_98' title='bbox 1609 1622 1674 1664; x_wconf 87' lang='lat' dir='ltr'><strong>eo</strong></span> <span class='ocrx_word' id='word_1_99' title='bbox 1699 1608 1995 1678; x_wconf 85' lang='lat' dir='ltr'><strong>sapientia?</strong></span> 
     </span>
    </p>
   </div>
   <div class='ocr_carea' id='block_1_17' title="bbox 424 1697 1998 1770">
    <p class='ocr_par' dir='ltr' id='par_1_17' title="bbox 424 1697 1998 1770">
     <span class='ocr_line' id='line_1_17' title="bbox 424 1697 1998 1770; baseline 0.003 -18"><span class='ocrx_word' id='word_1_100' title='bbox 424 1697 481 1752; x_wconf 89' lang='lat' dir='ltr'><strong>Si</strong></span> <span class='ocrx_word' id='word_1_101' title='bbox 525 1706 705 1752; x_wconf 90' lang='lat' dir='ltr'><strong>autem</strong></span> <span class='ocrx_word' id='word_1_102' title='bbox 752 1705 833 1752; x_wconf 87' lang='lat' dir='ltr'><strong>est</strong></span> <span class='ocrx_word' id='word_1_103' title='bbox 875 1706 1112 1753; x_wconf 68' lang='lat' dir='ltr'><strong>aeternus</strong></span> <span class='ocrx_word' id='word_1_104' title='bbox 1158 1698 1212 1753; x_wconf 92' lang='lat' dir='ltr'><strong>in</strong></span> <span class='ocrx_word' id='word_1_105' title='bbox 1253 1698 1412 1754; x_wconf 88' lang='lat' dir='ltr'><strong>Patre</strong></span> <span class='ocrx_word' id='word_1_106' title='bbox 1452 1697 1690 1770; x_wconf 84' lang='lat' dir='ltr'><strong>(semper</strong></span> <span class='ocrx_word' id='word_1_107' title='bbox 1731 1700 1876 1755; x_wconf 91' lang='lat' dir='ltr'><strong>enim</strong></span> <span class='ocrx_word' id='word_1_108' title='bbox 1915 1712 1998 1757; x_wconf 87' lang='lat' dir='ltr'><strong>est</strong></span> 
     </span>
    </p>
   </div>
   <div class='ocr_carea' id='block_1_18' title="bbox 423 1789 1995 1864">
    <p class='ocr_par' dir='ltr' id='par_1_18' title="bbox 423 1789 1995 1864">
     <span class='ocr_line' id='line_1_18' title="bbox 423 1789 1995 1864; baseline 0.004 -20"><span class='ocrx_word' id='word_1_109' title='bbox 423 1790 641 1858; x_wconf 81' lang='lat' dir='ltr'><strong>sapiens</strong></span> <span class='ocrx_word' id='word_1_110' title='bbox 670 1789 886 1860; x_wconf 86' lang='lat' dir='ltr'><strong>Pater),</strong></span> <span class='ocrx_word' id='word_1_111' title='bbox 911 1806 1018 1860; x_wconf 89' lang='lat' dir='ltr'><strong>quo</strong></span> <span class='ocrx_word' id='word_1_112' title='bbox 1050 1799 1209 1861; x_wconf 88' lang='lat' dir='ltr'><strong>pacto</strong></span> <span class='ocrx_word' id='word_1_113' title='bbox 1242 1791 1509 1861; x_wconf 71' lang='lat' dir='ltr'><strong>praecedet</strong></span> <span class='ocrx_word' id='word_1_114' title='bbox 1531 1793 1735 1863; x_wconf 89' lang='lat' dir='ltr'><strong>aliquid</strong></span> <span class='ocrx_word' id='word_1_115' title='bbox 1768 1795 1820 1849; x_wconf 90' lang='lat' dir='ltr'><strong>id</strong></span> <span class='ocrx_word' id='word_1_116' title='bbox 1853 1796 1995 1864; x_wconf 88' lang='lat' dir='ltr'><strong>quod</strong></span> 
     </span>
    </p>
   </div>
   <div class='ocr_carea' id='block_1_19' title="bbox 421 1881 1998 1955">
    <p class='ocr_par' dir='ltr' id='par_1_19' title="bbox 421 1881 1998 1955">
     <span class='ocr_line' id='line_1_19' title="bbox 421 1881 1998 1955; baseline 0.005 -21"><span class='ocrx_word' id='word_1_117' title='bbox 421 1894 636 1949; x_wconf 77' lang='lat' dir='ltr'><strong>semper</strong></span> <span class='ocrx_word' id='word_1_118' title='bbox 660 1881 907 1935; x_wconf 83' lang='lat' dir='ltr'><strong>exsistit?</strong></span> <span class='ocrx_word' id='word_1_119' title='bbox 935 1882 1053 1948; x_wconf 86' lang='lat' dir='ltr'><strong>Quo</strong></span> <span class='ocrx_word' id='word_1_120' title='bbox 1083 1891 1240 1950; x_wconf 87' lang='lat' dir='ltr'><strong>pacto</strong></span> <span class='ocrx_word' id='word_1_121' title='bbox 1270 1882 1411 1937; x_wconf 90' lang='lat' dir='ltr'><strong>inter</strong></span> <span class='ocrx_word' id='word_1_122' title='bbox 1440 1897 1501 1936; x_wconf 90' lang='lat' dir='ltr'><strong>ea</strong></span> <span class='ocrx_word' id='word_1_123' title='bbox 1529 1883 1845 1940; x_wconf 87' lang='lat' dir='ltr'><strong>deliberatio</strong></span> <span class='ocrx_word' id='word_1_124' title='bbox 1876 1901 1998 1955; x_wconf 88' lang='lat' dir='ltr'><strong>pro-</strong></span> 
     </span>
    </p>
   </div>
   <div class='ocr_carea' id='block_1_20' title="bbox 421 1970 1994 2039">
    <p class='ocr_par' dir='ltr' id='par_1_20' title="bbox 421 1970 1994 2039">
     <span class='ocr_line' id='line_1_20' title="bbox 421 1970 1994 2039; baseline 0.004 -16"><span class='ocrx_word' id='word_1_125' title='bbox 421 1970 605 2034; x_wconf 83' lang='lat' dir='ltr'><strong>cedet,</strong></span> <span class='ocrx_word' id='word_1_126' title='bbox 638 1970 831 2024; x_wconf 84' lang='lat' dir='ltr'><strong>Filium</strong></span> <span class='ocrx_word' id='word_1_127' title='bbox 868 1970 1153 2039; x_wconf 84' lang='lat' dir='ltr'><strong>aliquando</strong></span> <span class='ocrx_word' id='word_1_128' title='bbox 1183 1988 1287 2027; x_wconf 93' lang='lat' dir='ltr'><strong>non</strong></span> <span class='ocrx_word' id='word_1_129' title='bbox 1320 1973 1667 2027; x_wconf 78' lang='lat' dir='ltr'><strong>exsistentem</strong></span> <span class='ocrx_word' id='word_1_130' title='bbox 1703 1974 1994 2037; x_wconf 86' lang='lat' dir='ltr'><strong>inducens.</strong></span> 
     </span>
    </p>
   </div>
   <div class='ocr_carea' id='block_1_21' title="bbox 423 2061 1997 2134">
    <p class='ocr_par' dir='ltr' id='par_1_21' title="bbox 423 2061 1997 2134">
     <span class='ocr_line' id='line_1_21' title="bbox 423 2061 1997 2134; baseline 0.003 -19"><span class='ocrx_word' id='word_1_131' title='bbox 423 2076 543 2115; x_wconf 81' lang='lat' dir='ltr'><strong>cum</strong></span> <span class='ocrx_word' id='word_1_132' title='bbox 573 2061 641 2117; x_wconf 91' lang='lat' dir='ltr'><strong>sit</strong></span> <span class='ocrx_word' id='word_1_133' title='bbox 667 2061 907 2117; x_wconf 85' lang='lat' dir='ltr'><strong>Genitori</strong></span> <span class='ocrx_word' id='word_1_134' title='bbox 934 2071 1256 2127; x_wconf 85' lang='lat' dir='ltr'><strong>coaeternus,</strong></span> <span class='ocrx_word' id='word_1_135' title='bbox 1278 2064 1532 2118; x_wconf 89' lang='lat' dir='ltr'><strong>nimirum</strong></span> <span class='ocrx_word' id='word_1_136' title='bbox 1566 2064 1827 2133; x_wconf 84' lang='lat' dir='ltr'><strong>sapientia</strong></span> <span class='ocrx_word' id='word_1_137' title='bbox 1844 2066 1997 2134; x_wconf 82' lang='lat' dir='ltr'><strong>ejus?</strong></span> 
     </span>
    </p>
   </div>
   <div class='ocr_carea' id='block_1_22' title="bbox 1098 2176 1326 2233">
    <p class='ocr_par' dir='ltr' id='par_1_22' title="bbox 1098 2176 1326 2233">
     <span class='ocr_line' id='line_1_22' title="bbox 1098 2176 1326 2233; baseline -0.013 0"><span class='ocrx_word' id='word_1_138' title='bbox 1098 2176 1326 2233; x_wconf 82' lang='lat' dir='ltr'><strong>ALIUD.</strong></span> 
     </span>
    </p>
   </div>
   <div class='ocr_carea' id='block_1_23' title="bbox 488 2291 1995 2364">
    <p class='ocr_par' dir='ltr' id='par_1_23' title="bbox 488 2291 1995 2364">
     <span class='ocr_line' id='line_1_23' title="bbox 488 2291 1995 2364; baseline 0.001 -16"><span class='ocrx_word' id='word_1_139' title='bbox 488 2292 551 2348; x_wconf 77' lang='lat' dir='ltr'><strong>Si</strong></span> <span class='ocrx_word' id='word_1_140' title='bbox 583 2292 837 2364; x_wconf 72' lang='lat' dir='ltr'><strong>prmcedit</strong></span> <span class='ocrx_word' id='word_1_141' title='bbox 864 2291 1184 2347; x_wconf 78' lang='lat' dir='ltr'><strong>deliberatio</strong></span> <span class='ocrx_word' id='word_1_142' title='bbox 1208 2291 1426 2357; x_wconf 85' lang='lat' dir='ltr'><strong>Filium,</strong></span> <span class='ocrx_word' id='word_1_143' title='bbox 1448 2300 1502 2346; x_wconf 92' lang='lat' dir='ltr'><strong>et</strong></span> <span class='ocrx_word' id='word_1_144' title='bbox 1529 2304 1751 2347; x_wconf 85' lang='lat' dir='ltr'><strong>necesse</strong></span> <span class='ocrx_word' id='word_1_145' title='bbox 1776 2293 1995 2349; x_wconf 87' lang='lat' dir='ltr'><strong>omnino</strong></span> 
     </span>
    </p>
   </div>
   <div class='ocr_carea' id='block_1_24' title="bbox 422 2382 1995 2454">
    <p class='ocr_par' dir='ltr' id='par_1_24' title="bbox 422 2382 1995 2454">
     <span class='ocr_line' id='line_1_24' title="bbox 422 2382 1995 2454; baseline 0.002 -16"><span class='ocrx_word' id='word_1_146' title='bbox 422 2386 496 2439; x_wconf 83' lang='lat' dir='ltr'><strong>sit</strong></span> <span class='ocrx_word' id='word_1_147' title='bbox 526 2400 645 2439; x_wconf 90' lang='lat' dir='ltr'><strong>eam</strong></span> <span class='ocrx_word' id='word_1_148' title='bbox 685 2386 738 2439; x_wconf 93' lang='lat' dir='ltr'><strong>in</strong></span> <span class='ocrx_word' id='word_1_149' title='bbox 782 2394 1025 2453; x_wconf 88' lang='lat' dir='ltr'><strong>tempore</strong></span> <span class='ocrx_word' id='word_1_150' title='bbox 1063 2382 1262 2438; x_wconf 78' lang='lat' dir='ltr'><strong>factam</strong></span> <span class='ocrx_word' id='word_1_151' title='bbox 1300 2383 1467 2438; x_wconf 81' lang='lat' dir='ltr'><strong>fuisse</strong></span> <span class='ocrx_word' id='word_1_152' title='bbox 1511 2402 1526 2437; x_wconf 84' lang='lat'><strong>:</strong></span> <span class='ocrx_word' id='word_1_153' title='bbox 1566 2385 1612 2439; x_wconf 86' lang='lat' dir='ltr'><strong>si</strong></span> <span class='ocrx_word' id='word_1_154' title='bbox 1648 2385 1995 2454; x_wconf 80' lang='lat' dir='ltr'><strong>quantumvis</strong></span> 
     </span>
    </p>
   </div>
   <div class='ocr_carea' id='block_1_25' title="bbox 416 2469 1994 2546">
    <p class='ocr_par' dir='ltr' id='par_1_25' title="bbox 416 2469 1994 2546">
     <span class='ocr_line' id='line_1_25' title="bbox 416 2469 1994 2546; baseline -0.001 -15"><span class='ocrx_word' id='word_1_155' title='bbox 416 2477 671 2545; x_wconf 77' lang='lat' dir='ltr'><strong>exiguum</strong></span> <span class='ocrx_word' id='word_1_156' title='bbox 715 2491 780 2530; x_wconf 87' lang='lat' dir='ltr'><strong>ac</strong></span> <span class='ocrx_word' id='word_1_157' title='bbox 826 2477 991 2532; x_wconf 89' lang='lat' dir='ltr'><strong>breve</strong></span> <span class='ocrx_word' id='word_1_158' title='bbox 1028 2469 1245 2545; x_wconf 77' lang='lat' dir='ltr'><strong>tempus</strong></span> <span class='ocrx_word' id='word_1_159' title='bbox 1292 2477 1480 2539; x_wconf 90' lang='lat' dir='ltr'><strong>detur,</strong></span> <span class='ocrx_word' id='word_1_160' title='bbox 1525 2491 1633 2546; x_wconf 90' lang='lat' dir='ltr'><strong>quo</strong></span> <span class='ocrx_word' id='word_1_161' title='bbox 1683 2486 1840 2544; x_wconf 89' lang='lat' dir='ltr'><strong>pacto</strong></span> <span class='ocrx_word' id='word_1_162' title='bbox 1890 2480 1994 2531; x_wconf 87' lang='lat' dir='ltr'><strong>erit</strong></span> 
     </span>
    </p>
   </div>
   <div class='ocr_carea' id='block_1_26' title="bbox 417 2566 2037 2636">
    <p class='ocr_par' dir='ltr' id='par_1_26' title="bbox 417 2566 2037 2636">
     <span class='ocr_line' id='line_1_26' title="bbox 417 2566 2037 2636; baseline 0.002 -17"><span class='ocrx_word' id='word_1_163' title='bbox 417 2569 658 2621; x_wconf 81' lang='lat' dir='ltr'><strong>omnium</strong></span> <span class='ocrx_word' id='word_1_164' title='bbox 683 2568 931 2622; x_wconf 84' lang='lat' dir='ltr'><strong>creator?</strong></span> <span class='ocrx_word' id='word_1_165' title='bbox 951 2566 1057 2619; x_wconf 88' lang='lat' dir='ltr'><strong>Aut</strong></span> <span class='ocrx_word' id='word_1_166' title='bbox 1078 2582 1183 2636; x_wconf 92' lang='lat' dir='ltr'><strong>quo</strong></span> <span class='ocrx_word' id='word_1_167' title='bbox 1214 2577 1372 2636; x_wconf 87' lang='lat' dir='ltr'><strong>pacto</strong></span> <span class='ocrx_word' id='word_1_168' title='bbox 1401 2567 1672 2621; x_wconf 88' lang='lat' dir='ltr'><strong>credimus</strong></span> <span class='ocrx_word' id='word_1_169' title='bbox 1697 2566 1993 2636; x_wconf 64' lang='lat' dir='ltr'><strong>Scriptura:</strong></span> <span class='ocrx_word' id='word_1_170' title='bbox 2027 2596 2037 2607; x_wconf 71' lang='grc' dir='ltr'><strong>ι</strong></span> 
     </span>
    </p>
   </div>
   <div class='ocr_carea' id='block_1_27' title="bbox 417 2658 1991 2731">
    <p class='ocr_par' dir='ltr' id='par_1_27' title="bbox 417 2658 1991 2731">
     <span class='ocr_line' id='line_1_27' title="bbox 417 2658 1991 2731; baseline 0.001 -18"><span class='ocrx_word' id='word_1_171' title='bbox 417 2661 612 2716; x_wconf 84' lang='lat' dir='ltr'><strong>dicenti</strong></span> <span class='ocrx_word' id='word_1_172' title='bbox 668 2660 848 2714; x_wconf 91' lang='lat' dir='ltr'><strong>omnia</strong></span> <span class='ocrx_word' id='word_1_173' title='bbox 882 2674 977 2728; x_wconf 85' lang='lat' dir='ltr'><strong>per</strong></span> <span class='ocrx_word' id='word_1_174' title='bbox 1006 2674 1129 2714; x_wconf 90' lang='lat' dir='ltr'><strong>eum</strong></span> <span class='ocrx_word' id='word_1_175' title='bbox 1163 2658 1307 2713; x_wconf 80' lang='lat' dir='ltr'><strong>facta</strong></span> <span class='ocrx_word' id='word_1_176' title='bbox 1349 2659 1505 2713; x_wconf 85' lang='lat' dir='ltr'><strong>esse?</strong></span> <span class='ocrx_word' id='word_1_177' title='bbox 1544 2660 1652 2713; x_wconf 87' lang='lat' dir='ltr'><strong>Aut</strong></span> <span class='ocrx_word' id='word_1_178' title='bbox 1681 2659 1770 2714; x_wconf 91' lang='lat' dir='ltr'><strong>ubi</strong></span> <span class='ocrx_word' id='word_1_179' title='bbox 1814 2660 1991 2731; x_wconf 85' lang='lat' dir='ltr'><strong>ipsum</strong></span> 
     </span>
    </p>
   </div>
   <div class='ocr_carea' id='block_1_28' title="bbox 418 2750 1989 2820">
    <p class='ocr_par' dir='ltr' id='par_1_28' title="bbox 418 2750 1989 2820">
     <span class='ocr_line' id='line_1_28' title="bbox 418 2750 1989 2820; baseline 0.004 -19"><span class='ocrx_word' id='word_1_180' title='bbox 418 2752 755 2816; x_wconf 70' lang='lat' dir='ltr'><strong>prmcesserit</strong></span> <span class='ocrx_word' id='word_1_181' title='bbox 784 2761 1023 2819; x_wconf 87' lang='lat' dir='ltr'><strong>tempus,</strong></span> <span class='ocrx_word' id='word_1_182' title='bbox 1054 2751 1105 2805; x_wconf 90' lang='lat' dir='ltr'><strong>in</strong></span> <span class='ocrx_word' id='word_1_183' title='bbox 1140 2765 1246 2820; x_wconf 91' lang='lat' dir='ltr'><strong>quo</strong></span> <span class='ocrx_word' id='word_1_184' title='bbox 1278 2751 1343 2805; x_wconf 90' lang='lat' dir='ltr'><strong>de</strong></span> <span class='ocrx_word' id='word_1_185' title='bbox 1375 2764 1440 2805; x_wconf 89' lang='lat' dir='ltr'><strong>eo</strong></span> <span class='ocrx_word' id='word_1_186' title='bbox 1473 2750 1826 2805; x_wconf 90' lang='lat' dir='ltr'><strong>deliberatum</strong></span> <span class='ocrx_word' id='word_1_187' title='bbox 1858 2750 1989 2818; x_wconf 78' lang='lat' dir='ltr'><strong>fuit,</strong></span> 
     </span>
    </p>
   </div>
   <div class='ocr_carea' id='block_1_29' title="bbox 415 2840 1709 2909">
    <p class='ocr_par' dir='ltr' id='par_1_29' title="bbox 415 2840 1709 2909">
     <span class='ocr_line' id='line_1_29' title="bbox 415 2840 1709 2909; baseline -0.001 -14"><span class='ocrx_word' id='word_1_188' title='bbox 415 2857 535 2895; x_wconf 87' lang='lat' dir='ltr'><strong>cum</strong></span> <span class='ocrx_word' id='word_1_189' title='bbox 570 2842 771 2896; x_wconf 89' lang='lat' dir='ltr'><strong>nullum</strong></span> <span class='ocrx_word' id='word_1_190' title='bbox 802 2850 1009 2909; x_wconf 88' lang='lat' dir='ltr'><strong>tempus</strong></span> <span class='ocrx_word' id='word_1_191' title='bbox 1038 2851 1163 2895; x_wconf 88' lang='lat' dir='ltr'><strong>ante</strong></span> <span class='ocrx_word' id='word_1_192' title='bbox 1195 2841 1366 2909; x_wconf 87' lang='lat' dir='ltr'><strong>ipsum</strong></span> <span class='ocrx_word' id='word_1_193' title='bbox 1399 2840 1709 2896; x_wconf 72' lang='lat' dir='ltr'><strong>eXStitcrit?</strong></span> 
     </span>
    </p>
   </div>
   <div class='ocr_carea' id='block_1_30' title="bbox 1078 2952 1308 3008">
    <p class='ocr_par' dir='ltr' id='par_1_30' title="bbox 1078 2952 1308 3008">
     <span class='ocr_line' id='line_1_30' title="bbox 1078 2952 1308 3008; baseline 0 -2"><span class='ocrx_word' id='word_1_194' title='bbox 1078 2952 1308 3008; x_wconf 86' lang='lat' dir='ltr'><strong>ALIUD.</strong></span> 
     </span>
    </p>
   </div>
   <div class='ocr_carea' id='block_1_31' title="bbox 793 3035 1607 3136">
    <p class='ocr_par' dir='ltr' id='par_1_31' title="bbox 793 3066 1607 3136">
     <span class='ocr_line' id='line_1_31' title="bbox 793 3066 1607 3136; baseline 0 -15"><span class='ocrx_word' id='word_1_195' title='bbox 793 3066 877 3121; x_wconf 79' lang='lat' dir='ltr'><strong>Ex</strong></span> <span class='ocrx_word' id='word_1_196' title='bbox 909 3066 1193 3136; x_wconf 81' lang='lat' dir='ltr'><strong>objectioue</strong></span> <span class='ocrx_word' id='word_1_197' title='bbox 1225 3066 1607 3122; x_wconf 79' lang='lat' dir='ltr'><strong>Itwreticorum.</strong></span> 
     </span>
    </p>
   </div>
   <div class='ocr_carea' id='block_1_32' title="bbox 488 3178 1990 3249">
    <p class='ocr_par' dir='ltr' id='par_1_32' title="bbox 488 3178 1990 3249">
     <span class='ocr_line' id='line_1_32' title="bbox 488 3178 1990 3249; baseline -0.001 -13"><span class='ocrx_word' id='word_1_198' title='bbox 488 3181 567 3245; x_wconf 81' lang='lat' dir='ltr'><strong>Si,</strong></span> <span class='ocrx_word' id='word_1_199' title='bbox 596 3180 868 3249; x_wconf 90' lang='lat' dir='ltr'><strong>inquiunt,</strong></span> <span class='ocrx_word' id='word_1_200' title='bbox 896 3180 1067 3234; x_wconf 80' lang='lat' dir='ltr'><strong>Filius</strong></span> <span class='ocrx_word' id='word_1_201' title='bbox 1104 3178 1193 3234; x_wconf 88' lang='lat' dir='ltr'><strong>Dei</strong></span> <span class='ocrx_word' id='word_1_202' title='bbox 1226 3179 1505 3235; x_wconf 87' lang='lat' dir='ltr'><strong>voluntate</strong></span> <span class='ocrx_word' id='word_1_203' title='bbox 1537 3181 1712 3236; x_wconf 82' lang='lat' dir='ltr'><strong>factus</strong></span> <span class='ocrx_word' id='word_1_204' title='bbox 1748 3195 1854 3237; x_wconf 92' lang='lat' dir='ltr'><strong>non</strong></span> <span class='ocrx_word' id='word_1_205' title='bbox 1888 3191 1990 3247; x_wconf 86' lang='lat' dir='ltr'><strong>est,</strong></span> 
     </span>
    </p>
   </div>
   <div class='ocr_carea' id='block_1_33' title="bbox 416 3271 1989 3342">
    <p class='ocr_par' dir='ltr' id='par_1_33' title="bbox 416 3271 1989 3342">
     <span class='ocr_line' id='line_1_33' title="bbox 416 3271 1989 3342; baseline 0.003 -18"><span class='ocrx_word' id='word_1_206' title='bbox 416 3273 722 3330; x_wconf 87' lang='lat' dir='ltr'><strong>necessario</strong></span> <span class='ocrx_word' id='word_1_207' title='bbox 762 3271 927 3342; x_wconf 82' lang='lat' dir='ltr'><strong>igitur</strong></span> <span class='ocrx_word' id='word_1_208' title='bbox 967 3272 1127 3327; x_wconf 82' lang='lat' dir='ltr'><strong>Pater</strong></span> <span class='ocrx_word' id='word_1_209' title='bbox 1169 3288 1274 3327; x_wconf 92' lang='lat' dir='ltr'><strong>non</strong></span> <span class='ocrx_word' id='word_1_210' title='bbox 1315 3273 1499 3328; x_wconf 86' lang='lat' dir='ltr'><strong>volens</strong></span> <span class='ocrx_word' id='word_1_211' title='bbox 1544 3273 1737 3328; x_wconf 85' lang='lat' dir='ltr'><strong>Filium</strong></span> <span class='ocrx_word' id='word_1_212' title='bbox 1784 3275 1989 3331; x_wconf 82' lang='lat' dir='ltr'><strong>habuit.</strong></span> 
     </span>
    </p>
   </div>
   <div class='ocr_carea' id='block_1_34' title="bbox 373 3362 1990 3431">
    <p class='ocr_par' dir='ltr' id='par_1_34' title="bbox 373 3362 1990 3431">
     <span class='ocr_line' id='line_1_34' title="bbox 373 3362 1990 3431; baseline 0.003 -15"><span class='ocrx_word' id='word_1_213' title='bbox 373 3363 550 3430; x_wconf 75' lang='lat' dir='ltr'><strong>&#39;Quis</strong></span> <span class='ocrx_word' id='word_1_214' title='bbox 600 3372 777 3417; x_wconf 89' lang='lat' dir='ltr'><strong>autem</strong></span> <span class='ocrx_word' id='word_1_215' title='bbox 827 3372 908 3417; x_wconf 90' lang='lat' dir='ltr'><strong>est</strong></span> <span class='ocrx_word' id='word_1_216' title='bbox 959 3362 1131 3431; x_wconf 81' lang='lat' dir='ltr'><strong>major</strong></span> <span class='ocrx_word' id='word_1_217' title='bbox 1174 3364 1354 3427; x_wconf 79' lang='lat' dir='ltr'><strong>Patre,</strong></span> <span class='ocrx_word' id='word_1_218' title='bbox 1380 3372 1437 3416; x_wconf 92' lang='lat' dir='ltr'><strong>ut</strong></span> <span class='ocrx_word' id='word_1_219' title='bbox 1486 3364 1560 3417; x_wconf 91' lang='lat' dir='ltr'><strong>illi</strong></span> <span class='ocrx_word' id='word_1_220' title='bbox 1615 3366 1990 3421; x_wconf 87' lang='lat' dir='ltr'><strong>necessitatem</strong></span> 
     </span>
    </p>
   </div>
   <div class='ocr_carea' id='block_1_35' title="bbox 419 3453 1988 3524">
    <p class='ocr_par' dir='ltr' id='par_1_35' title="bbox 419 3453 1988 3524">
     <span class='ocr_line' id='line_1_35' title="bbox 419 3453 1988 3524; baseline 0.004 -19"><span class='ocrx_word' id='word_1_221' title='bbox 419 3455 693 3523; x_wconf 88' lang='lat' dir='ltr'><strong>imponat?</strong></span> <span class='ocrx_word' id='word_1_222' title='bbox 716 3453 844 3520; x_wconf 64' lang='lat' dir='ltr'><strong>Quae</strong></span> <span class='ocrx_word' id='word_1_223' title='bbox 874 3456 1016 3509; x_wconf 87' lang='lat' dir='ltr'><strong>enim</strong></span> <span class='ocrx_word' id='word_1_224' title='bbox 1048 3464 1241 3524; x_wconf 74' lang='lat' dir='ltr'><strong>prmler</strong></span> <span class='ocrx_word' id='word_1_225' title='bbox 1263 3454 1593 3510; x_wconf 81' lang='lat' dir='ltr'><strong>voluntatem</strong></span> <span class='ocrx_word' id='word_1_226' title='bbox 1622 3457 1899 3521; x_wconf 87' lang='lat' dir='ltr'><strong>accidunt,</strong></span> <span class='ocrx_word' id='word_1_227' title='bbox 1925 3474 1988 3513; x_wconf 80' lang='lat' dir='ltr'><strong>ex</strong></span> 
     </span>
    </p>
   </div>
   <div class='ocr_carea' id='block_1_36' title="bbox 416 3543 920 3599">
    <p class='ocr_par' dir='ltr' id='par_1_36' title="bbox 416 3543 920 3599">
     <span class='ocr_line' id='line_1_36' title="bbox 416 3543 920 3599; baseline -0.002 -2"><span class='ocrx_word' id='word_1_228' title='bbox 416 3543 737 3599; x_wconf 83' lang='lat' dir='ltr'><strong>necessitate</strong></span> <span class='ocrx_word' id='word_1_229' title='bbox 764 3543 920 3597; x_wconf 84' lang='lat' dir='ltr'><strong>ﬁunt.</strong></span> 
     </span>
    </p>
   </div>
   <div class='ocr_carea' id='block_1_37' title="bbox 851 3676 1535 3749">
    <p class='ocr_par' dir='ltr' id='par_1_37' title="bbox 851 3676 1535 3749">
     <span class='ocr_line' id='line_1_37' title="bbox 851 3676 1535 3749; baseline 0 -15"><span class='ocrx_word' id='word_1_230' title='bbox 851 3676 955 3749; x_wconf 84' lang='lat'><strong>53</strong></span> <span class='ocrx_word' id='word_1_231' title='bbox 976 3676 1178 3734; x_wconf 78' lang='lat' dir='ltr'><strong>Solatia</strong></span> <span class='ocrx_word' id='word_1_232' title='bbox 1207 3679 1535 3749; x_wconf 71' lang='lat' dir='ltr'><strong>objectionis.</strong></span> 
     </span>
    </p>
   </div>
   <div class='ocr_carea' id='block_1_38' title="bbox 483 3813 1992 3888">
    <p class='ocr_par' dir='ltr' id='par_1_38' title="bbox 483 3813 1992 3888">
     <span class='ocr_line' id='line_1_38' title="bbox 483 3813 1992 3888; baseline 0.003 -21"><span class='ocrx_word' id='word_1_233' title='bbox 483 3813 853 3884; x_wconf 79' lang='lat' dir='ltr'><strong>lnterrogandi</strong></span> <span class='ocrx_word' id='word_1_234' title='bbox 884 3823 1010 3870; x_wconf 91' lang='lat' dir='ltr'><strong>sunt</strong></span> <span class='ocrx_word' id='word_1_235' title='bbox 1037 3816 1272 3871; x_wconf 85' lang='lat' dir='ltr'><strong>vicissim</strong></span> <span class='ocrx_word' id='word_1_236' title='bbox 1300 3816 1504 3872; x_wconf 84' lang='lat' dir='ltr'><strong>Christi</strong></span> <span class='ocrx_word' id='word_1_237' title='bbox 1540 3818 1744 3884; x_wconf 86' lang='lat' dir='ltr'><strong>hostes,</strong></span> <span class='ocrx_word' id='word_1_238' title='bbox 1814 3828 1866 3873; x_wconf 90' lang='lat' dir='ltr'><strong>et</strong></span> <span class='ocrx_word' id='word_1_239' title='bbox 1897 3834 1992 3888; x_wconf 90' lang='lat' dir='ltr'><strong>per</strong></span> 
     </span>
    </p>
   </div>
   <div class='ocr_carea' id='block_1_39' title="bbox 2115 419 3692 495">
    <p class='ocr_par' dir='ltr' id='par_1_39' title="bbox 2115 419 3692 495">
     <span class='ocr_line' id='line_1_39' title="bbox 2115 419 3692 495; baseline 0.003 -22"><span class='ocrx_word' id='word_1_240' title='bbox 2115 421 2324 475; x_wconf 76' lang='grc' dir='ltr'>ἐκείνου</span> <span class='ocrx_word' id='word_1_241' title='bbox 2381 423 2560 491; x_wconf 89' lang='grc' dir='ltr'>λόγον,</span> <span class='ocrx_word' id='word_1_242' title='bbox 2613 426 2642 477; x_wconf 94' lang='lat'><strong>6</strong></span> <span class='ocrx_word' id='word_1_243' title='bbox 2686 424 2833 489; x_wconf 77' lang='grc' dir='ltr'>Υἱὸς,</span> <span class='ocrx_word' id='word_1_244' title='bbox 2879 425 2972 477; x_wconf 77' lang='grc' dir='ltr'>καὶ</span> <span class='ocrx_word' id='word_1_245' title='bbox 3002 424 3085 491; x_wconf 72' lang='grc' dir='ltr'><strong>τὸ,</strong></span> <span class='ocrx_word' id='word_1_246' title='bbox 3125 426 3235 477; x_wconf 86' lang='grc' dir='ltr'>οὐκ</span> <span class='ocrx_word' id='word_1_247' title='bbox 3264 419 3361 493; x_wconf 78' lang='grc' dir='ltr'><strong>ἦν,</strong></span> <span class='ocrx_word' id='word_1_248' title='bbox 3408 422 3493 476; x_wconf 74' lang='grc' dir='ltr'><strong>ἐπ’</strong></span> <span class='ocrx_word' id='word_1_249' title='bbox 3542 423 3692 495; x_wconf 83' lang='grc' dir='ltr'><strong>αὐτῷ</strong></span> 
     </span>
    </p>
   </div>
   <div class='ocr_carea' id='block_1_40' title="bbox 2120 512 2983 586">
    <p class='ocr_par' dir='ltr' id='par_1_40' title="bbox 2120 512 2983 586">
     <span class='ocr_line' id='line_1_40' title="bbox 2120 512 2983 586; baseline 0.003 -21"><span class='ocrx_word' id='word_1_250' title='bbox 2120 512 2348 581; x_wconf 84' lang='grc' dir='ltr'>μάταιόν</span> <span class='ocrx_word' id='word_1_251' title='bbox 2371 530 2429 566; x_wconf 88' lang='grc' dir='ltr'><strong>τε</strong></span> <span class='ocrx_word' id='word_1_252' title='bbox 2452 514 2548 567; x_wconf 80' lang='grc' dir='ltr'>καὶ</span> <span class='ocrx_word' id='word_1_253' title='bbox 2574 514 2983 586; x_wconf 78' lang='grc' dir='ltr'><strong>διεψευσμένον.</strong></span> 
     </span>
    </p>
   </div>
   <div class='ocr_carea' id='block_1_41' title="bbox 2795 627 3000 682">
    <p class='ocr_par' dir='ltr' id='par_1_41' title="bbox 2795 627 3000 682">
     <span class='ocr_line' id='line_1_41' title="bbox 2795 627 3000 682; baseline 0.015 -4"><span class='ocrx_word' id='word_1_254' title='bbox 2795 627 3000 682; x_wconf 80' lang='grc' dir='ltr'><strong>ΑΛΛΟ.</strong></span> 
     </span>
    </p>
   </div>
   <div class='ocr_carea' id='block_1_42' title="bbox 2182 736 3684 810">
    <p class='ocr_par' dir='ltr' id='par_1_42' title="bbox 2182 736 3684 810">
     <span class='ocr_line' id='line_1_42' title="bbox 2182 736 3684 810; baseline 0 -20"><span class='ocrx_word' id='word_1_255' title='bbox 2182 736 2244 791; x_wconf 78' lang='grc' dir='ltr'>Εἰ</span> <span class='ocrx_word' id='word_1_256' title='bbox 2269 737 2378 791; x_wconf 84' lang='grc' dir='ltr'><strong>τῶν</strong></span> <span class='ocrx_word' id='word_1_257' title='bbox 2406 738 2465 790; x_wconf 74' lang='grc' dir='ltr'>ὲν</span> <span class='ocrx_word' id='word_1_258' title='bbox 2490 738 2744 809; x_wconf 78' lang='grc' dir='ltr'><strong>βουλήσει</strong></span> <span class='ocrx_word' id='word_1_259' title='bbox 2772 739 3079 810; x_wconf 83' lang='grc' dir='ltr'><strong>γενομένων</strong></span> <span class='ocrx_word' id='word_1_260' title='bbox 3116 740 3439 809; x_wconf 78' lang='grc' dir='ltr'>προηγεῖται</span> <span class='ocrx_word' id='word_1_261' title='bbox 3472 737 3684 808; x_wconf 81' lang='grc' dir='ltr'><strong>χρόνος,</strong></span> 
     </span>
    </p>
   </div>
   <div class='ocr_carea' id='block_1_43' title="bbox 2109 827 3685 900">
    <p class='ocr_par' dir='ltr' id='par_1_43' title="bbox 2109 827 3685 900">
     <span class='ocr_line' id='line_1_43' title="bbox 2109 827 3685 900; baseline 0 -20"><span class='ocrx_word' id='word_1_262' title='bbox 2109 827 2233 881; x_wconf 81' lang='grc' dir='ltr'>καθ’</span> <span class='ocrx_word' id='word_1_263' title='bbox 2266 827 2325 881; x_wconf 85' lang='grc' dir='ltr'>ὃν</span> <span class='ocrx_word' id='word_1_264' title='bbox 2352 830 2385 899; x_wconf 92' lang='grc' dir='ltr'><strong>ή</strong></span> <span class='ocrx_word' id='word_1_265' title='bbox 2414 833 2541 900; x_wconf 70' lang='grc' dir='ltr'>περὶ</span> <span class='ocrx_word' id='word_1_266' title='bbox 2574 831 2751 883; x_wconf 78' lang='grc' dir='ltr'>αὐτῶν</span> <span class='ocrx_word' id='word_1_267' title='bbox 2785 831 2973 900; x_wconf 70' lang='grc' dir='ltr'>σκέψις</span> <span class='ocrx_word' id='word_1_268' title='bbox 3003 829 3234 899; x_wconf 77' lang='grc' dir='ltr'>ἐγίνετο,</span> <span class='ocrx_word' id='word_1_269' title='bbox 3295 830 3388 882; x_wconf 78' lang='grc' dir='ltr'>καὶ</span> <span class='ocrx_word' id='word_1_270' title='bbox 3416 830 3466 881; x_wconf 89' lang='grc' dir='ltr'>εἰ</span> <span class='ocrx_word' id='word_1_271' title='bbox 3492 828 3685 899; x_wconf 85' lang='grc' dir='ltr'>μικρόν</span> 
     </span>
    </p>
   </div>
   <div class='ocr_carea' id='block_1_44' title="bbox 2109 921 3683 994">
    <p class='ocr_par' dir='ltr' id='par_1_44' title="bbox 2109 921 3683 994">
     <span class='ocr_line' id='line_1_44' title="bbox 2109 921 3683 994; baseline -0.001 -22"><span class='ocrx_word' id='word_1_272' title='bbox 2109 937 2227 974; x_wconf 87' lang='grc' dir='ltr'>τινα</span> <span class='ocrx_word' id='word_1_273' title='bbox 2257 924 2351 975; x_wconf 81' lang='grc' dir='ltr'>καὶ</span> <span class='ocrx_word' id='word_1_274' title='bbox 2383 923 2666 992; x_wconf 83' lang='grc' dir='ltr'>ἀκαριαῖον</span> <span class='ocrx_word' id='word_1_275' title='bbox 2696 923 2809 994; x_wconf 86' lang='grc' dir='ltr'>δοίη</span> <span class='ocrx_word' id='word_1_276' title='bbox 2821 940 2916 993; x_wconf 90' lang='grc' dir='ltr'><strong>μεν</strong></span> <span class='ocrx_word' id='word_1_277' title='bbox 2947 922 3128 984; x_wconf 82' lang='grc' dir='ltr'>αὑτὸν,</span> <span class='ocrx_word' id='word_1_278' title='bbox 3152 921 3267 985; x_wconf 80' lang='grc' dir='ltr'>πῶς</span> <span class='ocrx_word' id='word_1_279' title='bbox 3293 922 3446 973; x_wconf 73' lang='grc' dir='ltr'>ἔσται</span> <span class='ocrx_word' id='word_1_280' title='bbox 3474 921 3683 990; x_wconf 81' lang='grc' dir='ltr'>χρόνων</span> 
     </span>
    </p>
   </div>
   <div class='ocr_carea' id='block_1_45' title="bbox 2108 1008 3684 1083">
    <p class='ocr_par' dir='ltr' id='par_1_45' title="bbox 2108 1008 3684 1083">
     <span class='ocr_line' id='line_1_45' title="bbox 2108 1008 3684 1083; baseline -0.002 -21"><span class='ocrx_word' id='word_1_281' title='bbox 2108 1010 2382 1082; x_wconf 81' lang='grc' dir='ltr'>ποιητὴςὸ</span> <span class='ocrx_word' id='word_1_282' title='bbox 2408 1011 2555 1075; x_wconf 85' lang='grc' dir='ltr'>Υίὸς,</span> <span class='ocrx_word' id='word_1_283' title='bbox 2612 1014 2661 1065; x_wconf 85' lang='grc' dir='ltr'>εί</span> <span class='ocrx_word' id='word_1_284' title='bbox 2705 1011 2956 1083; x_wconf 81' lang='grc' dir='ltr'>βούλησις</span> <span class='ocrx_word' id='word_1_285' title='bbox 3002 1014 3328 1081; x_wconf 85' lang='grc' dir='ltr'>προηγεῖται</span> <span class='ocrx_word' id='word_1_286' title='bbox 3357 1010 3456 1078; x_wconf 80' lang='grc' dir='ltr'>τῆς</span> <span class='ocrx_word' id='word_1_287' title='bbox 3489 1008 3684 1078; x_wconf 86' lang='grc' dir='ltr'>γεννή-</span> 
     </span>
    </p>
   </div>
   <div class='ocr_carea' id='block_1_46' title="bbox 2108 1094 3677 1170">
    <p class='ocr_par' dir='ltr' id='par_1_46' title="bbox 2108 1094 3677 1170">
     <span class='ocr_line' id='line_1_46' title="bbox 2108 1094 3677 1170; baseline 0 -21"><span class='ocrx_word' id='word_1_288' title='bbox 2108 1113 2246 1159; x_wconf 87' lang='grc' dir='ltr'>σεως</span> <span class='ocrx_word' id='word_1_289' title='bbox 2292 1098 2489 1166; x_wconf 78' lang='grc' dir='ltr'><strong>αὑτοῦ;</strong></span> <span class='ocrx_word' id='word_1_290' title='bbox 2527 1099 2665 1152; x_wconf 82' lang='grc' dir='ltr'>Ἀλλ’</span> <span class='ocrx_word' id='word_1_291' title='bbox 2710 1099 2824 1153; x_wconf 79' lang='grc' dir='ltr'>ἔστι</span> <span class='ocrx_word' id='word_1_292' title='bbox 2878 1102 3087 1170; x_wconf 85' lang='grc' dir='ltr'>χρόνων</span> <span class='ocrx_word' id='word_1_293' title='bbox 3131 1101 3383 1169; x_wconf 85' lang='grc' dir='ltr'>ποιητής.</span> <span class='ocrx_word' id='word_1_294' title='bbox 3410 1094 3519 1151; x_wconf 82' lang='grc' dir='ltr'><strong>Ἱιν</strong></span> <span class='ocrx_word' id='word_1_295' title='bbox 3548 1098 3677 1167; x_wconf 76' lang='grc' dir='ltr'>ἄρα,</span> 
     </span>
    </p>
   </div>
   <div class='ocr_carea' id='block_1_47' title="bbox 2104 1188 3320 1263">
    <p class='ocr_par' dir='ltr' id='par_1_47' title="bbox 2104 1188 3320 1263">
     <span class='ocr_line' id='line_1_47' title="bbox 2104 1188 3320 1263; baseline -0.001 -22"><span class='ocrx_word' id='word_1_296' title='bbox 2104 1188 2199 1241; x_wconf 76' lang='grc' dir='ltr'>καὶ</span> <span class='ocrx_word' id='word_1_297' title='bbox 2225 1189 2377 1243; x_wconf 82' lang='grc' dir='ltr'>οὐδέν</span> <span class='ocrx_word' id='word_1_298' title='bbox 2401 1191 2516 1243; x_wconf 76' lang='grc' dir='ltr'>ἐστι</span> <span class='ocrx_word' id='word_1_299' title='bbox 2547 1191 2652 1263; x_wconf 81' lang='grc' dir='ltr'><strong>πρὸ</strong></span> <span class='ocrx_word' id='word_1_300' title='bbox 2680 1192 2778 1262; x_wconf 77' lang='grc' dir='ltr'>τῆς</span> <span class='ocrx_word' id='word_1_301' title='bbox 2802 1193 3105 1263; x_wconf 78' lang='grc' dir='ltr'><strong>γεννήσεως</strong></span> <span class='ocrx_word' id='word_1_302' title='bbox 3134 1190 3320 1246; x_wconf 81' lang='grc' dir='ltr'>αὑτοῦ.</span> 
     </span>
    </p>
   </div>
   <div class='ocr_carea' id='block_1_48' title="bbox 2789 1393 2993 1448">
    <p class='ocr_par' dir='ltr' id='par_1_48' title="bbox 2789 1393 2993 1448">
     <span class='ocr_line' id='line_1_48' title="bbox 2789 1393 2993 1448; baseline 0.005 -2"><span class='ocrx_word' id='word_1_303' title='bbox 2789 1393 2993 1448; x_wconf 82' lang='lat' dir='ltr'><strong>AAAO.</strong></span> 
     </span>
    </p>
   </div>
   <div class='ocr_carea' id='block_1_49' title="bbox 2171 1496 3676 1578">
    <p class='ocr_par' dir='ltr' id='par_1_49' title="bbox 2171 1496 3676 1578">
     <span class='ocr_line' id='line_1_49' title="bbox 2171 1496 3676 1578; baseline -0.003 -19"><span class='ocrx_word' id='word_1_304' title='bbox 2171 1496 2249 1559; x_wconf 82' lang='lat' dir='ltr'><strong>Ei</strong></span> <span class='ocrx_word' id='word_1_305' title='bbox 2267 1508 2427 1575; x_wconf 74' lang='grc' dir='ltr'>σοφία</span> <span class='ocrx_word' id='word_1_306' title='bbox 2448 1508 2542 1561; x_wconf 81' lang='grc' dir='ltr'><strong>τοῦ</strong></span> <span class='ocrx_word' id='word_1_307' title='bbox 2572 1508 2784 1578; x_wconf 86' lang='grc' dir='ltr'>Πατρός</span> <span class='ocrx_word' id='word_1_308' title='bbox 2809 1509 2957 1560; x_wconf 72' lang='grc' dir='ltr'>ἐστιν</span> <span class='ocrx_word' id='word_1_309' title='bbox 2988 1508 3017 1561; x_wconf 89' lang='lat'><strong>6</strong></span> <span class='ocrx_word' id='word_1_310' title='bbox 3044 1506 3191 1571; x_wconf 76' lang='grc' dir='ltr'>Υἱὸς,</span> <span class='ocrx_word' id='word_1_311' title='bbox 3217 1505 3405 1574; x_wconf 84' lang='grc' dir='ltr'>ὥσπερ</span> <span class='ocrx_word' id='word_1_312' title='bbox 3437 1498 3531 1557; x_wconf 78' lang='grc' dir='ltr'>οὖν</span> <span class='ocrx_word' id='word_1_313' title='bbox 3576 1501 3676 1555; x_wconf 67' lang='grc' dir='ltr'>καὶ</span> 
     </span>
    </p>
   </div>
   <div class='ocr_carea' id='block_1_50' title="bbox 2102 1591 3674 1669">
    <p class='ocr_par' dir='ltr' id='par_1_50' title="bbox 2102 1591 3674 1669">
     <span class='ocr_line' id='line_1_50' title="bbox 2102 1591 3674 1669; baseline -0.003 -21"><span class='ocrx_word' id='word_1_314' title='bbox 2102 1595 2240 1659; x_wconf 81' lang='grc' dir='ltr'>εστι,</span> <span class='ocrx_word' id='word_1_315' title='bbox 2268 1597 2419 1661; x_wconf 85' lang='grc' dir='ltr'>ποῖός</span> <span class='ocrx_word' id='word_1_316' title='bbox 2438 1599 2553 1651; x_wconf 87' lang='grc' dir='ltr'>ἐστι</span> <span class='ocrx_word' id='word_1_317' title='bbox 2599 1599 2790 1669; x_wconf 82' lang='grc' dir='ltr'>χρόνος</span> <span class='ocrx_word' id='word_1_318' title='bbox 2815 1598 2903 1651; x_wconf 80' lang='grc' dir='ltr'>ὅτε</span> <span class='ocrx_word' id='word_1_319' title='bbox 2935 1597 3036 1650; x_wconf 74' lang='grc' dir='ltr'>οὐκ</span> <span class='ocrx_word' id='word_1_320' title='bbox 3081 1591 3149 1666; x_wconf 78' lang='grc' dir='ltr'>ἦν</span> <span class='ocrx_word' id='word_1_321' title='bbox 3195 1595 3250 1649; x_wconf 81' lang='grc' dir='ltr'>ὲν</span> <span class='ocrx_word' id='word_1_322' title='bbox 3289 1593 3440 1664; x_wconf 73' lang='grc' dir='ltr'>αὐτῷ</span> <span class='ocrx_word' id='word_1_323' title='bbox 3472 1591 3674 1661; x_wconf 82' lang='grc' dir='ltr'>σοφία;</span> 
     </span>
    </p>
   </div>
   <div class='ocr_carea' id='block_1_51' title="bbox 2032 1677 3671 1757">
    <p class='ocr_par' dir='ltr' id='par_1_51' title="bbox 2032 1677 3671 1757">
     <span class='ocr_line' id='line_1_51' title="bbox 2032 1677 3671 1757; baseline 0 -19"><span class='ocrx_word' id='word_1_324' title='bbox 2032 1684 2074 1738; x_wconf 88' lang='grc' dir='ltr'>Β</span> <span class='ocrx_word' id='word_1_325' title='bbox 2103 1688 2152 1739; x_wconf 87' lang='grc' dir='ltr'><strong>εί</strong></span> <span class='ocrx_word' id='word_1_326' title='bbox 2181 1686 2238 1739; x_wconf 83' lang='grc' dir='ltr'><strong>δέ</strong></span> <span class='ocrx_word' id='word_1_327' title='bbox 2272 1689 2419 1742; x_wconf 77' lang='grc' dir='ltr'>ἐστιν</span> <span class='ocrx_word' id='word_1_328' title='bbox 2440 1689 2607 1752; x_wconf 79' lang='grc' dir='ltr'>ἀΐδιος</span> <span class='ocrx_word' id='word_1_329' title='bbox 2628 1689 2685 1740; x_wconf 85' lang='grc' dir='ltr'>ὲν</span> <span class='ocrx_word' id='word_1_330' title='bbox 2723 1688 2898 1757; x_wconf 80' lang='grc' dir='ltr'>Πατρὶ</span> <span class='ocrx_word' id='word_1_331' title='bbox 2918 1686 3037 1755; x_wconf 67' lang='lat' dir='ltr'><strong>(tit-:1</strong></span> <span class='ocrx_word' id='word_1_332' title='bbox 3068 1685 3175 1754; x_wconf 86' lang='grc' dir='ltr'><strong>γὰρ</strong></span> <span class='ocrx_word' id='word_1_333' title='bbox 3201 1683 3359 1751; x_wconf 75' lang='grc' dir='ltr'>σοφὸς</span> <span class='ocrx_word' id='word_1_334' title='bbox 3378 1685 3406 1735; x_wconf 96' lang='lat'><strong>6</strong></span> <span class='ocrx_word' id='word_1_335' title='bbox 3426 1677 3671 1750; x_wconf 77' lang='grc' dir='ltr'>Πατὴρ).</span> 
     </span>
    </p>
   </div>
   <div class='ocr_carea' id='block_1_52' title="bbox 2103 1771 3673 1849">
    <p class='ocr_par' dir='ltr' id='par_1_52' title="bbox 2103 1771 3673 1849">
     <span class='ocr_line' id='line_1_52' title="bbox 2103 1771 3673 1849; baseline 0.001 -19"><span class='ocrx_word' id='word_1_336' title='bbox 2103 1779 2221 1840; x_wconf 86' lang='grc' dir='ltr'><strong>πῶς</strong></span> <span class='ocrx_word' id='word_1_337' title='bbox 2246 1779 2512 1849; x_wconf 84' lang='grc' dir='ltr'>ήγήσεταί</span> <span class='ocrx_word' id='word_1_338' title='bbox 2538 1796 2592 1831; x_wconf 88' lang='grc' dir='ltr'><strong>τι</strong></span> <span class='ocrx_word' id='word_1_339' title='bbox 2622 1778 2717 1831; x_wconf 73' lang='grc' dir='ltr'>τοῦ</span> <span class='ocrx_word' id='word_1_340' title='bbox 2751 1779 2837 1831; x_wconf 71' lang='grc' dir='ltr'><strong>ἀεὶ</strong></span> <span class='ocrx_word' id='word_1_341' title='bbox 2872 1778 3057 1840; x_wconf 66' lang='lat' dir='ltr'><strong>(mag;</strong></span> <span class='ocrx_word' id='word_1_342' title='bbox 3080 1776 3204 1837; x_wconf 81' lang='grc' dir='ltr'>Πῶς</span> <span class='ocrx_word' id='word_1_343' title='bbox 3236 1774 3294 1827; x_wconf 80' lang='grc' dir='ltr'>δὲ</span> <span class='ocrx_word' id='word_1_344' title='bbox 3344 1774 3377 1844; x_wconf 79' lang='grc' dir='ltr'><strong>ἡ</strong></span> <span class='ocrx_word' id='word_1_345' title='bbox 3419 1771 3673 1841; x_wconf 76' lang='grc' dir='ltr'>βούλησις</span> 
     </span>
    </p>
   </div>
   <div class='ocr_carea' id='block_1_53' title="bbox 2100 1863 3671 1940">
    <p class='ocr_par' dir='ltr' id='par_1_53' title="bbox 2100 1863 3671 1940">
     <span class='ocr_line' id='line_1_53' title="bbox 2100 1863 3671 1940; baseline -0.008 -16"><span class='ocrx_word' id='word_1_346' title='bbox 2100 1869 2339 1939; x_wconf 85' lang='grc' dir='ltr'>χωρήσει</span> <span class='ocrx_word' id='word_1_347' title='bbox 2366 1869 2591 1940; x_wconf 81' lang='grc' dir='ltr'>μεταξὺ,</span> <span class='ocrx_word' id='word_1_348' title='bbox 2618 1870 2692 1940; x_wconf 84' lang='grc' dir='ltr'>μὴ</span> <span class='ocrx_word' id='word_1_349' title='bbox 2727 1868 2854 1922; x_wconf 77' lang='grc' dir='ltr'>ὄντα</span> <span class='ocrx_word' id='word_1_350' title='bbox 2882 1867 3012 1921; x_wconf 83' lang='grc' dir='ltr'>ποτὲ</span> <span class='ocrx_word' id='word_1_351' title='bbox 3034 1866 3125 1919; x_wconf 80' lang='grc' dir='ltr'>τὸν</span> <span class='ocrx_word' id='word_1_352' title='bbox 3167 1865 3295 1917; x_wconf 80' lang='grc' dir='ltr'><strong>Υἰδν</strong></span> <span class='ocrx_word' id='word_1_353' title='bbox 3319 1863 3671 1931; x_wconf 74' lang='grc' dir='ltr'><strong>εἰσφέρουσα,</strong></span> 
     </span>
    </p>
   </div>
   <div class='ocr_carea' id='block_1_54' title="bbox 2098 1951 3501 2028">
    <p class='ocr_par' dir='ltr' id='par_1_54' title="bbox 2098 1951 3501 2028">
     <span class='ocr_line' id='line_1_54' title="bbox 2098 1951 3501 2028; baseline -0.005 -19"><span class='ocrx_word' id='word_1_354' title='bbox 2098 1957 2191 2010; x_wconf 77' lang='grc' dir='ltr'><strong>τὸν</strong></span> <span class='ocrx_word' id='word_1_355' title='bbox 2218 1956 2295 2028; x_wconf 82' lang='grc' dir='ltr'>τῷ</span> <span class='ocrx_word' id='word_1_356' title='bbox 2313 1958 2630 2028; x_wconf 83' lang='grc' dir='ltr'>γεννήσαντι</span> <span class='ocrx_word' id='word_1_357' title='bbox 2660 1957 2927 2010; x_wconf 77' lang='grc' dir='ltr'>συναῖδιον</span> <span class='ocrx_word' id='word_1_358' title='bbox 2964 1956 3039 2019; x_wconf 82' lang='grc' dir='ltr'>ὡς</span> <span class='ocrx_word' id='word_1_359' title='bbox 3079 1954 3269 2024; x_wconf 74' lang='grc' dir='ltr'>σοφίαν</span> <span class='ocrx_word' id='word_1_360' title='bbox 3301 1951 3501 2015; x_wconf 72' lang='grc' dir='ltr'>αὐτοῦς</span> 
     </span>
    </p>
   </div>
   <div class='ocr_carea' id='block_1_55' title="bbox 2784 2229 3069 2283">
    <p class='ocr_par' dir='ltr' id='par_1_55' title="bbox 2784 2229 3069 2283">
     <span class='ocr_line' id='line_1_55' title="bbox 2784 2229 3069 2283; baseline 0.004 -1"><span class='ocrx_word' id='word_1_361' title='bbox 2784 2229 2987 2283; x_wconf 80' lang='grc' dir='ltr'><strong>ᾹΛΛΟ.</strong></span> <span class='ocrx_word' id='word_1_362' title='bbox 3066 2252 3069 2255; x_wconf 95' lang='grc'>·</span> 
     </span>
    </p>
   </div>
   <div class='ocr_carea' id='block_1_56' title="bbox 2167 2334 3675 2413">
    <p class='ocr_par' dir='ltr' id='par_1_56' title="bbox 2167 2334 3675 2413">
     <span class='ocr_line' id='line_1_56' title="bbox 2167 2334 3675 2413; baseline -0.004 -19"><span class='ocrx_word' id='word_1_363' title='bbox 2167 2342 2230 2394; x_wconf 83' lang='grc' dir='ltr'><strong>Εἰ</strong></span> <span class='ocrx_word' id='word_1_364' title='bbox 2273 2343 2594 2413; x_wconf 81' lang='grc' dir='ltr'>προηγεῖται</span> <span class='ocrx_word' id='word_1_365' title='bbox 2636 2342 2890 2413; x_wconf 75' lang='grc' dir='ltr'>βούλησις</span> <span class='ocrx_word' id='word_1_366' title='bbox 2935 2340 3030 2394; x_wconf 79' lang='grc' dir='ltr'><strong>τοῦ</strong></span> <span class='ocrx_word' id='word_1_367' title='bbox 3094 2339 3249 2405; x_wconf 82' lang='grc' dir='ltr'><strong>Υἱοῦ,</strong></span> <span class='ocrx_word' id='word_1_368' title='bbox 3300 2340 3359 2392; x_wconf 80' lang='grc' dir='ltr'>ὲν</span> <span class='ocrx_word' id='word_1_369' title='bbox 3413 2336 3587 2409; x_wconf 83' lang='grc' dir='ltr'>χρόνῳ</span> <span class='ocrx_word' id='word_1_370' title='bbox 3615 2334 3675 2389; x_wconf 71' lang='grc' dir='ltr'><strong>δὲ</strong></span> 
     </span>
    </p>
   </div>
   <div class='ocr_carea' id='block_1_57' title="bbox 2096 2430 3671 2505">
    <p class='ocr_par' dir='ltr' id='par_1_57' title="bbox 2096 2430 3671 2505">
     <span class='ocr_line' id='line_1_57' title="bbox 2096 2430 3671 2505; baseline -0.005 -18"><span class='ocrx_word' id='word_1_371' title='bbox 2096 2434 2309 2503; x_wconf 78' lang='grc' dir='ltr'><strong>ἀνάγκη</strong></span> <span class='ocrx_word' id='word_1_372' title='bbox 2337 2434 2436 2505; x_wconf 83' lang='grc' dir='ltr'>τὴν</span> <span class='ocrx_word' id='word_1_373' title='bbox 2471 2434 2600 2503; x_wconf 75' lang='grc' dir='ltr'>περὶ</span> <span class='ocrx_word' id='word_1_374' title='bbox 2629 2433 2795 2487; x_wconf 78' lang='grc' dir='ltr'>αὑτοῦ</span> <span class='ocrx_word' id='word_1_375' title='bbox 2828 2432 3083 2501; x_wconf 80' lang='grc' dir='ltr'>γενέσθαι</span> <span class='ocrx_word' id='word_1_376' title='bbox 3113 2431 3324 2502; x_wconf 75' lang='grc' dir='ltr'>σκέψιν,</span> <span class='ocrx_word' id='word_1_377' title='bbox 3356 2430 3451 2483; x_wconf 72' lang='grc' dir='ltr'>καὶ</span> <span class='ocrx_word' id='word_1_378' title='bbox 3493 2430 3540 2481; x_wconf 84' lang='grc' dir='ltr'><strong>εί</strong></span> <span class='ocrx_word' id='word_1_379' title='bbox 3585 2445 3671 2498; x_wconf 72' lang='grc' dir='ltr'><strong>μισ</strong></span> 
     </span>
    </p>
   </div>
   <div class='ocr_carea' id='block_1_58' title="bbox 2097 2519 3673 2597">
    <p class='ocr_par' dir='ltr' id='par_1_58' title="bbox 2097 2519 3673 2597">
     <span class='ocr_line' id='line_1_58' title="bbox 2097 2519 3673 2597; baseline -0.006 -18"><span class='ocrx_word' id='word_1_380' title='bbox 2097 2528 2229 2597; x_wconf 86' lang='grc' dir='ltr'>κρός</span> <span class='ocrx_word' id='word_1_381' title='bbox 2253 2543 2339 2590; x_wconf 86' lang='grc' dir='ltr'><strong>τις</strong></span> <span class='ocrx_word' id='word_1_382' title='bbox 2387 2527 2471 2595; x_wconf 74' lang='grc' dir='ltr'>εἴη</span> <span class='ocrx_word' id='word_1_383' title='bbox 2525 2526 2619 2580; x_wconf 79' lang='grc' dir='ltr'>καὶ</span> <span class='ocrx_word' id='word_1_384' title='bbox 2645 2526 2767 2579; x_wconf 81' lang='grc' dir='ltr'>λίαν</span> <span class='ocrx_word' id='word_1_385' title='bbox 2812 2524 3038 2596; x_wconf 80' lang='grc' dir='ltr'>βραχὺς,</span> <span class='ocrx_word' id='word_1_386' title='bbox 3098 2523 3217 2587; x_wconf 77' lang='grc' dir='ltr'>πῶς</span> <span class='ocrx_word' id='word_1_387' title='bbox 3258 2522 3411 2575; x_wconf 78' lang='grc' dir='ltr'>ἔσται</span> <span class='ocrx_word' id='word_1_388' title='bbox 3455 2519 3673 2573; x_wconf 84' lang='grc' dir='ltr'>πάντων</span> 
     </span>
    </p>
   </div>
   <div class='ocr_carea' id='block_1_59' title="bbox 2094 2608 3674 2688">
    <p class='ocr_par' dir='ltr' id='par_1_59' title="bbox 2094 2608 3674 2688">
     <span class='ocr_line' id='line_1_59' title="bbox 2094 2608 3674 2688; baseline -0.004 -19"><span class='ocrx_word' id='word_1_389' title='bbox 2094 2618 2359 2688; x_wconf 58' lang='lat' dir='ltr'><strong>atoma-qq;</strong></span> <span class='ocrx_word' id='word_1_390' title='bbox 2392 2617 2463 2669; x_wconf 83' lang='lat' dir='ltr'><strong>&quot;H</strong></span> <span class='ocrx_word' id='word_1_391' title='bbox 2497 2617 2615 2680; x_wconf 83' lang='grc' dir='ltr'>πῶς</span> <span class='ocrx_word' id='word_1_392' title='bbox 2663 2617 2990 2687; x_wconf 81' lang='grc' dir='ltr'>πιστεύομεν</span> <span class='ocrx_word' id='word_1_393' title='bbox 3023 2618 3089 2686; x_wconf 78' lang='grc' dir='ltr'>τῇ</span> <span class='ocrx_word' id='word_1_394' title='bbox 3122 2616 3343 2686; x_wconf 75' lang='grc' dir='ltr'>Γραφῇ,</span> <span class='ocrx_word' id='word_1_395' title='bbox 3395 2612 3573 2665; x_wconf 84' lang='grc' dir='ltr'>πάντα</span> <span class='ocrx_word' id='word_1_396' title='bbox 3602 2608 3674 2663; x_wconf 77' lang='grc' dir='ltr'><strong>δι’</strong></span> 
     </span>
    </p>
   </div>
   <div class='ocr_carea' id='block_1_60' title="bbox 2095 2701 3674 2778">
    <p class='ocr_par' dir='ltr' id='par_1_60' title="bbox 2095 2701 3674 2778">
     <span class='ocr_line' id='line_1_60' title="bbox 2095 2701 3674 2778; baseline -0.006 -16"><span class='ocrx_word' id='word_1_397' title='bbox 2095 2707 2259 2762; x_wconf 82' lang='grc' dir='ltr'>αὐτοῦ</span> <span class='ocrx_word' id='word_1_398' title='bbox 2290 2706 2543 2776; x_wconf 79' lang='grc' dir='ltr'>γενέσθαι</span> <span class='ocrx_word' id='word_1_399' title='bbox 2575 2706 2847 2778; x_wconf 76' lang='grc' dir='ltr'>λεγούσῃ;</span> <span class='ocrx_word' id='word_1_400' title='bbox 2885 2707 3056 2760; x_wconf 84' lang='grc' dir='ltr'><strong>Ὅπου</strong></span> <span class='ocrx_word' id='word_1_401' title='bbox 3101 2705 3208 2775; x_wconf 84' lang='grc' dir='ltr'>πρὸ</span> <span class='ocrx_word' id='word_1_402' title='bbox 3228 2701 3389 2757; x_wconf 76' lang='grc' dir='ltr'>αὑτοῦ</span> <span class='ocrx_word' id='word_1_403' title='bbox 3425 2701 3674 2770; x_wconf 77' lang='grc' dir='ltr'>φαίνεται</span> 
     </span>
    </p>
   </div>
   <div class='ocr_carea' id='block_1_61' title="bbox 2097 2791 3671 2870">
    <p class='ocr_par' dir='ltr' id='par_1_61' title="bbox 2097 2791 3671 2870">
     <span class='ocr_line' id='line_1_61' title="bbox 2097 2791 3671 2870; baseline -0.006 -16"><span class='ocrx_word' id='word_1_404' title='bbox 2097 2800 2307 2870; x_wconf 85' lang='grc' dir='ltr'>χρόνος,</span> <span class='ocrx_word' id='word_1_405' title='bbox 2339 2799 2460 2853; x_wconf 78' lang='grc' dir='ltr'>καθ’</span> <span class='ocrx_word' id='word_1_406' title='bbox 2482 2799 2541 2851; x_wconf 84' lang='grc' dir='ltr'>ὃν</span> <span class='ocrx_word' id='word_1_407' title='bbox 2573 2799 2605 2869; x_wconf 85' lang='grc' dir='ltr'><strong>ή</strong></span> <span class='ocrx_word' id='word_1_408' title='bbox 2634 2798 2765 2869; x_wconf 75' lang='grc' dir='ltr'>περὶ</span> <span class='ocrx_word' id='word_1_409' title='bbox 2802 2797 2968 2852; x_wconf 82' lang='grc' dir='ltr'>αὐτοῦ</span> <span class='ocrx_word' id='word_1_410' title='bbox 2997 2796 3188 2866; x_wconf 86' lang='grc' dir='ltr'>γέγονε</span> <span class='ocrx_word' id='word_1_411' title='bbox 3244 2794 3516 2866; x_wconf 75' lang='grc' dir='ltr'>βούλησις,</span> <span class='ocrx_word' id='word_1_412' title='bbox 3541 2791 3671 2863; x_wconf 83' lang='grc' dir='ltr'>χρό-</span> 
     </span>
    </p>
   </div>
   <div class='ocr_carea' id='block_1_62' title="bbox 2097 2889 2872 2961">
    <p class='ocr_par' dir='ltr' id='par_1_62' title="bbox 2097 2889 2872 2961">
     <span class='ocr_line' id='line_1_62' title="bbox 2097 2889 2872 2961; baseline -0.005 -16"><span class='ocrx_word' id='word_1_413' title='bbox 2097 2910 2201 2946; x_wconf 89' lang='grc' dir='ltr'><strong>νων</strong></span> <span class='ocrx_word' id='word_1_414' title='bbox 2220 2892 2319 2945; x_wconf 77' lang='grc' dir='ltr'><strong>οὐκ</strong></span> <span class='ocrx_word' id='word_1_415' title='bbox 2348 2890 2515 2944; x_wconf 74' lang='grc' dir='ltr'>ὅντων</span> <span class='ocrx_word' id='word_1_416' title='bbox 2544 2890 2648 2961; x_wconf 75' lang='grc' dir='ltr'><strong>πρὸ</strong></span> <span class='ocrx_word' id='word_1_417' title='bbox 2669 2889 2832 2943; x_wconf 73' lang='grc' dir='ltr'>αὑτοῦ</span> <span class='ocrx_word' id='word_1_418' title='bbox 2857 2906 2872 2952; x_wconf 88' lang='lat'><strong>;</strong></span> 
     </span>
    </p>
   </div>
   <div class='ocr_carea' id='block_1_63' title="bbox 2781 3001 2993 3059">
    <p class='ocr_par' dir='ltr' id='par_1_63' title="bbox 2781 3001 2993 3059">
     <span class='ocr_line' id='line_1_63' title="bbox 2781 3001 2993 3059; baseline -0.019 -1"><span class='ocrx_word' id='word_1_419' title='bbox 2781 3001 2993 3059; x_wconf 83' lang='grc' dir='ltr'>ΔΛΛΟ.</span> 
     </span>
    </p>
   </div>
   <div class='ocr_carea' id='block_1_64' title="bbox 2305 3113 3431 3183">
    <p class='ocr_par' dir='ltr' id='par_1_64' title="bbox 2305 3113 3431 3183">
     <span class='ocr_line' id='line_1_64' title="bbox 2305 3113 3431 3183; baseline -0.003 -13"><span class='ocrx_word' id='word_1_420' title='bbox 2305 3116 2401 3181; x_wconf 85' lang='grc' dir='ltr'>Ὧς</span> <span class='ocrx_word' id='word_1_421' title='bbox 2435 3116 2504 3181; x_wconf 77' lang='grc' dir='ltr'><strong>ἐξ</strong></span> <span class='ocrx_word' id='word_1_422' title='bbox 2546 3115 2900 3181; x_wconf 79' lang='grc' dir='ltr'><strong>ἀντιθέσεως</strong></span> <span class='ocrx_word' id='word_1_423' title='bbox 2935 3114 3055 3168; x_wconf 80' lang='grc' dir='ltr'><strong>τῶν</strong></span> <span class='ocrx_word' id='word_1_424' title='bbox 3103 3113 3431 3183; x_wconf 52' lang='grc' dir='ltr'>αἱρετικῶς.</span> 
     </span>
    </p>
   </div>
   <div class='ocr_carea' id='block_1_65' title="bbox 2165 3203 3669 3279">
    <p class='ocr_par' dir='ltr' id='par_1_65' title="bbox 2165 3203 3669 3279">
     <span class='ocr_line' id='line_1_65' title="bbox 2165 3203 3669 3279; baseline -0.002 -20"><span class='ocrx_word' id='word_1_425' title='bbox 2165 3207 2229 3260; x_wconf 84' lang='grc' dir='ltr'><strong>Εί</strong></span> <span class='ocrx_word' id='word_1_426' title='bbox 2263 3206 2337 3279; x_wconf 83' lang='grc' dir='ltr'>μὴ</span> <span class='ocrx_word' id='word_1_427' title='bbox 2370 3208 2642 3277; x_wconf 83' lang='grc' dir='ltr'>βουλήσει,</span> <span class='ocrx_word' id='word_1_428' title='bbox 2699 3206 2855 3276; x_wconf 78' lang='grc' dir='ltr'>φησὶ,</span> <span class='ocrx_word' id='word_1_429' title='bbox 2901 3207 3123 3275; x_wconf 85' lang='grc' dir='ltr'>γέγονεν</span> <span class='ocrx_word' id='word_1_430' title='bbox 3150 3208 3178 3260; x_wconf 90' lang='lat'><strong>6</strong></span> <span class='ocrx_word' id='word_1_431' title='bbox 3214 3207 3345 3269; x_wconf 83' lang='grc' dir='ltr'>Υἱὸς</span> <span class='ocrx_word' id='word_1_432' title='bbox 3374 3205 3465 3258; x_wconf 73' lang='grc' dir='ltr'>τοῦ</span> <span class='ocrx_word' id='word_1_433' title='bbox 3512 3203 3669 3267; x_wconf 81' lang='grc' dir='ltr'>Θεοῦ,</span> 
     </span>
    </p>
   </div>
   <div class='ocr_carea' id='block_1_66' title="bbox 2094 3293 3668 3366">
    <p class='ocr_par' dir='ltr' id='par_1_66' title="bbox 2094 3293 3668 3366">
     <span class='ocr_line' id='line_1_66' title="bbox 2094 3293 3668 3366; baseline -0.002 -19"><span class='ocrx_word' id='word_1_434' title='bbox 2094 3296 2152 3361; x_wconf 79' lang='grc' dir='ltr'>ἐξ</span> <span class='ocrx_word' id='word_1_435' title='bbox 2193 3297 2438 3363; x_wconf 80' lang='grc' dir='ltr'><strong>ἀνάγκης</strong></span> <span class='ocrx_word' id='word_1_436' title='bbox 2469 3296 2576 3365; x_wconf 81' lang='grc' dir='ltr'>ἄρα</span> <span class='ocrx_word' id='word_1_437' title='bbox 2601 3296 2697 3348; x_wconf 67' lang='grc' dir='ltr'><strong>καὶ</strong></span> <span class='ocrx_word' id='word_1_438' title='bbox 2739 3296 2814 3365; x_wconf 81' lang='grc' dir='ltr'>μὴ</span> <span class='ocrx_word' id='word_1_439' title='bbox 2848 3295 3017 3348; x_wconf 82' lang='grc' dir='ltr'>Θέλων</span> <span class='ocrx_word' id='word_1_440' title='bbox 3045 3293 3203 3366; x_wconf 79' lang='grc' dir='ltr'>ἔσχεν</span> <span class='ocrx_word' id='word_1_441' title='bbox 3245 3294 3374 3347; x_wconf 82' lang='grc' dir='ltr'>Υἰὺν</span> <span class='ocrx_word' id='word_1_442' title='bbox 3404 3295 3432 3346; x_wconf 89' lang='lat'><strong>6</strong></span> <span class='ocrx_word' id='word_1_443' title='bbox 3458 3293 3668 3364; x_wconf 85' lang='grc' dir='ltr'>Πατήρ.</span> 
     </span>
    </p>
   </div>
   <div class='ocr_carea' id='block_1_67' title="bbox 2095 3384 3670 3457">
    <p class='ocr_par' dir='ltr' id='par_1_67' title="bbox 2095 3384 3670 3457">
     <span class='ocr_line' id='line_1_67' title="bbox 2095 3384 3670 3457; baseline -0.001 -20"><span class='ocrx_word' id='word_1_444' title='bbox 2095 3387 2203 3438; x_wconf 75' lang='grc' dir='ltr'><strong>Καὶ</strong></span> <span class='ocrx_word' id='word_1_445' title='bbox 2224 3386 2307 3447; x_wconf 83' lang='grc' dir='ltr'><strong>τίς</strong></span> <span class='ocrx_word' id='word_1_446' title='bbox 2344 3388 2371 3438; x_wconf 91' lang='grc' dir='ltr'>ὁ</span> <span class='ocrx_word' id='word_1_447' title='bbox 2424 3386 2625 3457; x_wconf 75' lang='grc' dir='ltr'>μείζων</span> <span class='ocrx_word' id='word_1_448' title='bbox 2661 3385 2827 3438; x_wconf 79' lang='grc' dir='ltr'>αὑτοῦ</span> <span class='ocrx_word' id='word_1_449' title='bbox 2880 3386 2973 3438; x_wconf 78' lang='grc' dir='ltr'>καὶ</span> <span class='ocrx_word' id='word_1_450' title='bbox 3016 3386 3113 3456; x_wconf 80' lang='grc' dir='ltr'>τὴν</span> <span class='ocrx_word' id='word_1_451' title='bbox 3162 3385 3407 3454; x_wconf 78' lang='grc' dir='ltr'>ἀνάγκην</span> <span class='ocrx_word' id='word_1_452' title='bbox 3461 3384 3670 3444; x_wconf 80' lang='grc' dir='ltr'>ἐπιθεὶς</span> 
     </span>
    </p>
   </div>
   <div class='ocr_carea' id='block_1_68' title="bbox 2094 3474 3669 3547">
    <p class='ocr_par' dir='ltr' id='par_1_68' title="bbox 2094 3474 3669 3547">
     <span class='ocr_line' id='line_1_68' title="bbox 2094 3474 3669 3547; baseline -0.002 -19"><span class='ocrx_word' id='word_1_453' title='bbox 2094 3474 2270 3545; x_wconf 80' lang='grc' dir='ltr'>αὑτῴ;</span> <span class='ocrx_word' id='word_1_454' title='bbox 2304 3476 2384 3529; x_wconf 76' lang='grc' dir='ltr'>Τὰ</span> <span class='ocrx_word' id='word_1_455' title='bbox 2439 3476 2548 3545; x_wconf 76' lang='grc' dir='ltr'><strong>γὰρ</strong></span> <span class='ocrx_word' id='word_1_456' title='bbox 2590 3476 2742 3546; x_wconf 66' lang='grc' dir='ltr'>παρὰ</span> <span class='ocrx_word' id='word_1_457' title='bbox 2790 3475 3017 3547; x_wconf 78' lang='grc' dir='ltr'>γνώμην</span> <span class='ocrx_word' id='word_1_458' title='bbox 3077 3476 3559 3545; x_wconf 79' lang='grc' dir='ltr'>ὲπισυμϐαίνοντα,</span> <span class='ocrx_word' id='word_1_459' title='bbox 3607 3474 3669 3537; x_wconf 73' lang='grc' dir='ltr'>ἐξ</span> 
     </span>
    </p>
   </div>
   <div class='ocr_carea' id='block_1_69' title="bbox 2094 3568 2598 3639">
    <p class='ocr_par' dir='ltr' id='par_1_69' title="bbox 2094 3568 2598 3639">
     <span class='ocr_line' id='line_1_69' title="bbox 2094 3568 2598 3639; baseline 0.002 -17"><span class='ocrx_word' id='word_1_460' title='bbox 2094 3569 2341 3639; x_wconf 68' lang='grc' dir='ltr'>ἀνάγκης</span> <span class='ocrx_word' id='word_1_461' title='bbox 2369 3568 2598 3636; x_wconf 86' lang='grc' dir='ltr'>γίνεται.</span> 
     </span>
    </p>
   </div>
   <div class='ocr_carea' id='block_1_70' title="bbox 2569 3697 3169 3767">
    <p class='ocr_par' dir='ltr' id='par_1_70' title="bbox 2569 3697 3169 3767">
     <span class='ocr_line' id='line_1_70' title="bbox 2569 3697 3169 3767; baseline -0.005 -15"><span class='ocrx_word' id='word_1_462' title='bbox 2569 3697 2728 3767; x_wconf 76' lang='grc' dir='ltr'>Πρὸς</span> <span class='ocrx_word' id='word_1_463' title='bbox 2760 3697 2943 3752; x_wconf 82' lang='grc' dir='ltr'>ταῦτα</span> <span class='ocrx_word' id='word_1_464' title='bbox 2972 3698 3169 3761; x_wconf 82' lang='grc' dir='ltr'><strong>λύσις.</strong></span> 
     </span>
    </p>
   </div>
   <div class='ocr_carea' id='block_1_71' title="bbox 2176 3822 3668 3903">
    <p class='ocr_par' dir='ltr' id='par_1_71' title="bbox 2176 3822 3668 3903">
     <span class='ocr_line' id='line_1_71' title="bbox 2176 3822 3668 3903; baseline 0.001 -21"><span class='ocrx_word' id='word_1_465' title='bbox 2176 3831 2603 3901; x_wconf 82' lang='grc' dir='ltr'>Ἀντερωτητέον</span> <span class='ocrx_word' id='word_1_466' title='bbox 2632 3833 2759 3895; x_wconf 79' lang='grc' dir='ltr'>τοὺς</span> <span class='ocrx_word' id='word_1_467' title='bbox 2779 3850 2809 3901; x_wconf 85' lang='grc' dir='ltr'><strong>χ</strong></span> <span class='ocrx_word' id='word_1_468' title='bbox 2819 3830 3198 3903; x_wconf 85' lang='grc' dir='ltr'>ριστομάχους,</span> <span class='ocrx_word' id='word_1_469' title='bbox 3230 3830 3324 3884; x_wconf 60' lang='grc' dir='ltr'><strong>καὶ⁵</strong></span> <span class='ocrx_word' id='word_1_470' title='bbox 3351 3830 3418 3884; x_wconf 78' lang='grc' dir='ltr'><strong>δι’</strong></span> <span class='ocrx_word' id='word_1_471' title='bbox 3443 3822 3517 3885; x_wconf 83' lang='grc' dir='ltr'><strong>ὧν</strong></span> <span class='ocrx_word' id='word_1_472' title='bbox 3538 3831 3668 3902; x_wconf 87' lang='grc' dir='ltr'>ήμῖν</span> 
     </span>
    </p>
   </div>
   <div class='ocr_carea' id='block_1_72' title="bbox 414 3907 1999 3999">
    <p class='ocr_par' dir='ltr' id='par_1_72' title="bbox 414 3907 1987 3977">
     <span class='ocr_line' id='line_1_72' title="bbox 414 3907 1987 3977; baseline 0.004 -18"><span class='ocrx_word' id='word_1_473' title='bbox 414 3920 476 3959; x_wconf 81' lang='lat' dir='ltr'><strong>ea</strong></span> <span class='ocrx_word' id='word_1_474' title='bbox 519 3907 632 3976; x_wconf 89' lang='lat' dir='ltr'><strong>ipsa</strong></span> <span class='ocrx_word' id='word_1_475' title='bbox 659 3922 778 3976; x_wconf 67' lang='lat' dir='ltr'><strong>quae</strong></span> <span class='ocrx_word' id='word_1_476' title='bbox 813 3908 1060 3977; x_wconf 89' lang='lat' dir='ltr'><strong>imperite</strong></span> <span class='ocrx_word' id='word_1_477' title='bbox 1106 3909 1261 3964; x_wconf 90' lang='lat' dir='ltr'><strong>nobis</strong></span> <span class='ocrx_word' id='word_1_478' title='bbox 1312 3910 1597 3976; x_wconf 90' lang='lat' dir='ltr'><strong>objiciunt,</strong></span> <span class='ocrx_word' id='word_1_479' title='bbox 1662 3912 1767 3965; x_wconf 87' lang='lat' dir='ltr'><strong>illis</strong></span> <span class='ocrx_word' id='word_1_480' title='bbox 1788 3926 1987 3965; x_wconf 89' lang='lat' dir='ltr'><strong>occur-</strong></span> 
     </span>
    </p>
   </div>
   <div class='ocr_carea' id='block_1_73' title="bbox 2095 3907 3669 3999">
    <p class='ocr_par' dir='ltr' id='par_1_73' title="bbox 2095 3921 3669 3993">
     <span class='ocr_line' id='line_1_73' title="bbox 2095 3921 3669 3993; baseline 0.002 -21"><span class='ocrx_word' id='word_1_481' title='bbox 2095 3921 2469 3992; x_wconf 84' lang='grc' dir='ltr'>προτείνουσιν</span> <span class='ocrx_word' id='word_1_482' title='bbox 2502 3922 2751 3991; x_wconf 82' lang='grc' dir='ltr'>ἀμαθῶς,</span> <span class='ocrx_word' id='word_1_483' title='bbox 2792 3922 2879 3975; x_wconf 80' lang='grc' dir='ltr'><strong>διὰ</strong></span> <span class='ocrx_word' id='word_1_484' title='bbox 2900 3923 3104 3975; x_wconf 83' lang='grc' dir='ltr'>τούτων</span> <span class='ocrx_word' id='word_1_485' title='bbox 3140 3923 3322 3986; x_wconf 80' lang='grc' dir='ltr'>αὐτοῖς</span> <span class='ocrx_word' id='word_1_486' title='bbox 3355 3923 3669 3993; x_wconf 84' lang='grc' dir='ltr'>ὑπαντήσω-</span> 
     </span>
    </p>
   </div>
   <div class='ocr_carea' id='block_1_74' title="bbox 415 3999 1999 4086">
    <p class='ocr_par' dir='ltr' id='par_1_74' title="bbox 415 3999 1990 4070">
     <span class='ocr_line' id='line_1_74' title="bbox 415 3999 1990 4070; baseline 0.002 -19"><span class='ocrx_word' id='word_1_487' title='bbox 415 4001 639 4053; x_wconf 87' lang='lat' dir='ltr'><strong>rendum</strong></span> <span class='ocrx_word' id='word_1_488' title='bbox 666 4008 769 4063; x_wconf 90' lang='lat' dir='ltr'><strong>est,</strong></span> <span class='ocrx_word' id='word_1_489' title='bbox 794 4001 1096 4070; x_wconf 88' lang='lat' dir='ltr'><strong>similisque</strong></span> <span class='ocrx_word' id='word_1_490' title='bbox 1122 4001 1436 4068; x_wconf 83' lang='lat' dir='ltr'><strong>opponenda</strong></span> <span class='ocrx_word' id='word_1_491' title='bbox 1471 4001 1788 4069; x_wconf 90' lang='lat' dir='ltr'><strong>propositio.</strong></span> <span class='ocrx_word' id='word_1_492' title='bbox 1821 3999 1990 4055; x_wconf 88' lang='lat' dir='ltr'><strong>Dicite</strong></span> 
     </span>
    </p>
   </div>
   <div class='ocr_carea' id='block_1_75' title="bbox 2095 3999 3665 4086">
    <p class='ocr_par' dir='ltr' id='par_1_75' title="bbox 2095 4013 3665 4086">
     <span class='ocr_line' id='line_1_75' title="bbox 2095 4013 3665 4086; baseline 0.001 -20"><span class='ocrx_word' id='word_1_493' title='bbox 2095 4030 2214 4085; x_wconf 85' lang='grc' dir='ltr'>μεν,</span> <span class='ocrx_word' id='word_1_494' title='bbox 2244 4013 2344 4083; x_wconf 85' lang='grc' dir='ltr'><strong>τήν</strong></span> <span class='ocrx_word' id='word_1_495' title='bbox 2374 4013 2495 4082; x_wconf 72' lang='grc' dir='ltr'>ἴσην</span> <span class='ocrx_word' id='word_1_496' title='bbox 2532 4015 2929 4083; x_wconf 75' lang='grc' dir='ltr'>ἀντεπάγοντες</span> <span class='ocrx_word' id='word_1_497' title='bbox 2955 4016 3238 4086; x_wconf 75' lang='grc' dir='ltr'>πρότασιν.</span> <span class='ocrx_word' id='word_1_498' title='bbox 3282 4016 3484 4068; x_wconf 81' lang='grc' dir='ltr'><strong>Εἴπατε</strong></span> <span class='ocrx_word' id='word_1_499' title='bbox 3512 4017 3665 4085; x_wconf 75' lang='grc' dir='ltr'>ήμῖνο</span> 
     </span>
    </p>
   </div>
   <div class='ocr_carea' id='block_1_76' title="bbox 415 4091 1999 4178">
    <p class='ocr_par' dir='ltr' id='par_1_76' title="bbox 415 4091 1987 4159">
     <span class='ocr_line' id='line_1_76' title="bbox 415 4091 1987 4159; baseline 0.001 -15"><span class='ocrx_word' id='word_1_500' title='bbox 415 4092 598 4159; x_wconf 88' lang='lat' dir='ltr'><strong>itaque</strong></span> <span class='ocrx_word' id='word_1_501' title='bbox 619 4091 804 4144; x_wconf 89' lang='lat' dir='ltr'><strong>nobis:</strong></span> <span class='ocrx_word' id='word_1_502' title='bbox 843 4092 982 4144; x_wconf 89' lang='lat' dir='ltr'><strong>Deus</strong></span> <span class='ocrx_word' id='word_1_503' title='bbox 1015 4101 1168 4144; x_wconf 89' lang='lat' dir='ltr'><strong>estne</strong></span> <span class='ocrx_word' id='word_1_504' title='bbox 1201 4093 1392 4154; x_wconf 78' lang='lat' dir='ltr'><strong>bonus,</strong></span> <span class='ocrx_word' id='word_1_505' title='bbox 1430 4091 1737 4145; x_wconf 86' lang='lat' dir='ltr'><strong>misericors</strong></span> <span class='ocrx_word' id='word_1_506' title='bbox 1784 4101 1839 4145; x_wconf 90' lang='lat' dir='ltr'><strong>et</strong></span> <span class='ocrx_word' id='word_1_507' title='bbox 1858 4106 1987 4146; x_wconf 90' lang='lat' dir='ltr'><strong>san-</strong></span> 
     </span>
    </p>
   </div>
   <div class='ocr_carea' id='block_1_77' title="bbox 2095 4091 3667 4178">
    <p class='ocr_par' dir='ltr' id='par_1_77' title="bbox 2104 4106 3667 4178">
     <span class='ocr_line' id='line_1_77' title="bbox 2104 4106 3667 4178; baseline 0 -19"><span class='ocrx_word' id='word_1_508' title='bbox 2104 4106 2332 4175; x_wconf 73' lang='grc' dir='ltr'>Ἀγαοὸς</span> <span class='ocrx_word' id='word_1_509' title='bbox 2352 4106 2444 4159; x_wconf 71' lang='grc' dir='ltr'><strong>καὶ</strong></span> <span class='ocrx_word' id='word_1_510' title='bbox 2458 4107 2635 4177; x_wconf 74' lang='grc' dir='ltr'>οἰκτίρ</span> <span class='ocrx_word' id='word_1_511' title='bbox 2644 4124 2780 4177; x_wconf 88' lang='grc' dir='ltr'>μων,</span> <span class='ocrx_word' id='word_1_512' title='bbox 2800 4106 3046 4178; x_wconf 77' lang='grc' dir='ltr'>ἐλεήμων</span> <span class='ocrx_word' id='word_1_513' title='bbox 3072 4125 3128 4161; x_wconf 86' lang='grc' dir='ltr'>τε</span> <span class='ocrx_word' id='word_1_514' title='bbox 3153 4109 3246 4161; x_wconf 74' lang='grc' dir='ltr'>καὶ</span> <span class='ocrx_word' id='word_1_515' title='bbox 3270 4108 3425 4176; x_wconf 81' lang='grc' dir='ltr'>ἅγιος</span> <span class='ocrx_word' id='word_1_516' title='bbox 3450 4110 3514 4161; x_wconf 82' lang='grc' dir='ltr'>ἐκ</span> <span class='ocrx_word' id='word_1_517' title='bbox 3542 4107 3667 4176; x_wconf 89' lang='grc' dir='ltr'>βου-</span> 
     </span>
    </p>
   </div>
   <div class='ocr_carea' id='block_1_78' title="bbox 414 4179 1999 4272">
    <p class='ocr_par' dir='ltr' id='par_1_78' title="bbox 414 4179 1987 4249">
     <span class='ocr_line' id='line_1_78' title="bbox 414 4179 1987 4249; baseline 0.003 -17"><span class='ocrx_word' id='word_1_518' title='bbox 414 4190 533 4234; x_wconf 88' lang='lat' dir='ltr'><strong>ctus</strong></span> <span class='ocrx_word' id='word_1_519' title='bbox 558 4195 625 4233; x_wconf 79' lang='lat' dir='ltr'><strong>ex</strong></span> <span class='ocrx_word' id='word_1_520' title='bbox 654 4179 949 4246; x_wconf 81' lang='lat' dir='ltr'><strong>volu‘ntate,</strong></span> <span class='ocrx_word' id='word_1_521' title='bbox 984 4194 1052 4234; x_wconf 89' lang='lat' dir='ltr'><strong>an</strong></span> <span class='ocrx_word' id='word_1_522' title='bbox 1088 4193 1283 4249; x_wconf 55' lang='lat' dir='ltr'><strong>praeter</strong></span> <span class='ocrx_word' id='word_1_523' title='bbox 1306 4181 1672 4236; x_wconf 87' lang='lat' dir='ltr'><strong>voluntatem?</strong></span> <span class='ocrx_word' id='word_1_524' title='bbox 1735 4180 1789 4235; x_wconf 89' lang='lat' dir='ltr'><strong>Si</strong></span> <span class='ocrx_word' id='word_1_525' title='bbox 1843 4182 1987 4236; x_wconf 88' lang='lat' dir='ltr'><strong>enim</strong></span> 
     </span>
    </p>
   </div>
   <div class='ocr_carea' id='block_1_79' title="bbox 2095 4179 3670 4272">
    <p class='ocr_par' dir='ltr' id='par_1_79' title="bbox 2095 4196 3670 4272">
     <span class='ocr_line' id='line_1_79' title="bbox 2095 4196 3670 4272; baseline 0.001 -23"><span class='ocrx_word' id='word_1_526' title='bbox 2095 4197 2297 4267; x_wconf 80' lang='grc' dir='ltr'>λήσεώς</span> <span class='ocrx_word' id='word_1_527' title='bbox 2322 4199 2469 4250; x_wconf 81' lang='grc' dir='ltr'>ἐστιν</span> <span class='ocrx_word' id='word_1_528' title='bbox 2494 4199 2521 4250; x_wconf 88' lang='lat'><strong>6</strong></span> <span class='ocrx_word' id='word_1_529' title='bbox 2543 4197 2694 4261; x_wconf 82' lang='grc' dir='ltr'>Θεὸς,</span> <span class='ocrx_word' id='word_1_530' title='bbox 2723 4199 2756 4270; x_wconf 79' lang='grc' dir='ltr'>ἢ</span> <span class='ocrx_word' id='word_1_531' title='bbox 2779 4199 2926 4270; x_wconf 79' lang='grc' dir='ltr'>παρὰ</span> <span class='ocrx_word' id='word_1_532' title='bbox 2950 4200 3233 4272; x_wconf 82' lang='grc' dir='ltr'>βούλησιν;</span> <span class='ocrx_word' id='word_1_533' title='bbox 3271 4200 3328 4253; x_wconf 77' lang='lat' dir='ltr'><strong>El</strong></span> <span class='ocrx_word' id='word_1_534' title='bbox 3358 4201 3455 4270; x_wconf 78' lang='grc' dir='ltr'>μὲν</span> <span class='ocrx_word' id='word_1_535' title='bbox 3480 4196 3575 4253; x_wconf 76' lang='grc' dir='ltr'>οὖν</span> <span class='ocrx_word' id='word_1_536' title='bbox 3605 4201 3670 4252; x_wconf 81' lang='grc' dir='ltr'>ὲκ</span> 
     </span>
    </p>
   </div>
   <div class='ocr_carea' id='block_1_80' title="bbox 415 4268 1999 4361">
    <p class='ocr_par' dir='ltr' id='par_1_80' title="bbox 415 4268 1990 4341">
     <span class='ocr_line' id='line_1_80' title="bbox 415 4268 1990 4341; baseline 0.004 -19"><span class='ocrx_word' id='word_1_537' title='bbox 415 4284 479 4322; x_wconf 80' lang='lat' dir='ltr'><strong>cx</strong></span> <span class='ocrx_word' id='word_1_538' title='bbox 518 4268 808 4330; x_wconf 84' lang='lat' dir='ltr'><strong>voluntate,</strong></span> <span class='ocrx_word' id='word_1_539' title='bbox 836 4269 1083 4331; x_wconf 82' lang='lat' dir='ltr'><strong>voluntas</strong></span> <span class='ocrx_word' id='word_1_540' title='bbox 1113 4281 1290 4327; x_wconf 86' lang='lat' dir='ltr'><strong>autem</strong></span> <span class='ocrx_word' id='word_1_541' title='bbox 1309 4287 1520 4341; x_wconf 89' lang='lat' dir='ltr'><strong>semper</strong></span> <span class='ocrx_word' id='word_1_542' title='bbox 1550 4274 1808 4341; x_wconf 68' lang='lat' dir='ltr'><strong>praecedit</strong></span> <span class='ocrx_word' id='word_1_543' title='bbox 1834 4288 1896 4327; x_wconf 84' lang='lat' dir='ltr'><strong>ea</strong></span> <span class='ocrx_word' id='word_1_544' title='bbox 1923 4274 1990 4328; x_wconf 91' lang='lat' dir='ltr'><strong>de</strong></span> 
     </span>
    </p>
   </div>
   <div class='ocr_carea' id='block_1_81' title="bbox 2095 4268 3667 4361">
    <p class='ocr_par' dir='ltr' id='par_1_81' title="bbox 2095 4268 3667 4361">
     <span class='ocr_line' id='line_1_81' title="bbox 2095 4268 3667 4361; baseline 0 -22"><span class='ocrx_word' id='word_1_545' title='bbox 2095 4288 2416 4358; x_wconf 78' lang='grc' dir='ltr'>βουλήσεως,</span> <span class='ocrx_word' id='word_1_546' title='bbox 2444 4290 2475 4359; x_wconf 84' lang='grc' dir='ltr'><strong>ἡ</strong></span> <span class='ocrx_word' id='word_1_547' title='bbox 2506 4289 2563 4342; x_wconf 82' lang='grc' dir='ltr'><strong>δὲ</strong></span> <span class='ocrx_word' id='word_1_548' title='bbox 2594 4268 3162 4361; x_wconf 12' lang='grc' dir='ltr'>βούλησιςήπροτρέχει</span> <span class='ocrx_word' id='word_1_549' title='bbox 3195 4268 3410 4353; x_wconf 85' lang='grc' dir='ltr'>πάντως</span> <span class='ocrx_word' id='word_1_550' title='bbox 3443 4291 3667 4343; x_wconf 76' lang='grc' dir='ltr'>ἐκείνων</span> 
     </span>
    </p>
   </div>
   <div class='ocr_carea' id='block_1_82' title="bbox 415 4358 2068 4433">
    <p class='ocr_par' dir='ltr' id='par_1_82' title="bbox 415 4358 2068 4433">
     <span class='ocr_line' id='line_1_82' title="bbox 415 4358 2068 4433; baseline 0.005 -21"><span class='ocrx_word' id='word_1_551' title='bbox 415 4360 612 4428; x_wconf 81' lang='lat' dir='ltr'><strong>quibus</strong></span> <span class='ocrx_word' id='word_1_552' title='bbox 637 4358 729 4424; x_wconf 83' lang='lat' dir='ltr'><strong>ﬁt,</strong></span> <span class='ocrx_word' id='word_1_553' title='bbox 762 4369 882 4415; x_wconf 88' lang='lat' dir='ltr'><strong>erat</strong></span> <span class='ocrx_word' id='word_1_554' title='bbox 927 4362 1108 4430; x_wconf 90' lang='lat' dir='ltr'><strong>itaque</strong></span> <span class='ocrx_word' id='word_1_555' title='bbox 1159 4374 1367 4433; x_wconf 88' lang='lat' dir='ltr'><strong>tempus</strong></span> <span class='ocrx_word' id='word_1_556' title='bbox 1418 4364 1631 4433; x_wconf 87' lang='lat' dir='ltr'><strong>quando</strong></span> <span class='ocrx_word' id='word_1_557' title='bbox 1688 4365 1828 4419; x_wconf 91' lang='lat' dir='ltr'><strong>Deus</strong></span> <span class='ocrx_word' id='word_1_558' title='bbox 1876 4365 1991 4421; x_wconf 81' lang='lat' dir='ltr'><strong>haec</strong></span> <span class='ocrx_word' id='word_1_559' title='bbox 2024 4361 2068 4414; x_wconf 87' lang='lat' dir='ltr'><strong>D</strong></span> 
     </span>
    </p>
   </div>
   <div class='ocr_carea' id='block_1_83' title="bbox 416 4456 1987 4517">
    <p class='ocr_par' dir='ltr' id='par_1_83' title="bbox 416 4456 1987 4517">
     <span class='ocr_line' id='line_1_83' title="bbox 416 4456 1987 4517; baseline 0.004 -12"><span class='ocrx_word' id='word_1_560' title='bbox 416 4467 522 4506; x_wconf 93' lang='lat' dir='ltr'><strong>non</strong></span> <span class='ocrx_word' id='word_1_561' title='bbox 558 4461 696 4517; x_wconf 87' lang='lat' dir='ltr'><strong>erat,</strong></span> <span class='ocrx_word' id='word_1_562' title='bbox 731 4469 855 4509; x_wconf 91' lang='lat' dir='ltr'><strong>cum</strong></span> <span class='ocrx_word' id='word_1_563' title='bbox 892 4456 1146 4510; x_wconf 88' lang='lat' dir='ltr'><strong>nimirum</strong></span> <span class='ocrx_word' id='word_1_564' title='bbox 1169 4458 1339 4511; x_wconf 89' lang='lat' dir='ltr'><strong>adhuc</strong></span> <span class='ocrx_word' id='word_1_565' title='bbox 1364 4456 1428 4511; x_wconf 90' lang='lat' dir='ltr'><strong>de</strong></span> <span class='ocrx_word' id='word_1_566' title='bbox 1454 4457 1520 4510; x_wconf 84' lang='lat' dir='ltr'><strong>iis</strong></span> <span class='ocrx_word' id='word_1_567' title='bbox 1548 4456 1899 4512; x_wconf 84' lang='lat' dir='ltr'><strong>deliberabat.</strong></span> <span class='ocrx_word' id='word_1_568' title='bbox 1931 4458 1987 4512; x_wconf 89' lang='lat' dir='ltr'><strong>Si</strong></span> 
     </span>
    </p>
   </div>
   <div class='ocr_carea' id='block_1_84' title="bbox 417 4546 1989 4616">
    <p class='ocr_par' dir='ltr' id='par_1_84' title="bbox 417 4546 1989 4616">
     <span class='ocr_line' id='line_1_84' title="bbox 417 4546 1989 4616; baseline 0.005 -20"><span class='ocrx_word' id='word_1_569' title='bbox 417 4559 546 4600; x_wconf 85' lang='lat' dir='ltr'><strong>vero</strong></span> <span class='ocrx_word' id='word_1_570' title='bbox 578 4554 775 4616; x_wconf 57' lang='lat' dir='ltr'><strong>prater</strong></span> <span class='ocrx_word' id='word_1_571' title='bbox 800 4546 1131 4602; x_wconf 84' lang='lat' dir='ltr'><strong>voluntatem</strong></span> <span class='ocrx_word' id='word_1_572' title='bbox 1162 4563 1315 4602; x_wconf 90' lang='lat' dir='ltr'><strong>suam</strong></span> <span class='ocrx_word' id='word_1_573' title='bbox 1346 4547 1521 4603; x_wconf 86' lang='lat' dir='ltr'><strong>bonus</strong></span> <span class='ocrx_word' id='word_1_574' title='bbox 1553 4557 1638 4604; x_wconf 88' lang='lat' dir='ltr'><strong>est</strong></span> <span class='ocrx_word' id='word_1_575' title='bbox 1688 4557 1741 4603; x_wconf 92' lang='lat' dir='ltr'><strong>et</strong></span> <span class='ocrx_word' id='word_1_576' title='bbox 1775 4549 1989 4604; x_wconf 90' lang='lat' dir='ltr'><strong>miseri-</strong></span> 
     </span>
    </p>
   </div>
   <div class='ocr_carea' id='block_1_85' title="bbox 416 4638 1991 4708">
    <p class='ocr_par' dir='ltr' id='par_1_85' title="bbox 416 4638 1991 4708">
     <span class='ocr_line' id='line_1_85' title="bbox 416 4638 1991 4708; baseline 0.004 -19"><span class='ocrx_word' id='word_1_577' title='bbox 416 4651 560 4702; x_wconf 89' lang='lat' dir='ltr'><strong>cors,</strong></span> <span class='ocrx_word' id='word_1_578' title='bbox 589 4652 717 4708; x_wconf 76' lang='lat' dir='ltr'><strong>ergo</strong></span> <span class='ocrx_word' id='word_1_579' title='bbox 744 4638 1071 4694; x_wconf 89' lang='lat' dir='ltr'><strong>necessitate</strong></span> <span class='ocrx_word' id='word_1_580' title='bbox 1103 4639 1334 4708; x_wconf 87' lang='lat' dir='ltr'><strong>quadam</strong></span> <span class='ocrx_word' id='word_1_581' title='bbox 1360 4640 1412 4693; x_wconf 92' lang='lat' dir='ltr'><strong>id</strong></span> <span class='ocrx_word' id='word_1_582' title='bbox 1452 4649 1554 4694; x_wconf 88' lang='lat' dir='ltr'><strong>est.</strong></span> <span class='ocrx_word' id='word_1_583' title='bbox 1592 4638 1723 4708; x_wconf 87' lang='lat' dir='ltr'><strong>Quis</strong></span> <span class='ocrx_word' id='word_1_584' title='bbox 1751 4654 1879 4697; x_wconf 84' lang='lat' dir='ltr'><strong>vero</strong></span> <span class='ocrx_word' id='word_1_585' title='bbox 1904 4651 1991 4696; x_wconf 91' lang='lat' dir='ltr'><strong>est</strong></span> 
     </span>
    </p>
   </div>
   <div class='ocr_carea' id='block_1_86' title="bbox 417 4727 1988 4802">
    <p class='ocr_par' dir='ltr' id='par_1_86' title="bbox 417 4727 1988 4802">
     <span class='ocr_line' id='line_1_86' title="bbox 417 4727 1988 4802; baseline 0.005 -23"><span class='ocrx_word' id='word_1_586' title='bbox 417 4727 508 4795; x_wconf 88' lang='lat' dir='ltr'><strong>qui</strong></span> <span class='ocrx_word' id='word_1_587' title='bbox 561 4730 609 4784; x_wconf 90' lang='lat' dir='ltr'><strong>ei</strong></span> <span class='ocrx_word' id='word_1_588' title='bbox 661 4732 1036 4785; x_wconf 83' lang='lat' dir='ltr'><strong>necessitatem</strong></span> <span class='ocrx_word' id='word_1_589' title='bbox 1094 4738 1187 4783; x_wconf 86' lang='lat' dir='ltr'><strong>aut</strong></span> <span class='ocrx_word' id='word_1_590' title='bbox 1232 4730 1338 4783; x_wconf 89' lang='lat' dir='ltr'><strong>vim</strong></span> <span class='ocrx_word' id='word_1_591' title='bbox 1400 4730 1613 4798; x_wconf 83' lang='lat' dir='ltr'><strong>inierat,</strong></span> <span class='ocrx_word' id='word_1_592' title='bbox 1649 4742 1706 4786; x_wconf 89' lang='lat' dir='ltr'><strong>ut</strong></span> <span class='ocrx_word' id='word_1_593' title='bbox 1732 4748 1825 4789; x_wconf 89' lang='lat' dir='ltr'><strong>vos</strong></span> <span class='ocrx_word' id='word_1_594' title='bbox 1887 4733 1988 4802; x_wconf 87' lang='lat' dir='ltr'><strong>ipsi</strong></span> 
     </span>
    </p>
   </div>
   <div class='ocr_carea' id='block_1_87' title="bbox 418 4817 1986 4891">
    <p class='ocr_par' dir='ltr' id='par_1_87' title="bbox 418 4817 1986 4891">
     <span class='ocr_line' id='line_1_87' title="bbox 418 4817 1986 4891; baseline 0.006 -22"><span class='ocrx_word' id='word_1_595' title='bbox 418 4817 738 4887; x_wconf 83' lang='lat' dir='ltr'><strong>loquimini?</strong></span> <span class='ocrx_word' id='word_1_596' title='bbox 788 4821 1009 4877; x_wconf 89' lang='lat' dir='ltr'><strong>Constat</strong></span> <span class='ocrx_word' id='word_1_597' title='bbox 1064 4821 1227 4891; x_wconf 79' lang='lat' dir='ltr'><strong>igitur</strong></span> <span class='ocrx_word' id='word_1_598' title='bbox 1275 4824 1694 4891; x_wconf 80' lang='lat' dir='ltr'><strong>propositionem</strong></span> <span class='ocrx_word' id='word_1_599' title='bbox 1751 4836 1986 4881; x_wconf 81' lang='lat' dir='ltr'><strong>vestram</strong></span> 
     </span>
    </p>
   </div>
   <div class='ocr_carea' id='block_1_88' title="bbox 418 4912 1779 4984">
    <p class='ocr_par' dir='ltr' id='par_1_88' title="bbox 418 4912 1779 4984">
     <span class='ocr_line' id='line_1_88' title="bbox 418 4912 1779 4984; baseline 0.006 -21"><span class='ocrx_word' id='word_1_600' title='bbox 418 4912 700 4967; x_wconf 65' lang='lat' dir='ltr'><strong>dementia:</strong></span> <span class='ocrx_word' id='word_1_601' title='bbox 730 4914 939 4982; x_wconf 86' lang='lat' dir='ltr'><strong>plenam</strong></span> <span class='ocrx_word' id='word_1_602' title='bbox 968 4928 1109 4981; x_wconf 87' lang='lat' dir='ltr'><strong>esse,</strong></span> <span class='ocrx_word' id='word_1_603' title='bbox 1138 4914 1377 4984; x_wconf 83' lang='lat' dir='ltr'><strong>nihilque</strong></span> <span class='ocrx_word' id='word_1_604' title='bbox 1397 4915 1518 4969; x_wconf 91' lang='lat' dir='ltr'><strong>boni</strong></span> <span class='ocrx_word' id='word_1_605' title='bbox 1558 4915 1779 4971; x_wconf 79' lang='lat' dir='ltr'><strong>inferre.</strong></span> 
     </span>
    </p>
   </div>
   <div class='ocr_carea' id='block_1_89' title="bbox 766 5046 1648 5118">
    <p class='ocr_par' dir='ltr' id='par_1_89' title="bbox 766 5046 1648 5118">
     <span class='ocr_line' id='line_1_89' title="bbox 766 5046 1648 5118; baseline 0.001 -20"><span class='ocrx_word' id='word_1_606' title='bbox 766 5046 994 5114; x_wconf 86' lang='lat' dir='ltr'><strong>ALIUD,</strong></span> <span class='ocrx_word' id='word_1_607' title='bbox 1031 5049 1099 5103; x_wconf 86' lang='lat' dir='ltr'><strong>ad</strong></span> <span class='ocrx_word' id='word_1_608' title='bbox 1122 5065 1195 5104; x_wconf 83' lang='lat' dir='ltr'><strong>ret</strong></span> <span class='ocrx_word' id='word_1_609' title='bbox 1227 5048 1648 5118; x_wconf 74' lang='lat' dir='ltr'><strong>explicationem.</strong></span> 
     </span>
    </p>
   </div>
   <div class='ocr_carea' id='block_1_90' title="bbox 487 5133 1986 5231">
    <p class='ocr_par' dir='ltr' id='par_1_90' title="bbox 487 5133 1986 5231">
     <span class='ocr_line' id='line_1_90' title="bbox 487 5133 1986 5231; baseline 0.003 -20"><span class='ocrx_word' id='word_1_610' title='bbox 487 5157 543 5212; x_wconf 91' lang='lat' dir='ltr'><strong>ln</strong></span> <span class='ocrx_word' id='word_1_611' title='bbox 573 5158 734 5212; x_wconf 86' lang='lat' dir='ltr'><strong>rebus</strong></span> <span class='ocrx_word' id='word_1_612' title='bbox 758 5160 1096 5217; x_wconf 84' lang='lat' dir='ltr'><strong>naturalibus</strong></span> <span class='ocrx_word' id='word_1_613' title='bbox 1149 5177 1252 5216; x_wconf 90' lang='lat' dir='ltr'><strong>non</strong></span> <span class='ocrx_word' id='word_1_614' title='bbox 1317 5161 1571 5231; x_wconf 75' lang='lat' dir='ltr'><strong>prmcedit</strong></span> <span class='ocrx_word' id='word_1_615' title='bbox 1618 5133 1986 5218; x_wconf 67' lang='lat' dir='ltr'><strong>deliberatio:</strong></span> 
     </span>
    </p>
   </div>
   <div class='ocr_carea' id='block_1_91' title="bbox 419 5252 1986 5324">
    <p class='ocr_par' dir='ltr' id='par_1_91' title="bbox 419 5252 1986 5324">
     <span class='ocr_line' id='line_1_91' title="bbox 419 5252 1986 5324; baseline 0.005 -21"><span class='ocrx_word' id='word_1_616' title='bbox 419 5252 822 5311; x_wconf 66' lang='lat' dir='ltr'><strong>versaturenim</strong></span> <span class='ocrx_word' id='word_1_617' title='bbox 857 5261 1065 5307; x_wconf 90' lang='lat' dir='ltr'><strong>tantum</strong></span> <span class='ocrx_word' id='word_1_618' title='bbox 1094 5256 1237 5309; x_wconf 90' lang='lat' dir='ltr'><strong>circa</strong></span> <span class='ocrx_word' id='word_1_619' title='bbox 1265 5269 1325 5308; x_wconf 90' lang='lat' dir='ltr'><strong>ea</strong></span> <span class='ocrx_word' id='word_1_620' title='bbox 1357 5271 1477 5324; x_wconf 74' lang='lat' dir='ltr'><strong>qum</strong></span> <span class='ocrx_word' id='word_1_621' title='bbox 1530 5265 1655 5309; x_wconf 89' lang='lat' dir='ltr'><strong>sunt</strong></span> <span class='ocrx_word' id='word_1_622' title='bbox 1714 5268 1865 5309; x_wconf 72' lang='lat' dir='ltr'><strong>extra</strong></span> <span class='ocrx_word' id='word_1_623' title='bbox 1893 5261 1986 5311; x_wconf 90' lang='lat' dir='ltr'><strong>de-</strong></span> 
     </span>
    </p>
   </div>
   <div class='ocr_carea' id='block_1_92' title="bbox 421 5334 2007 5414">
    <p class='ocr_par' dir='ltr' id='par_1_92' title="bbox 421 5334 2007 5414">
     <span class='ocr_line' id='line_1_92' title="bbox 421 5334 2007 5414; baseline 0.006 -23"><span class='ocrx_word' id='word_1_624' title='bbox 421 5336 702 5393; x_wconf 86' lang='lat' dir='ltr'><strong>liberantis</strong></span> <span class='ocrx_word' id='word_1_625' title='bbox 727 5342 1039 5398; x_wconf 86' lang='lat' dir='ltr'><strong>essentiam.</strong></span> <span class='ocrx_word' id='word_1_626' title='bbox 1074 5344 1320 5414; x_wconf 79' lang='lat' dir='ltr'><strong>Exempli</strong></span> <span class='ocrx_word' id='word_1_627' title='bbox 1354 5346 1527 5413; x_wconf 80' lang='lat' dir='ltr'><strong>gratia</strong></span> <span class='ocrx_word' id='word_1_628' title='bbox 1557 5360 1573 5401; x_wconf 90' lang='lat'><strong>:</strong></span> <span class='ocrx_word' id='word_1_629' title='bbox 1636 5344 1850 5399; x_wconf 85' lang='lat' dir='ltr'><strong>Plantat</strong></span> <span class='ocrx_word' id='word_1_630' title='bbox 1890 5334 2007 5401; x_wconf 46' lang='lat' dir='ltr'><strong>ali?</strong></span> 
     </span>
    </p>
   </div>
   <div class='ocr_carea' id='block_1_93' title="bbox 419 5429 1987 5505">
    <p class='ocr_par' dir='ltr' id='par_1_93' title="bbox 419 5429 1987 5505">
     <span class='ocr_line' id='line_1_93' title="bbox 419 5429 1987 5505; baseline 0.007 -25"><span class='ocrx_word' id='word_1_631' title='bbox 419 5431 544 5498; x_wconf 84' lang='lat' dir='ltr'><strong>quis</strong></span> <span class='ocrx_word' id='word_1_632' title='bbox 568 5429 755 5497; x_wconf 91' lang='lat' dir='ltr'><strong>vitem,</strong></span> <span class='ocrx_word' id='word_1_633' title='bbox 786 5443 878 5485; x_wconf 91' lang='lat' dir='ltr'><strong>aut</strong></span> <span class='ocrx_word' id='word_1_634' title='bbox 917 5435 1093 5489; x_wconf 89' lang='lat' dir='ltr'><strong>navim</strong></span> <span class='ocrx_word' id='word_1_635' title='bbox 1128 5439 1379 5501; x_wconf 80' lang='lat' dir='ltr'><strong>a-diﬁcat,</strong></span> <span class='ocrx_word' id='word_1_636' title='bbox 1409 5436 1558 5505; x_wconf 88' lang='lat' dir='ltr'><strong>prius</strong></span> <span class='ocrx_word' id='word_1_637' title='bbox 1589 5438 1655 5490; x_wconf 88' lang='lat' dir='ltr'><strong>de</strong></span> <span class='ocrx_word' id='word_1_638' title='bbox 1695 5437 1761 5491; x_wconf 89' lang='lat' dir='ltr'><strong>iis</strong></span> <span class='ocrx_word' id='word_1_639' title='bbox 1783 5434 1987 5493; x_wconf 81' lang='lat' dir='ltr'><strong>delibe-</strong></span> 
     </span>
    </p>
   </div>
   <div class='ocr_carea' id='block_1_94' title="bbox 423 5518 2044 5595">
    <p class='ocr_par' dir='ltr' id='par_1_94' title="bbox 423 5518 2044 5595">
     <span class='ocr_line' id='line_1_94' title="bbox 423 5518 2044 5595; baseline 0.003 -21"><span class='ocrx_word' id='word_1_640' title='bbox 423 5536 582 5574; x_wconf 68' lang='lat' dir='ltr'><strong>raus:</strong></span> <span class='ocrx_word' id='word_1_641' title='bbox 620 5520 857 5590; x_wconf 80' lang='lat' dir='ltr'><strong>gignitur</strong></span> <span class='ocrx_word' id='word_1_642' title='bbox 879 5533 1054 5578; x_wconf 85' lang='lat' dir='ltr'><strong>autem</strong></span> <span class='ocrx_word' id='word_1_643' title='bbox 1089 5526 1404 5580; x_wconf 84' lang='lat' dir='ltr'><strong>naturaliter</strong></span> <span class='ocrx_word' id='word_1_644' title='bbox 1435 5539 1499 5577; x_wconf 80' lang='lat' dir='ltr'><strong>ex</strong></span> <span class='ocrx_word' id='word_1_645' title='bbox 1527 5524 1741 5578; x_wconf 86' lang='lat' dir='ltr'><strong>homine</strong></span> <span class='ocrx_word' id='word_1_646' title='bbox 1786 5527 1985 5595; x_wconf 79' lang='lat' dir='ltr'><strong>proles,</strong></span> <span class='ocrx_word' id='word_1_647' title='bbox 2036 5518 2044 5537; x_wconf 21' lang='grc' dir='ltr'><strong>ί</strong></span> 
     </span>
    </p>
   </div>
   <div class='ocr_carea' id='block_1_95' title="bbox 427 5610 1984 5682">
    <p class='ocr_par' dir='ltr' id='par_1_95' title="bbox 427 5610 1984 5682">
     <span class='ocr_line' id='line_1_95' title="bbox 427 5610 1984 5682; baseline 0.003 -17"><span class='ocrx_word' id='word_1_648' title='bbox 427 5610 569 5666; x_wconf 85' lang='lat' dir='ltr'><strong>nulla</strong></span> <span class='ocrx_word' id='word_1_649' title='bbox 610 5613 942 5681; x_wconf 65' lang='lat' dir='ltr'><strong>prwccdcutc</strong></span> <span class='ocrx_word' id='word_1_650' title='bbox 971 5614 1376 5669; x_wconf 82' lang='lat' dir='ltr'><strong>deliberatione.</strong></span> <span class='ocrx_word' id='word_1_651' title='bbox 1411 5614 1467 5667; x_wconf 88' lang='lat' dir='ltr'><strong>Si</strong></span> <span class='ocrx_word' id='word_1_652' title='bbox 1497 5612 1616 5681; x_wconf 87' lang='lat' dir='ltr'><strong>quis</strong></span> <span class='ocrx_word' id='word_1_653' title='bbox 1650 5613 1811 5682; x_wconf 78' lang='lat' dir='ltr'><strong>igitur</strong></span> <span class='ocrx_word' id='word_1_654' title='bbox 1867 5616 1984 5669; x_wconf 80' lang='lat' dir='ltr'><strong>for-</strong></span> 
     </span>
    </p>
   </div>
   <div class='ocr_carea' id='block_1_96' title="bbox 2094 4374 3669 4455">
    <p class='ocr_par' dir='ltr' id='par_1_96' title="bbox 2094 4374 3669 4455">
     <span class='ocr_line' id='line_1_96' title="bbox 2094 4374 3669 4455; baseline 0.001 -21"><span class='ocrx_word' id='word_1_655' title='bbox 2094 4381 2221 4452; x_wconf 70' lang='grc' dir='ltr'>περὶ</span> <span class='ocrx_word' id='word_1_656' title='bbox 2254 4374 2327 4433; x_wconf 83' lang='grc' dir='ltr'><strong>ὧν</strong></span> <span class='ocrx_word' id='word_1_657' title='bbox 2353 4381 2695 4450; x_wconf 72' lang='grc' dir='ltr'>καὶγίνεται,</span> <span class='ocrx_word' id='word_1_658' title='bbox 2717 4379 2785 4453; x_wconf 74' lang='grc' dir='ltr'>ἦν</span> <span class='ocrx_word' id='word_1_659' title='bbox 2807 4383 2917 4455; x_wconf 82' lang='grc' dir='ltr'>ἄρα</span> <span class='ocrx_word' id='word_1_660' title='bbox 2947 4386 3139 4454; x_wconf 83' lang='grc' dir='ltr'>χρόνος</span> <span class='ocrx_word' id='word_1_661' title='bbox 3166 4386 3254 4438; x_wconf 82' lang='grc' dir='ltr'>ὅτε</span> <span class='ocrx_word' id='word_1_662' title='bbox 3277 4385 3375 4437; x_wconf 67' lang='grc' dir='ltr'><strong>οὐκ</strong></span> <span class='ocrx_word' id='word_1_663' title='bbox 3397 4380 3466 4455; x_wconf 80' lang='grc' dir='ltr'>ἦν</span> <span class='ocrx_word' id='word_1_664' title='bbox 3495 4384 3669 4437; x_wconf 80' lang='grc' dir='ltr'>ταῦτα</span> 
     </span>
    </p>
   </div>
   <div class='ocr_carea' id='block_1_97' title="bbox 2092 4472 3668 4547">
    <p class='ocr_par' dir='ltr' id='par_1_97' title="bbox 2092 4472 3668 4547">
     <span class='ocr_line' id='line_1_97' title="bbox 2092 4472 3668 4547; baseline 0.001 -23"><span class='ocrx_word' id='word_1_665' title='bbox 2092 4472 2243 4536; x_wconf 82' lang='grc' dir='ltr'>Θεὸς,</span> <span class='ocrx_word' id='word_1_666' title='bbox 2261 4472 2339 4526; x_wconf 77' lang='grc' dir='ltr'>ἔτι</span> <span class='ocrx_word' id='word_1_667' title='bbox 2350 4473 2447 4544; x_wconf 81' lang='grc' dir='ltr'>τὴν</span> <span class='ocrx_word' id='word_1_668' title='bbox 2461 4474 2588 4545; x_wconf 80' lang='grc' dir='ltr'>περὶ</span> <span class='ocrx_word' id='word_1_669' title='bbox 2603 4473 2781 4527; x_wconf 74' lang='grc' dir='ltr'>αὐτῶν</span> <span class='ocrx_word' id='word_1_670' title='bbox 2799 4474 2990 4545; x_wconf 75' lang='grc' dir='ltr'>σκέψιν</span> <span class='ocrx_word' id='word_1_671' title='bbox 3007 4475 3159 4529; x_wconf 77' lang='grc' dir='ltr'>ποιού</span> <span class='ocrx_word' id='word_1_672' title='bbox 3170 4494 3347 4547; x_wconf 89' lang='grc' dir='ltr'>μενος.</span> <span class='ocrx_word' id='word_1_673' title='bbox 3366 4477 3425 4527; x_wconf 78' lang='grc' dir='ltr'><strong>ΕΞ</strong></span> <span class='ocrx_word' id='word_1_674' title='bbox 3438 4477 3493 4529; x_wconf 82' lang='grc' dir='ltr'>δὲ</span> <span class='ocrx_word' id='word_1_675' title='bbox 3507 4474 3668 4528; x_wconf 80' lang='grc' dir='ltr'>ἀϐου-</span> 
     </span>
    </p>
   </div>
   <div class='ocr_carea' id='block_1_98' title="bbox 2092 4562 3669 4635">
    <p class='ocr_par' dir='ltr' id='par_1_98' title="bbox 2092 4562 3669 4635">
     <span class='ocr_line' id='line_1_98' title="bbox 2092 4562 3669 4635; baseline 0.001 -22"><span class='ocrx_word' id='word_1_676' title='bbox 2092 4562 2267 4632; x_wconf 80' lang='grc' dir='ltr'>λήτως</span> <span class='ocrx_word' id='word_1_677' title='bbox 2301 4562 2503 4630; x_wconf 76' lang='grc' dir='ltr'>ἀγαθός</span> <span class='ocrx_word' id='word_1_678' title='bbox 2540 4565 2658 4616; x_wconf 80' lang='grc' dir='ltr'>ἐστι</span> <span class='ocrx_word' id='word_1_679' title='bbox 2689 4565 2782 4617; x_wconf 76' lang='grc' dir='ltr'><strong>καὶ</strong></span> <span class='ocrx_word' id='word_1_680' title='bbox 2833 4564 3079 4634; x_wconf 78' lang='grc' dir='ltr'>ἐλεήμων</span> <span class='ocrx_word' id='word_1_681' title='bbox 3111 4564 3263 4635; x_wconf 81' lang='grc' dir='ltr'>παρὰ</span> <span class='ocrx_word' id='word_1_682' title='bbox 3292 4564 3536 4633; x_wconf 82' lang='grc' dir='ltr'>γνώμην,</span> <span class='ocrx_word' id='word_1_683' title='bbox 3559 4563 3669 4632; x_wconf 76' lang='grc' dir='ltr'>ἄρα</span> 
     </span>
    </p>
   </div>
   <div class='ocr_carea' id='block_1_99' title="bbox 2090 4653 3668 4725">
    <p class='ocr_par' dir='ltr' id='par_1_99' title="bbox 2090 4653 3668 4725">
     <span class='ocr_line' id='line_1_99' title="bbox 2090 4653 3668 4725; baseline -0.001 -20"><span class='ocrx_word' id='word_1_684' title='bbox 2090 4653 2248 4707; x_wconf 77' lang='grc' dir='ltr'>τοῦτό</span> <span class='ocrx_word' id='word_1_685' title='bbox 2284 4657 2398 4707; x_wconf 80' lang='grc' dir='ltr'>ἐστι</span> <span class='ocrx_word' id='word_1_686' title='bbox 2462 4656 2555 4707; x_wconf 73' lang='grc' dir='ltr'>καὶ</span> <span class='ocrx_word' id='word_1_687' title='bbox 2588 4654 2647 4719; x_wconf 75' lang='grc' dir='ltr'>ἐξ</span> <span class='ocrx_word' id='word_1_688' title='bbox 2697 4656 2964 4725; x_wconf 78' lang='grc' dir='ltr'>ἀνάγκης.</span> <span class='ocrx_word' id='word_1_689' title='bbox 3025 4657 3135 4709; x_wconf 74' lang='grc' dir='ltr'><strong>Καὶ</strong></span> <span class='ocrx_word' id='word_1_690' title='bbox 3168 4656 3251 4718; x_wconf 87' lang='grc' dir='ltr'><strong>τίς</strong></span> <span class='ocrx_word' id='word_1_691' title='bbox 3295 4657 3441 4707; x_wconf 80' lang='grc' dir='ltr'>ἐστιν</span> <span class='ocrx_word' id='word_1_692' title='bbox 3492 4655 3520 4705; x_wconf 91' lang='lat'><strong>6</strong></span> <span class='ocrx_word' id='word_1_693' title='bbox 3570 4654 3668 4722; x_wconf 77' lang='grc' dir='ltr'>τὴν</span> 
     </span>
    </p>
   </div>
   <div class='ocr_carea' id='block_1_100' title="bbox 2091 4743 3668 4816">
    <p class='ocr_par' dir='ltr' id='par_1_100' title="bbox 2091 4743 3668 4816">
     <span class='ocr_line' id='line_1_100' title="bbox 2091 4743 3668 4816; baseline -0.003 -18"><span class='ocrx_word' id='word_1_694' title='bbox 2091 4746 2337 4815; x_wconf 84' lang='grc' dir='ltr'>ἀνάγκην</span> <span class='ocrx_word' id='word_1_695' title='bbox 2374 4745 2577 4808; x_wconf 75' lang='grc' dir='ltr'>ὲπιοεὶς</span> <span class='ocrx_word' id='word_1_696' title='bbox 2606 4746 2774 4816; x_wconf 79' lang='grc' dir='ltr'>αὐτῷ,</span> <span class='ocrx_word' id='word_1_697' title='bbox 2834 4745 2956 4798; x_wconf 84' lang='grc' dir='ltr'>καθ’</span> <span class='ocrx_word' id='word_1_698' title='bbox 2978 4745 3159 4816; x_wconf 82' lang='grc' dir='ltr'>ὑμῶν;</span> <span class='ocrx_word' id='word_1_699' title='bbox 3190 4746 3465 4799; x_wconf 79' lang='grc' dir='ltr'>Δέδεικται</span> <span class='ocrx_word' id='word_1_700' title='bbox 3489 4743 3668 4796; x_wconf 80' lang='grc' dir='ltr'>τοίνυν</span> 
     </span>
    </p>
   </div>
   <div class='ocr_carea' id='block_1_101' title="bbox 2095 4834 3668 4908">
    <p class='ocr_par' dir='ltr' id='par_1_101' title="bbox 2095 4834 3668 4908">
     <span class='ocr_line' id='line_1_101' title="bbox 2095 4834 3668 4908; baseline -0.003 -17"><span class='ocrx_word' id='word_1_701' title='bbox 2095 4838 2302 4908; x_wconf 88' lang='grc' dir='ltr'>μωρίας</span> <span class='ocrx_word' id='word_1_702' title='bbox 2324 4839 2625 4906; x_wconf 78' lang='grc' dir='ltr'>ἀνάμεστος</span> <span class='ocrx_word' id='word_1_703' title='bbox 2656 4841 2688 4907; x_wconf 80' lang='grc' dir='ltr'>ἡ</span> <span class='ocrx_word' id='word_1_704' title='bbox 2717 4839 2845 4907; x_wconf 76' lang='grc' dir='ltr'>παρ’</span> <span class='ocrx_word' id='word_1_705' title='bbox 2866 4838 3009 4907; x_wconf 78' lang='grc' dir='ltr'>ὑμᾶς</span> <span class='ocrx_word' id='word_1_706' title='bbox 3040 4838 3320 4907; x_wconf 81' lang='grc' dir='ltr'>πρότασις,</span> <span class='ocrx_word' id='word_1_707' title='bbox 3346 4838 3439 4891; x_wconf 78' lang='grc' dir='ltr'>καὶ</span> <span class='ocrx_word' id='word_1_708' title='bbox 3466 4834 3668 4904; x_wconf 79' lang='grc' dir='ltr'>ἀγαθὸν</span> 
     </span>
    </p>
   </div>
   <div class='ocr_carea' id='block_1_102' title="bbox 2091 4929 2833 5000">
    <p class='ocr_par' dir='ltr' id='par_1_102' title="bbox 2091 4929 2833 5000">
     <span class='ocr_line' id='line_1_102' title="bbox 2091 4929 2833 5000; baseline 0 -20"><span class='ocrx_word' id='word_1_709' title='bbox 2091 4929 2240 4981; x_wconf 70' lang='grc' dir='ltr'>οὐδὲν</span> <span class='ocrx_word' id='word_1_710' title='bbox 2271 4929 2599 4998; x_wconf 60' lang='grc' dir='ltr'>εἰσφέρουσα</span> <span class='ocrx_word' id='word_1_711' title='bbox 2636 4930 2833 5000; x_wconf 86' lang='grc' dir='ltr'>νόημα.</span> 
     </span>
    </p>
   </div>
   <div class='ocr_carea' id='block_1_103' title="bbox 2527 5057 3221 5127">
    <p class='ocr_par' dir='ltr' id='par_1_103' title="bbox 2527 5057 3221 5127">
     <span class='ocr_line' id='line_1_103' title="bbox 2527 5057 3221 5127; baseline 0.003 -18"><span class='ocrx_word' id='word_1_712' title='bbox 2527 5057 2731 5119; x_wconf 83' lang='grc' dir='ltr'><strong>ΛΔΛΟ,</strong></span> <span class='ocrx_word' id='word_1_713' title='bbox 2763 5057 3221 5127; x_wconf 73' lang='grc' dir='ltr'>διηγηματικῶς.</span> 
     </span>
    </p>
   </div>
   <div class='ocr_carea' id='block_1_104' title="bbox 2173 5169 3667 5242">
    <p class='ocr_par' dir='ltr' id='par_1_104' title="bbox 2173 5169 3667 5242">
     <span class='ocr_line' id='line_1_104' title="bbox 2173 5169 3667 5242; baseline 0.001 -19"><span class='ocrx_word' id='word_1_714' title='bbox 2173 5171 2297 5224; x_wconf 79' lang='grc' dir='ltr'><strong>Ἐπὶ</strong></span> <span class='ocrx_word' id='word_1_715' title='bbox 2349 5171 2456 5223; x_wconf 82' lang='grc' dir='ltr'><strong>τῶν</strong></span> <span class='ocrx_word' id='word_1_716' title='bbox 2504 5172 2644 5225; x_wconf 79' lang='grc' dir='ltr'>κατᾶ</span> <span class='ocrx_word' id='word_1_717' title='bbox 2708 5171 2869 5241; x_wconf 74' lang='grc' dir='ltr'>φύσιν</span> <span class='ocrx_word' id='word_1_718' title='bbox 2908 5172 2970 5224; x_wconf 73' lang='grc' dir='ltr'>οὐ</span> <span class='ocrx_word' id='word_1_719' title='bbox 3029 5172 3349 5242; x_wconf 81' lang='grc' dir='ltr'>προηγεῖται</span> <span class='ocrx_word' id='word_1_720' title='bbox 3390 5169 3667 5241; x_wconf 73' lang='grc' dir='ltr'>βούλησις,</span> 
     </span>
    </p>
   </div>
   <div class='ocr_carea' id='block_1_105' title="bbox 2093 5262 3669 5334">
    <p class='ocr_par' dir='ltr' id='par_1_105' title="bbox 2093 5262 3669 5334">
     <span class='ocr_line' id='line_1_105' title="bbox 2093 5262 3669 5334; baseline 0 -19"><span class='ocrx_word' id='word_1_721' title='bbox 2093 5265 2261 5334; x_wconf 85' lang='grc' dir='ltr'>χωρεῖ</span> <span class='ocrx_word' id='word_1_722' title='bbox 2296 5263 2351 5316; x_wconf 82' lang='grc' dir='ltr'>δὲ</span> <span class='ocrx_word' id='word_1_723' title='bbox 2389 5264 2546 5334; x_wconf 87' lang='grc' dir='ltr'>μόνον</span> <span class='ocrx_word' id='word_1_724' title='bbox 2593 5265 2686 5317; x_wconf 73' lang='grc' dir='ltr'><strong>ἐπὶ</strong></span> <span class='ocrx_word' id='word_1_725' title='bbox 2739 5264 2849 5317; x_wconf 82' lang='grc' dir='ltr'>τῶν</span> <span class='ocrx_word' id='word_1_726' title='bbox 2915 5263 3114 5329; x_wconf 71' lang='grc' dir='ltr'>ἔξωθεν</span> <span class='ocrx_word' id='word_1_727' title='bbox 3145 5264 3246 5333; x_wconf 83' lang='grc' dir='ltr'>τῆς</span> <span class='ocrx_word' id='word_1_728' title='bbox 3278 5262 3465 5326; x_wconf 82' lang='grc' dir='ltr'>οὐσίας</span> <span class='ocrx_word' id='word_1_729' title='bbox 3498 5263 3669 5317; x_wconf 75' lang='grc' dir='ltr'>ὄντων</span> 
     </span>
    </p>
   </div>
   <div class='ocr_carea' id='block_1_106' title="bbox 2090 5349 3665 5426">
    <p class='ocr_par' dir='ltr' id='par_1_106' title="bbox 2090 5349 3665 5426">
     <span class='ocr_line' id='line_1_106' title="bbox 2090 5349 3665 5426; baseline 0.002 -21"><span class='ocrx_word' id='word_1_730' title='bbox 2090 5353 2184 5406; x_wconf 77' lang='grc' dir='ltr'>τοῦ</span> <span class='ocrx_word' id='word_1_731' title='bbox 2234 5354 2642 5424; x_wconf 80' lang='grc' dir='ltr'>βουλευομένου.</span> <span class='ocrx_word' id='word_1_732' title='bbox 2666 5349 2790 5408; x_wconf 73' lang='grc' dir='ltr'>Οῒον</span> <span class='ocrx_word' id='word_1_733' title='bbox 2833 5356 2964 5426; x_wconf 80' lang='grc' dir='ltr'>φέρε</span> <span class='ocrx_word' id='word_1_734' title='bbox 2992 5358 3186 5409; x_wconf 73' lang='grc' dir='ltr'>εἰπεῖν’</span> <span class='ocrx_word' id='word_1_735' title='bbox 3227 5355 3549 5425; x_wconf 79' lang='grc' dir='ltr'><strong>Ἀμπὲλῶνά</strong></span> <span class='ocrx_word' id='word_1_736' title='bbox 3582 5373 3665 5419; x_wconf 83' lang='grc' dir='ltr'><strong>τις</strong></span> 
     </span>
    </p>
   </div>
   <div class='ocr_carea' id='block_1_107' title="bbox 2093 5444 3663 5516">
    <p class='ocr_par' dir='ltr' id='par_1_107' title="bbox 2093 5444 3663 5516">
     <span class='ocr_line' id='line_1_107' title="bbox 2093 5444 3663 5516; baseline 0.001 -20"><span class='ocrx_word' id='word_1_737' title='bbox 2093 5444 2389 5515; x_wconf 81' lang='grc' dir='ltr'>φυτεύει,ἢ</span> <span class='ocrx_word' id='word_1_738' title='bbox 2432 5448 2789 5516; x_wconf 81' lang='grc' dir='ltr'>ναυπηγεῖται</span> <span class='ocrx_word' id='word_1_739' title='bbox 2819 5448 3047 5514; x_wconf 75' lang='grc' dir='ltr'>σκάφος,</span> <span class='ocrx_word' id='word_1_740' title='bbox 3071 5445 3499 5516; x_wconf 82' lang='grc' dir='ltr'>βουλευσάμενος</span> <span class='ocrx_word' id='word_1_741' title='bbox 3527 5446 3663 5515; x_wconf 80' lang='grc' dir='ltr'>πρό-</span> 
     </span>
    </p>
   </div>
   <div class='ocr_carea' id='block_1_108' title="bbox 2090 5534 3662 5606">
    <p class='ocr_par' dir='ltr' id='par_1_108' title="bbox 2090 5534 3662 5606">
     <span class='ocr_line' id='line_1_108' title="bbox 2090 5534 3662 5606; baseline 0 -20"><span class='ocrx_word' id='word_1_742' title='bbox 2090 5552 2248 5606; x_wconf 76' lang='grc' dir='ltr'>τερον</span> <span class='ocrx_word' id='word_1_743' title='bbox 2281 5537 2406 5606; x_wconf 73' lang='grc' dir='ltr'>περὶ</span> <span class='ocrx_word' id='word_1_744' title='bbox 2432 5535 2632 5588; x_wconf 79' lang='grc' dir='ltr'>αὐτῶν·</span> <span class='ocrx_word' id='word_1_745' title='bbox 2692 5536 2935 5590; x_wconf 79' lang='grc' dir='ltr'>τίκτεται</span> <span class='ocrx_word' id='word_1_746' title='bbox 2995 5536 3050 5588; x_wconf 84' lang='grc' dir='ltr'>δὲ</span> <span class='ocrx_word' id='word_1_747' title='bbox 3117 5536 3258 5588; x_wconf 74' lang='grc' dir='ltr'>κατὰ</span> <span class='ocrx_word' id='word_1_748' title='bbox 3318 5536 3481 5603; x_wconf 76' lang='grc' dir='ltr'>φύσιν</span> <span class='ocrx_word' id='word_1_749' title='bbox 3511 5534 3572 5587; x_wconf 82' lang='grc' dir='ltr'>τὸ</span> <span class='ocrx_word' id='word_1_750' title='bbox 3606 5534 3662 5599; x_wconf 72' lang='grc' dir='ltr'>ἐξ</span> 
     </span>
    </p>
   </div>
   <div class='ocr_carea' id='block_1_109' title="bbox 2093 5623 3658 5696">
    <p class='ocr_par' dir='ltr' id='par_1_109' title="bbox 2093 5623 3658 5696">
     <span class='ocr_line' id='line_1_109' title="bbox 2093 5623 3658 5696; baseline -0.001 -20"><span class='ocrx_word' id='word_1_751' title='bbox 2093 5623 2384 5693; x_wconf 76' lang='grc' dir='ltr'>ἀνθρώπου</span> <span class='ocrx_word' id='word_1_752' title='bbox 2420 5624 2649 5690; x_wconf 75' lang='grc' dir='ltr'>παιδίον,</span> <span class='ocrx_word' id='word_1_753' title='bbox 2669 5625 2923 5696; x_wconf 73' lang='grc' dir='ltr'>οὐδεμιᾶς</span> <span class='ocrx_word' id='word_1_754' title='bbox 2946 5624 3302 5694; x_wconf 67' lang='grc' dir='ltr'>ἡγηταμένης</span> <span class='ocrx_word' id='word_1_755' title='bbox 3333 5623 3658 5692; x_wconf 82' lang='grc' dir='ltr'>βουλήσεως.</span> 
     </span>
    </p>
   </div>
  </div>
