4032 6212
223 314 282 370 89
1619 325 2064 384 TIIESAURUS.
3403 330 3475 387 90

221 434 279 487 ει
304 449 387 497 τις
416 426 513 487 οὗν
534 433 681 502 λέγοι
709 433 874 507 τυχὸν
899 437 992 491 ἐπί
1020 455 1164 503 τινος
1218 437 1325 492 τῶν
1376 440 1681 514 ἀνθρώπων
1710 445 1789 497 ὅτι

1900 452 2045 499 tasse
2112 444 2254 500 dicat
2332 447 2398 502 de
2460 446 2640 516 aliquo
2706 446 2985 503 hominum
3047 446 3188 515 quod
3276 458 3473 514 praeter

221 524 360 595 παρὰ
420 524 679 597 βούλησιν
731 526 891 599 ἔσχεν
938 530 1093 595 υἱὸν,
1140 531 1215 602 μὴ
1259 533 1420 598 εὐθὺς
1472 536 1566 588 ἐπὶ
1625 536 1687 589 τὸ
1733 536 1790 600 ἐξ

223 616 459 685 ἀνάγκης
494 615 760 686 τρεχέτω·
796 619 857 670 οὑ
887 618 995 690 γὰρ
1035 620 1100 675 ἐκ
1132 640 1277 686 τινος
1315 625 1561 696 ἀνάγκης
1591 625 1749 696 ἔσχεν
1773 643 1786 656 ο

219 706 319 758 ἀλλ’
350 706 536 776 ὁράτω
564 708 768 776 μᾶλλον
795 710 877 763 δτι
907 712 1014 765 τῶν
1040 714 1104 766 ἐκ
1132 713 1345 782 φύσεως
1367 717 1427 769 οὑ
1461 720 1788 789 προηγεῖται

220 796 481 867 βούλησις.
528 799 707 852 Ἐκὼν
728 803 837 872 γάρ
864 820 949 867 τις
1002 807 1184 877 γεννᾷ,
1228 806 1483 877 οὐδεμιᾶς
1511 809 1639 880 περὶ
1660 811 1793 871 ¹τοὺ-

216 905 294 940 του
322 891 750 963 προηγουμένης
782 892 1111 963 βουλήσεως.
1152 898 1405 968 Θελητῶς
1444 894 1536 952 οὖν
1562 900 1671 971 ἄρα
1698 901 1793 956 καὶ

217 979 521 1050 ἀϐουλήτως
543 982 779 1056 ὑπάρχει
802 987 897 1040 καὶ
920 989 947 1040 6
972 988 1144 1056 Λόγος
1182 991 1241 1043 ὲν
1276 989 1353 1060 τῷ
1375 991 1570 1063 Πατρὶ,
1604 992 1793 1064 ὥσπερ

217 1074 346 1126 ἐστὶν
371 1075 431 1127 ὲν
466 1075 745 1147 ἀνθρώπῳ
771 1079 833 1131 τὸ
855 1079 913 1146 ἐξ
945 1080 1141 1135 ἑαυτοῦ
1177 1082 1411 1136 παιδίον.

900 1286 1104 1340 AAAO.

278 1394 336 1448 Ei
365 1395 515 1448 κατᾶ
554 1393 713 1465 φύσιν
746 1397 950 1464 ἀγαθός
998 1401 1147 1452 ἐστιν
1176 1400 1204 1452 6
1234 1400 1366 1464 Θεὸς
1412 1403 1506 1456 καὶ
1562 1404 1752 1475 Πατὴρ
1776 1442 1793 1467 ,

216 1487 304 1541 οὐκ
326 1489 388 1540 ὲκ
413 1487 753 1557 βουλήσεως,
792 1490 880 1543 ἵνα
915 1490 990 1561 μὴ
1036 1492 1297 1563 φαίνηται
1336 1494 1546 1564 χρόνος,
1576 1497 1665 1549 ὅτε
1695 1498 1796 1550 οὑκ

217 1574 275 1649 ἦν
294 1578 469 1644 τοῦτο,
518 1579 644 1634 καθ’
697 1580 757 1633 δν
786 1575 854 1653 ἦν
887 1582 1163 1654 βούλησις,
1211 1584 1271 1637 οὑ
1332 1585 1588 1657 βουλήσει
1630 1589 1795 1657 γεννᾷ

216 1671 293 1723 τὸν
328 1671 495 1737 Υἰὸν,
542 1671 680 1726 ἀλλὰ
728 1671 909 1741 φύσει.
948 1674 1158 1745 Πρέπει
1219 1675 1327 1748 γὰρ
1381 1677 1583 1749 μᾶλλον
1636 1678 1796 1732 τοῦτο

217 1761 366 1833 αὑτῷ.

903 1878 1109 1934 AAAO.

285 1991 623 2064 Ἐρωτητέον
660 1993 788 2057 τοὺς
834 1992 1257 2066 χριστομάχους,
1288 1995 1337 2048 εἱ
1389 1994 1553 2057 αὑτὸς
1600 1995 1629 2047 6
1684 1991 1782 2046 τοῦ

219 2083 371 2151 Λόγου
404 2085 607 2155 Πατὴρ
636 2086 700 2138 ἐκ
728 2084 1038 2155 βουλήσεως
1065 2085 1321 2161 ὑπάρχει,
1350 2084 1384 2156 ἦ
1414 2085 1565 2156 παρὰ
1598 2084 1791 2154 βούλη-

218 2192 291 2226 σιν
316 2175 533 2231 ἑαυτοῦ.
588 2177 651 2229 Ei
684 2177 785 2247 μὲν
811 2173 903 2230 οὖν
935 2181 998 2231 ὲκ
1048 2177 1375 2248 βουλήσεως,
1425 2177 1788 2249 προηγεῖσθαι

217 2267 263 2318 δὲ
285 2268 495 2336 ἀνάγκη
532 2269 631 2339 τῆς
686 2269 976 2339 ὑπάρξεως
1019 2269 1119 2340 τὴν
1174 2270 1451 2340 βούλησιν,
1507 2269 1698 2322 σιωπῶ
1725 2270 1789 2323 τὸ

219 2356 504 2428 δύσφημονο
528 2360 574 2411 εἰ
598 2358 653 2410 δὲ
679 2360 832 2430 παρὰ
856 2359 1130 2431 βούλησιν,
1151 2360 1208 2427 ἐξ
1234 2360 1480 2431 ἀνάγκης
1500 2360 1607 2431 ἄρα
1630 2359 1789 2413 τοῦτό

219 2451 359 2516 ἐστιν,
397 2451 543 2522 ὅπερ
582 2451 839 2523 ὑπάρχει.
873 2451 983 2505 Καὶ
1012 2452 1094 2515 τίς
1119 2454 1147 2505 6
1185 2452 1283 2522 τὴν
1305 2452 1553 2521 ἀνάγκην
1580 2453 1789 2515 ἐπιθεὶς

221 2542 382 2611 sint};
420 2545 491 2597 EE
515 2546 571 2598 δὲ
611 2546 847 2616 ὑπάρχει
882 2544 981 2615 μὲν
1019 2547 1046 2599 6
1092 2545 1301 2615 Πατὴρ,
1348 2545 1448 2597 οὑκ
1497 2546 1560 2597 ὲκ
1591 2544 1787 2616 βουλή-

222 2651 340 2699 σεως
363 2638 441 2699 δὲ,
467 2636 591 2690 οὔτε
624 2638 731 2707 μὴν
764 2638 915 2708 παρὰ
944 2637 1220 2708 βούλησιν,
1253 2639 1281 2691 6
1324 2637 1488 2699 αὑτὸς
1515 2637 1788 2706 κρατείτω

219 2726 351 2796 λόγος
382 2731 843 2800 ἀπεριεργάστως
873 2731 966 2784 καὶ
1026 2731 1112 2801 ἐφ’
1138 2729 1291 2783 Υἰοῦ.
1347 2729 1653 2794 Ἐξετάζειν
1679 2730 1788 2801 γὰρ

218 2824 276 2876 τά
307 2823 529 2876 τοιαῦτα
559 2823 947 2893 ῥιψοκινδύνως
966 2823 1065 2877 οὑκ
1088 2820 1404 2876 ἀκόλουθον.
1430 2820 1550 2891 Χρὴ
1575 2820 1629 2873 δὲ
1661 2821 1790 2891 μᾶλ-

218 2915 296 2968 λον
310 2916 605 2979 ἀκούοντας
639 2916 771 2989 περὶ
801 2915 938 2968 Θεοῦ
986 2915 1206 2978 εἰδέναι,
1234 2916 1318 2967 ὅτι
1364 2915 1527 2977 αὑτός
1555 2915 1705 2966 ἐστιν
1754 2917 1788 2968 ὀ

214 3006 434 3074 timeba
490 3010 665 3080 ἀρχήν
696 3026 834 3072 τινα,
862 3008 954 3061 τοῦ
1014 3005 1154 3062 εἶναι
1203 3007 1407 3074 λαϐὼν,
1459 3006 1572 3060 ἀλλ’
1622 3007 1787 3071 αὑτὸς

218 3115 241 3133 ο
272 3100 322 3162 ’ς
348 3100 523 3163 ἄλλοις
550 3101 692 3172 ἀρχὴ
722 3100 816 3153 τοῦ
853 3094 990 3154 εἶναι
1022 3101 1327 3171 γενόμενοςι

668 3304 868 3367 AAAO,
898 3302 1356 3373 διηγηματικῶς.

292 3415 531 3468 Ἀτοπον
561 3417 757 3487 σφόδρα
788 3420 876 3471 καὶ
909 3419 1248 3471 ἐπικίνδυνον
1298 3421 1381 3488 ἐφ’
1424 3419 1555 3472 Υἱοὺ
1608 3421 1789 3485 λέγειν

214 3507 290 3569 τὸ,
324 3508 582 3579 Βουλήσει
609 3508 712 3580 ἄρα
741 3510 768 3579 ἤ
805 3511 950 3580 παρὰ
977 3510 1233 3580 βούλησιν
1272 3508 1560 3582 ἐγεννῆθη.
1582 3513 1640 3564 Ὀ
1680 3514 1787 3584 γὰρ

217 3598 306 3649 οὑκ
325 3600 390 3651 ἐκ
418 3598 721 3670 βουλήσεως
758 3601 1019 3671 ὑπάρχων
1052 3601 1205 3663 Θεὸς,
1238 3602 1339 3653 οὑκ
1370 3603 1432 3653 ἐκ
1482 3602 1788 3671 βουλήσεως

220 3686 445 3755 ἔχειτὸν
502 3688 567 3740 ὲκ
607 3690 703 3759 τῆς
754 3690 942 3753 οὐσίας
1003 3689 1167 3743 αὑτοῦ
1228 3676 1565 3761 προελθόντα
1597 3690 1786 3757 Λόγον,

221 3778 340 3831 ἀλλὰ
379 3780 644 3848 φυσικῶς.
687 3781 786 3850 Ετη
826 3782 930 3852 γὰρ
959 3782 1054 3835 καὶ
1084 3780 1255 3845 οὕτως
1287 3782 1451 3836 εἰκὼν
1475 3780 1641 3835 αὑτοῦ
1694 3780 1789 3834 καὶ

222 3872 490 3944 χαρακτὴρ
519 3872 580 3926 οὑ
609 3874 1017 3944 διεψευσμένος.

893 3988 979 4039 AA
991 3988 1098 4041 ΛΟ.

281 4093 337 4145 ΕΞ
364 4094 619 4165 βούλησις
652 4097 746 4150 καὶ
768 4097 956 4167 σκέψις
992 4102 1316 4169 προηγεῖται
1354 4101 1456 4171 τῆς
1497 4100 1788 4173 ὑπάρξεως

223 4184 299 4236 τοῦ
327 4186 479 4252 Υἱοῦ,
514 4188 618 4242 ὁδὲ
648 4189 779 4253 Υἱὸς
809 4192 968 4259 σοφία
1025 4192 1116 4243 καὶ
1164 4192 1336 4259 Λόγος
1382 4193 1498 4245 ἐστὶ
1536 4192 1631 4245 τοῦ
1678 4194 1789 4244 Πα-

224 4280 350 4348 τρὸς,
377 4281 500 4345 πῶς
531 4280 780 4334 ἐϐούλετο
800 4284 827 4334 6
852 4283 980 4347 Θεὸς
1004 4284 1195 4353 ἄλογός
1224 4302 1283 4337 τε
1310 4287 1401 4338 καὶ
1456 4286 1659 4355 ἄσοφος
1687 4287 1785 4351 ὢν,

225 4372 326 4424 καθ’
352 4375 535 4444 ὑμᾶς;
567 4374 735 4428 Οὑπω
765 4375 875 4446 γάρ
905 4372 972 4446 ἦν
992 4379 1019 4429 6
1052 4377 1196 4441 Υἱὸς,
1233 4379 1314 4431 ἔτι
1339 4382 1438 4450 τῆς
1463 4381 1594 4450 περὶ
1616 4380 1784 4434 αὑτοῦ

224 4466 529 4535 γινομένης“
554 4466 817 4535 σκέψεως.
876 4467 999 4532 Πῶς
1036 4469 1091 4521 δὲ
1124 4471 1223 4522 οὑκ
1277 4470 1476 4524 ἄτοπον
1509 4472 1781 4542 εἰσφέρειν

1897 539 2226 594 voluntatem
2289 538 2456 594 ﬁlium
2524 543 2733 606 habuit,
2800 556 2867 595 ne
2924 540 3108 594 statim
3160 538 3224 592 ad
3281 553 3469 593 neces-

1894 630 2110 685 sitatem
2176 631 2456 701 confugiat
2504 650 2516 685 :
2589 648 2764 701 neque
2820 634 2964 687 enim
3019 631 3331 686 necessario
3386 633 3479 684 lia-

1894 721 2043 788 buit,
2078 718 2187 776 sed
2251 724 2432 792 potius
2483 724 2782 794 intelligat,
2836 726 2889 778 in
2963 722 3299 777 naturalibus
3369 737 3474 775 non

1894 814 2196 884 praecedere
2230 814 2691 869 deliberationem.
2752 815 2955 883 Sponte
3007 816 3150 869 enim
3204 814 3475 884 quispiam

1894 914 2134 975 generat,
2156 905 2295 959 nulla
2324 905 2714 961 deliberatione
2741 907 3103 976 prmcedente.
3136 906 3339 975 Sponte
3366 906 3475 975 igi-

1899 1010 1983 1051 tur
2008 1009 2062 1053 et
2089 1000 2225 1053 citra
2283 998 2731 1055 deliberationem
2773 1011 2851 1054 est
2896 998 3130 1053 Verbum
3186 1001 3240 1054 in
3290 1000 3474 1062 Patre,

1895 1092 2346 1162 quemadmodum
2379 1101 2462 1146 est
2502 1091 2556 1147 in
2591 1091 2809 1147 homine
2831 1090 2944 1160 ejus
2985 1090 3182 1161 proles.

2578 1283 2807 1343 ALIUD.

1966 1400 2026 1456 Si
2060 1401 2379 1455 naturaliter
2402 1401 2576 1457 bonus
2608 1410 2693 1456 est
2742 1403 2886 1457 Deus
2936 1416 2996 1457 ac
3022 1401 3201 1466 Pater,
3231 1418 3336 1457 non
3404 1418 3473 1458 ex

1897 1494 2190 1560 voluntate,
2221 1509 2288 1549 ne
2310 1493 2554 1548 videatur
2572 1494 2790 1564 aliquod
2820 1502 3032 1565 tempus
3070 1494 3236 1549 fuisse
3262 1499 3479 1564 quando

1898 1586 1999 1640 hoc
2029 1586 2204 1655 ipsum
2243 1600 2347 1641 non
2378 1586 2591 1649 erat,in
2616 1585 2923 1656 quatiebat
2959 1586 3300 1649 deliberatio,
3366 1602 3472 1640 non

1896 1677 2171 1732 voluntate
2196 1686 2418 1747 generat
2451 1676 2669 1745 Filium,
2698 1677 2793 1733 sed
2826 1684 3042 1732 natura.
3078 1677 3190 1732 Iloc
3227 1677 3372 1732 enim
3425 1679 3475 1732 ei

1827 1796 1869 1853 η
1899 1770 2304 1827 convenientius
2331 1778 2439 1825 est.

2565 1884 2796 1941 ALIUD.

1954 1996 2323 2068 Interrogandi
2360 2007 2487 2053 sunt
2514 1997 2702 2053 hostes
2736 1997 2966 2061 Christi,
3001 2013 3131 2051 num
3178 1998 3295 2066 ipse
3316 1994 3479 2052 Verbi

1890 2092 2053 2146 Pater
2085 2093 2360 2147 voluntate
2388 2093 2640 2156 exsistat,
2674 2107 2741 2145 an
2784 2100 2979 2159 prteter
3024 2107 3178 2145 suam
3232 2092 3476 2146 volunta-

1895 2185 2038 2238 tem?
2067 2183 2198 2237 Nam
2231 2185 2273 2237 si
2306 2198 2372 2237 ex
2407 2183 2710 2246 voluntate,
2740 2189 2795 2235 et
2828 2195 3054 2236 necesse
3097 2192 3179 2236 est
3232 2183 3479 2237 volunta-

1894 2285 2001 2329 tem
2035 2274 2272 2344 priorem
2303 2273 2470 2328 fuisse
2506 2272 2845 2336 exsistentia,
2906 2280 3060 2329 taceo
3083 2272 3477 2343 blasphemiam

1890 2382 2011 2438 quae
2040 2367 2163 2421 inde
2191 2347 2483 2435 sequetur;
2508 2365 2550 2419 si
2584 2375 2781 2433 praeter
2799 2363 3155 2427 voluntatem,
3188 2378 3253 2417 ex
3286 2378 3477 2416 neces-

1890 2460 2051 2514 sitate
2082 2458 2248 2525 igitur
2275 2467 2360 2511 est
2410 2457 2461 2510 id
2488 2456 2629 2524 quod
2682 2466 2787 2511 est.
2824 2456 2895 2509 At
2920 2455 3041 2524 quis
3091 2453 3138 2507 ei
3181 2458 3479 2508 necessita-

1893 2562 1998 2607 tem
2029 2550 2313 2621 imposuit?
2337 2548 2445 2620 54
2480 2551 2534 2605 Si
2558 2565 2682 2603 vero
2742 2548 2958 2603 exsistit
3022 2547 3237 2616 quidem
3292 2545 3474 2610 Pater,

1891 2658 2065 2711 neque
2091 2658 2157 2697 ex
2188 2643 2483 2707 voluntate,
2528 2656 2700 2709 neque
2746 2651 2945 2709 prmter
2999 2639 3356 2706 voluntatem,
3386 2654 3478 2694 ea-

1891 2737 2010 2787 dem
2045 2747 2176 2787 sane
2219 2734 2353 2787 ratio
2382 2733 2624 2787 obtineat
2653 2731 2887 2785 etiamin
2916 2730 3073 2785 Filio.
3119 2730 3300 2799 Neque
3332 2731 3477 2785 enim

1890 2824 2005 2879 haec
2048 2823 2208 2878 nimis
2252 2823 2508 2879 audacter
2540 2834 2592 2876 et
2624 2821 2916 2877 temerarie
2965 2822 3286 2891 inquirenda
3329 2830 3474 2876 sunt.

1892 2918 2005 2972 IIoc
2035 2932 2161 2971 vero
2187 2917 2383 2984 potius,
2408 2930 2533 2970 cum
2569 2915 2632 2968 de
2657 2915 2763 2968 Deo
2803 2914 3009 2984 agitur,
3047 2913 3338 2967 tenendum
3368 2923 3475 2979 est,

1891 3009 2065 3078 ipsum
2089 3022 2207 3062 esse
2232 3007 2441 3075 quiest,
2476 3005 2676 3074 quique
2711 3003 2916 3057 nullum
2958 3005 3119 3059 habet
3178 3004 3476 3060 exsistendi

1896 3101 2246 3170 principium,
2274 3099 2367 3154 sed
2395 3096 2617 3167 reliquis
2655 3098 2911 3152 omnibus
2978 3098 3193 3153 csseudi
3253 3098 3470 3152 initium

1824 3183 1868 3243 C
1899 3192 2065 3248 dedit.

2235 3306 2468 3371 ALIUD,
2498 3306 2567 3357 ad
2595 3305 2669 3358 rei
2695 3303 3121 3374 explicationem.

1961 3420 2266 3475 Absurdum
2292 3429 2347 3474 et
2375 3419 2733 3489 periculosum
2762 3428 2843 3473 est
2865 3418 2929 3473 de
2952 3418 3087 3471 Filio
3138 3418 3318 3474 dicere
3350 3433 3361 3469 :
3397 3419 3475 3473 Ex

1893 3514 2170 3568 voluntate
2192 3522 2283 3566 aut
2327 3521 2526 3582 praeter
2585 3514 2917 3566 voluntatem
2974 3512 3148 3565 factus
3203 3522 3305 3566 est.
3378 3511 3478 3576 Qui

1892 3604 2034 3658 enim
2061 3621 2164 3659 non
2196 3620 2259 3657 ex
2296 3604 2573 3659 voluntate
2604 3605 2823 3659 exsistit
2853 3602 3019 3666 Deus,
3056 3618 3159 3655 non
3194 3617 3257 3655 ex
3285 3601 3479 3655 volun-

1895 3706 2004 3749 tate
2027 3697 2182 3749 habet
2221 3696 2453 3749 Verbum
2478 3702 2619 3766 quod
2649 3713 2714 3751 ex
2757 3697 2876 3765 ejus
2911 3695 3147 3747 essentia
3193 3694 3478 3760 processit,

1892 3787 1984 3842 sed
2030 3785 2367 3839 naturaliter.
2410 3786 2484 3839 lta
2510 3788 2655 3841 enim
2692 3786 2872 3854 imago
2899 3783 3017 3851 ejus
3077 3794 3130 3838 et
3186 3786 3479 3839 character

1892 3893 2018 3934 vere
2056 3875 2215 3932 fuerit
2247 3877 2319 3931 ⁷⁸.
2945 3892 2951 3898 ·

2562 3985 2791 4041 ALIUD.

1964 4102 2021 4156 Si
2058 4102 2306 4156 voluntas
2338 4111 2392 4154 et
2431 4100 2750 4155 deliberatio
2780 4097 2903 4154 Filii
2942 4097 3315 4152 exsistentiam
3350 4112 3484 4164 prce-

1897 4196 2061 4262 cedit,
2100 4193 2267 4247 Filius
2300 4204 2480 4247 autem
2512 4202 2595 4247 est
2615 4191 2877 4259 sapientia
2907 4205 2961 4245 et
3012 4188 3245 4243 Verbum
3285 4189 3481 4251 Patris,

1892 4303 1999 4353 quo
2044 4296 2200 4356 pacto
2231 4285 2548 4339 deliberavit
2603 4283 2784 4346 Pater,
2848 4281 3028 4336 Verbo
3087 4293 3141 4336 et
3196 4281 3481 4351 sapientia,

1889 4380 2044 4448 juxta
2085 4387 2327 4433 vestram
2363 4377 2709 4438 sententiam,
2732 4375 2963 4428 carens?
2990 4373 3175 4443 Neque
3210 4375 3353 4427 enim
3379 4373 3481 4426 ad-

1896 4471 1997 4524 huc
2021 4478 2136 4523 erat
2161 4468 2351 4533 Filius,
2379 4482 2498 4521 cum
2536 4466 2710 4519 adhuc
2726 4466 2789 4519 de
2818 4479 2881 4517 eo
2909 4463 3319 4517 deliberaretur.
3364 4462 3481 4529 Quo

226 4555 330 4624 περὶ
360 4557 561 4610 ἑαυτοῦ
598 4556 983 4627 βουλευόμενον
1003 4560 1095 4613 τὸν
1131 4562 1372 4633 Πατέρα,
1401 4564 1628 4634 πότερόν
1656 4582 1787 4617 ποτε

1900 4570 2050 4631 pacto
2088 4575 2216 4614 vero
2249 4574 2353 4613 non
2401 4558 2697 4612 absurdum
2756 4555 2922 4609 fuerit
2974 4556 3230 4608 inducere
3269 4554 3480 4607 Patrem

226 4648 313 4717 χρὴ
338 4649 702 4720 οοφίανὲχειν
757 4651 851 4704 καὶ
900 4652 1165 4723 Λόγον,ἢ
1224 4655 1330 4723 μή;
1394 4656 1788 4724 Παραιτεῖσοαι

228 4739 494 4810 τοιγαροῦν
520 4742 819 4810 ἀναγκαῖον
840 4742 938 4806 τὰς
968 4745 1324 4808 ἀπαιδεύτους
1355 4745 1463 4798 τῶν
1492 4748 1788 4818 χριστομά-

228 4842 316 4893 κων
346 4832 658 4901 προτάσεις,
694 4834 753 4885 οὑ
790 4834 991 4906 σφόδρα
1045 4835 1405 4890 διατείνεσθαι
1443 4838 1579 4906 πρὸς
1601 4839 1661 4891 τὸ
1699 4840 1793 4892 ἁν-

226 4920 382 4991 τιλέγε
392 4941 440 4974 ιν
466 4924 674 4988 αὑταῖς.

642 5130 847 5195 AAAO,
906 5129 1362 5201 διηγηματικῶς.

291 5243 384 5295 Διὰ
412 5241 622 5295 πολλῶν
645 5242 749 5313 ἤδη
780 5241 1047 5309 δέδεικται
1097 5243 1271 5312 λόγων
1290 5243 1373 5296 ὅτι
1398 5245 1506 5296 τῶν
1555 5246 1792 5318 ποιημά-

227 5345 319 5383 των
337 5336 584 5404 ἡγήσατο
615 5333 887 5404 βούλησις.
928 5333 1017 5397 Ἐξ
1042 5334 1156 5396 ἐνὸς
1177 5333 1233 5385 δὲ
1257 5334 1316 5387 τὸ
1353 5336 1461 5389 πᾶν
1490 5337 1794 5408 ’γνωρισθή-

230 5437 380 5482 σεται,
434 5425 558 5477 Ἐπὶ
609 5424 718 5497 γὰρ
764 5428 829 5496 τῇ
855 5424 948 5477 τοῦ
994 5423 1280 5494 ἀνθρώπου
1328 5429 1665 5496 κατασκευῇ,
1696 5427 1783 5491 τὸ,

235 5531 248 5561 ι
280 5515 597 5587 Ποιήσωμεν
650 5516 957 5587 ἄνθρωπον,
990 5534 1008 5566 ι
1043 5515 1135 5567 καὶ
1172 5516 1252 5583 τὸ,
1305 5534 1322 5567 t
1358 5517 1644 5587 Γενηθήτω
1674 5535 1796 5570 στε-

236 5606 428 5677 ρέωμα,
468 5627 485 5659 ι
524 5609 618 5662 καὶ
647 5608 727 5669 τὸ,
782 5593 1067 5677 Γενῆθήτω
1104 5606 1222 5659 τάδε
1271 5609 1363 5661 καὶ
1414 5609 1554 5675 τόδε,
1605 5608 1798 5681 βουλῆς

314 5761 534 5821 7"Hebr.
570 5780 607 5828 t.
647 5766 705 5819 5.
773 5766 816 5837 7⁷
858 5764 991 5821 Gen.
1041 5781 1077 5829 ι,
1121 5764 1173 5831 (ι,
1205 5763 1291 5818 ‘26.

1894 4667 2080 4707 secum
2104 4651 2517 4713 deliberantem,
2542 4664 2609 4702 an
2636 4655 2917 4719 oporteret
2947 4646 3240 4715 aliquando
3267 4646 3482 4714 sapien-

1897 4746 2025 4797 tiam
2058 4752 2112 4797 et
2136 4741 2373 4796 Verbum
2402 4741 2708 4805 habere,an
2745 4741 2891 4795 noxi?
2922 4738 3237 4805 [injicienda
3319 4736 3483 4805 igitur

1897 4846 2118 4903 prorsus
2141 4841 2264 4886 sunt
2294 4832 2508 4887 indocm
2566 4832 2799 4885 hostium
2852 4829 3055 4884 Christi
3126 4836 3481 4897 argumenta,

1902 4941 2007 4980 non
2063 4935 2243 4981 autem
2314 4925 2477 4980 anxie
2539 4924 2922 4993 laborioseque
2972 4922 3041 4978 iis
3102 4920 3483 4977 contradicen-

1894 5018 2045 5072 dum.

2383 5129 2611 5195 ALIUD,
2649 5127 2975 5198 explicatius.

1972 5244 2279 5313 Multisjarn
2311 5243 2491 5298 verbis
2512 5252 2786 5297 ostensum
2844 5250 2927 5295 est
2980 5240 3315 5295 voluntatem
3362 5238 3482 5294 sive

1901 5336 2342 5392 deliberationem
2368 5344 2741 5388 creaturarum
2785 5332 3116 5385 creationem
3148 5331 3477 5402 praecedere.

1905 5428 1977 5480 lix
2007 5442 2115 5481 uno
2156 5434 2333 5479 autem
2369 5432 2538 5480 totum
2569 5422 2913 5492 intelligetur.
2934 5421 3065 5477 Nam
3103 5426 3154 5477 in
3205 5424 3482 5478 creatione

1906 5516 2173 5572 hominis:
2206 5535 2223 5567 ι
2269 5516 2572 5578 Faciamus.
2611 5516 2805 5585 inquit,
2829 5518 3121 5579 hominem,
3154 5535 3170 5567 ι
3202 5524 3279 5579 et,
3314 5534 3331 5566 α
3359 5513 3482 5569 Fiat

1908 5608 2389 5674 ﬁrmamentum",
2421 5628 2439 5660 ι
2480 5617 2641 5677 atque
2681 5610 2799 5673 hoc,
2830 5607 3064 5663 Fiatltoc
3110 5616 3159 5660 ct
3212 5606 3359 5671 illud,
3398 5620 3481 5657 νο-
