4110 6212
425 337 489 394 III
530 356 534 358 ‘
1464 337 1522 393 S.
1562 333 1841 391 CYRILLI
1877 330 2347 387 ALEXANDRINI
2381 330 2704 388 ARCIIIEP.
3609 325 3673 379 9:!

421 461 640 516 lnntatis
664 461 1080 531 significativum
1113 468 1214 524 est,
1247 475 1364 529 qua:
1392 459 1455 512 ad
1480 457 1723 527 singulas
1777 467 1997 512 creatu-

2126 471 2167 508 ιν
2206 454 2290 525 εἴη
2320 452 2654 525 σημαντικὸν
2685 452 2785 524 τῆς
2810 453 2895 521 ἐφ’
2923 452 3135 523 ἑκάστῳ
3167 453 3274 506 τῶν
3302 452 3687 524 πεποιημένων

423 567 512 604 ras
535 550 807 606 faciendas
856 568 884 604 a
946 552 1054 606 Deo
1107 550 1349 605 adhibita
1400 557 1505 611 est,
1571 549 1789 602 tametsi
1823 551 2004 605 statim

424 659 561 713 opus
595 643 942 698 subsecutum
976 650 1252 711 appareat.
1281 638 1336 693 Si
1368 654 1495 708 ergo
1558 649 1843 694 creaturas
1872 656 2006 710 prae-

421 734 565 788 cedit
588 732 858 799 voluntas,
892 734 1073 789 omnia
1124 747 1251 786 vero
1282 729 1420 785 facta
1451 740 1577 785 sunt
1618 746 1716 799 per
1764 732 1960 786 Filium
1991 773 2006 795 ,

423 833 573 877 certe
606 824 848 878 omnium
879 837 1102 877 numero
1132 836 1239 874 non
1299 821 1783 890 comprehenditur
1824 824 1870 877 is
1913 838 2010 892 per

423 932 582 983 quem
609 917 786 969 omnia
817 915 952 969 facta
972 920 1117 967 sunt.
1158 912 1221 967 Et
1267 913 1310 967 si
1362 912 1498 968 alius
1527 923 1612 968 est
1662 914 1730 969 ab
1781 916 1846 970 iis
1890 931 2008 983 qua:

424 1006 698 1071 pra-cessit
725 1005 993 1071 voluntas,
1027 1018 1134 1058 non
1164 1013 1247 1059 est
1278 1002 1455 1058 factus
1482 1019 1550 1059 ex
1586 1005 1860 1061 voluntate
1895 1008 2007 1062 sic-

424 1105 483 1150 ut
506 1095 759 1164 illa.Ipse'
784 1096 929 1149 enim
971 1105 1053 1150 est
1076 1097 1195 1149 viva
1256 1097 1508 1148 voluntas
1576 1094 1777 1160 Patris,
1812 1097 1863 1149 in
1899 1112 2004 1165 qua

423 1185 601 1237 omnia
630 1193 899 1249 operatur.
942 1181 1109 1237 Vocat
1167 1193 1347 1236 autem
1405 1187 1568 1238 etiam
1625 1186 1796 1252 ipsum
1857 1183 2009 1239 Psal-

425 1276 582 1328 mista
616 1274 948 1329 voluntatem
980 1274 1178 1339 Patris,
1212 1275 1435 1330 dicens:
1470 1295 1489 1328 ι
1528 1277 1581 1330 lu
1615 1278 1886 1334 voluntate
1919 1288 2017 1333 tua.

426 1363 697 1418 deduxisti
732 1379 817 1418 me
844 1364 910 1417 ⁷⁸.
955 1381 973 1413 ι

1105 1479 1336 1535 ALIUD.

501 1595 558 1649 Si
585 1594 866 1649 consilium
894 1603 948 1650 et
976 1593 1222 1649 voluntas
1250 1593 1429 1649 Patris
1470 1603 1555 1649 est
1596 1594 1784 1662 Filius,
1821 1603 1881 1648 ut
1930 1608 2008 1649 re-

428 1700 556 1739 vera
586 1695 689 1745 est.
728 1699 833 1753 quo
854 1692 1009 1753 pacto
1034 1684 1288 1754 prmcedit
1316 1684 1561 1738 voluntas
1593 1683 1710 1754 ejus
1741 1685 2010 1740 exsisten-

2111 546 2406 615 γενομένης
2444 543 2592 614 παρὰ
2627 543 2784 608 Θεοῦ,
2821 545 2868 596 εί
2917 544 3011 597 καὶ
3058 545 3401 621 παραχρῆμα
3423 545 3483 598 τὸ
3526 545 3687 617 ἔργον

2110 635 2432 689 ἀκολουθοῦν
2456 636 2723 703 φαίνεται.
2776 636 2839 688 EI
2893 635 3070 689 τοίνυν
3099 634 3207 688 τῶν
3245 636 3343 706 μὲν
3372 639 3689 708 κτισμάτων

2110 729 2325 798 ἡγεῖται
2363 726 2632 797 βούλησις,
2678 727 2868 795 γέγονε
2919 727 2976 780 δὲ
3020 728 3197 780 πάντα
3259 727 3324 780 δι’
3357 729 3507 793 Υἱοῦ,
3534 732 3689 795 ἐκτός

2110 819 2227 870 ἐστι
2250 816 2357 870 τῶν
2390 817 2607 871 πάντων
2661 818 2689 869 ὁ
2745 818 2811 870 δι’
2845 811 2906 871 οὗ
2936 817 3003 871 τὰ
3043 818 3221 872 πάντα
3252 819 3461 887 γέγονε.
3505 821 3616 874 Καὶ
3640 824 3689 875 εἰ

2108 907 2295 979 ἕτερός
2326 910 2472 961 ἐστιν
2525 907 2749 963 ἐκείνων
2784 901 2859 961 ὧν
2902 910 3148 980 ἡγήσατο
3200 910 3472 982 βούλησις,
3496 913 3595 966 ούκ
3621 913 3690 967 ἂν

2110 997 2196 1067 εἴη
2228 997 2367 1050 κατὰ
2398 998 2650 1068 βούλησιν
2683 999 2921 1068 γεγονὼς
2950 998 3136 1071 ὥσπερ
3166 1001 3323 1055 αὑτά.
3372 1001 3542 1066 Αὐτὸς
3580 1004 3690 1075 γάρ

2111 1087 2256 1139 ἐστιν
2296 1086 2503 1157 ήζῶσα
2526 1087 2688 1159 βουλὴ
2729 1088 2823 1141 τοῦ
2852 1088 3086 1159 Πατρδς,
3140 1090 3197 1142 ἐν
3240 1084 3365 1163 ᾖτὰ
3397 1091 3574 1145 πάντα
3600 1092 3692 1161 ἑρ-

2110 1177 2356 1245 γάζεται.
2386 1178 2557 1232 Καλεῖ
2600 1179 2657 1231 δὲ
2715 1179 2876 1233 αὑτὸν
2898 1181 2992 1233 καὶ
3032 1181 3226 1251 βουλὴν
3270 1181 3361 1233 τοῦ
3411 1184 3620 1253 Πατρὺς
3661 1185 3691 1236 ὁ

2110 1267 2454 1337 Ψαλμῳδδς,
2496 1268 2668 1336 λέγων
2703 1286 2715 1301 ·
2784 1289 2805 1321 ‹
2852 1271 2941 1323 Ἐν
2987 1273 3054 1341 τῇ
3123 1270 3285 1342 βουλῇ
3334 1288 3426 1324 σου
3487 1272 3693 1345 ὡδήγη-

2110 1357 2209 1421 σάς
2243 1374 2329 1427 με.
2364 1376 2384 1409 ι

2776 1474 2984 1528 AAAO.

2183 1583 2247 1638 Εἰ
2279 1582 2442 1655 βουλὴ
2497 1584 2591 1639 καὶ
2643 1584 2855 1657 θέλημα
2886 1586 2978 1640 τοῦ
3011 1589 3224 1660 Πατρός
3272 1591 3419 1643 ἐστιν
3467 1592 3495 1645 ὁ
3533 1592 3692 1655 Υἱὸς,

2110 1678 2295 1749 ὥσπερ
2333 1672 2426 1731 οὖν
2458 1677 2549 1730 καὶ
2579 1676 2714 1743 ἐστι,
2765 1680 2882 1742 πῶς
2913 1681 3127 1749 ἡγεῖται
3156 1681 3376 1751 θέλησις
3399 1683 3494 1753 τῆς
3518 1683 3694 1753 ὑπάρ-

432 1770 601 1824 tiam?
638 1770 922 1826 Videbitur
946 1773 1089 1828 enim
1126 1772 1240 1841 ipse
1265 1772 1500 1841 seipsum
1532 1771 1746 1828 fecisse.
1798 1772 1903 1843 55
1942 1773 2009 1828 Et

2126 1769 2249 1834 Ξεως
2278 1768 2442 1823 αὑτοῦ
2463 1787 2477 1835 ;
2495 1768 2668 1831 Αὐτὸς
2697 1770 2805 1840 γὰρ
2835 1771 3026 1825 ἑαυτὸν
3049 1771 3199 1825 ἔσται
3230 1773 3566 1845 πεποιηκώς.
3587 1774 3697 1826 Καὶ

429 1864 521 1930 qui
550 1864 784 1919 nondum
817 1864 987 1918 factus
1010 1872 1146 1929 erat,
1176 1872 1231 1916 ut
1281 1863 1518 1919 haeretici
1568 1865 1773 1929 volunt,
1838 1867 1906 1921 de
1953 1880 2012 1922 se

432 1953 549 2021 ipso
574 1954 908 2010 deliberasse
935 1955 1161 2009 dicetur.
1212 1957 1282 2008 At
1302 1956 1347 2009 si
1387 1956 1487 2011 hoc
1513 1958 1808 2013 absurdum
1860 1958 2007 2013 dictu

434 2056 541 2111 est,
573 2061 677 2101 non
705 2062 836 2116 ergo
860 2045 1134 2101 voluntate
1163 2046 1337 2102 factus
1395 2058 1500 2111 est,
1548 2050 2010 2117 quemadmodum

434 2145 732 2202 creaturae;
764 2137 858 2192 sed
887 2147 1081 2191 eratut
1112 2137 1360 2194 voluntas
1392 2139 1572 2195 Patris
1596 2141 1646 2194 in
1676 2141 1812 2211 ipso,
1847 2151 2014 2213 atque

434 2232 571 2285 adeo
601 2230 770 2299 ipsius
792 2229 1067 2286 Geuitoris
1089 2230 1342 2285 essentia:
1365 2233 1691 2301 proprietas.

1109 2338 1338 2394 ALIUD.

505 2447 758 2503 Christus
785 2448 985 2504 alicubi
1016 2448 1194 2517 inquit
1228 2470 1241 2504 :
1287 2450 1395 2521 Ego
1439 2452 1489 2505 in
1524 2451 1706 2516 Patre,
1742 2464 1797 2509 et
1855 2455 2017 2512 Pater

436 2540 490 2594 in
519 2555 625 2605 me,
655 2540 818 2595 veluti
850 2540 1026 2595 locum
1063 2542 1376 2609 quemdam,
1416 2544 1504 2611 qui
1539 2560 1597 2599 se
1627 2545 1801 2599 solum
1836 2547 2013 2601 conti-

439 2641 586 2696 neat,
651 2633 966 2701 signiﬁcans
1015 2632 1256 2697 Patrem,
1290 2644 1343 2689 et
1375 2652 1564 2691 rursus
1593 2637 1810 2694 Patrem
1842 2640 2015 2695 solum

439 2724 492 2776 in
523 2724 638 2791 ipso
668 2723 1041 2777 exsistentem.
1103 2724 1157 2776 Si
1192 2738 1320 2793 ergo
1350 2725 1493 2778 aliud
1539 2728 1818 2797 quidpiam
1854 2738 1936 2783 est
1961 2730 2015 2783 in

387 2861 398 2869 .
443 2814 601 2867 Patre
636 2814 889 2869 voluntas
918 2814 1091 2883 ipsius
1142 2830 1303 2884 quam
1342 2816 1530 2879 Filius,
1562 2834 1668 2887 quo
1706 2828 1863 2888 pacto
1887 2836 2018 2875 vero

440 2904 558 2959 hmc
592 2905 832 2965 dixerit?
869 2906 1193 2974 Reperietur
1227 2908 1393 2975 enim,
1438 2907 1591 2977 juxta
1630 2912 1874 2965 insanam
1907 2912 2019 2967 hin-

442 2996 734 3051 rcticorum
768 2996 1098 3065 opinionem,
1154 3006 1275 3051 ante
1336 3001 1709 3055 evsistentiam
1744 3000 1887 3068 Filii,
1924 3017 2017 3057 vo-

444 3088 624 3142 Inntas
687 3086 743 3141 in
793 3086 954 3141 Patre
1005 3088 1293 3154 exsistens,
1337 3104 1432 3157 per
1491 3106 1652 3161 quam
1700 3093 1873 3149 factus
1912 3103 2017 3160 est,

2119 1863 2147 1914 ὁ
2182 1861 2348 1932 μήπω
2399 1857 2658 1928 γεγονὼς,
2716 1859 2859 1915 κατὰ
2909 1863 3037 1926 τοὺς
3087 1865 3507 1933 χριστομάχους,
3570 1865 3699 1933 περὶ

2121 1950 2314 2006 ἑαυτοῦ
2353 1953 2600 2020 φανεῖται
2656 1950 3061 2024 βουλευόμενος.
3123 1955 3186 2007 EI
3236 1954 3294 2007 δὲ
3327 1954 3484 2007 τοῦτο
3519 1954 3699 2022 λέγειν

2120 2042 2339 2105 ἄτοπον,
2372 2040 2474 2093 οὐκ
2499 2039 2606 2110 ἄρα
2633 2039 2882 2113 βουλήσει
2922 2045 3165 2113 γέγονεν,
3210 2046 3397 2116 ὥσπερ
3453 2046 3518 2099 τὰ
3541 2048 3699 2117 ποιή-

2124 2150 2288 2203 ματα·
2331 2133 2445 2185 ἀλλ’
2473 2130 2541 2204 ἦν
2564 2134 2638 2199 ὡς
2664 2134 2826 2207 βουλὴ
2880 2135 2974 2189 τοῦ
3021 2138 3234 2208 Πατρὸς
3257 2141 3315 2191 ὲν
3350 2138 3520 2208 αὑτῷ,
3571 2137 3703 2192 αὑτὸ

2121 2225 2217 2295 τῆς
2245 2224 2431 2288 οὐσίας
2466 2226 2728 2298 ὑπάρχων
2758 2228 2848 2280 τοῦ
2876 2230 3238 2300 γεννήσαντος
3266 2231 3325 2284 τὸ
3358 2231 3508 2286 ἴδιον.

2819 2344 3023 2398 ΑΛΛΟ.

2138 2440 2161 2451 ’ν
2192 2452 2355 2521 Λέγει
2382 2470 2485 2506 που
2515 2452 2768 2523 Χριστός·
2812 2472 2831 2505 ι
2880 2454 3020 2523 Ἐγὼ
3079 2456 3137 2509 ἐν
3188 2455 3264 2526 τῷ
3304 2458 3500 2529 Πατρὶ,
3538 2462 3631 2513 καὶ
3674 2462 3705 2513 ὁ

2124 2545 2315 2614 Πατὴρ
2337 2546 2395 2596 ὲν
2416 2545 2561 2614 ἐμοὶ,
2601 2562 2619 2594 ι
2685 2544 2873 2618 ὥσπερ
2922 2545 3041 2598 τινὰ
3092 2547 3257 2600 τόπον
3289 2550 3480 2602 ἑαυτὸν
3513 2551 3705 2620 ἔχοντα

2128 2635 2285 2704 μόνον
2326 2634 2606 2705 σημαίνων
2628 2635 2720 2687 τὸν
2754 2636 2993 2707 Πατέρα,
3020 2638 3114 2691 καὶ
3159 2638 3322 2692 πάλιν
3359 2640 3434 2704 ὡς
3467 2641 3560 2695 τοῦ
3594 2644 3707 2695 Πα-

2123 2725 2249 2795 τρὸς
2284 2725 2435 2788 ὄντος
2466 2726 2524 2778 ὲν
2560 2725 2708 2795 αὐτῷ
2738 2726 2915 2796 μόνον.
2948 2728 3010 2780 ΕΞ
3035 2728 3213 2781 τοίνυν
3252 2729 3439 2800 ἕτερόν
3469 2731 3521 2784 τί
3555 2733 3707 2784 ἐστιν

2126 2816 2182 2867 ὲν
2207 2813 2284 2885 τῷ
2311 2815 2487 2885 Πατρὶ
2518 2813 2669 2886 παρὰ
2696 2817 2786 2867 τὸν
2824 2816 2951 2869 Υἰὸν
2991 2817 3023 2885 ἠ
3072 2804 3542 2888 βούλησιςάύτοῦ,
3590 2820 3710 2883 πῶς

2126 2903 2415 2975 ἀληθεύσει
2442 2903 2512 2957 τὰ
2544 2904 2767 2958 τοιαῦτα
2809 2905 3018 2972 λέγωνς
3044 2906 3369 2977 Εὑρίσκεται
3405 2909 3533 2979 γὰρ,
3566 2909 3710 2963 κατὰ

2126 2996 2223 3065 τὴν
2260 2994 2366 3047 τῶν
2399 2994 2781 3065 χριστομάχων
2839 2996 3059 3066 μανίαν,
3103 2999 3208 3067 πρὸ
3271 2999 3370 3069 τῆς
3421 2998 3711 3071 ὑπάρξεως

2128 3086 2221 3139 τοῦ
2254 3085 2404 3152 Υίοὺ,
2440 3086 2694 3156 βούλησις
2713 3082 2847 3141 οὖσα
2887 3090 2945 3141 ὲν
2975 3090 3171 3160 Πατρὶ,
3201 3090 3322 3143 καθ’
3350 3092 3415 3162 ἣν
3440 3092 3665 3159 γέγονεν
3689 3133 3717 3156 ,

446 3180 595 3233 ntilli
627 3180 833 3234 dicunt.
874 3179 929 3233 Si
960 3190 1139 3234 autem
1197 3196 1323 3236 vere
1356 3183 1484 3237 dicit
1511 3199 1569 3238 se
1614 3186 1669 3237 in
1699 3184 1854 3241 Patre
1878 3200 2019 3255 esse,

2126 3177 2198 3241 ὡς
2239 3177 2436 3230 ἐκεῖνοί
2468 3194 2650 3247 φασιν.
2680 3179 2740 3230 El
2781 3178 2838 3231 δὲ
2868 3178 3146 3250 ἀληθεύει,
3198 3182 3387 3234 ἑαυτὸν
3435 3184 3493 3233 ὲν
3534 3182 3714 3250 [Iatth

444 3279 500 3322 et
537 3284 743 3335 rursus,
774 3269 946 3324 solum
971 3270 1023 3323 in
1056 3284 1117 3324 se
1146 3286 1265 3326 esse
1296 3271 1506 3326 Patrem
1527 3312 1540 3334 ,
1575 3274 1792 3328 ubinam
1820 3278 2022 3331 consti-

450 3370 630 3414 tuetur
672 3361 947 3425 voluntas,
1005 3377 1125 3415 cum
1190 3363 1323 3417 nihil
1380 3364 1483 3419 loci
1556 3365 1626 3419 sit
1671 3365 2025 3422 intermedii?

449 3452 600 3514 Quod
639 3453 684 3506 si
710 3466 896 3506 verum
921 3460 1029 3519 est,
1077 3468 1183 3508 non
1234 3468 1362 3524 ergo
1394 3455 1670 3512 voluntate
1702 3458 1879 3513 factus
1903 3469 2023 3525 est,

450 3541 545 3596 sed
585 3542 700 3612 ipse
729 3551 811 3597 est
841 3542 1095 3599 voluntas
1128 3544 1331 3601 Patris.

1130 3656 1357 3713 ALIUD.

521 3766 575 3822 Si
618 3770 1075 3837 quemadmodum
1123 3783 1421 3840 creaturas,
1455 3773 1523 3829 ita
1574 3776 1737 3830 etiam
1762 3778 2030 3834 exsisten-

455 3864 578 3915 tiam
605 3860 721 3916 Filii
760 3866 1037 3933 prazcessit
1065 3866 1335 3933 voluntas,
1366 3884 1465 3923 cur
1495 3883 1614 3938 qua:
1652 3870 1792 3925 idem
1826 3872 2030 3925 habent

452 3954 816 4021 generationis
850 3955 1172 4025 principium
1198 3966 1249 4011 et
1296 3974 1393 4026 per
1418 3961 1661 4013 eamdem
1693 3961 2026 4016 voluntatem

455 4046 595 4099 fama
630 4055 775 4108 sunt,
803 4055 1085 4117 tantopere
1114 4048 1256 4102 inter
1278 4063 1337 4104 se
1370 4060 1562 4104 natura
1588 4050 1864 4116 ditl‘erunt,
1895 4053 2028 4108 adeo

454 4143 511 4187 ut
539 4135 626 4189 ille
664 4136 925 4192 Dominus
956 4138 1025 4191 sit
1059 4147 1113 4192 et
1172 4139 1331 4206 Deus,
1366 4140 1447 4194 ha:
1476 4140 1699 4196 serviles
1737 4143 1845 4196 sint
1870 4158 2029 4199 crea-

458 4226 615 4279 tutae?
639 4225 981 4283 Manifestum
1013 4237 1195 4284 autem
1230 4222 1312 4285 est
1339 4233 1478 4301 quod
1519 4233 1689 4289 Filius
1718 4236 1903 4291 deitati
1928 4237 2031 4292 Pa-

459 4316 556 4370 tris
587 4317 906 4372 naturaliter
938 4319 1121 4376 unitus
1178 4322 1435 4378 Dominus
1466 4325 1539 4378 'et
1591 4325 1791 4381 dicitur
1813 4337 1868 4382 et
1894 4338 1976 4382 est
2014 4346 2027 4382 :

457 4418 703 4461 creatura
735 4424 865 4464 vero
903 4424 1083 4478 serva,
1123 4414 1245 4483 quia
1302 4425 1454 4469 extra
1480 4418 1773 4473 essentiam
1814 4430 2028 4474 creato-

2133 3268 2231 3338 μὲν
2263 3263 2402 3321 εἶναι
2436 3270 2682 3336 φάσκων,
2713 3270 2806 3323 καὶ
2839 3270 3026 3334 πάλιν,
3055 3272 3130 3336 ὼς
3156 3273 3312 3342 μόνον
3354 3275 3410 3325 ὲν
3447 3272 3596 3342 αύτῷ
3617 3272 3712 3325 τὸν

2130 3360 2366 3428 Πατέρα,
2384 3361 2486 3413 ποῦ
2515 3363 2548 3431 ἡ
2574 3361 2826 3433 βούλησις
2844 3364 3113 3430 κείσεται,
3132 3365 3346 3439 οὐδενὸς
3365 3366 3514 3429 ὄντος
3542 3364 3713 3417 τόπου

2132 3451 2336 3522 μεταξύ
2361 3469 2375 3518 ;
2412 3453 2474 3506 Εἰ
2499 3451 2554 3506 δὲ
2580 3453 2758 3516 τοῦτο,
2780 3455 2877 3508 οὑκ
2904 3455 3011 3527 ἄρα
3049 3457 3299 3527 βουλήσει
3335 3458 3575 3527 γέγονεν,
3596 3456 3714 3510 ἀλλ’

2131 3544 2291 3608 αὑτός
2319 3546 2465 3599 ἐστιν
2496 3547 2529 3615 ἡ
2567 3545 2662 3599 τοῦ
2690 3547 2903 3619 Harpe;
2932 3548 3205 3618 βούλησις.

2824 3661 3027 3714 ΑΛΛΟ.

2201 3777 2265 3828 Εἰ
2316 3775 2567 3845 καθάπερ
2614 3773 2723 3827 τῶν
2764 3760 3108 3845 ποιημάτωνΔ
3137 3762 3380 3845 ἡγήσατο
3426 3775 3709 3845 βούλησις.

2131 3865 2272 3919 οὓτω
2300 3866 2393 3918 καὶ
2420 3865 2519 3934 τῆς
2550 3865 2836 3935 ὑπάρξεως
2864 3863 2956 3917 τοῦ
2988 3864 3246 3935 Χριστοῦ,
3293 3864 3415 3916 ὅτου
3441 3865 3505 3936 δὴ
3551 3866 3720 3934 χάριν

2131 3957 2200 4010 τὰ
2237 3956 2333 4027 τὴν
2364 3956 2532 4026 αὐτὴν
2593 3955 2782 4025 ἔχοντα
2811 3955 2911 4025 τῆς
2940 3954 3208 4024 γενέσεως
3248 3954 3422 4026 ἀρχὴν
3470 3955 3565 4007 καὶ
3623 3954 3715 4007 διὰ

2131 4048 2231 4117 τῆς
2262 4047 2429 4116 αὐτῆς
2464 4047 2725 4114 γεγονότα
2789 4046 3007 4117 βουλῆς,
3054 4046 3308 4099 τοσοῦτον
3343 4045 3584 4114 ἀλλήλων
3613 4043 3714 4114 τὴν

2134 4139 2295 4208 φύσιν
2323 4139 2622 4208 διέστηκεν,
2658 4138 2732 4201 ὡς
2756 4138 2845 4191 τὸν
2878 4140 2977 4208 μὲν
3010 4137 3213 4208 Κύριον
3252 4136 3421 4199 οὑτως
3455 4131 3591 4188 εἶναι
3619 4136 3714 4188 καὶ

2132 4232 2283 4296 Θεὸν,
2330 4230 2398 4284 τὰ
2430 4231 2486 4283 δὲ
2509 4230 2669 4284 δοὺλά
2691 4248 2750 4283 τε
2776 4231 2869 4283 καὶ
2893 4231 3208 4302 ποιήματα;
3252 4230 3389 4281 Ἀλλ’
3423 4228 3540 4281 ἔστι
3559 4228 3716 4299 δῆλον

2133 4325 2209 4388 ὡς
2237 4326 2265 4378 ὁ
2297 4323 2393 4393 μὲν
2421 4322 2546 4386 Υίός
2599 4324 2664 4393 τῇ
2696 4326 2790 4375 τοῦ
2826 4321 3044 4392 Ιιατρὸς
3099 4320 3312 4390 θεότητι
3372 4319 3511 4372 κατὰ
3556 4317 3715 4386 φύσιν

2135 4417 2421 4488 ἑνούμενος
2460 4414 2662 4485 Κύριος
2722 4414 2941 4484 εἴρηται
3005 4413 3095 4465 καὶ
3145 4410 3313 4464 ἔστιν·
3342 4411 3374 4480 ή
3407 4410 3463 4461 δὲ
3517 4408 3713 4471 κτίσις,

462 4499 533 4551 ris
561 4507 665 4566 est,
700 4508 754 4555 et
797 4516 827 4555 a
860 4504 1091 4559 naturali
1142 4504 1209 4559 ad
1261 4506 1477 4591 Patrem
1528 4509 1790 4564 relatione
1832 4511 2019 4565 aliena.

2134 4510 2316 4579 δούλη,
2337 4508 2426 4562 διὰ
2458 4507 2517 4560 τὸ
2542 4505 2645 4572 ἔξω
2682 4504 2897 4558 κεῖσθαι
2921 4503 3022 4574 τῆς
3047 4503 3236 4565 οὐσίας
3290 4501 3384 4555 τοῦ
3421 4500 3719 4569 πεποιηκό-

459 4592 829 4650 Νορθεεειτίιιηι
864 4597 1027 4666 igitur
1047 4606 1129 4653 est
1158 4608 1219 4654 ut
1259 4600 1391 4670 quae
1429 4609 1631 4657 tantam
1668 4603 1811 4659 inter
1844 4619 1904 4660 se
1928 4606 2025 4658 ha-

464 4684 593 4738 bent
621 4686 1008 4757 diﬂ‘erentiam,
1052 4709 1158 4748 non
1204 4710 1371 4749 unum
1418 4695 1652 4751 habeant
1679 4698 2030 4766 principium.

2139 4619 2248 4669 τος,
2295 4602 2389 4654 καὶ
2438 4600 2538 4669 τῆς
2588 4598 2725 4668 πρὸς
2777 4597 2869 4650 τὸν
2917 4596 3140 4666 Πατέρα
3194 4594 3430 4665 σχέσεως
3456 4593 3715 4661 φυσικῆς.

2152 4694 2388 4764 Ἀνάγκη
2416 4691 2594 4746 τοίνυν
2616 4690 2684 4744 τὰ
2717 4688 2985 4759 τοσαύτην
3009 4688 3202 4757 ἔχοντα
3231 4686 3365 4757 πρὸς
3394 4684 3595 4755 ἄλληλα
3618 4683 3718 4753 τὴν

459 4776 568 4833 Sed
604 4777 685 4832 hae
718 4782 958 4849 quidem,
995 4793 1056 4839 ut
1101 4794 1385 4848 creaturae,
1437 4800 1502 4841 ex
1555 4787 1833 4844 voluntate
1879 4788 2019 4846 facta

2137 4786 2421 4858 διαφορὰν,
2472 4784 2547 4856 μὴ
2588 4784 2719 4853 μίαν
2753 4781 2895 4851 ἔχειν
2942 4782 3135 4851 ἀρχήν.
3187 4778 3349 4832 Ἀλλὰ
3386 4778 3455 4831 τὰ
3489 4777 3607 4846 μὲν,
3643 4775 3719 4837 ὡς

458 4878 606 4923 sunt.
657 4869 827 4928 Filius
883 4885 1083 4941 autem,
1115 4876 1312 4947 quippe
1339 4878 1543 4947 quiest
1585 4879 1701 4949 ipsa
1746 4880 2034 4949 voluntas,

459 4969 578 5015 erat
608 4963 675 5017 ab
699 4973 903 5019 aeterno
925 4964 977 5019 in
1012 4964 1195 5025 Patre.

810 5077 1043 5145 ALIUD,
1071 5083 1141 5136 ad
1168 5083 1244 5137 rei
1265 5083 1681 5169 explicationem.

532 5185 829 5255 Oportebat
874 5199 1054 5246 autem
1094 5191 1258 5249 hosce
1314 5194 1515 5250 Christi
1567 5197 1753 5253 hostes
1805 5200 1895 5269 qui
1939 5215 2046 5254 non

464 5284 720 5328 verentur
784 5276 1127 5349 interrogare
1165 5296 1232 5337 an
1266 5283 1541 5341 voluntate
1567 5286 1761 5343 Filium
1788 5293 2038 5359 genuerit

462 5363 641 5428 Pater,
668 5364 831 5418 etiam
887 5368 988 5423 hoc
1033 5370 1213 5428 dicere
1247 5391 1260 5427 :
1319 5373 1402 5428 An
1449 5376 1501 5431 in
1532 5380 1813 5446 prudentia
1843 5378 2037 5435 Filium

461 5452 707 5518 genuerit
729 5451 909 5508 Pater.
948 5454 1094 5513 Idem
1128 5460 1271 5515 enim
1297 5461 1549 5518 videntur
1572 5479 1695 5519 esse
1718 5465 2035 5521 deliberatio

463 5549 515 5594 et
549 5540 850 5609 prudentia.
882 5543 1158 5615 Siquidem
1195 5550 1441 5623 quisquis
1505 5555 1702 5625 aliquid
1737 5556 2035 5622 deliberat,

557 5716 598 5744 ”
620 5716 758 5775 I‘sal.
798 5738 966 5787 LXX”,
1009 5724 1097 5779 “li.

2140 4876 2442 4945 ποιήματα,
2499 4876 2562 4927 ἐκ
2611 4871 2919 4942 βουλήσεως
2979 4868 3220 4936 γέγονεν.
3271 4868 3329 4921 '0
3375 4868 3431 4921 δὲ
3465 4866 3614 4928 Υἱὸς,
3643 4863 3719 4926 ὡς

2142 4968 2300 5031 αὐτὸς
2322 4966 2452 5037 ὠνὴ
2484 4964 2757 5034 βούλησις,
2784 4958 2851 5033 ἦν
2884 4961 3067 5024 ἀϊδίως
3102 4962 3160 5014 ὲν
3202 4959 3397 5031 Πατρί.

2570 5076 2754 5130 ΛΔΛΟ
2774 5117 2789 5141 ,
2817 5072 3272 5144 διηγηματικῶς.

2206 5194 2353 5247 Ἔδει
2380 5191 2507 5255 τοὺς
2557 5186 2965 5262 χριστομάχους
3010 5182 3434 5253 ἀποτολμῶντας
3488 5180 3723 5252 ἐρωτᾷν,

2141 5289 2188 5341 εἰ
2233 5286 2481 5357 βουλήσει
2511 5285 2604 5338 τὸν
2633 5282 2762 5335 Υίὸν
2801 5272 3091 5349 ἐγέννησεν
3120 5278 3147 5330 ὁ
3194 5274 3409 5344 Πατὴρ,
3440 5273 3533 5327 καὶ
3562 5271 3728 5324 τοῦτο

2141 5379 2339 5447 λέγειν·
2374 5377 2437 5429 El
2467 5377 2525 5429 ὲν
2555 5374 2815 5445 φρονήσει
2841 5370 2930 5424 τὸν
2968 5367 3095 5423 Υίὸν
3121 5367 3406 5437 ἐγέννησεν
3435 5369 3463 5419 ὁ
3506 5364 3728 5433 Πατήρ.

2144 5468 2351 5523 Ταυτὸν
2374 5466 2480 5536 γὰρ
2510 5464 2777 5535 ὑπάρχειν
2818 5462 3066 5529 φαίνεται
3108 5458 3269 5531 βουλὴ
3304 5458 3396 5512 καὶ
3438 5454 3729 5525 φρόνησις.

2157 5559 2371 5629 Ἐπειδὴ
2414 5559 2519 5612 πᾶν
2576 5557 2713 5628 ὅπερ
2768 5556 2830 5611 ἄν
2884 5570 2964 5616 τις
3004 5552 3352 5624 βουλεύηται,
3416 5546 3572 5601 τοῦτο
3630 5545 3732 5599 καὶ

4107 656 4110 663 .

4106 814 4110 821 .

4092 904 4110 915 ..,

4092 926 4110 934 νΑ4

4107 1092 4110 1099 .

4100 1298 4110 1305 ,ι

4048 5070 4083 5086 \

4054 5098 4085 5110 \
