4032 6212
213 349 284 407 ss
1648 332 2089 409 mesaunus;
3424 366 3493 422 si

217 468 436 539 φρονεῖ·
466 466 562 520 καὶ
601 466 767 520 πάλιν
806 467 998 538 ὥσπερ
1027 467 1085 533 ἐξ
1116 467 1586 539 ἀντιστρέφοντος,
1625 471 1655 524 ὃ
1691 491 1818 544 φρο·

1941 475 2059 530 dem
2088 475 2251 529 etiam
2287 476 2521 545 prudens
2545 487 2629 533 est
2658 495 2672 532 :
2703 487 2752 533 ct
2786 479 2904 535 vice
2932 496 3106 545 versa,
3143 484 3234 552 qui
3259 483 3497 553 prudens

218 562 319 618 νεῖ,
366 559 470 611 καὶ
518 556 856 627 βουλεύεται.
920 556 1248 627 Εὑρίσκεται
1283 558 1411 626 γοῦν
1452 560 1529 623 ὡς
1573 560 1819 615 ίσοδυνα-

221 649 434 721 μοῦντα
472 640 939 703 συνάπτο›νάὑτά
959 649 1053 703 καὶ
1084 652 1112 703 6
1152 650 1341 722 Σωτήρ
1366 653 1449 720 ἐφ’
1478 652 1693 717 ἑαυτοῦ,
1722 654 1819 709 καὶ

471 741 618 812 Ἐμή
658 740 824 811 βουλὴ
876 742 969 794 καὶ
1005 741 1297 809 ἀσφάλεια,
1342 742 1452 812 ἐμή
1514 745 1815 815 φρόνησις,

223 831 330 901 ἐμὴ
349 830 411 882 δὲ
442 829 626 899 ἰσχύς.
648 829 862 899 Ὥσπερ
905 828 1011 899 γὰρ
1036 828 1305 897 ἀσφάλεια
1332 831 1426 881 καὶ
1451 829 1605 900 ίσχυς
1626 829 1819 882 ταυτόν

224 924 398 982 ἐστιν,
440 919 594 972 οὕτω
649 918 742 971 καὶ
787 917 950 989 βουλὴ
1003 918 1097 970 καὶ
1153 916 1435 987 φρόνησις.
1473 917 1537 969 Εἰ
1595 916 1692 987 μὲν
1729 912 1820 970 οὖν

224 1012 442 1083 ἀφρονά
486 1028 620 1063 ποτε
676 1009 992 1063 πιστεύουσι
1054 1008 1384 1080 γεγενῆσθαι
1437 1008 1528 1060 τὸν
1563 1008 1816 1078 Πατέρα,

227 1104 604 1175 ἑρωτάτωσαν
632 1104 681 1155 εἰ
720 1102 774 1154 ὲν
806 1101 1064 1172 φρονήσει
1123 1100 1422 1172 γεγέννηκε
1443 1100 1537 1152 τὸν
1559 1099 1706 1152 Υίόν.
1753 1100 1816 1151 El

226 1197 600 1267 ὃὲφρὶττουσι
648 1194 806 1247 τοῦτο
850 1195 946 1247 καὶ
1011 1193 1170 1261 μόνον
1214 1192 1524 1256 ἀκούοντες,
1556 1191 1673 1253 πῶς
1723 1192 1823 1246 οὑκ

229 1288 431 1351 ἀσεϐὲς
472 1288 538 1340 τὸ
569 1288 781 1357 ἐρωτᾷν
811 1285 906 1339 καὶ
933 1284 1109 1351 λέγειν
1144 1285 1227 1353 ἐφ’
1259 1282 1390 1337 Υἱοῦ
1432 1283 1511 1336 τό·
1549 1282 1812 1354 Βουλήσει

230 1379 552 1449 γεγένηται,
575 1378 610 1450 ἢ
644 1379 751 1449 μή;
777 1374 1047 1446 τοσαύτην
1079 1373 1172 1429 τοῦ
1201 1375 1359 1444 λόγου
1386 1374 1483 1446 τὴν
1511 1374 1822 1445 δυσφημίαν

233 1469 605 1539 εἱσσρέροντος.

934 1581 1139 1635 ΑΛΛΟ.

313 1695 372 1750 Ὀ
405 1694 684 1765 μακάριος
721 1693 933 1757 Παῦλος
959 1694 1057 1766 τήν
1084 1694 1504 1764 ἀπαράλλακτον
1530 1697 1826 1767 ὁμοιότητα

234 1786 524 1850 δεικνύων,
557 1786 627 1856 ἦν
651 1788 680 1838 6
708 1786 835 1848 Υίδς
885 1785 998 1855 ἔχει
1029 1786 1164 1856 πρὸς
1199 1786 1290 1839 τὸν
1327 1786 1523 1840 ἑαυτοῦ
1565 1786 1783 1857 Πατέρα
1806 1830 1819 1851 ,

1924 577 2028 627 est.
2053 566 2192 621 idem
2225 577 2279 621 et
2310 568 2591 623 deliberat.
2618 572 2793 640 Atque
2835 572 2907 626 ita
2949 573 3210 629 Servator
3239 576 3351 643 ipse
3381 576 3497 630 lucc

1924 660 2088 714 veluti
2118 662 2513 731 :equipollentia
2542 664 2819 733 coniungit
2847 666 3034 722 dicens
3062 668 3127 722 de
3172 683 3231 723 se
3269 687 3281 722 :
3319 667 3495 721 Meum

1928 761 2009 806 est
2047 753 2326 807 consilium
2357 765 2412 807 et
2465 754 2650 820 tutela,
2679 771 2795 809 mea
2847 756 2953 828 56
2987 759 3266 827 prudentia
3314 768 3367 813 et
3396 777 3485 828 po-

1929 840 2111 894 tentia.
2141 841 2603 907 Quemadmodum
2635 846 2776 899 enim
2812 849 2974 902 tutela
3005 860 3058 902 et
3088 850 3325 917 polentia
3356 851 3495 904 Diem

1927 940 2091 994 sunt;
2144 932 2216 985 ita
2265 934 2428 988 etiam
2484 936 2803 991 deliberatio
2834 948 2887 991 et
2921 940 3230 1007 prudentia.
3273 942 3328 996 Si
3368 956 3499 1011 ergo
3570 950 3571 953 ‘

1930 1022 2317 1092 imprudentem
2354 1026 2642 1096 aliquando
2673 1027 2843 1084 fuisse
2871 1029 3086 1084 Patrem
3149 1032 3495 1095 existimant,

1928 1116 2259 1185 interrogent
2288 1132 2355 1171 an
2384 1118 2435 1171 in
2468 1119 2750 1187 prudentia
2793 1121 3044 1188 genuerit
3088 1121 3303 1175 Filium.
3354 1124 3423 1175 At
3454 1123 3499 1177 si

1930 1207 2011 1261 vel
2053 1208 2103 1261 id
2135 1208 2417 1263 audientes
2445 1210 2888 1279 perhorrescant,
2919 1227 3028 1281 quo
3054 1221 3215 1280 pacto
3248 1228 3354 1266 non
3396 1213 3500 1266 int-

1928 1296 2074 1365 pium
2103 1299 2264 1353 fuerit
2288 1299 2627 1370 interrogare
2647 1316 2710 1356 ac
2738 1302 2920 1357 dicere
2966 1306 3033 1358 de
3074 1304 3211 1359 Filio
3251 1321 3264 1357 :
3296 1305 3376 1357 An
3410 1319 3503 1358 vo-

1930 1390 2137 1445 luntate
2166 1390 2342 1445 factus
2362 1392 2451 1458 sit,
2501 1394 2713 1448 necne?
2742 1409 2863 1448 cum
2890 1396 2991 1449 hoc
3013 1397 3078 1448 ad
3109 1405 3310 1449 tantam
3342 1404 3503 1463 atque

1931 1483 2061 1538 illud
2090 1483 2144 1537 in
2170 1482 2402 1539 Verbum
2434 1482 2825 1553 blasphemiam
2853 1487 3144 1556 pertineat.

2597 1596 2834 1654 ALIUD.

2003 1710 2201 1767 Beatus
2239 1711 2457 1780 Paulus,
2504 1714 2914 1769 similitudinem
2952 1727 3114 1783 quam
3144 1711 3315 1766 Filius
3346 1710 3509 1765 habet

1934 1819 2053 1858 cum
2087 1804 2246 1861 Patre
2265 1807 2578 1867 ostendens.
2632 1807 2707 1861 ita
2759 1806 3001 1861 scribit:
3063 1823 3082 1856 ι
3121 1804 3220 1871 Qui
3273 1817 3393 1857 cum
3437 1805 3509 1856 sit

236 1881 441 1951 γράφει
473 1879 604 1951 περὶ
631 1877 815 1932 αὑτοῦ·
872 1898 891 1930 ι
931 1880 1026 1943 Ὃς
1069 1878 1144 1932 ὢν
1178 1878 1517 1951 ἀπαύγασμα
1543 1881 1641 1950 τῆς
1668 1880 1827 1949 δόξης

1934 1895 2180 1965 splendor
2208 1898 2389 1967 gloria:
2413 1907 2467 1953 et
2505 1902 2793 1953 character
2840 1898 3193 1967 bypostaseos
3225 1893 3369 1948 illius
3401 1892 3502 1946 τ’.»

239 1978 334 2029 καὶ
362 1975 657 2047 χαρακτήρ
687 1976 787 2047 τῆς
850 1974 1200 2040 ὑποστάσεως
1254 1975 1439 2031 αὑτοῦ.
1479 1996 1497 2027 ι
1538 1978 1600 2029 ΕΞ
1645 1977 1826 2030 τοίνυν

238 2069 531 2139 χαῳκτήρ
570 2068 687 2120 ἐστι
722 2068 816 2121 καί
858 2068 1023 2122 είκὼν
1058 2067 1159 2121 τοῦ
1186 2070 1546 2139 γεννήσαντος
1600 2071 1629 2123 6
1662 2069 1824 2135 Υἱὸς,

237 2158 506 2229 ἐγεννήθη
534 2158 612 2221 δὲ,
647 2157 771 2211 καθ’
796 2158 963 2229 ὑμᾶς,
993 2159 1459 2231 προηγησαμένης
1482 2158 1791 2229 βουλήσεως
1809 2201 1823 2227 ,

238 2250 454 2319 ἀνάγκη
485 2250 635 2302 πᾶσα
658 2251 751 2303 καὶ
789 2250 879 2303 τὸν
913 2250 1133 2319 Πατέρα
1177 2249 1350 2315 οὕτως
1379 2247 1539 2318 εἶναι,
1574 2250 1765 2322 ὥσπερ
1793 2253 1827 2323 ή

239 2339 403 2393 εἰκὼν
432 2338 603 2393 αὑτοῦ
633 2341 730 2394 καὶ
762 2341 823 2394 τὸ
874 2341 1236 2413 ἀπαύγασμα
1286 2342 1361 2405 ὡς
1406 2342 1501 2396 καὶ
1522 2342 1655 2396 αὑτὸ
1684 2342 1828 2413 ἔχειν

242 2432 660 2503 προηγουμένην
692 2432 860 2486 αὑτοῦ
886 2434 987 2505 τὴν
1032 2433 1307 2505 βούλησιν.
1330 2435 1393 2487 Ei
1419 2435 1476 2487 δὲ
1520 2434 1676 2488 τοῦτο
1703 2436 1829 2488 ἀσε-

239 2525 333 2588 G‘s;
362 2524 461 2593 (οὑ
495 2526 604 2595 γὰρ
635 2527 699 2577 ὲκ
732 2524 1041 2596 βουλήσεώς
1068 2527 1216 2579 ἐστιν
1241 2529 1273 2598 ή
1303 2527 1396 2580 τοῦ
1435 2526 1650 2598 Πατρὸς
1671 2527 1830 2583 οὐσία

240 2618 339 2669 καὶ
393 2616 772 2686 ὑπόστασις),
830 2617 1045 2687 ἀνάγκη
1097 2620 1249 2673 πᾶσα
1289 2618 1423 2690 μηδὲ
1474 2619 1566 2672 τὸν
1597 2619 1724 2672 Υἱὸν
1766 2621 1831 2673 ἐκ

242 2710 554 2780 βουλήσεως
583 2707 741 2774 εἶναι,
769 2710 989 2780 φρονεῖν
1008 2708 1040 2780 ἢ
1062 2709 1259 2778 λέγειν.

951 2826 1154 2878 ΑΛΛΟ.

465 2942 565 3006 Ὧς
584 2940 655 3005 ἐξ
701 2938 1063 3004 ἀντιθέσεως
1115 2938 1236 2992 τῶν
1278 2940 1610 3008 αΙρετικῶν.

320 3054 438 3108 Καὶ
463 3053 598 3117 πῶς,
628 3052 814 3123 φησὶν,
846 3052 946 3104 οὐκ
969 3050 1181 3121 ἀνάγκη
1215 3052 1617 3122 συνομολογεῖν,
1639 3052 1830 3124 ὅτιπερ

246 3145 517 3216 ἁῧέλητός
544 3148 655 3199 ἐστι
698 3144 773 3216 τῷ
822 3146 1002 3216 Πατρὶ
1031 3147 1059 3197 6
1090 3146 1241 3209 Υἱὸς,
1272 3145 1389 3215 ήτοι
1423 3146 1749 3216 ἀϐούλητος,
1781 3148 1829 3200 εἰ

252 3240 339 3310 μὴ
363 3242 433 3292 ὲκ
461 3239 757 3309 βουλήσεως
787 3240 883 3291 καὶ
923 3238 1195 3310 Θελήσεως
1229 3241 1450 3309 γέγονεν
1476 3258 1490 3305 ;

755 3439 898 3507 Πρὸς
929 3441 1103 3494 τοῦτο
1137 3441 1339 3507 λύσις.

323 3571 659 3624 Δυσωπείτω
678 3572 779 3625 τῶν
809 3575 1195 3645 χριστομάχων
1216 3575 1314 3645 τὴν
1336 3576 1642 3645 πάντολμον
1667 3577 1832 3646 γλῶτο

245 3681 352 3716 ταν
380 3664 413 3714 6
448 3662 636 3733 Σωτήρ
667 3666 789 3735 περὶ
837 3664 1031 3717 ἑαυτοῦ
1052 3666 1248 3734 λέγων’
1310 3685 1328 3717 ι
1378 3666 1434 3718 ὐ
1466 3666 1658 3738 Πατὴρ
1688 3668 1835 3735 φιλεῖ

247 3755 340 3808 τὶν
366 3755 522 3808 Υξόν.
554 3774 572 3806 ι
609 3756 818 3828 Ὥσπερ
860 3757 969 3827 γὰρ
1015 3757 1116 3828 ήδη
1174 3758 1539 3831 προείρηται,
1590 3758 1650 3811 τὸ
1695 3755 1833 3812 εἶναι

246 3849 461 3917 ἀγαθός
486 3866 545 3901 τε
564 3852 655 3902 καὶ
687 3850 957 3919 ἐλεήμων,
997 3850 1109 3920 ἔχει
1153 3851 1272 3920 μὲν,
1299 3852 1398 3904 οὑκ
1431 3853 1494 3904 ἐκ
1521 3851 1831 3922 βουλήσεως

246 3946 326 4006 δὲ,
359 3942 488 3995 οὔτε
523 3942 630 4013 μὴν
657 3942 973 4013 ἀὸονλήτως
998 3942 1175 3997 ταῦτά
1204 3945 1339 3997 ἐστι.
1378 3944 1531 3997 ϐέλει
1556 3945 1664 4016 γὰρ
1697 3942 1831 3998 εἶναι

245 4036 414 4089 τοῦτο
438 4038 576 4106 ὅπερ
606 4036 754 4088 ἐστὶν
789 4036 877 4088 ἀεὶ
907 4036 1000 4088 καὶ
1048 4035 1221 4089 ἔσται.
1273 4035 1430 4089 Οὑτω
1467 4039 1561 4090 καὶ
1584 4038 1632 4090 εί
1662 4038 1735 4107 μὴ
1769 4038 1834 4090 ἐκ

245 4126 563 4195 βουλήσεως
593 4125 853 4194 ἐγέννησε
889 4124 980 4177 τὸν
1032 4125 1181 4188 Υἰὺν,
1239 4125 1353 4179 ἀλλ’
1384 4126 1484 4179 οὑκ
1519 4126 1834 4197 ἀϐουλήτως

242 4219 414 4271 αὑτὸν
440 4216 574 4287 ἔχει.
625 4216 779 4269 Θέλει
803 4216 911 4285 γὰρ
944 4217 1033 4270 τὸν
1070 4217 1197 4269 Υἱὸν
1228 4217 1322 4270 καὶ
1348 4216 1512 4286 φιλεῖ,
1537 4215 1721 4281 καθὼς
1743 4216 1837 4284 γέ-

238 4326 520 4379 γραπται.
560 4309 669 4365 Καὶ
734 4308 984 4377 καθάπερ
1027 4311 1056 4362 6
1104 4308 1296 4380 Πατὴρ
1345 4309 1441 4379 τῆς
1482 4308 1834 4371 ὑποστάσεως

236 4402 340 4470 τῆς
380 4399 575 4452 ἑαυτοῦ
602 4398 832 4468 Θελητής
865 4401 1034 4462 ἐστιν,
1075 4401 1176 4453 οὑκ
1215 4402 1278 4452 ὲκ
1326 4399 1635 4470 βουλήσεως
1689 4418 1836 4463 τινος

238 4492 406 4545 τοῦτο
433 4490 509 4544 ὣν
534 4492 671 4561 ὅπερ
707 4491 877 4553 ἐστὶν,
935 4491 1077 4545 οὕτω
1138 4493 1233 4546 καὶ
1282 4494 1309 4544 6
1344 4493 1467 4555 Υἱὸς
1500 4493 1566 4546 ὲκ
1614 4493 1714 4562 τῆς
1740 4490 1833 4545 τοῦ

1930 1988 1987 2043 Si
2021 2003 2151 2059 ergo
2179 1990 2349 2044 Filius
2370 1999 2454 2045 est
2483 1990 2773 2044 character
2799 2000 2854 2042 et
2881 1989 3061 2058 imago
3089 1985 3388 2047 Genitoris.
3416 1998 3505 2054 ge~

1929 2081 2074 2135 nitus
2094 2089 2271 2135 autem
2303 2091 2407 2148 est,
2439 2092 2499 2136 ut.
2541 2096 2636 2136 vos
2680 2080 2883 2143 dicitis,
2923 2078 3268 2149 prmcedente
3294 2077 3505 2130 delibeo

1930 2172 2162 2237 ratione,
2190 2174 2549 2228 necessarium
2587 2172 2811 2227 omnino
2851 2170 3019 2224 fuerit
3059 2167 3281 2223 Patrem
3338 2166 3408 2221 ita
3450 2179 3509 2221 se

1931 2264 2153 2328 habere,
2184 2264 2437 2334 utimago
2458 2275 2513 2319 et
2535 2262 2794 2334 splendor
2845 2260 3017 2331 ipsius
3043 2278 3056 2314 :
3095 2260 3231 2313 adeo
3263 2268 3321 2313 ut
3342 2260 3516 2312 etiam-

1933 2356 2106 2423 ipsum
2133 2356 2471 2426 pra-cesserit
2501 2355 2845 2410 deliberatio.
2875 2353 2930 2407 Si
2968 2367 3098 2407 vero
3138 2353 3243 2405 hoc
3285 2349 3508 2417 impium

1932 2457 2015 2503 est
2042 2448 2061 2517 (
2090 2462 2261 2516 neque
2285 2447 2425 2504 enim
2465 2462 2532 2502 ex
2566 2444 2957 2500 deliberatione
2980 2449 3062 2496 est
3101 2439 3292 2494 Patris
3316 2452 3507 2492 essen-

1936 2537 2008 2589 tia
2035 2546 2194 2606 atque
2215 2536 2522 2607 bypostasis
2544 2535 2561 2605 )
2583 2574 2599 2600 ,
2626 2549 2757 2604 ergo
2783 2547 2884 2589 nec
2925 2531 3118 2586 Filium
3140 2543 3207 2584 ex
3236 2526 3511 2582 delibera-

1935 2631 2078 2685 tione
2106 2628 2308 2683 factum
2343 2643 2462 2684 esse
2486 2626 2568 2683 vel
2599 2627 2845 2691 credere,
2871 2623 2955 2679 vel
2988 2622 3173 2678 dicere
3198 2627 3432 2690 oportet.

2597 2818 2830 2874 ALIUD.

2305 2936 2391 2991 Ea:
2426 2934 2707 3005 objectione
2733 2934 3120 2987 hwreticorum.

2005 3053 2072 3106 At
2098 3064 2204 3120 quo
2224 3059 2403 3120 pacto,
2436 3049 2709 3118 inquiunt,
2745 3063 2849 3102 non
2880 3046 3045 3100 fuerit
3076 3053 3299 3099 necesse
3350 3036 3510 3091 fateri

1938 3143 2128 3197 Filium
2178 3142 2313 3197 citra
2373 3141 2707 3196 voluntatem
2774 3148 2868 3193 aut
2906 3135 3189 3192 consilium
3240 3129 3385 3186 Patri
3431 3141 3516 3181 ac-

1858 3231 1900 3288 C
1935 3237 2185 3299 cessisse,
2211 3235 2313 3290 nisi
2346 3234 2569 3290 consilio
2620 3240 2676 3288 et
2734 3232 3015 3286 voluntate
3066 3224 3405 3298 praecedente
3442 3217 3522 3287 la-

1941 3337 2059 3384 ctus
2085 3327 2203 3383 est?

2461 3439 2664 3495 Salutio
2697 3428 3015 3508 objectiouis.

1927 3574 1936 3589 '
2010 3575 2281 3630 Retundat
2317 3575 2683 3644 impudentem
2730 3575 2965 3631 hostium
3019 3572 3220 3629 Christi
3271 3573 3513 3644 linguam

1941 3666 2199 3722 Servator
2226 3668 2338 3737 ipse
2370 3668 2440 3722 ita
2501 3668 2567 3723 de
2614 3683 2673 3723 se
2713 3667 2902 3723 dicens
2940 3686 2953 3723 :
2993 3685 3011 3719 ι
3043 3665 3204 3722 Pater
3236 3674 3385 3719 amat
3428 3662 3522 3717 Fi-

1938 3759 2159 3813 lium".
2203 3778 2221 3809 ι
2280 3759 2739 3824 Quemadmodum
2793 3759 2936 3813 enim
3020 3756 3134 3825 jam
3186 3757 3387 3812 dictum
3438 3764 3522 3809 est

1940 3849 2081 3922 quod
2113 3850 2286 3905 bonus
2319 3851 2391 3903 sit
2443 3858 2498 3904 et
2546 3848 2880 3911 misericors,
2909 3849 3071 3901 habet
3103 3848 3153 3901 id
3189 3862 3293 3900 non
3326 3862 3390 3900 cx
3423 3860 3522 3899 vo-

1940 3944 2166 4008 luntate,
2225 3942 2320 3998 sed
2370 3955 2547 4011 neque
2603 3941 2811 4009 absque
2860 3937 3143 3992 voluntate
3195 3938 3310 3989 haec
3373 3944 3516 3988 sunt.

1941 4034 2068 4091 Vult
2087 4034 2231 4089 enim
2257 4047 2379 4089 esse
2410 4033 2462 4086 id
2482 4030 2623 4101 quod
2648 4039 2731 4085 est
2755 4042 2971 4099 semper
3002 4036 3055 4081 et
3076 4025 3199 4081 erit.
3225 4024 3302 4078 Ita
3331 4024 3520 4091 etiam,

1941 4127 2066 4181 licet
2100 4140 2202 4180 non
2234 4141 2299 4181 ex
2324 4124 2601 4180 voluntate
2634 4124 2881 4193 genuerit
2932 4121 3151 4187 Filium,
3196 4135 3301 4174 non
3332 4128 3510 4173 tamen

1941 4222 2145 4289 absque
2170 4219 2447 4275 voluntate
2479 4217 2835 4273 illumbabet.
2870 4214 2995 4271 Vult
3029 4216 3174 4270 enim
3214 4213 3411 4269 Filium
3467 4224 3523 4268 et

1943 4321 2111 4378 amat,
2143 4314 2283 4368 sicut
2307 4312 2568 4382 scriptum
2618 4319 2721 4365 est.
2755 4309 2821 4363 Et
2869 4308 3324 4379 quemadmodum
3362 4306 3523 4361 Pater

1943 4420 2095 4461 suam
2144 4405 2314 4474 ipsius
2356 4404 2689 4475 bypostasim
2735 4402 2866 4466 vult,
2918 4417 3092 4470 neque
3127 4410 3304 4455 tamen
3335 4415 3398 4454 ex
3430 4414 3519 4453 vo-

1944 4497 2149 4551 luntate
2172 4505 2256 4551 est
2285 4495 2336 4551 id
2364 4496 2504 4565 quod
2529 4506 2613 4551 est
2638 4535 2654 4562 ,
2692 4496 2765 4550 ita
2792 4496 2956 4549 etiam
2981 4493 3151 4549 Filius
3176 4510 3243 4549 ex
3284 4493 3521 4548 essentia

238 4582 465 4651 Πατρὲις
491 4582 680 4647 οὑσίας
730 4583 1027 4654 προελθὼν,
1056 4584 1157 4637 οὑκ
1182 4583 1441 4653 ἀοέλητός
1478 4585 1624 4637 ἐστιν
1656 4582 1828 4654 αὐτῷ,

1943 4590 2122 4645 Patris
2160 4590 2481 4659 procedens,
2514 4604 2618 4641 non
2651 4588 2702 4643 ei
2739 4589 2895 4643 adest
2931 4596 3127 4656 praeter
3150 4585 3318 4656 ipsius
3339 4584 3527 4640 volun.-

235 4676 287 4727 εί
310 4676 415 4727 καὶ
446 4674 700 4746 βούλησις
726 4676 964 4749 οὐδαμοῦ
980 4677 1078 4747 τῆς
1102 4677 1409 4747 γεννήσεως
1442 4674 1833 4748 προδραμοῦσα

237 4768 525 4836 φαίνεται.

934 4884 1139 4937 ΑΛΛΟ.

306 4995 382 5047 Εἰ
411 4994 757 5064 ἀπαύγασμα
793 4996 888 5049 καὶ
914 4996 1199 5067 χαρακτήρ
1250 4996 1365 5049 ἐστι
1410 4993 1504 5049 τοῦ
1546 4994 1760 5068 Πατρδς
1809 4996 1837 5049 6

236 5085 401 5149 Υξδς,
427 5085 623 5153 γέγονε
650 5086 707 5138 δὲ
736 5085 973 5156 θελήσει,
996 5086 1121 5142 καθ’
1148 5088 1315 5157 ὑμᾶς.
1362 5082 1431 5159 ἦν
1475 5087 1583 5157 ἄρα
1638 5089 1831 5158 χρόνος

230 5179 326 5231 ὅτε
355 5177 463 5229 οὐκ
496 5173 585 5248 ἦν,
617 5178 738 5232 καθ’
782 5178 842 5231 ὃν
894 5181 926 5251 ή
979 5181 1107 5250 περὶ
1151 5179 1315 5233 αὑτοῦ
1364 5179 1582 5251 θέλησις
1605 5180 1833 5234 ἐκινεῖτο

232 5270 400 5343 παρὰ
432 5269 515 5339 τῷ
568 5269 764 5342 Πατρί.
814 5271 1021 5325 Οὐκοῦν
1051 5267 1120 5344 ἦν
1172 5288 1304 5326 ποτε
1346 5273 1436 5326 ὅτε
1466 5271 1636 5344 χωρὶς
1661 5274 1835 5325 ἀπαυ-

226 5364 535 5431 γάσματος
552 5357 623 5433 ἦν
659 5365 687 5416 6
719 5362 852 5427 Θεὸς
892 5364 985 5417 καὶ
1015 5364 1136 5434 δίχα
1186 5362 1555 5436 χαρακτῆρος.
1612 5364 1743 5430 Καὶ,
1787 5365 1837 5418 εί

224 5453 290 5505 τὸ
324 5452 471 5505 ἴδιον
500 5452 600 5524 τῆς
638 5454 827 5517 οὐσίας
886 5453 979 5507 τοῦ
1015 5455 1228 5527 Πατρός
1277 5458 1424 5509 ἐστιν
1477 5458 1506 5509 6
1556 5455 1706 5519 Υἱὸς,
1738 5456 1838 5510 οὑκ

224 5538 298 5614 ἦν
335 5542 402 5595 δέ
426 5560 586 5608 ποτε,
613 5543 733 5597 καθ’
757 5545 922 5615 ὑμᾶς,
974 5545 1089 5598 ἴσον
1116 5546 1253 5598 ἐστὶ.
1281 5545 1359 5617 τῷ
1410 5546 1610 5613 λέγειν·
1641 5547 1741 5601 οὑκ
1770 5544 1837 5618 ἦν

227 5653 378 5691 ποτε
404 5635 707 5708 γεννητική
741 5635 835 5690 τοῦ
866 5636 1079 5707 Πατρὸς
1111 5638 1142 5707 ή
1174 5636 1350 5690 οὑσία·
1411 5638 1525 5693 ἀλλ’
1559 5639 1747 5712 ὥσπερ
1774 5640 1834 5693 ἔκ

307 5820 361 5850 ⁷⁵
411 5818 575 5873 llebr.
619 5837 656 5883 ι,
700 5821 752 5873 5.
833 5819 876 5849 δί’
917 5816 1071 5872 Joan.
1116 5835 1194 5883 ιιι,
1229 5820 1315 5874 35.

1937 4691 2123 4749 tatem,
2158 4681 2371 4737 tametsi
2416 4680 2666 4735 voluntas
2690 4682 2804 4736 sive
2860 4677 3183 4734 deliberatio
3206 4675 3521 4744 generatio-

1938 4790 2061 4830 nem
2099 4787 2437 4845 nequaquam
2462 4772 2825 4844 praeesserit.

2620 4885 2851 4942 ALIUD.

2012 4998 2067 5055 Si
2098 4999 2350 5071 splendor
2374 5008 2427 5054 et
2448 4998 2735 5054 character
2770 4997 2949 5052 Patris
2996 5005 3079 5049 est
3108 4992 3301 5059 Filius,
3346 4990 3524 5047 factius

1934 5102 2112 5147 autem
2136 5100 2220 5147 est
2235 5105 2299 5145 ex
2323 5090 2624 5157 voluntate,
2648 5096 2707 5143 ut
2733 5096 2910 5143 vestra
2935 5087 3041 5143 fert
3063 5085 3269 5156 opinio,
3286 5092 3404 5139 erat
3422 5083 3525 5136 ita-

1935 5201 2040 5258 que
2077 5193 2284 5255 tempus
2328 5184 2542 5255 quando
2574 5199 2678 5238 non
2725 5189 2859 5245 erat,
2901 5180 2953 5234 in
2992 5194 3100 5249 quo
3122 5177 3288 5232 Pater
3340 5175 3524 5231 consi-

1935 5276 2066 5331 lium
2109 5291 2263 5330 suum
2313 5275 2379 5331 de
2434 5275 2524 5331 illo
2572 5274 2831 5347 agitabat.
2871 5271 2998 5327 Fuit
3024 5270 3190 5342 igitur
3222 5270 3387 5323 etiam
3422 5266 3523 5320 ali-

1939 5363 2154 5433 quando
2182 5364 2321 5420 Deus
2352 5365 2557 5435 absque
2600 5380 2699 5420 suo
2750 5362 3037 5434 Splendore
3071 5369 3127 5415 et
3173 5359 3518 5413 charactere.

1939 5456 2025 5524 Et,
2058 5458 2102 5512 si
2134 5458 2411 5529 proprium
2439 5459 2689 5514 essentia:
2711 5457 2890 5512 Patris
2917 5455 3024 5527 57
3055 5462 3135 5510 est
3163 5451 3519 5519 Filius,atqni

1941 5550 1986 5605 is
2024 5549 2313 5620 aliquando
2336 5566 2443 5607 non
2476 5550 2601 5616 fuit,
2626 5558 2683 5605 ut
2711 5564 2807 5605 vos
2840 5548 3046 5613 dicitis,
3087 5545 3229 5601 idem
3267 5551 3350 5598 est
3384 5556 3446 5594 ac
3472 5539 3518 5594 si

1941 5644 2090 5701 dicas
2122 5644 2487 5716 generativam
2515 5643 2694 5701 Patris
2741 5643 3040 5701 essentiam
3075 5636 3367 5709 aliquando
3412 5645 3517 5687 non
