4032 6212
510 333 584 394 95

1541 333 1600 387 S.
1641 327 1918 386 CYRlLLl
1957 320 2428 381 ALEXANDRINI
2465 321 2784 380 ARClllEP.
3705 319 3773 375 96

510 451 802 516 exstitisse,
842 453 938 508 sed
971 452 1136 512 veluti
1179 467 1248 508 ex
1293 451 1598 507 mulatione
1619 449 1853 519 quadam
1885 462 1950 503 eo
1981 457 2093 502 tra-

2202 463 2341 510 τινος
2376 444 2682 517 μεταϐολῆς
2716 443 2796 506 είς
2860 438 3018 493 τοῦτο
3080 435 3356 510 παρῆλθεν
3409 433 3773 507 ἀποκυήσασα

512 545 729 598 ductam
763 543 1017 622 fuissent
1053 545 1300 615 gigneret
1325 541 1538 596 Filium.
1579 540 1636 596 Si
1671 555 1799 594 vero
1837 539 1887 592 id
1917 548 1970 594 et
1997 553 2089 593 co-

511 636 683 704 gitatn
714 645 768 689 et
800 636 946 691 dictu
984 635 1206 706 impium
1236 641 1340 699 est,
1373 648 1441 688 ne
1486 631 1640 694 illud,
1684 630 1994 694 Voluntate,
2019 644 2087 683 an

515 742 639 792 non,
666 729 731 781 de
757 726 894 782 Filio
919 727 1202 795 objiciant.
1233 725 1387 780 Sicut
1405 723 1552 778 enim
1588 723 1748 777 Pater
1770 721 2092 780 naturaliter

513 828 595 873 est
631 817 826 885 bonus,
859 818 930 873 ita
955 819 1119 872 etiam
1141 815 1461 870 naturaliter
1483 813 1852 886 generativus.

901 947 1128 1014 ALIUD,
1171 949 1240 1003 ad
1278 949 1698 1019 explicationem.

585 1057 642 1113 Si
675 1059 854 1113 omnis
884 1057 1132 1113 voluntas
1161 1073 1279 1126 qua:
1311 1059 1363 1112 in
1397 1073 1668 1129 quoquam
1701 1058 1760 1112 lit
1818 1072 1923 1114 non
1973 1060 2094 1113 abs-

515 1165 620 1219 que
648 1151 814 1205 verbo
855 1151 912 1205 lit
955 1150 1236 1222 (voluntas
1268 1151 1409 1206 enim
1446 1161 1531 1206 est
1560 1153 1784 1207 verbum
1825 1151 2093 1206 occultum

483 1243 658 1311 -quod
695 1241 747 1296 in
786 1243 950 1297 corde
987 1243 1285 1315 agitatur),
1321 1241 1493 1297 Filius
1529 1253 1709 1298 autem
1744 1251 1828 1297 est
1865 1240 2094 1295 Verbum

515 1333 722 1396 Patris,
758 1334 897 1389 idem
928 1334 1093 1404 igitur
1121 1335 1284 1388 etiam
1315 1343 1400 1388 est
1427 1335 1682 1389 voluntas
1711 1333 1901 1400 ipsius.
1932 1331 2094 1400 Atqui

515 1439 623 1496 quo
651 1435 807 1491 pacto
833 1425 1082 1478 voluntas
1114 1424 1165 1478 in
1191 1425 1467 1479 voluntate
1497 1424 1590 1478 lit?
1616 1431 1710 1478 aut
1741 1425 1830 1492 qui
1861 1423 2095 1477 Verbum

518 1515 570 1568 in
593 1515 808 1570 Verbo?
834 1513 1027 1570 Omnia
1062 1515 1228 1586 igitur
1255 1516 1370 1570 haec
1397 1525 1480 1572 est
1510 1515 1678 1570 Filius
1705 1513 1852 1568 Patri
1885 1531 1899 1568 :
1926 1522 1980 1568 et
2008 1525 2098 1567 vo-

516 1601 696 1657 luntas
724 1613 776 1658 et
801 1603 1065 1670 Verbum,
1097 1616 1153 1660 et
1181 1605 1448 1675 sapientia
1483 1621 1500 1660 :
1533 1603 1777 1674 nihilque
1804 1611 1889 1658 est
1919 1603 1970 1658 in
1996 1601 2099 1656 Pa-
2125 1611 2127 1613 '

519 1702 602 1747 tre
629 1703 757 1749 ante
786 1695 984 1764 ipsum.

1092 1805 1303 1863 ALIUD
1341 1807 1530 1862 simile.

590 1914 764 1972 llabet
807 1917 907 1972 sibi
956 1918 1118 1973 homo
1156 1919 1479 1973 naturaliter
1514 1917 1729 1972 insitam
1777 1914 2097 1984 procreandi

521 2007 662 2063 ﬁlios
701 2019 1060 2078 potestatem,
1103 2019 1156 2065 et
1197 2025 1302 2063 non
1345 2009 1798 2079 quemadmodum
1841 2011 2001 2062 homo
2033 2021 2099 2061 ex

519 2099 800 2156 voluntate
835 2111 918 2156 est
955 2102 1128 2156 bonus
1159 2108 1252 2155 aut
1285 2100 1486 2164 malus,
1520 2100 1593 2153 ita
1623 2099 1786 2152 etiam
1822 2111 1887 2151 ex
1916 2095 2103 2150 volun-

521 2200 630 2246 tate
655 2201 738 2246 est
764 2201 935 2262 pater.
967 2191 1070 2246 Sed
1101 2193 1204 2247 hoc
1229 2206 1292 2245 ex
1323 2201 1512 2245 natura
1532 2231 1548 2255 ,
1575 2189 1706 2244 illud
1732 2203 1797 2244 ex
1824 2187 2101 2243 voluntate

521 2281 700 2335 habet.
732 2281 797 2336 Et
831 2281 977 2336 illius
1008 2281 1224 2351 quidem
1257 2279 1462 2336 domini
1496 2292 1716 2345 sumus;
1751 2278 1804 2331 in
1839 2277 1941 2330 hoc
1975 2290 2102 2330 vero

523 2381 778 2441 perpetua
829 2381 992 2443 atque
1039 2369 1502 2427 incommutabilis
1553 2377 1763 2423 naturae
1810 2368 1893 2422 lex
1935 2367 2096 2436 viget.

523 2465 674 2518 Sicut
713 2465 875 2535 igitur
910 2481 1010 2520 nos
1049 2479 1152 2518 non
1189 2479 1252 2518 ex
1291 2462 1588 2526 voluntate,
1627 2460 1718 2516 sed
1754 2468 1968 2520 natura,
2006 2457 2102 2510 ha-

521 2557 710 2611 bemus
735 2566 791 2610 ut
818 2558 989 2611 simus
1017 2566 1194 2626 patres
1221 2554 1452 2608 ﬁliorum
1479 2561 1809 2614 nostrorum,
1837 2550 1909 2604 ita
1935 2551 2099 2603 etiam

527 2649 664 2703 Deus
694 2663 756 2703 ac
783 2649 944 2704 Pater
969 2664 1075 2702 non
1105 2663 1172 2702 ex
1199 2646 1471 2701 voluntate
1499 2643 1660 2698 Pater
1682 2653 1788 2709 est,
1817 2643 1911 2698 sed
1943 2650 2102 2694 natu-

522 2740 729 2795 raliter.
769 2742 834 2795 Et
876 2739 1332 2810 quemadmodum
1375 2737 1464 2807 qui
1505 2752 1572 2792 ex
1615 2737 1768 2790 nobis
1809 2735 2102 2802 gignuntur

522 2833 728 2888 similes
760 2849 982 2902 prorsus
1020 2833 1176 2889 nobis
1215 2841 1339 2886 sunt
1373 2831 1669 2886 secundum
1709 2827 2099 2890 substantiam,

524 2923 595 2976 ita
626 2925 786 2978 etiam
820 2924 1128 2990 Filiusnon
1161 2923 1502 2978 extrinsecus
1536 2921 1686 2976 Patri
1719 2919 1974 2983 accessit,
2007 2917 2101 2972 sed

525 3029 710 3068 revera
738 3030 806 3068 ex
833 3016 1068 3070 essentia
1099 3015 1270 3084 ipsius
1295 3017 1595 3084 procedens
1623 3027 1718 3081 per
1743 3012 1923 3066 omnia
1952 3009 2102 3065 simi-

524 3105 589 3159 lis
614 3113 699 3160 est
726 3104 990 3160 Genitori.
1018 3106 1083 3160 Et
1104 3105 1558 3175 quemadmodum
1592 3104 1752 3158 Pater
1779 3121 1884 3159 non
1915 3119 1980 3158 ex
2009 3119 2103 3158 vo-

2192 538 2284 594 τὸν
2315 537 2465 590 Υἱόν.
2504 535 2567 588 Εἰ
2594 534 2650 588 δὲ
2699 532 2857 586 τοῦτο
2877 530 3072 592 ἀσεϐὲς
3104 533 3320 600 φρονεῖν
3350 545 3409 580 τε
3444 527 3538 581 καὶ
3570 527 3770 595 λέγειν,

2198 629 2273 703 μὴ
2295 627 2726 701 προτεινέτωσάν
2756 641 2900 688 τινες
2925 624 3008 692 ἐφ’
3043 622 3177 675 Υἱοῦ
3198 621 3278 683 τὸ,
3319 620 3580 691 Βουλήσει
3609 620 3641 690 ἢ
3671 620 3770 690 μή.

2198 721 2412 789 Ὠσπερ
2437 719 2545 790 γὰρ
2581 717 2782 786 ἀγαθὸς
2811 713 2953 766 κατά
2986 711 3148 782 φύσιν
3173 712 3317 765 ἐστὶν
3343 713 3371 765 6
3402 711 3611 782 Πατὴρ,
3631 710 3776 764 οὕτω

2197 814 2291 866 καὶ
2319 809 2637 880 γεννητικὸς
2663 808 2804 862 κατὰ
2833 799 3013 876 φύσιν.

2620 942 2803 995 ΑΔΔΟ
2825 981 2840 1008 ,
2888 941 3341 1010 διηγηματικῶς.

2273 1059 2336 1112 Ei
2375 1058 2527 1112 πᾶσα
2576 1055 2830 1127 βούλησις
2859 1058 2891 1126 ή
2927 1055 2982 1108 ἕν
3009 1073 3116 1108 τισι
3151 1053 3411 1124 γινομένη
3441 1053 3502 1106 ού
3541 1053 3662 1123 δίχα
3692 1053 3781 1105 λό-

2201 1168 2298 1221 γου
2320 1151 2526 1219 γίνεται
2546 1149 2564 1221 (
2579 1148 2734 1216 λόγος
2759 1148 2868 1218 γάρ
2899 1148 3047 1199 ἐστιν
3069 1146 3292 1214 ἀφανῶς
3321 1147 3377 1197 ἐν
3403 1144 3598 1216 καρδία
3628 1162 3779 1215 στρε-

2203 1243 2492 1312 φάμενοςή
2531 1237 2854 1310 βούλησις),
2916 1237 3030 1292 ἔστι
3090 1237 3145 1290 δὲ
3189 1239 3216 1290 ὁ
3243 1236 3368 1299 Υἱὸς
3401 1239 3429 1290 6
3480 1237 3648 1304 Λόγος
3684 1237 3778 1289 τοῦ

2203 1332 2437 1403 Πατρὸς,
2494 1329 2657 1393 αὐτὸς
2706 1328 2814 1398 ἄρα
2837 1329 2984 1381 ἐστὶν
3041 1328 3074 1397 ἡ
3116 1326 3367 1398 βούλησις
3419 1327 3604 1381 αὐτοῦ.
3645 1322 3783 1380 Εἶτα

2205 1423 2322 1487 πῶς
2360 1425 2392 1494 ή
2431 1422 2684 1494 βούλησις
2728 1422 2784 1474 ἐν
2820 1420 3071 1491 βουλήσει
3112 1419 3358 1487 γίνεται;
3394 1418 3426 1490 ἦ
3472 1417 3585 1481 πῶς
3619 1420 3647 1472 6
3675 1418 3781 1470 A6-

2203 1531 2299 1584 γος
2320 1515 2377 1568 ὲν
2403 1514 2595 1585 Λόγῳ;
2633 1513 2818 1568 Πάντα
2865 1511 3043 1564 τοίνυν
3071 1511 3219 1564 ἐστὶν
3252 1511 3280 1563 ὁ
3314 1509 3442 1570 Υἱὸς
3470 1508 3545 1579 τῷ
3569 1509 3742 1578 “arpi
3764 1549 3779 1572 ,

2204 1608 2299 1662 καὶ
2351 1606 2515 1678 βουλὴ
2545 1606 2638 1660 καὶ⁵
2670 1605 2864 1674 Λόγος,
2897 1604 2990 1656 καὶ
3015 1603 3196 1672 σοφίαο
3232 1601 3324 1655 καὶ
3347 1601 3499 1654 οὐδέν
3529 1599 3678 1653 ἐστιν
3724 1601 3784 1652 ἐν

2206 1699 2380 1771 Πατρὶ
2406 1697 2512 1770 πρὸ
2551 1696 2734 1751 αὐτοῦ.

2769 1809 2950 1862 ΑΛΛΟ
2985 1807 3212 1876 ὅμοιον.

2279 1927 2434 1997 Ἔχει
2466 1925 2605 1980 κατὰ
2639 1923 2800 1992 φύσιν
2830 1925 2857 1975 ὀ
2898 1921 3182 1991 ἅνθρωπος
3209 1918 3270 1971 τὸ
3294 1916 3556 1972 δύνασθαι
3575 1917 3783 1972 τέκνων

2203 2016 2364 2068 αὐτὸν
2385 2013 2638 2084 γενέσθαι
2668 2012 2900 2082 πατέρα·
2926 2009 3017 2062 καὶ¹
3045 2008 3142 2078 οὐχ
3168 2009 3355 2078 ὥσπερ
3384 2009 3446 2060 ὲκ
3480 2007 3784 2078 βουλήσεως

2202 2106 2403 2175 ἀγαθός
2431 2108 2581 2159 ἐστιν
2614 2104 2646 2174 ἢ
2687 2102 2942 2174 πονηρὸς,
2967 2101 3111 2155 οὓτω
3146 2101 3240 2154 καὶ
3268 2101 3471 2171 πατὴρ.
3529 2099 3690 2153 Ἀλλὰ
3721 2099 3784 2152 τὸ

2187 2197 2305 2270 ,μὲν
2345 2195 2524 2267 φύσει,
2554 2194 2614 2248 τὸ
2633 2193 2688 2247 δὲ
2724 2192 2973 2263 βουλήσει
3019 2189 3156 2244 ἐστί.
3210 2189 3320 2242 Καὶ
3371 2189 3465 2241 τοῦ
3499 2189 3596 2260 μὲν
3617 2190 3783 2260 ἐσμὲν

2203 2291 2404 2360 κύριοι*
2440 2285 2534 2340 τοῦ
2564 2285 2618 2338 δὲ
2665 2287 2698 2356 ἠ
2753 2283 2912 2351 φύσις
2948 2279 3304 2352 ἀπαράϐατον
3336 2279 3446 2350 ἔχει
3477 2280 3568 2333 τὸν
3596 2280 3778 2350 νόμον.

2205 2383 2414 2452 Ὥσπερ
2441 2373 2532 2432 οὖν
2559 2377 2658 2430 οὐκ
2693 2376 2756 2428 ἐκ
2786 2373 3088 2444 βουλήσεως
3125 2372 3321 2442 ἔχομεν
3351 2373 3512 2442 ἡμεῖς
3553 2372 3613 2424 τὸ
3639 2367 3781 2426 εἶναι

2201 2469 2438 2540 πατέρες
2481 2468 2590 2520 τῶν
2647 2465 2706 2532 ἐξ
2759 2464 2936 2535 ἡμῶν,
2985 2463 3120 2516 ἀλλὰ
3171 2462 3434 2531 φυσικῶς,
3464 2461 3723 2517 οὕτωκαὶ
3754 2468 3784 2519 6

2202 2559 2334 2622 Θεὸς
2382 2560 2476 2611 καὶ
2523 2556 2713 2626 Πατὴρ
2764 2556 2863 2607 οὐκ
2928 2555 2991 2606 ἐκ
3038 2553 3348 2623 βουλήσεως
3386 2555 3576 2625 Πατήρ
3611 2557 3780 2621 ἐστιν,

2203 2651 2338 2704 ἀλλά
2367 2648 2633 2718 φυσικῶς.
2697 2646 2807 2700 Kal.
2859 2644 3052 2716 ὥσπερ
3083 2645 3133 2697 οἱ
3182 2645 3240 2711 ἐξ
3289 2644 3446 2715 ἡμῶν
3473 2645 3784 2716 τικτόμενοι

2202 2745 2372 2814 ὅμοιοι
2399 2743 2614 2804 πάντως
2631 2743 2762 2810 ἡμῖν
2792 2741 2912 2792 κατ’
2933 2739 3122 2792 οὐσίαν
3140 2737 3298 2802 είσὶν,
3325 2736 3468 2790 οὕτω
3503 2739 3595 2792 καὶ
3614 2741 3642 2792 6
3658 2741 3786 2805 Υἱὸς

2202 2833 2300 2886 οὐκ
2330 2832 2527 2896 ἔξωθεν
2556 2831 2635 2902 τῷ
2659 2831 2832 2901 Πατρὶ
2873 2829 3328 2900 προσγενόμενος,
3369 2829 3486 2883 ἀλλ’
3521 2831 3689 2896 ὅντως
3719 2833 3787 2886 ἐκ

2201 2925 2300 2994 τῆς
2324 2924 2512 2994 οὐσίας
2544 2922 2709 2978 αὐτοῦ
2739 2920 3018 2993 προελθὼν
3073 2921 3260 2989 ὅμοιός
3291 2922 3404 2976 ἐστι
3439 2922 3580 2975 κατά
3607 2924 3786 2978 πάντα

2202 3015 2281 3086 τῷ
2317 3014 2686 3084 γεγεννηκότι.
2722 3014 2831 3066 Καὶ
2863 3013 3054 3083 ὥσπερ
3088 3013 3191 3066 οὐκ
3223 3012 3286 3064 ὲκ
3334 3007 3640 3084 βουλήσεως
3667 3015 3788 3067 ἐστι

2204 3108 2416 3179 Πατὴρ,
2457 3107 2598 3160 οὕτω
2643 3106 2738 3160 καὶ
2771 3107 2799 3158 ὁ
2847 3107 2974 3170 Υἱὸς
3007 3105 3106 3158 οὐκ
3154 3106 3217 3157 ἐκ
3261 3103 3569 3175 βουλήσεως
3605 3107 3784 3172 ἐστιν,

527 3195 732 3250 lnntate
757 3207 839 3251 est
869 3195 1051 3261 Pater,
1081 3195 1151 3250 ita
1179 3205 1233 3250 et
1261 3196 1431 3252 Filius
1460 3211 1564 3250 non
1597 3209 1662 3248 ex
1689 3195 1980 3259 voluntate,
2009 3194 2101 3249 sed

2207 3161 2516 3253 dinotux'arét
2537 3197 2719 3266 φύσιν,
2743 3161 3084 3268 ἀπαύγασμα
3106 3195 3200 3250 καὶ
3221 3161 3506 3269 χάρακτὴρ
3525 3161 3787 3269 ὑπάρχων

466 3307 470 3312 -
523 3273 589 3338 ex
630 3295 818 3338 natura
857 3295 962 3352 est,
1000 3286 1253 3355 splendor
1286 3294 1336 3341 et
1375 3285 1658 3340 character
1689 3285 1957 3342 exsisteus
1990 3283 2106 3353 ejus

525 3376 621 3446 qui
654 3375 827 3444 ipsum
861 3377 1065 3446 genuit.

1195 3486 1420 3543 ALIUD.

983 3578 1223 3650 Objeclio
1261 3595 1326 3634 ea:
1365 3579 1649 3633 Eunomia.

593 3693 962 3765 interrogandi
1001 3704 1160 3758 sunt,
1195 3695 1400 3764 inquit,
1436 3694 1473 3748 ii
1511 3693 1601 3762 qui
1636 3706 1694 3747 se
1729 3698 1872 3746 recte
1904 3689 2106 3746 sentire

523 3787 858 3848 existimant,
889 3795 1067 3839 utrum
1100 3787 1392 3854 aliquando
1440 3785 1718 3839 voluntate
1745 3781 1990 3852 genuerit
2019 3780 2105 3835 Fi-

527 3877 651 3930 lium
681 3876 859 3941 Pater,
887 3893 954 3930 an
987 3879 1118 3931 citra
1150 3879 1509 3932 voluntatem.
1554 3876 1610 3931 Si
1638 3875 1782 3931 enim
1813 3874 2021 3928 exstitit
2051 3874 2104 3925 in

521 3971 753 4024 essentia
787 3969 993 4033 Patris,
1027 3969 1167 4024 alius
1198 3971 1264 4023 ab
1297 3971 1412 4037 ipso
1443 3969 1639 4030 Filius,
1674 3982 1778 4021 non
1807 3965 2106 4019 voluntarie

523 4064 725 4130 genuit.
749 4061 981 4116 Necesse
1011 4062 1154 4114 enim
1186 4070 1301 4113 erat
1334 4074 1523 4126 parere
1554 4073 1676 4112 eum
1707 4059 1795 4125 qui
1830 4058 1881 4110 in
1915 4065 2103 4110 natura

523 4162 659 4204 erat.
693 4153 747 4204 Si
781 4167 907 4205 vero
938 4167 1040 4204 non
1073 4160 1188 4204 erat
1223 4150 1274 4204 in
1305 4148 1492 4211 Patre,
1526 4147 1619 4201 sed
1655 4148 1829 4200 laetus
1859 4154 1940 4200 est
1974 4145 2105 4198 deli-

522 4245 806 4297 beratione
842 4242 1018 4296 Patris
1049 4242 1287 4296 adhibita
1308 4281 1322 4305 ,
1363 4255 1582 4294 necesse
1612 4248 1693 4293 est
1721 4237 1941 4314 omnino
1971 4237 2105 4291 deli-

525 4335 857 4388 berationem
900 4334 1263 4404 przecessisse.
1305 4331 1419 4388 Non
1459 4340 1576 4386 erat
1622 4331 1789 4402 igitur
1821 4329 1972 4386 Patri
2006 4341 2105 4385 co-

524 4437 780 4484 internus.

1032 4540 1238 4595 Salutio
1275 4537 1597 4611 objectionis.
2127 4512 2178 4576 ι)

595 4680 831 4734 Primum
865 4678 1081 4749 quidem
1115 4675 1378 4744 stupenda
1413 4688 1498 4728 res
1528 4680 1612 4728 est
1643 4685 1749 4742 quo
1777 4676 1936 4740 pacto
1968 4669 2098 4727 adeo

525 4773 807 4828 tmnerarie
848 4780 901 4826 et
945 4777 1254 4840 portentosa
1290 4767 1434 4820 velut
1475 4765 1742 4834 imperitia
1786 4765 1838 4819 in
1882 4775 2098 4820 omnem

526 4865 905 4933 blasphemiam
930 4871 1110 4917 ruant.
1130 4859 1314 4930 Neque
1338 4859 1448 4928 58
1470 4860 1610 4912 enim
1636 4859 1796 4926 pudet
1818 4871 1912 4911 eos
1934 4855 2096 4909 etiam

523 4954 696 5022 ipsum
729 4954 894 5010 Deum
929 4952 1236 5008 necessitati
1272 4951 1573 5020 subjicere,
1606 4951 1845 5004 dicentes
1879 4949 2100 5017 perinde

523 5054 682 5114 atque
712 5045 762 5096 in
795 5047 1045 5099 humanis
1075 5043 1393 5115 corporibus
1423 5042 1626 5111 aliquid
1657 5039 1834 5095 Patris
1862 5038 2096 5093 essentia

521 5137 924 5204 t‘Olllpl‘Cllendi,
967 5153 1030 5192 ac
1071 5137 1224 5207 quasi
1262 5151 1357 5190 vas
1401 5136 1452 5188 in
1493 5149 1643 5199 vase,
1681 5133 1753 5187 ita
1805 5132 2001 5186 Filium
2045 5132 2097 5185 in

523 5226 682 5281 Patre
727 5230 917 5283 teneri.
961 5227 1071 5282 Nos
1112 5244 1262 5292 vero,
1296 5230 1386 5297 qui
1434 5237 1578 5281 recte
1624 5241 1686 5278 ac
1729 5225 1868 5293 jnste
1899 5225 2100 5277 sentire

524 5319 831 5383 studemus,
862 5321 1149 5375 essentiam
1191 5321 1282 5375 Dei
1324 5318 1468 5374 omni
1507 5317 1825 5372 necessitate
1859 5315 2100 5386 superio-
2127 5381 2146 5400 κ

526 5425 636 5462 rem
673 5425 793 5464 esse
830 5411 1089 5480 dicimus;
1121 5423 1176 5470 et
1203 5414 1400 5470 Filium
1433 5429 1554 5469 esse
1588 5416 1638 5466 in
1671 5413 1864 5476 Patre,
1896 5427 2002 5466 non
2042 5419 2100 5465 ut

527 5515 720 5570 corpus
751 5502 802 5554 in
835 5518 1081 5572 corpore,
1111 5487 1203 5560 sed
1237 5517 1295 5561 ut
1325 5505 1738 5576 inseparabilem
1773 5505 1840 5559 ab
1871 5504 1985 5570 ejus
2015 5517 2101 5557 es-

523 5591 696 5644 sentia
733 5602 784 5647 et
824 5594 890 5647 ab
930 5595 1045 5664 ipso
1083 5599 1466 5665 procedentem
1501 5596 1838 5651 naturaliter.
1880 5595 1936 5649 Si
1974 5609 2100 5650 vero

528 5686 843 5743 evistimant
884 5704 942 5744 se
984 5699 1198 5744 acutum
1239 5691 1440 5760 aliquid
1487 5703 1818 5760 prepnnere,
1865 5687 2100 5741 dicentes

533 5779 805 5839 voluntate
832 5794 921 5841 aut
947 5785 1081 5840 citra
1107 5784 1436 5841 voluntatem
1467 5801 1586 5839 eum
1619 5782 1816 5837 factum
1846 5796 1982 5840 esse,
2015 5781 2094 5834 vi-

2204 3291 2298 3344 τοῦ
2329 3291 2683 3362 γεννήσαντος
2718 3289 2902 3344 αὐτόν.

2901 3490 3102 3544 ΑΛΛο.

2465 3601 2786 3668 Ἀντίθεσις
2843 3602 2922 3668 ὡς
2954 3602 3021 3655 ἐκ
3060 3600 3176 3654 τῶν
3211 3601 3528 3672 Εὐνομίου.

2291 3694 2640 3765 Ἐρωτητέον,
2679 3695 2833 3764 φησὶ,
2869 3693 2996 3758 τοὺς
3029 3694 3164 3766 ὀρθὰ
3215 3697 3428 3764 φρονεῖν
3459 3693 3739 3766 οἰομένους
3763 3736 3781 3761 ,

2208 3787 2434 3858 πότερόν
2459 3803 2592 3838 ποτε
2629 3785 2884 3856 βουλήσει
2915 3787 3213 3855 γεγέννηκε
3239 3787 3329 3839 τὸν
3362 3786 3488 3839 Υίὺν
3513 3789 3539 3840 6
3567 3787 3781 3857 Πατὴρ,

2205 3879 2236 3948 ἢ
2273 3877 2605 3947 ἀΰουλήτως.
2670 3877 2733 3929 Εἰ
2762 3877 2859 3947 μὲν
2894 3878 3002 3949 γὰρ
3028 3877 3299 3947 ἐνυπῆρχε
3341 3880 3407 3948 τῇ
3447 3878 3541 3930 τοῦ
3571 3878 3786 3948 Πατρὸς

2203 3969 2381 4038 οὐσίᾳ,
2421 3969 2606 4038 ἕτερος
2639 3967 2714 4020 ὢν
2746 3973 2877 4040 παρ’
2912 3971 3074 4024 αὐτον
3115 3971 3143 4023 6
3177 3965 3324 4033 Υἱὸς,
3363 3971 3434 4027 ,οὐ
3462 3971 3782 4042 προαιρέσει

2204 4058 2436 4112 τέτοκεν.
2483 4054 2592 4112 Ἦν
2639 4058 2746 4129 γὰρ
2796 4060 3007 4129 ἀνάγκη
3065 4063 3243 4113 τεκεῖν
3297 4061 3388 4113 τὸν
3422 4061 3479 4112 ὲν
3525 4063 3588 4130 τῇ
3625 4060 3787 4128 φύσει

2206 4151 2474 4220 κείμενον.
2506 4152 2569 4204 Εἰ
2589 4152 2645 4203 δὲ
2674 4152 2772 4204 οὐκ
2797 4147 2864 4222 ἦν
2905 4152 2963 4203 ἐν
2994 4154 3189 4223 Πατρὶ,
3222 4153 3482 4223 ἐγεννήθη
3517 4152 3570 4204 δὲ
3595 4151 3785 4222 βουλη-

2206 4240 2392 4304 θέντος
2422 4241 2512 4294 τοῦ
2549 4243 2784 4314 Πατρὶς.
2826 4242 3040 4313 ἀνάγκη
3076 4245 3451 4315 προῡπάρχειν
3484 4242 3644 4295 αύτοῦ
3685 4243 3784 4312 τὴν

2205 4331 2479 4407 βούλησιν.
2505 4335 2617 4387 Οὐκ
2647 4329 2714 4404 ἦν
2743 4328 2835 4386 οὖν
2882 4333 2992 4402 ἄρα
3027 4333 3102 4405 τῷ
3151 4336 3468 4406 γεννήσαντι
3499 4332 3782 4395 συναῖδιος.

2697 4533 2851 4603 Πρὸς
2873 4533 3058 4588 ταῦτα
3085 4534 3285 4599 λύσις.

2274 4671 2499 4744 Πρῶτον
2544 4669 3076 4742 μὲν-ἀποθαυμάζων
3120 4669 3270 4733 ἄξιον
3300 4670 3424 4732 τοὺς
3455 4667 3783 4737 ἀφυλάκτως

2201 4766 2282 4829 είς
2313 4767 2492 4818 πᾶσαν
2520 4763 2810 4834 τρέχοντας
2845 4762 3180 4831 δυσφημίαν,
3221 4760 3420 4831 πολλήν
3452 4776 3510 4811 τε
3537 4757 3782 4828 ἀμαθίαν

2202 4859 2385 4920 αὐτοῖς
2439 4856 2710 4925 ἐγκαλεῖν.
2783 4855 2857 4906 Οὐ
2915 4853 3022 4924 γὰρ
3082 4852 3430 4923 αἰσχύνονται
3490 4850 3581 4903 καὶ
3618 4850 3782 4903 αὑτὸν

2201 4949 2470 5015 ἀνάγκαις
2498 4946 2842 5009 ὑποτιθέντες
2869 4937 2958 4998 τὸν
2983 4943 3136 5008 Θεὸν,
3163 4944 3258 4997 καὶ
3289 4941 3539 5010 καθάπερ
3562 4940 3653 4992 ἐπὶ
3681 4957 3784 4992 σω-

2207 5041 2392 5112 μάτων
2443 5039 2796 5110 ἀνθρωπίνων
2856 5035 3282 5106 ὲμπεριέχεσθαί
3335 5053 3385 5088 τι
3438 5034 3688 5102 λέγοντες
3717 5034 3783 5102 τῇ

2202 5132 2297 5185 τοῦ
2331 5132 2540 5202 Πατρὺς
2571 5130 2750 5202 οὐσία,
2780 5129 2810 5199 ἢ
2846 5128 3034 5200 ὥσπερ
3059 5146 3109 5180 τι
3139 5127 3330 5189 σκεῦος
3359 5127 3415 5177 ἐν
3456 5125 3638 5178 σκεύει
3672 5126 3786 5175 κεῖ-

2205 5226 2325 5279 σθαι
2353 5226 2443 5277 τὸν
2493 5225 2620 5277 Υἱὸν
2671 5225 2730 5276 ὲν
2783 5224 2976 5295 Πατρί.
3038 5224 3231 5293 Ἡμεῖς
3281 5219 3336 5272 δὲ
3392 5213 3472 5280 οἷς
3517 5215 3652 5286 ὀρθὰ
3690 5215 3785 5267 καὶ

2203 5315 2384 5368 δίκαια
2408 5317 2624 5386 φρονεῖν
2653 5313 3040 5376 ὲσπούδασται,
3059 5311 3170 5365 ἄνω
3198 5310 3295 5380 μὲν
3321 5307 3502 5376 πάσης
3535 5305 3783 5373 ἀνάγκης

2203 5401 2344 5459 εἷναί
2372 5423 2551 5475 φαμεν
2580 5405 2678 5474 τὴν
2717 5405 2902 5457 οὐσίαν
2926 5403 3019 5456 τοῦ
3051 5401 3211 5455 Θεοῦο
3244 5396 3383 5452 εἶναι
3410 5397 3467 5450 δὲ
3501 5396 3663 5450 πάλιν
3693 5395 3784 5448 τὸν

2205 5499 2332 5552 Υίὺν
2359 5499 2414 5550 ὲν
2446 5497 2622 5566 Πατρὶ
2643 5536 2657 5560 ,
2693 5497 2791 5567 οὐχ
2818 5497 2893 5558 ὡς
2924 5496 3080 5566 σῶμα
3119 5495 3222 5546 ὑπὸ
3254 5492 3504 5562 σώματος
3535 5487 3787 5558 περιεχό-

2209 5607 2390 5663 μενον,
2421 5589 2535 5642 ἀλλ’
2563 5589 2636 5651 ὡς
2672 5588 2973 5660 ἀχώριστον
3003 5589 3100 5658 τῆς
3157 5585 3346 5647 οὐσίας
3397 5579 3562 5634 αὐτοῦ
3595 5578 3689 5632 καὶ.
3726 5577 3786 5635 ἐξ

2206 5682 2375 5751 αὐτῆς
2408 5679 2740 5753 προελθόντα
2777 5679 2916 5733 κοιτά
2951 5679 3041 5732 τὸν
3086 5677 3186 5748 τῆς
3223 5675 3439 5742 φύσεως
3481 5671 3666 5741 νόμον.
3721 5669 3782 5722 El

2206 5777 2259 5829 δὲ
2287 5774 2486 5828 οἴονται
2523 5773 2680 5841 σοφόν
2717 5791 2766 5827 τι
2802 5771 3122 5840 προτείνειν,
3156 5768 3408 5838 βουλήσει
3446 5764 3694 5833 λέγοντες
3743 5756 3778 5826 ἢ
