4110 6212
261 355 330 414 μγ
1339 387 1342 390 ,
1647 337 2092 396 TllESAUliUS.
3424 338 3492 396 98

259 467 536 536 ἀϐουλήτως
563 465 721 516 αὑτὸν
755 461 1102 531 γεγενῆσθαι,
1128 464 1220 513 καὶ
1257 461 1388 530 παρ’
1421 457 1580 528 ἡμῶν
1609 459 1789 511 ἀκουέ-

1909 454 2090 509 cissint
2117 454 2214 507 hoc
2246 468 2272 505 a
2309 454 2459 507 nobis
2491 452 2711 506 audiant
2742 471 2756 506 :
2791 453 2931 521 Ergo
2972 453 3109 524 ignis
3146 453 3306 509 etiam
3342 456 3484 509 calo-

258 576 434 613 τωσαν·
455 556 701 623 Βουλήσει
733 550 844 624 ἆρα
873 554 932 606 τὸ
983 551 1091 622 πῦρ
1116 552 1214 621 τὴν
1233 551 1292 614 ἐξ
1309 549 1474 604 αὑτοῦ
1501 549 1811 618 θερμότητα

259 650 446 719 γεννᾷῆ
483 646 795 716 ἀϐουλήτως
823 662 836 708 ;
905 643 1044 696 Ἀλλ’
1077 643 1230 696 οὐδὲν
1258 642 1439 706 ἕξουσι
1488 640 1622 711 πρὸς
1652 638 1809 692 τοῦτο

257 742 422 794 εἰπεῖν.
449 738 526 790 Τὰ
553 737 660 806 γὰρ
680 739 746 790 ὲκ
775 736 991 805 φύσεως
1024 736 1278 806 προϊόντα
1298 775 1312 799 ,
1361 732 1486 787 οὔτε
1523 732 1774 802 βούλησιν
1792 773 1805 794 ,

255 831 358 886 οὔτε
386 830 698 899 ἀόουλησὶαν
727 829 1059 897 ἐπιδέχεται.
1109 828 1234 880 Ἐπὶ
1266 826 1324 878 δὲ
1346 825 1458 878 τῶν
1495 825 1690 890 ἔξωθεν
1714 825 1809 877 καὶ

254 917 314 976 ὧν
339 925 489 991 ἐσμεν
508 924 562 974 ὲν
589 919 835 989 ἐξουσίᾳ,
862 919 1114 988 βούλησις
1138 919 1232 971 καὶ
1263 917 1561 988 ἀϐουλησία
1591 918 1803 988 κρατεῖ.

256 1012 435 1078 Ὠσπερ
460 1005 549 1061 οὖν
608 1010 701 1061 καὶ
741 1011 897 1078 ἡμᾶς
962 1006 1308 1078 ἐργαζόμεθά
1340 1025 1392 1059 τι
1424 1007 1804 1077 βουληθέντες,

255 1103 476 1170 τίκτομεν
529 1101 585 1153 δὲ
635 1100 694 1164 ἐξ
741 1101 993 1162 ἑαυτῶν,
1037 1099 1227 1151 οὐδένα
1273 1099 1439 1151 τόπον
1481 1098 1709 1169 ἐχούσης
1748 1101 1806 1152 ἐν

253 1194 402 1262 τούτῳ
431 1193 725 1262 βουλήσεως
753 1193 792 1263 ἦ
827 1191 1181 1262 ἀΰουλησίας,
1226 1190 1369 1244 οὕτω
1408 1191 1502 1243 καὶ
1546 1190 1679 1253 Θεὸς
1711 1192 1804 1260 ἑρ-

253 1285 449 1349 γάςεται
479 1283 570 1352 μὲν
604 1283 869 1353 βουλήσει
899 1282 966 1335 τὰ
988 1283 1163 1347 ἐκτὸς,
1196 1283 1454 1351 ἐγέννησε
1481 1281 1536 1334 δὲ
1561 1281 1806 1352 ἀχρόνως

253 1373 331 1425 τὸν
351 1373 465 1425 Υἱὺν
491 1373 544 1437 ἐξ
564 1375 785 1438 ἑαυτοῦ,
834 1373 1024 1426 οὐδένα
1075 1373 1239 1426 τόπον
1265 1375 1495 1443 ἐχούσης
1524 1375 1582 1426 ὲν
1631 1372 1805 1442 τούτῳ

254 1461 519 1533 βουλήσεως
541 1465 627 1515 καὶ
652 1464 1013 1534 ἁδουλησίας,
1035 1465 1083 1516 εξ
1108 1469 1201 1518 καὶ
1224 1465 1324 1516 οὐκ
1348 1464 1606 1534 ἁθέλητός
1632 1465 1800 1518 ἐστιν.

262 1553 310 1605 Ὀ
339 1555 432 1624 γὰρ
459 1553 635 1625 Πατὴρ
668 1557 873 1626 ἀγαπᾷ
912 1556 1001 1609 τὸν
1033 1555 1181 1618 Υξὸν,
1205 1555 1280 1619 ὡς
1307 1555 1635 1626 γέγραπται.

912 1733 1114 1785 ΑΛΛΟ.

461 1844 547 1910 Ὡς
568 1845 633 1908 ἐξ
667 1844 1044 1911 ἀντιθέσεως
1083 1844 1201 1898 τῶν
1234 1846 1554 1914 Ε’ὺνομίου.

303 1958 358 2009 Εἰ
393 1958 458 2028 μὴ
485 1958 762 2029 βουλήσει,
793 1961 980 2029 φησὶν,
1040 1960 1296 2030 ἐγέννησε
1325 1961 1415 2012 τὸν
1459 1959 1588 2013 Υἱὸν
1619 1959 1646 2010 ὁ
1687 1961 1796 2014 Πα-

246 2046 349 2116 τὴρ,
381 2049 478 2117 ἔχει
507 2050 560 2102 δὲ
597 2052 774 2103 αὑτὸν
796 2053 860 2103 ἐκ
881 2051 1120 2119 φύσεως,
1148 2051 1390 2120 δηλονότι
1418 2052 1513 2104 καὶ
1541 2051 1640 2121 τὴν
1669 2051 1796 2120 περὶ

245 2141 384 2193 αὐτὸν
411 2141 592 2209 γνῶσιν
625 2145 738 2195 οὐκ
769 2142 909 2213 ἔχων
944 2144 1123 2206 αὐτὸς,
1160 2144 1273 2213 ἔχει
1301 2144 1461 2198 πάλιν
1496 2143 1664 2213 αὐτὴν
1688 2143 1796 2196 ἀπὸ

245 2231 331 2300 τῆς
356 2233 566 2300 φύσεως.
611 2235 867 2304 Ἑμαθεν
899 2232 994 2288 οὖν
1023 2237 1102 2288 ὅτι
1129 2239 1222 2289 καὶ
1245 2237 1370 2299 Υἱὸς
1402 2235 1566 2289 αὐτοῦ
1609 2235 1791 2300 ἔσται,

247 2324 326 2375 καὶ
363 2325 840 2398 συνδημιουργήσει
877 2328 947 2380 τὰ
993 2327 1187 2381 πάντα·
1246 2329 1340 2381 καὶ⁸
1379 2327 1793 2398 ἐπισυμϐεϐηκε

245 2413 312 2482 τῷ
337 2415 487 2485 Πατρὶ
507 2418 536 2486 ή
556 2418 690 2488 περὶ
727 2417 852 2469 Υἱοῦ
873 2418 1074 2486 γνῶσις
1102 2421 1165 2472 ἐκ
1189 2421 1286 2489 τῆς
1308 2420 1515 2482 οἰκείας
1549 2419 1794 2471 διδασκο-

250 2505 370 2576 μένη
404 2507 616 2575 φύσεως.
665 2509 731 2562 Ei
793 2510 850 2562 δὲ
903 2512 1060 2564 τοῦτο
1098 2500 1326 2577 ἄτοπον,
1362 2513 1613 2583 βουλήσει
1655 2511 1790 2581 ἄρα,

248 2597 385 2660 εἰδὼς
426 2601 499 2653 ὅτι
548 2601 722 2666 ἔσται,
763 2605 1066 2674 προέϐαλεν
1129 2605 1314 2670 αὑτὸν,
1361 2606 1456 2659 καὶ
1503 2606 1793 2676 προτρέχει-

250 2690 438 2756 πάντως
459 2696 552 2764 τῆς
577 2697 886 2764 γεννήσεως
921 2699 952 2767 ἡ
1000 2698 1272 2769 βούλησις.

706 2812 864 2878 Πρὺς
896 2809 1070 2864 τοῦτο
1097 2813 1296 2878 λύσις.

329 2895 404 2956 Ὠς
425 2901 563 2970 ἡμῶν
594 2903 1018 2975 ὁμολογούντων,
1069 2903 1150 2955 ὅτι
1177 2905 1398 2975 πρῶτον
1436 2905 1684 2975 ἐδιδάχθη
1710 2906 1792 2968 τίς

262 2987 392 3041 ἔσται
419 2993 591 3060 όϊὶδς,
611 2993 706 3051 εἶθ’
731 2997 906 3060 οὕτως
931 2996 1261 3066 γεγέννηκεν
1305 2997 1466 3050 αὑτὸν
1496 2999 1524 3049 ὁ
1562 2998 1750 3067 Πατὴρ
1773 3038 1786 3061 ι

268 3083 615 3137 κατασκευάσει
647 3087 742 3154 τὴν
775 3087 1036 3156 πρότασιν
1057 3085 1085 3136 ὀ
1119 3085 1246 3156 περὶ
1273 3084 1442 3137 ταῦτα
1463 3084 1655 3149 δεινὸς,
1691 3085 1790 3137 οὐκ

1917 559 2025 596 rem
2065 558 2128 596 cx
2172 559 2228 595 se
2265 542 2563 596 voluntarie
2603 542 2770 612 gignit
2809 551 2901 598 aut.
2938 544 3338 598 involuntarie?
3382 545 3487 599 Sed

1913 635 2044 690 nihil
2075 633 2348 688 habebunt
2375 634 2515 702 quod
2546 634 2608 686 ad
2639 635 2739 688 hoc
2761 635 2961 689 dicant.
2990 635 3121 690 Nam
3149 649 3269 704 qua:
3296 652 3359 690 ex
3392 652 3486 689 na-

1915 734 2033 778 tura
2065 725 2348 792 prodeunt,
2382 737 2552 792 neque
2579 723 2734 790 velle,
2762 725 2844 778 Vel
2873 740 2976 778 non
3006 726 3140 781 velle
3169 727 3485 781 admittunt.

1912 815 1966 870 In
2006 817 2166 871 rebus
2195 831 2324 870 vero
2363 831 2480 884 qua:
2517 825 2674 870 extra
2707 832 2804 870 nos
2834 825 2887 870 et
2917 817 2969 871 in
3005 831 3188 873 nostra
3219 830 3485 889 potestate

1910 913 2056 969 sunt,
2085 913 2177 958 aut
2198 904 2463 969 volumus,
2493 914 2584 958 aut
2605 904 2873 961 nolumus.
2898 905 3360 970 Quemadmodum
3389 909 3489 978 igi-

1913 1007 1999 1050 tur
2025 997 2188 1051 etiam
2222 1012 2319 1050 nos
2349 1011 2639 1066 operamur
2665 997 2867 1066 aliquid
2896 999 3168 1054 voluntate
3199 1002 3310 1055 sive
3342 1001 3484 1055 deli-

1909 1088 2186 1142 beratione
2228 1088 2495 1152 adhibita,
2536 1087 2804 1157 gignimus
2845 1102 2971 1142 vero
3012 1103 3079 1142 ex
3123 1089 3277 1144 nobis
3318 1091 3483 1159 ipsis,

1909 1195 2083 1247 neque
2128 1179 2290 1232 ullum
2335 1181 2389 1233 in
2436 1178 2743 1248 generando
2787 1178 2962 1234 locum
3009 1180 3170 1234 habet
3209 1181 3350 1235 velle
3392 1193 3485 1236 aut

1909 1271 2069 1338 nolle,
2113 1273 2182 1325 ita
2225 1272 2386 1326 etiam
2430 1271 2570 1325 Deus
2608 1281 2866 1340 operatur
2929 1272 3144 1339 quidem
3183 1272 3485 1327 voluntarie

1909 1379 2027 1433 qua:
2051 1373 2204 1417 extra
2234 1364 2408 1431 ipsum
2439 1371 2586 1428 sunt,
2635 1362 2830 1417 Filiutn
2861 1374 3040 1418 autem
3070 1342 3485 1434 genuit‘ahsque

1909 1464 2148 1524 tempore
2182 1470 2245 1509 ex
2283 1469 2361 1520 se,
2400 1469 2575 1522 neque
2612 1455 2776 1509 ullum
2815 1471 2875 1510 ea
2919 1458 2970 1510 in
3015 1472 3070 1510 re
3108 1457 3282 1511 locum
3322 1458 3485 1517 habet

1906 1549 2042 1604 velle
2066 1558 2160 1603 aut
2186 1548 2354 1614 nolle,
2384 1549 2596 1603 tametsi
2625 1565 2731 1604 non
2759 1558 2843 1604 est
2870 1551 3038 1605 invito
3065 1549 3223 1604 Patre
3247 1551 3478 1620 genitus.

1905 1641 2069 1699 Pater
2095 1646 2261 1707 cnim,
2291 1654 2351 1698 ut
2378 1643 2662 1713 Scriptura
2696 1641 2958 1712 loquitur,
2987 1653 3130 1696 amat
3158 1642 3375 1698 Filium.

2573 1753 2799 1808 ALIUD.

2335 1845 2417 1899 Ea:
2457 1848 2742 1915 objectione
2782 1845 3054 1900 Eunomii.

1879 1992 1908 2013 ο
1972 1958 2031 2012 Si
2063 1972 2163 2012 non
2190 1959 2485 2023 voluntate,
2519 1960 2709 2026 inquit,
2738 1959 2933 2013 Filium
2965 1960 3148 2029 genuit
3177 1957 3359 2023 Pater,
3385 1960 3479 2014 sed

1901 2064 1966 2103 ex
2013 2056 2202 2100 natura
2251 2047 2424 2116 ipsum
2469 2048 2652 2112 habet,
2700 2049 2986 2103 manifesto
3028 2049 3190 2102 ctiam
3235 2050 3477 2102 notitiam
3548 2051 3558 2062 '

1900 2139 1964 2191 de
1993 2151 2058 2192 eo
2087 2151 2190 2190 non
2221 2136 2425 2190 habens
2457 2137 2601 2205 ipse,
2633 2153 2751 2191 eam
2784 2154 2813 2191 a
2845 2148 3034 2192 natura
3070 2139 3248 2192 habet.
3283 2137 3479 2191 Didicit

1899 2228 2084 2296 itaque
2137 2227 2279 2297 quod
2313 2228 2482 2283 Filius
2512 2243 2639 2283 suus
2668 2228 2879 2284 futurus
2912 2238 3078 2294 esset,
3102 2239 3154 2284 et
3182 2230 3361 2284 omnia
3391 2245 3479 2283 se-

1897 2335 2018 2376 cum
2046 2330 2360 2386 creaturas;
2389 2331 2550 2390 atque
2578 2321 2650 2374 ita
2678 2322 2874 2380 notitia
2894 2320 3018 2374 Filii
3045 2322 3276 2376 accessit
3332 2321 3475 2374 Patri

1898 2428 1926 2466 a
1966 2427 2064 2466 sua
2103 2424 2296 2467 natura
2333 2412 2545 2468 edocto.
2580 2412 2634 2467 Si
2668 2427 2796 2467 vero
2831 2413 2882 2466 id
2917 2413 3213 2467 absurdunt
3251 2422 3354 2477 est,
3386 2429 3477 2465 vo-

1897 2503 2104 2557 luntate
2141 2504 2321 2574 igitur,
2354 2504 2533 2559 sciens
2563 2506 2705 2573 quod
2739 2504 2956 2558 futurus
2983 2512 3159 2565 esset,
3193 2518 3315 2556 eum
3348 2517 3475 2570 pro-

1897 2587 2079 2658 duxit,
2113 2593 2475 2661 praeceditque
2512 2593 2734 2647 omnino
2773 2593 3176 2663 generationem
3208 2593 3472 2651 voluntas.

2396 2787 2604 2844 Salutio
2640 2789 2970 2860 objectionis.

1964 2881 2192 2936 Perinde
2240 2895 2303 2935 ac
2353 2882 2398 2935 si
2447 2882 2882 2945 consideremus,
2936 2883 3170 2948 primum
3221 2881 3471 2935 edoctum

1895 2973 2060 3027 fuisse
2099 2973 2316 3026 Patrem
2358 2973 2477 3040 quis
2519 2981 2661 3027 esset
2704 2974 2916 3026 futurus
2960 2973 3151 3036 Filius,
3194 2982 3358 3042 atque
3401 2974 3473 3028 ita

1894 3058 2146 3133 deinceps
2185 3077 2307 3117 eum
2352 3063 2621 3132 genuisse,
2660 3062 2730 3117 ita
2774 3071 3022 3117 versutus
3064 3064 3150 3118 hic
3189 3078 3474 3133 argumen-

274 3168 406 3232 εἰδὼς
454 3171 546 3232 ὅτι.
583 3176 935 3247 διαστήματος
982 3176 1193 3238 οὐδενὸς
1254 3175 1404 3239 ὄντος
1463 3177 1665 3246 μεταξὺ
1693 3178 1786 3230 τοῦ

1897 3165 2005 3208 tum
2043 3171 2202 3209 suum
2236 3155 2449 3218 nstruit,
2483 3155 2720 3224 ignarus,
2755 3169 2875 3208 cum
2916 3155 3050 3208 nihil
3085 3155 3158 3208 sit
3193 3155 3354 3225 spatii
3392 3155 3476 3208 in-
3531 3215 3538 3222 _

274 3260 654 3330 μεσολ.αῧοῦντος
683 3268 744 3318 τδ
773 3265 904 3320 εἶναι
930 3267 1020 3320 τοῦ
1045 3266 1258 3337 Πατρδς
1296 3268 1388 3342 καὶ
1408 3267 1506 3339 τὴν
1531 3267 1786 3340 γέννησιν

264 3349 354 3400 τοῦ
379 3350 519 3414 Υῐοῦ,
553 3358 728 3427 ἠπερὶ
762 3360 912 3411 αὕτοῦ
946 3361 1249 3429 πρόγνωσις
1305 3361 1405 3414 οὐκ
1450 3361 1564 3431 ἔχει
1602 3362 1782 3416 τόπον.

255 3439 314 3491 ΕΞ
344 3441 447 3514 γὰρ
471 3447 930 3516 προεδουλεὺσατο,
964 3451 1044 3503 καὶ
1085 3451 1472 3522 προεδιδάχθη,
1509 3454 1568 3503 ἐν
1611 3452 1786 3522 χρόνῳ

246 3529 297 3583 δὲ
323 3531 528 3598 πάντως
545 3536 707 3590 ταῦτα
738 3538 952 3606 ἐγίνετο,
986 3541 1132 3594 κάτω
1157 3541 1364 3610 χρόνων
1394 3541 1421 3592 ὁ
1453 3539 1602 3603 Υἱός.
1633 3540 1695 3592 Εἰ
1728 3541 1786 3593 δὲ

244 3622 392 3684 αὑτός
418 3627 602 3680 tame
664 3628 771 3682 τῶν
803 3630 1008 3698 χρόνων
1067 3630 1318 3701 ποιητὴς,
1361 3630 1416 3683 τί
1467 3632 1643 3700 μάτην
1688 3630 1786 3699 τῆς

239 3712 376 3777 θείας
400 3717 597 3784 φύσεως
624 3721 1014 3792 καταφλυαρεί,
1050 3721 1442 3793 διδασκομένην
1474 3723 1642 3792 αὐτὴν
1674 3722 1786 3773 εἱσ-

234 3801 401 3872 φέρων
436 3807 536 3860 ἀπὸ
565 3809 660 3879 τῆς
701 3809 938 3876 φύσεως,
974 3809 1049 3872 ὡς
1084 3810 1246 3872 αὑτός
1280 3827 1434 3880 φησι,
1478 3810 1546 3863 τὰ
1587 3811 1784 3880 ἐσόμε-

228 3910 307 3958 να,
362 3897 451 3949 καὶ
504 3898 656 3952 πλέον
703 3899 856 3954 οὐδὲν
909 3899 1181 3971 ἀνθρώπῳ
1227 3901 1402 3965 διδοὺς
1453 3901 1485 3974 ἢ
1530 3901 1608 3973 τῷ
1642 3903 1783 3973 ὑπὲρ

229 3985 422 4049 πάντας
463 3989 568 4042 ὄντι
620 3992 771 4062 Bap;
817 3992 1198 4048 ’Δνωτοίνυν
1251 3993 1511 4064 κειμένης
1573 3993 1783 4048 αἰώνων

221 4078 306 4130 καὶ
335 4079 539 4150 χρόνων
591 4081 690 4151 τῆς
752 4084 1058 4154 γεννήσεως
1079 4083 1174 4136 τοῦ
1219 4082 1372 4145 Υἰοῦ,
1407 4083 1692 4154 δύσφημόν
1721 4103 1779 4138 τε

221 4168 304 4218 καὶ
337 4170 543 4239 ἀμαθὲς
573 4173 800 4236 εἰκότως
821 4171 887 4225 ἂν
919 4172 1002 4241 εἴη
1029 4173 1088 4225 τὸ
1118 4173 1294 4242 λέγειν
1323 4173 1782 4244 προϐουλεύεσθαί

217 4272 280 4320 τι,
302 4259 330 4328 ἦ
365 4262 820 4330 προδιδάσκεσθαι
843 4263 933 4316 τὸν
951 4263 1170 4334 Πατέρα
1195 4265 1325 4334 περὶ
1351 4264 1538 4318 αὐτοῦ.
1565 4266 1782 4328 Τέλειος

215 4348 310 4417 γὰρ
349 4352 438 4404 καὶ
466 4355 530 4406 ὲν
565 4353 644 4422 τῷ
695 4355 874 4408 πάντα
919 4354 1117 4408 εἰδέναι
1164 4357 1192 4407 ὁ
1229 4355 1443 4426 Πατὴρ,
1475 4356 1569 4408 καὶ
1618 4356 1780 4410 τόπον

213 4441 383 4495 οὲδένα
408 4445 516 4514 πρὸ
560 4445 690 4498 Υἱοῦ
714 4448 749 4516 ὴ
781 4448 910 4518 περὶ
939 4447 1105 4502 αὐτοῦ
1148 4448 1402 4518 βούλησις
1433 4447 1565 4518 ἔχει.

884 4555 1088 4610 AAAO.

267 4664 324 4716 Ei
357 4661 500 4719 οἶδεν
547 4667 738 4720 ἑαυτὸν
791 4668 878 4721 ἀεὶ
931 4669 1056 4738 ἴὶντα
1099 4669 1316 4739 Πατέρα
1350 4670 1376 4721 ὁ
1407 4668 1615 4738 natm“
1664 4667 1775 4738 ἔχει

204 4755 404 4821 πάντως
437 4757 538 4810 καὶ
572 4760 627 4810 ὲν
659 4759 837 4827 ἐαυτῷ
865 4759 956 4812 τοῦ
986 4761 1116 4813 Υἱοῠ
1151 4762 1248 4832 τὴν
1275 4759 1495 4830 γνῶσιν.
1539 4758 1624 4812 Ἐν
1669 4758 1776 4829 γὰρ

201 4844 268 4911 τῷ
308 4847 511 4899 εἰδέναι
565 4848 696 4916 ὅπερ
747 4847 894 4900 ἐστὶν
925 4849 1107 4913 αὐτὸς,
1144 4851 1363 4918 καὶτῆς
1408 4847 1652 4916 υἰότητος
1679 4848 1776 4915 τὴν

197 4934 384 4996 γνῶσιν
419 4937 612 5006 ςορεῖ·
643 4936 833 5007 Πατὴρ
867 4937 974 5008 γὰρ
1002 4939 1077 5002 ὡς
1109 4939 1241 5010 πρὸς
1280 4940 1407 4992 Υἱὸν
1439 4938 1553 4992 ἔστι
1583 4954 1640 4991 τε
1682 4939 1774 4991 καὶ

195 5023 538 5094 ὀνομάζεται.
591 5029 701 5082 Καὶ
743 5030 906 5082 πάλιν
955 5033 1018 5084 ἐκ
1071 5031 1179 5084 τῶν
1228 5032 1514 5085 ἐναντίων·
1566 5026 1718 5090 Οἶδεν
1747 5031 1775 5082 ὁ

193 5114 307 5180 Υἱὸς
341 5119 445 5172 τὸν
475 5118 714 5189 Πατέρα,
742 5119 898 5184 εἰδὼς
932 5122 1068 5191 ὅπερ
1099 5122 1244 5174 ἐστὶν
1278 5123 1458 5184 αὐτός.
1503 5121 1635 5175 ’Λπὺ
1668 5121 1792 5192 γὰρ’

192 5205 280 5273 τῆς
309 5210 572 5279 υἱότητος
612 5213 646 5281 ή
686 5211 964 5283 πατρότης
993 5216 1231 5266 νοεῖται·
1267 5215 1358 5267 καὶ
1399 5213 1460 5266 τὸ
1497 5213 1774 5283 ἀντιστρο-

193 5315 296 5363 φον,
331 5302 398 5354 ἐκ
428 5299 532 5370 τῆς
567 5305 908 5375 πατρότητος
941 5308 975 5376 ἡ
1011 5306 1192 5376 υἱότης
1213 5324 1226 5336 ·
1256 5303 1324 5380 ἦν
1358 5299 1450 5360 οὖν
1477 5305 1561 5358 ἀεὶ
1589 5305 1773 5377 Πατὴρ

194 5389 218 5438 ἐν
242 5389 390 5456 Θεδς,
422 5386 494 5463 ἦν
528 5393 638 5464 ἄρα
682 5394 778 5447 καὶ
825 5397 853 5448 ὁ
900 5397 1040 5463 Υἱός.
1081 5397 1374 5468 Δύσφημον
1417 5397 1472 5450 δὲ
1512 5395 1573 5448 τὸ
1598 5396 1775 5463 λέγειν

196 5479 259 5552 μή
289 5485 492 5538 ειδέναι
526 5488 620 5540 τὸν
667 5487 889 5558 Πατέρα
944 5489 1004 5554 ἐξ
1054 5491 1250 5544 ἑαυτοῦ
1299 5491 1388 5542 τὸν
1435 5489 1584 5550 Υἱδν,
1633 5488 1776 5542 διδά-

199 5575 408 5628 ςῑεσθαι
442 5576 498 5629 δὲ
529 5579 639 5632 ἀπὸ
674 5579 776 5649 τῆς
810 5578 1046 5648 φύσεως,
1076 5581 1309 5632 ἑκάστου
1341 5578 1538 5650 δηλαδὴ
1577 5579 1669 5647 ἀφ’
1697 5571 1771 5632 ὧν

197 5665 326 5720 ἐστιν
353 5669 514 5734 αὐτὸς
547 5670 650 5742 τὴν
682 5670 780 5724 τοῦ
824 5672 1011 5741 ἑτέρου
1043 5669 1244 5740 γνῶσιν
1295 5669 1526 5740 ἔχοντος.
1562 5668 1770 5732 ’Λλλως

1893 3254 1974 3299 ter
2001 3259 2119 3300 esse
2155 3245 2330 3299 Patris
2366 3255 2417 3297 et
2454 3245 2859 3314 generationem
2897 3243 3052 3309 Filii,
3087 3247 3472 3314 prmttotionent

1889 3338 1956 3392 de
1985 3351 2050 3392 eo
2079 3337 2283 3390 nullum
2316 3337 2516 3392 habere
2548 3336 2747 3391 locum.
2779 3333 2914 3389 Nam
2944 3335 2990 3390 si
3024 3335 3172 3405 prius
3203 3335 3472 3391 delibera-

1888 3429 1993 3491 vit,
2026 3437 2080 3482 et
2115 3429 2266 3498 prius
2301 3428 2583 3500 cognovit,
2615 3439 2779 3499 atque
2815 3428 2928 3482 hate
2967 3429 3017 3481 in
3056 3436 3296 3497 tempore
3328 3428 3470 3482 t'acta

1889 3518 2086 3573 fuerint
2123 3535 2346 3575 necesse
2379 3521 2486 3588 sit,
2528 3521 2756 3588 tempori
2792 3535 2921 3591 ergo
2955 3519 3222 3575 obnoxius
3258 3529 3338 3574 est
3375 3519 3468 3573 Fi-

1888 3611 2008 3666 lias.
2046 3613 2114 3665 At
2149 3627 2272 3667 cum
2307 3615 2423 3681 ipse
2462 3613 2534 3666 sit
2576 3622 2879 3682 temporum
2920 3613 3187 3676 conditor,
3225 3611 3352 3681 quid
3393 3620 3469 3665 tc-

1889 3715 2035 3755 mere
2056 3703 2313 3755 adversus
2338 3703 2574 3755 divinam
2600 3712 2848 3754 naturam
2873 3701 3196 3766 deblaterat,
3223 3701 3466 3755 edoctum

1886 3791 2032 3846 illam
2074 3805 2196 3846 esse
2235 3790 2344 3861 59
2384 3806 2413 3844 a
2456 3800 2646 3844 natura
2690 3792 2756 3844 de
2799 3793 2958 3845 rebus
3001 3791 3196 3844 futuris
3235 3791 3464 3861 ﬁngens,

1889 3897 2060 3952 neque
2088 3881 2382 3952 quidquam
2414 3881 2645 3951 amplius
2678 3882 2995 3951 praepotenti
3032 3879 3143 3933 Deo
3177 3895 3338 3948 quam
3372 3883 3466 3933 ho-

1885 3975 2015 4028 tnini
2045 3973 2321 4030 tribuens?
2345 3975 2476 4029 Cum
2509 3975 2689 4043 itaque
2719 3971 2998 4043 generatio
3028 3969 3148 4025 Filii
3179 3970 3374 4024 sa'cula
3404 3985 3467 4025 ac

1886 4074 2126 4134 tempora
2159 4067 2404 4130 excedat,
2437 4064 2734 4120 absurdum
2765 4079 2829 4118 ac
2859 4062 3235 4133 blasphemum
3266 4072 3348 4117 est
3382 4063 3466 4114 di-

1883 4169 2010 4210 cere
2043 4155 2398 4220 deliberasse,
2435 4166 2489 4210 ct
2529 4157 2677 4225 prius
2717 4157 2970 4211 edoctum
3012 4157 3179 4212 fuisse
3218 4158 3282 4210 de
3324 4157 3466 4211 illius

1884 4251 2232 4316 generatione
2273 4247 2508 4302 Patrem.
2549 4246 2825 4302 Perfectus
2865 4250 3009 4304 enim
3056 4258 3141 4304 est
3183 4249 3235 4303 in
3283 4249 3466 4318 cogni-

1884 4339 2029 4395 tione
2055 4335 2294 4394 omnium
2328 4356 2507 4394 rerum
2541 4339 2722 4404 Pater,
2753 4340 3064 4412 nullumque
3095 4339 3273 4397 locum
3304 4341 3464 4396 habet

1883 4431 2224 4500 deliberatio,
2253 4431 2450 4488 Filium
2484 4434 2813 4504 praecedens.

2563 4543 2797 4601 ALIUD.

1955 4654 2011 4710 Si
2063 4654 2222 4710 Pater
2271 4649 2484 4726 semper
2533 4659 2681 4711 novit
2728 4673 2786 4712 se
2839 4671 2959 4713 esse
3005 4656 3239 4720 Patrem,
3300 4657 3462 4712 habet

1881 4747 2102 4803 omnino
2148 4749 2309 4803 etiam
2343 4748 2394 4802 in
2421 4763 2481 4803 se
2511 4748 2756 4804 notitiam
2800 4748 2943 4805 Filii.
2985 4751 3061 4804 Eo
3114 4749 3256 4802 enim
3318 4749 3460 4818 quod

1881 4842 2116 4910 seipsum
2169 4841 2357 4905 novit,
2403 4841 2550 4896 novit
2603 4851 2656 4896 et
2685 4841 2920 4897 Filium:
2980 4841 3140 4895 Pater
3165 4840 3306 4895 enim
3370 4857 3460 4894 ra-

1884 4932 2027 4985 tione
2067 4929 2190 4984 Filii
2219 4941 2302 4985 est
2339 4941 2392 4984 et
2422 4931 2642 4987 dicitur.
2700 4933 2766 4987 Et
2820 4949 2850 4988 e
2886 4934 3158 4988 contrario
3221 4949 3235 4986 :
3302 4931 3458 4987 Novit

1883 5024 2050 5079 Filius
2089 5024 2326 5088 Patrem,
2355 5039 2585 5081 noscens
2624 5027 2886 5096 seipsntn.
2933 5025 3066 5080 Nam
3102 5041 3168 5080 ex
3202 5027 3459 5082 liliatione

1882 5117 2200 5188 intelligitur
2237 5118 2553 5187 paternitas,
2582 5128 2639 5174 et
2699 5119 2976 5188 reciproce
3024 5134 3086 5173 ex
3137 5123 3460 5186 paternitate

1881 5208 2069 5264 ﬁliatio
2103 5228 2116 5264 :
2149 5218 2266 5263 erat
2325 5225 2454 5279 ergo
2486 5226 2702 5280 seraper
2731 5211 2888 5266 Pater
2918 5211 3092 5278 Deus;
3129 5221 3245 5266 erat
3271 5213 3459 5280 utique

1879 5310 1936 5355 et
1973 5300 2163 5355 Filius.
2204 5300 2428 5371 lntpium
2474 5312 2655 5357 autem
2695 5303 2839 5357 dictu
2881 5314 2964 5358 est
2991 5318 3096 5358 non
3144 5318 3306 5359 nosse
3354 5301 3460 5357 Pa-

1868 5404 2016 5461 trem
2045 5394 2264 5458 Filium,
2300 5395 2391 5463 qui
2434 5409 2501 5448 ex
2545 5410 2603 5450 se
2653 5405 2754 5461 εει,
2796 5396 2890 5450 sed
2933 5397 3114 5451 doceri
3160 5412 3189 5450 a
3240 5404 3460 5459 natura,

1877 5503 2000 5540 cum
2035 5497 2260 5556 uterque
2304 5503 2370 5542 ex
2413 5503 2478 5542 eo
2519 5487 2635 5558 ipso
2664 5489 2804 5559 quod
2829 5499 2912 5544 est
2950 5489 3174 5544 alterius
3208 5491 3455 5544 notitiam

1879 5577 2094 5632 haheat.
2131 5579 2192 5633 Et
2233 5579 2434 5649 alioqui
2473 5591 2663 5634 natura
2694 5581 2783 5636 Dei
2830 5597 2934 5636 non
2982 5582 3052 5636 sit
3093 5581 3235 5638 aliud
3293 5595 3452 5652 quam

1879 5667 1990 5734 ipse
2024 5685 2039 5735 ;
2084 5669 2312 5738 simplex
2339 5671 2481 5726 enim
2513 5681 2565 5728 et
2594 5671 2978 5744 incompositus
3009 5682 3111 5729 est.

198 5773 244 5808 τε
274 5761 453 5832 ἕτερον
482 5768 584 5822 οὐκ
621 5768 688 5824 ἂν
719 5766 807 5835 εἴη
841 5766 1002 5834 φύσις
1030 5765 1166 5820 Θεοῦ
1198 5765 1328 5834 παρ’
1365 5763 1546 5819 αὐτόν·
1576 5763 1778 5828 ἁπλοῦς
1818 5760 1924 5832 γὰρ
1962 5764 2054 5816 καὶ
2087 5764 2392 5830 ἀσύνθετος.
