4110 6212
1240 484 1475 542 ALIUD.

1030 592 1112 649 Ea:
1141 597 1425 665 objectione
1455 596 1720 650 Eunomii.

642 707 947 775 \‘olnntate,
975 709 1168 779 inquit,
1201 720 1253 764 et
1292 709 1494 778 judicio
1519 710 1702 779 genuit
1740 710 1898 766 Pater
1928 722 2020 766 aut
2047 728 2143 765 na-

569 804 833 861 turaliter.
859 805 927 859 At
950 804 994 860 si
1024 803 1341 858 naturaliter
1364 811 1595 868 tantum,
1629 819 1735 857 non
1759 812 1937 857 autem
1963 804 2145 857 volun-

568 904 679 949 tate
699 906 786 949 aut
814 897 1043 965 judicio,
1097 895 1457 950 involuntarie
1490 895 1670 965 itaque
1728 903 1782 949 et
1844 896 2147 951 inconside-

568 996 684 1041 rate
726 988 938 1055 genitus
972 995 1075 1040 est.
1102 986 1158 1041 Si
1183 1002 1309 1042 vero
1365 995 1676 1055 utrumque,
1724 984 1835 1054 jam
1877 988 2145 1058 composi-

564 1085 679 1129 tum
724 1078 905 1131 facitis
963 1077 1157 1140 Deum,
1210 1078 1474 1147 judicium
1505 1078 1666 1133 simul
1705 1091 1759 1133 et
1800 1088 2047 1134 naturam
2095 1083 2143 1134 ei

566 1165 890 1220 tribuentes.
924 1166 1040 1233 Quo
1066 1177 1225 1235 pacto
1248 1169 1392 1223 enim
1441 1167 1534 1237 qui
1588 1183 1655 1224 ex
1697 1168 1781 1224 his
1814 1169 2146 1239 compositus

566 1265 667 1322 est,
711 1257 936 1327 simplex
967 1256 1125 1312 fuerit
1146 1258 1169 1310 ?

1024 1368 1231 1425 Salutio
1283 1370 1607 1439 objectionis.

636 1480 927 1535 Generatio
951 1480 1073 1535 Filii
1126 1497 1301 1552 neque
1325 1483 1530 1551 judicio
1559 1498 1732 1551 neque
1777 1484 2036 1539 voluntati
2064 1495 2150 1539 est

563 1568 815 1623 obnoxia.
849 1568 993 1623 Velle
1024 1569 1168 1623 enim
1215 1580 1271 1625 et
1291 1570 1540 1640 judicare
1575 1572 1627 1624 in
1669 1578 1918 1641 tempore
1957 1572 2097 1628 liunt
2127 1589 2143 1628 ς

567 1659 734 1713 Filius
760 1675 887 1716 vero
922 1670 1223 1730 temporum
1252 1662 1501 1718 conditor
1530 1674 1635 1718 est.
1667 1662 1785 1729 Quo
1843 1672 2000 1732 pacto
2047 1664 2139 1732 igi-

565 1760 655 1803 ιιιι·
695 1750 746 1803 id
772 1751 916 1819 quod
941 1751 1217 1805 conditum
1253 1761 1338 1806 est
1387 1751 1726 1806 conditorem
1759 1753 2146 1823 praacesserit?

1565 371 1629 427 S.
1671 371 1941 427 CYRILL!
1977 367 2444 425 ALEXANDRINI
2487 370 2804 425 AllCIIIEP.

3712 370 3807 429 100

2926 486 3130 538 ΑΛΛΟ.

2490 597 2584 662 Ὠς
2611 596 2679 661 ἐξ
2716 596 3070 662 ἀντιθέσεως
3110 595 3228 649 τῶν
3264 597 3584 666 Εὐνόμιον.

2315 708 2559 779 Θελήσει,
2597 708 2780 778 φησιν,
2834 710 2952 778 ἦτοι
2994 708 3173 779 κρίσει
3210 708 3301 761 τὸν
3331 707 3459 760 Υίὸν
3490 706 3819 781 γεγέννηκεν

2247 799 2355 868 ἄρα
2385 801 2412 852 6
2442 799 2650 870 Πατὴρ,
2680 799 2712 869 ἢ
2754 801 2891 852 κατὰ
2932 799 3111 868 φύσιν.
3149 800 3211 852 Ei
3242 800 3338 869 μὲν
3360 795 3452 853 οῦν
3480 801 3618 854 κατὰ
3655 802 3817 869 φύσιν

2250 890 2427 959 μόνον,
2461 891 2560 943 οὐκ
2600 890 2679 942 ἔτι
2727 890 2782 942 δὲ
2815 890 2955 943 κατὰ
2986 889 3203 959 Θέλησιν
3234 890 3267 960 ἢ
3315 889 3513 961 κρίσιν,
3544 890 3819 961 ἀθελήτως

2247 980 2363 1032 ἐστὶ
2392 980 2485 1033 καὶ
2517 980 2755 1049 ἀκρίτως
2780 979 3076 1051 γεννηθείς.
3113 981 3174 1033 El
3207 980 3264 1033 δὲ
3296 980 3356 1033 τὸ
3390 981 3817 1052 συναμφότερον,

2249 1068 2499 1124 σύνθετον
2524 1073 2727 1122 ποιεῖτε
2754 1070 2844 1123 τὸν
2867 1071 3020 1137 Θεὸν,
3043 1072 3135 1124 καὶ
3166 1071 3346 1142 κρίσιν
3366 1071 3513 1143 αὐτῷ
3538 1073 3632 1125 καὶ
3657 1073 3819 1141 φύσιν

2246 1160 2495 1225 διδόντες.
2533 1161 2656 1226 Πῶς
2684 1161 2791 1234 γὰρ
2819 1164 2847 1215 6
2878 1163 2941 1215 ὲκ
2983 1161 3187 1216 τούτων
3219 1164 3570 1235 συγκείμενος
3613 1165 3818 1229 ἁπλοῦς

2243 1251 2431 1318 ἐσταις

2720 1367 2877 1435 Πρὸς
2916 1368 3091 1421 τοῦτο
3126 1369 3326 1434 λύσις.

2319 1479 2465 1532 ’Δνω
2497 1480 2593 1551 μὲν
2624 1481 2858 1551 κρίσεως
2894 1481 2989 1536 καὶ
3017 1482 3321 1553 βουλήσεως
3346 1486 3379 1554 ἠ
3410 1483 3502 1537 τοῦ
3543 1485 3674 1538 Υίοῦ
3705 1488 3817 1539 κεῖ-

2244 1585 2334 1620 ται
2362 1568 2634 1639 γέννησις.
2668 1571 2743 1623 Τὸ
2765 1574 2871 1642 γὰρ
2904 1571 3186 1642 βούλεσθαι
3207 1574 3301 1625 καὶ
3325 1573 3527 1645 κρίνειν
3558 1576 3613 1626 ὲν
3637 1576 3815 1646 χρόνῳ

2240 1660 2463 1722 πάντως
2509 1660 2655 1713 ἐστί·
2698 1662 2905 1732 χρόνων
2936 1663 2993 1716 δὲ
3039 1662 3267 1733 ποιητὴς
3305 1664 3333 1715 6
3374 1663 3519 1726 Υἱός.
3568 1664 3692 1727 Πῶς
3722 1661 3814 1718 οὖν

2245 1747 2398 1802 ἔσται
2441 1750 2502 1801 τὸ
2550 1750 2759 1821 ποίημα
2798 1752 2901 1821 πρὸ
2934 1753 3028 1807 τοῦ
3068 1752 3326 1823 rtem-toﬁ;
3373 1754 3434 1807 Ei
3468 1755 3524 1807 δὲ
3565 1754 3817 1808 σύνθετον

564 1841 626 1896 Si
668 1857 794 1895 vero
826 1843 1181 1912 compositum
1238 1843 1567 1898 existimatis
1622 1843 1739 1899 ﬁeri
1793 1843 1985 1909 Deum,
2026 1844 2144 1900 ideo

2245 1838 2422 1891 οἴεσθε
2452 1840 2697 1907 γίνεσθαι
2725 1840 2857 1894 Θεὸν
2884 1841 2971 1895 διὰ
3013 1842 3073 1895 τὸ
3100 1843 3260 1913 φύσιν
3302 1843 3443 1913 ἔχειν
3487 1845 3579 1897 καὶ
3612 1846 3814 1914 κρίσιν,

563 1933 710 2001 quod
741 1942 991 1986 naturam
1017 1934 1236 1997 habeat,
1266 1942 1320 1987 et
1343 1932 1626 2002 judicium,
1649 1934 1764 1989 sive
1790 1934 2140 2000 voluntatem,

567 2018 745 2077 videte
770 2024 932 2076 etiam
964 2024 1067 2077 hoc
1101 2040 1116 2078 :
1146 2022 1306 2076 Pater
1343 2032 1565 2090 generat
1593 2024 1912 2077 naturaliter
1940 2041 1957 2087 ς
1994 2023 2185 2078 creat’

568 2121 745 2165 autem
778 2126 874 2181 per
898 2111 1091 2165 Filium
1123 2120 1389 2181 quatenus
1414 2111 1613 2179 opifex.
1643 2110 1827 2181 Neque
1848 2113 1968 2167 ideo
1997 2129 2144 2167 com-

567 2202 775 2269 positus
816 2210 937 2257 est:
978 2201 1136 2256 unius
1164 2201 1310 2255 enim
1363 2211 1569 2255 natum
1625 2200 1847 2257 ell‘ectus
1896 2203 1949 2257 hi
1994 2214 2141 2258 sunt.

569 2294 770 2348 Eadem
821 2308 948 2348 vero
975 2293 1113 2348 ratio
1160 2302 1243 2348 est
1276 2293 1402 2347 boni
1433 2335 1448 2359 ,
1494 2293 1815 2348 immortalis
1858 2301 1913 2348 et
1962 2294 2145 2348 invisi-

568 2384 710 2445 bilis.
765 2393 929 2453 atque
975 2383 1202 2439 aliorum
1245 2383 1578 2453 ejuscemodi
1632 2399 1753 2453 quae
1798 2383 1991 2439 divina:
2048 2401 2145 2437 na-

570 2482 701 2526 tura:
740 2472 949 2527 insunt.

1234 2586 1461 2643 ALIUD.

964 2698 1049 2752 Ea:
1074 2698 1358 2767 objectione
1391 2700 1661 2755 Eunomii.

640 2808 813 2864 Dicite
851 2810 1025 2875 nobis,
1056 2810 1248 2889 inquit,
1300 2826 1417 2877 vos,
1454 2814 1544 2883 qui
1589 2814 1786 2869 Filium
1829 2815 1991 2868 vultis
2026 2830 2147 2869 esse

570 2900 909 2971 splendorem
969 2900 1169 2967 Patris,
1212 2904 1468 2971 quidnam
1505 2904 1848 2960 exiSIintatis.
1880 2906 2145 2971 Qui-‘stio-

570 2993 654 3048 nis
680 3001 859 3049 autem
890 2993 1026 3047 ratio
1055 2994 1167 3047 hanc
1184 3003 1303 3048 est:
1337 2993 1559 3057 Lumen,
1581 2994 1696 3048 sive
1726 2995 2144 3064 ignis,‘exempli

568 3084 761 3153 gratia,
779 3085 830 3137 in
848 3084 1063 3139 lucerna
1084 3086 1307 3152 positus,
1332 3080 2018 3155 exterioraﬁﬂilluminat;
2035 3087 2149 3156 ipse

2244 1929 2361 1998 ἤτοι
2407 1929 2642 2000 θέλησιν,
2688 1932 2847 2000 ὁρᾶτε
2883 1932 3197 1987 καὶτοῦτο·
3251 1934 3401 2004 Ἔχει
3445 1934 3506 1986 τὸ
3554 1937 3745 2006 γεννᾷν
3786 1937 3819 1987 6

2245 2019 2435 2089 Πατὴρ
2456 2020 2721 2087 φυσικῶς,
2745 2021 2857 2092 ἔχει
2883 2024 2977 2076 καὶ
3000 2023 3060 2076 τὸ
3089 2023 3291 2088 κτίζειν
3312 2024 3380 2077 δι’
3406 2023 3537 2077 Υίοῦ
3556 2025 3816 2097 δημιουρ-

2256 2109 2450 2177 γικῶς,
2482 2110 2574 2163 καὶ
2598 2110 2658 2163 οὐ
2690 2112 2840 2182 παρὰ
2868 2114 3025 2167 τοῦτο
3059 2115 3310 2178 σύνθετός
3338 2118 3485 2168 ἐστι’
3537 2118 3666 2187 μιᾶς
3706 2120 3821 2187 γὰρ

2247 2195 2458 2264 φύσεως
2503 2198 2571 2251 τὰ
2614 2201 2836 2256 τοιαῦτα
2876 2204 3106 2274 καρπός.
3156 2206 3214 2259 Ὀ
3257 2206 3314 2258 δὲ
3356 2206 3517 2269 αὐτὸς
3555 2207 3819 2277 κρατήσει

2246 2288 2403 2357 λόγος
2431 2290 2523 2343 ὲπί
2549 2309 2608 2344 τε
2641 2293 2733 2345 τοῦ
2769 2294 2973 2363 ἀγαθοῦ
3003 2297 3097 2349 καὶ
3130 2297 3410 2371 ἀφθάρτου
3441 2299 3535 2353 καὶ
3560 2299 3816 2369 ἀοράτου,

2248 2381 2339 2433 καὶ
2362 2382 2461 2435 ὅσα
2492 2382 2751 2451 πρόσεστι
2782 2389 2846 2457 τῇ
2880 2386 2999 2457 Θεία
3026 2388 3204 2456 φύσει.

2922 2584 3127 2638 AAAO.

2514 2692 2601 2757 Ὠς
2634 2692 2702 2756 ἐξ
2733 2693 3091 2761 ἀντιθέσεως
3120 2695 3237 2748 τῶν
3263 2695 3582 2767 Εὐνομίου.

2316 2800 2540 2866 Εἴπατε,
2570 2804 2754 2873 φησὶν,
2784 2807 2938 2875 ⁴ἡμῖν,
2969 2807 3017 2858 οἱ
3046 2808 3386 2879 ἀπαύγασμα
3414 2811 3663 2880 λέγοντες
3684 2806 3829 2869 εἶναι

2246 2889 2341 2943 τοῦ
2373 2893 2584 2964 Πατρὸς
2611 2895 2702 2947 τὸν
2748 2894 2894 2960 Υἱὺν,
2922 2896 2975 2949 τί
3017 2914 3146 2951 ποτε
3187 2899 3293 2971 ἄρα
3338 2901 3639 2971 λογίζεσθε.
3678 2906 3736 2959 '0
3763 2906 3829 2959 δὲ

2247 2980 2345 3050 τῆς
2373 2983 2691 3053 ἐρωτήσεως
2719 2987 2935 3056 τρόπος,
2970 2982 3158 3053 οὗτος·
3190 2992 3262 3044 Τὸ
3296 2994 3409 3061 φῶς
3450 2996 3567 3066 ἦτοι
3597 2994 3656 3049 τὸ
3686 2997 3823 3068 πῦρ,

2250 3071 2380 3143 φέρε
2411 3075 2607 3139 εἰπεῖν,
2642 3076 2700 3128 ὲν
2746 3076 2922 3148 λύχνῳ
2958 3080 3207 3149 κείμενον
3259 3084 3484 3152 φωτίζει
3529 3086 3598 3139 τὰ
3642 3086 3828 3154 ἐκτὸς,

571 3191 696 3231 vero
721 3190 824 3229 non
854 3174 1035 3229 omnia
1062 3174 1265 3244 implet,
1295 3174 1388 3230 sed
1422 3174 1473 3229 in
1503 3176 1622 3230 loco
1647 3176 1783 3229 situs
1810 3187 1912 3239 est,
1931 3187 1984 3230 et
2006 3178 2144 3231 cirum

2250 3162 2364 3214 ἀλλ’
2409 3163 2539 3216 αὐτὸ
2582 3164 2679 3235 μὲν
2710 3166 2771 3218 οὐ
2800 3166 2975 3221 πάντα
3006 3170 3235 3241 πληροῖ,
3276 3176 3447 3226 κεῖται
3479 3174 3535 3226 δὲ
3566 3177 3623 3227 ἐν
3646 3177 3829 3248 τόπῳ,

569 3282 630 3322 ea
670 3283 789 3337 quae
823 3268 1065 3322 exterius
1099 3275 1246 3331 sunt,
1282 3276 1339 3319 ut
1369 3266 1501 3331 dixi,
1527 3265 1645 3333 ejus
1677 3265 1996 3321 illuminatio
2028 3283 2148 3323 ver-

569 3370 740 3414 satur.
768 3359 827 3414 Si
874 3360 1038 3429 igitur
1071 3359 1251 3413 lumen
1301 3371 1424 3413 esse
1469 3358 1652 3413 dicitis
1680 3357 1917 3422 Patrem,
1962 3359 2147 3428 splen-

570 3453 759 3507 dorem
786 3466 915 3506 vcro
942 3451 1035 3521 qui
1061 3467 1127 3505 ex
1159 3450 1361 3506 lumine
1393 3450 1653 3521 gignitur,
1677 3450 1890 3515 Filium,
1929 3463 2150 3506 necesse

568 3553 652 3599 est
678 3543 833 3597 l'atcri
866 3540 1156 3598 essentiam
1182 3540 1359 3595 Patris
1401 3541 1585 3596 onmia
1629 3540 1853 3610 implere
1893 3556 1999 3595 non
2024 3556 2150 3610 pos-

569 3650 647 3700 se,
679 3645 737 3689 ut
787 3636 935 3689 locus
963 3634 1306 3704 relinquatur
1336 3633 1614 3703 splendori
1638 3633 1728 3702 qui
1763 3649 1832 3688 ex
1855 3634 1970 3702 ipso
1998 3634 2149 3688 emit-

572 3724 718 3779 tltur.
752 3726 808 3779 Si
838 3740 965 3779 vero
996 3725 1177 3779 omnia
1209 3725 1395 3793 implet
1419 3723 1596 3789 Pater,
1632 3724 1848 3780 ubinam
1885 3724 2149 3781 consistet

567 3818 798 3873 essentia
836 3817 1164 3887 geniminis?

1077 3929 1284 3984 Salutio
1325 3930 1648 3997 objectionis.

639 4043 695 4098 Si
730 4044 781 4098 in
821 4044 935 4097 loco
973 4041 1250 4097 constituit
1280 4039 1522 4105 Patrem,
1553 4050 1607 4094 et
1647 4040 1869 4110 perinde
1895 4055 1960 4095 ac
2016 4056 2144 4096 cor-

568 4150 667 4203 pus
700 4132 948 4202 progredi
979 4131 1272 4194 existimat,
1298 4139 1506 4198 qumrat
1534 4128 1698 4183 etiam
1754 4130 2009 4199 genimini
2066 4130 2147 4185 lo-

567 4239 711 4278 cum.
740 4223 796 4275 Si
826 4237 951 4276 vero
977 4220 1157 4274 Patris
1188 4222 1422 4275 essentia
1462 4235 1566 4273 non
1620 4220 1868 4274 consistit
1908 4221 1961 4274 in
2023 4220 2144 4276 loco

568 4315 589 4385 (
618 4329 784 4383 neque
816 4314 959 4367 enim
1000 4312 1250 4366 divinitas
1300 4311 1418 4365 loco
1444 4310 1816 4365 circumscribi
1876 4321 2050 4379 potest
2081 4313 2100 4385 )
2127 4355 2141 4381 ,

568 4416 665 4457 cur
717 4419 776 4455 5e
814 4409 1026 4471 torquet
1053 4400 1109 4455 in
1153 4400 1316 4455 rebus
1349 4413 1467 4469 qua:
1517 4398 1661 4453 nulla
1710 4402 2006 4469 quwstione
2063 4405 2145 4458 in-

2248 3253 2341 3305 καὶ
2368 3254 2495 3324 περὶ
2520 3254 2587 3308 τὰ
2612 3257 2785 3322 ἐκτὸς,
2818 3257 3070 3330 καθάπερ
3097 3263 3339 3332 εἴπομεν,
3362 3266 3389 3316 ό
3418 3263 3477 3328 ἐξ
3507 3265 3671 3318 αὐτοῦ
3704 3284 3831 3335 φω-

2246 3345 2437 3413 τισμὸς
2484 3347 2749 3416 γίγνεται.
2789 3353 2852 3405 Εἰ
2879 3352 3055 3413 τοίνυν
3089 3355 3203 3423 φῶς
3236 3355 3334 3423 μὲν
3372 3351 3511 3408 εἷναί
3557 3374 3694 3427 φατε
3725 3358 3830 3415 τὸν

2248 3433 2490 3505 Πατέρα,
2518 3438 2582 3490 ἐκ
2616 3439 2792 3507 φωτὸς
2819 3441 2876 3494 δὲ
2905 3442 3244 3514 ἀπαύγασμα
3290 3445 3380 3498 τὸν
3425 3445 3571 3512 Υίὸν,
3604 3447 3825 3521 ἀνάγκη

2246 3523 2425 3594 λέγειν
2455 3528 2547 3581 τοῦ
2576 3531 2786 3602 Πατρὸς
2820 3531 2917 3603 τήν
2945 3534 3131 3588 οὐσίαν
3163 3534 3237 3606 μὴ
3261 3535 3519 3591 δύνασθαι
3547 3539 3615 3591 τά
3640 3539 3830 3594 πάντα

2250 3615 2507 3689 πληροῦν,
2550 3620 2637 3673 ἴνα
2673 3622 2835 3675 τόπον
2867 3624 2978 3693 ἔχοι
3003 3625 3097 3677 καὶ
3123 3629 3370 3697 χωρῆσαι
3399 3646 3490 3682 ποι
3515 3629 3729 3684 δύναιτο
3758 3633 3830 3686 τὸ

2248 3708 2309 3774 ἐξ
2342 3710 2506 3763 αὐτοῦ
2535 3713 2884 3783 πεμπόμενον
2909 3715 3267 3788 ἀπαύγασμα.
3297 3720 3361 3772 Εἰ
3388 3721 3445 3773 δὲ
3480 3722 3655 3775 πάντα
3682 3723 3829 3795 πλη-

2252 3801 2336 3869 ροῖ
2361 3802 2389 3853 6
2427 3802 2635 3873 Πατὴρ,
2664 3803 2769 3857 ποῦ
2801 3807 3041 3877 χωρήσει
3068 3807 3161 3861 τοῦ
3193 3811 3532 3881 γεννήματος
3562 3814 3595 3883 ή
3630 3813 3788 3868 οὐσία
3809 3859 3826 3883 ,

2729 3918 2886 3988 Πρὸς
2914 3919 3100 3974 ταῦτα
3134 3924 3334 3989 λύσις.

2317 4024 2381 4076 Ei
2426 4026 2522 4095 μὲν
2563 4029 2621 4080 ὲν
2651 4029 2802 4101 τόπῳ
2830 4030 3011 4100 τίθησι
3037 4033 3129 4087 τὸν
3161 4034 3402 4105 Πατέρα,
3446 4037 3540 4089 καὶ
3569 4037 3823 4109 καθάπερ

2245 4133 2298 4168 τι
2332 4116 2491 4188 σῶμα
2521 4120 2816 4191 χωρεῖσθαι
2863 4123 3130 4191 βούλεται,
3174 4125 3408 4195 ζητείτω
3445 4129 3541 4181 καὶ
3581 4129 3660 4199 τῷ
3693 4147 3822 4198 γεν-

2244 4212 2443 4283 νήματι
2470 4213 2654 4267 τόπον.
2682 4215 2745 4267 Εἰ
2770 4214 2828 4267 δὲ
2857 4217 2957 4269 οὐκ
2982 4218 3038 4268 ὲν
3068 4218 3216 4288 τόπῳ
3235 4218 3328 4271 τοῦ
3358 4221 3569 4289 Πατρδς
3598 4223 3631 4291 ἡ
3662 4222 3822 4279 οὐσία

2246 4303 2329 4374 (οὐ
2364 4304 2473 4374 γὰρ
2501 4304 2650 4376 τόπῳ
2680 4305 3018 4377 περιληπτὸν
3046 4307 3108 4359 τὸ
3150 4308 3332 4380 θεῖον),
3363 4310 3415 4362 τι
3451 4312 3627 4382 μάτην
3659 4328 3822 4382 περι-

2246 4393 2538 4464 εργάζεται
2565 4395 2633 4450 τὰ
2676 4397 2946 4467 μηδεμίαν
2986 4392 3177 4468 ἔχοντα
3219 4400 3467 4471 ζήτησιν,
3512 4403 3608 4456 καὶ
3644 4402 3823 4475 τολμᾷ

569 4494 775 4563 digent,
813 4495 1082 4562 audetque
1118 4493 1298 4546 dicere
1330 4508 1344 4545 :
1376 4490 1626 4557 Quonam
1655 4492 1849 4547 evadet
1878 4492 1999 4547 Filii
2066 4509 2144 4550 es-

2250 4484 2429 4554 λέγειν
2455 4503 2468 4517 ·
2501 4486 2613 4539 Ποῦ
2640 4489 2881 4559 χωρήσει
2918 4489 3013 4541 τοῦ
3040 4491 3375 4562 γεννήματος
3406 4495 3439 4563 ή
3468 4493 3645 4556 οὐσία,
3677 4494 3823 4563 πλη-

569 4581 767 4642 sentia,
807 4594 929 4633 cum
956 4578 1119 4633 Pater
1143 4578 1323 4633 omnia
1353 4579 1851 4649 repleat?Apparet
1881 4583 2065 4652 itaque
2090 4594 2145 4639 et

565 4677 650 4724 est
689 4666 850 4721 Pater
887 4668 940 4721 in
979 4666 1139 4732 Filio,
1185 4675 1240 4723 et
1277 4666 1449 4723 Filius
1488 4668 1543 4723 in
1588 4667 1773 4734 Patre,
1805 4685 1911 4726 non
1967 4680 2141 4729 tamen

570 4770 629 4817 ut
657 4763 795 4816 idem
823 4762 1169 4827 exsistentes,
1199 4775 1372 4830 neque
1402 4770 1463 4816 ut
1504 4777 1669 4817 unum
1735 4780 1980 4822 numero.
2048 4768 2145 4822 Est

568 4852 706 4908 mim
740 4852 897 4908 Pater
923 4852 975 4907 in
1006 4867 1101 4908 sua
1129 4854 1483 4921 proprietate,
1522 4863 1577 4909 et
1609 4864 1695 4910 est
1736 4854 1907 4912 Filius
1963 4859 2014 4913 in
2061 4875 2146 4927 pe-

566 4946 756 5000 culiari
799 4961 893 4999 sua
943 4944 1289 5014 proprietate,
1319 4947 1457 5002 hanc
1487 4948 1657 5017 solam
1683 4961 1713 5001 a
1773 4946 1938 5003 Patre
1991 4948 2146 5002 dide--

568 5036 795 5090 rcntiam
853 5036 1078 5100 habens,
1112 5036 1253 5105 quod
1307 5035 1467 5090 Pater
1508 5037 1724 5105 quidem
1759 5052 1854 5106 per
1912 5052 1972 5093 se
2013 5050 2142 5104 est,

567 5140 741 5195 neque
782 5136 864 5179 est
904 5124 1117 5190 Filius;
1175 5126 1344 5180 Filius
1370 5126 1532 5180 etiam
1572 5142 1669 5196 per
1721 5142 1780 5182 se
1836 5138 1939 5195 est,
1971 5145 2144 5199 neque

566 5227 649 5270 est
694 5215 875 5270 Pater.
903 5217 1008 5271 Sed
1059 5217 1160 5272 hac
1208 5217 1423 5286 quidem
1473 5218 1586 5271 sola
1628 5217 1926 5275 diﬂ‘erentia
1980 5238 2009 5275 a
2042 5222 2143 5275 Pa-

568 5318 653 5361 tre
696 5308 1004 5372 distinctus,
1050 5308 1295 5362 eamdem
1328 5308 1490 5361 habet
1520 5317 1754 5375 paterna:
1790 5320 1994 5366 natura:
2024 5327 2143 5381 pro-

567 5399 888 5464 prietatem;
946 5409 1134 5467 eStqne
1203 5414 1395 5454 rursus
1446 5400 1497 5452 in
1551 5398 1745 5465 Patre,
1792 5404 2140 5470 quemadmo-

566 5485 692 5537 dum
720 5485 970 5553 splendor
997 5488 1086 5556 qui
1114 5501 1143 5541 e
1182 5486 1293 5541 sole
1335 5486 1617 5551 emittitur,
1651 5489 1740 5557 qui
1769 5488 1981 5557 quidem
2016 5505 2138 5558 pro-

569 5575 713 5630 cedit
756 5591 821 5629 ex
854 5576 987 5644 ipso,
1019 5576 1162 5630 aliud
1184 5575 1457 5645 quidpiam
1491 5576 1559 5631 ab
1601 5579 1735 5645 ipso,
1768 5592 1928 5629 unum
1959 5586 2135 5631 tamen

568 5677 760 5722 natura
775 5667 1064 5722 exsistens.
1084 5666 1217 5719 Nam
1234 5668 1337 5720 hoc
1355 5677 1437 5721 est
1455 5667 1554 5731 sol,
1575 5668 1702 5722 illud
1720 5682 1846 5721 vero
1859 5669 2131 5737 splendor.

558 5759 729 5816 'Pater
758 5761 938 5824 itaque
964 5758 1235 5816 exsistcns
1261 5758 1441 5814 emisit
1480 5758 1683 5827 lumen,
1711 5757 1904 5814 Filium
1931 5800 1946 5828 ,
1979 5759 2129 5830 sigil-

2250 4576 2469 4647 ροῦντος
2510 4578 2580 4631 τὰ
2609 4579 2789 4633 πάντα
2823 4579 2918 4632 τοῦ
2959 4581 3206 4652 Πατρός;
3249 4582 3499 4636 Φαίνεται
3546 4586 3643 4653 μὲν
3672 4580 3765 4638 οὖν
3794 4588 3823 4639 6

2244 4668 2434 4740 Πατὴρ
2462 4670 2553 4722 καὶΙ
2576 4669 2721 4723 ἔστιν
2750 4671 2808 4723 εν
2842 4671 2975 4741 Υίῷ,
3006 4673 3099 4727 καὶ
3128 4673 3256 4737 Υἱὸς
3291 4675 3350 4727 ἐν
3380 4675 3552 4745 Πατρί
3572 4692 3585 4707 ο
3614 4676 3711 4745 οὐχ
3743 4677 3822 4740 ὡς

2242 4758 2440 4810 ταυτὸν
2473 4757 2529 4809 δὲ
2576 4757 2749 4820 ὅντες,
2779 4758 2899 4812 οὐδὲ
2938 4758 3015 4822 ὡς
3065 4759 3122 4813 ἓν
3165 4761 3405 4833 ἀριθμῷ.
3438 4764 3595 4816 Ἐστι
3637 4763 3746 4834 γὰρ
3791 4766 3822 4817 6

2245 4845 2435 4915 Πατὴρ
2465 4847 2522 4898 ὲν
2552 4848 2617 4917 τῇ
2646 4846 2810 4899 αὑτοῦ
2841 4847 3060 4917 ἰδιότητι
3081 4864 3094 4877 ·
3126 4851 3221 4904 καὶ
3258 4850 3405 4905 ἔστιν
3442 4853 3470 4904 6
3499 4852 3625 4916 Υἱὸς
3669 4854 3725 4904 ὲν
3750 4856 3819 4923 τῇ

2249 4936 2355 5005 ἰδία
2389 4936 2627 5007 ἰδιότητι,
2654 4938 2858 5008 ταύτην
2888 4938 3025 5009 ἔχων
3055 4941 3223 5013 μόνην
3254 4944 3391 5014 πρὸς
3427 4944 3519 4998 τὸν
3555 4944 3824 5015 Γεγεννηο

2245 5025 2379 5078 κότα
2422 5025 2522 5096 τὴν
2558 5026 2854 5098 διαφοράν·
2895 5030 2924 5082 6
2954 5031 3051 5100 μὲν
3086 5033 3193 5101 γὰρ
3220 5034 3430 5104 Πατήρ,
3478 5034 3601 5086 καθ’
3628 5036 3823 5088 ἑαυτόν

2244 5116 2380 5181 ἐστι,
2406 5117 2498 5169 καὶ
2523 5118 2622 5170 οὐκ
2647 5117 2794 5172 ἐστιν
2822 5120 2980 5192 Υἱὸς
3012 5126 3040 5177 6
3060 5124 3117 5178 δὲ
3147 5125 3275 5187 Υἱὸς
3300 5123 3421 5177 καθ’
3444 5124 3636 5177 ἑαυτόν
3678 5126 3822 5185 ἐστι,

2244 5208 2338 5261 καὶ
2383 5210 2483 5263 οὐκ
2530 5209 2643 5264 ἐστι
2688 5212 2900 5285 Πατήρ.
2962 5215 3120 5269 Ἀλλὰ
3160 5214 3298 5268 κατά
3342 5213 3500 5268 τοῦτο
3543 5215 3703 5285 μόνον
3746 5216 3825 5281 ὡς

2243 5299 2379 5369 πρὸς
2429 5301 2519 5354 τὸν
2575 5302 2793 5372 Πατέρα
2836 5305 2933 5375 τὴν
2979 5305 3260 5377 διαστολὴν
3309 5305 3471 5375 ἔχων,
3518 5307 3673 5378 φέρει
3720 5307 3823 5377 μὲν

2241 5392 2372 5445 αὐτὸ
2400 5393 2500 5462 τῆς
2530 5396 2799 5465 πατρικῆς
2828 5396 3041 5465 φύσεως
3076 5395 3138 5448 τὸ
3173 5396 3391 5467 ἰδίωμα,
3433 5396 3547 5449 ἔστι
3572 5397 3628 5449 δὲ
3656 5395 3822 5450 πάλιν

2241 5483 2297 5534 ὲν
2337 5482 2415 5552 τῷ
2462 5484 2653 5555 Πατρὶ,
2689 5484 2878 5556 ὥσπερ
2920 5488 2980 5539 τὸ
3025 5488 3088 5539 ἐκ
3129 5487 3223 5541 τοῦ
3264 5488 3414 5559 ήλίου
3463 5487 3825 5558 πεμπόμενον

2240 5575 2597 5645 ἀπαύγασμα,
2626 5579 2840 5648 πρόεισι
2870 5579 2965 5649 μὲν
2989 5579 3048 5642 ἐξ
3084 5580 3271 5644 αὐτοῦ,
3306 5581 3492 5651 ἕτερον
3519 5578 3575 5632 δέ
3602 5596 3655 5632 τι
3686 5584 3825 5646 παρ’

2240 5668 2403 5722 αὐτόν
2435 5671 2600 5731 ἐστιν,
2630 5668 2688 5722 ἓν
2732 5670 2871 5724 κατὰ
2920 5669 3082 5738 φύσιν
3127 5672 3387 5744 ὑπάρχον.
3423 5670 3496 5722 T6
3539 5671 3638 5741 μὲν
3682 5672 3821 5741 γὰρ,

2242 5764 2389 5834 ἥλιος
2412 5803 2424 5829 ,
2449 5762 2507 5816 τὸ
2542 5761 2617 5829 δὲ,
2647 5761 3007 5834 ἀπαύγασμα.
3040 5763 3132 5816 ’Ὡν
3166 5759 3498 5835 οῦν,Πατήρ,
3526 5762 3822 5834 ἀπηύγασε
