4032 6212
162 409 250 463 101

1582 395 2027 457 THESAURU

3324 397 3425 451 ill"!

160 522 243 573 τὸν
284 518 434 575 Υέὸν,
485 516 760 585 σφραγῖδα
796 517 891 568 καὶ
934 516 1113 569 εξκόνα
1153 517 1248 586 τῆς
1296 517 1485 570 ἑαυτοῦ
1537 514 1748 582 φύσεως

1873 518 2044 561 umet
2099 508 2385 578 imaginem
2428 509 2879 577 perfectissimam
2932 525 3039 563 sine
3106 508 3274 579 ipsius
3332 528 3426 559 t.-.--

158 605 587 676 ἀκριϐεστάτην,

685 728 1052 813 ΛΟΓΟΣ
1126 729 1256 810 H’.

162 885 309 952 Πρὸς
347 885 501 948 τοὺς
536 883 851 952 λέγοντας,
892 884 981 936 ὅτι
1011 886 1082 936 οὐ
1111 882 1190 947 τῷ
1236 882 1435 949 Harp},
1473 882 1632 936 ἀλλὰ
1673 879 1748 949 τῇ

324 954 649 1021 ,ϐουλήσει
683 954 868 1007 αὐτοῦ
906 953 1108 1022 ὅμοιός
1135 955 1304 1006 ἐστιν
1341 956 1373 1007 ό
1418 952 1573 1013 Υἱός.

225 1067 445 1137 Πολλὴν
477 1066 544 1120 ἄν
572 1083 657 1128 τις
684 1066 907 1128 εἰκότως
940 1064 1192 1118 ἀδουλίαν
1221 1064 1328 1118 τῶν
1369 1063 1749 1135 χριστομάχων

162 1159 648 1230 καταψηφίσαιτο,
699 1158 733 1227 ἦ
784 1158 1041 1225 λογιεῖται
1089 1156 1262 1228 ὀρθῶς
1309 1157 1615 1227 μαίνεσθαι,
1660 1174 1750 1209 πι-

166 1250 361 1303 στεύων
385 1251 518 1310 τοῖς
557 1248 655 1315 τῆς
684 1246 990 1317 βουλήσεως
1024 1247 1115 1300 τοῦ
1149 1246 1363 1317 Πατρὸς
1397 1247 1579 1317 ὅμοιον
1614 1241 1752 1301 εἶναι

165 1341 374 1406 λέγουσι
408 1337 514 1389 τὸν
545 1335 695 1397 mw,
734 1335 835 1388 οὐκ
879 1336 1028 1405 αὐτῷ
1069 1335 1146 1404 τῷ
1190 1335 1394 1407 Πατρί·
1447 1336 1622 1389 καίτοι
1656 1336 1753 1405 τῆς

167 1432 304 1492 θείας
329 1431 577 1500 Γραφῆς
620 1427 680 1479 οὐ
717 1426 905 1480 τοῦτον
938 1426 1273 1497 ἐκφερούσης
1312 1429 1439 1501 περὶ
1468 1426 1633 1481 αὐτοῦ
1663 1429 1753 1481 τὸν

166 1525 298 1592 890v,
332 1522 468 1573 ἀλλ’
488 1519 612 1573 οῦδὲ
640 1518 806 1573 αὐτοῦ
838 1518 932 1571 τοῦ
964 1519 1214 1591 Σωτῆρος
1238 1519 1484 1589 λέγοντος
1506 1537 1517 1549 ·
1564 1520 1619 1573 '0
1655 1521 1752 1573 ἑω-

170 1612 337 1683 ρακὼς
366 1609 508 1680 ἐμὲ,
536 1608 746 1679 ἑώρακε
772 1607 870 1677 τὴν
897 1607 1148 1678 βούλησιν
1168 1607 1261 1661 τοῦ
1288 1608 1518 1677 Πατρός.
1560 1609 1754 1680 Ἐχρῆν

166 1701 215 1753 δέ
242 1718 301 1767 γε
330 1699 442 1751 τὸν
483 1699 707 1751 εἰπόντα
732 1699 965 1768 Χριστόν
988 1712 999 1727 ⁸
1030 1718 1048 1750 ι
1095 1698 1235 1767 Ἐγώ
1259 1701 1373 1769 εἰμι
1402 1702 1433 1769 ἡ
1458 1700 1702 1770 ἀλήθεια,
1731 1720 1748 1751 ι

171 1793 236 1862 μὴ
255 1793 334 1861 τῷ
368 1792 566 1860 [largi
607 1791 747 1843 κατὰ
782 1791 945 1859 φύσιν
972 1790 1163 1844 ἑαυτὸν
1194 1791 1493 1861 ἐξομοιοῦν,
1527 1795 1594 1863 τῇ
1636 1791 1756 1862 βουο

168 1884 311 1953 λήσει
349 1884 416 1936 δὲ
470 1881 673 1951 μᾶλλον
716 1879 904 1943 αὐτοῦ,
949 1882 1104 1952 εἴπερ
1137 1880 1310 1944 οὕτως
1338 1880 1473 1952 ἔχει,
1502 1882 1753 1954 καθάπερ

168 1975 353 2028 ἐκεῖνοί
384 1990 589 2042 φασιν.
629 1972 766 2025 Ἀλλ’
793 1972 1026 2043 οὐδαμοῦ
1054 1973 1150 2043 τὴν
1183 1973 1434 2043 βούλησιν
1460 1970 1749 2046 ὀνομάσας,

171 2066 340 2118 εἰκόνα
364 2066 435 2117 δὲ
458 2064 553 2117 τοῦ
589 2063 798 2133 Πατρὸς
826 2064 1014 2117 ἑαυτὸν
1047 2063 1378 2135 προσειπὼν,
1399 2065 1554 2136 δῆλος
1581 2067 1645 2119 ἂν
1668 2067 1753 2137 εἴη

175 2159 259 2229 τὴν
288 2156 534 2209 ἐκείνων
569 2155 829 2207 ὑπόνοιαν
863 2156 1118 2226 ἀναιρῶν.

865 2270 1069 2325 ΔΑΛΟ.

250 2378 597 2451 Ἐρωτητέον
613 2380 743 2443 τοὺς
768 2382 1167 2452 χριστομάχους
1186 2398 1199 2411 ’
1247 2384 1308 2436 'H
1341 2383 1592 2454 βούλησις
1618 2384 1755 2453 αὕτη

180 2470 259 2523 τοῦ
284 2471 534 2540 Πατρὸς,
567 2464 635 2541 ἦς
675 2472 863 2541 ὅμοιον
886 2468 1026 2525 εἶναί
1051 2490 1186 2541 φατε
1214 2476 1304 2528 τὸν
1351 2476 1494 2537 Υἱὸν,
1531 2476 1756 2547 πότερόν

180 2580 293 2615 ποτε
322 2562 497 2616 οὐσία
534 2563 619 2625 τίς
666 2564 801 2626 ἐστι,
848 2563 941 2616 καὶ
973 2564 1181 2634 ὑπέστη
1213 2565 1351 2636 αὐτὴ
1389 2565 1509 2618 καθ’
1535 2566 1754 2637 ἑαυτὴν,

180 2654 393 2722 ﬁctili;
437 2654 503 2706 El
549 2652 649 2721 μὲν
688 2652 798 2723 γὰρ
827 2652 1058 2724 οὑσιώδη
1096 2657 1192 2708 καὶ
1231 2657 1594 2727 ὑποστατικὴν
1620 2653 1758 2709 εἶναι

178 2743 367 2797 δώσετε
400 2744 633 2813 ταύτην,
668 2744 781 2806 πῶς
806 2744 887 2797 ἔτι
917 2746 1209 2815 μονογενὴς
1241 2750 1268 2799 ο
1296 2748 1442 2810 Υἱὸς,
1473 2747 1652 2817 τρίτος
1681 2748 1756 2801 ὢν

176 2837 233 2887 ἐκ
257 2837 513 2907 Πατρὸςς
552 2839 803 2890 Φαίνεται
829 2836 938 2904 γὰρ
980 2838 1349 2907 μεσολαϐοῦσα
1381 2840 1478 2911 τὴν
1508 2844 1758 2911 γέννησιν

177 2930 335 2982 αὑτοῦ
366 2930 631 2999 βούλησίς
657 2948 738 2992 τις
767 2931 1127 2993 ὲνυπόστατος
1169 2932 1262 2983 καὶ
1296 2931 1465 2995 ζῶσα,
1492 2933 1634 2986 κατά
1661 2934 1758 3002 τὴν

178 3022 453 3091 ὑμετέραν
492 3023 779 3090 πρότασιν.
830 3023 893 3075 Εἰ
933 3021 988 3074 δὲ
1020 3022 1178 3075 τοῦτο
1208 3023 1654 3093 παραιτούμενοι,
1696 3024 1757 3076 οὐ

175 3111 297 3162 καθ’
322 3111 628 3165 ὑπόστασιν
658 3115 755 3181 τὴν
786 3112 1040 3180 βούλησιν
1061 3113 1365 3166 διακεῖσθαι
1395 3113 1615 3181 δώσετε,
1640 3115 1759 3169 οὐδὲ

1854 609 2007 652 turte.

2165 727 2736 820 ASSERTIO
2829 732 3109 820 VIII.

1887 896 2149 950 Adversus
2168 894 2551 967 dicentes,_non
2575 895 2744 967 Patri,
2767 897 2855 948 sed
2878 897 3134 951 voluntati
3152 898 3266 967 ejus
3324 898 3397 949 δὶ-

2348 965 2526 1018 milent
2547 981 2657 1018 esse
2693 965 2897 1018 Filium
2910 1006 2923 1019 .

1924 1077 2115 1132 Merito
2136 1078 2258 1147 quis
2290 1091 2537 1144 magnam
2566 1076 2799 1130 hostium
2835 1076 3037 1131 Christi
3068 1079 3425 1132 temeritatem

1852 1167 2088 1230 damnet,
2123 1176 2213 1220 aut
2266 1165 2464 1220 rectius
2513 1165 2751 1219 insanire
2793 1166 2996 1233 judiCct
3037 1182 3127 1221 eos
3167 1168 3255 1236 qui
3323 1184 3427 1220 lmtt

1856 1257 1955 1324 ipsi
1992 1256 2165 1320 Patri,
2212 1256 2305 1311 sed
2333 1254 2591 1308 voluntati
2617 1253 2731 1322 ejus
2782 1256 3011 1310 similem
3061 1271 3181 1311 esse
3236 1256 3428 1310 Filium

1855 1345 2180 1401 contendunt
2211 1384 2227 1410 ,
2272 1360 2394 1400 cum
2441 1344 2640 1415 alioqui
2689 1361 2843 1400 saera
2883 1346 3157 1414 Scriptura
3198 1361 3303 1400 non
3359 1348 3429 1399 it:

1856 1439 1922 1494 de
1996 1439 2111 1508 ipso
2167 1438 2432 1501 definiat,
2484 1439 2578 1491 sed
2639 1452 2814 1507 neque
2879 1438 2991 1508 ipse
3047 1436 3300 1491 Servator
3350 1438 3431 1490 dio

1855 1540 1942 1582 cat
1979 1545 1992 1581 ε
2036 1528 2137 1595 Qui
2195 1531 2325 1583 vidit
2385 1544 2471 1585 me
2503 1570 2517 1593 ,
2574 1530 2707 1583 vidit
2763 1539 2816 1583 ct
2868 1530 3203 1583 voluntatem
3257 1529 3435 1582 Patris

1844 1620 1957 1691 δι
1998 1621 2121 1675 mei.
2158 1618 2408 1690 Oportuit
2439 1636 2568 1676 vero
2606 1621 2877 1676 Chrismm
2924 1623 3189 1675 dicentem
3221 1659 3236 1684 ,
3268 1640 3286 1671 ι
3325 1621 3433 1689 Ego

1855 1726 1973 1765 sum
2000 1712 2198 1766 veritas
2227 1712 2295 1779 ",
2330 1730 2347 1763 ι
2382 1726 2719 1781 nequaquam
2745 1727 2801 1766 se
2833 1711 2978 1766 Patri
3008 1711 3302 1765 secundum
3341 1730 3434 1763 na-

1861 1813 2035 1856 turam
2084 1818 2425 1873 comparare,
2453 1804 2551 1859 sed
2594 1804 2772 1872 potius
2803 1802 2919 1871 ejus
2949 1802 3232 1865 voluntati,
3275 1801 3318 1854 si
3356 1802 3426 1853 ita

1858 1904 1961 1958 est,
2004 1903 2064 1948 ut
2116 1894 2216 1964 ipsi
2271 1896 2482 1951 volunt.
2547 1897 2616 1949 At
2659 1909 2780 1949 cum
2825 1909 2883 1949 se
2933 1908 3037 1948 non
3107 1894 3435 1948 voluntatem

1860 1983 2177 2048 nominarit,
2212 1986 2304 2040 sed
2336 1985 2595 2054 adjecerit
2629 2000 2687 2040 se
2731 1999 2851 2039 esse
2907 1983 3198 2055 imaginem
3236 1983 3433 2049 Patris,

1859 2076 2148 2133 manifeste
2179 2091 2368 2131 eorum
2399 2078 2708 2146 Opinionem
2735 2076 3020 2130 subvertit.

2541 2269 2767 2325 ALIUD.

1936 2385 2306 2457 Interrogandi
2342 2392 2468 2438 sunt
2509 2383 2696 2437 hostes
2733 2381 2931 2436 Christi
2982 2399 2995 2434 :
3036 2382 3294 2437 Voluntas
3329 2384 3440 2436 hac

1864 2479 2061 2542 Patris,
2090 2479 2177 2533 cui
2213 2476 2446 2531 similem
2495 2475 2677 2529 dicitis
2720 2488 2840 2529 esse
2890 2473 3105 2536 Filitnn,
3164 2482 3316 2527 estne
3357 2490 3440 2527 es-

1863 2570 2059 2633 sentia,
2114 2567 2438 2636 exstititque
2493 2566 2608 2635 ipsa
2650 2580 2746 2636 per
2779 2580 2860 2631 se,
2910 2580 2977 2617 an
3030 2566 3173 2617 non?
3205 2563 3337 2619 Nam
3394 2566 3438 2617 si

1863 2660 2206 2715 essentialem
2257 2673 2379 2712 esse
2417 2659 2610 2712 dicetis
2657 2665 2712 2711 et
2763 2671 2859 2725 per
2896 2671 2953 2710 se
2986 2657 3280 2720 exstitisse,
3333 2672 3442 2727 quo

1863 2760 2023 2822 pacto
2054 2751 2310 2820 deinceps
2364 2748 2537 2803 Filius
2572 2749 2679 2802 erit
2710 2750 3037 2818 ttnigcnitus,
3070 2764 3189 2803 cmn
3231 2749 3341 2818 jam
3373 2750 3443 2802 sit

1866 2843 2058 2898 tertius
2095 2856 2163 2896 ex
2202 2841 2363 2895 Patre
2390 2840 2671 2909 ?Apparet
2704 2840 2846 2892 enim
2883 2841 3230 2907 praecessisse
3273 2841 3443 2909 ipsius

1864 2930 2261 3003 generationem
2320 2930 2647 2984 voluntatem
2697 2930 2988 2999 quamdam
3046 2944 3234 2984 revera
3293 2932 3442 2984 exsi-

1866 3028 2099 3077 stentem
2122 3030 2175 3074 et
2196 3018 2559 3088 vivam,juxta
2578 3027 2811 3072 vestram
2831 3018 3273 3088 proliositionem.
3291 3019 3444 3086 Quod

1867 3113 1912 3168 si
1957 3126 2088 3165 vero
2135 3111 2238 3165 hoc
2292 3120 2574 3179 negantes,
2630 3124 2734 3163 non
2784 3109 2839 3163 in
2891 3109 3109 3178 propria
3163 3111 3440 3180 hypostasi

176 3205 370 3256 οὐσίαν
398 3197 543 3256 εἶναι
571 3204 747 3267 ζῶσαν
772 3205 865 3258 καὶ
887 3205 1251 3276 ὑπάρχουσαν,
1276 3207 1464 3277 ῶσπερ
1497 3206 1586 3260 τὸν
1614 3206 1758 3268 Υἱδν,

1870 3204 2169 3257 subsistere
2191 3202 2328 3256 hanc
2355 3202 2685 3255 voluntatem
2710 3201 2927 3265 dabitis,
2956 3215 3130 3269 neque
3152 3203 3445 3256 essentiam

174 3293 535 3356 ἀπαιδεύτως
568 3295 766 3364 σφόδρα
796 3295 891 3348 καὶ
916 3295 1149 3365 ἀμαθῶς
1188 3298 1262 3367 μὴ
1296 3296 1390 3349 δύο
1427 3295 1761 3367 παραθέντες

174 3384 391 3445 οὐσίας
427 3385 710 3454 ὁμοιότητα
735 3386 962 3455 ζητεῖτε.
995 3386 1119 3450 Πῶς
1154 3387 1262 3457 γὰρ
1294 3386 1444 3440 ἔσται
1478 3387 1538 3439 τὸ
1569 3387 1762 3439 ὲνυπό-

176 3490 402 3528 στατον
439 3472 519 3543 τῷ
554 3474 625 3544 μὴ
652 3476 859 3548 τοιούτῳ
890 3477 1240 3549 προσεοικός;
1276 3479 1308 3549 ἢ
1340 3478 1454 3540 πῶς
1482 3480 1543 3531 τὸ
1575 3479 1648 3549 μὴ
1683 3480 1763 3542 εἰς

174 3565 381 3619 οὐσίαν
412 3565 631 3634 ἐνεχθὲν
668 3566 738 3636 τῷ
773 3568 1099 3637 ὐφεστηκότι
1139 3569 1280 3622 κατὰ
1309 3568 1400 3621 τὸν
1444 3569 1543 3638 τῆς
1590 3572 1760 3638 ἐμφε-

182 3656 334 3723 ρείας
368 3654 584 3725 τρόπον
610 3657 1038 3724 ἀντεξετάζοιτο;
1070 3672 1079 3685 ’

878 3850 1079 3903 ΑΑΑΟ.

245 3962 358 4014 Καὶ
385 3962 475 4024 τίς
499 3961 602 4014 οὐκ
629 3961 696 4015 ἂν
724 3964 1077 4034 ὁμολογήσειε
1107 3962 1230 4016 νοῦν
1261 3962 1399 4032 ἔχων
1431 3963 1511 4015 ὃτι
1537 3962 1617 4036 τῷ
1640 3960 1763 4032 {ea

188 4051 309 4119 πρὸς
364 4052 435 4105 τὸ
473 4051 617 4116 ζῶον
675 4055 708 4123 ὴ
753 4054 1026 4124 ὁμοιότης,
1074 4056 1168 4107 καὶ
1213 4054 1289 4125 τῷ
1330 4055 1404 4125 μὴ
1455 4054 1578 4125 ζώιρ
1630 4058 1764 4125 πρὸς

188 4144 238 4192 τὸ
266 4143 341 4211 μὴ
370 4142 556 4207 ζῶον;
591 4144 674 4195 Τὰ
702 4143 811 4214 γὰρ
843 4145 1130 4214 ἑτερογενῆ
1165 4145 1259 4197 καὶ
1289 4145 1464 4214 πάντη
1502 4145 1598 4214 τῆς
1631 4145 1765 4215 πρὸς

188 4231 382 4303 ἄλληλα
439 4234 679 4302 σχέσεως
713 4233 959 4303 φυσικῶς
991 4236 1416 4305 διακεκομμένα,
1447 4237 1547 4289 οὐκ
1577 4239 1641 4291 ἄν
1682 4256 1765 4301 τις

190 4318 238 4375 εὖ
292 4323 515 4394 φρονῶν
571 4325 915 4390 ἁντεξετάζοι
970 4327 1103 4397 πρὸς
1155 4327 1398 4398 ἄλληλα,
1436 4328 1559 4381 οὐδὲ
1607 4329 1765 4382 τοῦτο

190 4414 367 4486 ἐκείνῳ
384 4417 871 4487 προσεοικδς,οῦτε
899 4419 1005 4489 μὴν
1029 4421 1202 4472 ἐκεῖνο
1229 4420 1403 4490 τούτῳ
1430 4423 1653 4492 φήσειεν
1677 4423 1762 4476 ἄν.

1865 3307 1985 3348 esse
2016 3294 2193 3346 vivam
2243 3302 2407 3362 atque
2461 3292 2838 3357 exsistentem,
2898 3302 2954 3346 ut
3012 3291 3230 3358 Filium,
3268 3294 3451 3361 inepte

1864 3392 2014 3437 certe
2065 3397 2170 3436 non
2234 3382 2427 3452 positis
2481 3382 2687 3436 duabus
2735 3382 2990 3437 essentiis
3035 3382 3447 3436 similitudinem

1863 3472 2128 3538 quteritis.
2166 3473 2285 3538 Quo
2320 3481 2477 3541 pacto
2522 3472 2665 3526 enim
2711 3471 2763 3524 id
2797 3472 2940 3539 quod
2976 3470 3316 3541 hypostatice
3351 3484 3448 3523 ex-

1864 3561 2028 3626 sistit,
2078 3576 2186 3616 non
2237 3561 2524 3616 exsistenti
2571 3561 2746 3616 simile
2792 3562 2899 3615 dici
2946 3560 3156 3630 possit?
3200 3569 3296 3614 aut
3340 3576 3449 3629 qun

1866 3660 2024 3719 pacto
2052 3652 2103 3706 id
2133 3652 2274 3720 quod
2322 3654 2562 3707 nondum
2612 3653 2677 3706 ad
2710 3666 2832 3708 esse
2881 3654 3203 3723 perductum
3237 3663 3344 3718 est,
3395 3650 3445 3707 ei

1865 3743 2008 3811 quod
2032 3743 2144 3811 jam
2173 3752 2280 3807 est,
2315 3744 2687 3799 similitudinis
2720 3747 2932 3801 ratione
2956 3745 3199 3801 conferri
3232 3746 3448 3815 potest?

2541 3855 2771 3909 ALIUD.

1938 3969 2069 4037 Quis
2099 3968 2242 4023 enim
2278 3980 2426 4021 sanat
2457 3965 2655 4021 mentis
2696 3979 2801 4020 non
2842 3964 3077 4019 fateatur
3110 3964 3331 4019 animali
3379 3967 3445 4019 ad

1866 4061 2067 4116 animal
2097 4058 2504 4116 similitudinem
2536 4058 2889 4124 intercedere,
2922 4065 3102 4111 etnon
3128 4057 3346 4111 animali
3379 4058 3447 4112 ad

1871 4168 1976 4207 non
2005 4151 2248 4207 animal?
2292 4150 2427 4205 Nam
2461 4163 2582 4218 qua:
2618 4150 2816 4205 diversi
2848 4148 3062 4217 generis
3110 4157 3257 4216 sunt,
3292 4161 3347 4203 et
3378 4151 3444 4202 ad

1867 4244 2098 4300 invicem
2144 4242 2335 4307 relata,
2384 4240 2704 4295 naturaliter
2746 4240 3040 4305 dissident,
3093 4255 3253 4294 nemo
3303 4253 3453 4295 recte

1866 4332 2104 4387 sentiens
2133 4333 2274 4385 inter
2305 4344 2362 4385 se
2386 4337 2684 4399 comparet,
2718 4345 2891 4397 neque
2926 4330 3025 4385 hoc
3056 4330 3155 4394 illi,
3181 4342 3275 4384 aut
3317 4331 3446 4384 illud

1868 4425 1993 4479 huic
2033 4423 2211 4477 simile
2255 4436 2379 4477 esse
2412 4422 2575 4476 dicat.
2608 4419 2810 4484 Veluti,
2839 4423 3069 4488 exempli
3104 4423 3297 4490 gratia,
3332 4434 3442 4477 sta-

190 4501 299 4562 Οἷον
328 4509 476 4578 φέρε
510 4511 721 4562 εἰπεῖν·
744 4509 1063 4581 ’Ἄνθρωπος
1106 4511 1472 4582 προσκείσθω,
1509 4514 1541 4584 ἢ
1576 4513 1758 4586 ἕτερόν

1871 4526 2055 4571 luatur
2077 4516 2258 4583 homo,
2294 4524 2387 4569 aut
2419 4512 2522 4567 alia
2552 4513 2817 4582 quaepiam
2848 4513 3149 4567 substantia
3193 4528 3311 4582 qua:
3349 4515 3451 4569 sub

191 4598 365 4651 τιτῶν
401 4599 586 4652 ὀντων
631 4600 731 4652 ὅσα
773 4601 962 4653 πίπτει
1000 4601 1134 4671 πρὸς
1166 4601 1258 4654 τὸν
1298 4602 1424 4671 ὅρον
1461 4601 1556 4654 τοῦ
1600 4602 1761 4669 ζώου,

193 4690 377 4744 κείσθω
432 4690 531 4744 καί
573 4692 876 4763 ἐπιστήμη,
930 4693 1049 4764 ἤτοι
1084 4693 1263 4762 σοφία,
1295 4694 1438 4764 ιήτοι
1491 4694 1764 4767 βούλησις,

192 4778 439 4852 ἦέτερόν
478 4799 535 4834 τι
579 4781 686 4834 τῶν
739 4784 841 4836 ὅσα
891 4783 1015 4837 καθ’
1062 4785 1230 4839 ἑαυτὰ
1272 4784 1372 4838 οὐκ
1434 4785 1767 4840 ἑνυπόστατα

193 4872 295 4936 μὲν,
340 4873 655 4943 ἐνυπάρχει
700 4873 757 4926 δὲ
801 4875 948 4945 ὅμως
990 4876 1097 4930 τῶν
1135 4878 1303 4933 ὄντων
1350 4881 1513 4946 τισὶν,
1557 4878 1768 4951 ἀνθρώ-

194 4977 295 5025 ποις
333 4966 507 5034 τυχὸν
569 4966 601 5033 ἦ
659 4966 930 5033 ἀγγέλοις.
980 4963 1105 5040 Ἆρ’
1135 4966 1264 5035 οὖν,
1311 4971 1484 5036 εἴτις
1526 4973 1617 5026 τὸν
1675 4973 1768 5027 ἄν·

192 5049 393 5120 θρωπον
448 5055 485 5124 ἢ
538 5055 726 5127 ἕτερον
777 5074 831 5110 τι
888 5056 1027 5122 ζῶον
1066 5063 1131 5131 τῇ
1191 5063 1469 5135 ἐπιστήμῃ
1525 5065 1642 5133 ἦτοι
1698 5066 1764 5134 τῇ

196 5148 335 5217 ποφὶα
370 5148 407 5217 ἢ
458 5150 532 5218 τῇ
586 5147 833 5219 βουλήσει
876 5152 1252 5221 προσεοικέναι
1293 5156 1537 5225 φήσειεν,
1568 5156 1666 5208 οὐκ
1700 5155 1766 5208 ἂν

110 5298 113 5321 ξ
192 5235 408 5301 εἰκότως
442 5238 666 5309 μωρίας
691 5240 919 5312 ὀφλήσοι
954 5243 1184 5311 γέλωτα,
1214 5246 1284 5298 τὰ
1326 5246 1490 5316 μηδὲν
1517 5245 1766 5316 ἀλλήλοις

114 5346 115 5359 π
194 5332 551 5393 προσεοικότα
586 5332 903 5403 δοκιμάζειν
931 5353 990 5389 τε
1022 5336 1114 5391 καὶ
1143 5337 1519 5404 ἀντεξετάζειν
1561 5340 1766 5409 ἐπιχει-

195 5418 311 5486 ρῶν;
368 5422 593 5477 Οὐκοῦν
629 5426 990 5491 ἑνυπόστατος
1021 5426 1097 5482 ῶν
1139 5432 1167 5482 ὁ
1197 5430 1322 5494 Υἱὸς
1363 5429 1458 5483 τοῦ
1505 5428 1663 5495 Θεοῦ,
1698 5433 1763 5501 τῇ

196 5509 543 5584 inmite)
577 5516 830 5588 βουλήσει
872 5522 993 5571 κατ’
1019 5520 1172 5573 οὐδὲν
1212 5521 1362 5574 ἔσται
1406 5520 1761 5593 προσεοικώς.

132 5670 137 5679 ,
200 5595 250 5652 Ἦ
276 5606 388 5676 γὰρ
423 5608 720 5679 ἀποτόμως
755 5611 1004 5683 ἀνόμοιον
1032 5608 1174 5671 εἶναι
1210 5614 1287 5683 τῷ
1322 5616 1494 5684 Πατρὶ
1526 5615 1762 5683 λεγέτω-

249 5781 290 5814 ¹⁸
320 5783 486 5841 Joan.
531 5804 642 5858 xiv,
674 5791 728 5846 6.

1868 4608 2237 4665 definitionem
2262 4605 2508 4661 animalis
2529 4604 2702 4659 cadit:
2721 4612 2988 4659 statuatur
3010 4605 3173 4659 etiam
3199 4605 3447 4669 scientia,

1872 4700 1956 4756 vel
1989 4699 2278 4771 sapientia,
2327 4697 2414 4753 vel
2442 4696 2710 4761 voluntas,
2758 4696 2842 4750 vel
2893 4695 3040 4749 aliud
3088 4696 3216 4763 quid
3262 4709 3448 4749 eorum
3528 4714 3535 4719 λ

1873 4808 1993 4861 quae
2017 4807 2123 4845 non
2150 4791 2417 4845 exsistunt
2450 4804 2545 4859 per
2579 4803 2657 4855 se,
2686 4790 2866 4841 insunt
2895 4797 3071 4841 tamen
3099 4787 3241 4850 aliis,
3271 4786 3449 4841 homi-

1877 4882 2036 4939 nibus
2062 4883 2314 4937 nimirum
2344 4882 2426 4936 vel
2459 4880 2682 4950 angelis.
2707 4878 2763 4933 Si
2800 4879 2922 4948 quis
2952 4878 3115 4948 igitur
3144 4877 3450 4940 hominem,

1878 4987 1969 5029 aut
1990 4975 2132 5029 aliud
2157 4974 2374 5044 aliquod
2398 4972 2600 5027 animal
2625 4971 2886 5036 scientiae,
2909 4979 3001 5025 aut
3025 4969 3330 5039 sapientiae,
3356 4978 3451 5023 ant

1877 5067 2137 5121 voluntati
2178 5065 2355 5119 simile
2375 5078 2496 5119 esse
2524 5064 2746 5125 dixerit,
2776 5076 2953 5115 nonne
2977 5062 3174 5116 merito
3202 5061 3450 5115 stultitiae

1874 5158 2091 5212 nomine
2121 5142 2399 5210 rideatur?
2432 5154 2629 5227 quippe
2662 5154 2754 5221 qui
2780 5168 2840 5206 ea
2871 5153 3064 5221 quibus
3096 5152 3238 5207 nulla
3282 5154 3451 5207 inter-

1871 5249 2014 5303 cedit
2046 5247 2441 5313 convenientia,
2490 5259 2806 5315 comparare
2838 5255 2999 5314 atque
3029 5244 3281 5299 conferre
3312 5244 3451 5298 inter

1871 5357 1929 5397 se
1983 5341 2133 5395 velit.
2190 5339 2355 5394 Filius
2418 5339 2599 5409 itaque
2641 5338 2730 5392 Dei
2786 5336 3120 5408 hypostatice
3161 5336 3449 5400 exsistens,

1872 5429 2130 5485 voluntati
2175 5427 2509 5498 hypostatice
2551 5442 2656 5481 non
2698 5426 2979 5481 exsistenti
3015 5425 3158 5479 nulla
3200 5441 3262 5480 ex
3300 5437 3451 5494 parte

1872 5522 2069 5579 similis
2108 5531 2212 5576 est.
2253 5520 2359 5575 Aut
2403 5520 2546 5575 enim
2599 5519 2759 5588 plane
2790 5517 3105 5573 dissimilem
3146 5516 3288 5569 Patri
3331 5530 3450 5569 esse

1875 5613 2076 5677 dicant,
2121 5621 2175 5668 et
2229 5620 2416 5682 aperte
2462 5610 2900 5681 blasphemantcs
2939 5609 3242 5664 detestandi
3289 5608 3446 5661 sint:

3968 1988 3973 2133 ι
