4032 6212
588 385 686 443 105

1582 386 1639 439 S.
1684 382 1964 439 CYRILLI
2004 376 2483 438 ALEXANDRINI
2520 379 2850 436 ARClllEP.

3749 382 3843 439 10$

586 514 683 559 aut
730 501 774 556 si
828 500 1141 555 necessario
1190 501 1600 555 similitudinem
1647 516 1767 553 cum
1824 501 1981 555 Patre
2035 501 2145 555 Filii

2274 517 2392 567 σαν,
2447 500 2539 552 καὶ
2596 499 2844 570 φανερῶς
2904 496 3311 569 δυσφημοῦντες
3361 494 3750 568 μισείσοωσαν·
3817 503 3851 572 ἡ

589 597 830 651 tribuere
883 591 1102 656 debent,
1144 592 1507 646 necessariam
1555 594 1715 644 etiam
1749 594 1968 647 omnino
2004 594 2165 647 fuerit

586 705 691 743 non
712 704 833 743 esse
858 689 1122 743 voluntati
1146 686 1400 750 similem,
1427 688 1535 756 62
1563 688 1657 744 sed
1679 685 1943 741 Genltori.
1970 686 2164 741 Osten-

584 795 700 832 sum
734 779 876 832 enim
914 792 996 833 est
1030 778 1170 848 quod
1202 779 1266 830 iis
1301 794 1420 846 qua:
1453 778 1507 831 iu
1543 777 1779 832 essentia
1811 786 1865 831 et
1892 778 2161 847 liypostasi

582 871 874 933 exsistunt,
899 871 963 924 ad
992 886 1053 922 ea
1079 886 1197 938 qua:
1225 869 1533 922 essentialia
1565 878 1618 923 et
1656 869 1989 939 hypostatica
2016 879 2160 935 sunt,

582 962 878 1015 similitudo
931 963 1043 1014 hate
1090 971 1373 1026 servatur;
1418 976 1525 1014 non
1562 960 1628 1013 ad
1665 976 1726 1013 ea
1768 976 1887 1030 qua:
1936 962 2161 1018 alterius

582 1061 711 1103 sunt
742 1051 979 1120 generis,
1009 1059 1063 1103 et
1094 1050 1146 1103 in
1185 1049 1304 1103 aliis
1341 1065 1497 1104 suum
1531 1064 1651 1104 esse
1686 1050 1887 1104 habent
1920 1069 1934 1104 :
1973 1066 2161 1120 quem-

579 1140 868 1193 admodum
920 1140 1185 1207 sapientia
1236 1140 1287 1191 in
1336 1139 1599 1207 sapiente,
1646 1151 1702 1193 et
1746 1140 1997 1195 voluntas
2046 1143 2161 1197 sive

575 1230 861 1285 consilium
895 1231 946 1283 in
983 1229 1195 1283 volente
1228 1230 1308 1283 vel
1337 1229 1704 1284 consultante.

788 1340 1020 1405 ALIUD,
1046 1358 1135 1408 per
1159 1341 1508 1395 reductioncm
1540 1344 1609 1394 ad
1638 1342 1941 1396 absurdum.

645 1454 702 1507 Si
760 1452 1020 1505 voluntati
1057 1451 1237 1506 Patris
1284 1452 1477 1507 similis
1525 1454 1813 1519 exsistens,
1855 1471 1921 1507 ex
1976 1466 2153 1510 vestra

573 1547 861 1606 sententia,
899 1545 1067 1598 Filius
1090 1545 1365 1598 dissimilis
1395 1556 1476 1599 est
1503 1547 1748 1614 genitori,
1782 1550 2147 1603 necessarium

573 1639 793 1693 Omnino
829 1636 1015 1701 fuerit,
1051 1652 1223 1707 neque
1259 1637 1589 1691 voluntatem
1624 1638 1855 1692 similem
1894 1655 2017 1695 esse
2053 1642 2160 1695 Deo

573 1744 637 1783 ac
669 1729 1031 1797 Patri;‘cujus
1063 1731 1371 1793 character,
1403 1743 1525 1782 cum
1551 1730 1623 1783 sit
1655 1729 1843 1794 Filius,
1878 1731 2159 1787 dissimilis

2271 590 2429 661 εἴπερ
2461 592 2674 659 ἀνάγκη
2702 593 2800 662 τὴν
2824 591 3114 660 ὁμοιότητα
3140 590 3321 642 δοῦναι
3354 590 3430 659 τῷ
3459 588 3570 658 Υἱῷ
3595 589 3731 658 πρὸς
3758 590 3847 643 τὸν

2271 683 2511 752 Πατέρα.
2546 683 2759 753 ἀνάγκη
2806 682 2870 753 δὴ
2906 684 3054 735 πᾶσα
3088 683 3161 743 ὼς
3192 684 3291 735 οὐκ
3332 680 3485 734 ἔσται
3517 683 3612 748 τῆς
3652 681 3843 751 βουλήι

2273 791 2407 836 σεως
2454 775 2656 843 ὅμοιος,
2706 772 2843 825 ἀλλὰ
2902 773 3103 842 μᾶλλον
3152 772 3245 825 τοῦ
3286 772 3695 842 γεγεννηκότος.
3747 773 3844 824 Δέ-

2270 864 2476 918 δεικται
2502 866 2609 935 γὰρ
2646 864 2727 916 ὅτι
2762 866 2875 925 τοῖς
2904 866 2961 915 ἐν
2985 864 3142 934 οὐσίᾳ
3171 865 3265 916 καὶ
3295 863 3586 917 ὑποστάσει
3616 864 3750 934 πρὸς
3779 863 3848 916 τά

2270 955 2484 1009 ὲνούσιά
2511 972 2569 1007 τε
2596 955 2689 1007 καὶ
2723 954 3064 1007 ὲνυπόστατα
3100 956 3131 1024 ή
3168 954 3421 1024 ὁμοιότης
3448 956 3479 1022 ὴ
3522 954 3662 1006 κατά
3690 953 3848 1006 τοῦτο

2271 1045 2520 1113 σώζεται,
2545 1045 2605 1097 οὐ
2634 1044 2768 1115 πρὸς
2788 1044 2857 1097 τὰ
2878 1045 3185 1115 ἑτερογενῆ,
3218 1045 3311 1098 καὶ
3340 1046 3397 1096 ἐν
3420 1044 3626 1114 ἑτέροις
3654 1044 3848 1114 ἔχοντα

2267 1139 2327 1189 τὸ
2355 1134 2514 1203 εἶναι,
2547 1136 2736 1205 ὥσπερ
2779 1137 2811 1206 ἡ
2863 1137 3024 1205 σοφία
3066 1137 3227 1208 τυχὸν
3256 1139 3313 1191 ἐν
3337 1136 3415 1210 τῷ
3464 1136 3630 1207 σοφῷ,
3675 1138 3771 1190 καὶ
3811 1138 3845 1207 ἡ

2269 1228 2522 1301 βούλησις
2551 1233 2609 1283 ὲν
2635 1230 2713 1302 τῷ
2744 1231 3135 1302 βουλευομένῳ.

2442 1344 2643 1410 AAAO,
2676 1344 2773 1397 διὰ
2810 1344 2921 1412 τῆς
2951 1346 3037 1409 είς
3065 1344 3292 1398 ἄτοπον
3320 1343 3658 1414 ἀπαγωγῆς.

2335 1456 2397 1507 Ei
2418 1455 2516 1527 τῆς
2539 1455 2842 1528 βουλήσεως
2861 1455 2955 1509 τοῦ
2982 1456 3193 1527 Πατρός
3213 1457 3396 1526 ὅμοιος
3420 1456 3515 1521 ὢν,
3535 1455 3654 1508 καθ’
3676 1456 3836 1526 ὑμᾶς,

2261 1547 2290 1599 6
2318 1545 2445 1610 Υἱὸς
2481 1546 2732 1613 ἀνόμοιός
2760 1549 2876 1601 ἐστι
2912 1547 2991 1618 τῷ
3037 1548 3405 1617 γεγεννηκότι,
3445 1548 3659 1615 ἀνάγκη
3693 1550 3843 1601 πᾶσα

2261 1638 2360 1707 τὴν
2390 1638 2642 1709 βούλησιν
2678 1640 2829 1693 οὐδὲν
2871 1641 3247 1711 προσεοικέναι
3286 1640 3364 1709 τῷ
3395 1640 3512 1710 Θεῴ
3544 1642 3635 1694 καὶ
3663 1642 3838 1707 Πατρῑ

2260 1728 2459 1798 λέγειν,
2489 1725 2556 1800 ἦς
2582 1730 2869 1801 χαρακτὴρ
2904 1732 3162 1801 ὑπάρχων
3188 1733 3215 1783 6
3239 1732 3381 1796 Υἱὸς,
3416 1732 3662 1801 ἀνόμοιός
3697 1732 3837 1794 ἐστι,

568 1832 674 1885 est,
713 1822 1013 1875 secundum
1049 1836 1165 1884 vos,
1199 1820 1369 1876 Patri.
1406 1821 1521 1875 Erit
1561 1822 1745 1891 itaque
1770 1823 1934 1877 etiam
1972 1823 2145 1877 volun-

2258 1820 2379 1873 καθ’
2420 1822 2585 1890 ὑμᾶς,
2636 1821 2713 1891 τῷ
2757 1822 2952 1891 Πατρί.
2991 1823 3185 1877 Ἔσται
3216 1819 3308 1876 οὖν
3343 1822 3437 1875 καὶ
3468 1826 3535 1893 τῇ
3585 1822 3840 1892 βουλήσει

573 1923 685 1968 tate
716 1928 810 1966 sua
860 1912 1141 1967 dissimilis
1186 1911 1365 1967 Pater.
1424 1913 1546 1967 ll:ec
1592 1915 1737 1968 enim
1787 1915 2035 1983 impietas
2083 1932 2150 1969 ex

570 2004 715 2058 dicto
741 2012 921 2057 vestro
962 2004 1227 2072 sequitur.
1264 2005 1333 2057 At
1370 2006 1415 2057 si
1446 2004 1777 2058 voluntatem
1813 2005 2013 2074 aliquid
2053 2007 2152 2075 hy—

570 2096 838 2162 postatice
869 2096 1139 2147 exsistens
1175 2109 1295 2147 esse
1333 2094 1547 2158 dicetis,
1577 2096 1681 2149 erit
1727 2095 1912 2165 utique
1964 2097 2014 2150 itt
2067 2110 2153 2151 es-

568 2187 743 2241 sentia
787 2185 876 2238 Dei
910 2185 1115 2255 aliquid
1157 2186 1254 2253 ipsi
1307 2185 1589 2240 dissimile.
1638 2185 1773 2240 Nam
1828 2188 1989 2242 etiam
2052 2190 2154 2245 hoc

570 2276 707 2331 ratio
736 2292 829 2330 vos
860 2276 1106 2330 conﬁteri
1133 2285 1310 2344 coget.
1338 2277 1606 2331 Cteterum
1640 2278 1727 2332 hic
1749 2282 2038 2349 qumrenda
2063 2292 2151 2337 est

568 2371 709 2423 ratio
752 2370 1211 2423 dissimilitudinis
1255 2385 1375 2438 quae
1408 2370 1672 2423 voluntati
1711 2372 1998 2427 intercedit
2030 2389 2150 2429 cum

568 2459 748 2515 Patre.
791 2460 847 2516 Si
886 2461 1027 2515 enim
1073 2476 1136 2514 ea
1158 2460 1389 2515 «alioue
1433 2460 1711 2515 dissimilis
1753 2472 1836 2517 est
1881 2464 2022 2530 quod
2086 2480 2151 2520 ex

567 2552 743 2621 aliqua
792 2562 943 2619 parte
992 2552 1062 2604 sit
1108 2551 1284 2605 minor
1344 2566 1409 2605 eo
1478 2552 1531 2604 id
1582 2553 1726 2620 quod
1778 2553 2041 2620 processit
2083 2569 2148 2609 ex

574 2643 871 2712 substantia
906 2642 1102 2705 Patris,
1136 2643 1239 2695 erit
1283 2641 1436 2711 pejus
1480 2659 1539 2697 se
1588 2657 1651 2697 ac
1695 2642 1876 2698 minus
1924 2662 1937 2697 :
1972 2661 2148 2715 neque

564 2738 708 2791 enim
742 2735 1083 2790 extrinsecus
1122 2735 1289 2788 ascita
1327 2748 1409 2788 est
1460 2734 1729 2799 voluntas,
1770 2735 1864 2791 sed
1913 2752 1978 2791 ex
2030 2738 2147 2806 ipso

564 2836 617 2880 et
642 2827 695 2879 iu
724 2827 858 2893 ipso.
888 2826 1078 2895 Pt-jora
1107 2837 1285 2881 autem
1310 2842 1372 2880 ex
1398 2843 1456 2881 se
1487 2827 1727 2895 gignere,
1754 2844 1819 2882 ne
1842 2830 1907 2884 iis
1929 2830 2147 2891 quidem

564 2918 655 2983 qui
675 2932 911 2972 creatam
935 2920 1134 2973 habent
1154 2933 1429 2983 naturam,
1463 2920 1713 2975 accidere
1738 2931 1932 2990 potest.
1964 2918 2149 2990 Neque

564 3005 709 3061 enim
748 3006 909 3060 homo
945 3008 1088 3061 aliud
1120 3010 1249 3076 quid
1283 3010 1557 3064 diversum
1595 3027 1624 3064 a
1648 3026 1707 3066 se
1736 3014 2016 3081 generabit
2050 3032 2062 3067 :
2092 3022 2150 3066 ut

566 3114 667 3153 nec
695 3099 839 3153 aliud
867 3099 1095 3167 quodvis
1119 3101 1434 3155 animalium
1474 3103 1682 3158 ratione
1715 3106 2036 3159 carentium.
2090 3106 2147 3159 Si

2255 1915 2321 1982 τῇ
2353 1912 2549 1965 ἑαυτοῦ
2578 1913 2831 1982 ἀνόμοιος
2862 1916 2890 1967 6
2922 1915 3132 1986 Πατήρ.
3183 1914 3352 1967 Τοῦτο
3379 1915 3488 1985 γὰρ
3517 1917 3580 1966 ἐκ
3614 1912 3707 1967 τοῦ
3747 1913 3838 1966 λό-

2257 2020 2355 2070 γου
2390 2003 2681 2071 συνάγεται
2724 2005 2782 2056 τὸ
2828 2005 3101 2075 ἀσέϐημα.
3141 2007 3247 2057 Καὶ
3280 2007 3326 2058 εί
3372 2005 3735 2058 ὲνυπόστατόν
3785 2022 3840 2058 τι

2256 2093 2355 2164 τὴν
2385 2094 2637 2165 βούλησιν
2663 2091 2801 2150 εἷναί
2832 2114 2990 2165 φατε,
3018 2096 3129 2150 ἔστι
3157 2115 3209 2149 τι
3243 2097 3459 2160 πάντως
3496 2098 3550 2149 ὲν
3580 2100 3645 2167 τῇ
3679 2096 3840 2166 οὐσία

2256 2189 2350 2244 τοῦ
2374 2188 2510 2242 Θεοῦ
2541 2188 2601 2241 τὸ
2636 2187 2889 2257 ἀνόμοιον
2917 2189 3101 2241 αὐτοῦ.
3141 2189 3251 2241 Καὶ
3281 2187 3438 2241 τοῦτο
3469 2189 3575 2255 γὰρ
3610 2189 3638 2239 6
3680 2186 3839 2253 λόγος

2258 2280 2683 2351 προσομολογεῖν
2725 2280 2869 2350 ὑμᾶς
2903 2281 3221 2348 ἀναγκάσει.
3273 2279 3410 2333 Ἀλλ’
3445 2280 3632 2334 ἐνθάδε
3671 2278 3838 2349 ζητη-

2256 2371 2377 2424 τέον
2425 2372 2525 2440 τῆς
2557 2372 2940 2440 ἀνομοιότητος
2990 2371 3081 2424 τὸν
3120 2372 3342 2443 τρόπον,
3394 2372 3458 2443 ἣν
3497 2374 3531 2442 ἡ
3585 2372 3837 2441 βούλησις

2258 2461 2370 2531 ἔχει
2406 2461 2543 2531 πρὸς
2562 2460 2652 2513 τὸν
2683 2461 2918 2530 Πατέρα.
2955 2460 3016 2513 Et
3041 2462 3138 2531 μὲν
3164 2463 3271 2533 γάρ
3299 2462 3372 2525 ὡς
3406 2463 3640 2515 ἐλάττων
3669 2462 3835 2515 αὑτοῦ

2257 2552 2401 2605 κατά
2437 2569 2491 2604 τι
2518 2552 2879 2622 τυγχάνουσα,
2917 2553 3015 2623 τὴν
3043 2555 3334 2624 ὁμοιότητα
3364 2554 3463 2625 τὴν
3507 2555 3641 2624 πρὸς
3674 2555 3837 2607 αὐτὸν

2253 2642 2353 2694 οὐκ
2385 2641 2521 2713 ἔχει,
2547 2641 2608 2694 τὸ
2637 2641 3002 2711 προεληλυοὸς
3035 2644 3098 2696 ἐκ
3126 2645 3223 2713 τῆς
3254 2645 3441 2706 οὐσίας
3470 2643 3563 2697 τοῦ
3599 2644 3833 2715 Πατρὸς,

2250 2737 2432 2805 χεῖρον
2485 2734 2647 2787 αὐτοῦ
2703 2733 2797 2786 καὶ
2853 2733 3104 2788 ἔλαττον·
3157 2736 3217 2787 οὐ
3274 2736 3384 2805 γὰρ
3437 2735 3652 2800 ἔξωθεν,
3711 2736 3835 2788 οὐδὲ
3892 2739 3897 2743 ’

2254 2826 2575 2878 ἐπείσακτον
2620 2826 2652 2894 ἡ
2704 2822 2979 2894 βούλησις,
3008 2825 3122 2877 ἀλλ’
3159 2826 3218 2889 ἐξ
3247 2825 3412 2878 αὐτοῦ
3442 2827 3536 2880 καὶ
3572 2829 3628 2878 ὲν
3661 2827 3830 2894 αὐτῷ.

2255 2918 2328 2970 Τὸ
2360 2918 2415 2970 δὲ
2444 2918 2662 2989 χείρονα
2690 2919 2919 2981 τίκτειν,
2961 2918 3079 2970 οὐδὲ
3112 2921 3223 2982 τοῖς
3253 2919 3487 2989 γενητὴν
3520 2919 3704 2989 ἔχουσι
3732 2920 3834 2989 τὴν

2256 3011 2416 3079 φύσιν
2445 3007 2552 3065 οἶδε
2582 3012 2920 3081 συμϐαίνειν.
2950 3010 3217 3081 Οὐδὲνγάρ
3248 3010 3533 3081 ἅνθρωπος
3559 3012 3746 3075 ἕτερόν
3777 3030 3833 3067 τι

2255 3105 2506 3176 γεννήσει
2535 3106 2665 3175 παρ’
2690 3106 2827 3174 ὅπερ
2847 3104 2994 3157 ἐστὶν
3025 3103 3186 3166 αὐτός
3207 3118 3220 3131 ⁶
3254 3103 3368 3155 ἀλλ’
3401 3104 3522 3157 οὐδὲ
3552 3105 3736 3174 ἔτερόν
3774 3123 3832 3158 τι

563 3203 719 3255 vero,
753 3191 895 3258 quod
927 3190 1079 3245 nefas
1113 3190 1257 3244 dictu
1285 3201 1389 3259 est,
1418 3194 1595 3248 Patris
1625 3197 1870 3251 voluntas
1895 3210 1962 3250 eo
1993 3198 2145 3251 adni-

2253 3196 2360 3277 τῶν
2389 3196 2598 3263 ἀλόγων
2632 3193 2807 3259 ζώων.
2863 3197 2926 3248 Εἰ
2971 3196 3050 3258 δὲ,
3097 3197 3233 3265 ὅπερ
3268 3196 3328 3248 οὐ
3374 3195 3590 3265 θεμιτὸν
3627 3197 3831 3265 λέγειν,

563 3292 684 3337 tens
714 3291 772 3334 ut
820 3281 991 3350 majus
1034 3282 1237 3350 aliquid
1295 3285 1513 3349 habeat,
1558 3285 1879 3339 dissimilem
1935 3301 1996 3343 se
2044 3289 2146 3343 sibi

562 3372 713 3437 facit,
745 3383 929 3441 utpote
960 3372 1071 3440 jam
1110 3375 1289 3429 minor
1330 3391 1395 3429 ac
1445 3375 1596 3445 pejor
1630 3392 1689 3431 se
1739 3379 1999 3446 redditus,
2042 3396 2149 3450 quo

560 3472 723 3533 pacto
759 3480 864 3516 non
919 3464 1144 3532 impiutn
1195 3466 1358 3520 fuerit
1391 3467 1535 3520 dictu
1569 3468 1772 3537 aliquid
1816 3484 1935 3525 esse
1976 3471 2149 3539 majus

559 3563 613 3605 et
646 3553 836 3607 melius
869 3554 1070 3609 Patre?
1116 3555 1172 3609 Si
1218 3572 1347 3611 vero
1401 3574 1576 3627 neque
1622 3561 1744 3626 hoc,
1796 3576 1969 3631 neque
2018 3562 2145 3617 illud

558 3646 887 3709 eoncedetis,
928 3657 982 3701 et
1015 3646 1345 3703 voluntatem
1379 3664 1485 3703 non
1533 3666 1628 3719 per
1660 3667 1718 3706 se
1765 3653 2145 3710 subsistentem

558 3748 679 3789 esse
710 3734 902 3790 dicetis
933 3746 1097 3805 atque
1125 3737 1197 3791 ita
1240 3746 1300 3791 ut
1345 3738 1397 3793 in
1444 3740 1601 3795 nobis
1643 3741 1991 3809 intellectam,
2041 3761 2146 3815 quo

558 3836 715 3892 pacto
745 3828 906 3879 ctiam
943 3828 1069 3882 hine
1103 3830 1356 3884 Statuetis
1390 3831 1710 3887 dissimilem
1740 3849 1861 3890 esse
1892 3836 2142 3891 volunta-

560 3928 664 3970 tem
692 3916 836 3971 Patri
860 3919 884 3970 ?
908 3915 1039 3971 Nam
1081 3919 1124 3972 si
1160 3919 1231 3972 ita
1262 3930 1368 3985 est,
1406 3922 1679 3977 videbitur
1714 3923 1873 3978 Pater
1914 3925 2145 3981 voluisse

556 4023 676 4077 quin
708 4009 807 4062 sibi
839 4010 1061 4064 minime
1087 4011 1419 4065 conveniunt
1451 4029 1463 4065 :
1498 4015 1648 4081 quod
1677 4013 1758 4069 vel
1788 4014 1902 4070 sola
1937 4017 2141 4085 cogita-

559 4105 704 4154 tione
732 4100 1023 4153 absurdutn
1056 4112 1157 4155 est.

1239 4191 1467 4249 ALIUD.

630 4305 790 4361 Ratio
821 4305 931 4375 ipsa
961 4320 1055 4360 vos
1076 4318 1233 4377 coget
1266 4317 1324 4362 ut
1352 4310 1514 4363 etiam
1549 4309 1703 4364 inviti
1729 4310 1863 4367 Filio
1895 4312 2139 4368 similitu-

555 4397 736 4452 dinem
764 4412 885 4450 cutn
924 4395 1086 4452 Patre
1128 4401 1397 4455 tribuatis.
1424 4402 1859 4458 Dctnonstratum
1886 4405 2027 4459 enim
2055 4415 2139 4461 est

2253 3289 2347 3341 ἐπὶ
2376 3287 2436 3340 τὸ
2474 3289 2656 3358 μεῖζον
2685 3288 2830 3358 ἔχειν
2865 3306 2918 3341 τι
2946 3288 3230 3359 δραμοῦσα
3263 3286 3356 3340 τοῦ
3391 3288 3599 3359 Πατρδς
3639 3291 3673 3358 ἡ
3707 3289 3833 3359 βού-

2252 3381 2406 3450 λησις
2427 3378 2591 3433 αὑτοῦ
2616 3380 2714 3450 τὴν
2748 3381 2884 3451 πρὸς
2927 3380 3086 3434 αὐτὸν
3118 3380 3476 3452 ἀνομοιότητα
3503 3380 3642 3433 κατά
3673 3380 3832 3435 τοῦτο

2252 3476 2427 3543 φορεῖ,
2471 3473 2546 3535 ὼς
2579 3473 2715 3543 πρὸς
2765 3473 3021 3526 ἐλάττονα
3071 3473 3103 3543 ἢ
3153 3472 3293 3526 κατά
3334 3490 3387 3525 τι
3427 3474 3663 3543 χείρονα,
3711 3474 3829 3536 πῶς

2250 3564 2349 3616 οὐκ
2378 3563 2573 3626 ἀσεϐὲς
2604 3561 2788 3631 μεῖζόν
2826 3579 2878 3615 τι
2910 3561 3004 3615 καὶ
3034 3565 3278 3633 κρεῖττον
3321 3561 3415 3615 τοῦ
3449 3562 3658 3632 Πατρός
3688 3560 3828 3616 εἶναι

2249 3654 2465 3722 λέγειν;
2495 3654 2558 3706 Εἰ
2604 3653 2661 3705 δὲ
2697 3654 2834 3724 μήτε
2870 3652 3026 3706 τοῦτο
3059 3652 3279 3720 δώσετε,
3330 3643 3693 3726 μήτε’ἐκεῖνο,
3740 3656 3830 3709 ἀν-

2250 3746 2547 3801 υπόστατόν
2593 3762 2653 3798 τε
2705 3746 2802 3816 τὴν
2837 3744 3090 3815 βούλησιν
3128 3742 3265 3798 εἶναι
3318 3746 3682 3817 ὁμολογήσετε
3730 3750 3829 3802 καὶ

2247 3838 2390 3891 οὕτω
2442 3836 2736 3906 νοουμένην
2789 3835 2977 3906 ὥσπερ
3026 3836 3111 3904 ἐφ’
3149 3836 3328 3907 ἡμῶν,
3377 3837 3494 3901 πῶς
3547 3838 3826 3892 κάνταῦθα

2247 3930 2441 4001 ϐήσετε
2467 3929 2717 3998 ἀνόμοιον
2738 3923 2875 3982 εἶναι
2899 3930 2997 3998 τὴν
3026 3927 3278 3999 βούλησιν
3297 3928 3375 4000 τῷ
3396 3930 3571 4001 Πατρί
3592 3948 3605 3997 ;
3630 3932 3826 3985 Ἔσται

2246 4023 2374 4092 γὰρ,
2408 4021 2475 4075 ἂν
2518 4019 2688 4083 οὕτως
2727 4020 2845 4093 ἔχῃ,
2887 4020 2955 4073 τά
2992 4020 3167 4091 ἐαυτῷ
3204 4022 3279 4092 μὴ
3320 4022 3595 4092 πρέποντα
3630 4022 3822 4096 βουλη-

2246 4113 2357 4174 Osi;
2381 4132 2392 4142 '
2428 4115 2564 4183 ὅπερ
2590 4112 2708 4165 ἐστὶ
2740 4111 2832 4166 καὶ
2861 4111 3021 4181 μόνον
3051 4113 3250 4165 ἐννοεῖν
3290 4112 3659 4171 ἀτοπώτατον.

2936 4202 3146 4256 AAAU.

2325 4314 2381 4365 Ὀ
2412 4314 2565 4382 λόγος
2606 4312 2907 4380 ἀναγκάσει
2953 4314 3047 4366 καὶ
3076 4312 3308 4376 ἄκοντας
3338 4314 3483 4383 ὑμᾶς
3526 4311 3707 4366 δοῦναι
3739 4312 3823 4384 τῷ

2242 4406 2353 4477 Υίῷ
2382 4406 2479 4477 τὴν
2515 4405 2809 4475 ὁμοιότητα
2852 4403 2951 4475 τὴν
2987 4404 3123 4475 πρὸς
3162 4405 3255 4457 τὸν
3286 4405 3525 4475 Πατέρα.
3574 4404 3818 4476 Ἐὃείχθη

554 4488 1003 4543 absurdissimum
1036 4504 1178 4555 esse,
1228 4492 1271 4545 si
1305 4493 1426 4560 quis
1470 4494 1657 4548 credat
1698 4493 1866 4549 Deum
1901 4496 2135 4555 voluisse

2252 4498 2346 4566 γὰρ
2375 4495 2494 4548 λίαν
2523 4496 2869 4547 ἀτοπώτατον
2896 4493 2955 4546 ὃν
2987 4495 3045 4546 τὸ
3080 4492 3371 4558 πιστεύειν,
3421 4492 3490 4557 τᾲ
3539 4494 3616 4564 μὴ
3665 4496 3820 4565 αὐτῴ

554 4596 617 4635 ea
645 4596 765 4649 qua:
799 4581 900 4635 sibi
942 4596 1279 4652 nequaquam
1325 4586 1673 4651 conveniunt,
1720 4588 1790 4640 ita
1828 4597 1887 4641 ut
1914 4603 2134 4645 necesse

552 4675 775 4729 omnino
809 4674 881 4729 sit
925 4675 1254 4729 voluntatem
1292 4691 1442 4729 suam
1486 4677 1716 4732 similem
1755 4679 1854 4733 sibi
1898 4694 2041 4738 esse.
2072 4682 2129 4736 Si

551 4785 680 4838 ergo
713 4767 957 4822 voluntas
991 4767 1182 4821 similis
1212 4776 1295 4820 est
1330 4768 1496 4832 Patri,
1534 4769 1700 4824 Filius
1732 4781 1909 4826 autem
1943 4772 2131 4827 volun-

553 4862 649 4915 tati
684 4881 697 4915 :
731 4861 1161 4915 eritnecessario
1188 4860 1380 4913 tertius
1405 4860 1599 4914 similis
1629 4863 1820 4931 primo.
1856 4863 2128 4933 Natnqum

552 4952 605 5004 in
625 4954 800 5005 medio
818 4954 989 5023 posita
1005 4962 1083 5007 est
1101 4950 1367 5013 voluntas,
1383 4951 1490 5021 63
1507 4953 1802 5008 naturalem
1817 4954 2128 5009 similitudi-

551 5057 674 5095 nem
703 5041 818 5109 ejus
849 5047 938 5112 qui
960 5059 1078 5098 eatn
1106 5043 1272 5113 gignit
1296 5044 1631 5112 exprimens,
1657 5046 1799 5100 dedit
1825 5061 1941 5099 eam
1971 5044 2124 5110 Filio,

546 5129 700 5198 juxta
728 5144 962 5187 vestram
987 5135 1314 5189 sententiam
1341 5149 1354 5187 :
1385 5136 1486 5189 hac
1511 5135 1673 5205 igitur
1695 5138 1902 5191 ratione
1929 5137 2123 5192 similis

550 5222 696 5277 Patri
721 5222 909 5287 Filius,
935 5225 1098 5278 etiam
1129 5226 1439 5281 uolentibus
1466 5226 1635 5292 vobis,
1671 5228 2123 5296 deprehendetur.

548 5317 682 5369 Cum
716 5329 844 5370 vero
885 5316 1189 5372 intermedii
1225 5317 1357 5371 nihil
1390 5320 1461 5371 sit
1507 5318 1647 5372 inter
1685 5318 1895 5373 Patrem
1936 5332 1990 5374 et
2031 5319 2123 5373 Fi—

551 5405 699 5473 liutn,
744 5407 980 5462 cessabit
1020 5410 1239 5465 omnino
1274 5418 1328 5464 et
1362 5425 1757 5479 supervacanea
1796 5411 1902 5463 erit
1947 5419 2122 5464 vestra

546 5500 612 5552 de
641 5498 928 5553 uoluntate
968 5502 1106 5554 ratio
1145 5519 1158 5558 :
1213 5503 1463 5568 nulloque
1510 5500 1900 5554 interveniente
1954 5499 2123 5555 Filius

547 5592 649 5648 erit
682 5591 997 5648 immediate
1025 5595 1317 5649 secundum
1351 5603 1599 5646 naturam
1631 5592 1823 5648 similis
1856 5592 2023 5647 Patri.

1208 5703 1434 5759 ALIUD.

621 5795 865 5858 Christus
894 5799 1256 5879 inScriptura
1286 5808 1510 5887 vocatur
1558 5797 1795 5870 potentia
1822 5805 1875 5854 cl
1909 5796 2121 5885 sauieuf

2242 4586 2517 4657 πρέποντα
2549 4583 2906 4653 βεϐουλῆσθαι
2932 4582 3085 4645 Θεὸν,
3116 4583 3191 4646 ὡς
3230 4584 3476 4654 ἀνάγκην
3514 4581 3652 4637 εἶναι
3703 4587 3818 4636 πᾶ-

2240 4698 2339 4733 σαν
2384 4682 2620 4732 ἐοικυῖαν
2657 4679 2808 4748 αὐτῷ
2854 4677 2951 4748 τὴν
3001 4678 3257 4750 βούλησιν
3306 4680 3473 4734 αὐτοῦ
3518 4679 3711 4747 λέγειν.
3749 4682 3819 4736 Εἰ

2236 4771 2413 4825 τοίνυν
2443 4772 2477 4839 ἡ
2522 4769 2617 4839 μὲν
2660 4768 2914 4838 βούλησις
2942 4767 3083 4822 ἔοικε
3112 4769 3190 4839 τῷ
3226 4770 3421 4841 Πατρὶ,
3452 4771 3480 4821 6
3511 4770 3565 4822 δὲ
3593 4770 3716 4832 Υἱὸς
3743 4775 3816 4841 τῇ

2238 4862 2509 4932 βουλήσει,
2540 4859 2689 4912 ἔσται
2717 4861 2930 4923 πάντως
2960 4863 2988 4913 6
3014 4860 3198 4931 τρίτος
3229 4861 3305 4930 τῷ
3337 4861 3536 4932 πρώτῳ
3568 4879 3820 4932 προσεοι-

2235 4950 2363 5013 κώς.
2413 4950 2477 5001 Ἡ
2512 4949 2617 5020 γὰρ
2646 4951 2703 5002 ἐν
2731 4949 2809 5019 τῷ
2851 4950 3000 5019 μέσῳ
3030 4952 3258 5021 κειμένη
3290 4951 3563 5021 βούλησις,
3596 4953 3692 5020 τὴν
3716 4952 3816 5004 τοῦ

2233 5042 2486 5104 τεκόντος
2540 5041 2701 5095 αὐτὸν
2755 5042 2993 5111 φυσικὴν
3043 5044 3343 5114 ἐμφέρειαν
3389 5043 3816 5113 ἀναμαξαμένη,

2232 5133 2461 5187 δέδωκεν
2506 5132 2677 5204 αὐτὴν
2730 5133 2808 5203 τῷ
2849 5133 2982 5205 Υίῷ,
3035 5134 3155 5188 καθ’
3192 5136 3362 5205 ὑμᾶς·
3412 5134 3552 5186 οὕτω
3591 5134 3688 5203 μὲν
3718 5130 3820 5187 οὖν

2230 5226 2307 5296 τῷ
2340 5226 2513 5295 Πατρὶ
2561 5224 2915 5296 προσεοικὼς,
2955 5228 3048 5279 καὶ
3080 5225 3155 5296 μὴ
3199 5226 3540 5295 βουλομένων
3575 5225 3753 5294 ὑμῶν,
3790 5228 3822 5278 ὁ

2232 5315 2360 5379 Υἱὸς
2390 5314 2764 5387 εὑρεθήσεται.
2807 5316 3023 5386 Ἐπειδὴ
3071 5314 3128 5367 δὲ
3170 5314 3322 5367 οὐδέν
3354 5316 3468 5366 ἐστι
3502 5313 3563 5365 τὸ
3607 5311 3822 5382 μεταξῦ

2232 5405 2443 5476 Πατρὸς
2482 5405 2575 5457 καὶ
2606 5403 2759 5468 Υίοῦ,
2794 5404 3027 5475 ἀργήσει
3079 5406 3177 5475 μὲν
3223 5405 3442 5466 πάντως
3475 5406 3503 5457 6
3536 5402 3666 5473 περὶ
3711 5407 3822 5474 τῆς

2230 5498 2537 5567 βουλήσεως
2592 5497 2783 5565 λόγος,
2838 5499 2934 5551 καὶ
2984 5497 3199 5560 οὐδενὸς
3249 5498 3328 5551 ἔτι
3383 5495 3823 5567 μεσολαόοὖντος

2230 5590 2513 5661 προσεχῶς
2537 5591 2565 5643 6
2598 5590 2723 5653 Υἱὸς
2755 5589 2908 5643 ἔσται
2936 5589 3079 5643 κατὰ
3114 5591 3276 5659 φύσιν
3298 5591 3480 5660 ὅμοιος
3504 5587 3582 5664 τῷ
3614 5589 3822 5659 Πατρί.

2916 5705 3119 5757 ΑΛΛΟ.

2299 5799 2607 5871 Γέγραπται
2639 5797 2873 5868 Χριστὸς
2900 5796 3033 5851 Θεοῦ
3066 5797 3294 5869 δύναμις
3325 5796 3417 5850 καὶ
3447 5793 3582 5850 Θεοῦ
3626 5789 3824 5861 σοφία.
