4032 6212
277 305 370 369 ,ω
1659 290 2108 349 τηεςΑυιιυε.
3396 298 3498 354 tos

271 427 323 477 Ei
346 422 517 475 τοίνυν
550 421 581 490 ή
612 416 866 489 βούλησις
908 416 1003 469 τοῦ
1043 414 1254 485 Πατρὸς
1289 410 1683 483 χαρακτηρίζει
1718 411 1820 478 τήν
1853 448 1863 472 Α

1931 409 2002 463 tia
2033 410 2124 465 Dei
2153 411 2220 465 ⁸¹.
2249 411 2307 466 Si
2336 426 2465 481 ergo
2505 415 2757 470 voluntas
2805 416 2898 472 Dei
2948 415 3203 485 exprimit
3248 430 3314 470 ac
3349 425 3496 472 notat

268 531 318 565 τε
358 511 574 580 δύναμιν
623 508 717 560 καὶ
769 506 960 576 σοφίαν
1012 505 1198 569 αὐτοῦ,
1239 503 1488 556 τουτέστι
1530 502 1621 555 τὸν
1668 501 1815 563 Υἱδν,

1931 501 2227 569 petentiam
2265 511 2321 557 et
2366 504 2689 572 sapientiam
2764 521 2955 571 suam,
3009 508 3113 561 hoc
3155 515 3241 563 est
3285 506 3498 571 Filium,

267 606 458 673 ἀνάγκη
497 602 643 654 πᾶσα
687 599 765 671 μὴ
815 598 1072 669 ἀνομοίαν
1105 595 1274 668 αὐτὴν
1328 591 1464 649 εἶναι
1513 594 1692 663 λέγειν
1741 592 1819 664 τῷ

1929 593 2298 647 necessarium
2334 592 2491 662 plane
2530 603 2615 649 est
2648 606 2706 648 ιιι
2735 611 2853 651 eam
2883 611 2989 651 non
3021 594 3326 650 absimilem
3358 593 3500 649 Patri

270 696 439 763 thpi,
476 694 561 745 ἵνα
594 693 669 762 μὴ
702 690 958 761 φαίνηται
990 690 1218 759 δύναμιν
1252 688 1344 741 καὶ
1383 686 1583 757 σοφίαν
1613 686 1752 757 ἔχων
1787 687 1817 740 ὁ

1926 697 2049 739 esse
2080 683 2352 748 dicamus,
2396 698 2464 738 ne
2497 685 2742 740 videnlur
2770 684 2932 742 Pater
2979 686 3180 740 habere
3209 685 3499 753 potentiam

270 786 435 859 Πατὴρ
461 785 559 853 οὐχ
587 782 780 853 ὁμοίαν
817 780 1017 851 ἐαυτῷ.
1053 780 1116 834 Ei
1165 780 1221 833 δὲ
1271 778 1453 842 τοῦτο,
1497 778 1683 832 λοιπὸν
1733 779 1818 831 ὲν-

1926 785 1980 830 et
2010 774 2329 843 sapientiam
2356 790 2425 844 qu
2446 789 2492 829 ae
2526 790 2632 830 non
2664 777 2734 831 sit
2763 777 2958 832 similis
2986 775 3088 831 sibi
3123 777 3245 845 ipsi.
3272 775 3423 843 Quod
3455 775 3499 829 si

265 876 529 928 νοείτωσαν
566 873 616 924 οί
653 870 1013 941 χριστομάχοι
1051 871 1153 941 τῆς
1198 869 1407 923 ἑαυτῶν
1453 869 1713 931 ἀϐουλίας
1757 868 1819 922 τὸ

1927 865 1998 919 ita
2035 874 2139 928 est,
2177 864 2481 934 intelligant
2516 866 2734 921 tandem
2768 866 2954 922 hostes
2978 868 3181 922 Christi
3214 866 3498 921 dementia:

268 964 489 1036 μέγεθος.
545 962 977 1034 Παραιτούμενοι
1022 962 1130 1032 γὰρ
1181 962 1277 1014 ἕνα
1334 960 1463 1014 ὅντα
1513 960 1605 1015 τὸν
1666 961 1814 1025 Υἱδν,

1927 970 2040 1013 sua:
2074 959 2520 1028 magnitudinem.
2541 957 2674 1012 Cum
2706 957 2849 1013 enim
2877 968 3130 1013 recusent
3160 956 3379 1020 Filium,
3404 956 3497 1025 qui

263 1058 423 1125 ὅμοιον
460 1049 596 1107 εἶναι
630 1055 810 1121 λέγειν
838 1053 916 1124 τῷ
948 1055 1142 1125 Πατρὶ,
1182 1053 1276 1107 δύο
1302 1051 1620 1116 δεδώκασιν,
1660 1053 1819 1122 εἴπερ

1927 1063 2068 1102 unus
2091 1057 2192 1113 est,
2232 1048 2380 1104 Patri
2415 1048 2646 1104 similem
2674 1048 2875 1113 dicere,
2905 1048 3040 1104 duos
3074 1048 3491 1112 constituerunt,

263 1144 382 1200 εἷναί
426 1164 474 1200 τι
519 1146 620 1214 τὴν
658 1145 912 1216 βούλησιν
952 1145 1169 1216 ἐροῦσιν
1209 1146 1591 1199 ὲνυπὸστατον.
1648 1146 1713 1199 El
1761 1145 1818 1199 δὲ

1926 1142 1972 1197 si
2018 1142 2347 1196 voluntatem
2374 1155 2471 1210 per
2508 1154 2569 1195 se
2598 1140 2895 1195 subsistere.
2912 1138 3116 1194 volunt.
3146 1139 3217 1193 At
3243 1153 3362 1192 cum
3401 1152 3497 1192 vo-

263 1237 601 1299 ἀνυπὸστατός
630 1238 796 1299 ἐστιν,
822 1236 921 1288 οὐκ
951 1236 1100 1288 ἔσται
1133 1236 1417 1307 χαρακτὴρ
1450 1235 1544 1289 τοῦ
1574 1236 1817 1306 ὑφεστῶ-

1927 1232 2105 1288 luntas
2138 1247 2234 1302 per
2260 1247 2319 1288 se
2343 1245 2452 1287 non
2487 1230 2769 1295 subsistat,
2801 1245 2907 1285 non
2941 1229 3047 1284 erit
3070 1230 3355 1286 character
3381 1228 3499 1299 ejus

262 1348 337 1394 ως
376 1331 431 1383 τδ
484 1329 560 1399 μὴ
612 1326 941 1397 ὑφεστηκὸς,
986 1330 1106 1382 κατ’
1137 1328 1272 1382 αὐτὸ
1322 1328 1386 1401 δὴ
1424 1328 1581 1382 τοῦτο
1630 1328 1692 1381 τὸ
1741 1328 1816 1399 μὴ

1925 1328 2065 1393 quod
2094 1324 2344 1379 subsistit
2374 1324 2426 1377 id
2456 1325 2599 1393 quod
2628 1338 2735 1378 non
2768 1322 3035 1387 subsistit,
3060 1336 3123 1377 ea
3151 1322 3266 1391 ipsa
3288 1320 3498 1376 ratione

264 1424 622 1493 ὑφεστηκέναι.

1924 1416 2066 1486 quod
2099 1431 2203 1471 non
2233 1415 2499 1470 subsistit.

923 1534 1103 1587 ᾹΛΛΟ

2602 1527 2825 1585 ALIUD.

318 1645 388 1697 Τὰ
425 1643 521 1716 τὴν
566 1645 738 1716 αὐτὴν
778 1645 1059 1716 ἐνέργειαν
1106 1643 1297 1715 ἔχοντα
1344 1642 1439 1697 καὶ
1469 1644 1589 1705 ταῖς
1624 1642 1815 1705 αὐταῖς

1992 1640 2125 1707 Qum
2147 1642 2390 1697 eamdem
2418 1642 2618 1698 habent
2644 1643 2909 1697 actionem
2940 1640 3244 1708 iisdemque
3271 1646 3494 1693 natura-

260 1734 489 1806 δυνάμεσι
527 1739 792 1804 φυσικαῖς
830 1735 1276 1807 ἀποκεχρημένα,
1323 1735 1425 1805 τῆς
1465 1734 1635 1805 αὐτῆς
1677 1733 1815 1789 εἶναι

1924 1729 2063 1786 libus
2098 1730 2449 1787 facultatibus
2491 1739 2760 1796 utuntur,
2805 1731 3047 1800 ejusdem
3091 1730 3345 1786 essentia:
3386 1729 3497 1784 sint

264 1825 450 1888 πάντως
497 1826 700 1889 οὐσίας
747 1828 1066 1894 ἀναγκαῖον.
1124 1826 1290 1879 Οὐδὲν
1341 1824 1449 1897 γὰρ
1498 1824 1607 1878 τῶν
1650 1819 1856 1878 ὁντων⁴

1924 1833 2145 1874 necesse
2173 1827 2277 1875 est.
2308 1819 2450 1875 Nihil
2474 1822 2620 1877 enim
2649 1836 2837 1877 eorum
2865 1836 2984 1891 qua:
3016 1822 3069 1875 in
3096 1835 3274 1876 rerum
3304 1827 3508 1879 natura.

263 1914 373 1985 πρὸς
398 1916 453 1968 τὸ
484 1917 808 1987 ὲτερογενὲς
837 1917 932 1971 καὶ
965 1916 1271 1988 ἑτερούσιον
1304 1916 1404 1980 τὰς
1442 1916 1609 1981 αὐτὰς
1638 1917 1819 1989 ἀπαρ-

1919 1913 2212 1979 exsistunt,
2243 1915 2460 1969 easdem
2490 1916 2695 1985 absque
2725 1916 2833 1970 ulla
2864 1916 3167 1972 diﬂ'erentia
3214 1913 3498 1971 facultates

262 2006 514 2071 ώλάκτως
541 2009 770 2079 φορέσει
810 2007 1069 2078 δυνάμεις
1116 2024 1175 2060 τε
1225 2006 1321 2061 καὶ
1369 2007 1685 2080 ὲνεργείας’
1724 2026 1817 2061 κε-

1920 2004 2275 2073 avtionesque
2312 2005 2457 2067 edet,
2508 2021 2631 2061 cum
2678 2020 2743 2061 eo
2792 2007 2933 2076 quod
2967 2021 3165 2079 genere
3211 2016 3374 2077 atque
3408 2022 3495 2062 es-

262 2098 493 2167 χρήσεται
524 2098 586 2150 δὲ
618 2099 805 2167 μόνοις
852 2101 964 2161 τοῖς
995 2100 1131 2163 ίσοις
1177 2098 1427 2169 ἰδιώμασι
1467 2097 1538 2150 τὰ
1568 2099 1697 2169 μίαν
1724 2098 1819 2152 λα-

1920 2093 2092 2146 sentia
2122 2092 2345 2159 differt;
2378 2102 2605 2148 utentur
2640 2109 2769 2149 vero
2796 2109 2859 2149 ea
2892 2104 3100 2150 tantum
3140 2096 3333 2151 iisdem
3368 2110 3495 2166 pro-

263 2188 397 2255 χὸντα
425 2188 524 2260 τὴν
564 2189 727 2257 φύσιν
750 2205 764 2219 ·
796 2183 876 2252 οἷς
907 2188 965 2242 δὲ
995 2190 1027 2259 ἡ
1052 2191 1110 2243 ὲν
1147 2191 1212 2261 τῇ
1242 2188 1398 2260 οὐσίᾳ
1424 2188 1671 2261 κοινότης
1697 2190 1815 2260 μία,

1920 2182 2262 2253 prietatibus,
2283 2198 2403 2253 qua:
2435 2198 2541 2237 una
2571 2192 2734 2253 atque
2761 2187 2950 2241 eadem
2978 2187 3202 2256 praedita
3238 2197 3367 2243 sunt
3393 2203 3495 2244 na-

263 2280 438 2344 τούτϐις
490 2281 860 2353 ἀκολουθήσει
900 2282 995 2336 καὶ
1032 2281 1093 2335 τὸ
1148 2282 1404 2353 ἀλλήλοις
1453 2282 1593 2336 κατά
1640 2283 1818 2336 πάντα

1922 2283 2039 2326 tura
2068 2290 2082 2327 :
2118 2282 2175 2327 at
2206 2274 2410 2343 quibus
2444 2289 2548 2329 una
2579 2277 2806 2347 contigit
2834 2276 3090 2332 essentia
3130 2280 3382 2345 societas,
3427 2295 3492 2335 ea

262 2373 638 2440 tposaotxévat.
678 2372 742 2425 Ei
784 2372 962 2427 τοίνυν
1015 2373 1113 2445 μία
1162 2374 1260 2445 μὲν
1308 2373 1556 2446 ἐνέργεια
1605 2373 1819 2446 Πατρὺς

1918 2364 2083 2416 etiam
2124 2363 2379 2420 omnibus
2412 2364 2614 2419 similia
2650 2365 2792 2421 inter
2824 2381 2883 2421 se
2908 2374 3086 2421 erunt.
3116 2367 3173 2422 Si
3218 2383 3350 2438 ergo
3386 2385 3490 2423 una

260 2462 336 2515 καὶ
364 2464 513 2530 Υῐοῦ,
562 2466 595 2535 ὴ
648 2463 788 2535 αὐτὴ
817 2464 873 2517 δὲ
909 2464 1138 2536 δύναμις
1169 2465 1226 2518 ἐν
1270 2467 1437 2519 πᾶσιν
1470 2467 1685 2536 ὁρᾶται,
1718 2467 1818 2539 οὐχ

1918 2460 2001 2506 est
2031 2451 2278 2519 operatio
2326 2452 2506 2509 Patris
2540 2464 2595 2510 et
2626 2455 2770 2523 Filii,
2813 2457 3116 2527 eademque
3160 2458 3399 2527 potentia
3437 2459 3491 2512 iu

259 2555 544 2625 ἑπροὸσιος
590 2557 668 2619 ὡς
716 2555 853 2627 πρὸς
903 2556 1103 2627 ἑαυτὴν
1157 2557 1190 2626 ή
1242 2554 1393 2619 δυάς.
1441 2556 1503 2609 Ei
1538 2556 1595 2609 δὲ
1635 2554 1813 2621 τοῦτο,

1918 2543 2171 2597 omnibus
2200 2543 2468 2608 cernitur,
2512 2560 2621 2600 non
2662 2555 2745 2601 est
2776 2547 3007 2602 dualitas
3043 2548 3273 2604 diversae
3311 2563 3494 2602 essen-

260 2645 451 2717 φορέσει
497 2646 723 2711 πάντως
770 2647 865 2701 καὶ
908 2647 1008 2719 τὴν
1055 2646 1347 2719 ὁμοιότητα
1396 2647 1491 2701 τοῦ
1538 2647 1751 2719 Πατρὸς
1787 2648 1817 2702 ὀ

1922 2635 2030 2690 tiae.
2058 2636 2124 2690 Et
2147 2636 2191 2691 si
2220 2636 2294 2691 ita
2320 2647 2430 2706 est,
2451 2640 2681 2707 gestabit
2704 2641 2929 2695 omnino
2950 2640 3359 2695 similitudinem
3387 2639 3490 2694 Pa-

260 2737 386 2802 Υἱδς,
416 2740 491 2803 ὡς
523 2738 829 2811 ὁμοούσιος,
882 2740 976 2793 καὶ
1019 2739 1119 2793 οὐκ
1163 2738 1314 2792 ἔσται
1360 2740 1459 2810 τῆς
1510 2737 1815 2810 βουλήσεως

1922 2727 2020 2781 tris
2066 2727 2254 2795 Filius,
2303 2738 2363 2784 ut
2399 2730 2912 2795 eousubstantiaiis;
2952 2746 3127 2801 neque
3165 2733 3269 2787 erit
3316 2732 3493 2803 imago

259 2829 418 2884 εἰκών.

1921 2816 2231 2873 voluntatis.

929 2946 1127 3000 AAAO.
2588 2892 2837 2994 ALIUD.

319 3059 378 3112 ὶί
405 3060 501 3114 ὅσα
539 3059 853 3130 βουλεύεται
892 3061 921 3112 ὁ
965 3059 1095 3123 Θεὸς
1130 3062 1222 3114 καὶ
1254 3061 1464 3132 Πατὴρ,
1490 3061 1661 3115 ταῦτα
1690 3061 1812 3131 βου-
1845 3118 1882 3132 Α

1990 3044 2045 3101 Si
2073 3062 2409 3118 quaecunque
2453 3051 2644 3105 statuit
2676 3049 2818 3108 Deus
2851 3062 2904 3107 et
2940 3053 3118 3118 Pater,
3146 3054 3357 3110 eadem'
3379 3065 3492 3110 sta-

258 3149 457 3205 λεύεται
498 3118 590 3206 κέιι
624 3154 653 3206 ὁ
680 3153 810 3216 re;
841 3118 1090 3225 (οὐδεμία
1123 3152 1233 3226 γὰρ
1280 3118 1533 3225 «siles
1578 3118 1850 3226 διχάἶιοια⁴

1921 3139 2021 3194 tuit
2049 3153 2103 3194 et
2130 3139 2299 3196 Filius
2322 3140 2491 3213 (nulla
2519 3143 2666 3197 enim
2703 3143 2971 3199 dissensio
3002 3145 3053 3199 in
3090 3161 3194 3200 una
3224 3156 3277 3198 et
3305 3147 3486 3201 incor-

259 3244 486 3313 χωρήσει
513 3243 639 3296 ποτὲ
671 3244 730 3295 ὲν
755 3246 823 3313 τῇ
860 3244 956 3314 μιᾷ
997 3244 1091 3297 καὶ
1122 3244 1373 3315 ἁχράντῳ
1401 3244 1636 3316 Τριάδι),
1661 3248 1814 3299 ποῖον

1920 3240 2077 3301 rupta
2109 3230 2425 3305 'l'rinitale).
2464 3249 2622 3303 quem
2660 3233 2836 3289 locum
2867 3235 3085 3291 habebit
3120 3236 3370 3292 voluntas
3398 3254 3493 3307 per

265 3332 373 3395 ῑξει
414 3332 568 3385 τὸπον
611 3334 967 3397 ὲνυπόστατος
1017 3333 1290 3405 βούλησις,
1346 3334 1529 3404 τρίτον
1576 3336 1813 3404 ἀποφαί-

1920 3337 1978 3377 se
2005 3324 2330 3389 subsiSIens,
2350 3325 2569 3381 tertiqu
2591 3329 2929 3383 constituens
2955 3326 3151 3383 Filiqu
3181 3330 3493 3386 immediate

264 3440 423 3478 νουσα
454 3425 541 3479 τὸν
564 3426 684 3478 Υίδν
701 3426 786 3478 τὸν
817 3426 1054 3498 προσεχῆ
1079 3426 1156 3497 τῷ
1178 3427 1374 3498 Πατρὶ,
1410 3426 1542 3480 καθὸ
1568 3427 1663 3480 καὶ
1688 3427 1816 3491 Tib;

1918 3418 2271 3485 conjunctum
2297 3415 2470 3483 Patri,
2506 3426 2760 3487 tanquam
2805 3428 2861 3475 et
2886 3418 3055 3476 Filius
3096 3422 3188 3491 qui
3235 3422 3367 3477 nihil
3399 3423 3494 3477 ha-

256 3516 405 3571 οὐδὲν
431 3517 568 3587 ἔχων
600 3517 927 3588 μεσολασοῦν
954 3520 1051 3590 τὴν
1075 3520 1326 3589 γέννησιν
1365 3518 1531 3572 αὑτοῦ
1556 3537 1571 3586 ;
1602 3520 1692 3572 Διὸ
1722 3519 1816 3573 καὶ

1919 3508 2010 3562 bet
2056 3508 2434 3565 intermedium
2479 3508 2621 3566 inter
2662 3527 2818 3567 suam
2869 3513 3311 3583 generationem?
3346 3513 3493 3582 Quo-

257 3611 407 3675 αὐτός
436 3613 581 3666 ἐστιν
609 3615 641 3685 ἠ
680 3614 831 3676 ζῶσα
862 3614 956 3667 καὶ
982 3613 1221 3675 ἐνούσιος
1250 3614 1283 3683 ἡ
1317 3610 1569 3682 βούλησις
1598 3610 1692 3664 τοῦ
1732 3627 1814 3679 γε·

1916 3599 2062 3653 circa
2099 3600 2214 3670 ipse
2244 3609 2328 3657 est
2357 3601 2547 3658 vivens
2576 3612 2740 3674 atque
2771 3604 3084 3662 essentialis
3114 3605 3365 3662 voluntas
3398 3620 3492 3678 ge-

255 3704 581 3774 γενηκὸτος.

540 3721 581 3767 ς.
1920 3690 2132 3746 nitoris.

919 3818 1122 3875 ΑΑΛο,
2596 3807 2809 3863 ALIUD

315 3924 421 3994 Τῆς
446 3925 759 3997 βουλήσεως
785 3926 879 3981 τοῦ
909 3928 1122 3998 Πατρδς
1149 3927 1475 3999 χαρακτῆρα
1506 3929 1601 3981 καὶ
1628 3926 1819 3997 ὁμοίω-

1992 3914 2301 3972 Voluntatis
2323 3924 2583 3987 paternaz,
2622 3932 2729 3971 non
2766 3926 2944 3971 autem
2971 3919 3141 3989 ipsius
3173 3921 3283 3993 64
3315 3922 3493 3979 Patris

262 4030 332 4067 σιν
355 4012 488 4069 εἶναι
513 4018 603 4070 τὸν
632 4018 761 4070 Υἱὸν
783 4018 1230 4088 καταψεύδονται,
1260 4018 1376 4072 ἀλλ’
1396 4019 1496 4073 οὐκ
1528 4019 1693 4072 αὐτοῦ
1722 4017 1816 4072 τοῦ

1921 4008 2298 4061 characterem
2325 4017 2381 4063 et
2410 4006 2819 4063 similitudinem
2843 4021 2965 4064 esse
2987 4007 3183 4064 Filium
3218 4011 3492 4065 mentiun-

260 4106 472 4177 Πατρός.
508 4108 598 4160 Διὸ
630 4108 693 4180 δὴ
723 4108 883 4162 πάλιν
917 4112 1214 4181 ἐρωτητὼν
1242 4111 1366 4174 τοὺς
1394 4113 1816 4183 χριστομάχους,

1924 4110 2030 4153 tur.
2062 4100 2239 4169 Atque
2271 4099 2476 4154 idcirco
2510 4114 2700 4156 rursus
2752 4098 3115 4171 interrogandi
3147 4110 3274 4154 sunt
3308 4099 3494 4154 hostes

258 4194 310 4249 Ei
341 4199 526 4269 ὅμοιός
560 4202 707 4253 ἐστιν
744 4201 774 4253 ὁ
810 4202 999 4272 Πατὴρ
1038 4201 1139 4273 τῆς
1182 4202 1376 4255 ἑαυτυῦ
1415 4202 1739 4274 βουλήσεως,
1784 4204 1816 4275 ἢ

1922 4189 2053 4257 Dei,
2106 4206 2174 4245 an
2219 4192 2413 4248 similis
2464 4192 2537 4248 sit
2578 4191 2742 4247 Pater
2786 4207 2899 4247 suae
2948 4192 3243 4257 voluntati,
3296 4206 3488 4249 necne.

253 4289 387 4357 051i;
446 4290 513 4341 ΕΞ
564 4292 663 4358 μὲν
714 4290 823 4360 γὰρ
878 4290 1150 4360 ἀνόμοιος,
1202 4288 1460 4361 ἀνομοίαν
1501 4292 1676 4363 ἑαυτῷ
1719 4292 1818 4364 τὴν

1921 4279 2054 4335 Nam
2079 4283 2121 4336 si
2157 4282 2441 4337 dissimilis
2472 4294 2577 4348 est,
2612 4297 2739 4354 ergo
2767 4283 3085 4338 dissimilem
3117 4282 3220 4338 sibi
3252 4282 3505 4338 voluntao‘

256 4375 497 4451 βούλησιν
519 4379 631 4450 ἔχει
652 4396 664 4408 ’
698 4381 790 4433 καὶ
821 4379 1009 4433 σιωπῶ
1042 4381 1179 4452 πρὸς
1216 4380 1374 4435 τοῦτο
1410 4380 1471 4435 τὸ
1502 4380 1814 4453 δύσφημονσ

1929 4380 2033 4425 tem
2068 4373 2229 4427 habet
2253 4389 2269 4427 :
2295 4383 2351 4429 et
2395 4383 2549 4429 taceo
2582 4373 2973 4442 blasphemiam
3002 4389 3123 4444 quae
3156 4374 3279 4429 inde
3310 4375 3496 4444 sequi-

252 4471 293 4520 εί
325 4470 377 4523 δὲ
410 4471 608 4540 ὁμοίαν
637 4471 815 4542 ἑαυτῷ
844 4472 940 4542 τὴν
977 4471 1231 4543 βούλησιν
1260 4472 1393 4541 εχει,
1420 4467 1509 4544 ἧς,
1549 4471 1624 4536 ὣς
1660 4452 1819 4542 φατε,

1926 4469 2044 4525 tur;
2082 4463 2126 4518 si
2151 4478 2280 4518 vero
2304 4464 2535 4520 similem
2560 4464 2663 4520 sibi
2699 4463 2799 4534 ipsi
2832 4464 3165 4519 voluntatem
3191 4464 3375 4529 habet,
3405 4479 3494 4518 cu-

252 4563 527 4634 χαρακτήρ
568 4564 682 4616 ἐστι
728 4563 822 4617 καὶ
865 4561 1027 4616 εἰκὼν
1066 4564 1094 4615 ὁ
1130 4564 1277 4628 Υἱὸς,
1317 4564 1492 4620 ἔοικεν
1534 4565 1641 4636 ἀρα
1677 4568 1815 4621 κατὰ

1925 4553 2029 4624 jus,
2062 4565 2117 4609 ut
2147 4555 2349 4620 dicitis,
2386 4557 2669 4613 character
2689 4566 2771 4611 est
2793 4565 2847 4609 et
2874 4555 3048 4626 imago
3080 4554 3267 4619 Filius,
3302 4556 3494 4610 similis

249 4652 391 4707 τιῦτο
418 4653 503 4723 τῷ
536 4653 730 4724 Πατρί.
763 4653 887 4717 Πῶς
925 4649 1018 4707 οὖν
1060 4653 1311 4723 ἀνόμοιος
1353 4654 1506 4710 ἔσται
1538 4658 1679 4711 κατὰ
1720 4656 1817 4729 τὴν

1923 4647 2088 4719 igitur
2129 4648 2231 4703 hac
2280 4662 2344 4702 ex
2393 4657 2546 4716 parte
2576 4657 2659 4702 est
2705 4646 2874 4700 Patri.
2927 4646 3204 4712 Quomodo
3238 4648 3401 4715 igitur
3444 4645 3494 4699 ei

248 4742 421 4799 οὐσίαν
448 4743 621 4814 αὐτῷ,
650 4747 678 4797 ὁ
720 4745 808 4798 διὰ
848 4745 910 4798 τὸ
938 4748 1002 4817 τῇ
1038 4745 1286 4818 βουλήσει
1322 4749 1696 4817 προσεοικέναι
1722 4766 1818 4819 χα-

1922 4736 2201 4793 dissimilis
2234 4739 2341 4792 erit
2379 4737 2536 4807 juxta
2581 4735 2874 4791 essentiam
2920 4734 2965 4789 is
3011 4733 3103 4801 qui
3136 4733 3205 4785 ob
3250 4733 3301 4786 id
3348 4733 3490 4800 quod

253 4837 451 4907 ρσκτηρ
485 4834 562 4888 ὦν
592 4836 792 4903 αὑτοῦ;
828 4838 1182 4906 Συγκείσεται
1223 4839 1354 4911 γὰρ,
1392 4840 1457 4892 ἂν
1497 4840 1667 4904 οὕτως
1693 4842 1815 4912 ἔχῃ,

1918 4830 2195 4885 voluntate
2224 4831 2419 4885 similis
2451 4831 2540 4895 sit,
2575 4830 2856 4883 character
2892 4827 3059 4895 ipsius
3107 4825 3226 4878 est?
3253 4824 3309 4878 Si
3350 4824 3494 4878 enim

251 4926 358 4978 καθ’
386 4929 557 4998 ὑμᾶς,
601 4930 658 4995 ἐξ
688 4929 873 4999 ὁμοίου
904 4930 998 4983 καὶ
1037 4929 1096 4998 ἐξ
1129 4931 1383 5000 ἀνομοίου
1426 4931 1455 4984 ὁ
1489 4932 1632 4996 Υἱὸς,
1677 4934 1818 4988 κατά

1921 4922 1994 4976 ita
2036 4929 2154 4986 est,
2212 4929 2268 4975 ut
2316 4936 2410 4975 vos
2460 4918 2782 4990 epinamini,
2825 4931 2890 4973 ex
2939 4914 3105 4971 simili
3152 4923 3210 4967 et
3241 4914 3492 4969 dissimili

247 5030 293 5065 τι
320 5018 415 5085 μὲν
444 5018 640 5080 ἐοικὼς
671 5020 748 5090 τῷ
790 5021 986 5092 Πατρὶ,
1018 5022 1160 5077 κατά
1184 5040 1236 5077 τι
1276 5022 1333 5076 δὲ
1372 5022 1819 5094 ἀλλοτριούμενος

1924 5016 2258 5086 compositus
2289 5016 2395 5070 erit
2418 5014 2590 5069 Filius
2618 5032 2632 5069 :
2665 5012 2845 5082 aliqua
2888 5022 2955 5065 ex
2985 5017 3138 5080 parte
3174 5009 3365 5063 similis
3392 5009 3493 5064 Pa-

248 5106 336 5173 τῆς
368 5110 509 5180 πρὸς
538 5109 700 5163 αὐτὸν
735 5111 1070 5182 ὁμοιότητος.
1102 5108 1256 5177 Εἶτα,
1291 5117 1442 5177 ποῖος
1474 5116 1817 5185 συγχωρήσει

1926 5109 2017 5172 tri,
2062 5122 2129 5161 ex
2176 5108 2280 5161 alia
2316 5120 2446 5161 vero
2489 5120 2519 5158 a
2563 5104 2916 5159 similitudine
2947 5117 3069 5155 cum
3106 5101 3221 5170 ipso
3261 5101 3492 5155 alienus.

250 5194 393 5265 λόγος
418 5201 484 5253 τὸ
514 5201 573 5253 ἓν
598 5204 715 5255 κατ’
744 5202 931 5256 οὐσίαν
962 5203 1205 5275 ὑπάρχον
1248 5205 1339 5257 καὶ
1365 5205 1423 5256 ἐν
1448 5204 1685 5275 ἀριθμῷ,
1709 5200 1820 5257 οἷον

1928 5199 2152 5264 Deinde,
2182 5213 2304 5269 quae
2330 5199 2469 5253 ratio
2498 5197 2604 5252 hoc
2628 5195 2755 5262 fert,
2784 5203 2843 5249 ut
2867 5194 2918 5248 id
2948 5192 3090 5264 quod
3114 5193 3419 5247 substantia
3441 5202 3497 5247 et

252 5285 454 5343 Παῦλον
483 5292 645 5361 τυχὸν
685 5291 717 5362 ἧ
766 5292 992 5363 Πέτρον,
1020 5294 1114 5348 δύο
1144 5295 1331 5366 φέρειν
1358 5295 1416 5347 ὲν
1460 5295 1643 5365 ταυτῷ
1682 5298 1821 5351 κατὰ

1930 5305 2156 5345 numero
2189 5305 2353 5345 unum
2388 5298 2492 5354 est,
2536 5296 2590 5344 ut
2622 5286 2839 5348 Paulus,
2875 5284 2959 5340 vel
2983 5284 3197 5350 Petrus,
3229 5285 3334 5340 duo
3360 5286 3415 5341 in
3440 5299 3498 5341 se

250 5378 402 5444 φύσιν
428 5380 498 5434 τά
527 5382 775 5449 ὲναντία;
805 5384 879 5437 Οὐ
910 5384 1020 5457 γὰρ
1048 5385 1336 5456 δυνήσεταί
1364 5403 1448 5449 τις
1473 5387 1646 5440 εἰπεῖν
1671 5402 1684 5416 ·
1716 5388 1819 5442 A0-

1930 5382 2127 5437 habeat
2155 5380 2477 5436 naturaliter
2503 5376 2775 5435 contraria
2798 5374 2821 5429 ?
2844 5373 3027 5445 Neque
3044 5375 3185 5429 enim
3213 5376 3497 5447 quisquam

247 5472 390 5536 γικὸς
426 5472 489 5526 τέ
522 5476 638 5545 εἰμι
677 5476 772 5529 καὶ
820 5475 1048 5545 ἄλογος’
1080 5478 1189 5532 οὐδ’
1220 5475 1287 5532 αὖ
1328 5478 1388 5532 τὸ
1430 5477 1538 5551 πῦρ
1579 5480 1697 5550 ἐρεῖ
1736 5495 1820 5543 τις

1929 5479 2112 5535 dicere
2146 5479 2383 5549 poterit:
2430 5477 2565 5532 Sum
2598 5476 2808 5532 ratione
2852 5474 3130 5547 praeditus,
3162 5484 3216 5529 et
3248 5489 3366 5530 sum
3408 5490 3496 5529 ra-

246 5558 440 5633 θερμδν
468 5561 605 5620 εἶναί
650 5585 709 5621 τε
743 5568 837 5622 καὶ
879 5569 1122 5639 ψυχρόνο
1152 5569 1232 5622 δεῖ
1259 5570 1388 5641 γὰρ,
1420 5571 1536 5643 ἐνὸς
1581 5572 1817 5639 ἐνυπάρ-

1934 5569 2095 5626 tionis
2143 5583 2374 5640 expers;
2430 5580 2604 5639 neque
2660 5566 2798 5624 ullus
2863 5567 3039 5635 ignem
3095 5556 3329 5621 calidum
3378 5580 3497 5620 esse

309 5716 354 5748 ⁸¹
392 5719 411 5773 Ι
446 5721 569 5779 Cor.
603 5739 644 5787 ι,
684 5722 775 5777 24.

591 5820 871 5880 Parnm“
920 5820 1036 5882 (is.
1084 5816 1332 5881 LXXV.

3074 5817 3109 5876 4

3968 3812 3971 3909 γ
