4032 6212
497 249 606 312 ’107

1533 254 1589 307 S.
1626 244 1898 306 CYRILLI
1945 242 2431 305 ΑιΕΧΑΝιιιιιιςι,
2454 239 2773 302 ARClllEP.

3653 255 3752 301 ίυδ

504 370 702 429 dixerit
732 369 891 427 simul
936 377 993 424 et
1030 368 1287 438 frigidum
1324 384 1337 422 :
1371 382 1595 423 necesse
1644 368 1786 423 enim
1816 376 1930 431 est,
1961 380 2049 420 nm

2169 381 2373 435 χοντος,
2428 361 2779 435 ἀναρῤεἶσθαι
2813 360 2920 414 τῶν
2971 361 3386 433 σημαινομένων
3438 361 3496 414 τὸ
3540 362 3747 435 ἕτερον.

501 465 817 527 exsistenle,
840 462 1065 516 alterum
1092 476 1279 515 eorum
1323 475 1442 529 qua:
1468 459 1842 530 signiﬁcantur
1872 459 2069 529 perire.

504 553 644 609 Fieri
676 553 857 624 itaque
889 568 996 609 non
1026 561 1209 623 potest
1236 561 1293 605 ut
1324 551 1375 604 in
1403 550 1548 604 Filio
1574 548 1877 605 similitudo
1912 548 2072 603 simul

501 649 572 699 sit
599 653 654 700 et
680 644 1091 700 dissimilitudo.
1112 643 1247 699 Cum
1275 655 1406 695 vero
1432 655 1589 695 sacra
1614 640 1890 708 Scriptura
1918 640 2072 695 simi-

501 734 606 789 lem
639 734 785 789 Patri
818 749 937 790 esse
973 733 1227 797 testetur',
1253 746 1486 800 cumque
1526 732 1641 801 ipse
1680 732 1827 813 dicat
1866 750 1880 786 :
1915 751 1937 783 ι
1968 732 2070 798 Qui

499 825 635 880 vidit
661 840 774 888 me,
801 825 936 879 vidit
968 832 1022 879 et
1046 824 1259 878 Patrem
1281 822 1381 888 ⁸³,ι
1413 822 1904 877 dissimilitudinem
1932 822 2072 877 hanc

498 914 985 976 nouadmittemus,
1011 926 1108 981 per
1139 910 1256 965 haec
1293 910 1592 965 testimonia
1630 911 1696 964 ad
1720 910 1774 965 id
1807 911 1950 980 quod
1983 924 2071 963 ve-

495 1006 611 1059 rius
639 1003 1158 1071 convenientiusque
1177 1001 1510 1057 estadducti.
1536 1001 1740 1056 Etcum
1778 1016 1883 1057 nou
1916 1004 2067 1060 dixe-

497 1099 608 1153 rit:
639 1098 738 1165 Qui
773 1098 907 1152 vidit
936 1112 1051 1164 me,
1082 1098 1217 1153 vidit
1256 1108 1305 1153 et
1344 1096 1672 1154 voluntatem
1712 1097 1891 1154 Patris
1924 1101 2061 1165 mei,

497 1202 601 1239 non
645 1185 969 1253 voluntatis,
1018 1187 1111 1242 sed
1155 1186 1335 1241 Patris
1373 1186 1662 1256 imaginem
1712 1203 1834 1244 esse
1872 1188 2064 1244 Filium

494 1277 802 1332 fatebimur.

1164 1353 1397 1445 ALtUo.

563 1508 694 1573 Quae
734 1520 763 1559 a
808 1513 988 1559 mutua
1028 1503 1409 1574 conjunctione
1448 1512 1501 1559 et
1542 1504 1771 1559 naturali
1812 1504 2063 1558 similitu-

492 1597 620 1651 dine
648 1597 942 1661 recedunt,
967 1606 1023 1650 et
1047 1596 1355 1651 essentialis
1381 1596 1658 1665 qualitatis
1689 1596 1896 1652 ratione
1928 1597 2067 1651 inter

2182 455 2387 510 Οὐκοῦν
2413 456 2691 526 ἀμήχανον
2721 455 2779 506 ὲν
2809 453 2923 521 Υίῷ
2948 454 3039 507 καὶ
3064 453 3125 506 τὸ
3166 453 3347 523 ὅμοιον
3374 448 3514 506 εἶναι
3554 455 3649 508 καὶ
3693 457 3751 509 ab

2180 546 2453 617 ἀνόμοιον.
2494 536 3005 616 Ἐπιμαρτυρούσης
3030 544 3085 597 δὲ
3112 542 3211 614 τῆς
3247 540 3394 607 Θείας
3425 544 3574 615 αὑτῷ
3614 544 3750 616 Γρα-

2180 639 2288 708 φῆς
2327 636 2423 708 τὴν
2452 635 2745 707 ὁμοιότητα
2788 636 2887 701 τὴν
2917 634 3053 705 πρὸς
3076 632 3165 687 τὸν
3195 635 3438 704 Πατέρα,
3464 636 3558 688 καὶ
3585 635 3749 689 αὐτοῦ

2177 728 2233 781 δὲ
2267 722 2563 797 φάσκόντος
2584 743 2598 759 ·
2645 745 2665 778 ι
2720 726 2777 778 Ὀ
2807 725 3065 797 ἑωρακὼς
3114 723 3235 796 ἐμὲ,
3269 724 3480 794 ἑώρακε
3522 724 3610 778 τὸν
3642 728 3749 781 Παι-

2176 820 2331 889 τέρα,
2376 837 2394 871 ι
2429 818 2491 871 τὸ
2516 817 2767 888 ἀνόμοιον
2796 817 2856 869 οὐ
2889 816 3323 889 παραδεξόμεθα,
3360 817 3748 890 ποδηγούμενοι

2174 909 2260 963 διὰ
2314 908 2518 962 τούτων
2561 908 2653 961 ἐπὶ
2696 906 2758 960 τὸ
2800 906 3161 979 ἀληθέστερόν
3206 925 3266 961 τε
3325 909 3419 961 καὶ
3466 910 3747 979 πρεπωδέ-

2177 1016 2386 1071 στερον.
2446 998 2664 1070 Ἐπειδὴ
2707 997 2764 1051 δὲ
2812 998 2972 1053 πάλιν
3012 994 3110 1050 οὐκ
3154 994 3338 1053 εἶπεν·
3380 1000 3439 1051 ὐ
3490 999 3749 1071 ἑωρακὼς

2174 1088 2295 1159 ἐμὲ,
2329 1088 2426 1160 τὴν
2458 1087 2710 1158 βούλησιν
2751 1084 2961 1158 ἑώρακε
3007 1088 3102 1142 τοῦ
3137 1089 3345 1160 Πατρός
3388 1106 3513 1160 μου,
3548 1091 3608 1143 ού
3648 1091 3747 1160 τῆς

2177 1176 2482 1246 βουλήσεως
2512 1175 2692 1228 είκόνα
2718 1174 2808 1227 τὸν
2838 1174 2966 1228 Υίδν
2994 1175 3421 1247 ὁμολογήσομεν,
3444 1177 3558 1230 ἀλλ’
3581 1178 3747 1231 αὐτοῦ

2173 1265 2266 1317 τοῦ
2298 1266 2507 1335 Πατρὸς
2532 1264 2608 1329 ὡς
2644 1264 2795 1318 Υίόν.

2858 1377 3062 1431 ΑΛΛΟ.

2243 1490 2323 1542 Τὰ
2360 1489 2459 1560 τῆς
2489 1489 2625 1560 πρὸς
2654 1488 2857 1560 ἄλληλα
2903 1490 3195 1560 συναφείας
3230 1491 3261 1562 ἢ
3305 1494 3537 1563 φυσικῆς
3579 1494 3747 1564 ἐμφε-

2174 1580 2324 1651 ρείας
2368 1580 2818 1651 ἀναχωρήσαντα,
2860 1582 2954 1634 καὶ⁸
2997 1582 3138 1635 κατὰ
3179 1581 3269 1636 τὸν
3306 1582 3406 1653 τῆς
3460 1583 3746 1648 ούσιὼδους

491 1700 552 1741 se
581 1686 874 1748 dissident,
903 1699 966 1739 ea
1004 1693 1097 1738 aut
1130 1684 1278 1749 loco,
1304 1694 1397 1738 aut
1433 1684 1545 1739 sola
1582 1684 1789 1739 ratione
1822 1684 2049 1753 sejunctt

2171 1672 2453 1742 ποιότητος
2485 1672 2638 1739 λόγον
2683 1673 3159 1743 ἀπεσχοινισμένα,
3214 1675 3544 1746 διίσταταιῆ
3593 1676 3745 1745 τόπῳ

490 1787 636 1832 sunt.
660 1777 728 1832 Et
751 1776 869 1831 loco
894 1775 1110 1845 quidem
1139 1790 1168 1828 a
1196 1783 1379 1830 mutua
1408 1775 1783 1844 conjunctione
1812 1791 2065 1847 separan-

491 1878 578 1923 tur
606 1883 727 1938 qua:
756 1880 1074 1936 corpoream
1109 1866 1552 1921 constitutionem
1587 1868 1818 1934 habent;
1857 1868 2065 1923 ratione

492 1969 671 2013 autem
707 1958 1090 2028 disjungnntur
1124 1958 1414 2021 nonnulla,
1441 1973 1559 2026 quae
1599 1958 1872 2013 essentiali
1908 1959 2064 2014 diffe-

492 2049 663 2103 rentia
693 2048 972 2110 dilferunt,
996 2054 1056 2100 ut
1087 2046 1246 2099 homo
1278 2046 1345 2099 ab
1377 2060 1537 2114 equo.
1566 2046 1911 2115 Quaecunque
1934 2063 2064 2104 vero

487 2135 934 2206 signiﬁcationem
978 2144 1033 2189 et
1076 2133 1219 2202 quod
1262 2146 1330 2187 ex
1370 2132 1499 2201 ipsis
1542 2132 1769 2189 edicitur
1805 2136 2064 2191 dissimile

488 2226 724 2292 habent,
762 2240 825 2279 ea
886 2224 1097 2279 ratione
1146 2222 1583 2293 cogitationeque
1633 2224 2059 2295 distinguuntur,

2166 1765 2493 1835 τεμνόμενα,
2523 1764 2557 1835 ἢ
2606 1764 2793 1834 μόναις
2836 1767 2952 1827 ταῖς
2989 1763 3275 1827 ἐπινοίαις.
3323 1764 3485 1836 Τόπῳ
3518 1766 3616 1837 μὲν
3652 1762 3745 1819 οὖν

2165 1860 2265 1928 τῆς
2293 1857 2429 1928 πρὸς
2455 1854 2659 1924 ἄλληλα
2697 1855 2989 1923 συναφείας
3015 1854 3283 1907 διίσταται
3312 1856 3380 1909 τὰ
3425 1855 3743 1927 σωματικὴν

2167 1948 2359 2018 ἔχοντα
2415 1947 2695 2009 σύστασιν,
2753 1945 3019 1999 διίσταται
3055 1945 3111 1999 δὲ
3154 1945 3250 2001 καὶ
3292 1946 3434 2017 λόγῳ
3472 1946 3592 2001 τινὰ
3634 1947 3742 2000 τῶν

2166 2039 2308 2091 κατὰ
2364 2036 2461 2107 τὴν
2511 2036 2741 2108 ούσιώδη
2802 2036 3083 2108 διαφορὰν,
3150 2037 3228 2100 ὡς
3296 2037 3583 2109 ἄνθρωπος
3654 2039 3743 2091 ἴπ-

2165 2146 2290 2181 που.
2324 2128 2405 2181 Τὰ
2432 2128 2488 2181 δὲ
2521 2128 2620 2180 ὅσα
2651 2128 2748 2197 τὴν
2776 2127 3007 2197 δήλωσιν
3041 2127 3134 2181 καὶ
3178 2128 3239 2180 τὸ
3285 2129 3343 2193 ἐξ
3381 2129 3560 2184 αὐτῶν
3604 2132 3742 2183 dmo-

2164 2218 2487 2289 τελούμενον
2541 2218 2792 2287 ἀνόμοιον
2842 2218 2972 2287 ἔχει,
3025 2218 3166 2287 λόγῳ
3210 2218 3349 2289 ψιλῷ
3389 2223 3482 2273 καὶ
3525 2221 3739 2292 ἐπινοίᾳ

484 2314 937 2385 quemadmodum
999 2314 1206 2368 sanitas
1262 2323 1317 2369 et
1369 2316 1607 2370 morbus.
1664 2315 1742 2369 Ex
1795 2304 1880 2372 his
1936 2332 2049 2375 vcrc

2168 2308 2500 2379 μεριζόμενα
2540 2306 2808 2376 φαίνεται,
2840 2304 2950 2361 οἷον
2989 2309 3171 2377 ὑγίεια
3217 2310 3308 2363 καὶ
3338 2311 3509 2374 νόσος.
3562 2312 3649 2364 Ἐν
3679 2310 3737 2364 δὲ

484 2421 821 2475 quaecunque
847 2405 959 2461 sola
992 2406 1201 2461 ratione
1224 2414 1277 2459 et
1309 2404 1500 2462 eﬂ'eCtu
1529 2408 1802 2462 contraria
1835 2409 1976 2463 inter
2002 2424 2049 2464 se

2161 2396 2369 2459 τούτοις
2404 2397 2504 2448 ὅσα
2536 2395 2681 2466 λόγῳ
2713 2396 2858 2467 μόνῳ
2904 2397 2998 2450 και¹
3032 2398 3110 2467 τῷ
3142 2399 3200 2465 ἐξ
3229 2400 3407 2453 αὐτῶν
3448 2400 3739 2453 ἀποτελου-

485 2507 645 2563 sunt,
706 2498 993 2569 peritiores
1053 2498 1355 2568 philosophi
1416 2500 1690 2554 contraria
1747 2501 2049 2557 immediata

2163 2489 2310 2559 μένῳ
2337 2488 2456 2541 κατ’
2487 2489 2834 2558 ἐναντιότητα
2876 2488 3147 2561 διέστηκε,
3180 2492 3245 2544 τὰ
3276 2491 3375 2561 μὲν
3421 2490 3603 2561 ἄμεσα
3642 2510 3736 2545 κα-

482 2599 709 2654 vocant;
767 2589 871 2643 alia
915 2604 1045 2645 vero
1098 2590 1350 2645 mediata.
1395 2591 1712 2646 lmmediata
1762 2593 1953 2660 igitur,
2002 2602 2049 2647 ul

2157 2580 2338 2634 λοῦσιν
2378 2580 2427 2633 οἱ
2461 2580 2529 2632 τὰ
2570 2582 2668 2650 τῆς
2716 2580 3031 2650 φιλοσοφίας
3068 2581 3367 2652 ἠσκημένοι
3413 2581 3733 2652 μαθήματα,

484 2682 643 2737 ιιιοιιο
676 2680 941 2744 diximus,
969 2689 1095 2734 sunt
1126 2680 1333 2735 sanitas
1373 2691 1427 2734 et
1465 2683 1683 2737 morbus
1725 2700 1739 2734 :
1779 2681 1887 2753 65
1929 2684 2049 2737 nihil

2158 2671 2227 2724 τὰ
2249 2670 2305 2722 δὲ
2337 2670 2571 2740 ἕμμεσα.
2608 2670 2822 2740 Ἀμεσα
2858 2670 2957 2741 μὲν
2988 2666 3099 2735 οὖν,
3129 2672 3381 2743 καθάπερ
3408 2673 3506 2743 ήδη
3555 2678 3739 2743 προεῖ-

481 2772 623 2825 cnim
653 2772 795 2826 inter
822 2772 936 2826 haec
964 2780 1047 2825 est
1080 2771 1334 2826 medium.
1365 2771 1419 2826 Si
1452 2773 1594 2827 enim
1630 2772 1830 2841 aliquid
1864 2774 2049 2828 horum

2158 2780 2276 2828 πον,
2311 2764 2489 2831 ὑγίεια
2521 2762 2616 2815 καὶ
2656 2762 2840 2826 νόσος·
2889 2762 3042 2816 οὐδὲν
3074 2763 3181 2833 γὰρ
3212 2763 3416 2817 τούτων
3462 2766 3579 2817 ἐστὶ
3633 2782 3734 2833 με-

482 2861 684 2914 ιιοιιιίηἱ
716 2862 948 2924 accidat,
973 2862 1024 2915 id
1050 2863 1221 2916 solum
1256 2865 1306 2917 in
1339 2865 1454 2933 ipso
1482 2873 1583 2917 est.
1609 2865 1716 2917 Aut
1738 2867 1883 2919 enim
1919 2865 2049 2919 bene

2154 2852 2306 2916 ταξύ.
2344 2853 2405 2904 Εἰ
2432 2852 2541 2923 γὰρ
2569 2852 2654 2905 ἐπ’
2682 2851 2966 2922 ἀνθρώπου
2995 2854 3155 2922 τυχὸν
3187 2854 3406 2925 φέροιτό
3432 2871 3483 2906 τι
3508 2854 3733 2922 τούτων,

472 2952 642 3016 va‘let,
665 2961 756 3005 aut
777 2961 1033 3021 mgrotat;
1063 2946 1376 3021 nullumque
1407 2956 1547 3007 inter
1570 2967 1838 3022 aegrowre
1867 2964 1921 3009 et
1949 2971 2049 3009 non

2156 2944 2213 2996 ἓν
2247 2942 2395 2997 ἔσται
2425 2944 2641 3006 παντως
2668 2943 2725 2996 ὲν
2758 2941 2927 3014 αὐτῷ.
2973 2943 3044 2995 ’Ἢ
3080 2943 3187 3015 γὰρ
3217 2944 3468 3012 ὑγιαίνει,
3503 2945 3534 3016 ἢ
3566 2948 3731 3014 νοσεῖ,

478 3051 741 3111 argrotare
773 3051 857 3097 est
890 3043 1144 3096 medium.
1170 3043 1398 3098 Mediata
1434 3060 1558 3099 vero
1591 3049 1862 3101 contraria
1893 3047 2049 3116 justi-

2155 3036 2250 3088 καὶ
2279 3036 2340 3087 τὸ
2376 3035 2537 3105 μέσον
2566 3034 2658 3087 τοῦ
2692 3035 2927 3106 νοσείνῆ
2962 3036 3034 3106 μὴ
3070 3038 3266 3102 νοσεῖν,
3302 3037 3476 3090 οὐδέν.
3518 3038 3733 3108 Ἐμμε-

481 3134 608 3187 tiam
635 3143 699 3189 'et
722 3132 1042 3202 iniustitiam
1074 3149 1197 3189 esse
1232 3136 1436 3191 volunt.
1472 3136 1659 3206 Neque
1700 3139 1845 3193 enim
1882 3139 2049 3193 omni:

2162 3144 2253 3180 σον
2288 3126 2345 3178 δὲ
2375 3126 2472 3195 τὴν
2495 3125 2839 3197 δικαιοσύνην
2868 3122 3006 3179 εἷναί
3053 3142 3182 3195 φασι
3225 3128 3319 3180 καὶ
3356 3127 3454 3198 τὴν
3494 3127 3730 3182 ἀδικίαν.

472 3228 640 3281 homo
682 3236 777 3281 aut
815 3227 867 3281 in
917 3227 1226 3281 universum
1268 3228 1477 3296 justus,
1515 3240 1605 3283 aut
1647 3230 1699 3284 in
1744 3231 2049 3284 universum

2171 3217 2501 3290 Ἐπειδήπερ
2534 3218 2594 3270 οὐ
2618 3220 2724 3281 πᾶς
2746 3218 2841 3271 ἄνο
2852 3235 3029 3289 ρωπος
3057 3218 3089 3290 ἢ
3113 3217 3416 3290 ὁλοκλήρως
3438 3220 3664 3285 δίκαιος,
3694 3220 3729 3290 ἢ

474 3317 708 3385 iniustus
746 3329 847 3372 est.
874 3317 1016 3373 Fieri
1058 3318 1200 3372 enim
1243 3330 1418 3388 potest
1453 3330 1510 3374 ut
1544 3323 1777 3376 medium
1820 3321 2049 3391 aliquem

2155 3309 2336 3372 ἄδικός
2370 3312 2506 3362 ὲστι.
2546 3310 2778 3363 Δυνατὸν
2811 3311 2918 3379 γὰρ
2966 3311 3129 3379 μέσον
3179 3310 3367 3382 ὥσπερ
3417 3312 3538 3365 τινὰ
3565 3312 3731 3366 τόπον

472 3409 649 3463 iocum
683 3410 1335 3473 inveniamusniimirum
1372 3418 1429 3463 ut
1460 3412 1581 3481 quis
1606 3426 1671 3465 cx
1702 3420 1851 3479 parte
1876 3413 2049 3479 justus

2154 3402 2409 3472 εὑρέσθαι
2439 3403 2503 3454 ὲκ
2530 3402 2731 3471 μέρους
2755 3402 2965 3455 δικαίου
3000 3402 3143 3465 τινὸς
3171 3402 3340 3467 ὄντος,
3367 3404 3462 3457 καὶ
3492 3404 3554 3457 ού
3588 3421 3730 3468 παν·-

473 3499 565 3564 ait,
594 3512 697 3553 non
728 3509 905 3552 autem
938 3500 1188 3554 omnibus
1210 3502 1454 3570 partibus
1484 3502 1741 3570 injustus.
1768 3501 1861 3555 His
1890 3503 2054 3569 igitur

475 3590 575 3642 hoc
604 3589 761 3644 modo
789 3591 1165 3657 consideratis,
1192 3602 1245 3645 et
1272 3592 1715 3650 dissimilitudine
1745 3596 1797 3648 in
1827 3595 2051 3663 singulis

475 3677 634 3731 rebus
672 3680 1057 3749 pervestigata,
1094 3680 1370 3734 videamus
1403 3696 1636 3749 quonam
1679 3684 1839 3737 modo
1872 3698 1941 3737 ex
1986 3684 2051 3739 iis

472 3781 590 3833 qua:
621 3766 762 3820 dicta
796 3776 921 3822 sunt
954 3767 1124 3823 Filius
1158 3784 1185 3821 a
1223 3768 1574 3824 similitudine
1600 3771 1784 3827 Patris
1811 3772 2042 3828 differat.

469 3856 613 3911 Loco
644 3869 793 3912 certe
826 3859 1065 3927 separari
1104 3875 1264 3914 nemo
1296 3861 1497 3916 dixerit
1529 3881 1542 3917 :
1582 3878 1756 3935 neque
1787 3866 1930 3919 enim
1961 3874 2049 3919 est

467 3962 682 4017 corpus,
703 3962 989 4018 corporum
1015 3958 1194 4003 autem
1222 3951 1501 4019 proprium
1528 3962 1613 4006 est
1633 3952 1891 4007 localibus
1921 3966 2047 4021 spa-

468 4039 560 4093 tiis
600 4038 814 4103 dirimi;
856 4039 1120 4108 reliquum
1167 4054 1297 4108 ergo
1330 4050 1414 4093 est
1446 4051 1503 4095 ut
1537 4042 1745 4096 ratione
1779 4042 1991 4097 diﬂ‘erat
2026 4060 2041 4096 :

2151 3492 2320 3555 τελῶς
2343 3491 2549 3546 ἀδίκου.
2583 3492 2797 3545 Τούτων
2826 3492 3112 3564 τοιγαροῦν
3144 3494 3283 3547 κατὰ
3311 3496 3458 3548 τόνδε
3488 3496 3577 3550 τὸν
3603 3496 3729 3567 τρό-

2152 3590 2252 3637 πον
2302 3585 2433 3653 ήμῖν
2470 3584 2903 3653 διεσκεμμένων,
2954 3584 3048 3637 καὶ
3096 3587 3195 3655 τῆς
3231 3586 3611 3655 ἀνομοιότητος
3663 3589 3724 3640 ἐν

2150 3672 2359 3736 τούτοις
2386 3672 2782 3743 ἐξεταζομένης
2807 3675 2897 3726 ἐπὶ
2921 3674 3121 3738 παντὸς
3146 3675 3488 3745 πράγματος,
3522 3673 3723 3748 ἴδωμεν

2150 3760 2290 3814 κατὰ
2325 3764 2475 3814 ποῖον
2503 3763 2609 3814 τῶν
2658 3763 2960 3835 εἰρημένων
3001 3765 3156 3834 λόγον
3198 3767 3471 3836 ἀφέστηκε
3501 3769 3600 3838 τῆς
3628 3768 3724 3822 τοῦ

2148 3852 2359 3922 Πατρδς
2391 3852 2707 3923 ὁμοιότητος
2737 3856 2765 3906 6
2794 3853 2937 3917 Υίός.
2973 3856 3133 3926 Τόπῳ
3160 3857 3259 3926 μὲν
3283 3854 3377 3911 οὖν
3406 3859 3504 3912 οὐκ
3546 3861 3611 3914 ἄν
3638 3878 3724 3924 τις

2145 3942 2307 3994 αὐτὸν
2339 3942 2653 4013 μερίζεσθαι
2683 3944 2830 4013 λέγοι
2852 3986 2866 4006 ,
2899 3946 3020 3999 ἐπεὶ
3055 3948 3189 4018 μήτε
3224 3948 3383 4018 σῶμά
3414 3951 3529 4003 ἐστι
3553 3966 3567 3981 '
3614 3967 3723 4004 σω-

2147 4031 2332 4102 μᾶτων
2365 4035 2471 4104 γὰρ
2527 4034 2655 4088 ίδιον
2698 4040 2952 4100 τοπικαῖς
3002 4036 3318 4109 μερίζεσθαι
3366 4040 3717 4095 διαστάσεσι’

469 4133 677 4184 ratione
720 4138 899 4183 autem
935 4129 1054 4183 dico
1095 4130 1349 4184 naturali.
1374 4130 1447 4183 At
1480 4131 1523 4184 si
1559 4141 1750 4185 natura
1787 4140 1869 4186 est
1904 4133 2043 4188 Deus

2154 4123 2387 4179 λείπεται
2418 4125 2596 4179 τοίνυν
2623 4126 2706 4191 τὸ,
2741 4127 2883 4199 λόγῳ
2923 4129 3247 4201 χωρίζεσθαι
3270 4145 3285 4159 ο
3320 4130 3463 4202 λόγῳ
3488 4132 3544 4185 δέ
3576 4151 3719 4203 φημι

465 4219 646 4284 Pater,
672 4229 727 4272 et
755 4228 949 4273 natura
979 4218 1120 4276 Deus
1146 4221 1335 4289 Filius,
1364 4222 1663 4291 qualisnam
1695 4224 1836 4279 ratio
1867 4225 2042 4294 ipsum

2154 4214 2217 4285 τῷ
2244 4217 2386 4270 κατὰ
2414 4217 2513 4287 τὴν
2557 4218 2739 4287 φύσιν.
2785 4220 2923 4273 Ἀλλ’
2954 4222 3111 4292 εἰπερ
3162 4222 3320 4292 φύσει
3369 4223 3501 4286 Θεὸς
3543 4226 3571 4275 6
3598 4224 3717 4276 Πα⁴

466 4310 783 4379 distinguit?
809 4310 941 4374 Quis
970 4318 1148 4365 autem
1176 4327 1283 4367 non
1312 4314 1546 4367 fateatur
1567 4327 1627 4367 ea
1660 4329 1779 4381 quae
1799 4314 2037 4385 ejusdem

2154 4308 2263 4379 ιὴρ,
2302 4309 2397 4361 καὶ
2426 4308 2584 4379 φύσει
2612 4310 2742 4374 Θεὸς
2786 4312 2814 4364 6
2857 4311 3003 4377 Υίδς,
3036 4315 3187 4376 ποῖος
3218 4313 3379 4367 αὑτὸν
3421 4315 3716 4384 ἀποτέμνει

466 4401 716 4456 essentia:
747 4410 902 4467 sunt,
934 4401 1133 4456 similia
1167 4402 1307 4457 inter
1336 4417 1395 4458 se
1423 4403 1578 4457 esse?
1606 4384 1904 4470 Przeterea,
1933 4422 2037 4461 non

2154 4399 2324 4468 λόγοςς
2349 4401 2446 4463 Τίς
2465 4401 2520 4455 δὲ
2549 4402 2609 4454 οὐ
2650 4405 2990 4475 συγχωρήσει
3017 4404 3115 4474 τὴν
3140 4404 3275 4474 πρὸς
3301 4404 3504 4476 ἄλληλα
3531 4406 3715 4475 φορεῖν

465 4492 625 4548 veluti
656 4493 987 4549 contrarium
1014 4494 1378 4564 distinguetur
1402 4493 1571 4549 Filius
1598 4511 1627 4548 a
1656 4494 1835 4561 Patre,
1862 4503 1921 4549 ut
1947 4496 2034 4551 illa

2154 4488 2432 4558 ἄμοιότητα
2481 4490 2581 4559 τῆς
2632 4490 2797 4543 αὐτοῦ
2844 4492 3029 4555 οὐσίας
3076 4492 3418 4561 ὑπάρχοντας
3476 4491 3595 4543 Ἔτι
3652 4507 3714 4542 τε

463 4598 583 4654 quae
612 4584 870 4638 dicuntur
898 4584 1231 4640 immediata.
1266 4583 1453 4654 Neque
1486 4585 1627 4639 enim
1662 4594 1718 4639 ut
1747 4587 1949 4641 sanitas
1981 4600 2036 4642 et

465 4675 686 4730 morbus
733 4675 875 4728 inter
917 4689 979 4729 se
1023 4674 1319 4739 dissident;
1364 4690 1538 4745 neque
1584 4676 2030 4743 quemadmodum

462 4779 627 4819 unum
674 4764 876 4835 aliquid
909 4779 1095 4819 eorum
1124 4778 1243 4831 quae
1286 4764 1531 4835 diximus;
1556 4764 1608 4819 in
1646 4766 1864 4820 homine
1898 4768 2029 4821 reti-

461 4854 573 4906 neri
593 4894 608 4918 ,
638 4854 780 4909 ratio
807 4854 1074 4918 ostendit,
1104 4854 1177 4907 ita
1206 4853 1371 4907 etiam
1402 4864 1485 4909 est
1514 4855 1566 4908 in
1598 4853 1756 4910 Patre
1786 4867 1840 4909 ct
1870 4856 2024 4913 Filio.

463 4937 731 4994 lnhabitat
760 4942 904 4996 enim
937 4956 989 4996 in
1020 4943 1200 5009 aliquo
1224 4938 1387 4994 Pater
1420 4958 1433 4995 :
1465 4941 1731 4995 inhabitat
1755 4951 1809 4994 et
1835 4940 2021 4995 Filius.

457 5027 662 5098 Neque,
693 5032 1144 5100 quemadmodum
1176 5031 1264 5086 illa
1290 5033 1449 5086 simul
1479 5033 1643 5099 coire,
1675 5033 1938 5102 simulque
1971 5035 2022 5088 in

456 5121 643 5177 eodem
688 5122 927 5190 subjecto
966 5124 1264 5179 subsistere
1309 5136 1612 5193 nequeunt,
1651 5126 1720 5179 ita
1763 5123 1931 5180 Filius
1972 5136 2026 5180 et

459 5214 618 5266 Pater
660 5227 720 5267 se
765 5216 960 5269 habent
1001 5232 1016 5268 :
1070 5235 1089 5267 ι
1144 5214 1281 5271 Ecce
1326 5218 1501 5281 enim,
1531 5217 1701 5287 inquit
1739 5216 2020 5284 Christus,

458 5307 732 5360 veniemus
772 5320 873 5373 ego
909 5316 963 5360 et
1001 5305 1179 5371 Pater,
1208 5316 1261 5362 et
1296 5309 1347 5359 in
1382 5308 1499 5377 ipso
1539 5309 1875 5362 manebimus
1895 5306 1961 5362 “.
1998 5327 2017 5358 ι

455 5395 560 5449 Sed
604 5409 775 5464 neque
819 5398 891 5450 ita
938 5399 1113 5453 media
1148 5413 1234 5453 res
1270 5399 1373 5453 erit
1409 5398 1570 5454 Pater
1605 5403 1670 5454 ad
1707 5400 1933 5467 Filium,
1968 5410 2023 5455 ιιι

446 5485 677 5552 justitia.
708 5484 890 5554 Neque
916 5486 1058 5540 enim
1090 5488 1268 5542 minus
1298 5489 1401 5542 erit
1429 5486 1609 5555 Pater,
1636 5488 1817 5557 Pater,
1849 5504 2021 5560 neque

523 5640 569 5674 ⁸⁸
606 5642 759 5698 Joan.
791 5658 899 5707 nv.
932 5644 984 5699 9.
1065 5643 1110 5675 ⁸⁵
1141 5643 1274 5699 ibid.
1311 5644 1402 5698 2'5.

2137 4580 2273 4649 πρὸς
2307 4581 2500 4652 τούτῳ,
2536 4582 2655 4634 οὐδὲ
2684 4583 2759 4646 ὡς
2792 4584 3031 4638 ἐναντίον
3062 4584 3173 4651 ἕξει
3203 4602 3254 4638 τι
3285 4584 3422 4656 πρὸς
3462 4583 3552 4637 τὸν
3583 4583 3715 4635 Υίὸν

2133 4673 2161 4724 6
2182 4671 2393 4742 Πατὴρ,
2418 4671 2493 4733 ὡς
2522 4671 2590 4724 τὰ
2611 4673 2789 4743 ἆμεσα
2819 4673 3142 4744 καλούμενα.
3175 4674 3249 4727 Οὐ
3280 4674 3388 4745 γὰρ
3428 4674 3504 4737 ὡς
3530 4674 3714 4741 ὑγίεια

2133 4762 2226 4814 καὶ
2263 4761 2417 4824 νόσος
2461 4760 2712 4831 ἀλλήλοις
2741 4761 3103 4817 ἁντίκεινται’
3138 4763 3260 4816 οὐδὲ
3310 4763 3500 4834 ὥσπερ
3545 4763 3605 4816 ἐν
3654 4780 3709 4816 τι

2132 4853 2348 4905 πάντων
2370 4851 2478 4905 τῶν
2501 4852 2807 4923 εἰρημένων
2836 4854 2893 4904 ἐν
2916 4852 3224 4926 ἀνθρώποις
3252 4854 3522 4919 σώζεσθαι
3548 4856 3578 4907 6
3598 4856 3711 4909 τών

2131 4944 2475 5014 πραγμάτων
2533 4944 2833 5012 ἀναγκάσει
2865 4944 3045 5014 λόγος,
3070 4945 3214 5000 οὕτω
3242 4948 3335 5000 καὶ
3368 4947 3460 4999 ἐπὶ
3493 4944 3709 5016 Πατρός

2131 5035 2226 5087 καὶ
2258 5034 2427 5095 Υίοῦ.,
2446 5034 2677 5087 Ἐνοικεῖ
2705 5034 2813 5106 γάρ
2840 5051 2981 5088 τισιν
3007 5039 3036 5089 6
3061 5036 3272 5109 Πατὴρ.
3309 5038 3505 5090 ἐνοικεῖ
3526 5036 3582 5090 δὲ
3611 5036 3708 5087 καὶ

2129 5128 2157 5179 6
2193 5126 2339 5189 Υἱός.
2373 5126 2482 5179 Καὶ
2506 5126 2567 5179 οὐ
2598 5126 2847 5198 καθάπερ
2880 5129 3060 5181 ὲκεῖνα
3087 5131 3167 5191 εἰς
3187 5128 3382 5181 ταυτὸν
3410 5125 3708 5196 ἁσύμῦατά

2130 5234 2188 5269 τε
2235 5218 2329 5270 καὶ
2369 5216 2765 5287 ἁσυνύπαρκτά
2803 5218 2970 5283 ἐστιν,
3001 5218 3146 5271 οὕτω
3174 5220 3267 5271 καὶ
3312 5220 3341 5270 6
3371 5217 3499 5280 Υἱὸς
3546 5216 3636 5268 καὶ
3674 5219 3707 5267 6

2132 5308 2357 5379 Πατήρ·
2398 5327 2417 5358 ι
2469 5307 2599 5362 Ἰδοὺ
2634 5307 2761 5379 γὰρ,
2815 5309 2978 5380 φησὶν
3018 5310 3047 5361 6
3094 5307 3346 5377 Χριστὸς,
3396 5304 3703 5358 εἰσελευσό-

2133 5397 2271 5468 μεθα
2302 5397 2412 5466 ἐγὼ
2445 5399 2541 5451 καὶ
2567 5400 2595 5451 6
2634 5400 2839 5470 Πατήρ,
2870 5401 2964 5451 καὶ
2998 5399 3166 5469 μονὴν
3193 5397 3324 5469 παρ’
3346 5395 3495 5465 αὺτῷ
3540 5394 3703 5462 ποιή-

2129 5505 2311 5557 σομεν.
2364 5508 2381 5541 ι
2438 5489 2575 5540 Ἀλλ’
2623 5488 2741 5540 οὐδὲ
2775 5488 2947 5552 οὕτως
2983 5488 3223 5558 έμμεσον
3266 5490 3417 5542 ἔσται
3466 5487 3700 5558 πρᾶγμα
