4032 6212
317 305 423 359 ιω

1716 298 2165 359 τιιεεΑυῐιυε.
3465 318 3561 373 ιιο

304 420 505 491 Πατὴρ
544 418 680 490 πρὸς
729 416 878 482 Υίδν,
927 415 1115 486 ὥσπερ
1163 419 1196 486 ἡ
1233 416 1545 487 δικαιοσύνη
1588 418 1771 488 τυχόν.
1810 420 1885 472 Οὐ

1992 421 2168 476 minus
2193 420 2299 475 erit
2326 420 2521 485 Filius,
2547 418 2747 486 Filius,
2779 432 2836 476 ut
2863 425 3071 481 medius
3096 425 3290 495 aliquis
3317 429 3466 487 locus
3492 439 3561 491 sit

304 511 416 581 γὰρ
456 510 677 563 ἔλαττον
741 508 893 561 ἔσται
943 507 1132 578 Πατὴρ
1176 508 1205 560 6
1250 507 1463 579 Πατὴρ,
1506 508 1627 562 οὐδὲ
1668 509 1887 564 ἔλαττον

304 604 462 655 {aut
498 601 625 663 Υἱὸς
650 604 680 653 6
710 599 857 662 Υἱὸς,
898 600 988 651 ἴνα
1014 616 1097 661 τις
1132 598 1297 669 μέσος
1333 598 1555 668 γένηται
1586 600 1749 664 τόπος
1780 619 1888 670 χω-

307 694 415 763 ρῶν
443 693 547 762 τῆς
594 691 780 755 οὐσίας
807 693 906 761 τὴν
955 690 1239 757 ὑπόϐασιν,
1291 690 1481 761 ὥσπερ
1524 692 1619 744 ἐπὶ
1658 693 1760 762 τῆς
1805 692 1883 745 δι-

304 782 605 852 καιοσύνης
657 782 753 835 καὶ
801 781 1016 844 ἀδικίας
1049 781 1286 848 ἐλέγετο.
1325 781 1550 844 Οὐδενὸς
1600 781 1888 851 τοιγαροῦν

303 874 637 944 χωρίζοντος
664 872 830 926 τόπου
869 872 971 941 τῆς
1004 872 1138 942 πρὸς
1169 872 1301 924 Θεὸν
1328 872 1547 943 Πατέρα
1576 873 1891 942 ὁμοιότητος

302 968 396 1019 τὸν
423 967 580 1028 Υἱδν,
614 964 867 1036 περιττὸν
888 964 951 1017 τὸ
971 963 1155 1031 λέγειν
1183 965 1247 1034 τῇ
1282 962 1535 1034 βουλήσει
1575 964 1887 1033 προσεοικέ-

303 1077 389 1111 ναι
416 1058 625 1129 μᾶλλον
650 1057 834 1121 αὑτὸν,
857 1057 951 1109 καὶ
974 1057 1070 1108 οὐκ
1095 1054 1243 1124 αὐτῷ
1266 1054 1344 1124 τῷ
1369 1053 1706 1125 ἑκλάμψαντι
1727 1054 1888 1106 αὑτὸν

301 1148 504 1218 Πατρί.

999 1257 1194 1311 ᾹΛᾹΟ.

368 1368 481 1427 ῒΩν
512 1374 544 1425 6
583 1372 738 1439 λόγος
777 1373 805 1423 ὁ
843 1371 1024 1433 αὐτὸς,
1075 1369 1248 1423 ταῦτα
1292 1370 1509 1433 πάντως
1556 1372 1774 1443 ὁμοειδῆ
1828 1386 1886 1424 τε

300 1462 448 1518 εἶναι
476 1465 574 1517 καὶ
600 1462 851 1532 ἀλλήλοις
894 1461 1105 1514 ὲοικότα
1140 1460 1385 1529 φυσικῶς
1412 1462 1728 1531 ἀναγκαῖον.
1763 1457 1889 1517 Οἷον

300 1558 443 1630 φέρε
488 1557 668 1607 εἰπεῖν
691 1569 703 1579 ·
758 1554 818 1605 Ὀ
849 1552 944 1604 τού
986 1551 1275 1623 ἀνθρώπου
1308 1552 1465 1621 λόγος
1510 1552 1681 1617 οὕτως
1727 1553 1884 1624 ἔχων,

300 1646 447 1709 ζῶον
472 1643 715 1710 λογικὸν,
756 1641 970 1711 θνητὸν,
1003 1640 1093 1693 νοῦ
1129 1642 1221 1694 καὶ
1262 1641 1575 1711 ἐπιστήμης
1605 1642 1883 1695 δεκτικόν’

298 1736 429 1789 καθ’
456 1728 533 1786 ὧν
567 1733 608 1784 δ’
639 1733 705 1785 ἂν
734 1731 973 1801 φέροιτο,
1001 1729 1174 1784 ταῦτα
1200 1733 1299 1800 τῆς
1337 1730 1509 1799 αὐτῆς
1546 1732 1734 1795 οὐσίας
1759 1733 1888 1786 ὅντα

295 1827 565 1881 δεικνύει.
597 1824 707 1878 Καὶ
732 1820 813 1885 οἷς
844 1822 911 1875 ἂν
938 1821 1110 1874 ταῦτα
1155 1821 1580 1893 ὲπαληθεύηται,
1609 1823 1678 1875 τὰ
1707 1824 1762 1874 ὲν
1810 1824 1889 1891 τῷ

297 1922 439 1990 ὅρῳ,
484 1917 651 1986 φημὶ,
679 1913 851 1967 ταῦτα
883 1912 1102 1974 πάντως
1138 1911 1459 1983 ἀνθρώπους
1506 1908 1645 1965 εἶναι
1691 1913 1788 1965 δεῖ.
1828 1915 1887 1965 Εἰ

298 2014 411 2083 γὰρ
461 2008 602 2073 ζῶόν
643 2008 760 2059 ἐστι
790 2004 1028 2072 λογικὸν,
1074 2002 1288 2073 θνητὸν,
1317 2002 1408 2056 νοῦ
1443 2004 1535 2056 καὶ
1578 2005 1889 2074 ἐπιστήμης

296 2101 575 2165 δεκτικὸν,
606 2098 660 2151 τί
686 2097 753 2151 ἂν
782 2097 970 2166 ἕτερον
1003 2095 1088 2165 εἴη
1123 2093 1308 2147 λοιπὸν
1334 2094 1366 2163 ἦ
1392 2093 1678 2163 ἅνθρωπος
1704 2094 1766 2145 τὸ
1794 2110 1889 2163 ση-

302 2194 672 2264 μαινόμενονς
704 2191 768 2243 El
789 2188 968 2242 τοίνυν
988 2187 1048 2240 τὸ
1073 2187 1204 2249 Θεὸς
1233 2185 1402 2254 ὄνομα
1427 2185 1519 2238 καὶ
1546 2184 1767 2255 Κύριος,
1795 2186 1889 2238 καὶ

297 2287 357 2338 τὸ
394 2285 693 2355 ἄφθαρτος,
720 2280 818 2333 καὶ
840 2278 901 2331 τὸ
931 2277 1201 2348 βασιλεὺς,
1238 2274 1334 2328 καὶ
1356 2274 1480 2327 εἴτι
1523 2274 1711 2345 ἕτερον
1751 2274 1887 2344 πρὸς

295 2377 517 2439 τούτοις
556 2374 685 2443 περὶ
712 2370 808 2425 τοῦ
835 2369 1047 2440 Πατρὸς
1071 2367 1308 2435 λέγεται,
1346 2365 1438 2418 καὶ
1473 2364 1646 2418 ταῦτα
1683 2365 1777 2417 καὶ
1802 2365 1886 2433 ἐφ’

299 2470 439 2525 Υἱοῦ
458 2468 734 2538 φερόμενα
752 2460 1168 2533 ἐπαληθεύεται.
1194 2459 1287 2512 καὶ
1309 2458 1368 2510 ού
1389 2456 1548 2527 μέχρι
1583 2455 1760 2525 μόνων
1779 2455 1888 2507 τῶν

297 2562 590 2632 ὀνομάτων
618 2557 717 2628 τὴν
745 2554 1023 2625 εὐφημίαν
1052 2553 1185 2624 ἔχει,
1217 2551 1331 2605 ἀλλ’
1365 2550 1513 2605 ἐστιν
1541 2549 1710 2610 ὅντως
1732 2548 1887 2603 ὀὕτω

299 2654 406 2707 καὶ
438 2651 577 2706 κατὰ
604 2647 788 2717 φύσιν,
816 2649 966 2709 ποῖος
1005 2645 1161 2712 λόγος
1206 2643 1306 2713 τῆς
1353 2642 1488 2713 πρὸς
1533 2641 1625 2694 τὸν
1671 2640 1887 2709 Πατέρα

300 2745 545 2815 φυσικῆς
600 2742 921 2814 ὁμοιότητος
968 2739 1160 2808 χωριεῖ
1207 2735 1301 2788 τὸν
1358 2735 1521 2799 Υίόν;
1587 2734 1722 2788 Ἕνα
1780 2732 1887 2803 γὰρ

302 2841 492 2909 εχουσι
517 2837 617 2907 τῆς
639 2834 829 2895 οὐσίας
858 2831 950 2884 τὸν
988 2831 1131 2900 ὅρον,
1157 2828 1252 2882 καὶ
1279 2829 1458 2882 πάντα
1498 2827 1598 2879 ὅσα
1627 2825 1887 2895 πρόσεστι

300 2930 389 2999 τῷ
437 2924 809 2996 γεγεννηκότι,
853 2923 949 2975 καὶ
992 2920 1085 2975 ἐπὶ
1134 2918 1226 2972 τοῦ
1280 2916 1632 2988 γεννηθέντος
1679 2914 1885 2981 ἐπαλη-

304 3022 544 3076 θεύεται.
580 3020 642 3072 ΕΞ
665 3016 725 3070 δέ
761 3032 846 3077 τις
887 3011 1172 3082 ἀποτολμᾷ
1209 3007 1557 3079 ψευδώνυμον
1586 3006 1717 3059 Θεὸν
1749 3001 1888 3058 εἷναι

1992 512 2080 581 qui
2114 512 2290 580 capiat
2316 514 2567 567 essentia:
2599 513 3051 581 imminutionem,
3082 519 3222 572 sicut
3258 520 3323 573 de
3351 520 3561 591 iustitia

1990 612 2041 655 et
2091 602 2350 666 iniustitia
2391 602 2590 657 dictum
2614 611 2716 657 cst.
2751 604 2883 657 Cum
2930 606 3114 677 itaque
3156 609 3331 665 nullus
3373 616 3565 672 modus

1991 692 2081 753 sit,
2112 691 2201 759 qui
2234 689 2428 743 Filium
2457 705 2485 743 a
2517 691 2867 746 similitudine
2898 691 3075 749 Patris
3104 708 3341 766 separet,
3372 714 3565 771 snper-

1993 796 2285 834 vacaneum
2340 790 2501 850 atque
2554 781 2845 836 absurdum
2910 794 2993 838 est
3051 786 3232 841 dicere
3302 788 3562 846 voluntati

1990 869 2167 923 Patris
2202 869 2374 939 ipsum
2412 871 2590 940 potius
2625 871 2855 926 similem
2890 887 3040 936 esse,
3072 889 3177 929 non
3212 875 3360 931 Patri
3396 879 3495 948 ipsi
3534 896 3564 935 e

1990 975 2096 1029 quo
2126 960 2360 1029 effulget.

2666 1256 2893 1313 ALIUD.

2060 1367 2301 1434 Quorum
2334 1370 2523 1426 eadem
2556 1381 2639 1427 est
2664 1373 2830 1438 ratio,
2862 1374 2976 1429 haec
3006 1376 3295 1430 uniformia
3327 1385 3381 1431 et
3409 1388 3563 1434 natu-

1994 1460 2183 1514 raliter
2208 1461 2407 1516 similia
2445 1463 2587 1517 inter
2615 1477 2674 1518 se
2697 1479 2821 1519 esse
2854 1479 3075 1520 necesse
3101 1476 3205 1521 est.
3236 1465 3306 1521 Ut
3333 1471 3564 1539 exempli

1988 1552 2164 1618 gratia
2199 1568 2215 1606 :
2247 1552 2482 1607 hominis
2512 1554 2653 1608 ratio
2683 1555 2755 1608 ita
2787 1556 3009 1620 habens,
3048 1558 3245 1612 animal
3277 1559 3559 1624 rationale.

1992 1642 2247 1705 mortale,
2290 1642 2594 1699 intellectus
2635 1654 2689 1700 et
2736 1646 2975 1701 scientias
3023 1662 3223 1717 capax,
3259 1665 3449 1705 omnes
3495 1652 3562 1704 ad

1991 1745 2128 1799 quos
2160 1732 2210 1784 id
2243 1732 2497 1796 refertur,
2522 1732 2764 1801 ejusdem
2798 1736 3116 1790 substantiae
3148 1752 3272 1792 esse
3305 1740 3562 1794 ostendit.

1988 1822 2099 1892 66
2132 1821 2196 1875 Ει
2225 1823 2419 1891 quibus
2449 1826 2563 1878 hinc
2593 1825 2832 1879 delinitio
2857 1841 2982 1882 vere
3005 1830 3564 1907 competitthomincs

1990 1928 2112 1966 esse
2154 1929 2377 1968 necesse
2414 1924 2518 1968 est.
2550 1916 2606 1969 Si
2652 1918 2796 1971 enim
2843 1918 3041 1972 animal
3084 1919 3243 1974 fuerit
3281 1922 3563 1989 rationale,

1992 2002 2258 2065 mortale,
2297 2002 2604 2058 intellectus
2649 2015 2701 2058 et
2747 2008 3024 2074 sapientia:
3065 2022 3272 2077 capax,
3305 2011 3564 2078 quidnam

1989 2090 2132 2143 aliud
2167 2107 2327 2158 quam
2364 2094 2526 2147 homo
2559 2095 2926 2164 signiﬁcetur?
2966 2098 3021 2152 Si
3044 2114 3174 2167 ergo
3204 2115 3397 2156 nomen
3436 2103 3559 2167 hoc,

1992 2179 2132 2234 Deus
2156 2191 2211 2235 et
2240 2180 2526 2247 Dominus,
2556 2193 2611 2238 et
2639 2185 2991 2251 immortalis,
3020 2199 3072 2241 et
3107 2204 3199 2243 rex
3219 2228 3235 2253 ,
3264 2199 3318 2244 et
3348 2191 3391 2244 si
3422 2193 3564 2259 quod

1990 2281 2249 2338 prteterea
2280 2273 2425 2327 aliud
2449 2274 2516 2329 de
2545 2273 2706 2331 Patre
2736 2277 2958 2342 dicitur,
2986 2279 3151 2331 etiam
3178 2282 3245 2334 de
3271 2280 3409 2336 Filio
3435 2296 3565 2337 vero

1990 2363 2261 2429 dicuntur,
2317 2380 2491 2434 neque
2539 2367 2845 2422 nominibus
2887 2369 3095 2433 solum,
3142 2372 3236 2424 sed
3288 2374 3465 2442 reipsa
3510 2381 3569 2428 et

1989 2458 2282 2509 secundum
2326 2469 2605 2525 naturam,
2634 2475 2876 2528 quaenam
2918 2462 3055 2515 ratio
3092 2477 3119 2515 ιι
3165 2465 3396 2517 naturali
3439 2479 3563 2519 enm

1991 2544 2149 2601 Patre
2197 2548 2548 2603 similitudine
2596 2550 2791 2605 Filium
2842 2554 3149 2622 separabit?
3196 2554 3368 2610 Unam
3416 2555 3562 2609 enim

1990 2638 2189 2692 habent
2217 2642 2464 2694 essentia:
2494 2640 2891 2708 deﬁnitionem,
2917 2653 2971 2698 et
3008 2645 3188 2698 omnia
3222 2660 3341 2710 quae
3382 2647 3565 2700 insunt

1988 2728 2254 2791 Genitori,
2276 2729 2438 2783 etiam
2457 2732 2523 2784 de
2543 2732 2736 2786 Genito
2762 2748 2885 2788 vere
2912 2735 3185 2788 dicuntur.
3211 2733 3267 2788 Si
3295 2735 3416 2803 quis
3437 2750 3565 2789 vero

1990 2834 2155 2873 ausus
2198 2818 2361 2875 fuerit
2401 2822 2580 2877 dicere
2617 2822 2810 2878 Filium
2854 2824 2994 2879 falso
3038 2827 3307 2880 nominari
3362 2825 3561 2891 Deum,

1992 2925 2162 2978 neque
2195 2912 2423 2981 amplius
2453 2914 2743 2982 quidquam
2781 2916 2981 2970 habere
3015 2931 3178 2985 quam
3215 2931 3310 2971 eos
3341 2918 3431 2987 qui
3468 2932 3563 2986 per

1990 3004 2217 3070 gratiam
2245 3005 2309 3057 ad
2334 3004 2670 3059 divinitatem
2704 3016 2755 3061 et
2781 3006 3091 3061 liliationetn
3122 3010 3295 3063 vocati
3324 3016 3483 3073 sunt,
3511 3010 3563 3063 in

307 3113 492 3180 λέγειν
519 3110 609 3161 τὸν
632 3108 777 3172 Υἱὸν,
817 3105 912 3158 καὶ
943 3101 1109 3155 πλέον
1138 3100 1287 3154 οὐδὲν
1313 3099 1457 3169 ἔχειν
1482 3097 1591 3151 τῶν
1619 3097 1759 3151 κατὰ
1789 3097 1886 3168 χά·

1992 3090 2139 3146 I‘auli
2162 3091 2498 3148 Samosateni
2526 3094 2717 3162 dogma
2743 3094 3043 3165 prolapsus,
3063 3096 3109 3150 is
3137 3098 3328 3151 merito
3350 3111 3380 3151 a
3407 3097 3565 3153 nobis

311 3220 407 3272 ριν
436 3204 513 3263 εἰς
550 3199 774 3268 θεότητα
804 3195 899 3249 καὶ
929 3196 1008 3257 είς
1039 3193 1265 3262 υἱότητα
1293 3192 1665 3263 κεκλημένων,
1715 3191 1794 3255 είς
1830 3191 1889 3243 τὸ

318 3291 535 3345 Παύλου
572 3289 662 3341 τού
697 3284 1055 3358 Σαμοσατέως
1082 3282 1404 3354 ἐμϐεϐηκὼς
1428 3283 1620 3353 δόγμα,
1665 3282 1889 3345 δικαίως

324 3382 619 3435 ἀκούσεται
648 3381 766 3451 παρ’
812 3377 1008 3449 ἡμῶνο
1053 3394 1070 3428 t
1125 3375 1251 3429 Ἐὰν
1284 3375 1358 3447 μὴ
1402 3374 1754 3445 πιστεύσητε,
1781 3374 1888 3426 οὐδ’

315 3476 387 3528 ού
419 3475 498 3545 μὴ
543 3473 746 3541 συνῆτε.
779 3489 797 3521 ι
838 3471 1145 3541 ’Δμήχανον
1180 3467 1287 3539 γὰρ
1311 3469 1436 3530 τοὺς
1477 3467 1553 3539 μὴ
1577 3466 1735 3536 φύσει
1758 3466 1889 3520 Θεὸν

308 3565 587 3634 ὑπάρχειν
628 3564 978 3623 πιστεύοντας
1017 3558 1108 3612 τὸν
1155 3556 1303 3622 Υἱὸν,
1343 3555 1532 3625 νοῆσαι
1571 3556 1673 3627 τὴν
1717 3554 1889 3625 ἐμφέ-

308 3675 467 3729 ρειαν
489 3658 553 3727 ἦν
573 3656 684 3725 ἔχει
704 3653 840 3725 πρὸς
863 3652 954 3705 τὸν
980 3651 1201 3722 Πατέρα
1226 3647 1369 3701 κατὰ
1390 3646 1568 3716 φύσιν.
1593 3646 1891 3717 Τοιγαροῦν

304 3747 509 3811 ἱοικὼς
532 3746 610 3816 τῷ
632 3744 829 3815 Πατρὶ,
862 3744 964 3796 ούκ
995 3741 1341 3811 ἑνυπάρκτου
1371 3737 1677 3809 βουλήσεως
1706 3738 1890 3789 εἰκόνα

305 3841 487 3910 φορεῖ,
521 3839 780 3907 ὑπάρχων
818 3834 926 3906 πρὸ
954 3833 1061 3885 τῶν
1096 3831 1306 3885 αἰώνων
1339 3830 1485 3891 Υἱός.

822 3956 1185 4044 ΛΟΓΟΣ
1256 3952 1377 4041 Θ.

310 4118 442 4171 Ὀτι
473 4117 794 4186 ὁμοούσιος
833 4112 913 4178 τῷ
960 4110 1142 4186 Πατρί
1180 4111 1212 4161 ό
1246 4108 1407 4186 Δὶςὶὸς,
1440 4104 1891 4186 πᾳραςψέιιοεων

380 4188 480 4239 καὶ
510 4176 746 4255 ’ῥητῶνν
769 4176 923 4247 ⁷τοῦ,
964 4202 999 4255 ιΔ
1030 4176 1092 4235 Τί
1113 4196 1195 4255 με
1223 4179 1420 4255 ,βέῖῖεις
1466 4176 1728 4255 ἀταθδνζε
1776 4177 1889 4253 0'2"

380 4197 480 4239 ml
525 4197 746 4255 ῥητων,
792 4202 923 4247 του,
964 4202 982 4234 ι
1030 4197 1088 4235 I't
1109 4197 1195 4303 {te
1223 4197 1420 4245 .wretc
1466 4197 1728 4245 araoor;
1776 4197 1888 4253 υλιί-

379 4258 508 4320 δεὶς
538 4255 781 4325 ἀγαθὸς,
827 4257 879 4308 εὶ
914 4252 1016 4325 μὴ
1045 4268 1187 4325 Aeg;
1211 4251 1244 4302 ό
1273 4248 1459 4325 βεὸς,
1522 4265 1540 4296 ι
1603 4245 1710 4325 καὶ
1761 4260 1888 4325 του,

387 4346 405 4377 ο
451 4313 778 4396 [laps-uomit
816 4313 968 4391 πρὸξ·
996 4313 1103 4375 τόν
1128 4313 1361 4396 ’Πατέρα
1386 4334 1503 4396 μου
1524 4314 1632 4395 faui
1659 4313 1892 4396 Πατέρα

378 4382 583 4465 ὐμὼιῖ,
650 4382 799 4465 deor
854 4382 985 4465 ’μου
1046 4390 1144 4465 καὶ
1430 4384 1701 4465 ὑμῶν...»
1776 4382 1889 4465 Kal

379 4448 631 4536 όὶλὸίωξη,
666 4448 689 4515 ι
739 4464 802 4516 '0
834 4448 1035 4530 ιὶατήρ
1066 4464 1098 4515 ό
1130 4457 1372 4527 πέμψας
1404 4448 1480 4524 ,ιιὲ
1518 4453 1731 4523 μείζων
1768 4453 1887 4521 μού
1920 4448 1963 4503 D

379 4540 567 4590 ἐστιν.
611 4555 629 4586 ι

383 4649 445 4704 Εἰ
467 4650 675 4721 ἤρξατο
713 4647 808 4700 τοῦ
839 4645 1033 4715 γεννᾷν
1064 4642 1155 4697 τὸν
1196 4642 1322 4696 Υίὸν
1350 4643 1378 4694 6
1404 4638 1614 4710 Πατὴρ,
1642 4638 1737 4691 καὶ
1758 4654 1888 4692 κατ-

314 4744 542 4805 ἔπαυσε,
596 4739 854 4810 καθάπερ
898 4739 946 4791 οἱ
976 4734 1345 4807 Χριστομάχοι
1394 4732 1546 4802 φασὶ,
1578 4732 1635 4783 ἐν
1678 4728 1888 4799 ὑστέρῳ

312 4824 485 4909 χρόνῳ
516 4833 879 4907 προσγέγονεν
912 4829 1077 4900 αὑτῷο
1108 4824 1216 4882 Ἦν
1248 4822 1341 4881 οὖν
1382 4826 1489 4896 ἄρα
1536 4824 1664 4889 πρὶν
1693 4838 1887 4891 “wn”

316 4931 492 5001 θῆναι,
524 4929 643 4982 κατ’
672 4925 916 4988 ἐκείνους
963 4926 1020 4977 ὲν
1064 4919 1252 4992 μονάδι
1277 4920 1336 4972 τὸ
1375 4918 1527 4971 Θεῖον
1552 4932 1564 4944 ·
1611 4916 1799 4983 γέγονε
1832 4912 1890 4964 δὲ

316 5023 537 5093 ὓστερον
563 5024 621 5075 ὲν
646 5019 797 5074 δυάδι
821 5016 1168 5087 γεννηθέντος
1191 5011 1283 5066 τοῦ
1309 5008 1460 5073 Υίοῦ,
1483 5009 1576 5062 καὶ
1600 5007 1787 5075 ὥσπερ
1809 5019 1891 5068 τις

316 5114 600 5185 προσθήκη
643 5118 737 5166 καὶ
769 5109 996 5178 αύξησις
1026 5107 1275 5175 θεότητος
1315 5102 1374 5167 ἐξ
1405 5101 1636 5173 ἀρχαίας
1666 5098 1892 5168 μονάδος

317 5210 393 5272 είς
425 5210 523 5279 τὴν
570 5206 709 5277 μετὰ
758 5203 931 5257 ταῦτα
964 5199 1149 5254 δυάδα.
1194 5192 1518 5264 Ἀποκαμὼν
1552 5191 1608 5244 δὲ
1642 5192 1670 5244 6
1704 5187 1892 5258 Πατὴρ

315 5299 502 5367 ὥσπερ
526 5302 584 5353 ἑν
610 5297 687 5368 τῷ
707 5291 850 5350 εἶναι
877 5293 1058 5366 μόνος,
1082 5289 1342 5360 ἐπενόησε
1368 5285 1459 5339 τὸν
1484 5283 1614 5337 Υίὸν
1640 5279 1891 5336 κοινωνὸν

313 5393 412 5458 τῆς
436 5389 692 5461 θεότητος
715 5388 812 5442 καὶ
838 5385 949 5439 τῶν
973 5385 1171 5456 ἔργων.
1195 5381 1307 5436 Καὶ
1336 5376 1506 5432 πολλὰ
1529 5374 1665 5446 πρὸς
1684 5372 1892 5433 τούτοις

314 5480 577 5553 δύσφημα
610 5497 669 5533 τε
727 5480 824 5533 καὶ
879 5475 1077 5546 πολλῆς
1127 5473 1369 5544 γέμοντα
1405 5470 1502 5539 τῆς
1550 5464 1779 5525 ἀτοπίας
1829 5463 1892 5514 ὲκ

316 5572 409 5627 τοῦ
449 5574 665 5644 φρονεῖν
708 5570 854 5624 οὓτω
884 5565 1348 5640 παρενεχθήσεται
1372 5579 1384 5592 ·
1416 5561 1449 5614 ἃ
1491 5560 1582 5612 καὶ
1621 5555 1891 5623 τοσαύτην

1992 3184 2173 3237 audiet
2206 3202 2219 3237 :
2256 3201 2274 3234 ι
2312 3182 2423 3239 Nisi
2455 3185 2826 3251 credideritis,
2860 3200 2964 3239 non
3001 3187 3330 3257 intelligetis.
3368 3206 3385 3239 ι
3419 3188 3560 3244 Fieri

1989 3276 2132 3329 enim
2171 3291 2275 3330 non
2327 3286 2504 3345 potest
2545 3286 2601 3328 ut
2632 3277 2721 3346 qui
2760 3276 2957 3332 Filium
2997 3290 3185 3334 natura
3237 3280 3400 3335 Deum
3444 3297 3566 3336 esse

1992 3378 2096 3417 non
2128 3366 2376 3431 credunt,
2400 3366 2703 3436 intelligant
2732 3369 3033 3423 naturalem
3065 3385 3225 3435 quam
3256 3386 3378 3425 cum
3403 3368 3566 3425 Patre

1992 3455 2153 3510 habet
2175 3457 2602 3515 similitudinem.
2628 3459 2832 3515 Similis
2857 3461 3037 3531 itaque
3057 3460 3227 3526 Patri,
3252 3476 3357 3516 non
3381 3470 3564 3515 autem

1991 3546 2295 3600 voluntatis
2314 3563 2410 3616 per
2436 3565 2495 3605 se
2528 3551 2842 3606 cxsistentis
2882 3555 3169 3622 imaginem
3206 3560 3413 3622 gestat,
3440 3564 3567 3608 ante

1991 3636 2169 3689 omnia
2202 3638 2393 3691 saecula
2426 3642 2696 3695 exsistens
2724 3642 2911 3697 Filius.

2368 3944 2943 4035 ASSEllTlO
3016 3948 3187 4034 1X.

1993 4091 2146 4156 Quod
2168 4092 2629 4146 consubstantialis
2652 4091 2804 4146 Patri
2827 4094 2895 4147 sit
2921 4089 3118 4156 Filius,
3135 4094 3385 4158 appositis
3409 4097 3564 4149 etiam

2063 4166 2215 4217 dictis
2248 4178 2265 4215 :
2302 4182 2319 4214 ι
2360 4162 2499 4227 Quid
2531 4179 2610 4216 me
2635 4165 2768 4216 dicis
2799 4163 3029 4216 bonum?
3060 4163 3225 4215 Nemo
3252 4164 3436 4225 bonus.
3465 4168 3564 4219 nisi

2064 4250 2197 4286 unus
2253 4232 2390 4286 Deus
2412 4233 2456 4263 ’δ
2478 4237 2515 4298 ‘,
2541 4251 2560 4283 ›
2600 4243 2684 4293 et,
2717 4250 2736 4283 ι
2771 4231 2915 4286 Vado
2961 4233 3030 4284 ad
3070 4229 3278 4283 Putrem
3314 4249 3484 4287 meum
3517 4247 3564 4287 et

2068 4301 2274 4355 Patrem
2294 4311 2537 4363 vestrum,
2559 4300 2727 4354 Deum
2743 4318 2912 4355 meum
2934 4310 2983 4354 et
3004 4300 3172 4355 Deum
3197 4312 3416 4356 vestrum
3433 4303 3514 4355 “.-
3543 4324 3561 4354 ι

2062 4370 2302 4471 similiter
2340 4386 2574 4440 quoque,
2608 4389 2625 4420 ι
2668 4368 2832 4424 Pater
2852 4372 2939 4440 qui
2970 4373 3108 4424 misit
3155 4387 3264 4435 me,
3294 4375 3465 4442 major
3489 4391 3568 4427 me

2062 4452 2135 4495 est
2153 4452 2219 4494 ".
2251 4460 2270 4493 ι

2069 4637 2125 4691 Si
2148 4637 2304 4693 Pater
2316 4636 2783 4706 aliquandofctepit
2799 4650 3063 4706 generare
3076 4636 3292 4703 Filium,
3309 4645 3360 4691 et
3380 4647 3565 4706 postea

1999 4728 2250 4790 cessavit,
2296 4726 2748 4796 quemadmodum
2802 4727 2983 4782 hostes
3024 4725 3245 4791 Christi
3274 4736 3565 4790 asserunt,

1999 4819 2262 4887 posterior
2293 4827 2532 4886 tempore
2554 4817 2699 4872 Patri
2738 4818 2986 4874 accessit.
3014 4818 3143 4873 Erat
3180 4818 3379 4886 itaque,
3409 4826 3566 4872 antea

1996 4924 2154 4979 quam
2197 4911 2350 4964 lieret
2388 4908 2585 4974 Filius,
2616 4920 2675 4964 ut
2713 4910 2788 4964 illi
2834 4908 3047 4975 volunt,
3080 4909 3233 4962 unica
3272 4907 3324 4963 in
3370 4908 3570 4964 deitate

1996 5016 2254 5071 persona;
2284 5010 2466 5070 postea
2492 5016 2619 5055 vero
2642 5002 2777 5064 dum,
2803 4999 2943 5055 laeto
2965 5000 3129 5067 Filio;
3152 5009 3313 5069 atque
3334 5000 3404 5055 ita
3423 4999 3571 5059 addi-

2000 5104 2294 5147 tamentum
2321 5093 2534 5164 aliquod
2564 5094 2678 5149 sive
2705 5094 3092 5148 incrementum
3117 5092 3336 5148 deitatis
3361 5091 3564 5147 factum

2001 5196 2165 5241 estex
2188 5185 2353 5239 veteri
2380 5187 2584 5240 imitate
2607 5186 2657 5238 in
2682 5185 3034 5253 posteriorem
3057 5184 3389 5239 dualitatem.
3410 5183 3571 5239 Cum-

2001 5291 2107 5345 que
2141 5274 2538 5343 quodammodo
2581 5275 2803 5330 taederet
2840 5274 3054 5330 Patrem
3088 5275 3198 5346 67
3233 5276 3570 5339 solitudinis,

2002 5369 2342 5422 machinatus
2389 5376 2472 5422 est
2510 5366 2737 5433 Filium,
2771 5366 2860 5437 qui
2912 5368 3212 5423 divinitatis
3256 5384 3367 5423 sua:
3412 5379 3573 5437 atque

1999 5473 2220 5529 operum
2243 5459 2423 5514 socius
2442 5470 2606 5515 esset.
2632 5458 2910 5529 Multaque
2931 5461 3234 5531 huiusmodi
3260 5459 3572 5527 blasphema

2002 5564 2318 5618 summaque
2384 5551 2716 5609 absurditate
2777 5551 2973 5608 referta
3036 5567 3097 5605 ex
3166 5552 3269 5605 hac
3326 5548 3574 5615 opinione

391 5731 459 5763 “‘
490 5729 656 5786 Marc.
690 5727 851 5797 1,18.
930 5726 974 5758 "
1004 5723 1157 5781 Joan.
1197 5737 1288 5783 xx,
1327 5718 1411 5772 l7.
1488 5717 1532 5749 ⁸⁸
1572 5714 1724 5769 Joan.
1770 5725 1875 5775 xiv,
1905 5708 1993 5761 28.
