4110 6212
419 322 517 377 HI

1451 310 1508 359 δ.
1550 305 1825 358 CIHIMJ
1867 296 2332 353 ALEXANDIUM
2365 292 2688 349 ΑιιειιιΕΡ.

3576 292 3676 345 ll?

421 440 760 499 accumulant
790 456 803 493 :
839 449 959 505 qua!
988 433 1123 489 adeo
1152 439 1394 487 atrocem
1424 425 1818 495 blasphemiam
1855 422 1907 475 in
1945 434 1999 474 se

2106 417 2220 488 ἔχει
2258 415 2355 488 τήν
2388 415 2721 487 δυσφημίαν,
2757 414 2831 478 ὡς
2870 413 3031 467 παντί
3060 428 3136 483 τῳ
3165 409 3417 480 γενέσθαι
3446 413 3676 480 φευκτά.

416 535 726 598 continent,
759 539 819 585 ut
867 529 1065 583 merito
1104 524 1355 581 omnibus
1398 517 1726 576 exsecranda
1771 516 1900 569 sint.
1936 512 1992 567 Si

418 642 549 701 ergo
575 639 694 681 eam
724 637 846 694 quae
877 622 931 675 in
965 620 1123 675 dictis
1158 630 1342 672 eorum
1377 621 1459 665 est
1491 606 1874 663 absurditatem
1902 605 1996 660 de-

428 699 613 777 testari
649 712 940 776 convenit,
978 720 1315 777 consequens
1356 711 1440 758 est
1471 709 1528 755 ut
1559 699 1843 755 credamus
1886 711 1993 750 non

422 808 661 863 additum
696 817 821 859 esse
854 800 1050 856 Filium
1081 794 1256 856 Patri,
1288 791 1381 845 sed
1420 801 1634 858 semper
1666 794 1996 841 coaaternnm

420 916 488 956 ex
517 899 631 969 ipso
654 895 839 951 fuisse.
859 891 927 945 Et
946 884 1420 959 quemadmodum,
1441 881 1485 936 si
1515 879 1727 934 additus
1750 876 1870 941 fuit,
1892 888 1995 928 non

422 968 543 1047 erat
573 978 1055 1043 consubstantialis
1088 995 1101 1031 :
1143 975 1218 1029 ita
1251 974 1414 1028 etiam
1436 1012 1452 1036 ,
1487 985 1608 1025 cum
1645 968 1858 1022 additus
1891 979 1996 1019 non

423 1080 605 1144 fuerit,
632 1076 726 1132 sed
755 1083 970 1138 semper
997 1082 1118 1123 cum
1145 1067 1262 1138 ipso
1280 1060 1809 1127 exstilerit,omniuo
1836 1057 1998 1113 etiam

422 1160 900 1226 consubstantialis
930 1159 980 1214 ei
1013 1167 1118 1213 est.

1092 1267 1323 1324 ALIUD.

487 1384 729 1443 Tametsi
761 1383 943 1453 aliquo
976 1376 1133 1435 modo
1165 1377 1380 1433 dilferat
1409 1373 1581 1429 Filius
1613 1387 1642 1425 a
1670 1356 1775 1425 suo
1805 1369 1998 1432 Patre,

417 1494 477 1534 ea
511 1477 765 1533 nimirum
797 1475 1009 1528 ratione
1033 1485 1138 1539 qua
1167 1469 1329 1522 Pater
1353 1464 1678 1536 principium
1706 1469 1812 1524 est,
1831 1458 2003 1513 Filius

418 1578 598 1625 autem
628 1583 693 1622 ex
726 1564 1014 1636 principio,
1038 1576 1144 1616 non
1176 1569 1356 1614 tamen
1385 1557 1589 1611 idcirco
1614 1555 1756 1608 idem
1788 1566 1910 1607 cum
1935 1564 2003 1605 eo

418 1670 471 1717 et
502 1652 997 1714 consubstantialis
1030 1664 1153 1704 esse
1185 1649 1416 1702 desinet.
1450 1644 1634 1712 Neque
1667 1641 1809 1695 enim
1840 1639 2002 1708 quid-

2097 509 2163 561 Εἰ
2191 508 2371 562 τοίνυν
2408 507 2509 579 τήν
2541 507 2599 560 ὲν
2639 508 2752 569 τοῖς
2783 504 3093 576 εἰρημένοις
3135 502 3363 557 ἀτοπίαν
3394 503 3679 571 παραιτεῖ-

2098 600 2223 653 σθαι
2238 598 2420 664 καλὸν,
2443 599 2723 651 πιστεύειν
2744 595 3037 650 ἀκόλουθον
3061 597 3136 658 ὡς
3171 595 3233 649 οὐ
3274 593 3637 666 προσγέγονεν
3654 596 3683 646 6

2098 691 2227 755 Υἱὸς
2253 690 2331 761 τῷ
2356 690 2553 759 Πατρὶ,
2586 689 2702 743 ἀλλ’
2733 684 2801 760 ἦν
2829 689 2916 743 ἀεὶ
2953 688 3218 749 συναῖδιος
3248 685 3308 751 ὲξ
3351 685 3537 739 αὐτοῦ.
3572 686 3685 739 Καὶ

2098 782 2308 854 ὥσπερ,
2348 782 2397 835 εί
2423 780 2805 852 προσγεγονὼς
2838 780 3109 850 ἐφαίνετο,
3154 780 3255 832 οὐκ
3283 778 3350 832 ἂν
3379 773 3447 849 ἧν
3485 777 3683 847 ὀρ.οού-

2100 893 2232 939 σιος,
2279 875 2471 938 οὓτως,
2518 874 2642 927 ἐπεὶ
2689 872 2767 944 μή
2792 872 2949 925 τοῦτό
2977 874 3148 937 ἐστιν,
3188 870 3308 925 ἀλλ’
3342 866 3414 940 ἦν
3451 869 3540 922 ἀεὶ
3584 869 3683 922 σὺν

2100 968 2271 1039 αὐτῷ,
2303 966 2525 1029 πάντως
2557 964 2712 1020 ἔσται
2752 963 2847 1019 καὶ
2878 963 3183 1035 ὁμοούσιος.

2787 1248 2993 1303 AAAO.

2172 1366 2290 1417 Καν
2314 1380 2410 1434 sm
2437 1363 2558 1416 τινὰ
2578 1362 2841 1433 διαφορὰν
2866 1363 2893 1415 6
2926 1362 3054 1423 Υἱὸς
3082 1360 3159 1423 (ut;
3191 1359 3324 1430 πρὸς
3353 1359 3443 1414 τὸν
3487 1360 3683 1413 ἑαυτοῦ

2102 1454 2343 1525 Πατέρα,
2372 1453 2494 1507 καθ’
2519 1454 2586 1524 ἢν
2615 1456 2643 1506 6
2671 1453 2769 1523 μὲν
2808 1452 2998 1522 Πατὴρ
3027 1452 3168 1522 ἀρχή
3195 1453 3363 1517 ἐστιν,
3395 1454 3422 1504 ὁ
3448 1452 3506 1504 δὲ
3549 1452 3681 1514 Υἱὸς

2101 1550 2165 1599 ὲκ
2188 1547 2286 1618 τῆς
2316 1546 2509 1617 ἀρχῆς,
2545 1544 2658 1597 ἀλλ’
2692 1545 2752 1597 οὐ
2796 1544 2882 1596 διὰ
2907 1542 3064 1595 τοῦτο
3094 1544 3190 1612 τῆς
3218 1543 3543 1614 ταυτότητος
3583 1543 3680 1597 καὶ

2102 1638 2201 1707 τῆς
2242 1638 2380 1707 πρὸς
2411 1636 2574 1689 αὐτὸν
2606 1635 3026 1705 ὁμοουσιότητος
3053 1632 3441 1702 ὲξωσθήσεται.
3474 1634 3545 1688 Οὐ
3574 1634 3684 1705 γὰρ

418 1762 580 1818 quam
613 1745 778 1799 fuerit
804 1749 1133 1796 coasternum
1164 1736 1350 1803 Patri,
1374 1733 1515 1803 quod
1546 1747 1613 1787 ex
1640 1732 1756 1801 ipso
1784 1739 1999 1783 natura-

2104 1729 2256 1781 ἔσται
2293 1745 2346 1781 τι
2386 1727 2657 1780 συναῖδιον
2683 1725 2763 1795 τῷ
2797 1726 2999 1795 Πατρὶ,
3040 1726 3116 1795 μὴ
3146 1724 3204 1776 ὃν
3238 1723 3297 1788 ἐξ
3326 1724 3492 1778 αὑτοῦ
3526 1742 3687 1793 φυσι-

352 1838 357 1843 ’
421 1841 541 1895 liter
569 1852 673 1892 non
705 1834 901 1897 fuerit;
930 1844 1000 1885 ne
1029 1830 1192 1883 etiam
1223 1824 1489 1881 creaturis
1517 1824 1619 1878 hoc
1650 1822 1829 1876 inesse
1852 1818 2000 1873 dica-

424 1948 574 1997 mus,
606 1930 748 1999 quod
779 1916 878 1982 soli
910 1924 1106 1979 divina:
1137 1930 1342 1975 natura:
1374 1919 1534 1972 inest.
1561 1915 1829 1982 Quocirca
1860 1920 2002 1965 tam-

421 2024 522 2081 etsi
546 2021 713 2078 Filius
733 2018 950 2072 Patrem
972 2029 1127 2069 suum
1155 2011 1477 2081 principium
1502 2009 1720 2072 habeat,
1734 2020 1800 2060 ea
1820 2013 1999 2057 tamen

424 2115 629 2169 ratione
662 2122 785 2181 “qua
839 2122 907 2163 ex
960 2104 1226 2174 principio
1279 2112 1391 2167 cst,
1441 2111 1658 2167 unaque
1706 2110 1831 2151 cum
1885 2095 2002 2163 ipso

422 2204 662 2267 exsistit,
689 2196 972 2254 dissimilis
1003 2194 1053 2249 ei
1088 2192 1383 2247 secundum
1415 2187 1706 2243 essentiam
1740 2199 1861 2239 esse
1895 2196 2001 2237 non

422 2300 617 2363 potest.
643 2289 919 2359 Siquidem
945 2285 1069 2355 quia
1098 2296 1163 2337 ex
1187 2280 1457 2353 principio
1479 2288 1583 2342 est,
1607 2277 1811 2332 idcirco
1834 2275 1999 2330 etiam

421 2378 901 2439 consubstantialis
927 2374 1197 2447 principio
1224 2383 1330 2428 est.
1357 2371 1414 2425 ld
1443 2384 1572 2425 vero
1597 2369 1741 2437 quod
1770 2366 2003 2422 consub-

422 2472 676 2529 stantiale
704 2470 855 2525 Patri
897 2477 1003 2532 est,
1048 2465 1339 2521 ascititium
1383 2477 1491 2517 non
1544 2472 1651 2526 est,
1693 2473 1762 2515 ne
1805 2468 1861 2513 et
1892 2458 2004 2527 ipse

426 2564 689 2636 ejusmodi
718 2576 842 2618 esse
870 2559 1196 2630 reperiatur.

1104 2647 1258 2702 ALIU
1269 2656 1328 2701 υ.

867 2764 948 2817 E2
977 2760 1262 2831 objections
1290 2756 1561 2810 Eunomu.

494 2884 619 2941 Non
638 2879 855 2949 recipit,
878 2858 1073 2946 inquit,
1098 2870 1500 2942 generationem
1526 2866 1706 2922 Patris
1732 2863 2001 2930 essentia;

428 2978 644 3048 genitus
688 2983 869 3029 autem
918 2976 1003 3023 est
1040 2966 1229 3020 Filius.
1262 2962 1377 3029 Quo
1423 2969 1582 3030 pacto
1620 2960 1783 3030 igitur
1825 2959 1873 3013 is
1912 2959 2002 3027 qui

429 3070 641 3142 genitus
668 3074 751 3122 est
771 3063 877 3120 erit
906 3054 1388 3116 consubstantialis
1411 3051 1581 3120 Patri,
1605 3052 1694 3121 qui
1725 3065 1832 3105 non
1863 3050 2005 3106 reei-

422 3163 502 3233 pit
524 3158 925 3230 generationem
944 3151 972 3205 ’ί

933 3260 1143 3318 Salutio
1176 3256 1500 3328 objectionis.

494 3383 687 3437 Dicant
711 3377 897 3440 nobis,
926 3375 1187 3436 obsecro,
1216 3369 1309 3440 qui
1341 3365 1649 3438 huiusmodi
1681 3364 1845 3420 stulte
1879 3376 2005 3429 ρξοι

425 3477 639 3533 ferunt:
670 3471 727 3526 Si
760 3484 856 3540 per
879 3465 1279 3538 generationem
1303 3461 1508 3515 tollitur
1534 3454 2006 3513 consubstantiali-

2102 1820 2247 1883 κῶς·
2280 1819 2370 1872 ἵνα
2411 1818 2486 1888 μὴ
2519 1819 2615 1871 καὶ
2651 1820 2765 1881 τοῖς
2797 1817 3062 1885 κτίσμασι
3095 1815 3252 1869 τοῦτο
3285 1819 3566 1886 προσεῖναι
3595 1818 3686 1870 λέ-

2101 1927 2313 1981 γωμεν,
2343 1910 2372 1962 ὃ
2404 1909 2541 1980 μόνῃ
2570 1909 2831 1979 πρόσεστι
2854 1909 2921 1977 τῇ
2960 1906 3079 1977 θείᾳ
3119 1907 3299 1975 φύσει.
3337 1907 3545 1961 Οὐκοῦν
3578 1907 3686 1962 κᾶν

2100 2001 2276 2072 ἀρχὴν
2313 2003 2342 2052 6
2384 2001 2510 2065 Υἱὸς
2543 2000 2642 2072 ἔχῃ
2670 1999 2762 2052 τὸν
2791 1998 2983 2052 ἑαυτοῦ
3028 1999 3267 2067 Πατέρα,
3298 2000 3434 2053 ἀλλὰ
3457 2001 3591 2054 καθὸ
3619 2002 3687 2054 ἐκ

2102 2094 2203 2163 τῆς
2244 2092 2419 2161 ἀρχῆς
2460 2093 2598 2154 ἐστι,
2638 2089 2932 2162 σύνδρομον
2961 2091 3099 2160 αὐτῇ
3130 2090 3189 2143 τὸ
3216 2086 3358 2144 εἶναι
3385 2090 3545 2160 ἔχων.
3589 2094 3684 2145 ἁν-

2102 2181 2286 2252 όμοιος
2313 2182 2414 2234 οὐκ
2438 2180 2591 2234 ἔσται
2620 2178 2759 2233 κατὰ
2788 2178 2885 2249 τὴν
2912 2179 3101 2232 οὐσίαν
3133 2181 3290 2251 αὐτῇ.
3329 2181 3547 2251 Ἐπειδὴ
3573 2183 3689 2251 γὰρ

2103 2273 2167 2324 ἐκ
2198 2271 2299 2339 τῆς
2327 2271 2502 2342 ἀρχῆς
2525 2272 2659 2335 ἐστι,
2688 2270 2775 2323 διὰ
2797 2266 2955 2322 τοῦτο
2983 2270 3077 2324 καὶ
3107 2271 3394 2342 ὀμοούσιος
3424 2276 3491 2345 τῇ
3515 2274 3681 2345 ἀρχῇ.

2103 2362 2177 2415 Τὸ
2205 2362 2262 2415 δὲ
2296 2361 2581 2432 ὁμοούσιον
2612 2361 2690 2431 τῷ
2719 2362 2911 2433 Πατρὶ,
2948 2363 3269 2433 ἐπιγενητὺν
3297 2365 3397 2418 οὐκ
3430 2365 3574 2430 ἔστι,
3594 2366 3685 2420 ἴνα

2107 2454 2183 2525 μὴ
2211 2454 2368 2507 τοῦτο
2399 2452 2477 2507 ὣν
2512 2453 2835 2525 εὑρίσκηται
2870 2454 2963 2508 καὶ
2991 2455 3174 2519 αὑτός.

2789 2628 2995 2686 ΑΛΛθ.

2353 2742 2442 2809 Ὡς
2471 2743 2540 2808 ἐξ
2572 2742 2930 2810 ἀντιθέσεως
2964 2744 3085 2799 τῶν
3112 2747 3435 2815 Εὐνομίαν.

2174 2857 2287 2911 Οὐκ
2340 2855 2670 2926 ἐπιδέχεται,
2730 2856 2884 2925 φησὶ,
2924 2858 3180 2926 γέννησιν
3236 2858 3270 2927 ἡ
3322 2856 3417 2910 τοῦ
3470 2857 3685 2929 Πατρὸς

2103 2950 2260 3003 οὐσία
2280 2966 2294 2977 ·
2326 2946 2593 3016 ἐγεννήθη
2622 2946 2679 2999 δὲ
2717 2949 2745 3000 6
2774 2947 2922 3010 Υἱός.
2954 2948 3078 3011 Πῶς
3108 2944 3201 3003 οὖν
3233 2949 3261 3000 6
3289 2950 3684 3019 γεγεννημένος

2103 3039 2387 3110 ὁμοούσιος
2420 3037 2573 3090 ἐσται
2604 3037 2682 3108 τῷ
2712 3038 2907 3111 Πατρὶ,
2937 3039 3016 3110 τῷ
3046 3039 3122 3112 μὴ
3149 3041 3518 3114 ὲπιδεχομένῳ
3557 3043 3682 3112 γέν-

2107 3150 2259 3205 νησιν
2278 3150 2295 3198 ;

2592 3246 2747 3314 Πρὸς
2776 3247 2952 3301 τοῦτο
2978 3249 3187 3316 λύσις.

2173 3362 2493 3431 Λεγέτωσαν
2520 3362 2653 3432 ἡμῖν
2685 3362 2735 3413 οἱ
2767 3362 2837 3412 τὰ
2869 3360 3096 3413 τοιαῦτα
3132 3362 3504 3432 προτεὲνοντες
3532 3362 3681 3433 ἁμα-

2104 3453 2234 3519 θῶς,
2268 3454 2329 3508 Εἰ
2360 3453 2448 3507 διὰ
2481 3454 2579 3524 τῆς
2610 3454 2919 3525 γεννήσεως
2952 3454 3260 3527 ἀναιρεῖται
3282 3454 3341 3507 τὸ
3376 3454 3687 3524 ὀμοούσιον,

425 3579 536 3630 tas,
575 3578 674 3636 per
712 3575 872 3632 quam
927 3572 1041 3613 rem
1093 3550 1535 3609 conservabitur?
1578 3549 1646 3603 Et
1677 3563 1927 3611 rursum,
1958 3547 1999 3602 si

2104 3545 2192 3601 διὰ
2217 3546 2370 3600 ποίου
2407 3546 2711 3617 σωθήσεται
2757 3545 3119 3616 πράγματοςς
3148 3542 3280 3599 Καὶ.
3309 3547 3492 3613 πάλιν,
3522 3549 3571 3601 εί
3605 3548 3689 3620 τῷ

424 3658 665 3730 genitum
693 3669 799 3709 non
833 3660 917 3707 est
947 3645 1411 3704 consubstantiale
1447 3641 1717 3714 genitori,
1745 3641 1999 3710 quidnam

2104 3639 2460 3711 γεγεννηκότι
2487 3639 2548 3693 τὸ
2580 3638 2841 3709 γεννηθὲν
2876 3638 2974 3709 οὐχ
3002 3638 3307 3708 ὁμοούσιον,
3344 3644 3498 3695 ποῖον
3529 3642 3684 3697 ἔσται

426 3729 532 3805 erit
557 3741 1054 3803 consubstantiale?
1079 3740 1239 3795 Certe
1267 3737 1319 3791 id
1346 3735 1489 3805 quod
1518 3734 1758 3804 genitum
1789 3747 1894 3786 non
1922 3739 1999 3784 est

2102 3731 2163 3786 τὸ
2203 3731 2522 3802 ὁμοούσιον;
2570 3732 2713 3801 Ἀρα
2762 3730 2823 3783 τὸ
2872 3729 2947 3801 μή
2991 3730 3249 3800 γεννηθὲν
3280 3730 3374 3785 καὶ
3404 3732 3683 3804 ἀλλότριον

426 3850 482 3895 et
507 3838 738 3893 alienum
765 3840 851 3890 est
872 3832 939 3887 ab
965 3827 1225 3891 essentia,
1250 3834 1342 3879 aut
1374 3825 1427 3879 id
1452 3822 1594 3893 quod
1623 3830 1894 3890 sumptum
1922 3828 1999 3873 est

2101 3829 2202 3897 τῆς
2225 3825 2487 3894 οὐσίας,ἥ
2522 3824 2581 3877 τὸ
2603 3824 2712 3877 ἀπό
2736 3840 2884 3887 τινος
2909 3822 3114 3895 ληφθὲν
3149 3823 3257 3878 τῶν
3279 3825 3378 3878 ὅσα
3408 3826 3523 3879 ἐστὶ
3555 3827 3678 3895 περὶ

427 3930 496 3987 ab
534 3929 715 3998 aliquo
759 3937 946 3979 eorum
989 3934 1112 3991 quae
1148 3918 1293 3990 circa
1332 3913 1597 3971 essentias
1634 3921 1761 3966 sunt
1799 3928 1814 3965 :
1854 3908 1999 3976 atqui

2101 3919 2197 3982 τὰς
2233 3918 2420 3980 οὐσίας
2439 3933 2453 3947 ’
2485 3915 2621 3969 ἀλλὰ
2650 3915 2807 3969 τοῦτο
2850 3914 3130 3969 ἀδύνατον.
3180 3916 3355 3984 Ἐρεῖς
3391 3911 3484 3970 οὖν
3512 3918 3593 3971 ὅτι
3620 3916 3684 3969 τὸ

430 4026 531 4077 hoc
559 4014 890 4089 impossibile
915 4022 1016 4067 eSt.
1047 4010 1205 4063 Dices
1234 4007 1397 4076 igitur
1427 4002 1727 4071 ingenitum
1760 3999 1999 4066 ingenito

2102 4008 2394 4079 ἀγέννητον
2440 4006 2520 4077 τῷ
2571 4007 2854 4077 ἁγεννήτῳ
2903 4006 3121 4069 πάντως
3169 4006 3474 4076 ὁμοοΰσιον,
3516 4007 3578 4060 τδ
3622 4007 3681 4060 δὲ

427 4113 590 4183 plane
620 4086 1083 4163 consubstantiale
1112 4112 1260 4160 esse,
1292 4092 1585 4163 ingenitum
1618 4097 1795 4142 autem
1822 4086 1999 4156 genito

2101 4099 2392 4171 ἀγέννητον
2418 4098 2496 4169 τῷ
2519 4096 2763 4168 γεννητῷ
2783 4098 2881 4167 οὐχ
2902 4098 3112 4169 ὅμοιον,
3147 4097 3356 4151 Οὐκοῦν
3382 4097 3683 4169 ἐπειδήπερ

428 4178 534 4257 non
563 4201 713 4253 item.
735 4192 1026 4261 Quocirca,
1046 4204 1168 4244 cum
1191 4188 1360 4244 Adam
1381 4183 1595 4255 genitus
1622 4197 1728 4236 non
1757 4181 1849 4246 sit,
1868 4178 1999 4233 Abel

2101 4189 2203 4242 οὐκ
2250 4188 2513 4259 ἐγεννήθη
2565 4187 2663 4258 μὲν
2693 4189 2721 4240 6
2763 4187 2953 4258 Ἀδὰμ,
2992 4185 3254 4258 ἐγεννήθη
3302 4186 3359 4240 δὲ
3397 4187 3563 4240 Ἀὁελ
3615 4190 3685 4242 ἐκ

428 4301 608 4346 autem
640 4302 710 4344 ex
738 4283 963 4339 muliere
992 4281 1231 4350 genitus,
1263 4294 1367 4333 non
1399 4276 1507 4332 erit
1532 4275 1737 4329 Adamo
1769 4270 1999 4328 consub-

2101 4279 2494 4349 γυναικὸς,οὑκ
2524 4278 2676 4332 ἔσται
2705 4276 2783 4348 τῷ
2818 4277 2988 4347 ’Δδὰμ
3011 4276 3312 4347 ὁμοούσιος.
3349 4277 3413 4329 Εἰ
3440 4276 3499 4329 δὲ
3526 4278 3681 4345 ἐγεν-

425 4377 713 4435 stantialis.
733 4375 790 4429 Si
811 4387 938 4428 vero
960 4371 1174 4442 genitus
1193 4370 1408 4439 quidem
1433 4377 1539 4431 est,
1556 4365 1793 4435 ejusdem
1818 4372 1997 4418 tamen

2101 4368 2239 4440 νήθη
2273 4367 2537 4440 μὲννέχει
2581 4368 2638 4421 δὲ
2665 4371 2765 4438 τῆς
2818 4368 3034 4435 φύσεως
3059 4367 3156 4438 τὴν
3192 4366 3499 4437 ταυτότητα
3544 4368 3683 4438 πρὸς

426 4480 510 4527 est
534 4484 656 4526 cum
682 4467 890 4521 Adamo
914 4464 1078 4519 etiam
1135 4436 1241 4517 non
1272 4460 1455 4532 genito
1486 4468 1714 4523 naturae,
1740 4455 1869 4527 quid
1902 4455 1999 4510 ob-

2102 4436 2191 4514 τον
2228 4436 2423 4529 ‘A'eap,
2453 4436 2634 4513 καίτοι
2806 4436 3222 4529 γεγεννημένον,
3252 4458 3306 4511 τί
3341 4457 3538 4512 κωλύει
3584 4436 3680 4511 καὶ

427 4569 537 4619 stat
569 4559 859 4630 quominus
894 4555 1064 4610 Filius
1105 4569 1173 4609 ex
1219 4552 1457 4621 ingenito
1500 4548 1661 4604 Patre
1701 4548 1913 4619 genitus
1950 4546 1998 4600 ei

2101 4553 2192 4606 τὸν
2233 4552 2360 4607 Υἰὸν
2403 4552 2462 4617 ἐξ
2498 4552 2793 4623 ἀγεννήτου
2840 4550 3053 4622 Πατρὸς
3089 4550 3219 4605 ὅντα
3252 4551 3507 4621 γεννητὸν
3539 4547 3684 4605 εἶναι

427 4656 492 4712 sit
526 4644 1045 4710 consubstantialis?

844 4762 956 4836 68
986 4758 1214 4824 ALIUD,
1245 4755 1575 4824 explicatius.

496 4882 745 4937 Genitum
785 4894 905 4936 esse
939 4878 1138 4932 Filium
1179 4889 1247 4929 ex
1277 4871 1437 4927 Patre
1472 4872 1636 4927 etiam
1676 4870 1773 4939 ipsi
1815 4870 1999 4924 hostes

2101 4645 2199 4698 xui.
2222 4645 2542 4716 ὁμοούσιον;

2535 4756 2737 4818 ΑΛΛΟ,
2776 4753 3229 4826 διηγηματικῶς.

2169 4870 2531 4941 Γεγεννῆσθαι
2557 4870 2647 4924 τὸν
2678 4869 2806 4922 Υίδν
2830 4871 2893 4921 ὲκ
2924 4868 3137 4939 Ila-:96;
3162 4868 3257 4921 καὶ
3289 4868 3339 4919 οἱ
3380 4865 3679 4938 χριπομάδ

426 4973 626 5029 Christi
667 4973 1026 5037 conﬁtentur;
1069 4982 1243 5037 neque
1290 4965 1612 5035 quisquam,
1641 4963 1898 5025 arbitror,
1932 4974 1998 5014 eo

2102 4978 2186 5032 χοι
2216 4959 2601 5028 συνθήσονταιο
2656 4959 2749 5011 καὶ
2773 4957 2871 5009 οὐκ
2922 4956 2989 5009 ἄν
3015 4974 3118 5020 τις,
3168 4954 3343 5027 οἶμαι,
3372 4955 3508 5025 πρὸς
3542 4970 3675 5006 τοσ-

427 5064 678 5133 uequitiae
703 5062 940 5127 devenit,
967 5070 1027 5114 ut
1051 5060 1249 5114 audeat
1273 5057 1457 5111 dicere
1482 5056 1655 5125 ipsum
1686 5053 1910 5120 perinde
1931 5065 1995 5105 ac

2104 5050 2273 5121 αὐτην
2304 5049 2493 5103 ἐλάσαι
2534 5047 2752 5111 κακίαν,
2797 5046 2873 5110 ὡς
2903 5046 3171 5117 τολμῆσαι
3199 5045 3450 5116 καθάπερ
3484 5044 3579 5097 καὶ
3606 5044 3676 5096 τὰ

424 5164 703 5210 creaturas
741 5154 949 5205 ratione
972 5160 1177 5205 natura:
1215 5160 1391 5203 extra.
1434 5146 1678 5199 Divinam
1702 5143 1993 5198 essentiam

2102 5144 2382 5213 ποιήματα
2420 5142 2513 5195 καὶ
2558 5140 2719 5194 αὐτὸν
2753 5139 2856 5205 ἔξω
2890 5138 3101 5192 κεῖσθαι
3139 5138 3238 5207 τῆς
3286 5138 3436 5200 θείας
3484 5135 3675 5198 οὐσίας

421 5259 565 5301 esse.
596 5241 654 5299 Si
694 5243 857 5314 igitur
895 5242 1083 5309 genuit
1114 5257 1181 5296 ex
1214 5255 1273 5295 se
1307 5237 1467 5291 Pater
1499 5236 1728 5303 Filium,
1754 5251 1851 5289 cur
1888 5249 1993 5290 non

2101 5234 2238 5287 κατὰ
2276 5234 2365 5285 τὸν
2394 5232 2491 5303 τῆς
2524 5230 2735 5307 φύσεως
2765 5228 2947 5297 λόγον.
2985 5229 3048 5281 Εἰ
3084 5228 3269 5279 τοίνυν
3301 5225 3589 5295 ἐγέννησεν
3614 5225 3681 5289 ἐξ

422 5337 529 5391 erit
557 5332 1064 5389 consubstantialis?
1096 5333 1285 5387 Dicant
1328 5331 1483 5385 nobis
1513 5329 1606 5383 Dei
1637 5327 1799 5384 Verbi
1831 5343 1993 5383 accu-

2101 5322 2289 5399 ὲαυτοῦ
2307 5323 2396 5377 τὸν
2411 5323 2537 5375 Υίὸν
2552 5324 2581 5374 6
2602 5320 2811 5390 Πατὴρ,
2828 5320 2967 5372 διατί
3000 5320 3074 5390 μή
3102 5316 3385 5387 ὁμοούσιος
3401 5333 3415 5382 ;
3433 5315 3674 5383 Λεγέτωο

421 5435 650 5481 saturas.
680 5425 814 5479 Nam
848 5433 940 5478 aut
971 5426 1096 5494 quia
1132 5439 1236 5479 non
1272 5423 1477 5492 potuit,
1504 5431 1596 5475 aut
1628 5420 1752 5491 quia
1790 5418 1991 5483 noluit,

2101 5434 2196 5469 σαν
2222 5417 2353 5485 ἡμῖν
2379 5417 2426 5467 οἱ
2456 5413 2550 5467 τοῦ
2579 5412 2713 5465 Θεοῦ
2746 5412 2923 5481 Λόγον
2950 5410 3268 5480 κατήγοροι.
3309 5406 3673 5476 Ἀδυνατήσας

420 5518 582 5599 talem
631 5518 804 5587 ipsum
849 5525 1091 5585 generat.
1140 5515 1197 5570 Si
1240 5516 1423 5568 dicant
1471 5514 1596 5582 quia
1640 5528 1744 5568 non
1788 5514 1989 5582 potuit,

2101 5503 2204 5577 ἆρα
2229 5506 2466 5558 τοιοῦτον
2497 5502 2658 5557 αὐτὸν
2708 5502 2958 5574 γεννᾷ,ή
3009 5500 3083 5571 μὴ
3136 5498 3407 5570 θελήσας;
3465 5498 3529 5551 Ei
3573 5497 3672 5566 μὲν

421 5590 615 5679 pudeat
662 5608 778 5662 illos
818 5605 997 5659 Patris
1040 5606 1329 5659 essentiam
1375 5604 1701 5658 contumelia
1748 5604 1989 5665 atlicere,

2101 5595 2186 5652 οὖν
2239 5597 2580 5667 ἀδυνατήσας
2630 5593 2901 5662 λέγουσιν,
2946 5590 3387 5661 αἱσχυνὲσθωσαν
3432 5588 3531 5657 τήν
3573 5585 3677 5639 τοῦ

421 5676 543 5753 cum
581 5695 949 5762 ltnpotentiam
988 5692 1062 5748 illi
1102 5692 1339 5746 tribuere
1372 5690 1611 5757 audent;
1639 5689 1691 5744 ξ.ιί
1717 5703 1847 5745 vero
1884 5687 1991 5742 alio

2101 5690 2307 5757 [ἰατρὸς
2345 5690 2534 5745 οὐσίαν
2566 5686 2897 5756 ὑϐρίζοντες,
2943 5685 3009 5737 δι’
3047 5676 3121 5741 ὧν
3152 5682 3295 5751 αὐτῇ
3334 5678 3671 5752 προσάπτειν
