4032 6212
283 319 375 373 H3

1685 324 2129 389 THESAURUS.

3429 348 3531 403 ιιι

272 435 323 486 τὸ
358 429 711 501 μὴδύνασθαι
738 431 1160 501 τετολμῆκασιν.
1200 434 1263 487 Εἰ
1292 434 1338 487 δ’
1362 436 1454 490 ἐπὶ
1488 437 1717 510 θάτερον
1747 458 1835 513 με-

1947 445 2286 521 conl‘ugiant,
2314 460 2369 507 et
2393 452 2638 511 noluisse
2668 454 2854 513 dicant
2877 457 3397 516 consubstantialem
3426 463 3526 517 sibi

269 523 643 592 ταστήσονται,
691 523 785 575 καὶ
830 524 908 592 μὴ
950 522 1203 595 ἐθελῆσαι
1238 527 1504 597 φήσουσιν
1555 530 1841 601 ὁμοούσιον

271 608 402 677 αὐτῷ
429 609 694 678 γεννῆσαι
726 608 820 662 τὸν
854 610 1002 673 Υἱὸν,
1045 612 1247 683 ἑτέρως
1281 615 1560 688 ὑϐρίζουσι
1604 622 1840 692 πρᾶγμα

270 700 488 771 χαλεπὸν
510 703 607 754 καὶ
626 701 687 754 τὸ
718 701 941 756 πάντων
964 702 1242 775 αἴσχιστον
1273 708 1646 780 περιτιθέντες
1668 712 1836 784 αὐτῷ,

268 792 347 845 τὸν
372 791 462 844 ἐπὶ
491 794 610 856 τοῖς
642 792 926 873 ἀμείνοσιν
951 793 1127 849 ὄκνον.
1160 796 1223 848 Ei
1257 796 1367 868 γὰρ
1400 801 1648 871 κρεῖττον
1678 798 1745 874 ἦν
1777 804 1839 857 τὸ

268 880 537 948 ὀμοούσιον
567 881 661 934 τοῦ
695 883 769 955 μὴ
798 884 1060 951 τοιούτου,
1086 886 1203 951 πῶς
1232 888 1331 942 οὐκ
1352 888 1505 945 ἔσται
1530 892 1838 967 δυσφημίας

271 973 470 1044 ἀπάσης
514 974 776 1028 ἐπέκεινα
804 975 867 1029 τὸ
898 975 1076 1047 λέγειν
1103 978 1329 1050 ὀκνῆσαι
1377 984 1504 1054 περὶ
1545 984 1614 1039 τὰ
1656 987 1838 1057 κρείτ-

266 1080 378 1116 τονα
423 1063 521 1117 καὶ
574 1066 1003 1139 πρεπωδέστερα
1033 1069 1133 1141 τὴν
1180 1069 1331 1125 θείαν
1377 1074 1586 1141 οὐσίαν,
1625 1077 1717 1130 καὶ
1761 1077 1837 1149 μὴ

271 1154 450 1221 μᾶλλον
500 1155 758 1228 ἐθελῆσαι
798 1158 861 1212 τὸ
895 1158 1175 1234 κὰλλιονῆ
1217 1164 1275 1217 τὸ
1326 1164 1401 1236 μὴ
1453 1165 1627 1231 οὕτως
1674 1158 1833 1239 ἔχονς

278 1245 418 1300 Ἀλλὰ
470 1249 658 1302 πάντα
701 1248 926 1304 δύναται
983 1253 1154 1305 ποιεῖν
1197 1255 1228 1306 6
1278 1257 1489 1327 Πατὴρ,
1544 1257 1638 1312 καὶ
1695 1260 1835 1314 θέλει

269 1340 448 1409 μᾶλλον
468 1340 531 1394 τὸ
565 1344 818 1412 κρεῖττον
838 1359 854 1374 ο
885 1344 1035 1399 οὐδὲν
1058 1341 1151 1400 οὖν
1170 1347 1286 1401 ἐστι
1309 1346 1372 1402 τὸ
1406 1348 1612 1406 κωλύον
1643 1352 1837 1424 ὀμοού-

269 1446 364 1481 σιον
389 1425 528 1484 εἶναι
562 1432 659 1485 τὸν
692 1433 842 1487 Υίόν.

934 1673 1138 1730 ΔᾹΛΟ.

512 1779 853 1847 Ἀντίθεσις
882 1782 960 1849 ὠς
991 1783 1059 1837 ἐκ
1090 1782 1210 1839 τῶν
1241 1787 1563 1859 Εὐνομιου.

320 1869 387 1922 Τὸ
436 1870 495 1935 ἐξ
545 1870 730 1923 αἰτίου
773 1874 932 1937 τινὸς
966 1874 1045 1938 ὃν,
1097 1877 1130 1946 ἢ
1175 1879 1598 1949 γεγεννημένον,
1642 1884 1828 1954 φησὶν,

266 1959 451 2031 ἀνάγκη
482 1960 744 2032 δεύτερον
766 1958 907 2016 εἶναι
935 1965 1148 2033 τούτου,
1170 1966 1199 2019 6
1225 1967 1288 2038 δὴ
1314 1969 1409 2022 καὶ
1438 1970 1658 2039 γέγονεν
1680 1972 1830 2043 αὐτῷ

264 2050 341 2102 τοῦ
373 2047 503 2105 εἶναι
534 2051 739 2108 αἴτιον.
781 2054 988 2109 Οὐκοῦν
1026 2057 1277 2131 δεύτερος
1312 2058 1463 2113 ἔσται
1490 2061 1584 2114 τοῦ
1620 2065 1833 2135 Πατρὸς

263 2142 288 2191 6
310 2140 423 2205 Υἱὸς
450 2142 634 2194 αἴτιον
666 2142 831 2195 αὐτὸν
859 2143 1027 2214 ἔχων·
1060 2147 1154 2199 καὶ
1193 2147 1285 2201 διὰ
1316 2148 1475 2203 τοῦτο
1498 2151 1598 2222 οὐχ
1638 2153 1833 2222 ὁμοούο

268 2249 383 2296 σιος.
426 2236 496 2288 Ἦ
546 2236 1021 2307 ἁφιλονεικότερον
1066 2239 1389 2311 ἐνστήσεται
1422 2258 1504 2306 τις
1546 2242 1833 2313 ὑμοούσιον

266 2323 404 2377 αὐτὸν
433 2320 581 2380 εἶναι
616 2326 814 2394 λέγων,
860 2329 894 2398 ἠ
945 2327 1042 2398 μία
1086 2326 1298 2401 θεότης,
1335 2331 1459 2401 ἄρα,
1510 2334 1684 2406 τομήν
1712 2352 1832 2389 τινα

265 2414 566 2483 χωρήσασα,
597 2415 823 2483 γέγονεν
862 2417 943 2479 είς
984 2416 1185 2471 δυάδαο
1230 2420 1293 2472 οὐ
1334 2421 1443 2491 γὰρ
1472 2422 1676 2492 ἑτέρως
1705 2424 1833 2494 ὁμο-

263 2502 420 2568 δύσιος
450 2501 594 2559 εἶναι
621 2506 865 2562 δύναται.
913 2509 1149 2580 Ἀνάγκη
1180 2505 1275 2565 οὖν
1300 2511 1480 2581 λέγειν
1506 2514 1606 2584 οὐχ
1637 2515 1832 2585 ὁμοού-

267 2612 364 2649 σιον
394 2592 532 2653 εἶναι
562 2599 655 2653 τὸν
689 2600 840 2653 Υίόν.

734 2810 893 2878 Πρὸς
924 2811 1111 2866 ταῦτα
1137 2812 1341 2878 λύσις.

326 2919 434 2973 υύκ
459 2919 777 2974 αἰσθάνεται
822 2920 985 2975 πάλιν
1013 2922 1228 2993 μεθύων
1255 2926 1283 2977 6
1312 2925 1701 2996 χρισωμὰχος,
1738 2928 1833 2981 καὶ

270 3010 432 3081 μάτην
458 3013 867 3084 καταφλυαρῶν
910 3014 1012 3084 τῆς
1058 3013 1209 3079 θείας
1238 3016 1447 3078 οὐσίας.
1486 3016 1559 3070 Τὸ
1587 3017 1685 3087 μὲν
1725 3018 1833 3091 γὰρ

1947 560 2209 614 generare
2238 546 2467 613 Filium,
2494 548 2655 604 aliam
2688 551 3077 607 contumeliam
3109 551 3161 606 ei
3190 552 3525 624 impingunt,

1948 638 2315 708 turpissimam
2378 642 2778 712 pessimamque
2837 659 2953 699 rem
3012 643 3087 699 illi
3150 644 3525 710 ascribentes,

1948 728 2324 800 negligentiam
2350 732 2604 785 nimirum
2637 742 2799 801 atque
2830 733 3100 803 ignaviam
3130 734 3184 788 in
3211 734 3528 792 melioribus

1946 834 2010 873 ac
2050 818 2519 887 praestantiorihus
2561 819 2843 876 faciendis.
2882 821 2940 877 Si
2982 822 3126 877 enim
3174 822 3369 879 melius
3410 832 3531 878 erat

1946 910 2404 965 consubstantiale
2445 926 2606 981 quam
2654 911 2706 965 id
2748 915 2892 982 quod
2938 914 3205 983 ejusmodi
3250 930 3357 969 non
3402 924 3527 982 est,

1944 1015 2051 1070 quo
2076 1011 2233 1070 pacto
2262 1017 2368 1057 non
2394 1004 2543 1057 omni
2576 1003 2908 1069 blasphemia
2945 1004 3121 1074 majus
3150 1004 3315 1061 fuerit
3340 1005 3527 1062 dicere

1945 1092 2181 1146 divinam
2211 1092 2503 1147 essentiam
2536 1092 2586 1147 in
2620 1092 2685 1146 iis
2712 1107 2831 1161 qua:
2862 1091 3086 1146 meliora
3119 1094 3523 1150 convenientio-

1944 1198 2113 1254 raque
2157 1192 2315 1239 erant
2358 1182 2621 1238 faciendis
2669 1183 3029 1254 negligentem
3070 1182 3273 1248 fuisse,
3318 1194 3373 1239 et
3420 1201 3524 1241 non

1942 1276 2119 1347 potius
2155 1274 2390 1330 voluisse
2429 1273 2576 1344 quod
2616 1272 2809 1327 melius
2856 1286 3019 1343 quam
3065 1274 3209 1345 quod
3257 1274 3527 1331 deterius!

1940 1368 2101 1437 Atqui
2139 1366 2301 1422 Pater
2334 1366 2515 1422 omnia
2549 1373 2721 1433 potest
2753 1364 2967 1428 lacere,
3009 1365 3290 1435 magisque
3324 1366 3437 1421 vult
3470 1367 3523 1420 id

1940 1461 2085 1533 quod
2127 1456 2320 1515 melius
2351 1466 2435 1513 est
2468 1476 2482 1512 :
2522 1456 2653 1511 nihil
2687 1464 2770 1511 est
2801 1455 2968 1525 igitur
2999 1457 3145 1527 quod
3175 1456 3357 1513 obstet
3386 1474 3524 1529 quo-

1941 1554 2119 1610 minus
2143 1548 2621 1607 consubstantialis
2649 1548 2719 1604 sit
2746 1547 2940 1603 Filius.

2615 1680 2847 1737 ALIUD.

2373 1777 2457 1833 Ex
2489 1778 2776 1847 objections
2809 1778 3089 1834 Eunomii.

2006 1898 2155 1967 Quod
2184 1911 2249 1951 ex
2280 1909 2439 1949 causa
2473 1892 2651 1963 aliqua
2679 1902 2782 1959 est,
2804 1893 2888 1949 vel
2920 1894 3167 1964 genitum
3197 1905 3300 1959 est,
3325 1894 3518 1964 inquit,

1936 1989 2303 2047 necessarium
2351 1994 2433 2039 est
2474 1994 2534 2039 ut
2576 1986 2650 2040 sit
2692 1985 2990 2040 secundum
3036 1986 3107 2043 ab
3148 1986 3242 2043 illo
3280 1990 3425 2057 quod
3470 1987 3519 2042 ei

1936 2095 2097 2137 causa
2129 2078 2459 2133 exsislentia:
2488 2075 2607 2129 fuit.
2639 2075 2920 2133 Secundus
2950 2078 3135 2149 itaque
3164 2082 3265 2137 erit
3294 2083 3461 2137 Filius
3490 2097 3519 2133 ει

1935 2172 2096 2227 Patre
2117 2211 2131 2236 ,
2162 2170 2362 2241 quippe
2389 2169 2478 2238 qui
2513 2167 2727 2223 Patrem
2759 2178 2819 2224 ut
2848 2185 3068 2226 causam
3098 2174 3293 2229 habeat
3322 2195 3335 2230 :
3363 2183 3521 2243 atque

1936 2264 2142 2319 idcirco
2183 2276 2251 2316 ne
2292 2258 2771 2315 consubstantialis
2810 2261 3030 2331 quidem
3075 2263 3124 2318 ei
3166 2265 3290 2320 erit.
3325 2264 3434 2319 Aut
3473 2265 3518 2319 si

1935 2353 2058 2423 quis
2114 2350 2499 2407 contentiosius
2559 2359 2781 2419 urgeat,
2828 2352 3341 2408 consubstantialem
3394 2368 3517 2406 eum

1934 2459 2056 2499 esse
2083 2443 2303 2507 dicens,
2331 2457 2434 2496 una
2475 2449 2624 2496 certe
2661 2439 2833 2497 deitas
2888 2442 3186 2498 sectionem
3229 2444 3519 2497 admittens

1936 2535 1989 2590 in
2016 2533 2327 2589 dualitatem
2354 2531 2527 2586 divisa
2555 2530 2659 2585 erit
2686 2548 2701 2585 :
2730 2546 2903 2601 neque
2931 2533 3077 2588 enim
3108 2533 3265 2589 aliter
3285 2534 3521 2590 consub-

1935 2627 2210 2683 stantialis
2238 2642 2359 2682 esse
2385 2634 2582 2696 potest.
2600 2623 2979 2680 Necessarium
3006 2624 3170 2696 igitur
3187 2632 3271 2681 est
3293 2632 3351 2679 ut
3372 2624 3520 2679 dica-

1935 2736 2056 2776 mus
2085 2718 2597 2776 consubstantialem
2625 2732 2730 2772 non
2756 2732 2880 2774 esse
2901 2717 3119 2772 Filium.

2612 2826 2840 2883 Salutio.

2010 2942 2383 2999 Debacchatur
2430 2956 2650 2998 rursum
2703 2942 2908 2999 Christi
2969 2941 3164 3007 hostis,
3203 2950 3521 3009 temereqne

1934 3035 2196 3091 adversus
2237 3035 2470 3090 divinam
2513 3036 2806 3093 essentiam
2857 3035 3104 3091 blaterat.
3142 3034 3330 3091 Secari
3371 3034 3517 3088 enim

269 3102 548 3171 τέμνεσθαι
574 3105 670 3159 καὶ
687 3104 967 3160 διάστασίν
988 3123 1109 3161 τινα
1133 3106 1332 3177 μεταξὺ
1349 3106 1448 3179 τὴν
1472 3107 1611 3180 πρὸς
1627 3108 1831 3181 ἄλληλα

1941 3136 1989 3184 et
2033 3128 2349 3184 divisionem
2401 3128 2638 3197 aliquam
2690 3128 2933 3197 recipere
2993 3142 3181 3197 posse,
3225 3139 3517 3196 corporum

268 3191 517 3248 δύνασθαι
559 3196 763 3265 λαϐεῖν,
815 3198 1083 3269 σωμάτων
1132 3199 1284 3255 ίδιον.
1349 3201 1413 3254 Ἡ
1462 3201 1520 3255 δὲ
1570 3200 1691 3256 θεία
1733 3202 1828 3256 τοῦ

274 3284 477 3355 Πατρδς
504 3287 674 3355 οὐσία,
703 3287 995 3361 ἀσώματος
1020 3286 1177 3357 οὖσα,
1211 3294 1385 3363 τομῆς
1407 3310 1468 3345 τε
1497 3293 1592 3347 καὶ
1621 3293 1830 3367 διαιρέ-

281 3391 414 3438 σεως
454 3378 783 3445 ὰνεπίδεκτός
813 3383 992 3435 ἐστιν’
1023 3381 1146 3437 οὔτε
1194 3383 1252 3436 δὲ
1287 3386 1345 3437 ὲν
1375 3383 1526 3455 τόπῳ
1570 3385 1829 3454 μένουσα,

274 3464 394 3520 οὔτε
426 3469 524 3523 ὑπό
564 3489 703 3536 τινος
742 3470 874 3528 οὖσα
919 3475 1161 3547 χωρητὴ,
1202 3476 1318 3531 ἀλλ’
1366 3477 1425 3530 ἐν
1458 3477 1683 3549 ἀρρήτῳ
1722 3478 1832 3531 τινὶ

272 3561 361 3612 καὶ
388 3563 643 3634 ἀφράστῳ
661 3568 992 3621 καταστάσει
1015 3568 1266 3638 κειμένη,
1288 3566 1379 3619 τὸν
1402 3566 1531 3620 Υίὺν
1551 3568 1608 3633 ἐξ
1633 3568 1833 3637 ἑαυτῆς

273 3651 594 3718 ἀδιαστάτως
622 3656 923 3727 ἐξέλαμψεν
944 3672 957 3687 ⁶
990 3658 1090 3711 οὐκ
1116 3657 1183 3712 ἂν
1216 3657 1418 3729 ἑτέρως
1441 3656 1584 3726 ἔχειν
1612 3656 1674 3710 τὸ
1695 3653 1834 3711 εἶναι.

272 3741 432 3797 τελεία
462 3745 756 3819 δυναμένη,
791 3750 840 3801 εί
874 3747 947 3819 μὴ
981 3748 1239 3819 ἐγέννησε
1287 3748 1377 3803 τὸν
1410 3748 1562 3813 Υἱὸν,
1595 3748 1689 3802 καὶ
1735 3749 1833 3804 ἀν-

272 3830 460 3904 εδείχθη
489 3837 828 3907 καρπογόνος
844 3854 856 3868 ·
883 3838 977 3891 καὶ
993 3838 1153 3894 πάλιν
1173 3839 1273 3894 οὐκ
1290 3839 1355 3893 ἂν
1377 3838 1578 3909 ἑτέρως
1598 3838 1831 3911 ἐσομένη

272 3922 601 3998 δημιουργὸς,
642 3930 693 3982 εἰ
723 3929 799 4000 μὴ
827 3929 1044 3985 τέτοκεν
1072 3930 1132 3996 ἐξ
1164 3932 1365 4002 ἑαυτῆς
1403 3931 1713 4004 ἀμερίστως
1742 3932 1835 3985 τὸν

276 4014 400 4081 Υἱὸν,
433 4018 499 4071 δι’
536 4013 595 4073 οὗ
623 4019 694 4074 τὰ
722 4021 902 4075 πάντα
949 4022 1263 4093 ἐργάζεται.
1299 4025 1487 4078 Ἔστιν
1514 4020 1608 4078 οὖν
1636 4026 1666 4078 6
1706 4025 1835 4088 Υίὸς

273 4107 532 4178 γεννηθεὶς
559 4112 623 4163 ὲκ
666 4111 902 4182 Πατρὸς,
932 4114 994 4165 ού
1034 4113 1179 4167 κατά
1206 4132 1328 4168 τινα
1365 4116 1558 4187 τομὴν,
1594 4117 1628 4187 ἢ
1662 4116 1836 4188 ἀπόρ-

274 4198 423 4264 ροιαν,
468 4200 725 4272 καθάπερ
774 4202 933 4273 ὑμεῖς
978 4204 1348 4273 φαντάζεσθε⁸
1398 4205 1514 4259 ἀλλ’
1549 4205 1736 4277 ὥσπερ
1770 4207 1836 4260 ὲκ

274 4291 419 4358 πυρὸς
463 4292 763 4364 θερμότης,
819 4295 1134 4368 ἀμερίστως
1181 4298 1246 4350 ἐκ
1294 4296 1395 4367 τῆς
1437 4296 1530 4351 τοῦ
1582 4298 1832 4362 τεκόντος

272 4382 534 4450 προελθὼν
566 4385 778 4451 οὐσίας.

941 4480 1141 4533 ΑΛΛΟ.

499 4592 600 4658 Ὠς
627 4591 698 4657 ἐξ
734 4590 1092 4658 ἀντιθέσεως
1126 4588 1246 4645 τῶν
1274 4593 1598 4661 Εὑνομίου.

331 4701 385 4754 Ei
409 4704 698 4773 ὁμοούσιός
721 4704 862 4770 ἐστι,
890 4705 1073 4775 φησὶν,
1107 4706 1135 4758 6
1178 4704 1305 4768 Υἱὸς
1335 4703 1412 4775 τῷ
1442 4702 1641 4773 Πατρὶ,
1672 4703 1725 4755 τί
1759 4703 1834 4774 μὴ

274 4790 352 4840 καὶ
374 4792 537 4855 αὑτός
558 4793 707 4845 ἐστιν
720 4792 925 4861 ἀγαθὸς
948 4792 1120 4859 οὕτως
1136 4793 1210 4857 ὼς
1227 4795 1255 4846 ὁ
1276 4793 1469 4864 Πατήρ
1490 4809 1504 4858 ;
1542 4792 1705 4860 Λέγει
1729 4792 1837 4863 γάρ

275 4893 361 4931 που
397 4883 540 4953 πρός
580 4900 705 4937 τινα
732 4886 761 4938 6
794 4885 1028 4955 Χριστός
1050 4901 1064 4915 ο
1107 4904 1125 4937 ι
1164 4885 1230 4937 Τί
1278 4902 1345 4955 με
1382 4884 1562 4953 λέγεις
1590 4884 1835 4952 ἀγαθόνς

273 4969 438 5037 Οὐδεὶς
486 4975 694 5045 ἀγαθὸς
723 4976 773 5030 εί
830 4976 903 5047 μὴ
953 4970 1035 5041 εἷς
1077 4979 1106 5030 6
1133 4977 1284 5041 Θεός,
1328 4995 1345 5028 ι
1388 4976 1525 5031 Ἕνα
1555 4976 1611 5029 δὲ
1641 4975 1835 5039 εἰπὼν,

276 5064 443 5121 ἑαυτὸν
474 5067 585 5134 ἔξω
607 5069 873 5135 τέθεικεν,
901 5071 977 5133 ὡς
1006 5069 1208 5138 ἀγαθὸν
1249 5074 1349 5140 μὲν
1375 5070 1504 5127 ἄντα
1529 5070 1624 5123 καὶ
1650 5068 1836 5136 αὐτὸν,

274 5158 356 5229 οὐχ
381 5160 527 5216 οὕτω
552 5161 610 5215 δὲ
640 5162 831 5233 ὥσπερ
864 5160 930 5216 ἂν
963 5162 1048 5232 εἴη
1081 5163 1176 5216 καὶ
1204 5163 1233 5215 6
1271 5164 1482 5235 Πατήρ.
1592 5142 1597 5151 ’

735 5274 892 5343 Πρὸς
918 5274 1105 5329 ταῦτα
1140 5275 1346 5340 λύσις.

336 5385 539 5459 Κύριον
574 5388 956 5451 ἀποκαλούσης
994 5386 1087 5441 τὸν
1128 5387 1253 5442 Υίὸν
1290 5389 1389 5457 τῆς
1416 5386 1567 5451 θείας
1595 5387 1836 5459 Γραφῆς,

274 5474 448 5543 δώσεις
474 5479 585 5549 ἄρα
622 5479 717 5532 καί
758 5477 920 5532 αὐτὸν
962 5473 1101 5531 εῖναι
1136 5479 1360 5549 Κύριον,
1395 5476 1665 5533 καὶτοῦτο
1699 5480 1843 5533 κατὰ

278 5566 540 5638 ἀλήθειαν,
570 5569 603 5640 ἦ
634 5568 771 5639 πρὸς
791 5570 905 5631 τοῖς
933 5566 1113 5631 ἄλλοις
1137 5569 1347 5641 ἀρνήσῃ
1378 5570 1474 5623 καὶ
1493 5568 1634 5622 τόδε.
1660 5570 1722 5623 Ei
1744 5569 1841 5638 μὲν

280 5656 376 5727 γὰρ
393 5660 492 5712 οὐκ
525 5655 662 5714 εἶναι
712 5657 916 5729 Κύριον
950 5659 1124 5729 ἐρεῖς,
1162 5660 1419 5712 τάναντία
1464 5660 1678 5731 φρονεῖς
1722 5664 1841 5725 ταῖς

283 5747 442 5815 θείαις
472 5752 714 5822 Γραφαῖς
745 5750 838 5803 καὶ
880 5750 957 5820 τῷ
988 5749 1161 5804 ταῦτα
1204 5749 1497 5821 λαλήσαντι
1543 5751 1841 5811 Πνεύιιατι.

1934 3220 2212 3290 proprium
2241 3228 2343 3275 est.
2372 3218 2562 3275 Divina
2593 3230 2773 3276 autem
2811 3218 2987 3276 Patris
3015 3218 3274 3285 essentia,
3297 3232 3420 3273 cum
3449 3217 3517 3271 sit

1933 3313 2284 3381 incorporea,
2311 3313 2574 3368 sectionis
2612 3321 2705 3383 aut
2738 3311 3021 3368 divisionis
3059 3324 3231 3380 capax
3264 3324 3369 3365 uon
3404 3319 3517 3374 est;

1932 3418 2108 3474 neque
2147 3406 2200 3459 in
2242 3404 2361 3461 loco
2399 3406 2644 3472 exsistit,
2674 3420 2850 3476 neque
2890 3420 2919 3459 ιι
2959 3417 3230 3474 quoquam
3270 3400 3519 3457 contine-

1934 3503 2053 3561 tur;
2085 3497 2180 3551 sed
2211 3496 2265 3551 in
2299 3513 2500 3554 arcano
2530 3507 2692 3567 atque
2723 3497 2976 3553 inell'abili
3013 3506 3157 3551 statu
3189 3494 3515 3555 consistens,

1934 3584 2133 3640 Filium
2163 3599 2234 3640 ex
2261 3601 2321 3642 se
2351 3588 2660 3643 immediate
2685 3586 2942 3656 protulit;
2975 3600 3151 3656 neque
3173 3584 3279 3639 alia
3307 3581 3521 3637 ratione

1937 3676 2173 3744 perfecta
2197 3690 2318 3731 esse
2348 3686 2547 3746 potest,
2569 3677 2670 3731 nisi
2696 3677 2891 3732 Filium
2923 3675 3189 3743 genuerit,
3210 3680 3266 3728 et
3292 3672 3518 3729 fecunda

1935 3772 2159 3819 ostensa
2184 3764 2286 3828 sit;
2317 3779 2491 3833 neque
2521 3779 2736 3817 rursum
2768 3763 3003 3817 creatrix
3032 3776 3157 3818 esse
3187 3770 3389 3831 potest,
3416 3760 3518 3815 nisi

1936 3854 2183 3923 genuerit
2225 3867 2290 3907 ex
2332 3867 2393 3908 se
2435 3852 2700 3906 iudivulse
2738 3852 2969 3918 Filium,
3009 3866 3106 3918 per
3141 3867 3301 3920 quem
3339 3853 3519 3905 omnia

1934 3943 2048 4015 69
2069 3952 2344 4013 operatur.
2369 3942 2465 3997 Est
2493 3941 2655 4011 igitur
2680 3941 2895 4013 genitus
2925 3955 2992 3996 ex
3018 3938 3177 3993 Patre
3200 3937 3389 4003 Filius,
3414 3953 3518 3991 non

1937 4036 2178 4092 sectione
2208 4045 2303 4089 aut
2338 4032 2553 4090 deﬂuxu
2585 4033 2795 4103 aliquo,
2821 4032 2962 4089 sicut
2995 4046 3089 4087 vos
3121 4029 3515 4102 imaginamini;

1916 4126 2032 4182 sed
2064 4123 2520 4195 quemadmodum
2558 4123 2808 4178 caliditas
2848 4137 2913 4178 ex
2957 4122 3113 4192 igne,
3145 4118 3410 4175 iudivulse
3450 4132 3515 4171 ex

1939 4217 2172 4273 essentia
2204 4214 2480 4288 gignenti;
2505 4214 2767 4285 procedit.

2616 4472 2841 4531 ALIUD.

2367 4589 2451 4645 Ea:
2487 4588 2780 4659 objections
2824 4586 3095 4643 Eunomii.

2015 4701 2096 4766 Si,
2133 4700 2330 4771 inquit,
2364 4699 2533 4755 Filius
2575 4708 2656 4755 est
2705 4697 3189 4755 consubstantialis
3218 4696 3386 4763 Patri,
3423 4713 3513 4752 cur

1945 4808 2051 4847 non
2074 4792 2237 4848 etiam
2264 4794 2378 4862 ipse
2398 4805 2482 4848 est
2503 4794 2674 4848 bonus
2697 4793 2771 4847 ita
2802 4803 2857 4846 ut
2882 4791 3081 4845 Pater?
3103 4791 3356 4846 Christus
3377 4791 3518 4847 enim

1945 4886 2141 4941 alicubi
2191 4886 2257 4939 ad
2290 4885 2578 4954 quemdam
2625 4887 2697 4941 ita
2747 4887 2822 4940 ait
2853 4902 2867 4940 :
2904 4904 2923 4937 ι
2954 4884 3066 4940 Cur
3115 4896 3199 4937 me
3248 4882 3386 4937 dicis
3425 4883 3520 4938 bo—

1947 4977 2121 5031 num?
2168 4973 2340 5032 Nemo
2368 4976 2541 5031 bonus
2583 4977 2685 5031 nisi
2735 4993 2877 5032 unus
2925 4976 3091 5032 Deus.
3121 4993 3139 5027 ι
3176 4973 3351 5029 Unum
3394 4988 3521 5028 vero

1947 5082 2068 5122 cum
2097 5067 2257 5133 dixit,
2288 5067 2523 5138 seipsum
2552 5069 2786 5138 excepit,
2813 5069 3011 5138 quippe
3036 5065 3129 5136 qui
3164 5066 3338 5123 bonus
3357 5067 3520 5123 etiam

1949 5158 2063 5228 ipse
2093 5158 2186 5225 sit,
2213 5175 2317 5214 non
2353 5170 2530 5214 tamen
2568 5161 2641 5215 ita
2672 5160 2847 5215 bonus
2880 5170 2937 5213 ut
2964 5158 3143 5212 Pater.

2457 5269 2659 5326 Salutio
2687 5270 3015 5341 objectionis.

2020 5384 2150 5439 Cum
2182 5399 2339 5440 sacra
2371 5384 2651 5454 Scriptura
2682 5383 2879 5439 Filium
2912 5384 3203 5439 Dominum
3233 5392 3409 5450 vocet,
3441 5384 3524 5439 l'a-

1952 5476 2152 5531 teberis
2202 5476 2447 5544 proiecto
2497 5476 2660 5531 etiam
2715 5476 2890 5544 ipsum
2940 5476 3226 5532 Dominum
3281 5491 3423 5540 esse,
3470 5486 3526 5531 et

1950 5568 2168 5636 quidem
2198 5580 2343 5632 vere,
2379 5576 2473 5621 aut
2503 5582 2608 5621 una
2637 5583 2761 5622 cum
2790 5567 2910 5621 aliis
2941 5568 3107 5622 etiam
3142 5568 3243 5623 hoc
3279 5565 3519 5635 negabis.

1949 5660 2017 5711 At
2073 5658 2117 5711 si
2169 5657 2390 5728 negabis
2444 5657 2731 5714 Dominum
2778 5674 2920 5719 esse,
2978 5658 3308 5713 contrarium
3363 5654 3521 5724 plane

1950 5748 2118 5805 sentis
2156 5764 2186 5802 a
2234 5747 2532 5823 Scripturis
2583 5758 2637 5806 et
2687 5766 2718 5805 a
2766 5748 2968 5806 Suiritu
3017 5749 3118 5801 hoc
3152 5745 3422 5807 loquente.
3461 5739 3521 5793 Si
