4110 6212
448 323 552 377 Ηΰ

1361 368 1366 372 .
1445 327 1501 381 S.
1544 325 1818 382 CYRILLI
1857 321 2330 379 ALEXANDRINI
2371 322 2693 379 ARCHIEP.

3611 321 3713 378 Ησ

444 448 781 503 concesseris
812 449 1125 518 dixeristh
1169 451 1452 506 Dominum
1489 467 1630 517 esse,
1660 451 2025 521 impielagere

2134 450 2554 521 Συντεθειμένος
2586 449 2643 503 δὲ
2680 448 2772 501 καὶ
2824 446 3051 517 φάσκων
3106 444 3269 499 αὑτὸν
3307 439 3446 497 εἶναι
3483 440 3712 512 Κύριον,

443 541 888 607 deprehenderis,
914 543 1109 610 quippe
1138 542 1228 612 qui
1257 542 1538 597 Dominum
1562 556 1724 597 voces
1748 552 1803 597 et
1826 545 2023 600 adores

366 678 371 681 ,
442 646 564 685 eum
599 646 758 699 quem
789 633 1308 688 consubstantialem
1343 648 1463 688 esse
1497 631 1605 687 Deo
1636 649 1699 688 ac
1737 633 1883 689 Patri
1925 651 2021 689 ne-

441 738 557 792 gas,
591 734 645 777 et
690 737 998 780 creaturam
1032 727 1210 795 potius
1244 740 1404 793 quam
1438 740 1627 779 verum
1659 726 1824 781 Deum
1860 728 2015 784 colis.

441 812 595 879 Quod
644 817 787 869 enim
823 815 1045 869 alterius
1090 823 1299 865 natura:
1329 824 1414 868 est
1443 812 1511 867 ab
1548 829 1614 868 eo
1652 814 1743 884 qui
1776 830 1903 868 vere
1937 824 2023 871 est

440 905 607 969 Dens,
650 907 703 960 id
741 916 929 959 natura
962 905 1103 958 Deus
1135 916 1254 957 esse
1292 920 1397 958 non
1444 913 1641 974 potest.
1673 906 1825 972 Quod
1855 909 2018 962 etiam

443 995 558 1063 ipsa
605 1010 757 1048 sacra
813 992 1091 1061 Scriptura
1139 1002 1391 1057 testatur,
1444 995 1678 1049 dicens:
1714 1014 1731 1047 ι
1765 995 2021 1051 Dominus

443 1088 583 1138 Dens
621 1095 827 1150 noster,
865 1084 1123 1140 Dominus
1155 1102 1293 1140 unus
1326 1096 1408 1141 est
1428 1087 1517 1142 ⁸⁷ε
1558 1106 1575 1139 ι
1618 1103 1719 1141 una
1749 1089 1895 1142 enim
1936 1099 2022 1144 est

443 1179 662 1230 deitatis
715 1185 930 1230 natura.
991 1176 1145 1243 Quod
1203 1193 1330 1232 vero
1379 1178 1520 1233 hanc
1577 1178 1747 1233 solam
1790 1180 2021 1233 adorare

440 1279 707 1337 oporteat,
754 1270 941 1324 audies
974 1285 1186 1325 rursum
1222 1288 1235 1324 :
1275 1289 1294 1322 ι
1330 1270 1618 1326 Dominum
1667 1273 1832 1347 Deum
1867 1283 2018 1326 tuum

438 1360 718 1426 adorabis,
751 1370 804 1415 et
832 1361 879 1416 ei
914 1361 1014 1415 soli
1046 1362 1252 1416 servies
1274 1362 1342 1415 ⁸⁸.
1374 1380 1392 1413 ι
1436 1361 1492 1416 Si
1531 1364 1693 1433 igitur
1726 1365 1851 1433 quia
1880 1363 2021 1419 Deus

441 1464 507 1504 ac
533 1449 694 1505 Pater
728 1451 876 1505 solus
905 1452 1102 1506 dicitur
1128 1455 1320 1517 bonus,
1358 1452 1526 1508 Filius
1550 1453 1727 1508 bonus
1758 1469 1880 1510 esse
1912 1471 2020 1509 non

442 1553 619 1612 potest
648 1543 789 1598 sicut
816 1542 998 1609 Pater,
1031 1544 1325 1614 eademque
1355 1546 1563 1600 ratione
1594 1562 1716 1601 cum
1748 1563 1886 1601 unus
1915 1546 2019 1601 Pa-

446 1648 527 1692 ter
553 1639 754 1693 dicitur
781 1638 1036 1693 Dominus
1067 1648 1121 1693 et
1152 1639 1314 1702 Deus,
1355 1639 1598 1709 sequitur
1623 1643 1785 1695 etiam
1834 1656 2020 1695 neces-

2129 542 2342 606 ἀσεϐῶς
2370 540 2681 611 ἐλεγχθήσῃ
2696 539 2791 593 καὶ
2813 536 3020 610 Κύριον
3049 536 3226 605 λέγων
3266 535 3360 589 καὶ
3393 531 3715 602 προσκυνῶν

2127 634 2186 688 ὃν
2210 635 2269 687 ού
2322 634 2428 704 φὴς
2475 632 2763 702 ὀμοούσιον
2793 624 2931 683 εἶναι
2978 627 3056 698 τῷ
3094 626 3213 697 Θεῷ
3259 627 3353 680 καὶ
3386 625 3585 695 Πατρὶ,
3620 623 3714 675 καὶ

2129 727 2389 795 κτίσματι
2430 724 2630 795 μᾶλλον
2677 722 2712 793 ἢ
2764 720 2885 791 Θεῷ
2916 719 3060 774 κατά
3102 719 3266 789 φύσιν
3304 714 3608 785 λατρεύεις.
3639 713 3714 766 Τὸ

2128 817 2236 887 γὰρ
2259 816 2453 887 ἑτέρας
2480 815 2727 886 ὑπάρχον
2753 812 2939 875 οὐσίας
2979 810 3133 883 παρά
3156 810 3248 863 τὸν
3280 808 3408 861 ὄντα
3435 806 3589 867 Θεὸν,
3611 806 3713 857 οὐκ

2128 909 2195 963 ἂν
2217 909 2302 979 εἴη
2322 908 2481 977 φύσει
2509 906 2664 970 Θεός.
2686 907 2797 960 Καὶ
2824 903 3016 959 τούτου
3041 903 3251 975 μάρτυς
3274 903 3307 971 ὴ
3334 899 3453 953 Θεία
3477 897 3712 966 λέγουσα

2128 1000 2350 1070 Γραφὴσ
2397 1016 2415 1049 ι
2454 995 2659 1066 Κύριος
2697 998 2725 1048 6
2753 994 2884 1058 Θεὸς
2933 992 3112 1065 ἡμῶν,
3159 990 3366 1061 Κύριος
3390 984 3471 1051 εἷς
3501 988 3647 1038 ἐστι’
3686 1004 3707 1037 ι

2131 1091 2229 1162 μία
2258 1089 2366 1159 γὰρ
2418 1087 2672 1157 θεότητος
2726 1086 2935 1156 φύσις.-
2965 1085 3075 1139 Καὶ
3106 1084 3186 1136 ὅτι
3231 1079 3402 1151 ταύτῃ
3445 1081 3582 1150 μόνῃ
3630 1077 3715 1130 δεῖ

2130 1182 2475 1252 προσκυνεῖν,
2525 1178 2734 1251 ἀκούσῃ
2766 1178 2963 1231 πάλιν*
3024 1194 3042 1226 ι
3078 1173 3286 1244 Κύριον
3322 1170 3411 1225 τὸν
3460 1169 3594 1223 Θεόν
3620 1184 3712 1221 σου

2128 1272 2549 1344 προσκυνήσεις,
2591 1270 2686 1324 καί
2716 1268 2868 1340 αύτῷ
2910 1268 3057 1337 μόνῳ
3084 1264 3427 1336 λατρεύσεις.
3451 1280 3469 1315 ι
3504 1262 3567 1314 El
3599 1261 3711 1313 τοίο

2127 1380 2221 1416 νυν
2243 1363 2330 1415 διὰ
2354 1361 2415 1414 τὸ
2449 1363 2609 1432 μόνον
2636 1359 2840 1429 ἀγαθὸν
2871 1356 3126 1423 λέγεσθαι
3147 1355 3239 1410 τὸν
3263 1354 3395 1406 Θεὸν
3417 1354 3511 1405 καὶ
3539 1350 3712 1404 [Ιατιὲ⁴

2130 1476 2217 1529 ρα,
2249 1458 2565 1511 ἐκπεσεῖται
2606 1455 2701 1509 τοῦ
2735 1450 2876 1508 εἶναι
2910 1453 3117 1523 ἀγαθὸς
3141 1455 3169 1505 6
3211 1452 3341 1515 Υἱὸς
3378 1450 3549 1513 οὕτως
3576 1449 3653 1511 ὡς
3682 1450 3712 1498 6

2129 1549 2338 1621 Πατὴρ,
2369 1549 2465 1602 καὶ
2507 1547 2593 1601 διά
2634 1548 2696 1601 τὸ
2727 1547 2824 1601 ἕνα
2869 1544 3127 1615 λέγεσθαι
3189 1543 3393 1615 Κύριον
3432 1541 3529 1602 καὶ
3580 1539 3711 1593 Θεὸν

2126 1637 2216 1689 τὸν
2237 1636 2488 1707 Πατέρα,
2529 1637 2838 1689 ἐκπεσεῖται
2870 1631 2967 1687 τοῦ
3006 1627 3148 1686 εἶναι
3174 1631 3377 1701 Κύριος
3430 1629 3525 1682 καὶ
3578 1629 3714 1691 Θεὸς

446 1731 591 1786 sario
619 1745 683 1785 ex
728 1731 925 1785 eodem
951 1740 1270 1802 argumento
1296 1731 1491 1787 Filium
1530 1748 1705 1802 neque
1733 1730 2019 1786 Dominum

2134 1728 2157 1779 6
2199 1728 2344 1792 Υἱὸς,
2400 1726 2543 1781 κατὰ
2591 1726 2691 1796 τὴν
2742 1724 2836 1777 τοῦ
2881 1724 3151 1794 νοήματος
3209 1719 3564 1774 ἀκολουθίαν
3594 1718 3712 1781 πῶς

447 1836 623 1891 neque
649 1823 815 1877 Deum
844 1838 965 1878 esse
992 1843 1003 1877 :
1035 1839 1142 1893 quo
1172 1834 1331 1893 pacto
1362 1812 1526 1896 igitur
1557 1826 1752 1880 adoras
1782 1840 1903 1877 eum
1929 1823 2020 1893 qui

2134 1815 2218 1874 οὖν
2247 1821 2571 1890 προσκυνεῖς
2598 1817 2675 1888 τῷ
2708 1818 2845 1888 μήτε
2867 1815 3061 1887 Κυρίῳ
3087 1814 3225 1885 μήτε
3245 1812 3364 1883 Θεῷ
3386 1830 3406 1880 ;
3432 1811 3496 1866 El
3519 1810 3575 1864 δὲ
3597 1812 3703 1866 Κυ-

447 1931 543 1970 ucc
572 1915 850 1984 Dominus,
885 1932 985 1972 nec
1024 1916 1165 1973 Deus
1193 1920 1307 1973 est?
1338 1918 1394 1972 Si
1434 1932 1581 1983 vero,
1610 1932 1732 1971 cum
1763 1917 1924 1971 Pater
1952 1918 2024 1972 sit

2134 1913 2246 1987 ρίου
2280 1914 2377 1966 καὶ
2409 1910 2545 1964 Θεοῦ
2586 1910 2682 1963 τοῦ
2712 1908 2944 1978 ιΠατρὸς
2977 1908 3130 1969 ὄντος
3149 1945 3164 1971 ,
3217 1904 3579 1971 συνεπάγεται
3611 1904 3711 1956 καὶ

448 2006 704 2062 Dominus
753 2020 805 2064 et
866 2007 1031 2073 Deus,
1085 2009 1243 2063 simul
1295 2010 1457 2063 etiam
1503 2008 1782 2064 inducitur
1829 2007 2020 2072 Filius,

2134 2007 2154 2055 ὁ
2182 2003 2311 2066 Υἱὸς
2343 2002 2441 2073 τὴν
2469 2000 2680 2055 ἐκεῖθεν
2722 2000 2963 2069 ἰδιότητα
3013 1997 3151 2068 ἔχων
3176 1995 3251 2059 ὡς
3276 1994 3336 2060 ἐξ
3368 1993 3533 2049 αὐτοῦ
3566 1996 3712 2051 κατά

445 2104 691 2157 eamdem
725 2104 927 2160 habens
964 2104 1374 2173 proprietatem,
1411 2113 1596 2171 utpote
1616 2118 1680 2157 ex
1713 2102 1829 2171 ipso
1861 2110 2022 2155 natu-

2134 2094 2288 2162 φύσιν
2317 2093 2578 2163 ὑπάρχων
2605 2131 2620 2157 ,
2654 2093 2749 2146 καὶ
2778 2090 2895 2143 ἐστι
2938 2088 3078 2160 μετὰ
3123 2086 3337 2159 Πατρὸς
3382 2084 3586 2157 Κύριος
3613 2085 3712 2137 καὶ

450 2192 635 2247 raliter
674 2194 1003 2262 procedens,
1046 2204 1101 2248 et
1157 2202 1243 2249 est
1276 2209 1398 2248 cum
1452 2193 1611 2247 Patre
1654 2192 1912 2247 Dominus
1959 2207 2024 2247 ac

2134 2185 2279 2250 Θεὸς,
2314 2184 2424 2251 ἕξει
2466 2184 2686 2247 πάντως
2724 2183 2819 2236 καὶ
2844 2180 2906 2234 τὸ
2935 2175 3078 2233 εῐναι
3107 2178 3309 2249 ἀγαθὸς
3344 2176 3420 2241 ὡς
3439 2179 3469 2230 6
3497 2176 3712 2247 Πατὴρ,

452 2284 613 2348 Deus,
656 2286 966 2341 necessario
1003 2287 1168 2342 etiam
1200 2285 1378 2340 bonus
1417 2287 1541 2353 erit,
1575 2296 1633 2340 ut
1681 2284 1864 2351 Pater,
1900 2299 2021 2338 cum

2134 2278 2225 2346 τῆς
2256 2276 2524 2348 πατρικῆς
2552 2275 2812 2344 ἰδιότητος
2836 2273 2938 2326 κάν
2968 2272 3145 2342 τούτῳ
3175 2270 3339 2324 πάλιν
3358 2266 3713 2341 ὑπαρχούσης

447 2386 667 2443 paterna
698 2377 1000 2446 proprietas
1029 2377 1189 2433 etiam
1226 2378 1327 2433 hac
1360 2378 1411 2431 in
1438 2388 1591 2447 parte
1638 2377 1691 2431 in
1726 2378 1844 2445 ipso
1877 2375 2024 2431 exsi-

2134 2371 2184 2420 ὲν
2217 2366 2385 2439 αὐτῷ,
2416 2364 2670 2436 καθάπερ
2700 2364 2796 2418 καὶ
2823 2366 2880 2417 ὲν
2909 2363 3126 2433 ἐκείνῳ.

445 2475 576 2533 stat,
614 2466 837 2536 perinde
874 2478 1035 2537 atque
1070 2468 1123 2523 in
1159 2468 1270 2523 illo.

1125 2598 1359 2654 ALIUD.

519 2735 685 2790 Multa
733 2736 801 2789 de
833 2735 992 2790 Patre
1036 2744 1089 2789 et
1137 2733 1275 2789 Filio
1306 2748 1461 2789 sacra
1499 2734 1782 2804 Scriptura
1828 2737 2025 2804 praedi-

449 2837 558 2894 cat,
612 2840 786 2894 neque
837 2836 1017 2881 tamen
1070 2824 1379 2880 differentia
1440 2826 1721 2880 nominum
1775 2827 2027 2882 essentia:

451 2920 715 2973 rationem
754 2920 805 2973 in
854 2918 1168 2972 universum
1213 2917 1518 2987 distinguit,
1554 2918 1627 2971 ita
1664 2927 1720 2972 ut
1756 2918 1883 2973 inde
1911 2918 2024 2973 dis-

450 3007 749 3063 similitudo
774 3007 1019 3077 quaedam
1044 3020 1141 3060 eos
1162 3015 1398 3075 scparet.
1432 3002 1549 3057 Una
1576 3003 1720 3058 enim
1746 3012 1829 3058 est
1853 3004 2025 3058 deitas

449 3100 638 3155 Patris
672 3110 732 3155 et
754 3099 902 3166 Filii,
951 3098 1164 3154 etiamsi
1214 3106 1444 3166 uterque
1496 3110 1593 3164 per
1621 3096 1769 3149 varia
1806 3096 2023 3150 nomina

450 3194 769 3249 dill'erenter
816 3194 1155 3262 signiﬁcetur
1191 3210 1205 3246 :
1242 3206 1347 3245 non
1394 3191 1538 3259 quod
1593 3189 1855 3243 alteruter
1899 3204 2023 3258 pro-
2054 3166 2097 3222 Ο

452 3289 632 3355 prium
660 3285 770 3355 70
794 3285 996 3355 aliquid
1052 3285 1111 3339 in
1157 3298 1215 3337 se
1264 3283 1482 3346 haheat,
1523 3282 1666 3351 quod
1713 3280 1874 3336 alteri
1924 3295 2028 3335 non

454 3377 605 3440 insit,
636 3379 731 3431 sed
775 3378 917 3445 quod
960 3376 1026 3430 de
1053 3384 1283 3443 utroque
1327 3374 1432 3427 dici
1465 3374 1637 3442 possit
1667 3372 1928 3442 quidquid
1964 3375 2032 3427 de

456 3484 566 3524 uno
591 3469 809 3532 dicitur,
848 3479 1071 3538 excepta
1112 3467 1452 3523 solummodo
1482 3465 1662 3521 Patris
1693 3474 1749 3521 et
1775 3464 1895 3520 Filii
1932 3481 2031 3535 ap-

453 3559 744 3630 pellatione
789 3575 853 3613 ac
883 3574 961 3613 re.
997 3558 1131 3613 Nam
1178 3559 1341 3614 Pater
1377 3575 1593 3630 semper
1622 3569 1708 3615 est
1733 3557 1913 3623 Pater,
1938 3574 2034 3612 ne-

456 3667 564 3719 que
612 3666 851 3719 unquam
904 3650 1066 3706 fuerit
1106 3650 1315 3717 Filius;
1364 3652 1403 3707 F
1412 3651 1534 3706 ilius
1582 3662 1772 3707 contra
1816 3665 2033 3720 semper

456 3750 551 3801 est'
584 3745 776 3811 Filius,
837 3759 1021 3814 neque
1062 3760 1299 3814 unquam
1348 3744 1513 3799 fuerit
1558 3745 1742 3800 Pater.
1798 3744 1855 3799 Si
1911 3744 2035 3813 quis

454 3855 591 3895 vero
620 3840 849 3894 voluerit
902 3839 1085 3893 dicere
1126 3853 1232 3892 non
1274 3852 1432 3907 posse
1477 3838 1699 3905 utrique
1742 3836 2036 3890 convenire

456 3929 874 3999 appellationem
916 3944 1037 3997 qua;
1071 3928 1163 3982 uni
1198 3927 1491 3991 tribuatur,
1521 3927 1573 3980 in
1602 3927 1894 3979 maximum
1926 3939 2035 3977 ma-

457 4022 565 4074 lum
632 4021 850 4074 incidet.
900 4019 1039 4085 Quid
1093 4018 1236 4073 enim
1288 4015 1491 4079 faciat,
1546 4015 1761 4070 dicente
1808 4014 1972 4066 Paulo
2018 4034 2031 4068 :

463 4129 482 4160 ι
515 4108 664 4163 Unus
687 4108 827 4160 Deus
857 4105 1020 4159 Pater
1043 4120 1111 4159 ex
1142 4118 1248 4175 quo
1278 4104 1481 4170 munia,
1508 4114 1564 4158 et
1593 4120 1735 4159 unus
1766 4103 2033 4160 Dominus

456 4199 614 4254 Jcsus
654 4199 901 4252 Christus
952 4212 1046 4265 per
1097 4210 1257 4265 quem
1307 4196 1489 4251 omnia
1515 4195 1603 4248 3°?
1638 4215 1656 4247 ι
1695 4194 1838 4252 Ecce
1873 4211 2035 4266 quam

464 4296 654 4353 aperte
682 4284 827 4338 Patri
862 4284 1068 4338 tribuat
1099 4284 1268 4339 Deum
1300 4299 1418 4340 esse
1447 4294 1503 4339 et
1535 4302 1699 4339 unum
1729 4299 1873 4352 esse,
1900 4286 2038 4343 Filio

459 4385 647 4428 autem.
674 4374 957 4429 Dominum
986 4390 1106 4430 esse
1146 4385 1201 4430 et
1237 4392 1424 4430 unum.
1458 4374 1594 4430 Num
1631 4378 1796 4449 igitur
1833 4379 2038 4435 idcirco

459 4466 631 4521 Filius
681 4484 785 4522 non
834 4468 938 4522 erit
974 4468 1138 4535 Deus,
1173 4471 1299 4538 quia
1333 4462 1497 4523 Pater
1540 4480 1766 4525 vocatur
1796 4471 1938 4525 Deus
1983 4479 2037 4524 et

460 4562 647 4616 unus?
686 4571 779 4615 aut
821 4561 985 4617 Pater
1043 4579 1147 4618 non
1206 4565 1312 4618 erit
1362 4564 1640 4628 Dominus,
1689 4564 1817 4633 quia
1866 4561 2038 4617 Filius

459 4653 761 4724 appellatus
789 4663 875 4709 est
899 4654 1161 4709 Dominus
1189 4665 1245 4709 et
1274 4654 1455 4708 unus?
1506 4653 1726 4709 Minime
1758 4668 1906 4718 vero,
1937 4652 2035 4707 ab—

459 4748 573 4801 sit!
624 4748 756 4802 Cum
806 4748 952 4801 enim
997 4745 1161 4800 Pater
1192 4746 1262 4800 sit
1300 4744 1464 4810 Deus,
1516 4743 1688 4799 Filius
1736 4746 1904 4800 etiam
1955 4753 2039 4800 est

461 4839 607 4895 Deus
639 4858 657 4895 :
686 4851 740 4895 et
774 4854 987 4905 rursus,
1039 4854 1161 4892 cum
1206 4838 1469 4893 Dominus
1514 4837 1587 4892 sit
1617 4835 1809 4901 Filius,
1857 4837 2040 4893 Domi-

463 4944 565 4983 nus
594 4940 681 4985 est
702 4940 758 4985 et
786 4931 967 4987 Pater.
999 4930 1163 5000 Atqui
1207 4929 1251 4985 si
1285 4944 1405 4999 quae
1434 4935 1578 4983 esset
1602 4930 1861 4984 essentite
1880 4929 2036 4985 dilie-

465 5020 636 5072 rentia
688 5034 808 5088 quae
847 5020 967 5075 illos
1005 5022 1058 5075 in
1101 5022 1206 5075 duo
1253 5019 1540 5082 divideret,
1584 5033 1760 5088 neque
1802 5019 2036 5073 naturali

464 5108 747 5163 idcntitate
784 5111 1079 5177 convenire
1127 5110 1485 5180 permitteret,
1539 5109 1699 5165 unius
1748 5110 2040 5181 appellatio

465 5198 619 5253 alteri
653 5201 869 5268 proprie
896 5203 1055 5257 tribui
1091 5218 1193 5256 non
1234 5211 1438 5273 posset.
1467 5202 1736 5269 Quocirca
1770 5218 1893 5257 cum
1923 5217 2040 5257 om-

466 5290 555 5343 nia
573 5305 691 5360 quae
718 5291 895 5346 Patris
919 5302 1044 5346 sunt
1072 5292 1208 5349 Filio
1239 5294 1430 5358 insint,
1454 5303 1509 5348 et
1537 5305 1749 5361 contra,
1775 5309 1894 5366 quae
1913 5294 2039 5349 Filii

467 5390 612 5443 sunt,
664 5381 832 5435 insint
879 5381 1048 5445 Patri,
1088 5384 1161 5437 ita
1217 5394 1273 5437 ut
1334 5384 1479 5438 nulla
1530 5385 1671 5440 ratio
1704 5385 2039 5441 identitatem

470 5471 728 5542 impedire
759 5472 947 5539 possit,
981 5473 1087 5526 erit
1116 5474 1278 5527 etiam
1314 5472 1432 5543 ipse
1470 5473 1662 5537 bonus,
1697 5474 2040 5542 quemadmo-

469 5564 594 5617 dum
630 5563 809 5627 Pater,
849 5572 1010 5632 atque
1046 5564 1166 5619 ideo
1194 5563 1358 5619 etiam
1395 5563 1899 5621 consubstantialis.

2815 2600 3018 2653 ΑΛΛΟ.

2198 2738 2376 2791 Πολλά
2401 2735 2529 2806 περί
2558 2754 2615 2789 τε
2634 2735 2729 2789 τοῦ
2758 2736 2970 2804 Πατρὸς
2991 2734 3084 2787 κού⁹
3110 2731 3204 2784 τοῦ
3228 2729 3360 2783 Υἱοῦ
3383 2728 3633 2797 λέγουσιν
3655 2729 3717 2781 αἰ

2129 2830 2271 2883 θεῖαι
2297 2829 2536 2899 Γραφαὶ,
2560 2827 2655 2881 καὶ
2680 2828 2740 2881 ού
2769 2827 2831 2879 τὸ
2860 2825 2969 2879 τῶν
2999 2823 3281 2894 ὀνομάτων
3318 2820 3575 2890 διάφορον
3597 2818 3715 2872 διας

2131 2922 2339 2976 στέλλει
2361 2921 2579 2984 πάντως
2608 2921 2792 2982 αὐτοῖς
2819 2918 2912 2971 καὶ
2939 2917 3038 2988 τῆς
3066 2915 3253 2976 οὐσίας
3288 2913 3381 2966 τὸν
3412 2911 3570 2980 λόγον
3590 2951 3606 2977 ,
3635 2911 3717 2973 ὡς

2130 3013 2491 3084 ἀνομοιότητά
2521 3028 2643 3064 τινα
2669 3010 2757 3062 διά
2781 3007 2988 3061 τούτων
3023 3008 3269 3076 χωρῆσαι
3305 3001 3531 3075 μεταξύ.
3556 3001 3717 3053 ’Ἔστι

2131 3106 2240 3177 γὰρ
2274 3104 2373 3174 μία
2402 3103 2593 3173 θεότης
2639 3102 2853 3172 Πατρὸς
2886 3099 2983 3152 καὶ
3012 3096 3170 3162 Υίοῦ,
3216 3094 3318 3149 κᾶν
3356 3094 3614 3165 ἑκάτερος
3643 3093 3713 3164 τῇ

2132 3197 2239 3251 τῶν
2263 3196 2542 3266 ὀνομάτων
2569 3193 2815 3263 ποικιλίᾳ
2833 3189 3110 3261 διαφόρως
3141 3187 3494 3258 σημαίνηται,
3515 3186 3611 3255 οὐχ
3635 3185 3717 3247 ὡς

2134 3288 2264 3342 ἴδιον
2299 3286 2439 3357 ἔχων
2469 3303 2519 3339 τι
2557 3286 2651 3340 καὶ
2680 3284 2805 3339 καθ’
2829 3283 3042 3346 ἑαυτὸν,
3067 3281 3095 3334 ὅ
3133 3280 3207 3353 μὴ
3242 3279 3320 3350 τῷ
3342 3278 3514 3350 ἑτέρῳ
3541 3278 3715 3348 πρόσ-

2132 3394 2304 3442 εστιν,
2340 3376 2455 3431 ἀλλ’
2480 3377 2556 3439 ὡς
2601 3378 2687 3428 ἐπ’
2716 3376 2918 3446 ἀμφοῖν
2947 3376 3149 3446 χωρεῖν
3178 3372 3475 3442 δυναμένου
3514 3370 3718 3432 παντὸς

2133 3471 2270 3540 ὅπερ
2303 3469 2368 3523 ἂν
2402 3470 2486 3539 ἐφ’
2517 3468 2633 3529 ἐνὸς
2650 3468 2882 3536 λέγοιτο,
2908 3467 3031 3537 δίχα
3062 3464 3229 3536 μόνης
3256 3465 3355 3536 τῆς
3376 3463 3471 3517 τοῦ
3505 3462 3719 3533 Πατρὸς

2135 3561 2227 3613 καὶ
2252 3559 2346 3613 τοῦ
2377 3557 2507 3611 Υἱοῦ
2550 3557 2925 3628 προσηγορίας
2966 3573 3025 3609 τε
3054 3557 3149 3609 καὶ
3183 3555 3530 3626 πράγματος.
3561 3553 3717 3606 Ἔστι

2135 3653 2244 3723 γὰρ
2277 3654 2305 3704 6
2332 3650 2521 3720 Πατὴρ
2566 3650 2653 3701 ἀεὶ
2709 3648 2921 3718 Πατὴρ,
2974 3648 3067 3699 καὶ
3109 3646 3236 3709 Υἱὸς
3284 3648 3384 3699 οὑκ
3413 3645 3481 3699 ἂν
3508 3642 3718 3713 γένοιτό

2136 3759 2268 3795 ποτε
2293 3756 2308 3773 ’
2344 3741 2438 3794 καὶ
2460 3739 2655 3791 ἐστινὸ
2691 3738 2817 3802 Υίὸς
2858 3738 2947 3792 ἀεὶ
2978 3738 3126 3804 Υἱὸς,
3168 3739 3263 3793 καὶ
3301 3737 3488 3809 Πατὴρ
3522 3738 3622 3791 οὐκ
3650 3736 3719 3792 ἂν

2137 3834 2220 3901 εἴη
2264 3831 2415 3883 ποτέ.
2444 3831 2506 3881 Εἰ
2538 3828 2594 3881 δέ
2639 3846 2723 3892 τις
2773 3830 3015 3901 βούλοιτο
3068 3831 3298 3899 φάσκειν
3354 3828 3720 3902 μὴδύνασθαι

2138 3923 2337 3991 χωρεῖν
2370 3920 2457 3971 ἐπ’
2487 3921 2688 3990 ἀμφοῖν
2713 3920 2854 3992 ὅπερ
2881 3922 2947 3977 ἂν
2980 3922 3065 3991 ἐφ’
3097 3923 3215 3986 ἑνὸς
3241 3922 3457 3993 φέροιτο
3479 3924 3722 3994 πρόσρη-

2143 4030 2237 4081 μα,
2273 4011 2493 4082 μεγάλῳ
2522 4015 2905 4082 περιπεσεῖται
2945 4012 3121 4084 κακῷ.
3153 4013 3224 4065 Τί
3241 4014 3351 4083 γὰρ
3378 4014 3445 4067 ἂν
3478 4015 3719 4084 ποιήσοι,

2138 4102 2387 4171 λέγοντος
2415 4101 2510 4156 τοῦ
2534 4103 2747 4157 Παύλου
2768 4120 2782 4132 ·
2814 4122 2832 4154 ι
2867 4097 2963 4167 Εἷς
2984 4107 3011 4157 6
3035 4104 3169 4167 Θεὸς
3196 4104 3225 4155 6
3256 4104 3445 4174 Πατὴρ
3478 4103 3538 4167 ἐξ
3563 4095 3626 4156 οὗ
3650 4103 3722 4156 τά

2138 4199 2346 4252 πάντα·
2393 4200 2486 4251 καὶ
2529 4192 2611 4261 εἷς
2656 4198 2860 4270 Κύριος
2927 4197 3135 4269 Ἰησοῦς
3186 4198 3422 4269 Χριστὸς
3464 4196 3531 4250 δι’
3559 4191 3620 4250 οῧ
3652 4197 3723 4250 τὰ

2140 4290 2339 4344 πάντα.
2388 4310 2406 4342 ι
2458 4290 2587 4345 Ἰδοὺ
2626 4291 2736 4361 γὰρ
2759 4289 2836 4360 τῷ
2864 4290 3040 4359 Πατρὶ
3071 4289 3132 4342 τὸ
3153 4286 3296 4342 εἶναι
3338 4290 3468 4342 Θεὸν
3502 4289 3595 4341 καὶ
3626 4288 3720 4340 ἕνα

2140 4382 2375 4435 δέδωκεο
2406 4380 2485 4451 τῷ
2525 4381 2583 4434 δὲ
2617 4381 2731 4451 Υἱῷ
2777 4380 2839 4434 τὸ
2879 4377 3018 4434 εἶναι
3062 4379 3267 4450 Κύριον
3310 4380 3404 4432 καὶ
3440 4379 3556 4433 ἕνα.
3592 4374 3721 4449 'Ap‘

2071 4499 2114 4554 ο
2142 4470 2234 4531 οὖν
2260 4475 2349 4529 διὰ
2372 4473 2531 4528 τοῦτο
2551 4474 2684 4537 Θεὸς
2703 4475 2802 4544 μὲν
2832 4473 2931 4526 ούκ
2959 4473 3112 4527 ἔσται
3141 4474 3170 4525 6
3202 4474 3348 4539 Υἱὸς,
3380 4472 3566 4544 ἐπειδὴ
3591 4472 3723 4537 Θεὸς

2145 4568 2241 4622 καὶ
2268 4563 2349 4631 εἷς
2371 4567 2400 4619 6
2422 4566 2613 4637 Πατὴρ
2646 4565 3065 4636 κατωνόμασται
3088 4582 3103 4632 ;
3128 4564 3331 4637 Κύριος
3354 4566 3411 4618 δὲ
3445 4566 3545 4618 οὐκ
3570 4564 3723 4617 ἔσται

2146 4661 2174 4713 6
2212 4657 2425 4729 Πατὴρ,
2455 4657 2640 4727 ἐπειδὴ
2675 4656 2878 4728 Κύριος
2900 4656 2994 4710 καὶ
3016 4650 3095 4719 εἷς
3115 4656 3147 4708 6
3164 4657 3289 4721 Υἱὸς
3317 4656 3519 4728 ἐκλήθη
3543 4672 3557 4721 ;
3581 4655 3722 4708 ’Δλλ’

2146 4749 2246 4802 οὐκ
2264 4748 2382 4801 ἔστι
2400 4747 2578 4811 τοῦτο,
2623 4746 2696 4818 μὴ
2722 4747 2953 4815 γένοιτο.
2985 4747 3121 4802 Θεοῦ
3156 4748 3260 4820 γὰρ
3292 4749 3445 4810 ὄντος
3474 4746 3567 4800 τοῦ
3608 4747 3721 4800 Παο

2144 4839 2292 4910 τρὸς,
2327 4840 2458 4902 Θεός
2489 4840 2605 4891 ἐστι
2632 4839 2725 4892 καὶ
2755 4840 2784 4891 6
2817 4838 2979 4901 Υίός’
3012 4838 3106 4893 καὶ
3137 4839 3349 4909 Κυρίου
3379 4839 3548 4892 πάλιν
3572 4838 3723 4901 ὄντος

2144 4929 2241 4983 τοῦ
2275 4928 2426 4994 Υίοῦ,
2461 4928 2665 5000 Κύριός
2696 4931 2844 4983 ἐστιν
2873 4931 2902 4982 6
2928 4931 3151 5001 Πατήρ,
3174 4930 3313 4983 Ἀλλ’
3363 4931 3517 5001 είπερ
3544 4925 3623 5001 ἦν
3642 4947 3724 4992 τις

2146 5022 2333 5086 οὐσίας
2360 5023 2591 5093 διαφορά
2637 5022 2734 5094 τὴν
2783 5023 2954 5078 δυάδα
2988 5024 3389 5096 διατειχίζουσα
3414 5065 3434 5091 ,
3489 5025 3586 5079 καὶ
3624 5024 3723 5076 οὐκ

2150 5112 2295 5167 ἐῶσα
2321 5112 2617 5183 μίσγεσθαι
2661 5115 2903 5182 φυσικῶς
2934 5116 3013 5179 είς
3034 5117 3335 5188 ταυτότητα
3355 5157 3371 5181 ,
3399 5117 3501 5171 οὐκ
3529 5115 3618 5179 ἂν,
3646 5110 3721 5169 οἷ,-

2148 5219 2266 5272 μαι,
2294 5204 2498 5274 κυρίως
2520 5204 2579 5257 τὸ
2596 5203 2690 5257 τοῦ
2715 5204 2904 5276 ἐτέρου
2932 5207 3228 5279 πρόσρημα
3259 5206 3335 5277 τῷ
3364 5206 3537 5277 ἑτέρῳ
3557 5220 3711 5275 προα-

2146 5294 2233 5365 ῆν.
2259 5293 2479 5367 Ἐπειδὴ
2525 5295 2582 5349 δὲ
2616 5296 2793 5350 πάντα
2827 5297 2895 5350 τά
2914 5297 3009 5351 τοῦ
3060 5297 3272 5368 Πατρὸς
3297 5299 3355 5350 ἐν
3390 5296 3506 5366 Υίῷ
3534 5294 3726 5365 φαίνει

2145 5401 2255 5447 ται,
2289 5384 2384 5439 καὶ
2400 5384 2468 5438 τὰ
2495 5384 2589 5439 τοῦ
2630 5387 2759 5439 Υἱοῦ
2790 5387 2951 5441 πάλιν
2978 5390 3037 5441 ὲν
3070 5388 3268 5458 Πατρὶ,
3297 5388 3373 5451 ὣς
3404 5386 3618 5449 οὐδενὸς
3642 5384 3726 5437 ἔτι

2147 5476 2237 5528 τὸν
2263 5477 2363 5545 τῆς
2391 5476 2718 5548 ταυτότητος
2752 5478 3080 5548 διείργοντος
3118 5477 3295 5546 λόγον,
3320 5477 3475 5531 ἔσται
3504 5476 3601 5529 καὶ
3633 5476 3726 5529 αύ-

2149 5568 2239 5629 τὸς
2265 5567 2495 5636 ἀγαθὸς,
2523 5568 2597 5631 ὡς
2619 5570 2647 5621 6
2679 5570 2887 5640 Πατὴρ,
2921 5570 3013 5622 καὶ
3042 5569 3130 5623 διὰ
3166 5569 3321 5623 τοῦτο
3350 5569 3653 5639 ὁμοούσιος.

539 5743 581 5773 ⁸⁷
608 5743 760 5799 Deut.
794 5755 866 5808 γι,
900 5740 950 5795 4.
1028 5740 1073 5772 ⁸⁸
1097 5741 1251 5796 Deut.
1283 5755 1335 5806 κ,
1367 5740 1468 5808 20;
1504 5740 1690 5797 Matth.
1728 5757 1798 5809 ιγ,
1834 5742 1915 5797 10.
1997 5741 2031 5774 ⁸η

2134 5743 2245 5799 Cor.
2275 5757 2387 5813 vni,
2425 5743 2478 5796 6»
