4110 6212
349 363 446 418 N1

1035 476 1236 530 ΑΛΛΟ.

418 586 555 639 Ὅσα
581 585 679 656 τῆς
708 585 847 654 πρὸς
886 585 1092 656 ἄλληλα
1138 585 1375 655 φυσικῆς
1420 584 1703 649 κοινωνίας
1741 601 1801 637 τε
1831 602 1925 639 και

347 676 671 747 ταυτότητος
701 676 1135 745 ἀπεσχοίνισται,
1173 676 1347 729 ταῦτα
1381 674 1443 747 δὴ
1480 676 1696 740 πάντως
1717 676 1810 729 καὶ
1837 675 1924 740 ξε-

346 766 531 835 νισμός
564 782 650 828 τις
685 767 964 837 ἰδιοτήτων
990 768 1088 836 τῆς
1113 766 1248 837 πρὸς
1274 765 1478 834 ἄλληλα
1506 767 1742 836 σχέσεως
1770 783 1927 836 φυσι-

344 860 447 927 κῆς
468 857 794 927 ἀποτέμνει.
828 854 954 912 Οἶον
984 859 1117 929 φέρε
1146 860 1339 925 εἰπεῖν,
1360 859 1645 930 ἄνθρωπος
1676 859 1816 913 ἔστω
1830 860 1925 912 καὶ

347 949 511 1011 ῖππος
548 948 618 1002 τὰ
650 950 1045 1020 σημαινόμενα.
1091 950 1389 1023 Ἀνθρώπῳ
1427 951 1525 1020 μὲν
1554 950 1661 1021 γὰρ
1696 952 1770 1015 ὡς
1794 951 1926 1021 πρὸς

346 1040 436 1092 τὸν
467 1041 636 1092 ἵππον
668 1039 795 1105 ξένα
812 1039 882 1093 τὰ
920 1040 1047 1103 ἴδια,
1077 1040 1229 1111 ἵππῳ
1258 1039 1316 1095 δὲ
1349 1041 1512 1096 πάλιν
1548 1041 1625 1104 ὼς
1658 1042 1795 1113 πρὸς
1833 1042 1927 1096 ἄν·

345 1129 584 1200 θρωπον,
607 1130 669 1182 οὐ
700 1130 870 1183 ταυτὰ
903 1129 973 1183 τὰ
999 1130 1145 1193 ἰδίως
1172 1134 1464 1204 προσόντα.
1505 1132 1567 1187 El
1611 1136 1791 1187 τοίνυν
1822 1150 1924 1203 φυ-

349 1221 471 1291 σική
500 1237 589 1284 τις
608 1222 892 1285 διάστασις
910 1222 1082 1293 εἴργει
1102 1225 1194 1277 τὸν
1227 1225 1374 1289 Υίὸν,
1416 1227 1511 1279 καὶ
1530 1226 1809 1298 ἀλλότριον
1830 1228 1928 1298 τῆς

347 1312 439 1365 τοῦ
464 1313 677 1383 Πατρὸς
697 1314 886 1376 οὐσίας
907 1316 1035 1368 ὅντα
1058 1316 1311 1380 δεικνύει,
1350 1318 1469 1382 πῶς
1502 1318 1569 1372 τὰ
1594 1319 1689 1372 τοῦ
1719 1321 1929 1392 Πατρὸς

350 1404 457 1456 ἰδια
497 1404 750 1473 φαίνεται
776 1405 997 1476 φορῶνς
1034 1407 1153 1470 πῶς
1196 1408 1253 1461 δὲ
1277 1410 1309 1461 6
1342 1410 1554 1481 Πατὴρ,
1588 1413 1747 1482 είπερ
1779 1415 1926 1467 ἐστὶν

349 1493 624 1563 ἀλλότριος
648 1493 793 1548 κατὰ
832 1495 993 1565 φύσιν
1019 1498 1111 1551 τοῦ
1143 1498 1292 1559 Υἰοῦ,
1314 1499 1381 1553 τὰ
1403 1501 1570 1555 αὐτοῦ
1603 1502 1707 1556 tam
1732 1508 1923 1575 φορεῖ;

358 1586 639 1656 Ἀληθεύει
666 1588 775 1659 γὰρ
804 1589 978 1657 λέγων
1021 1593 1049 1643 6
1072 1592 1261 1661 Σωτὴρ
1289 1592 1365 1655 ὡς
1402 1595 1540 1663 πρὸς
1563 1595 1655 1648 τὸν
1686 1598 1925 1668 Πατέρα,

344 1677 425 1728 ὅτι
452 1694 472 1727 ι
518 1675 707 1731 Πάντα
728 1678 800 1731 τὰ
830 1680 939 1749 ἐμὰ
987 1679 1055 1732 σά
1083 1681 1197 1732 ἐστι
1222 1697 1236 1710 ’
1296 1681 1389 1734 καὶ
1424 1682 1602 1736 πάντα
1622 1684 1690 1737 τὰ
1718 1686 1787 1739 σὰ
1819 1688 1928 1757 ἐμά

348 1770 518 1821 ἐστιν.
548 1787 568 1819 ι
598 1768 662 1822 Εἰ
687 1770 868 1823 τοίνυν
898 1773 1099 1833 πάντα,
1131 1770 1188 1824 ἓν
1219 1771 1277 1825 δὲ
1301 1772 1409 1826 τῶν
1440 1773 1656 1828 πάντων
1684 1777 1801 1830 ἐστὶ
1836 1781 1927 1832 καὶ

347 1855 409 1909 τὸ
434 1857 617 1927 ἄκρως
649 1857 875 1925 ἀγαθὸν,
908 1858 1021 1924 ἕξει
1050 1858 1208 1912 τοῦτο
1236 1860 1328 1913 καὶ
1353 1863 1382 1913 6
1411 1860 1539 1924 Υἱὸς
1580 1862 1775 1930 ἰδίωμα
1826 1865 1927 1933 φύ-

348 1964 487 2012 σεως
513 1949 756 2020 ὑπάρχον
794 1950 1065 2019 πατρικῆς
1121 1950 1196 2013 ὡς
1237 1950 1297 2015 ἐξ
1324 1951 1488 2005 αὐτοῦ
1521 1952 1819 2021 προελθών.
1867 1956 1924 2008 '0

344 2039 400 2091 δὲ
422 2039 523 2109 τῆς
543 2041 819 2112 πατρικῆς
847 2041 1035 2104 οὐσίας
1057 2041 1196 2111 ἔχων
1220 2041 1288 2094 τὰ
1323 2040 1450 2108 ἴδια,
1491 2044 1575 2113 εἴη
1613 2044 1827 2107 πάντως
1858 2045 1926 2098 ἂν

348 2131 448 2184 καὶ
476 2133 782 2202 ὀμοούσιος.

346 2244 468 2319 Ὀτι
502 2248 822 2319 ὁμρούσιος
868 2250 902 2301 ὀ
953 2248 1087 2314 Υἱὸς
1139 2247 1219 2319 τῷ
1268 2250 1475 2317 "arpi,
1530 2250 1926 2319 προκειμένου

624 2331 639 2347 ⁸
688 2336 707 2367 ι
744 2319 1076 2388 Πορεύομαι
1107 2317 1256 2385 πρὸς
1283 2316 1395 2371 τὸν
1410 2316 1641 2387 Πατέρα
1655 2316 1799 2388 μοι),
1827 2321 1925 2374 καὶ

414 2386 648 2453 Πατέρα
670 2385 859 2455 ὑμῶν,
890 2387 988 2440 καὶ
1028 2388 1177 2440 ﬂeor
1204 2405 1345 2457 μου,
1378 2389 1475 2444 καὶ
1504 2385 1669 2445 Θεὸν-⁷
1690 2391 1873 2459 ὑμῶν.
1900 2410 1918 2441 ι

414 2497 542 2550 Ὅτε
566 2498 666 2569 τὴν
694 2498 790 2553 τοῦ
826 2499 1116 2570 ἀνθρώπου
1145 2501 1359 2573 μορφὴν
1386 2503 1414 2554 6
1456 2501 1549 2555 τοῦ
1574 2502 1708 2556 Θεοῦ
1752 2504 1926 2572 Δάγος

342 2590 697 2661 περιεϐάλετο
722 2632 735 2654 ,
777 2592 871 2644 καὶ
919 2590 1009 2644 διὰ
1032 2590 1132 2662 τὴν
1163 2592 1419 2646 ἁπάντων
1448 2592 1604 2662 ἡμῶν
1652 2594 1925 2664 σωτηρίαν

344 2679 603 2749 ὑπάρχων
630 2680 693 2732 ὲν
729 2681 915 2749 μορφῇ
949 2678 1108 2744 Θεοῦ,
1143 2679 1284 2733 καθὰ
1315 2680 1643 2750 γέγραπται,
1674 2682 1924 2734 τεταπεί-

342 2785 512 2822 νωκεν
542 2769 761 2835 ἑαυτὸν,
780 2770 903 2822 τότε
923 2768 987 2838 δὴ
1021 2770 1114 2823 καὶ
1137 2770 1212 2833 ὼς
1238 2769 1525 2839 ἄνθρωπος
1554 2769 1669 2823 ἔσθ’
1701 2772 1787 2824 ὅτε
1812 2771 1926 2824 δια-

340 2862 579 2930 λέγεται,
595 2862 751 2915 οὐδὲν
772 2862 1127 2931 ἀδικούμενος
1147 2863 1227 2921 εἰς
1242 2862 1341 2929 τὴν
1357 2860 1513 2926 δόξαν
1531 2862 1631 2934 τὴν
1648 2863 1924 2934 Θεοπρεπῆ

341 2954 425 3005 διά
448 2952 661 3006 τούτου.
713 2952 778 3005 Εἰ
813 2952 924 3023 γὰρ
962 2952 1129 3015 ὅντως
1164 2951 1452 3022 ἄνθρωπος
1491 2954 1702 3022 γέγονε,
1745 2956 1838 3007 καί
1862 2954 1922 3008 οὑ

346 3042 433 3095 διὰ
458 3043 618 3096 τοῦτο
658 3044 871 3114 ἀπέστη
903 3043 1001 3097 τοῦ
1032 3038 1171 3097 εἶναι
1210 3044 1361 3109 Θεὸς,
1393 3046 1497 3099 κᾶν
1524 3046 1600 3109 ὡς
1639 3046 1925 3116 ἄνθρωπος

356 3132 587 3200 γεγονὼς
607 3135 741 3205 λέγῃ
763 3135 832 3188 τὰ
851 3134 1130 3207 ἀνθρώπῳ
1162 3136 1462 3206 πρέποντα,
1487 3137 1545 3189 οὑ
1573 3136 1662 3189 διὰ
1684 3136 1843 3189 τοῦτο
1865 3135 1925 3189 τὸ

357 3188 654 3295 θεοπρεπὲς
676 3188 887 3297 αὲίωμα
912 3188 1320 3299 ζτὶμιωθήσεται
1342 3188 1359 3257 ’ν
1386 3188 1502 3281 ἀλλ’
1530 3188 1681 3281 ἔσται
1952 3188 1993 3246 C

363 3312 541 3374 αὐτὸς,
574 3316 869 3383 φερομένης
902 3316 992 3367 ἐπὶ
1025 3316 1125 3384 τὴν
1153 3316 1468 3387 οἰκονομίαν
1516 3318 1615 3386 τῆς
1658 3318 1715 3369 ὲν
1746 3316 1925 3385 λόγοις

359 3403 770 3473 ταπεινότητος.
802 3406 991 3458 Ὀτιὸὲ
1020 3406 1378 3477 οἰκονομικῶς
1419 3407 1494 3471 ὼς
1535 3406 1818 3479 ἅνθρωπος
1859 3407 1927 3461 τὰ

351 3492 587 3547 τοιαῦτά
623 3510 777 3563 φησι,
809 3493 980 3558 καλῶς
1001 3497 1131 3567 ὅπερ
1154 3497 1414 3568 ἀνείληφε
1460 3498 1650 3568 σχῆμα
1693 3498 1837 3568 λόγῳ
1864 3515 1925 3551 τε

344 3586 440 3637 καί
464 3585 620 3655 ἔργῳ
665 3584 961 3653 φυλάττων,
1013 3588 1263 3643 ἐντεῦθεν
1294 3590 1573 3659 εἰσόμεθα.
1620 3590 1782 3656 Λέγει
1816 3591 1924 3661 γάρ

343 3694 445 3728 που
485 3676 626 3745 πρὸς
654 3677 755 3747 τὴν
782 3678 839 3729 ὲν
860 3681 925 3749 τῇ
958 3679 1246 3751 Σαμαρείᾳ
1276 3682 1511 3748 γυναῖκα
1535 3680 1597 3732 τὸ
1640 3680 1925 3735 Ἰουδαϊκὸν

344 3768 773 3839 ὑποκρινόμενος
824 3770 1150 3840 πρόσωπον⁹
1207 3790 1225 3822 ι
1285 3771 1475 3841 Ὑμεῖς
1520 3774 1872 3843 προσκυνεῖτε
1896 3771 1925 3823 ὃ

337 3858 437 3909 οὐκ
461 3857 640 3910 οἴδατε
662 3874 674 3885 °
710 3859 870 3927 ἡμεῖς
896 3857 1308 3928 προσκυνοῦμεν
1330 3858 1359 3911 ὂ
1390 3859 1634 3929 οἴδαμεν.
1669 3877 1688 3910 ι
1731 3858 1921 3912 Καίτοι

339 3947 449 3999 τῶν
470 3950 963 4019 προσκυνουμένων
999 3952 1028 4003 6
1047 3950 1192 4013 Υἱὸς,
1223 3949 1283 4002 οὐ
1312 3949 1420 4001 τῶν
1455 3948 1919 4021 προσκυνούντων,

340 4038 479 4091 ἐστι.
519 4057 536 4089 ι
566 4039 1112 4111 Προσκυνησάτωσαν
1145 4041 1254 4112 γάρ
1294 4040 1465 4111 αὐτῷ,
1514 4042 1673 4111 φησι,
1722 4042 1924 4105 πάντες

338 4132 563 4201 ἄγγελοι
590 4134 747 4188 Θεοῦ.
794 4156 812 4187 ι
853 4136 964 4192 Καὶ
997 4138 1124 4206 περὶ
1148 4139 1245 4208 μὲν
1276 4137 1523 4205 ἀγγέλων
1559 4140 1591 4208 ἢ
1620 4139 1813 4210 ἐτέρας
1844 4159 1925 4194 τι-

337 4224 429 4286 νὸς
475 4224 574 4293 τῆς
602 4225 724 4278 κατ’
771 4226 971 4288 αὐτοὺς
996 4225 1204 4290 τάξεως
1248 4226 1399 4280 οὐδὲν
1451 4227 1676 4297 φέρεται
1716 4228 1925 4282 τοιοῦτο

335 4316 491 4384 παρὰ
518 4317 638 4378 ταῖς
664 4313 839 4378 θείαις
870 4316 1132 4387 Γραφαῖς.
1159 4316 1233 4369 Οὐ
1265 4315 1373 4386 γὰρ
1405 4316 1657 4384 ἀγγέλοις
1702 4317 1922 4371 κελεύε-

334 4407 429 4460 ταί
448 4425 531 4469 τις
557 4411 909 4478 προσκυνεῖν,
941 4407 1081 4461 ἀλλὰ
1112 4408 1259 4478 μόνῳ
1290 4408 1430 4478 Θεῷ.
1456 4409 1769 4480 Γέγραπται
1792 4410 1921 4483 γάρ’

340 4520 357 4549 ι
385 4498 592 4559 Κύριον
615 4499 707 4551 τὸν
729 4499 863 4551 Θεόν
893 4516 988 4552 σου
1017 4501 1438 4571 προσκυνήσεις,
1476 4501 1569 4553 καλ⁸
1593 4500 1742 4571 αὐτῷ
1774 4503 1921 4573 μόνῳ
1954 4527 1999 4585 υ

335 4590 680 4660 λατρεύσεις.
720 4610 739 4642 ›
770 4592 979 4662 Ὥσπερ
1011 4592 1189 4645 τοίνυν
1221 4591 1693 4664 προσκυνούμενος
1722 4594 1750 4646 6
1773 4592 1919 4657 Υίὸς,

334 4685 668 4751 προσκυνεῖν
693 4698 858 4751 φησιν
884 4683 1274 4753 οἰκονομικῶς,
1309 4683 1384 4745 ὠς
1416 4683 1722 4753 ἄνθρωπος,
1751 4684 1924 4746 οὕτως

332 4772 465 4825 ὅταν
484 4771 619 4835 Θεὸς
651 4772 793 4825 κατὰ
826 4773 986 4841 φύσιν
1019 4773 1299 4845 ὑπάρχων,
1318 4773 1452 4827 Θεὸν
1478 4774 1673 4827 ἑαυτοῦ
1702 4773 1794 4827 τὸν
1814 4776 1924 4829 Πα-

332 4866 471 4933 τέρα
499 4864 666 4935 καλῇ,
708 4864 870 4918 πάλιν
900 4864 976 4928 ὡς
1016 4864 1301 4937 ἄνθρωπος
1333 4866 1715 4937 οἰκονομικῶς,
1745 4867 1805 4920 οὐ
1834 4866 1924 4920 διὰ

332 4955 497 5008 τοῦτο
540 4956 636 5009 τοῦ
671 4950 811 5010 εἶναι
862 4955 995 5021 Θεὸς
1032 4956 1463 5030 ὲκὸληθήσεται·
1509 4958 1626 5012 ἀλλ’
1659 4960 1735 5024 ὡς
1780 4959 1922 5015 κατὰ

334 5048 499 5114 φύσιν
534 5048 687 5114 Υἰὸς,
721 5047 874 5103 ἔσται
901 5047 958 5102 δὲ
992 5049 1297 5119 ὁμοούσιος.

1023 5240 1225 5295 ΑΛΛΟ.

408 5350 469 5401 εξ
499 5353 559 5403 ἐν
588 5355 769 5423 μορφῇ
801 5353 938 5407 Θεοῦ
972 5355 1234 5426 ὑπάρχων
1261 5359 1289 5411 6
1323 5358 1450 5422 Υἱὸς
1481 5360 1575 5412 καὶ
1627 5360 1686 5412 ἐν
1715 5362 1919 5432 ἰσότητι

335 5441 514 5503 (τοῦτο
538 5445 648 5513 γὰρ
678 5447 708 5497 6
729 5446 940 5510 Παῦλός
967 5448 1146 5517 φησι),
1175 5448 1307 5501 Θεὸν
1336 5449 1447 5519 ἔχει
1472 5451 1614 5504 κατὰ
1641 5451 1803 5516 φύσιν
1828 5454 1921 5505 τὸν

335 5531 467 5583 Θεὸν
497 5536 591 5586 καὶ
624 5537 862 5609 Πατέρα,
893 5538 1117 5591 δύναται
1154 5538 1363 5602 τούτοις
1384 5542 1712 5596 ὑποπίπτειν
1739 5546 1771 5613 ἡ
1801 5543 1921 5596 θεία

1052 5710 1095 5739 9‘
1131 5707 1288 5761 Joan.
1328 5727 1416 5769 xx.
1459 5713 1537 5766 l7.

540 5777 585 5805 ’δ
620 5777 772 5830 Deut.
808 5794 879 5843 γι,
919 5778 1021 5844 t5;
1070 5779 1257 5832 Matth.
1296 5796 1366 5845 tv,
1408 5782 1492 5834 l0.

411 5704 456 5732 ’°
489 5703 643 5757 Juan.
683 5723 813 5768 xm,
860 5708 945 5761 l0.

411 5774 462 5825 6.
540 5777 585 5805 ’δ
620 5777 772 5825 Deut.
808 5794 879 5825 \‘l-
919 5787 938 5825 l

344 5786 382 5831 Ι,
411 5786 462 5825 υ.

1783 352 2225 411 THESAURUS'.

1644 5720 1686 5747 ”’
1717 5719 1949 5792 Philipp.
1988 5738 2048 5788 ιι,
2079 5724 2131 5787 6,
2172 5724 2221 5776 7.

3506 353 3621 407 118;

2700 467 2933 525 ALIUD.

2103 584 2233 649 Quae
2275 596 2307 636 a
2347 580 2578 635 naturali
2626 581 2768 636 inter
2801 596 2860 637 se
2888 581 3270 645 convenientia
3303 581 3610 637 identitate-

2032 688 2136 741 que
2175 673 2348 727 aliena
2376 681 2521 736 sunt,
2565 686 2628 726 ea
2660 672 2821 727 etiam
2861 674 3255 743 proprietatum
3298 672 3606 731 differentia

2034 764 2261 818 naturali
2308 763 2571 818 relatione
2601 762 2747 818 inter
2796 779 2859 818 se
2892 764 3325 831 distinguuntur.
3361 765 3609 835 Exempli

2032 854 2230 925 gratia,
2261 854 2421 907 homo
2460 862 2514 907 et
2550 868 2744 923 equus.
2795 852 2966 909 Homo
3007 855 3153 909 enim
3179 869 3321 924 equo
3358 856 3610 922 collatus,

2033 946 2276 1001 diversas
2324 944 2487 998 habet
2531 943 2930 1013 proprietates;
2980 959 3181 1014 equum
3232 960 3359 1002 vero
3405 946 3453 1001 si
3488 961 3610 1002 cum

2036 1037 2253 1092 homine
2293 1034 2566 1101 conferas,
2600 1049 2705 1090 non
2741 1035 2929 1109 eadem
2964 1037 3181 1105 utrique
3212 1048 3339 1092 sunt
3372 1039 3607 1108 propria.

2035 1126 2091 1182 Si
2128 1141 2257 1196 ergo
2288 1124 2552 1180 naturalis
2586 1124 2767 1195 aliqua
2806 1126 3065 1180 distantia
3116 1136 3265 1182 arcet
3308 1128 3525 1193 Filium,
3556 1140 3612 1184 et

2031 1217 2266 1273 alienum
2317 1231 2382 1271 ac
2420 1217 2694 1271 diversum
2738 1216 2808 1271 ab
2853 1218 3088 1271 essentia
3123 1216 3305 1271 Patris
3348 1218 3609 1282 declarat,

2033 1326 2142 1381 quo
2187 1318 2347 1380 pacto
2380 1308 2559 1365 Patris
2607 1310 2969 1379 proprietates
3011 1326 3205 1380 gerere
3247 1310 3608 1381 deprehendi-

2036 1404 2156 1458 tur?
2184 1418 2293 1473 quo
2338 1412 2499 1471 pacto
2531 1417 2660 1457 vero
2692 1401 2876 1468 Pater,
2924 1402 2969 1456 si
3005 1403 3233 1458 diversae
3270 1412 3355 1458 est
3400 1411 3610 1457 natura:

2035 1512 2063 1547 a
2100 1494 2256 1561 Filio,
2284 1509 2403 1563 quae
2433 1495 2647 1564 prppria
2685 1503 2813 1548 sunt
2837 1492 2993 1559 Filio,
3016 1495 3233 1562 gestat?
3265 1494 3436 1549 Verax
3463 1496 3610 1548 enim

2033 1595 2116 1640 est
2145 1587 2421 1652 Servatur,
2462 1588 2527 1641 ad
2564 1585 2777 1641 Patrem
2811 1586 2999 1640 dicens
3033 1606 3045 1640 :
3086 1606 3103 1637 ι
3140 1585 3330 1642 Omnia
3368 1601 3486 1641 mea
3516 1595 3621 1641 tua.

2034 1688 2179 1739 sunt,
2209 1687 2261 1730 et
2290 1678 2470 1732 omnia
2518 1686 2605 1731 tua
2650 1687 2774 1732 sunt
2810 1692 2927 1731 mea
2954 1679 3023 1732 ὀ.
3062 1697 3079 1729 ι
3115 1678 3170 1733 Si
3205 1678 3368 1747 igitur
3405 1678 3607 1741 omnia,

2035 1785 2198 1823 unum
2238 1784 2370 1824 vero
2412 1770 2656 1823 omnium
2703 1777 2788 1823 est
2828 1770 2970 1853 qugd
3020 1784 3231 1823 summe
3276 1770 3473 1822 bonum
3505 1777 3608 1829 est,

2031 1859 2133 1912 erit
2159 1858 2322 1913 etiam
2353 1860 2468 1914 haec
2496 1858 2747 1913 essentiaa
2772 1852 3014 1926 paterna:
3045 1856 3350 1925 proprietas
3391 1856 3444 1909 iu
3471 1852 3609 1907 Filio

2029 1950 2121 2019 qui
2154 1965 2218 2003 ex
2250 1949 2407 2004 Patre
2432 1948 2716 2018 processit.
2742 1947 2842 2014 Qui
2875 1963 3005 2002 vero
3026 1958 3267 2015 paternae
3292 1945 3610 2001 substantiae

2028 2041 2387 2110 proprietates
2430 2040 2613 2104 habet,
2671 2040 2980 2093 necessario
3028 2040 3199 2093 etiam
3248 2038 3605 2093 consubstan-

2029 2130 2171 2183 lialis
2200 2139 2305 2183 esl.

2029 2243 2132 2312 71
2163 2241 2314 2312 Quod
2345 2244 2806 2300 consubstantialis
2833 2249 2903 2300 sit
2935 2243 3106 2300 Filius
3132 2244 3304 2309 Patri,
3329 2261 3392 2298 ex
3416 2246 3555 2298 dicto
3588 2259 3607 2296 :

2105 2331 2122 2363 ι
2171 2310 2314 2365 Vada
2361 2315 2430 2364 ad
2474 2312 2687 2366 Patrem
2729 2332 2925 2378 meum,
2976 2326 3023 2368 et
3076 2315 3288 2369 Patrem
3342 2324 3606 2377 vestrum;

2098 2393 2145 2435 et
2191 2380 2357 2435 Deum
2396 2399 2588 2449 meum,
2626 2395 2673 2438 et
2703 2384 2873 2439 Deum
2900 2394 3128 2439 vestrum
3149 2385 3215 2435 ".
3248 2402 3264 2435 ι

2098 2498 2228 2553 Cum
2266 2499 2357 2554 Dei
2404 2498 2635 2554 Verbum
2686 2499 2977 2554 humanam
3026 2498 3256 2553 formam
3291 2497 3606 2567 assumpsit,

2028 2598 2082 2644 et
2128 2598 2346 2659 propter
2392 2598 2634 2644 nostram
2674 2590 2917 2644 omnium
2966 2589 3196 2643 salutem
3240 2588 3512 2642 exsislens
3553 2588 3605 2641 in

2030 2679 2200 2733 forma
2236 2680 2515 2745 Dei,.sicut
2538 2680 2798 2749 scriptum
2826 2691 2933 2746 est,
2959 2679 3265 2733 humiliavit
3286 2677 3603 2747 scipsum".

2030 2780 2141 2823 tum
2175 2779 2325 2824 certe
2370 2771 2534 2825 etiam
2569 2780 2626 2824 ut
2680 2774 2843 2825 homo
2874 2770 3146 2825 interdum
3183 2769 3440 2837 loquitur,
3473 2768 3604 2823 nihil

2026 2870 2209 2915 tamen
2246 2876 2365 2914 eam
2407 2862 2475 2916 ob
2524 2875 2741 2917 causam
2792 2861 2990 2915 divinae
3043 2874 3154 2915 suae
3193 2860 3380 2929 gloria:
3424 2858 3609 2912 detra-

2030 2950 2188 3006 hens.
2236 2951 2293 3006 Si
2341 2954 2484 3007 enim
2527 2967 2654 3008 vere
2688 2952 2862 3008 factus
2894 2963 2975 3007 est
3027 2952 3209 3019 homo,
3252 2965 3368 3006 non
3403 2948 3606 3008 idcirco

2028 3045 2186 3099 desiit
2219 3059 2340 3101 esse
2362 3047 2606 3111 Deus,ac
2640 3045 2879 3112 tametsi,
2917 3055 2976 3100 ut
3006 3044 3182 3116 factus
3213 3044 3399 3108 homo,
3431 3040 3607 3111 loqui-

2030 3145 2117 3191 tur
2137 3151 2258 3207 qua:
2284 3137 2489 3191 homini
2519 3137 2869 3202 conveniunt,
2904 3136 3035 3191 nihil
3067 3144 3243 3190 tamen
3272 3134 3468 3189 divinae
3493 3148 3606 3188 sua:

2027 3228 2275 3300 dignitati
2300 3228 2561 3294 discedit;
2590 3230 2683 3284 sed
2711 3229 2853 3284 idem
2885 3230 2999 3299 ipse
3028 3236 3133 3292 est,
3159 3226 3463 3281 humilitate
3482 3240 3605 3295 quae

2032 3321 2086 3375 in
2111 3320 2290 3375 verbis
2311 3330 2394 3376 est
2420 3322 2487 3376 ad
2520 3321 2947 3376 incarnationem
2983 3321 3171 3376 relata.
3203 3319 3356 3386 Quod
3380 3331 3506 3372 vero
3534 3319 3601 3371 ad

2026 3413 2456 3468 incarnationem
2484 3414 2784 3483 respiciens
2805 3413 3111 3484 hujusmodi
3144 3419 3205 3466 ut
3234 3410 3395 3464 homo
3422 3408 3602 3478 loqui-

2025 3512 2132 3571 tur,
2166 3505 2390 3573 pulchre
2434 3503 2667 3559 formam
2704 3518 2866 3573 quam
2906 3502 3201 3573 assumpsit
3239 3502 3406 3556 verbo
3439 3508 3603 3569 atque

2024 3609 2190 3665 opere
2227 3611 2452 3651 servans
2498 3610 2562 3651 ac
2603 3611 2713 3666 pra:
2752 3611 2812 3652 se
2856 3596 3060 3662 ferens,
3110 3595 3238 3650 hinc
3276 3607 3603 3663 cognoscere

2026 3686 2342 3755 poterimus.
2378 3687 2589 3744 Alicubi
2618 3689 2762 3743 enim
2793 3688 2861 3743 ad
2894 3689 3175 3744 mulierem
3205 3686 3601 3742 Samaritanam

2023 3775 2191 3831 Judaei
2243 3793 2533 3845 personam
2605 3778 2899 3846 praeferens
2952 3779 3025 3832 ita
3086 3778 3326 3846 loquitur
3371 3795 3383 3830 :
3432 3795 3452 3829 ι
3493 3776 3605 3832 Vos

2025 3867 2263 3921 adoratis
2293 3868 2436 3936 quod
2476 3867 2722 3931 nescitis,
2769 3882 2869 3921 nos
2908 3876 3088 3921 autem
3134 3868 3424 3921 adoramus
3460 3868 3604 3934 quod

2025 3958 2230 4013 scimus
2252 3957 2319 4012 “.
2355 3976 2373 4009 ι
2425 3956 2613 4027 Neque
2658 3957 2802 4010 enim
2838 3955 3009 4012 Filius
3058 3970 3132 4012 ex.
3176 3970 3367 4012 eorum
3416 3954 3605 4010 ordine

2024 4057 2108 4102 est
2131 4048 2221 4116 qui
2253 4048 2506 4113 adorant,
2537 4048 2633 4102 sed
2661 4047 2753 4117 qui
2782 4047 3099 4101 adorantur.
3140 4064 3158 4097 ι
3186 4044 3429 4100 Adorent
3457 4044 3600 4099 enim

2024 4154 2174 4202 eum,
2204 4140 2377 4209 inquit
2410 4140 2725 4210 Scriptura,
2759 4155 2951 4196 omnes
2978 4139 3155 4209 angeli
3189 4138 3286 4194 Dei
3308 4137 3377 4193 “.
3408 4156 3429 4191 ι
3459 4136 3600 4191 Nihil

2026 4246 2153 4285 vero
2190 4232 2460 4301 ejusmodi
2501 4242 2595 4287 aut
2644 4233 2854 4302 angelis
2893 4242 2988 4287 aut
3018 4231 3111 4287 ulli
3154 4230 3329 4287 ordini
3363 4245 3391 4284 a
3428 4229 3603 4284 sacris

2025 4322 2245 4377 Litteris
2310 4322 2572 4377 defertur.
2625 4322 2812 4392 Neque
2861 4322 3002 4377 enim
3053 4323 3343 4392 quisquam
3384 4318 3605 4389 iubetur

2026 4414 2247 4483 angelos
2301 4413 2555 4478 adorare,
2609 4418 2703 4470 sed
2749 4415 2926 4469 solum
2970 4414 3158 4471 Deum.
3204 4413 3477 4483 Scriptum
3522 4423 3604 4467 est

2024 4503 2208 4557 enim:
2244 4522 2264 4553 ‹
2300 4502 2587 4557 Dominum
2632 4501 2801 4556 Deum
2828 4511 2975 4555 tuum
3021 4501 3297 4565 adorabis,
3333 4509 3388 4555 et
3424 4500 3472 4555 ei
3501 4501 3602 4555 soli

2030 4592 2235 4646 servies
2257 4593 2326 4649 ³³.
2360 4611 2378 4645 ι
2420 4591 2886 4659 Quemadmodum
2935 4593 3099 4663 igitur
3145 4592 3190 4647 is
3223 4593 3308 4647 cui
3356 4593 3604 4647 adoratio

2030 4682 2278 4746 debetur,
2320 4685 2548 4739 adorare
2597 4699 2655 4739 se
2708 4685 2841 4738 dicit
2896 4692 3142 4753 respectu
3192 4682 3601 4746 incarnationis,

2030 4779 2090 4825 ut
2139 4772 2300 4827 homo
2346 4792 2359 4827 :
2407 4774 2503 4836 ita,
2551 4775 2766 4844 quando
2810 4775 2924 4842 ipse
2976 4770 3297 4826 naturaliter
3334 4770 3604 4824 exsisteus

2032 4864 2172 4918 Deus
2207 4864 2421 4921 Patrem
2467 4867 2634 4921 Deum
2677 4883 2831 4922 suum
2868 4875 3059 4932 vocat,
3102 4866 3294 4921 iterum
3343 4871 3400 4918 ut
3445 4863 3604 4917 horno

2030 4967 2284 5025 respectu
2327 4957 2718 5013 incarnationis
2764 4958 3023 5029 loquitur,
3074 4972 3179 5012 non
3223 4955 3427 5011 idcirco
3459 4952 3603 5009 Deus

2027 5063 2149 5103 esse
2198 5050 2418 5115 desinit,
2462 5053 2554 5105 sed
2608 5061 2664 5106 ut
2707 5052 3030 5109 naturaliter
3066 5051 3255 5117 Filius,
3288 5050 3393 5106 erit
3439 5048 3602 5105 etiam

2029 5138 2529 5195 consubstantialis.

2694 5250 2928 5307 ALIUD.

2100 5366 2155 5421 Si
2200 5368 2251 5421 in
2295 5367 2467 5421 forma
2518 5367 2934 5437 aequalitathue
2982 5364 3075 5419 Dei
3127 5364 3396 5419 exsistens
3433 5363 3603 5420 Filius

2028 5454 2127 5526 (ita
2152 5460 2294 5513 enim
2330 5458 2524 5512 Paulus
2552 5460 2671 5528 ait),
2704 5459 2869 5512 Deum
2918 5458 3079 5512 habet
3106 5460 3400 5512 secundum
3445 5470 3603 5511 naur-

2031 5564 2140 5601 ram
2173 5551 2344 5619 ipsum
2381 5550 2547 5605 Deum
2588 5565 2651 5604 ac
2683 5548 2921 5616 Patrem,
2952 5558 3007 5604 et
3045 5542 3225 5604 divina
3258 5557 3449 5603 natura
3478 5548 3600 5601 huic

2310 5726 2353 5757 ⁹³
2392 5722 2545 5781 δοθηι
2585 5740 2657 5789 ιν,
2692 5725 2781 5781 9-2.
2889 5727 2932 5759 ’³
2975 5724 3118 5783 Psal.
3162 5740 3302 5792 xcvr,
3336 5722 3399 5787 8;
3437 5718 3595 5773 llcbr.
