4110 6212
350 281 447 334 HI

1776 277 2215 335 TllESAL'RUS.

3515 282 3619 339 123

353 399 635 469 δύσφημον
666 402 1104 470 παραιτήσεται;
1139 400 1350 453 Οὐκοῦν
1378 400 1627 468 ἐκατέρῳ
1656 397 1833 467 καιρῷ
1874 413 1932 449 τε

2040 399 2177 464 Quid
2206 412 2336 453 vero
2364 412 2486 453 cum
2517 398 2839 453 crucifixum
2882 398 3120 454 viderit?
3146 414 3288 456 anne
3314 410 3480 455 etiam
3515 404 3618 460 hoc

354 493 450 544 καὶ
481 492 765 560 πράγματι
797 489 1055 554 σωζέσθω
1091 490 1153 543 τὸ
1192 491 1422 558 πρέπον,
1447 490 1542 544 καὶ
1567 487 1933 558 γυμναζέσθω

353 582 453 651 μὲν
484 583 575 648 τῆς
601 581 883 650 θεολογίας
909 584 939 635 ὁ
967 581 1144 649 λόγος,
1181 582 1254 652 μὴ
1286 583 1508 644 πάντως
1542 580 1603 648 ἐξ
1633 574 1708 634 ὧν
1737 581 1812 643 ὡς
1837 581 1935 633 ἀνα

349 673 564 743 θρωπος
589 672 840 738 φαίνεται
874 672 1071 739 λαλῶν,
1100 673 1213 727 ἀλλ’
1237 673 1297 737 ἐξ
1325 667 1399 726 ὧν
1427 676 1578 727 ἐστιν
1603 674 1667 725 ἐκ
1698 671 1933 741 Πατρὸς,

346 766 421 827 ὡς
459 764 588 827 Υἱὸς
615 765 712 817 καὶ
753 766 903 829 Θεός.
938 767 1333 837 Συγχωρείσθω
1367 766 1423 819 δὲ
1454 768 1522 837 τῇ
1567 763 1848 834 οἰκονομίᾳ
1867 765 1932 833 τῇ

351 854 491 924 μετά
516 855 740 925 σαρκὸς,
768 855 830 908 τὸ
858 855 1040 923 λέγειν
1068 857 1231 909 αὑτὸν
1258 856 1367 909 ἐσθ’
1391 857 1479 909 ὅτε
1502 856 1599 909 καὶ
1621 854 1658 909 ἃ
1694 854 1770 925 μὴ
1798 854 1934 924 πρέ-

348 962 440 998 πει
473 949 653 1015 γυμνῇ
689 947 784 1000 καὶ
813 947 936 1000 καθ’
968 946 1171 1017 ἑαυτὴν
1209 947 1343 1019 οὔσῃ
1386 950 1451 1018 τῇ
1481 947 1717 1017 θεότητι.
1765 947 1934 999 Ὅταν

349 1033 462 1100 οὖν,
495 1037 572 1099 ὡς
602 1037 921 1105 ἄνθρωπος,
961 1038 1096 1111 λέγῃ
1127 1038 1201 1109 μὴ
1228 1034 1370 1091 εἶναι
1424 1038 1628 1106 ἀγαθὸς
1657 1037 1830 1098 οὓτως
1859 1037 1934 1099 ὡς

348 1127 372 1177 ό
400 1124 618 1195 Πατὴρ,
653 1126 907 1195 φερέσθω
942 1128 1141 1197 μᾶλλον
1162 1128 1257 1181 καὶ
1285 1127 1442 1181 τοῦτο
1468 1127 1563 1180 ἐπὶ
1593 1128 1694 1199 τὴν
1724 1129 1934 1180 οἰκονο-

351 1216 483 1285 μίαν
524 1216 624 1287 τὴν
670 1216 813 1287 μετὰ
840 1218 1064 1289 σαρκὸς,
1094 1219 1187 1272 καὶ
1222 1218 1297 1289 μί·
1333 1218 1588 1273 ἁπτέσθω
1616 1219 1714 1289 τῆς
1745 1217 1947 1279 οὐσίας’

350 1306 438 1360 τοῦ
474 1307 605 1362 Υἰοῦ
638 1309 736 1363 καὶ
765 1310 925 1365 Θεοῦ.

360 1600 675 1669 Ἀπολογία
714 1600 935 1667 πιθανὴ
980 1601 1130 1668 πρὸς
1165 1591 1274 1654 τὸν
1317 1600 1734 1669 ἐρωτήσαντω
1769 1620 1787 1651 ι
1830 1601 1935 1654 Διὰ

412 1672 472 1724 τί
502 1687 579 1738 με
602 1671 798 1739 ,λέγεις
821 1671 1052 1740 ἀγαθόν
1068 1687 1086 1734 ;
1118 1672 1217 1725 καὶ
1245 1671 1539 1740 ἐξήγησις
1567 1670 1675 1725 τοῦ
1688 1670 1899 1738 ῥητοῦ.

2038 487 2158 543 Filii
2194 489 2531 559 divinitatem
2559 492 2667 558 pati
2695 491 2956 545 concedet
2986 490 3209 560 perinde
3248 501 3417 561 alque
3445 494 3617 548 homi-

2040 580 2301 633 uetn?An
2340 580 2520 649 potius
2552 579 2941 646 blasphemiam
2979 582 3222 637 vetabit?
3242 582 3617 638 Conservetur

2040 670 2220 740 itaque
2256 675 2400 741 quod
2430 671 2650 740 utrique
2680 680 2735 725 et
2774 674 3002 740 tempori
3038 682 3092 727 et
3127 672 3202 728 rei
3239 675 3518 738 convenit,
3563 683 3618 728 et

2038 761 2202 816 divini
2234 763 2503 817 sermonis
2544 764 2686 816 ratio
2712 761 3039 831 inquiratur,
3075 781 3180 819 non
3212 765 3266 819 in
3297 766 3612 821 universum

2036 870 2100 908 ex
2130 855 2194 909 iis
2215 870 2338 924 qua:
2378 864 2434 908 ut
2465 854 2625 908 homo
2662 855 2919 925 loquitur,
2957 855 3052 911 sed
3093 870 3155 911 ex
3188 858 3396 925 quibus
3428 868 3512 913 est
3549 872 3617 913 ex

2037 947 2220 1011 Patre,
2260 956 2319 1000 ut
2369 945 2537 1001 Filius
2580 956 2635 999 et
2663 945 2826 1001 Deus.
2871 946 3169 1000 Tribuatur
3201 963 3330 1003 vero
3356 949 3480 1004 hoc
3505 948 3618 1003 dis.

2036 1038 2341 1108 pensationi
2392 1053 2518 1092 cum
2575 1054 2742 1092 carne
2786 1038 2902 1092 sive
2935 1038 3320 1106 incarnationi,
3369 1042 3414 1094 si
3447 1040 3617 1095 inter-

2036 1131 2163 1185 dum
2196 1130 2311 1200 ipse
2357 1144 2419 1186 ea
2454 1131 2598 1184 dicat
2635 1146 2755 1199 qua:
2800 1132 2955 1184 nuda:
2989 1145 3053 1184 ac
3099 1145 3195 1200 per
3224 1146 3284 1186 se
3332 1130 3615 1186 exsistenti

2036 1222 2223 1276 deitati
2258 1237 2365 1276 non
2407 1222 2693 1290 quadram.
2727 1221 2861 1275 Cum
2911 1222 3073 1292 igitur
3100 1234 3159 1277 ut
3204 1223 3363 1278 homo
3396 1224 3528 1279 dicit
3558 1239 3619 1280 se

2038 1330 2143 1369 non
2174 1328 2294 1368 esse
2319 1313 2519 1368 bonum
2556 1315 2626 1368 ita
2658 1324 2715 1368 ut
2743 1313 2922 1379 Pater,
2964 1316 3029 1368 ad
3065 1315 3493 1370 incarnationem
3519 1331 3617 1385 po-

2038 1405 2144 1459 tius
2174 1404 2305 1458 illud
2342 1403 2630 1467 referatur,
2661 1418 2836 1474 neque
2861 1405 2929 1460 ad
2959 1406 3253 1460 essentiam
3288 1403 3410 1461 Filii
3433 1417 3487 1462 et
3518 1407 3610 1461 Dei

2036 1496 2311 1565 pertinuere
2331 1495 2610 1566 iudicetur

2043 1606 2287 1673 Defensio
2347 1606 2645 1660 verisimilis
2695 1605 2764 1657 ad
2815 1606 3227 1672 interrogantem
3271 1620 3290 1659 :
3332 1603 3488 1660 «Cur
3538 1621 3618 1660 me

2306 1677 2438 1730 dicis
2462 1677 2691 1732 bonum?
2719 1695 2736 1728 ι
2780 1675 2847 1728 Et
2881 1674 3163 1744 explicatio
3200 1676 3348 1730 dicti.

422 1778 778 1841 Ἐξεταστέον
817 1779 947 1850 ὃλην
989 1779 1087 1833 τοῦ
1122 1782 1486 1851 προκειμένου
1515 1780 1613 1853 τὴν
1648 1781 1923 1835 διὰνοιαν’

2106 1790 2297 1846 Totius
2342 1790 2418 1845 rei
2464 1789 2532 1845 de
2588 1803 2693 1859 qua
2741 1788 2953 1859 agimus
3007 1804 3204 1845 sensus
3260 1788 3619 1859 inquirendas

350 1872 435 1925 καὶ
462 1871 616 1923 οὕτω
640 1869 961 1941 γνωσόμεθα
992 1870 1202 1940 σαφῶς,
1220 1873 1357 1943 ὅπερ
1380 1872 1632 1925 ἐϐούλετο
1659 1872 1931 1927 διδάσκειν

350 1964 375 2014 ὁ
408 1961 666 2034 Χριστὸς,
698 1961 787 2014 διὰ
819 1961 914 2015 τοῦ
953 1963 1139 2031 φάναι*
1172 1982 1190 2014 ι
1226 1964 1292 2015 Ti
1328 1979 1395 2033 με
1420 1962 1599 2031 λέγεις
1623 1963 1865 2031 ἀγαθόν;
1907 1983 1926 2016 ι

352 2054 587 2125 Νομικὸς
620 2052 930 2123 προσῆλθεν
953 2052 1116 2123 (οὕτω
1153 2052 1263 2124 γὰρ
1296 2054 1651 2125 γέγραπται),
1691 2054 1752 2106 τὸ
1781 2055 1932 2118 ὅπως

356 2146 652 2216 σωθήσεται
684 2145 979 2217 μανθάνειν
1004 2145 1301 2215 ἐπιζητῶν.
1331 2142 1462 2199 Εἶτα
1490 2146 1764 2216 προτείνει
1787 2146 1932 2199 διδά-

356 2229 541 2289 σκαλον
560 2237 728 2290 αὑτὸν
748 2237 845 2289 καὶ
862 2236 1067 2304 ἀγαθὸν
1088 2235 1436 2307 προειρηκὼς
1460 2236 1540 2301 τὸ,
1567 2256 1585 2289 ι
1612 2237 1677 2290 Τί
1698 2238 1932 2308 ποιήσας

356 2325 485 2398 ζωὴν
513 2328 738 2381 αἰώνιον
770 2327 1198 2399 κληρονομήσως
1229 2347 1249 2380 ι
1290 2328 1434 2398 Πρὸς
1454 2326 1629 2382 ταῦτα
1656 2327 1890 2400 Χριστός
1912 2344 1927 2358 ο

363 2438 379 2471 ι
410 2420 468 2472 Τί
495 2436 564 2491 με
592 2420 792 2489 λέγεις,
826 2420 1013 2489 φησιν,
1044 2418 1279 2486 ἀγαθόνς
1312 2418 1501 2483 Οὐδεὶς
1524 2418 1747 2487 ἀγαθὸς,
1780 2420 1829 2470 εἰ
1853 2419 1931 2489 μὴ

360 2504 470 2573 εἶςό
492 2511 647 2573 Θεός.
681 2511 926 2580 ’Υπαγε,
958 2511 1210 2583 πώλησόν
1242 2529 1334 2565 σου
1356 2511 1424 2565 τὰ
1456 2513 1770 2584 ὑπάρχοντα
1791 2553 1806 2578 ,
1837 2514 1932 2567 καὶ

362 2602 441 2664 δὸς
464 2606 718 2672 πτωχοῖς,
747 2604 844 2657 καὶ
870 2602 1016 2667 ἔξεις
1044 2602 1320 2675 θησαυρὸν
1344 2607 1404 2659 ἐν
1427 2605 1701 2675 οὐρανοῖς.
1743 2625 1763 2657 ι
1787 2605 1930 2659 Ἀλλ’

364 2695 454 2748 οὐκ
474 2696 704 2764 ἐνεγκὼν
726 2696 827 2765 τῆς
857 2694 1077 2765 ἐντολῆς
1099 2696 1161 2750 τὸ
1181 2696 1367 2768 βάρος,
1391 2697 1487 2751 καὶ
1508 2698 1777 2768 ἀτονήσας
1801 2700 1931 2769 περὶ

368 2786 454 2857 τὴν
483 2787 696 2859 ἀρετὴν.
741 2787 968 2851 ὀκλάζει
996 2788 1127 2857 περί
1175 2788 1236 2842 τὸ
1277 2789 1625 2863 πρόσταγμα.
1693 2782 1931 2862 Ἀπῆλθε

374 2884 487 2950 γὰρ,
506 2882 649 2953 φησι,
672 2880 1036 2951 λυπούμενος.
1061 2882 1220 2943 Ποῖος
1239 2877 1332 2934 οὖν
1347 2876 1415 2952 ἦν
1432 2882 1620 2936 ἐνθάδε
1649 2882 1930 2952 θεολογίας

380 2971 572 3039 καιρός
593 2972 685 3043 Τῷ
711 2973 770 3025 δὲ
798 2973 1157 3045 ἐρωτήσαντι,
1189 2972 1254 3025 Τί
1274 2974 1383 3043 ἄρα
1406 2974 1636 3043 ποιήσας
1662 2974 1815 3027 ἐσται
1834 2974 1931 3029 καὶ

389 3063 529 3156 αὐτὸς
553 3069 649 3129 τοῖς
674 3066 1003 3137 σωζομένοις
1029 3066 1378 3137 ἐναρίθμιος;
1413 3068 1566 3120 ποῖον
1602 3066 1717 3137 ἔχει
1745 3066 1926 3135 λόγον,
1954 3099 1996 3156 C

397 3155 466 3223 μὴ
496 3156 615 3225 ὅπερ
655 3157 871 3227 ἐξῄτησε
925 3158 1114 3227 μαθεῖν
1151 3156 1500 3226 ἀποκαλύψαι
1552 3157 1774 3228 μᾶλλον,
1810 3158 1925 3210 ἀλλ’

397 3246 566 3314 ἐτερόν
597 3264 643 3299 τι
663 3249 806 3317 παρὰ.
836 3249 896 3301 τὸ
936 3250 1130 3319 ἐκεινῳ
1186 3248 1521 3318 ποθούμενον
1560 3252 1769 3311 εἰπεῖνς
1805 3250 1928 3314 Πῶς

395 3334 449 3387 δὲ
477 3330 581 3387 οἷόν
609 3353 661 3389 τε
683 3334 747 3408 ἦν
764 3338 825 3390 τὸ
848 3340 1080 3407 ἐνεγκεῖν
1102 3341 1205 3393 ούκ
1239 3339 1542 3410 ἰσχύσαντα
1559 3343 1689 3412 μιᾶς
1709 3341 1928 3411 ἐντολῆς

387 3426 728 3498 εὐαγγελικῆς
763 3430 987 3500 φορτίον,
1030 3431 1093 3484 τὸ
1150 3431 1293 3502 ὑπὲρ
1342 3431 1520 3484 πάντα
1576 3431 1927 3486 διδάσκεσθαι

374 3518 680 3588 μυστήριον,
726 3517 896 3587 οὕτως
934 3520 1227 3576 ἀτονοῦντα
1281 3522 1412 3593 περὶ
1435 3520 1533 3593 τὴν
1558 3522 1676 3588 τῶν
1706 3522 1927 3591 ἀγαθῶν

367 3607 561 3675 ἔφεσιν.
583 3610 655 3674 ὡς
674 3611 809 3681 μηδὲ
824 3612 967 3683 λόγῳ
989 3612 1251 3667 δύνασθαι
1272 3614 1478 3683 ταύτην
1504 3615 1736 3684 χωρεῖν;
1758 3614 1927 3667 Λελύ-

363 3716 519 3769 πηται
548 3702 670 3773 γὰρ,
694 3703 772 3765 ὠς
800 3703 1133 3774 γέγραπται.
1183 3704 1403 3776 Ἐπειδὴ
1431 3705 1611 3758 τοίνυν
1640 3704 1927 3777 ἄνθρωπον

358 3786 557 3856 βλέπων
594 3793 623 3844 ό
670 3794 916 3861 νομικὸς,
967 3792 1041 3856 ὡς
1080 3793 1353 3865 ἀνθρώπῳ
1382 3795 1634 3866 πρόσεισι
1661 3833 1676 3858 ,
1712 3795 1805 3848 καὶ⁸
1851 3794 1927 3859 ὡς

353 3878 497 3948 ψιλὸν
532 3882 815 3956 ἄνθρωπον
856 3886 1073 3955 ἐρωτᾷ,
1117 3885 1416 3957 ἐξελέγχων
1458 3887 1534 3949 ὠς
1564 3886 1784 3958 ἀμαθῆ,
1822 3887 1928 3957 μά-

351 3970 487 4024 λισθ*
526 3973 603 4025 ὃτι
638 3975 837 4042 σοφίας
883 3976 1154 4046 ὑπόληψιν
1188 3978 1661 4049 ἐπραγματεύετο,
1714 3978 1804 4032 διὰ
1833 3977 1923 4032 τοῦ

343 4062 512 4118 δοκεῖν
532 4067 743 4121 εἰδέναι
763 4068 857 4121 τὸν
883 4069 1071 4139 νόμον,
1094 4070 1338 4125 δυσωπεῖ
1363 4071 1537 4141 λέγων
1555 4090 1569 4103 ·
1592 4072 1769 4135 Μόνος
1792 4072 1927 4141 ἁγα-

340 4155 425 4220 θὸς
452 4159 589 4212 κατὰ
617 4158 893 4231 ἀλήθειαν
918 4162 946 4212 ὁ
975 4160 1127 4224 Θεός.
1151 4162 1216 4215 Τί
1244 4161 1530 4233 τοιγαροῦν
1550 4162 1626 4226 ὡς
1654 4162 1926 4235 ἀνθρώπῳ

335 4248 665 4318 προσελθὼν,
695 4250 762 4303 τὸ
792 4250 941 4321 μόνῳ
960 4252 1159 4321 προσὸν
1175 4252 1252 4322 τῷ
1281 4252 1398 4323 Θεῷ
1427 4252 1571 4307 κατὰ
1600 4253 1783 4322 φύσιν,
1803 4254 1926 4323 ἐμοὶ

333 4338 632 4411 περιτίθης,
672 4339 891 4407 ἀγαθὸν
926 4341 1252 4407 ἀποκαλῶνς
1276 4337 1372 4405 Εἷς
1398 4344 1506 4412 γάρ
1537 4345 1684 4395 ἐστιν
1711 4345 1740 4396 ό
1767 4342 1925 4413 φύσει

2033 1883 2191 1937 nobis
2242 1891 2359 1943 est;
2412 1888 2574 1948 atque
2626 1881 2699 1933 ita
2750 1877 3038 1933 manifeste
3080 1878 3450 1947 intelligemus
3491 1878 3617 1947 quid

2033 1973 2267 2029 voluerit
2315 1973 2510 2026 docere
2559 1970 2811 2027 Christus
2861 1970 3097 2025 dicens:
3138 1988 3157 2021 ι
3187 1969 3297 2024 Cur
3351 1985 3438 2025 me
3485 1968 3620 2022 dicis

2034 2064 2279 2118 bonum?
2313 2082 2330 2114 ι
2366 2061 2526 2131 Legis
2577 2061 2785 2131 peritus
2836 2061 3058 2128 quidam
3091 2061 3189 2131 (ita
3239 2060 3383 2114 enim
3429 2060 3620 2114 scribi-

2034 2156 2141 2225 tnr)
2171 2155 2284 2209 adit
2315 2154 2626 2220 Dominum,
2656 2152 2884 2222 cupiens
2918 2167 2984 2207 ex
3019 2167 3085 2207 eo
3115 2164 3447 2221 cognoscere
3475 2167 3616 2220 quo-

2032 2263 2157 2301 nam
2223 2255 2380 2315 pacto
2446 2246 2678 2299 salutem
2751 2252 3009 2300 aeternam
3094 2242 3354 2312 consequi
3412 2254 3614 2312 posset.

2032 2336 2235 2393 Deinde
2256 2338 2358 2391 hoc
2383 2336 2633 2407 petitioni
2660 2350 2771 2391 suae
2791 2336 3061 2406 prtetexit,
3095 2333 3415 2404 magistrum
3441 2334 3616 2404 ipsum

2031 2442 2153 2483 esse
2196 2437 2252 2482 et
2285 2427 2514 2492 bonum,
2564 2428 2639 2481 ita
2689 2426 2965 2482 Christum
3016 2424 3392 2494 compellans:
3430 2441 3449 2474 ι
3480 2424 3618 2488 Quid

2033 2519 2238 2573 faciens
2279 2518 2445 2572 vitam
2487 2526 2748 2572 aeternam
2784 2515 3111 2587 possidebo?
3141 2532 3160 2567 ι
3194 2514 3291 2569 Cui
3326 2512 3619 2570 Christus:

2035 2629 2055 2661 ι
2089 2610 2230 2677 Quid
2264 2625 2373 2676 me,
2404 2611 2599 2679 inquit,
2647 2610 2784 2665 dicis
2815 2608 3056 2664 bonum?
3086 2606 3258 2662 Nemo
3285 2606 3483 2672 bonus,
3517 2606 3616 2660 nisi

2030 2717 2173 2757 unus
2198 2703 2357 2759 Deus.
2394 2702 2569 2768 Vade,
2606 2712 2660 2758 et
2689 2702 2865 2757 vende
2899 2701 3079 2757 omnia
3106 2717 3225 2770 quae
3254 2700 3441 2765 babes,
3472 2708 3526 2754 et
3550 2700 3615 2752 da

2030 2796 2381 2867 pauperibus,
2433 2805 2490 2851 et
2540 2796 2766 2851 habebis
2819 2796 3148 2849 thesaurum
3209 2794 3262 2847 in
3321 2793 3563 2848 caelis".
3595 2810 3613 2843 ι

2031 2887 2195 2958 Atqui
2245 2887 2290 2942 is
2325 2903 2432 2942 non
2465 2889 2643 2942 ferens
2684 2887 2937 2957 praecepti
2977 2886 3211 2955 pondus,
3263 2893 3316 2939 et
3365 2882 3620 2953 languido

2030 2996 2157 3050 erga
2199 2981 2457 3035 virtutem
2504 2980 2710 3042 animo,
2747 2985 3084 3048 praeceptum
3135 2990 3239 3029 non
3282 2975 3617 3044 exsequitur.

2033 3071 2452 3135 Recessiteuim,
2480 3069 2675 3139 inquit,
2693 3077 2942 3122 «incestus.
2968 3067 3225 3133 Quaenam
3249 3066 3413 3137 igitur
3434 3066 3521 3118 hic
3536 3081 3621 3120 oc-

2036 3165 2185 3218 casio
2203 3172 2323 3217 erat
2343 3173 2399 3215 ut
2416 3161 2598 3215 divino
2621 3175 2772 3215 more
2792 3162 3106 3229 loqueretur
3126 3159 3147 3211 ?
3168 3158 3301 3212 Cum
3332 3172 3460 3210 vero
3489 3156 3621 3225 legis

2034 3256 2246 3325 peritus
2290 3255 2591 3323 interrogat
2644 3253 2773 3323 quid
2810 3252 3018 3306 faciens
3068 3250 3121 3304 in
3155 3264 3342 3303 eorum
3383 3249 3475 3318 qui
3507 3249 3618 3301 sal-

2030 3346 2191 3400 vandi
2226 3353 2354 3398 sunt
2396 3358 2681 3398 numerum
2728 3341 3049 3396 referendus
3080 3340 3180 3404 sit,
3218 3352 3479 3414 quanam,
3507 3338 3610 3389 ob-

2034 3456 2215 3505 secro,
2249 3439 2481 3502 ratione,
2503 3452 2607 3492 non
2644 3438 2695 3491 id
2727 3436 2870 3505 Quod
2903 3435 3123 3506 optabat
3151 3432 3315 3497 scire,
3350 3432 3425 3486 illi
3454 3431 3612 3498 expli-

2028 3542 2134 3591 cet.
2172 3532 2265 3584 sed
2293 3522 2471 3600 potius
2502 3529 2703 3598 aliquid
2742 3528 3017 3583 diversum
3046 3525 3114 3581 ab
3154 3539 3219 3579 eo
3246 3523 3393 3593 quod
3429 3524 3618 3591 cupie-

2026 3624 2139 3689 bat,
2169 3624 2243 3677 illi
2279 3624 2472 3678 dicat?
2495 3621 2613 3688 Quo
2641 3631 2798 3691 pacto
2826 3636 2957 3675 vero
3003 3618 3117 3673 Iieri
3151 3625 3365 3686 poterat
3411 3624 3490 3678 ut,
3526 3612 3617 3683 qui

2029 3729 2097 3768 ne
2129 3714 2288 3767 unius
2326 3713 2544 3782 quidem
2604 3712 2901 3782 evangelici
2938 3709 3194 3782 praecepti
3234 3707 3440 3778 pondus
3479 3707 3619 3761 ferre

2029 3812 2277 3876 poterat,
2328 3817 2590 3856 arcanum
2646 3802 2889 3854 Omnium
2947 3801 3247 3853 maximum
3304 3797 3614 3859 doceretur,

2030 3894 2233 3964 quique
2264 3893 2339 3947 ita
2381 3889 2670 3960 languidus
2702 3902 2765 3942 ac
2788 3888 3051 3942 remissus
3086 3889 3139 3939 in
3175 3886 3493 3953 appetendis
3524 3886 3618 3938 bo-

2029 3987 2115 4041 nis
2144 3996 2285 4052 erat,
2320 3997 2378 4040 ιιι
2407 3999 2475 4041 ne
2505 3983 2717 4039 ratione
2748 3982 2965 4052 quidem
3002 3994 3064 4033 ea
3092 3977 3375 4049 percipere
3402 3979 3620 4046 posset?

2028 4078 2257 4134 Mmstus
2287 4079 2431 4134 enim
2470 4086 2607 4143 erat,
2640 4085 2701 4132 ut
2754 4076 3015 4144 scriptum
3069 4071 3213 4127 est‘.
3263 4070 3398 4126 Cum
3437 4070 3619 4139 itaque

2028 4172 2162 4240 legis
2200 4171 2407 4240 peritus
2454 4169 2543 4224 ille
2589 4168 2867 4223 hominem
2927 4165 3078 4219 illum
3117 4176 3239 4219 esse
3275 4177 3526 4229 cernens,
3561 4171 3619 4214 ut

2029 4263 2354 4331 simpliciter
2403 4261 2676 4315 hominem
2730 4258 3115 4328 compellaret,
3177 4271 3416 4327 arguens
3463 4254 3612 4309 illum

2029 4353 2333 4421 imperitiae,
2362 4367 2427 4409 eo
2473 4350 2744 4421 praecipue
2793 4349 3015 4403 nomine
3051 4347 3199 4419 quod
3241 4346 3521 4416 sapientiae
3553 4344 3619 4396 ti-

328 4431 554 4499 ἀγαθὸς.
598 4433 752 4494 Θεὸς
800 4433 1024 4504 δηλαδή.
1081 4433 1145 4487 Εἰ
1193 4434 1292 4504 μὲν
1338 4430 1432 4488 οὖν
1460 4430 1607 4497 οἶδάς
1643 4452 1732 4505 με,
1767 4434 1921 4506 φησί,

2034 4445 2148 4498 tulo
2186 4457 2247 4498 se
2270 4442 2570 4512 juctitarct,
2621 4440 2873 4494 nimirum
2921 4440 3066 4509 quod
3108 4453 3168 4492 se
3205 4437 3454 4508 peritiam
3484 4433 3619 4500 legis

326 4520 450 4576 Θεὸν
488 4524 648 4591 ὄντα,
698 4525 803 4578 καὶ
841 4525 928 4577 διὰ
953 4524 1111 4578 τοῦτο
1137 4524 1364 4594 ἀγαθὸν,
1396 4528 1517 4579 ὅτου
1561 4525 1624 4597 δὴ
1654 4526 1812 4598 χάριν
1852 4526 1927 4590 ὼς

2033 4543 2381 4589 consecutum
2415 4534 2663 4602 putabat,
2691 4530 3011 4601 perstringit
3042 4529 3221 4595 illum,
3252 4526 3441 4589 dicens
3468 4541 3484 4578 :
3515 4524 3617 4575 So-

324 4615 592 4689 ἀνθρώπῳ
648 4617 948 4687 προσέρχῃ
986 4616 1164 4687 dum);
1197 4618 1262 4672 Εἰ
1294 4617 1351 4671 δὲ
1388 4619 1450 4671 οὐ
1491 4617 1768 4682 πιστεύεις
1791 4614 1928 4671 εἶναι

2033 4627 2111 4682 lus
2143 4627 2281 4681 Deus
2321 4641 2507 4681 revera
2532 4626 2705 4679 bonus
2740 4631 2845 4678 est.
2892 4620 3002 4676 Cur
3033 4621 3195 4689 Igitur
3234 4634 3321 4673 me
3353 4627 3410 4671 ut
3440 4614 3615 4668 homi-

323 4723 389 4775 με
417 4707 575 4774 Θεὸν,
609 4708 748 4763 ἀλλ’
779 4707 1067 4778 ἄνθρωπον
1096 4710 1199 4763 οἴει
1222 4727 1291 4779 με
1319 4709 1494 4780 ψιλὸν,
1527 4709 1578 4764 τί
1601 4710 1665 4782 δή
1700 4727 1830 4764 ποτε
1851 4709 1929 4780 τῷ

2033 4733 2151 4774 nem
2178 4717 2533 4779 -accedeudo.
2566 4714 2673 4787 74
2714 4716 2764 4769 id
2813 4713 2958 4783 quod
3001 4712 3100 4765 soli
3154 4711 3264 4764 Deo
3298 4704 3618 4761 naturaliter

321 4794 434 4867 Θεῷ
472 4799 698 4869 πρέπον
765 4798 987 4869 ἀξίωμα
1038 4800 1187 4871 μόνῳ
1235 4800 1572 4871 προσάπτεις
1622 4799 1925 4873 ἀνθρώπιεκ

2033 4812 2188 4873 inest,
2222 4810 2352 4865 mihi
2390 4809 2609 4874 tribuis,
2648 4810 2848 4864 bonum
2896 4823 2982 4862 me
3010 4803 3250 4859 vocans?
3293 4800 3443 4857 linus
3469 4797 3614 4852 enim

323 4888 585 4961 Ἔλεγχος
612 4887 721 4946 οὖν
759 4891 1001 4962 ἀμαθίας
1030 4893 1091 4946 τὸ
1118 4893 1407 4965 εἰρημένον
1437 4895 1585 4948 ἐστὶν
1605 4932 1621 4957 ,
1650 4894 1711 4947 ού
1744 4892 1926 4947 θεολο-

2035 4911 2225 4956 natura
2259 4918 2355 4956 sua
2398 4903 2569 4956 bonus
2596 4909 2702 4966 est,
2741 4898 2886 4955 Deus
2926 4897 3205 4954 nimirum.
3245 4892 3301 4948 Si
3335 4889 3500 4954 enim,
3537 4887 3615 4939 in-

314 4982 436 5047 γίας
463 4984 742 5049 ἀξίωσις.

2035 4993 2175 5061 quit,
2225 4993 2365 5048 nosti
2413 5006 2500 5046 tne
2548 4991 2715 5045 Deum
2760 5005 2906 5057 esse,
2962 4999 3127 5058 atque
3170 4984 3239 5039 ob
3290 4982 3342 5037 id
3394 4981 3616 5041 bonum,

312 5091 471 5143 quam
504 5080 581 5133 ob
613 5093 749 5133 rem
781 5090 872 5132 me
914 5086 974 5133 ut
995 5080 1200 5134 nudum
1242 5079 1517 5136 hominem
1574 5079 1830 5134 accedis?
1870 5080 1926 5135 Si
1967 5096 2098 5140 vero
2141 5101 2245 5140 nou
2292 5086 2473 5141 credis
2514 5099 2599 5140 me
2669 5097 2791 5139 esse
2834 5082 3027 5145 Deum,
3081 5080 3177 5135 sed
3234 5076 3367 5131 nihil
3412 5085 3611 5144 praeter

312 5168 598 5228 hominem
634 5174 929 5244 vulgarem
961 5190 1048 5229 me
1080 5191 1203 5231 esse
1232 5191 1446 5240 censes,
1479 5191 1581 5230 cur
1608 5172 1924 5244 dignitatem
1965 5194 2085 5248 quae
2122 5181 2223 5236 soli
2286 5182 2397 5237 Deo
2461 5182 2689 5237 debetur
2722 5176 2855 5233 mihi
2884 5175 3091 5231 homini
3128 5184 3339 5230 tantum
3387 5168 3619 5226 tribuis?

314 5264 533 5323 Dictum
565 5269 758 5339 igitur
795 5266 923 5333 hoc,
957 5276 1164 5321 tantum
1204 5269 1271 5322 ad
1313 5268 1795 5337 reprehensionem
1862 5270 2147 5341 imperitiae
2176 5273 2341 5340 illius,
2413 5288 2518 5329 non
2585 5274 2651 5328 ad
2703 5269 3007 5327 divinitatis
3037 5265 3459 5324 declarationem
3495 5276 3616 5331 ρει·-

310 5359 467 5416 tinet.

1032 5450 1236 5503 ΑΛΛΟ.

379 5561 444 5614 Εἰ
478 5559 576 5613 διὰ
618 5560 688 5613 τὸ
721 5558 982 5626 λέγεσθαι
1022 5560 1185 5629 μόνον
1214 5554 1351 5615 εἰναι
1391 5563 1483 5615 καὶ
1521 5564 1616 5620 ἕνα
1650 5565 1788 5620 κατὰ
1826 5565 1925 5636 φύ-

2713 5451 2941 5509 ALIUD.

2109 5565 2167 5621 Si
2197 5581 2260 5621 ex
2292 5581 2356 5622 eo
2386 5565 2528 5636 quod
2553 5566 2754 5621 dicitur
2778 5564 2922 5622 Deus
2956 5563 3102 5622 solus
3131 5578 3256 5620 csse
3288 5571 3450 5632 atque
3475 5571 3615 5613 unus

388 5717 435 5748 "
464 5715 649 5770 Marc.
684 5729 748 5777 ι,
801 5713 979 5767 17-21.
1070 5716 1080 5745 ¹
1120 5712 1253 5771 Ibid.
1291 5716 1385 5771 2‘2.
