4110 6212
439 318 541 375 125

1434 314 1494 369 S.
1538 312 1805 369 CYRILLI
1846 309 2314 367 ALEXANDRINI
2356 313 2675 367 ARCHIEP.

3602 320 3699 379 πει

442 428 761 488 naturaliter
793 428 989 491 bonus,
1033 424 1342 480 excluditur
1392 424 1494 478 bac
1530 426 1581 478 in
1613 434 1767 492 parte
1806 440 1835 476 a
1865 424 2017 477 simi-

2133 410 2206 478 ἦν
2238 427 2445 495 ἀγαθὸν
2467 428 2559 481 τὸν
2584 427 2737 493 Θεὸν,
2770 428 3093 484 ἐκϐάλλεται
3130 430 3233 500 τῆς
3252 431 3392 485 κατὰ
3425 433 3581 487 τοῦτο
3601 437 3699 506 ἒμ-

440 522 669 577 litudiue
699 534 821 574 cum
857 515 1019 573 Patre
1061 516 1249 580 Filius,
1286 525 1337 569 et
1371 515 1548 568 minus
1588 516 1760 567 bonus
1790 523 1891 580 est,
1931 523 2018 567 at-

442 630 547 683 que
579 613 780 666 idcirco
811 624 915 663 non
956 603 1452 665 consubstantialis,
1495 602 1638 656 dicat
1689 603 1843 657 nobis
1871 603 2020 671 quis-

443 708 584 772 piam
636 719 823 757 eorum
860 702 949 771 qui
996 700 1215 754 Christo
1266 695 1462 748 bellum
1514 694 1844 759 indixerunt,
1890 695 2019 763 quid

446 795 647 849 laciant
672 795 717 849 si
744 794 906 849 etiam
945 807 1042 845 nos
1073 789 1249 845 simile
1273 786 1476 855 aliquid
1507 786 1589 839 eis
1627 799 2016 854 proponamus.

449 887 585 939 Dicit
633 885 775 939 enim
825 883 1022 936 alicubi
1070 877 1287 947 quidam
1333 893 1400 932 ex
1445 879 1655 933 sanctis
1699 879 1764 932 de
1800 878 1906 931 Deo
1955 893 2020 931 ac

446 979 605 1032 Patre
640 976 780 1044 quod
814 976 952 1027 Deus
1002 971 1073 1023 sit
1121 969 1379 1031 lumen';
1428 970 1560 1022 dicit
1596 984 1722 1023 vero
1762 969 1901 1022 idem
1953 970 2021 1023 dc

446 1069 606 1131 Filio,
639 1066 783 1135 quod
822 1064 894 1118 sit
933 1062 1112 1115 lumen
1162 1075 1345 1116 verum
1374 1063 1415 1117 ³.
1462 1061 1599 1115 Ecce
1642 1060 1803 1114 Pater
1838 1061 2019 1115 lumen

446 1161 668 1221 dicitur,
721 1166 776 1209 et
823 1154 993 1208 Filius
1048 1157 1173 1207 item
1234 1153 1433 1209 lumen.
1490 1152 1599 1207 Soli
1651 1162 1828 1206 autem
1885 1151 2022 1206 Filio

447 1249 702 1302 tribuitur
736 1246 877 1315 quod
923 1247 991 1299 sit
1024 1261 1197 1298 verum
1248 1244 1450 1298 lumen.
1485 1242 1649 1297 Pater
1686 1243 1871 1311 itaque
1906 1258 2011 1295 non

444 1340 546 1393 crit
580 1354 765 1393 verum
814 1339 1017 1401 lumen,
1054 1339 1099 1391 si
1144 1338 1359 1404 quidem
1392 1335 1629 1390 Joannes
1659 1335 1712 1390 id
1754 1335 1853 1391 soli
1885 1336 2023 1392 Filio

446 1430 693 1484 ascribit.
731 1430 894 1500 Atqui
942 1429 1213 1483 neminem
1264 1429 1502 1482 arbitror
1549 1441 1614 1482 eo
1658 1429 1882 1482 insaniae
1929 1430 2023 1481 de-

449 1531 754 1583 venturum,
800 1531 858 1574 ut
891 1520 1025 1573 adeo
1070 1520 1286 1586 impiam
1333 1519 1641 1586 opinionem
1679 1518 1816 1573 tueri
1866 1518 2019 1576 velit.

449 1617 507 1670 Si
537 1629 669 1683 ergo
701 1630 821 1667 cum
847 1612 1014 1669 Filius
1044 1614 1189 1667 solus
1217 1627 1341 1667 vere
1376 1620 1599 1667 vocetur
1626 1621 1681 1666 et
1715 1612 1786 1667 sit
1818 1611 2020 1677 lumen,

447 1722 577 1761 vere
617 1707 780 1760 etiam
819 1706 920 1760 lioc
967 1708 1143 1775 ipsum
1186 1715 1270 1760 est
1309 1704 1488 1769 Pater,
1520 1720 1642 1759 cum
1676 1703 1835 1758 Pater
1869 1714 2024 1759 natu-

448 1798 636 1852 raliter
668 1798 739 1851 sit
774 1796 968 1861 bonus,
998 1807 1049 1851 et
1090 1796 1307 1865 quidem
1334 1795 1499 1861 solus,
1534 1798 1637 1850 erit
1658 1796 1822 1850 etiam
1854 1793 2023 1850 Filius

450 1889 774 1944 naturaliter
821 1889 1031 1952 bonus,
1082 1889 1536 1957 quemadmodum
1579 1896 1633 1940 et
1685 1886 1865 1940 Pater.
1921 1885 2023 1941 Ubi

451 1991 633 2036 autem
680 1991 761 2035 est
807 1980 1061 2035 identitas
1108 1990 1336 2044 natura),
1377 1980 1451 2033 ibi
1482 1980 1647 2033 etiam
1694 1978 1916 2033 omnino
1944 1987 2027 2032 est

450 2071 1009 2128 consubstantialitas.

1121 2248 1347 2306 ALIUD.

522 2365 580 2419 Si
616 2381 683 2418 ex
708 2379 774 2418 eo
800 2362 941 2431 quod
975 2361 1157 2429 aliqua
1192 2360 1244 2415 in
1271 2377 1328 2416 re
1353 2360 1568 2415 dill‘erat
1593 2360 1761 2415 Filius
1784 2374 1814 2413 a
1844 2359 2024 2426 Patre,

452 2457 512 2509 lit
546 2464 603 2509 ut
635 2472 738 2508 nou
770 2455 1012 2509 eamdem
1042 2468 1164 2507 cum
1204 2468 1269 2507 eo
1296 2452 1586 2506 essentiam
1621 2451 1828 2506 habere
1872 2452 1989 2505 dica
2010 2480 2028 2493 -

453 2557 562 2611 tur,
600 2546 692 2601 sed
728 2546 954 2599 alterius
986 2544 1201 2613 generis
1227 2552 1280 2598 et
1310 2544 1706 2608 quodammodo
1733 2552 2028 2597 extraneos

452 2642 544 2702 sit,
576 2647 725 2693 certe
760 2638 804 2692 si
852 2637 904 2691 iu
936 2636 1082 2690 nullo
1114 2633 1350 2698 dill‘erat,
1385 2632 1869 2689 consubstantialis
1899 2632 2025 2688 erit.

451 2731 585 2785 Cum
629 2744 758 2799 ergo
806 2743 965 2783 sacra
1006 2727 1290 2795 Scriptura
1321 2726 1454 2779 dicit
1487 2725 1553 2779 de
1584 2723 1743 2778 Patre
1772 2724 1914 2793 quod
1960 2723 2031 2778 sit

452 2822 658 2885 lumen,
693 2830 748 2875 ct
778 2835 969 2874 rursus
1002 2818 1196 2873 Filium
1235 2827 1390 2871 vocet
1418 2816 1626 2882 lumen,
1663 2816 1907 2884 nihilque
1943 2815 2030 2870 hic

454 2913 528 2967 sit
579 2912 721 2979 quod
772 2908 1184 2965 similitudinem
1239 2907 1531 2975 impediat,
1584 2915 1676 2959 aut
1730 2905 2031 2974 distinguat

457 3003 698 3072 (utrique
726 3000 870 3056 enim
916 3016 1104 3053 verum
1144 3000 1321 3053 lumen
1356 3000 1654 3065 tribuitur),
1690 2999 1817 3066 quid
1850 2997 2032 3052 obstat

456 3096 744 3167 quominus
767 3092 1249 3151 consubstantialis
1283 3090 1431 3146 Patri
1462 3090 1532 3145 sit
1562 3089 1772 3146 Filius?

1144 3183 1369 3240 ALIUD.

530 3278 586 3332 Si
623 3277 792 3331 Filius
827 3277 1053 3330 diversre
1097 3276 1348 3331 essentia:
1390 3284 1473 3329 est
1506 3289 1533 3327 a
1572 3273 1755 3337 Patre,
1792 3272 1899 3342 75
1924 3260 2032 3340 quo

461 3379 620 3436 pacto
651 3368 809 3423 Pater
836 3370 887 3422 in
923 3368 1038 3436 ipso
1070 3375 1316 3437 apparet,
1345 3377 1399 3420 et
1431 3367 1545 3434 ipse
1578 3368 1628 3419 in
1654 3365 1852 3419 Patre?
1882 3383 1901 3416 ι
1931 3364 2033 3430 Qui

462 3462 608 3513 enim
652 3459 786 3513 vidit
819 3474 925 3522 me,
962 3460 1159 3526 inquit,
1206 3458 1340 3512 vidit
1377 3467 1433 3512 et
1476 3457 1691 3511 Patrem
1729 3471 1906 3509 meum
1931 3455 1973 3508 δ.
2011 3472 2030 3507 ι

466 3549 653 3620 Neque
703 3564 832 3603 vero
871 3549 1107 3603 hominis
1149 3548 1378 3602 formam
1430 3548 1481 3602 iu
1521 3562 1663 3617 equo
1707 3556 2033 3602 Cernemus:

466 3655 642 3708 neque
698 3639 937 3693 vicissim
987 3638 1112 3706 equi
1167 3638 1391 3692 formam
1446 3638 1499 3691 in
1547 3638 1786 3693 nomine.
1850 3636 2039 3692 Simile

463 3730 608 3784 enim
642 3730 693 3782 iu
728 3728 895 3783 simili
939 3728 1214 3793 cernitur;
1247 3742 1367 3796 qua:
1413 3742 1542 3782 vero
1570 3727 1799 3782 diverse
1841 3727 2037 3797 speciei

467 3831 614 3888 sunt,
663 3832 716 3876 et
770 3838 797 3874 a
852 3820 1083 3875 naturali
1141 3819 1496 3874 similitudine
1544 3821 1686 3873 inter
1722 3832 1781 3873 se
1828 3820 2038 3874 discre—

469 3923 618 3984 pant,
649 3929 920 3982 nunquam
963 3912 1131 3967 altera
1169 3910 1354 3967 alteris
1386 3911 1566 3965 inesse
1596 3919 1909 3965 cernentur.
1953 3909 2041 3960 Vi-

469 4007 629 4060 detur
661 4017 838 4059 autcui
875 4004 1035 4058 Pater
1062 4007 1117 4057 in
1148 4002 1309 4066 Filio,
1337 4012 1391 4055 et
1421 4000 1590 4054 Filius
1627 4000 1679 4053 in
1718 3999 1897 4055 Patre.
1924 3996 2040 4052 Non

469 4113 621 4165 ergo,
654 4105 713 4149 ut
742 4111 837 4149 vos
871 4094 1190 4162 opinamini,
1226 4092 1454 4145 diversa:
1485 4089 1802 4143 substantiae
1836 4098 1919 4142 est
1955 4090 2043 4143 Fi-

473 4189 596 4249 lius,
634 4186 728 4239 sed
772 4183 1278 4250 consubstantialis,
1331 4190 1389 4235 ut
1425 4182 1713 4236 character
1765 4187 1819 4235 et
1868 4180 2044 4251 imago

474 4277 649 4331 Patris
674 4278 733 4337 '.,

475 4390 629 4455 Quod
679 4388 852 4442 Filius
898 4391 966 4443 sit
1013 4389 1478 4443 consubstantialis
1536 4387 1723 4455 Patri,
1778 4391 2046 4458 proposito

2122 520 2348 589 φερείας
2379 538 2437 572 τε
2465 522 2559 574 καὶ
2589 522 2907 592 ὁμοιότητος
2935 523 2964 574 6
2995 522 3121 586 Υἱὸς
3152 540 3255 593 της
3288 525 3423 594 πρὸς
3460 525 3552 581 τὸν
3590 528 3698 582 ﬂa-

2120 610 2269 681 τέρα,
2309 614 2472 683 φημὶ,
2512 613 2607 667 καὶ
2623 612 2843 666 ἔλαττον
2873 613 3026 667 ἔσται
3058 614 3293 682 ἀγαθὸς,
3322 616 3409 669 διά
3444 634 3504 669 τε
3543 617 3700 671 τοῦτο

2120 702 2217 770 οὐχ
2248 702 2553 771 ὁμοούσιος,
2587 705 2848 775 φρασάτω
2880 723 2963 768 τις
2998 707 3131 776 ἡμῖν
3169 706 3277 761 τῶν
3310 712 3699 778 χριστομαχεῑν

2120 792 2410 855 εἰωθότων,
2445 793 2497 846 τί
2527 794 2634 864 ἄρα
2661 795 2885 865 ποιήσαι
2917 795 3045 847 ὅταν
3081 794 3175 848 καὶ
3203 796 3366 865 ἡμεῖς
3409 796 3704 867 προθῶμεν

2121 884 2305 946 αὐτοῖς
2333 884 2507 953 τούτῳ
2541 886 2959 957 παραπλήσιονς
2991 886 3153 955 Λέγει
3186 887 3284 956 μὲν
3311 887 3422 956 γάρ
3440 904 3543 940 που
3570 891 3699 959 περὶ

2120 975 2253 1029 Θεοῦ
2279 977 2371 1030 καὶ
2407 978 2621 1048 Πατρός
2640 995 2724 1041 τις
2751 978 2860 1030 τῶν
2890 976 3059 1046 ἁγίων
3079 978 3162 1031 ὅτι
3194 979 3223 1030 6
3254 978 3387 1041 Θεὸς
3416 978 3533 1047 φῶς
3558 982 3693 1033 ἐστιν

2120 1066 2267 1135 λέγει
2285 1067 2344 1121 δὲ
2373 1070 2614 1140 καὶπερὶ
2640 1068 2734 1122 τοῦ
2770 1068 2923 1132 Υίοῦ,
2941 1070 3022 1122 ὅτι
3043 1070 3137 1123 καὶ
3164 1065 3231 1139 ἦν
3251 1070 3312 1124 τὸ
3340 1071 3456 1139 φῶς
3477 1071 3539 1123 τὸ
3564 1073 3698 1143 ἀλη-

2122 1158 2285 1213 θινόν.
2332 1159 2599 1228 Ἰδουφῶς
2631 1161 2659 1212 6
2693 1159 2905 1231 Πατὴρ,
2936 1158 3052 1229 φῶς
3090 1161 3185 1214 καὶ
3211 1162 3240 1213 6
3273 1160 3416 1224 Υἱός.
3448 1162 3613 1233 Μόνῳ
3638 1163 3699 1216 δὲ

2110 1248 2197 1320 ’τῷ
2228 1251 2342 1321 Υίῷ
2364 1251 2685 1321 πρόσκειται
2706 1251 2765 1304 τὸ
2792 1252 3103 1317 ἀληθινόν.
3142 1252 3567 1324 Ἐκόληθήσεται
3589 1256 3701 1324 ἄρα

2119 1341 2213 1393 τοῦ
2242 1336 2378 1394 εἶναι
2419 1342 2555 1393 κατὰ
2589 1340 2847 1411 ἀλήθειαν
2874 1341 2988 1408 φῶς
3022 1342 3050 1392 ὁ
3088 1340 3296 1410 Πατὴρ,
3332 1340 3523 1412 ἐπειδὴ
3553 1342 3698 1411 μόνῳ

2120 1430 2280 1484 τοῦτο
2311 1430 2653 1502 περιτέθεικε
2672 1430 2749 1501 τῷ
2768 1430 2883 1500 Υἱῴ
2909 1433 2940 1501 ἡ
2964 1430 3055 1484 τοῦ
3091 1430 3334 1486 Ἰωάννου
3363 1434 3535 1502 φωνή.
3555 1432 3697 1484 Ἀλλ’

2121 1523 2220 1577 οὐκ
2248 1522 2336 1587 ἂν,
2361 1518 2534 1592 οἶμαι,
2563 1523 2648 1586 τὶς
2679 1524 2761 1586 εἰς
2792 1520 2953 1575 τοῦτο
2976 1522 3171 1592 μανίας
3200 1522 3389 1575 ἐλάσαι
3429 1522 3589 1584 ποτὲ.
3621 1522 3699 1586 ὡς

2123 1613 2278 1668 τοῦτο
2324 1612 2737 1685 παραδέξασθαι
2768 1616 2830 1667 τὸ
2868 1612 3210 1683 δυσσέϐημα.
3249 1612 3313 1667 Ei
3352 1612 3532 1665 τοίνυν
3558 1614 3700 1667 κατά

2125 1706 2380 1775 ἀλήθειαν
2402 1706 2552 1770 ὄντος
2569 1723 2631 1759 τε
2664 1706 2758 1759 καὶ
2801 1704 3134 1775 καλουμένου
3178 1704 3357 1775 φωτὸς
3399 1704 3561 1775 μόνου
3602 1704 3703 1757 τοῦ

2128 1792 2283 1860 Υίοῦ,
2310 1794 2427 1864 φῶς
2447 1795 2589 1849 κατὰ
2610 1794 2868 1865 ἀλήθειάν
2896 1796 3012 1848 ἐστι
3040 1796 3135 1847 καὶ
3154 1798 3183 1849 6
3208 1795 3417 1865 Πατὴρ,
3444 1796 3539 1848 καὶ
3568 1776 3702 1864 ἀγα·

2128 1885 2222 1939 θοῦ
2246 1886 2387 1940 κατὰ
2411 1885 2572 1956 φύσιν
2599 1888 2749 1950 ὄντος
2784 1886 2877 1940 τοῦ
2910 1887 3121 1958 Πατρὸς
3158 1888 3253 1940 καὶ
3279 1888 3364 1941 ἐπ’
3396 1886 3560 1940 αὐτοῦ
3589 1890 3701 1939 κεῖ-

2126 1996 2215 2032 ται
2243 1979 2304 2031 τὸ
2337 1980 2515 2048 μόνος,
2555 1979 2709 2032 ἔσται
2735 1979 2876 2032 κατὰ
2902 1979 3063 2049 φύσιν
3108 1980 3312 2047 ἀγαθὸς
3343 1980 3441 2032 καὶ
3485 1982 3514 2033 6
3550 1980 3701 2043 Υἱὸς,

2126 2069 2314 2140 ὥσπερ
2346 2071 2441 2124 καὶ
2472 2072 2500 2123 6
2538 2072 2751 2142 Πατήρ.
2795 2071 2969 2124 Ὅπου
3022 2071 3080 2124 δὲ
3135 2069 3349 2133 φύσεως
3401 2070 3697 2140 ταυτότης,

2129 2166 2246 2217 ἐκεῖ
2271 2164 2488 2226 πάντως
2512 2163 2663 2218 ἔσται
2684 2164 2852 2218 καὶτὸ
2871 2163 3177 2233 ὁμοούσιον.

2813 2258 3019 2311 ΑΛΛΟ.

2199 2375 2261 2428 Ei
2292 2373 2353 2425 τὸ
2381 2389 2523 2425 κατα
2539 2388 2591 2424 τι
2618 2371 2895 2441 διαφέρειν
2918 2371 3011 2423 τὸν
3038 2372 3169 2424 Υἱὸν
3195 2370 3270 2434 ὡς
3300 2369 3435 2440 πρὸς
3462 2369 3709 2423 τὸνέαυ-

2128 2464 2222 2518 τοῦ
2251 2465 2491 2535 Πατέρα,
2519 2464 2617 2533 τὴν
2654 2463 2823 2533 αὐτὴν
2860 2464 2960 2515 οὐκ
3000 2461 3145 2533 ἔχειν
3190 2460 3339 2531 αὐτῷ
3376 2462 3590 2515 δίδωσιν
3614 2461 3707 2513 οὺς

2131 2556 2272 2620 σίαν,
2299 2556 2415 2610 ἀλλ’
2439 2554 2728 2625 ἑτερογενῆ
2751 2554 2846 2610 καὶ
2867 2553 3098 2622 ἔκφυλον
3125 2553 3313 2623 ὥσπερ
3339 2552 3499 2605 αὑτὸν
3525 2554 3703 2623 ἁπερ-

2129 2650 2377 2719 γὰζεται,
2410 2649 2470 2700 τὸ
2505 2647 2646 2700 κατὰ
2670 2647 2836 2717 μηδὲν
2860 2646 3138 2715 διαφέρειν
3183 2645 3467 2715 ὁμοοὺσιον
3492 2643 3711 2696 ἀποδει-

2130 2738 2301 2793 κνύει.
2326 2739 2493 2791 Ὅταν
2522 2732 2615 2790 οὖν
2635 2737 2669 2806 ἡ
2696 2735 2817 2788 θεία
2837 2734 2971 2804 λέγῃ
2995 2733 3185 2803 Γραφὴ
3215 2732 3342 2803 περὶ
3365 2730 3459 2783 τοῦ
3493 2729 3715 2800 Πατρὸς

2129 2832 2209 2884 ὄτι
2241 2830 2356 2899 φῶς
2385 2831 2551 2890 ἐστιν,
2578 2826 2827 2897 ἀποκαλῇ
2858 2826 2913 2879 δὲ
2947 2825 3110 2878 πάλιν
3133 2822 3247 2893 φῶς
3273 2822 3361 2874 τὸν
3398 2821 3534 2885 υἱὸν,
3582 2819 3709 2872 οὐδ-

2131 2922 2249 2985 ενὸς
2281 2922 2432 2983 ὄντος
2482 2918 2668 2972 ἐνθάδε
2720 2917 2814 2970 τοῦ
2850 2917 2949 2987 τὴν
2991 2915 3285 2986 ὁμοιότητα
3328 2911 3711 2982 διατέμνοντος

2134 3013 2333 3083 (κεῖται
2367 3011 2474 3082 γὰρ
2500 3009 2588 3063 ἐπ’
2613 3010 2815 3079 ἀμφοῖν
2842 3008 2903 3060 τὸ
2937 3006 3052 3075 φῶς
3088 2990 3476 3075 τὸόληθινὸν),
3515 3002 3567 3055 τί
3598 3019 3717 3054 κω-

2059 3099 2104 3160 C
2134 3105 2251 3159 λύει
2279 3104 2370 3157 τὸν
2390 3103 2517 3156 Υἱὸν
2540 3101 2826 3171 ὁμοούσιον
2857 3092 2998 3152 εἶναι
3020 3096 3098 3168 τῷ
3129 3096 3338 3167 Πατρί;

2819 3193 3022 3245 AAAO.

2205 3289 2269 3342 Εἰ
2300 3284 2606 3356 ἐτερούσιός
2654 3285 2803 3336 ἐστιν
2850 3284 2879 3334 6
2910 3281 3035 3344 Υἱὸς
3059 3280 3135 3344 ὡς
3165 3280 3302 3351 πρὸς
3341 3279 3435 3333 τὸν
3469 3278 3713 3349 Πατέρα,

2137 3379 2254 3442 πῶς
2286 3380 2314 3431 6
2340 3376 2528 3446 Πατὴρ
2555 3378 2614 3427 ὲν
2642 3374 2789 3444 αὐτῴ
2807 3372 3078 3441 φαίνεται,
3102 3373 3197 3425 καὶ
3225 3371 3386 3435 αὐτὸς
3415 3371 3474 3422 ὲν
3496 3369 3667 3440 Πατρί
3692 3386 3708 3433 ;

2143 3490 2162 3522 ι
2209 3470 2266 3520 Ὀ
2297 3466 2556 3538 ἑωρακὼς
2583 3466 2690 3537 γὰρ
2721 3464 2840 3533 ἐμὲ,
2866 3464 3051 3533 φησιν,
3074 3461 3284 3533 ἑώρακε
3316 3461 3408 3514 τὸν
3436 3460 3706 3530 Πατέρα.ο

2138 3561 2213 3615 υὺ
2243 3560 2351 3630 γὰρ
2377 3559 2439 3630 δή
2471 3576 2573 3611 που
2609 3557 2706 3626 τὴν
2752 3553 3042 3627 ἀνθρώπου
3090 3552 3304 3623 μορφὴν
3325 3554 3382 3605 ὲν
3406 3553 3556 3623 ἵππῳ
3581 3552 3713 3604 Θεω-

2146 3655 2415 3725 ρήσομεν·
2446 3650 2567 3705 οὐδὲ
2608 3646 2675 3702 αὖ
2700 3648 2860 3702 πάλιν
2893 3646 2991 3717 τὴν
3044 3646 3250 3698 ἐκείνου
3300 3643 3593 3713 κατόψεται
3628 3660 3712 3705 τις

2141 3743 2455 3814 ἀνθρωπεία
2496 3744 2701 3812 μορφῇ.
2729 3741 2804 3792 T6
2825 3739 2933 3809 γὰρ
2956 3739 3140 3807 ὅμοιον
3160 3739 3219 3790 ὲν
3246 3735 3417 3807 ὁμοίῳ
3444 3735 3710 3805 φαίνεταν

2143 3835 2211 3889 τὰ
2237 3835 2293 3887 δὲ
2321 3832 2616 3904 ἑτεῳειδῆ,
2643 3832 2738 3885 καὶ
2756 3831 2855 3900 τῆς
2873 3828 3118 3900 ἀλλήλων
3141 3826 3377 3897 φυσικῆς
3402 3826 3716 3896 ὁμοιότητος

2142 3924 2621 3995 ἀπεσχοινισμένα,
2658 3923 2759 3975 οὐκ
2781 3921 2849 3975 ἂν
2890 3924 2948 3975 ὲν
2991 3920 3238 3989 ἀλλήλοις
3269 3917 3511 3987 φαίνοιτό
3561 3933 3714 3969 ποτε.

2142 4016 2393 4070 Φαίνεται
2416 4016 2471 4068 δὲ
2505 4014 2625 4077 Υἱὸς
2649 4016 2706 4067 ὲν
2736 4014 2936 4083 Πατρὶ,
2962 4014 3054 4067 καὶ
3090 4011 3279 4082 Πατὴρ
3311 4012 3369 4065 ὲν
3418 4009 3551 4079 mp.
3604 4008 3717 4062 Οὐκ

2147 4106 2272 4176 ἄρα,
2310 4103 2431 4158 καθ’
2465 4104 2611 4173 ὑμᾶς
2649 4100 2975 4173 ὲτερούσιος,
3010 4102 3125 4155 ἀλλ’
3164 4098 3469 4171 όμοούσιος,
3512 4098 3589 4161 ὼς
3623 4114 3719 4167 χα-

2150 4194 2360 4265 ρακτὴρ
2386 4194 2479 4247 καὶ
2515 4191 2678 4246 εἰκὼν
2711 4191 2804 4245 τοῦ
2834 4192 3057 4263 πατρὸς.

2151 4389 2281 4442 Ὀτι
2331 4387 2651 4456 ὀμοούσιος
2688 4387 2721 4439 ὀ
2776 4384 2910 4450 Υἱὸς
2946 4383 3027 4456 τῷ
3073 4382 3275 4456 Πατρὶ,
3325 4381 3721 4456 ςιροκειμένοιξ

546 4461 684 4513 dicto
721 4473 785 4511 ιι
833 4459 980 4534 [udo
1029 4461 1097 4512 ad
1133 4458 1375 4534 I’alrem_
1403 4477 1571 4513 meum
1621 4470 1667 4512 et
1708 4429 1932 4534 ’Prijtre’in
1967 4476 2032 4514 ve-

2183 4429 3032 4534 νρᾖτὲξῧῖἲὶξώῴξὲτρἆ
3061 4429 3431 4534 ἱξδῖῖῑᾷτέίξὶ
3445 4429 3720 4534 ’λξὸῧξκὶιὶ

544 4540 732 4596 slrum,
766 4539 812 4583 et
848 4529 1014 4583 Deum
1045 4545 1215 4582 meum
1257 4541 1302 4582 et
1339 4530 1504 4582 Deum
1535 4539 1759 4583 rastrum
1784 4531 1825 4582 °.
1861 4549 1878 4581 ι

887 4641 971 4696 Ex
1002 4641 1287 4711 objections
1321 4641 1586 4696 Eunomii.

547 4757 613 4811 At
648 4771 755 4825 quo
786 4764 964 4825 pacto,
1003 4753 1197 4821 inquit,
1243 4751 1414 4807 Filius
1444 4762 1622 4820 potest
1669 4767 1788 4808 esse
1814 4753 2048 4807 consub-

476 4849 747 4903 stantialis
799 4846 968 4909 Patri,
1031 4860 1153 4899 cum
1211 4843 1386 4910 ipsum
1441 4844 1641 4898 habeat
1701 4843 1911 4898 Deum?
1973 4844 2047 4898 Ita

478 4939 622 4991 enim
671 4941 785 5007 ipse
835 4938 1109 5006 loquitur:
1147 4952 1165 4985 ι
1203 4932 1349 4986 Vario
1396 4935 1463 4987 ad
1506 4934 1719 4988 Patrem
1774 4950 1950 4988 meum
1995 4944 2051 4988 ct

481 5026 696 5078 Patrem
741 5035 1018 5088 vestrum,
1071 5034 1126 5079 et
1176 5021 1344 5077 Deum
1399 5037 1577 5076 meum
1631 5032 1685 5077 et
1743 5022 1907 5077 Deum
1958 5040 2051 5079 ve-

483 5125 694 5178 struin;
732 5132 751 5165 ι
803 5123 858 5167 et
907 5128 1171 5167 rursum:
1215 5130 1233 5164 ι
1265 5112 1404 5166 Deus
1452 5126 1625 5176 meus,
1681 5112 1821 5166 Deus
1874 5128 2048 5177 meus,

485 5220 581 5257 cur
616 5218 701 5257 me
728 5204 1101 5271 dereliquisti?
1130 5222 1149 5256 ι
1185 5202 1242 5258 Si
1281 5219 1406 5259 vero
1440 5204 1579 5258 Deus
1608 5202 1777 5270 ipsius
1810 5213 1914 5266 est,
1944 5218 2052 5273 quo

485 5305 644 5364 pacto
676 5297 782 5350 erit
806 5296 1326 5351 consubstantialis?
1352 5296 1483 5351 Nam
1512 5310 1633 5363 qua:
1666 5295 1903 5364 ejusdem
1928 5305 2054 5352 sunt

489 5394 715 5448 naturae,
754 5401 856 5438 non
905 5394 1066 5439 erunt
1104 5386 1273 5440 altera
1321 5385 1505 5440 alteris
1554 5384 1844 5439 secundum
1898 5394 2056 5439 natu-

491 5492 604 5529 ram
652 5475 769 5530 dii:
804 5476 1257 5545 quemadmodum
1308 5492 1407 5532 nec
1441 5477 1619 5530 aniuta
1662 5476 1817 5530 alteri
1860 5476 2052 5530 anima:

492 5568 631 5626 Dens
656 5580 775 5621 esse
804 5575 999 5635 potest,
1032 5583 1203 5635 ucqne
1232 5567 1454 5635 angelus
1487 5567 1697 5622 aucelo.

580 5724 636 5778 ιιι
673 5722 825 5780 Joan.
863 5739 899 5790 t,
933 5722 982 5777 5.
1061 5721 1255 5779 ’Joau.
1296 5737 1331 5788 l,
1364 5724 1413 5777 9.

1496 5723 1511 5751 ⁵
1542 5720 1695 5776 Joan.
1737 5735 1842 5783 xlv,
1882 5722 1933 5774 9.
2012 5718 2029 5749 '
2059 5716 2221 5773 llcbr.
2260 5732 2296 5783 ι,
2341 5715 2390 5769 ὖ.

2225 4517 2452 4595 Πατέρα
2482 4517 2670 4594 ὑμῶν,
2703 4517 2801 4577 mil
2833 4517 2981 4577 Θεὸν
3007 4540 3125 4592 μου
3158 4521 3254 4575 καὶ
3295 4517 3658 4589 Θεὸν-’ὐμῶνκ
3698 4537 3716 4569 ι

2422 4640 2743 4703 Ἄντίθεσις
2768 4638 2849 4704 ὠς
2889 4638 2960 4690 ἐκ
3003 4636 3121 4689 τῶν
3158 4634 3476 4703 Εὑνομὶου.

2222 4756 2331 4808 Καὶ
2363 4754 2500 4819 πῶς,
2525 4754 2709 4825 φησὶν,
2748 4754 2776 4805 6
2806 4751 2936 4813 Υἱὸς
2979 4748 3264 4819 όμοούσιος
3314 4742 3454 4801 εἶναι
3498 4745 3722 4801 δύναται

2151 4848 2229 4918 τῷ
2262 4846 2455 4917 Πατρὶ,
2492 4845 2626 4898 Θεὸν
2656 4845 2751 4897 καὶ
2779 4842 2941 4895 αὑτὸν
2973 4840 3110 4911 ἔχων
3136 4858 3150 4906 ;
3182 4839 3356 4894 Αὐτοῦ
3385 4839 3493 4911 γὰρ
3540 4839 3722 4907 φαίνε-

2155 4958 2243 4993 ται
2279 4938 2459 5007 φωνή·
2506 4956 2523 4987 ι
2560 4935 2871 5005 Πορεύομαι
2905 4933 3039 5003 πρὸς
3082 4933 3173 4986 τὸν
3218 4933 3439 5002 Πατέρα
3476 4948 3578 5001 μου
3629 4931 3725 4983 καὶ

2159 5029 2376 5099 Πατέρα
2406 5026 2579 5097 ὑμῶν,
2611 5026 2704 5078 καὶ
2729 5024 2862 5077 Θεόν
2899 5043 2999 5095 μου
3046 5025 3141 5077 καὶ
3168 5024 3300 5077 Θεὸν
3346 5022 3497 5093 ὑμῶν
3521 5038 3536 5053 ·
3576 5040 3595 5072 ι
3629 5023 3725 5074 καὶ

2159 5120 2320 5173 πάλιν
2342 5136 2355 5149 ο
2390 5138 2406 5170 ι
2434 5118 2535 5171 Θεέ
2567 5134 2687 5188 μου,
2716 5116 2815 5170 Θεέ
2847 5134 2971 5187 μου,
3002 5116 3087 5168 ἵνα
3106 5116 3158 5169 τί
3190 5133 3257 5185 με
3288 5113 3641 5183 ἐγκατέλιπες
3662 5131 3679 5179 ς
3701 5131 3719 5163 ι

2154 5213 2216 5265 Et
2244 5210 2299 5262 δὲ
2327 5209 2458 5272 Θεὸς
2494 5207 2660 5262 αὐτοῦ
2691 5209 2826 5269 ἐστι,
2852 5208 2969 5270 πῶς
2993 5206 3317 5276 όμοούσιοςς
3366 5204 3447 5258 Τὰ
3488 5203 3596 5273 γὰρ
3627 5204 3727 5273 τῆς

2151 5301 2323 5369 αὐτῆς
2362 5301 2490 5353 ὄντα
2523 5298 2738 5369 φύσεως
2788 5300 2887 5351 οὐκ
2922 5298 2989 5351 ἂν
3027 5293 3135 5350 εἶεν
3188 5297 3275 5350 ἐπ’
3326 5296 3533 5367 ἄλληλα
3587 5296 3727 5349 κατὰ

2152 5392 2313 5460 φύσιν
2334 5391 2444 5444 Θεοί
2462 5409 2474 5422 °
2500 5390 2575 5453 ὡς
2594 5390 2713 5442 οὐδὲ
2736 5388 2881 5460 ψυχὴ
2901 5388 3032 5452 Θεὸς
3052 5388 3117 5442 ἂν
3144 5386 3303 5458 ἑτέρᾳ
3326 5386 3534 5456 γένοιτο
3557 5386 3724 5457 ψυχῇ,

2151 5484 2273 5536 οὐδὲ
2303 5482 2529 5551 ἄγγελος
2557 5481 2792 5550 ἀγγέλῳ.

2471 5716 2488 5739 ⁸
2519 5712 2672 5772 Jaan.
2712 5726 2803 5775 xx,
2842 5710 2923 5766 l7.
