4032 6212
291 328 375 383 125
1661 318 1881 375 TllESA

1912 320 2103 379 JRUS.
2934 324 2947 351 '
3402 336 3504 392 196

742 435 900 503 Πρὸς
924 434 1109 488 ταῦτα
1128 436 1331 499 λύσις.
1858 437 1906 493 Α

1858 437 1906 493 Α
2432 441 2640 495 Salutio
2672 444 2991 511 objectiouis.

339 550 439 603 Οὐκ
460 545 777 601 αίσθάνεται
815 545 979 598 πάλιν
1012 545 1040 597 ό
1067 545 1434 614 χριπομάχος
1467 544 1673 614 κτίσμα
1710 545 1830 615 μὲν,

2004 547 2118 602 Non
2151 551 2315 605 sentit
2353 551 2547 606 iterum
2574 556 2744 611 hostis
2768 556 2968 612 Christi
2996 572 3053 611 se
3084 557 3366 613 Dominum
3394 576 3497 615 non

284 643 362 709 οὐχ
378 639 496 690 my
522 637 793 705 εἰσφέρων
818 635 910 688 τὸν
938 635 1163 704 Κύριον,
1189 633 1375 687 δοῦλον
1396 633 1450 687 δὲ
1485 634 1605 688 ἀντὶ
1625 635 1831 686 Δεσπό-

1932 650 1985 692 ιιι
2018 640 2235 706 F‘diutn,
2268 644 2363 697 sed
2398 654 2455 697 ut
2489 654 2791 701 creaturam
2845 649 3121 713 inducere,
3167 661 3224 705 et
3259 666 3496 714 servum,

284 749 376 791 του,
398 730 486 781 καὶ
514 728 707 797 λάτριν
733 726 855 778 ἀντὶ
882 724 1040 778 θεοῦ.
1075 726 1136 777 El
1166 726 1272 794 7&9
1303 725 1443 778 κατὰ
1469 725 1629 793 φύσιν
1659 726 1831 779 οίεται

1933 744 2036 781 non
2084 729 2401 796 Dominum,
2439 734 2733 800 famulum,
2765 754 2867 792 non
2903 738 3087 794 Deum.
3127 741 3182 795 Si
3220 742 3363 795 enim
3402 757 3498 797 ex-

282 822 389 875 Θεδν
420 816 554 872 εἶναι
588 818 685 870 τοῦ
708 816 838 869 Υἱοῦ
872 815 963 869 τὸν
994 816 1233 887 Πατέρα,
1268 815 1361 868 καὶ
1385 816 1486 886 τὴν
1509 816 1566 867 ὲν
1597 818 1709 878 τοῖς
1741 816 1833 869 ἆλ-

1931 819 2135 875 ἰεῖίιυειι
2164 820 2374 877 Patrem
2407 826 2701 880 secundum
2743 838 2987 883 naturam
3016 845 3135 885 esse
3166 830 3329 886 Deum
3355 831 3497 899 Filii,

281 914 371 975 λοις
393 909 703 979 οίκονομίαν
731 909 827 977 οὑχ
860 909 981 978 ὁρᾷ.
1018 906 1141 959 οὑτε
1172 905 1456 975 ὁμοοὺσιος
1497 904 1672 967 ἔσται,
1706 903 1831 957 οὔτε

1930 921 1984 964 et
2013 926 2117 964 non
2148 914 2329 980 potius
2364 915 2572 969 ratione
2601 917 3014 985 incarnationis,
3052 937 3227 990 neque
3266 926 3498 979 consub-

280 1002 543 1071 Δεσπότης,
578 998 710 1053 οὔτε
737 999 889 1061 Θεὸς.
934 996 1128 1060 Καλῶς
1166 997 1279 1067 7&9
1319 995 1385 1063 δὴ
1407 995 1533 1067 τῇδε
1562 995 1832 1067 διῐσχυρί-

1929 1002 2198 1057 stantialis
2219 1004 2344 1068 erit,
2368 1020 2543 1075 neque
2566 1007 2848 1072 Dominus,
2884 1025 3058 1079 neque
3089 1012 3252 1067 Deus.
3280 1013 3497 1083 Optime

278 1095 423 1157 ζεται.
464 1091 779 1144 Ἐκῦαλέτω
802 1088 1092 1159 τοιγαροῦν
1117 1087 1367 1159 φανερῶς
1395 1090 1488 1142 καὶ
1516 1088 1619 1156 τῆς
1648 1087 1831 1158 θεότη·

1930 1092 2077 1147 enim
2128 1094 2229 1148 hac
2264 1095 2470 1150 ratione
2498 1099 2777 1166 probatur.
2809 1100 3066 1156 Deturbet
3103 1103 3282 1171 itaque
3316 1115 3499 1173 aperte

276 1203 349 1247 τος
368 1185 456 1236 καὶ
477 1181 806 1254 κυριότητος
836 1180 929 1234 τὸν
951 1180 1098 1243 my,
1137 1180 1231 1232 καὶ
1258 1182 1369 1242 τοῖς
1407 1180 1676 1251 ποιήμασι
1701 1195 1828 1233 συν-

1929 1199 1961 1239 a
1987 1185 2187 1239 deitate
2218 1194 2273 1240 et
2297 1186 2668 1241 dominatione
2697 1188 2909 1255 Filium,
2945 1203 3000 1245 et
3025 1195 3292 1248 creaturis
3321 1210 3496 1249 annu-

277 1277 505 1336 ταττέτω,
545 1275 640 1328 ἶνα
685 1274 865 1345 σαφὴς
920 1272 1101 1327 αὑτῶν
1131 1274 1164 1342 ἡ
1206 1270 1489 1341 δυσφημία
1536 1271 1827 1342 γενομένη,

1929 1286 2121 1342 meret,
2161 1288 2239 1342 ut,
2276 1279 2559 1333 manifesta
2598 1279 2809 1334 illorum
2835 1282 3171 1352 blasphemia
3199 1285 3497 1353 patefacta,

279 1369 455 1430 πάντας
481 1365 793 1438 ἁναπείσῃς
819 1365 997 1433 λέγειν
1022 1380 1035 1394 ⁸
1071 1363 1349 1418 Πλανᾶσθε
1398 1363 1474 1434 μὴ
1507 1364 1707 1428 είδότες
1728 1367 1828 1428 τὰς

1930 1369 2120 1423 merito
2138 1383 2325 1422 omnes
2358 1369 2655 1424 exclament
2690 1389 2703 1424 :
2733 1371 2972 1425 «Erratis
3002 1374 3310 1429 nescientes
3340 1375 3493 1430 Scri-

279 1458 310 1509 Γ
314 1458 485 1526 ραφάς.
523 1458 661 1510 Δέον
689 1457 799 1526 γὰρ
841 1455 1114 1523 ἐξετάζειν
1156 1454 1254 1525 τὴν
1298 1456 1688 1525 κεκρυμμένην
1733 1454 1827 1508 τοῦ

1928 1468 2114 1528 pturas
2131 1460 2188 1515 ".
2205 1478 2222 1509 ι
2244 1460 2375 1513 Cum
2393 1460 2534 1514 enim
2557 1461 2825 1515 occultam
2846 1462 3002 1516 Verbi
3029 1464 3322 1530 potentiam
3346 1479 3498 1520 scru-

277 1550 419 1617 A67ou
437 1548 692 1619 δύναμιν,
710 1547 1083 1619 δυσφημοῦσιν
1104 1546 1449 1615 ἀφυλάκτως,
1471 1545 1654 1599 οὑκέτι
1672 1544 1826 1608 Θεὸν,

1930 1550 2031 1604 tari
2079 1550 2360 1615 deberent,
2410 1551 2756 1620 blaSphemiis
2797 1553 2974 1620 potius
3039 1553 3347 1625 indulgent,
3391 1571 3495 1611 non

274 1639 383 1691 ms
398 1640 519 1693 ναὸν
545 1640 713 1707 Θεοῦ,
742 1640 834 1693 τὸν
857 1641 984 1693 Υίὸν
1012 1640 1373 1710 εἰσφέροντες,
1405 1636 1595 1707 ὥσπερ
1624 1633 1692 1708 ἦν
1719 1637 1827 1689 τῶν

1932 1642 2119 1705 Deum,
2164 1644 2256 1697 sed
2305 1644 2558 1712 templum
2610 1645 2725 1709 Dei,
2760 1644 2955 1699 Filium
2995 1660 3115 1702 esse
3159 1656 3497 1714 statuentes;

277 1733 418 1799 ἁγίων
436 1733 694 1796 ἕκαστος,
728 1733 857 1802 περὶ
885 1726 960 1786 ὧν
990 1749 1151 1804 φησιν
1172 1749 1188 1763 ο
1237 1749 1254 1782 ι
1300 1730 1597 1801 Ἐνοικήσω
1631 1731 1688 1784 ὲν
1722 1731 1822 1784 αὑ-
1857 1762 1869 1822 Ι

1932 1733 2156 1800 perinde
2201 1743 2364 1798 atque
2404 1736 2777 1805 unusquisque
2818 1746 3150 1803 sanctorum,
3188 1738 3255 1792 de
3303 1741 3498 1807 quibus

275 1827 384 1886 τοῖς,
428 1826 519 1876 καὶ
558 1825 1025 1895 ὲμπεριπατήσω.
1062 1842 1080 1874 ι
1123 1824 1315 1876 Ἔσται
1358 1822 1646 1894 τοιγαροῦν
1682 1824 1825 1878 κατὰ
1861 1821 1867 1822 ί

1930 1821 2175 1876 dicitur:
2232 1840 2251 1872 ε
2285 1821 2551 1877 Habitabo
2600 1825 2655 1878 in
2708 1825 2858 1893 ipsis,
2907 1836 2962 1879 et
3010 1826 3364 1881 deambulabo
3384 1826 3427 1881 τ.
3469 1846 3496 1879 ι

276 1913 353 1982 τὴν
378 1913 594 1969 ἐκείνων
648 1914 845 1985 μανίαν
895 1911 975 1978 εἷς
1017 1915 1109 1968 καὶ⁵
1154 1912 1316 1977 αὐτὸς
1357 1916 1465 1969 τῶν
1495 1918 1636 1971 κατὰ
1667 1918 1827 1987 χάριν

1928 1913 2047 1967 Erit
2090 1913 2270 1983 itaque
2302 1914 2453 1981 juxta
2506 1915 2720 1972 illorum
2770 1917 3031 1971 insaniam
3065 1919 3285 1986 perinde
3336 1928 3502 1989 atque

276 2004 597 2073 κεκλημένων
631 2003 762 2057 υἱῶν
794 2004 887 2057 καὶ
908 2002 1064 2067 θεῶν,
1095 2006 1226 2075 πρὸς
1253 2005 1345 2069 οὓς
1371 2008 1618 2079 εἴρηκεν·
1645 2025 1662 2056 ι
1687 2005 1826 2073 Ἐγὼ

1927 2020 2068 2059 unus
2094 2005 2321 2060 liliorum
2352 2017 2405 2061 et
2427 2008 2649 2063 deorum
2676 2008 2767 2078 qui
2800 2011 2971 2063 vocati
3004 2016 3129 2063 sunt
3152 2010 3216 2064 ad
3244 2011 3492 2081 gratiam,

275 2092 380 2149 εἶπα
399 2111 413 2125 ο
442 2097 564 2149 Θεοί
601 2098 732 2149 ὲστε
761 2097 855 2149 καὶ
886 2097 1003 2149 Υίοὶ
1035 2097 1258 2167 ὑψίστου
1285 2099 1507 2161 πάντες.
1562 2117 1579 2148 ι
1616 2093 1716 2152 Ὧν
1737 2098 1819 2151 ὅτι

1926 2096 1991 2148 ad
2025 2110 2159 2163 quos
2192 2096 2321 2149 dicit
2352 2115 2365 2149 :
2401 2115 2418 2147 ι
2450 2096 2558 2165 Ego
2589 2097 2698 2150 dixi
2728 2116 2739 2150 :
2773 2098 2850 2150 Dii
2883 2099 3035 2162 estis,
3071 2107 3123 2152 et
3152 2097 3242 2152 lilii
3280 2099 3488 2154 Excelsi

278 2192 523 2255 παντελῶς
570 2191 893 2261 ἀφέστηκε,
936 2192 1027 2244 καὶ
1064 2191 1275 2260 φύσεως
1315 2192 1552 2264 ὑπεροχῇ
1598 2191 1825 2262 μεμέρι-

1924 2200 2111 2240 omnes
2131 2186 2171 2239 ⁸.
2208 2206 2226 2236 ›
2264 2186 2309 2239 Α
2336 2186 2530 2256 quibus
2564 2189 2705 2257 quod
2739 2188 2791 2242 in
2835 2190 3143 2244 universum
3173 2189 3409 2254 diﬂ‘erat,
3439 2203 3494 2246 et

277 2295 395 2342 σται,
419 2281 626 2345 διδάξει
659 2280 847 2349 σαφῶς
880 2280 939 2331 ὲν
965 2279 1281 2350 Εὑαγγελίῳ
1313 2282 1567 2351 Χριστὸς,
1603 2281 1777 2349 λέγων
1806 2298 1820 2311 ·

1925 2283 2129 2330 natura:
2163 2278 2271 2349 76
2297 2277 2613 2333 excellentia
2645 2290 2929 2349 separatus
2960 2280 3049 2346 sit,
3080 2281 3306 2350 ipsemet
3330 2282 3487 2336 Citri-

276 2390 293 2424 t
334 2372 506 2440 Ὑμεῖς
528 2373 602 2425 ὲκ
636 2371 744 2423 τῶν
785 2373 933 2424 κάτω
960 2371 1104 2452 goes,
1131 2370 1242 2440 ἐγὼ
1266 2374 1330 2425 ὲκ
1360 2372 1468 2425 τῶν
1491 2373 1603 2426 ἄνω
1628 2373 1766 2443 εἰμί·
1796 2391 1814 2423 ι

1928 2378 2045 2423 stus
2086 2369 2137 2422 in
2169 2370 2456 2440 Evangelia
2487 2380 2671 2439 aperte
2702 2371 2939 2437 docebit,
2987 2372 3237 2441 inquiens
3268 2393 3279 2426 :
3320 2392 3340 2426 ι
3380 2373 3484 2428 Vos

274 2461 396 2513 κάτω
423 2461 600 2529 λέγων
629 2462 729 2532 τὴν
764 2460 1187 2531 βασιλευομένην
1213 2461 1308 2514 καὶ
1330 2462 1696 2533 ὑποκειμένην
1722 2463 1822 2531 τὴν

1922 2459 1988 2513 de
2020 2459 2272 2516 deorsum
2295 2463 2447 2527 estis,
2474 2477 2572 2533 ego
2598 2478 2664 2517 ex
2692 2465 2939 2532 supernis
2959 2480 3075 2519 sum
3096 2467 3115 2497 '
3139 2482 3153 2531 ;
3189 2484 3208 2517 ι
3238 2466 3487 2520 deorsum

273 2551 437 2619 φύσιν·
468 2554 586 2607 ἅνω
613 2555 667 2606 δὲ
698 2553 862 2607 πάλιν
889 2553 988 2621 τὴν
1027 2552 1415 2621 βασιλεύουσαν
1459 2555 1553 2608 καὶ
1580 2556 1692 2617 τοῖς
1719 2556 1822 2607 πᾶ-

1922 2551 2195 2627 appellans
2238 2562 2483 2606 naturam
2516 2563 2754 2608 creatam
2790 2564 2844 2609 et
2891 2555 3115 2624 imperio
3140 2555 3435 2625 subiectam
3472 2574 3484 2609 :

274 2657 343 2694 σ;ν
367 2644 730 2714 ἐποχουμένην
767 2643 1017 2713 θεότητα.
1064 2642 1300 2715 Ἀληθῶς
1338 2645 1518 2697 τοίνυν
1561 2644 1654 2697 τοῦ
1688 2646 1822 2714 Χρι-

1922 2655 2133 2695 sursum
2190 2656 2315 2695 vero
2375 2642 2711 2697 divinitatem
2775 2658 2936 2713 supra
3006 2646 3186 2699 omnia
3246 2655 3488 2699 evectam

274 2732 379 2784 στοῦ
398 2732 644 2803 λέγοντος
669 2732 874 2788 ἄνωθεν
896 2730 1056 2803 εἶναι,
1077 2727 1230 2797 οὗτος
1256 2736 1417 2789 αὑτὸν
1443 2738 1507 2789 ὲκ
1544 2734 1653 2789 τῶν
1669 2736 1821 2789 κάτω

1920 2732 2277 2801 omnibusque
2316 2733 2692 2803 imperantem.
2744 2733 2875 2787 Cum
2929 2734 3088 2802 igitur
3118 2734 3366 2789 Christus
3409 2734 3490 2788 di-

274 2826 405 2893 emet,
430 2826 679 2898 φανερῶς
701 2825 792 2878 τοῦ
828 2825 956 2879 Υίοῦ
983 2825 1079 2897 τὴν
1108 2825 1295 2880 οὑσίαν
1323 2826 1696 2895 συκοφαντῶν.

1921 2830 2007 2876 cat
2040 2836 2098 2877 se
2135 2838 2200 2877 ex
2234 2824 2482 2891 supernis
2508 2838 2644 2888 esse,
2684 2825 2786 2879 iste
2819 2825 2966 2878 illum
3013 2826 3066 2879 in
3103 2825 3289 2881 inferis
3322 2824 3485 2881 collo-

1920 2922 2029 2978 cat,
2057 2913 2343 2969 manifeste
2375 2912 2493 2968 Filii
2530 2915 2821 2970 essentiam
2853 2916 3213 2971 calumnians.

513 3050 643 3103 Ὀτι
675 3050 994 3118 ὀμοοὺσιος
1017 3047 1096 3114 τῷ
1116 3050 1298 3117 Πατρὶ
1329 3051 1361 3101 ό
1396 3049 1548 3114 Υἱός.
1845 3089 1889 3148 c

1845 3089 1889 3148 c
2117 3045 2269 3111 Quod
2304 3046 2474 3100 Filius
2511 3048 2579 3102 sit
2620 3048 3081 3104 consubstantialis
3111 3049 3306 3118 lPatrt'.

475 3140 798 3206 Ἀντίθεσις
846 3141 926 3204 ὠς
980 3141 1048 3193 ἐκ
1117 3139 1234 3193 τῶν
1279 3140 1597 3208 Εὐνομίου.
1850 3136 1889 3148 “’

1434 3140 1597 3208 μίσυ.
1850 3136 1889 3148 ”
2396 3136 2627 3207 Objeclio
2656 3155 2719 3193 ea:
2747 3136 3026 3194 Eunomia.

344 3272 447 3323 Καῖι
471 3272 600 3335 πῶς,
629 3273 809 3342 φησὶν,
830 3273 983 3325 ἔσται
1007 3272 1086 3342 τῷ
1110 3274 1286 3344 Πατρὶ
1314 3273 1598 3344 ὁμοούσιος
1617 3275 1645 3329 ὁ
1670 3274 1817 3343 Υἱὸς,

1992 3270 2099 3329 Sed
2132 3287 2237 3343 quo
2261 3282 2440 3340 pacto,
2478 3273 2676 3344 inquit,
2708 3273 2814 3329 erit
2844 3273 3321 3329 consubstantialis
3344 3273 3487 3328 Patri

284 3361 444 3413 αἴτιον
464 3364 613 3415 αὑτὸν
638 3366 725 3418 τοῦ
754 3361 893 3417 εἶναι
922 3364 1094 3434 ἔχων;
1122 3367 1185 3418 Ὀ
1208 3366 1287 3438 μὴ
1318 3369 1582 3438 πρόσεστι
1608 3369 1686 3438 τῷ
1706 3370 1819 3422 Πα-

1920 3362 2108 3429 Filius,
2154 3380 2277 3417 cum
2329 3364 2486 3419 Pater
2530 3366 2577 3419 ei
2630 3380 2794 3421 causa
2848 3365 3142 3420 exsistendi
3192 3365 3306 3420 sit?
3336 3365 3488 3431 Quod

279 3449 377 3522 τρί.
408 3451 477 3505 οὑ
498 3451 601 3526 γὰρ
622 3452 675 3520 ἐξ
698 3454 868 3510 αἰτίου
903 3453 1068 3520 τινὸς,
1095 3454 1233 3527 ὅπερ
1266 3455 1354 3522 ἂν,
1391 3456 1466 3520 ὡς
1508 3452 1683 3526 οἶμαι,
1711 3458 1819 3518 πᾶς

1918 3452 2133 3519 quidem
2173 3452 2240 3507 de
2271 3452 2431 3508 Patre
2465 3454 2570 3509 dici
2622 3470 2726 3510 non
2763 3463 2960 3524 potest.
3009 3451 3193 3524 Neque
3232 3454 3372 3508 enim
3406 3464 3489 3508 cst

270 3563 347 3609 τις
365 3543 452 3601 οὖν
466 3547 657 3619 ἀληθὲς
682 3544 825 3601 εἶναι
859 3549 1101 3620 φήσειεν.

1916 3553 1982 3593 ex
2030 3540 2207 3609 aliqua
2257 3557 2442 3607 causa,
2488 3544 2632 3611 quod
2681 3552 2850 3599 certe.
2904 3551 2962 3597 ut
3005 3542 3260 3607 arbitror,
3301 3556 3491 3597 omnts

1918 3644 2103 3684 verum
2133 3645 2254 3686 esse
2284 3631 2617 3687 fatebuntur.

715 3749 872 3819 Πρὸς
914 3749 1089 3804 τοῦτο
1133 3749 1338 3814 λύσις.

2408 3744 2616 3799 Salutio
2667 3747 2971 3815 objectionis

324 3864 517 3935 Πολλὴν
548 3863 613 3918 ἄν
633 3881 716 3926 τις
745 3862 967 3926 εἰκότως
990 3861 1229 3931 ἀμαθίαν
1254 3860 1692 3932 καταψηφίσαιτο
1708 3860 1815 3914 τῶν

1988 3851 2180 3907 Merito
2212 3862 2355 3907 certe
2391 3854 2512 3922 quis
2548 3868 2734 3908 eorum
2777 3856 3098 3924 imperitiam
3128 3857 3367 3922 damnet,
3396 3859 3484 3926 qni

262 3955 320 4007 τὰ
357 3955 578 4008 τοιαῦτα
622 3954 942 4025 τολμώντων
994 3952 1192 4007 λαλεῖν.
1242 3953 1367 4006 Υίδν
1401 3952 1508 4023 7&9
1538 3952 1811 4021 λέγοντες.

1914 3945 2176 4021 ejusmodi
2220 3946 2419 3998 audent
2459 3945 2660 4000 dicere.
2699 3945 2893 4001 Filium
2938 3946 3082 4000 enim
3118 3962 3239 4000 cum
3272 3948 3480 4014 dicunt,

262 4047 343 4115 οὐχ
377 4046 663 4116 ὀμοούσιον
716 4042 854 4099 εἷναί
888 4061 1050 4113 φασιν
1074 4084 1090 4110 ,
1125 4044 1223 4097 οὑκ
1272 4043 1646 4115 αἰσθανόμενοι
1674 4045 1814 4114 τάχα

1914 4035 2432 4093 consubstantialem
2478 4051 2599 4091 esse
2648 4043 2867 4105 negant.
2924 4049 3029 4089 non
3088 4036 3385 4091 sentientes
3433 4039 3485 4094 in

262 4138 376 4205 πρὸς
396 4140 459 4209 ἦν
484 4137 839 4208 ἐμϐαίνουσιν
867 4138 1073 4191 ἄνοιαν.
1112 4136 1173 4209 Et
1202 4135 1310 4206 7&9
1334 4134 1460 4201 Υἱός
1496 4137 1664 4199 ἐστιν,
1702 4135 1813 4189 ὦσ-

1914 4147 2075 4201 quam
2106 4129 2495 4184 absurditatem
2528 4126 2801 4183 labantur.
2836 4126 2893 4182 Si
2926 4127 3069 4181 enim
3095 4126 3265 4181 Filius
3290 4137 3394 4191 est.
3424 4138 3486 4197 ut

260 4245 348 4299 περ
365 4227 453 4285 οὖν
486 4231 584 4285 καὶ
624 4230 772 4284 ἐστιν
799 4230 1036 4301 ἀληθῶς,
1070 4208 1223 4283 ἔσται
1259 4228 1476 4292 πάντως
1515 4227 1592 4298 τῷ
1623 4244 1814 4297 γεγεν-

1917 4221 2164 4292 proiecto
2200 4229 2305 4285 est,
2346 4220 2453 4274 erit
2485 4220 2704 4274 omnino
2732 4218 2969 4288 ejusdem
3014 4219 3330 4274 substantia:
3364 4234 3483 4276 cum

259 4324 418 4390 νηκὸτι
441 4323 591 4378 κατὰ
615 4324 712 4395 τὴν
733 4323 921 4377 οὐσίαν
937 4326 966 4377 ό
991 4324 1171 4387 αὑτός.
1196 4324 1258 4377 Εἰ
1287 4323 1344 4375 δὲ
1364 4322 1464 4375 οὑκ
1487 4321 1636 4374 ἐστιν
1662 4321 1809 4383 Υἱὸς,

1914 4311 2190 4367 Genitore.
2231 4309 2288 4364 Si
2335 4324 2461 4364 vero
2503 4308 2673 4363 Filius
2720 4323 2824 4362 non
2870 4317 2973 4374 est,
3029 4308 3323 4364 secundum
3370 4324 3484 4373 vos.

259 4413 360 4466 καθ’
390 4416 560 4485 ὑμεῖς,
589 4414 796 4478 δείξατε
822 4416 1034 4485 γυμνὴν
1073 4414 1281 4469 ἑαυτῶν
1302 4414 1402 4484 τὴν
1440 4412 1809 4483 βλασφημίαν,
1845 4416 1851 4471 ]

1918 4404 2115 4457 nudam
2161 4411 2398 4456 vestram
2453 4400 2840 4467 blasphemiam
2877 4400 3185 4469 patefacite,
3238 4409 3293 4454 et
3328 4401 3488 4455 dicite

257 4503 334 4555 καὶ
354 4504 545 4572 λέγετε
574 4507 785 4576 ποίημα
818 4502 977 4566 εἶναι,
1015 4506 1101 4559 ἵνα
1131 4505 1265 4576 μηδὲ
1297 4505 1580 4575 όμοούσιος
1699 4504 1809 4555 Καὶ

1917 4504 2218 4550 creaturam
2250 4508 2389 4559 esse,
2415 4502 2473 4545 ut
2501 4507 2563 4545 ea
2591 4492 2799 4545 ratione
2828 4491 3300 4546 consubstantialis
3322 4492 3482 4545 etiam

257 4597 357 4649 τότε
382 4598 734 4670 δειχθήσεσθε
767 4598 968 4661 πάσαις
994 4596 1288 4667 μαχόμενοι
1320 4597 1440 4659 ταῖς
1470 4594 1642 4656 θείαις
1667 4595 1810 4663 Γρα-

1918 4599 2022 4638 non
2049 4584 2138 4636 sit.
2161 4583 2235 4637 Ac
2259 4593 2369 4637 tum
2400 4583 2664 4637 universae
2683 4595 2851 4636 sacrae
2872 4582 3164 4650 Scriptura:
3188 4596 3487 4651 repugnare

258 4692 382 4754 φαῖς.
412 4692 542 4747 Υἰὸν
570 4691 678 4762 7&9
701 4691 916 4758 λέγουσι
945 4690 1037 4743 τὸν
1068 4689 1217 4750 Υἱὸν,
1254 4691 1348 4743 καὶ
1384 4688 1445 4741 οὑ
1470 4686 1702 4758 ποίημα.

1915 4676 2299 4731 ostendentini.
2335 4675 2529 4729 Filium
2557 4675 2700 4730 enim
2740 4674 3021 4729 nominant
3053 4672 3269 4737 Filium,
3296 4680 3351 4726 et
3382 4688 3484 4725 non

1916 4777 2242 4822 creaturam.

920 4888 1104 4942 ΑΛΛΟ

2578 4880 2807 4938 ALIUD.

312 5006 483 5057 Δι’τιον
522 5002 854 5075 γεγενῆσθαι
886 5000 979 5054 τοῦ
1019 4995 1155 5053 εἶναι
1206 4996 1280 5069 τῷ
1312 4998 1423 5069 Υῑῴ
1466 4997 1556 5052 τὸν
1588 4996 1802 5067 Πατέρα

1985 4999 2173 5054 Dicitis
2222 4997 2437 5052 Patrem
2489 4996 2652 5052 fuisse
2705 4997 2841 5051 Filio
2887 5008 3105 5049 causam
3154 4992 3482 5058 exsistendi;

254 5094 391 5160 φατὲ,
424 5097 564 5150 κατὰ
588 5096 709 5148 τίνα
740 5094 959 5163 τρόπον,
988 5086 1032 5144 ὧ
1052 5089 1408 5163 χριπομάχοι
1433 5104 1447 5153 ;
1478 5090 1541 5141 Εἰ
1583 5086 1681 5158 μὲν
1713 5083 1807 5139 οὖν

1909 5107 2142 5162 quonam
2178 5106 2308 5145 vero
2342 5091 2519 5153 modo,
2566 5105 2599 5143 o
2627 5088 2827 5143 Christi
2879 5086 3103 5142 hostes?
3131 5083 3298 5148 Nam,
3335 5085 3380 5139 si
3430 5090 3488 5136 ut

252 5182 673 5257 ὼςδημιουργόν
723 5201 844 5236 τινα
897 5183 1107 5253 ποίημα
1161 5178 1517 5248 φαντάζεσθε,
1569 5178 1664 5231 καὶ
1710 5179 1806 5246 οὑχ

1917 5181 2379 5249 creatorem,jam
2426 5191 2733 5235 creaturam
2786 5194 2906 5233 esse
2954 5178 3344 5247 imaginamini,
3378 5193 3481 5230 non

251 5271 386 5336 Υἱδν,
414 5277 507 5330 καὶ
539 5275 840 5347 διαρρήδην
877 5273 1111 5344 μάχεσθε
1133 5271 1210 5342 τῷ
1234 5270 1408 5341 Πατρὶ
1439 5270 1649 5337 λέγοντι
1680 5268 1806 5339 περὶ

1912 5274 2126 5337 Filium,
2162 5284 2217 5328 et
2248 5273 2536 5328 manifeste
2577 5272 2719 5326 Patri
2758 5268 3091 5339 repugnatis,
3126 5270 3215 5340 qui
3255 5269 3320 5323 de
3349 5269 3484 5323 Filio

250 5364 333 5417 τοῦ
367 5366 494 5421 ίδίου
525 5369 889 5439 γεννήματος*
938 5386 955 5416 ι
980 5367 1074 5419 Ἐκ
1095 5363 1332 5437 γαστρὸς
1381 5363 1486 5432 πρὸ
1529 5361 1805 5432 ἐωσφόρου

1910 5378 2009 5419 suo
2032 5364 2102 5419 ita
2137 5364 2212 5419 ait
2244 5383 2256 5418 :
2292 5382 2310 5415 ι
2348 5364 2423 5417 Ex
2449 5374 2602 5415 utero
2628 5371 2754 5415 ante
2779 5360 3062 5414 luciferum
3092 5360 3251 5429 genui
3287 5368 3339 5413 te
3362 5357 3427 5413 ³⁵.
3462 5377 3479 5408 ι

251 5456 559 5530 ἐξεγέννησά
601 5477 682 5513 σε.
718 5477 735 5510 ι
772 5459 833 5511 Ei
876 5459 933 5511 δὲ
964 5458 1090 5511 Υἱὺν
1128 5457 1294 5519 ὅντως
1334 5456 1642 5526 ὁμολογεῖτε
1664 5494 1679 5519 ,
1712 5454 1805 5507 καὶ

1914 5456 1971 5511 Si
2008 5471 2133 5510 vero
2157 5454 2352 5508 Filium
2411 5468 2596 5508 revera
2629 5467 2750 5507 esse
2780 5451 3238 5520 fateminiLatqne
3273 5451 3343 5503 ita
3369 5464 3485 5503 esse

251 5548 410 5613 οὕτως
442 5548 574 5605 εἶναι
594 5551 900 5616 πιστεύετε,
941 5549 1152 5619 ἀνάγκη
1186 5552 1327 5603 πᾶσι
1349 5548 1423 5621 μὴ
1450 5548 1525 5612 ὡς
1541 5548 1804 5617 δημιουρ·

1914 5546 2157 5612 creditis,
2189 5546 2553 5601 necessarium
2588 5545 2745 5613 plane
2792 5553 2872 5599 est
2914 5553 2969 5597 nt
3013 5543 3249 5605 Patrem,
3284 5557 3386 5598 non
3427 5547 3483 5593 ut

318 5727 356 5756 "
390 5726 570 5785 Matth.
606 5744 745 5794 χχιι,
774 5729 840 5785 29
937 5728 953 5757 ⁷
994 5727 1129 5783 l‘sal.
1178 5742 1227 5779 ν.
1260 5726 1340 5779 l2.
1419 5727 1437 5754 "
1472 5724 1608 5779 Psal.
1642 5740 1823 5792 Lxxst,
1861 5723 1912 5779 6.
1991 5725 2009 5753 ’
2043 5722 2196 5778 Juan.
2230 5737 2341 5788 \‘lll,
2383 5721 2470 5778 23.
2550 5724 2592 5753 '°
2621 5722 2758 5778 Psal.
2794 5738 2901 5786 etx,
2926 5722 2982 5775 3.
