4032 6212
498 309 600 367 127

1485 324 1542 377 s.
1584 320 1856 376 CYRILIJ
1894 300 2361 373 ALEXANDRINI
2398 318 2718 374 ARCHIEP.

3648 314 3747 371 1‘18

402 438 415 447 '
498 438 801 486 creatorem
847 449 1063 489 causam
1109 435 1404 491 exsistendi
1456 437 1595 489 Filio
1641 437 1806 490 fuisse
1850 434 2035 489 dicatis

2140 487 2142 494 _
2170 435 2266 502 γὸν
2291 436 2464 489 αἴτιον
2499 436 2594 489 τοῦ
2626 434 2767 490 εἶναι
2803 434 2881 505 τῷ
2920 432 3036 504 Υίῷ
3081 433 3408 502 γεγενῆσθαι
3440 430 3619 499 λέγειν
3656 431 3749 484 τὸν

495 519 588 573 sed
650 532 707 575 ut
745 525 1045 593 genitorem
1103 527 1442 581 naturaliter.
1491 525 1635 581 Nihil
1690 541 1819 581 vero
1863 528 2064 592 obstat,

496 610 606 665 imo
641 628 771 669 vero
816 618 1182 672 necessarium
1224 627 1330 679 est,
1379 628 1435 670 ut
1475 616 1524 670 id
1559 617 1704 687 quod
1747 617 2067 674 naturaliter

496 713 565 752 ex
604 700 788 770 aliquo
827 707 1114 774 processit,
1138 705 1314 760 simile
1350 705 1397 759 ei
1431 706 1725 760 secundum
1766 707 2063 761 essentiam

492 790 585 859 sit,
618 796 831 849 tametsi
862 796 1092 866 idipsum
1128 795 1424 850 exsistendi
1457 811 1678 853 causam
1710 797 1926 853 habeat.

1156 903 1387 964 ALIUD.

563 1014 621 1068 Si
663 1015 919 1084 quidquid
952 1030 1017 1070 ex
1058 1031 1223 1072 causa
1264 1018 1441 1089 aliqua
1491 1020 1571 1084 tit,
1615 1022 1666 1078 id
1698 1027 1921 1082 omnino
1954 1028 2061 1084 erit

486 1103 768 1159 dissimilis
802 1120 921 1158 cum
974 1107 1092 1176 ipso
1121 1110 1456 1175 substantiae,
1504 1117 1775 1182 quomodo
1818 1118 1950 1174 Abel
1985 1134 2053 1174 ex

488 1195 697 1248 Adamo
722 1206 977 1265 tanquam
1005 1213 1071 1252 ex
1108 1214 1270 1253 causa
1304 1204 1540 1271 genitus,
1565 1206 1758 1263 similis
1787 1209 1834 1263 ei
1860 1224 2059 1264 secun-

486 1285 616 1339 dum
651 1284 1009 1341 substantiam
1049 1288 1193 1342 fuit?
1228 1290 1607 1350 Necessarium
1639 1298 1801 1367 igitur
1836 1302 2059 1356 omnino

486 1381 569 1426 est
604 1384 662 1428 ut
687 1378 865 1430 omnis
898 1378 951 1431 in
981 1380 1290 1436 universum
1325 1387 1636 1454 generativa
1666 1399 1879 1455 natura,
1908 1391 2061 1447 simi-

486 1462 558 1515 lia
587 1464 687 1518 sibi
732 1480 798 1520 ex
849 1480 909 1521 se
960 1471 1241 1539 producat,
1294 1478 1512 1533 tametsi
1564 1478 1617 1535 id
1667 1481 1808 1548 quod
1860 1482 2054 1555 gignit,

484 1562 649 1605 causa
681 1553 751 1607 sit
777 1555 1099 1611 naturaliter
1122 1559 1170 1614 ei
1207 1563 1350 1630 quod
1372 1578 1439 1619 ex
1474 1579 1532 1621 se
1563 1568 1821 1639 gignitur.

1085 1669 1316 1728 ALIUD.

2170 525 2411 596 Πατέρα,
2436 524 2549 577 ἀλλ’
2573 524 2648 589 ὡς
2679 526 2981 594 γεννήτορα
3016 521 3282 591 φυσικῶς.
3319 520 3535 575 κωλύει
3576 522 3633 574 δὲ
3657 522 3748 624 οὲ.)-

2165 616 2274 679 δὲν,
2312 616 2513 686 μᾶλλον
2565 616 2622 670 δὲ
2655 616 2870 685 ἀνάγκη
2926 616 3075 668 πᾶσα
3106 612 3168 665 τὸ
3214 612 3276 666 ἐκ
3307 630 3451 676 τινος
3498 612 3745 682 φυσικῶς

2166 706 2448 777 προελθὸν,
2474 707 2656 777 ὅμοιον
2676 702 2814 759 εἶναι
2841 706 2962 759 κατ’
2996 704 3183 758 οὐσίαν
3217 702 3404 769 αὐτοῦ,
3446 703 3550 757 κᾶν
3573 705 3745 757 αἴτιον

2165 797 2295 851 αὐτὸ
2330 797 2421 850 τοῦ
2450 793 2588 851 εἶναι
2618 796 2754 868 ἔχοι.

2847 911 3055 969 ΑΛΛΟ.

2232 1027 2295 1080 Ei
2319 1027 2427 1080 πᾶν
2450 1026 2586 1098 ὅπερ
2605 1025 2671 1080 ἂν
2701 1025 2763 1091 ἐξ
2784 1025 2956 1080 αἰτίου
2977 1024 3127 1087 τινος
3156 1025 3399 1095 γένηται,
3425 1024 3585 1077 τοῦτο
3605 1022 3743 1077 πάν-

2160 1134 2268 1180 τως
2313 1116 2463 1171 ἔσται
2516 1118 2652 1189 πρὸς
2691 1117 2825 1171 αὐτὸ
2869 1118 2963 1170 καὶ
2992 1114 3369 1186 ἀνομοιούσιον
3414 1115 3514 1187 (1),
3563 1116 3680 1178 πῶς
3711 1116 3741 1167 6

2163 1208 2327 1262 Ἅϐελ
2359 1208 2417 1275 ἐξ
2448 1209 2621 1262 αίτίου
2639 1208 2919 1280 γεννηθεὶς
2948 1208 3041 1262 τοῦ
3073 1208 3263 1278 Ἀδὰμ,
3293 1209 3478 1278 ὅμοιος
3504 1203 3571 1278 ἦν
3590 1207 3740 1276 αὐτῷ

2160 1302 2280 1355 κατ’
2303 1302 2527 1367 οὐσίαν;
2557 1300 2765 1355 Οὐκοῦν
2802 1301 3015 1370 ἀνάγκη
3045 1301 3228 1354 πᾶσαν
3274 1298 3460 1362 ἅπλῶς
3491 1315 3739 1367 γεννητι-

2160 1392 2261 1464 κὴν
2287 1392 2450 1462 φύσιν
2475 1434 2489 1456 ,
2523 1392 2684 1462 ὃμοια
2713 1392 2932 1455 πάντως
2965 1392 3101 1462 αὐτῇ
3145 1392 3215 1445 τὰ
3259 1391 3318 1457 ἐξ
3369 1390 3540 1461 αὐτῆς
3568 1388 3734 1459 ἔχειν,

2158 1484 2261 1538 κᾶν
2296 1484 2357 1536 τὸ
2385 1483 2567 1536 τίκτον
2596 1482 2768 1537 αἴτιον
2868 1481 3114 1552 φυσικῶς
3144 1481 3220 1552 τῷ
3262 1481 3321 1549 ἐξ
3353 1480 3518 1535 αὑτοῦ
3556 1497 3740 1534 τικτο-

2160 1575 2326 1647 μένῳ.

2838 1683 3043 1738 ΑΛΛΟ.

554 1775 609 1829 Si
663 1776 865 1834 idcirco
912 1779 1081 1838 Filius
1130 1800 1236 1840 non
1287 1798 1371 1843 est
1424 1793 1721 1850 secundum
1761 1798 2035 1853 essentian

2227 1796 2288 1849 Ei
2320 1794 2408 1847 διὰ
2439 1797 2595 1848 τοῦτο
2618 1797 2741 1848 κατ’
2772 1794 2959 1848 οὐσίαν
2983 1796 3012 1847 6
3034 1794 3163 1857 Υίδς
3195 1794 3295 1847 οὐκ
3320 1794 3472 1848 ἔσται
3507 1794 3584 1866 τῷ
3622 1796 3736 1848 Πα-

482 1864 810 1956 similis77
845 1868 989 1925 Patri
1016 1890 1189 1945 neque
1215 1879 1711 1952 consubstantialis,
1740 1889 1865 1956 quia
1897 1889 2055 1946 Pater

478 1966 546 2003 ex
592 1953 733 2008 nulla
784 1973 945 2014 causa
980 1961 1094 2015 sive
1140 1966 1408 2036 principio
1450 1981 1551 2035 est,
1584 1953 1904 2033 Filius—vero
1946 1978 2053 2033 Pa-

483 2046 617 2135 trem
666 2045 987 2135 principium
1040 2051 1224 2119 habet,
1260 2058 1387 2125 quid
1450 2061 1718 2119 obstiterit
1766 2070 2052 2135 quominus

478 2128 723 2186 dicamus
747 2132 878 2190 Cain
913 2140 1074 2193 etiam
1102 2147 1239 2212 patri
1271 2162 1370 2201 suo
1397 2153 1913 2214 consubstantialem
1944 2178 2049 2217 nun

479 2218 682 2275 fuisse?
714 2222 769 2276 Si
796 2227 1024 2314 quidem
1062 2232 1233 2288 Adam
1267 2252 1297 2289 a
1338 2241 1555 2297 nemine
1583 2259 1877 2314 generatus
1905 2252 2047 2307 fuit:

476 2309 686 2375 primus
714 2312 859 2367 enim
912 2317 1189 2377 hominum
1222 2323 1344 2379 fuit.
1382 2329 1511 2385 Cain
1560 2309 1689 2390 vero
1721 2335 1895 2407 ipsum
1944 2358 2045 2396 au-

471 2407 680 2452 ctorem
714 2411 768 2455 et
801 2405 1127 2476 principium
1170 2411 1377 2481 habuit,
1423 2435 1545 2474 nam
1576 2438 1643 2478 ex
1693 2405 1809 2495 ipso
1836 2435 2049 2498 genitus

472 2496 576 2541 cst.
615 2487 773 2559 Atqui
813 2494 856 2548 si
893 2495 994 2551 hoc
1024 2498 1216 2556 falsum
1259 2516 1340 2561 est
1373 2487 1873 2576 (consubstantiaiis
1904 2523 2046 2577 enim

471 2577 681 2635 Adatno
707 2592 791 2638 est
823 2584 998 2657 Cain),
1036 2593 1136 2645 erit
1166 2595 1409 2661 profecto
1445 2603 1923 2666 consubstantialis
1949 2611 2049 2666 Pa-

470 2667 538 2720 tri
579 2667 766 2737 Filius,
801 2678 1013 2731 tametsi
1049 2680 1198 2736 illum
1236 2700 1456 2744 causam
1499 2690 1795 2753 exsistendi
1827 2700 2045 2769 habent,

478 2764 778 2852 procedens
809 2779 876 2820 ex
922 2767 1038 2838 ipso
1085 2774 1292 2845 absque
1322 2787 1585 2852 tempore,
1642 2796 1698 2842 et
1735 2789 1803 2844 ab
1844 2764 2047 2849 aeterno

469 2864 591 2903 cum
624 2851 740 2921 ipso
765 2856 1052 2914 exsistens.

1144 2974 1371 3035 ALIUD.

896 3082 985 3142 Ea:
1013 3088 1304 3158 Objection:
1334 3092 1604 3153 Eunomit.

535 3185 803 3247 Caeterum
826 3200 1118 3266 quomodo,
1145 3202 1341 3271 inquit,
1375 3204 1669 3276 ingenitum
1696 3214 1879 3283 genito
1907 3233 2039 3272 con-

463 3280 814 3338 substantiale
851 3288 988 3341 erit?
1036 3288 1255 3345 Multum
1290 3295 1430 3349 enim
1472 3298 1613 3354 inter
1658 3280 1720 3356 ea
1754 3313 1838 3359 est
1885 3307 2038 3364 diti‘e-

464 3375 670 3428 rcutiw.

961 3491 1168 3550 Salutio
1198 3499 1525 3569 objectionis.

529 3601 712 3655 Ardua
740 3604 958 3668 scilicet
994 3609 1227 3664 hostium
1257 3612 1456 3668 Christi
1504 3616 1739 3683 objectio
1771 3638 1877 3678 non
1921 3625 2034 3680 eili-

458 3690 566 3744 ciet
607 3702 658 3746 ut
693 3692 863 3750 Filius
896 3714 1002 3754 non
1048 3701 1119 3756 sit
1169 3704 1649 3764 consubstantialis
1692 3713 1861 3782 Patri,
1911 3718 2033 3773 ideo

456 3782 581 3849 quia
632 3783 794 3840 Pater
842 3788 1117 3859 ingenitus
1162 3804 1268 3859 est,
1304 3795 1477 3853 Filius
1521 3815 1648 3857 vero
1688 3806 1923 3873 genitus.
1972 3811 2030 3866 Si

456 3872 601 3926 enim
626 3874 843 3934 diﬂ‘erre
876 3882 927 3935 in
962 3881 1141 3951 aliquo
1171 3882 1300 3940 facit
1336 3898 1393 3943 ut
1421 3889 1630 3947 diversa
1669 3872 1740 3950 sit
1776 3898 1825 3952 in
1866 3903 2029 3957 rebus

458 3972 673 4030 natura,
702 3975 756 4023 et
779 3985 973 4041 genera
1006 3989 1035 4028 a
1068 3988 1251 4031 mutua
1286 3978 1425 4033 inter
1446 3996 1504 4035 se
1530 3988 1901 4042 convenientia
1932 4007 2026 4043 na-

455 4057 722 4127 turalique
770 4061 1123 4119 similitudine
1176 4079 1425 4136 separat,
1470 4073 1805 4144 distinguant
1857 4079 2020 4132 otia-.n

450 4142 672 4198 Paulum
706 4162 734 4199 a
767 4145 927 4204 Petro
958 4152 1165 4208 ratione
1209 4158 1483 4225 essentia),
1543 4142 1809 4231 siquidem
1850 4170 2022 4235 parti-

450 4232 689 4287 cularem
737 4242 1025 4304 quamdam
1080 4243 1280 4301 habent
1318 4262 1383 4304 ac
1432 4251 1594 4306 veluti
1638 4252 1693 4307 in
1744 4255 2022 4316 individuo

447 4321 591 4376 inter
638 4339 698 4379 se
746 4324 1303 4404 diderentiamJuxta
1346 4354 1509 4411 quam
1557 4342 1645 4399 hic
1676 4345 1889 4415 quidem
1938 4360 2023 4407 est

2153 1883 2243 1953 τρὶ
2276 1883 2611 1953 προσεοικὼς
2631 1883 2753 1937 οὐδὲ
2779 1883 3085 1954 ὁμοούσιος,
3114 1882 3413 1955 ἐπειδήπερ
3433 1883 3462 1935 6
3495 1883 3593 1954 μὲν
3614 1884 3732 1935 Πα-

2152 1975 2257 2043 τὴρ
2294 1974 2394 2027 οὐκ
2425 1973 2482 2040 ἐξ
2511 1975 2684 2028 αἰτίου
2717 1975 2863 2037 τινός
2884 1976 3051 2039 ἐστιν,
3081 1977 3109 2028 ὁ
3134 1974 3192 2027 δὲ
3220 1974 3345 2038 Υἱὸς
3366 1973 3538 2027 αἴτιον
3570 1974 3733 2027 αὐτὸν

2154 2063 2286 2133 ἔχει,
2313 2064 2365 2116 τί
2394 2063 2625 2116 κωλύσει
2650 2064 2828 2133 λέγειν
2856 2066 2938 2118 ὅτι
2968 2064 3063 2119 xai
3086 2065 3114 2116 6
3144 2064 3284 2118 Κάῖν
3307 2065 3510 2118 οὑκ-ἂν
3539 2065 3624 2135 εἴη
3652 2064 3730 2136 τῷ

2153 2152 2323 2224 πατρὶ
2359 2153 2670 2223 ὁμοούσιος;
2729 2151 3074 2226 Ἐπειδήπερι
3101 2156 3129 2207 6
3161 2155 3260 2224 μὲν
3297 2153 3468 2225 Ἀδὰμ
3496 2154 3588 2207 ὑπ’
3634 2155 3729 2207 οὐ·

2151 2243 2299 2308 δενὸς
2323 2245 2606 2316 ἐγεννήθη·
2634 2246 2851 2316 πρῶτος
2872 2246 2982 2317 γὰρ
3006 2241 3075 2317 ἦν
3092 2244 3395 2316 ἄνθρωπος.
3430 2246 3488 2299 Ὀ
3505 2246 3561 2299 δὲ
3581 2245 3723 2299 Κάῖν

2150 2334 2324 2389 αἴτιον
2353 2336 2511 2406 ἔσχεν
2539 2337 2722 2391 αὐτόν’
2748 2336 2808 2402 ἐξ
2836 2337 2999 2390 αὑτοῦ
3027 2337 3137 2409 γὰρ
3157 2337 3399 2406 γέγονεν.
3427 2338 3489 2392 Ei
3521 2336 3578 2391 δὲ
3596 2337 3730 2408 ψεύ-

2152 2443 2303 2479 σεται
2335 2426 2551 2491 πάντως
2579 2428 2607 2481 6
2625 2427 2783 2480 τοῦτο
2804 2428 3307 2499 λέγωνωμοούσιος
3332 2427 3438 2499 γὰρ
3460 2428 3539 2500 τῷ
3551 2429 3724 2497 Ἀδὰμ

2149 2518 2177 2569 6
2202 2516 2384 2586 Κάῖν),
2413 2516 2565 2569 ἔσται
2606 2517 2683 2589 τῷ
2724 2518 2900 2591 Πατρὶ
2952 2520 3169 2583 πάντως
3202 2519 3482 2591 ὁμοούσιος
3518 2520 3547 2572 6
3578 2519 3725 2581 Υἱὸς,

2150 2606 2254 2660 κᾶν
2280 2608 2449 2660 αἴτιον
2479 2607 2641 2661 αὑτὸν
2665 2607 2763 2679 ἔχῃ
2802 2608 2896 2662 τοῦ
2942 2604 3104 2674 εἶναι,
3141 2610 3201 2676 ἐξ
3248 2609 3412 2665 αὐτοῦ
3443 2609 3726 2681 προελθὼν

2148 2699 2415 2771 ἀχρόνως,
2439 2699 2543 2776 ⁸καὶ
2565 2698 2750 2764 ἀϊδίως
2770 2699 2844 2753 ὣν
2878 2699 2976 2754 σὺν
3008 2700 3179 2772 αὐτῷ.

2828 3001 3033 3054 ΑΛΛΟ.

2399 3110 2498 3179 Ὠς
2520 3111 2590 3176 ἐξ
2618 3110 2977 3178 ἀντιθέσεως
3003 3109 3122 3164 τῶν
3145 3113 3464 3183 Εὑνομίου.

2211 3224 2319 3276 Καὶ
2357 3223 2473 3285 πῶς
2501 3224 2673 3289 ἔσται,
2712 3225 2883 3294 φησι..
2917 3224 2977 3276 τὸ
3013 3224 3306 3295 ἀγέννητον
3345 3225 3424 3295 τῷ
3471 3226 3716 3296 γεννητῷ

2139 3316 2460 3387 ὀμοούσιον;
2490 3315 2665 3386 Πολλὴ
2701 3317 2811 3386 γὰρ
2832 3316 2889 3368 ὲν
2911 3316 3097 3378 αὐτοῖς
3126 3318 3159 3387 ἡ
3196 3315 3441 3388 διαφορά.

2618 3511 2774 3582 Πρὸς
2812 3514 2988 3568 τοῦτο
3016 3515 3219 3581 λύσις.

2195 3600 2319 3681 ἢούκ
2340 3625 2632 3698 ἀνατρέψει
2658 3624 2718 3679 τὸ
2740 3625 2902 3695 σοφὸν
2928 3625 3037 3679 τῶν
3058 3627 3439 3698 χριστομάχων
3474 3629 3715 3701 πρόϐλη-

2138 3738 2213 3791 μα
2244 3720 2306 3773 τὸ
2326 3714 2467 3772 εἶναι
2505 3719 2595 3770 τὸν
2620 3717 2750 3770 Υἱὸν
2778 3717 3062 3787 ὁμοούσιον
3082 3718 3159 3787 τῷ
3188 3719 3384 3790 Πατρὶ,
3415 3721 3710 3791 ἐπειδήπερ

2133 3811 2161 3862 6
2197 3810 2294 3879 μὲν
2328 3807 2513 3878 Πατὴρ
2539 3807 2835 3876 ἀγέννητός
2874 3808 3040 3869 ἐστιν,
3076 3807 3203 3871 Υἱὸς
3245 3809 3301 3862 δὲ
3330 3810 3605 3879 γεννητός.
3646 3812 3709 3863 Ei

2131 3900 2241 3969 γὰρ
2264 3897 2325 3951 τὸ
2348 3898 2491 3952 κατά
2522 3915 2575 3950 τι
2609 3898 2925 3970 διαφέρειν,
2975 3899 3192 3962 πάντως
3228 3901 3323 3953 καὶ
3360 3901 3614 3973 διάφορον
3650 3906 3708 3958 ὲν

2129 3989 2238 4051 τοῖς
2263 3981 2381 4039 οὖσι
2406 3987 2504 4058 τὴν
2522 3986 2684 4056 φύσιν
2706 3987 3099 4057 ἀπεργάζεται,
3115 3990 3328 4060 καὶτῆς
3353 3990 3490 4060 πρὸς
3505 3991 3708 4063 ἄλληλα

2128 4075 2412 4141 κοινωνίας
2432 4093 2493 4130 τε
2539 4078 2634 4133 καὶ
2668 4079 2904 4149 φυσικῆς
2953 4079 3272 4150 ὁμοιότητος
3301 4082 3602 4154 ἀποτέμνει
3638 4085 3707 4138 τὰ

2126 4168 2279 4239 γένη·
2301 4168 2706 4241 διοριζέτωσαν,
2738 4171 2874 4242 φέρε
2896 4172 3089 4237 εἰπεῖν,
3118 4173 3214 4225 καὶ
3236 4173 3327 4226 τὸν
3357 4175 3570 4230 Παῦλον
3596 4176 3706 4229 ἀπὸ

2124 4257 2216 4312 τοῦ
2232 4258 2438 4330 Πέτρου
2459 4260 2601 4313 κατὰ
2627 4250 2718 4313 τὸν
2733 4262 2831 4331 τῆς
2855 4262 3041 4326 οὐσίας
3063 4263 3241 4332 λόγον,
3263 4264 3558 4337 ἐπειδήπερ
3583 4268 3704 4320 τινὰ

2127 4350 2359 4420 μερικὴν
2371 4349 2551 4420 ἔχουσι
2569 4353 2661 4404 καὶ
2679 4353 2754 4418 ὡς
2770 4354 2828 4405 ὲν
2850 4354 3036 4425 ἀτόμῳ
3053 4354 3185 4427 πρὸς
3203 4356 3465 4428 ἀλλήλους
3489 4357 3586 4429 τὴν
3596 4358 3703 4412 δια-

446 4408 658 4477 Petrus,
691 4413 781 4470 hic
828 4432 956 4473 vero
984 4420 1202 4480 Paulus.
1253 4408 1507 4483 Videmus
1552 4443 1728 4487 autent
1778 4451 2019 4505 saepenu-

2140 4408 2326 4510 ρορὰν,’
2348 4408 2470 4495 καθ’
2494 4443 2559 4513 ἣν
2582 4442 2611 4494 6
2637 4408 2875 4514 pévvlort
2906 4408 3130 4518 Πέτρος,
3197 4408 3253 4501 δὲ
3289 4408 3515 4513 Παῦλος.
3540 4408 3700 4521 τορῶ·

445 4515 597 4557 inero
636 4506 802 4561 etiam
846 4524 908 4565 ea
948 4524 1068 4581 quae
1115 4514 1233 4583 alio,
1279 4520 1435 4575 modo
1462 4536 1490 4574 a
1547 4535 1728 4577 mutua
1774 4526 1913 4581 inter
1958 4545 2017 4585 se

442 4592 799 4652 similitudine
855 4603 1085 4660 nmltum
1141 4607 1439 4675 dissident,
1493 4616 1745 4670 essentia;
1803 4620 2015 4675 ratione

437 4689 753 4745 convenire.
779 4689 911 4747 Nam
937 4695 1101 4753 homo
1134 4701 1283 4769 niger
1311 4703 1536 4759 multum
1566 4705 1744 4764 differt
1771 4709 1838 4764 ab
1866 4711 2011 4777 albo,

441 4779 535 4831 sed
577 4781 691 4837 haec
724 4782 1026 4841 differentia
1083 4804 1269 4844 eorum
1316 4795 1675 4851 substantiam
1726 4814 1829 4854 non
1885 4802 2016 4856 facit

438 4867 733 4927 diversam.
766 4873 825 4929 Si
872 4892 1002 4945 ergo
1048 4880 1211 4934 etiam
1255 4881 1308 4936 in
1354 4885 1507 4940 nobis
1554 4888 1683 4956 ipsis
1713 4890 2011 4947 diﬂ‘ereutia

437 4962 733 5021 secundum
784 4965 987 5035 aliquid
1042 4984 1148 5025 non
1201 4971 1452 5028 immutat
1496 4992 1618 5033 esse
1664 4980 1836 5050 ipsum
1884 4986 2015 5039 sub-

438 5052 673 5115 stantize,
705 5068 770 5108 ex
801 5070 907 5123 qua
950 5068 1203 5114 constant
1246 5062 1316 5116 illi
1349 5066 1441 5133 qui
1488 5084 1519 5121 ιι
1554 5071 1709 5124 nobis
1733 5071 2009 5143 diﬂ'erunt,

437 5140 568 5207 quid
593 5142 772 5198 obstat
800 5148 1091 5214 quominus
1141 5152 1306 5207 etiam
1343 5154 1512 5213 Filius
1546 5160 1617 5214 sit
1646 5140 2008 5221 consubstan;

440 5229 584 5284 tialis
624 5230 794 5300 Patri,
842 5236 1054 5293 etiamsi
1088 5241 1140 5294 in
1185 5258 1250 5298 eo
1296 5245 1437 5301 inter
1482 5263 1541 5303 se
1583 5249 1833 5307 diderant
1868 5257 2010 5326 quod

436 5316 601 5373 Pater
629 5322 701 5376 sit
729 5324 1015 5395 ingenitus,
1040 5330 1210 5390 Filius
1229 5347 1407 5391 autem
1437 5344 1691 5408 genitus?
1723 5346 1842 5403 Una
1864 5316 2007 5404 enim

439 5410 491 5463 in
533 5413 664 5480 ipsis
690 5426 783 5470 cst
808 5418 998 5488 dcitas,
1029 5439 1092 5477 ex
1125 5423 1287 5483 Patre
1319 5428 1560 5497 ingenito
1604 5439 1925 5497 naturaliter
1954 5441 2007 5495 in

438 5500 633 5557 Filium
665 5508 976 5575 procedens.

2129 4546 2227 4601 μεν
2246 4531 2304 4584 δὲ
2341 4532 2422 4585 ὅτι
2448 4531 2710 4598 πολλάκις
2733 4535 2827 4587 καὶ
2856 4535 2925 4589 τὰ
2967 4536 3089 4589 καθ’
3136 4537 3322 4609 ἕτερον
3347 4556 3471 4594 τινα
3502 4542 3702 4612 τρόπον

2122 4621 2505 4693 τῆςιάλλήλων
2550 4623 2867 4694 ὁμοιότητος
2908 4626 3041 4678 πολὺ
3065 4626 3423 4699 διεστηκότα,
3456 4633 3702 4684 κοινωνεί

2123 4712 2264 4765 κατὰ
2293 4713 2382 4767 τὸν
2413 4715 2509 4784 τῆς
2528 4715 2715 4779 οὐσίας
2746 4716 2924 4785 λόγον.
2968 4718 3024 4771 '0
3054 4719 3152 4789 μὲν
3178 4721 3285 4793 γὰρ
3306 4721 3471 4792 μέλας
3498 4723 3700 4794 ἄνθρω-

2122 4816 2221 4865 πος
2252 4802 2413 4873 τυχὸν
2449 4804 2524 4867 ὡς
2561 4804 2698 4876 πρὸς
2736 4805 2827 4859 τὸν
2852 4806 3043 4862 λευκὸν
3074 4810 3273 4883 πολλὴν
3306 4813 3416 4882 ἔχει
3454 4816 3553 4885 τὴν
3585 4815 3698 4869 δια·

2123 4892 2315 4963 φορὰν,
2348 4894 2463 4947 ἀλλ’
2492 4895 2554 4947 οὐ
2578 4895 2735 4948 τοῦτο
2764 4897 2862 4968 τὴν
2890 4900 3081 4955 οὐσίαν
3109 4904 3292 4967 αὐτοῖς
3313 4905 3607 4977 διατέμνει.
3633 4908 3696 4959 Ei

2120 4984 2296 5038 τοίνυν
2313 4985 2407 5038 καὶ
2437 4985 2520 5054 ἐφ’
2541 4987 2699 5057 ἡμῶν
2721 4990 2901 5044 αὐτῶν
2924 4994 2956 5064 ἡ
2980 4994 3120 5048 κατά
3139 5012 3191 5048 τι
3217 4995 3448 5068 διαφορά
3471 4998 3532 5052 τὸ
3558 4995 3695 5054 εἶναι

2116 5075 2213 5145 τῆς
2243 5076 2414 5146 αὐτῆς
2436 5076 2621 5141 οὐσίας
2643 5080 2742 5133 οὐκ
2777 5081 3094 5155 ἀνατρέπει,
3122 5081 3189 5158 ἦς
3213 5087 3278 5141 ἂν
3312 5085 3420 5141 εἷεν
3454 5091 3695 5144 κάκεῖνοι

2115 5165 2251 5235 πρὸς
2281 5164 2374 5229 οὓς
2397 5166 2461 5219 ἂν
2491 5167 2926 5240 διακρινοίμεθα·
2977 5175 3029 5227 τί
3078 5177 3276 5231 κωλύει
3322 5180 3417 5233 καὶ
3448 5179 3540 5233 τὸν
3567 5179 3695 5233 Υἱδν

2113 5256 2396 5326 ὁμοούσιον
2430 5253 2571 5312 εἶναι
2623 5260 2700 5331 τῷ
2740 5263 2933 5336 Πατρὶ,
2969 5267 3111 5321 κατὰ
3156 5268 3314 5323 τοῦτο
3367 5270 3693 5342 διαφέροντα

2112 5348 2233 5403 καθ’
2267 5348 2295 5402 6
2327 5348 2427 5419 μὲν
2458 5351 2648 5423 Πατὴρ
2673 5354 2970 5426 ἀγέννητὸς
2998 5360 3168 5427 ἐστιν,
3203 5362 3231 5414 ὁ
3261 5361 3318 5414 δὲ
3345 5361 3473 5426 Υἱὸς
3498 5380 3690 5434 γεννη-

2110 5438 2234 5503 τός;
2267 5440 2380 5492 Μία
2403 5440 2511 5510 γὰρ
2546 5442 2605 5493 ὲν
2641 5442 2825 5507 αὐτοῖς
2862 5446 3131 5518 ήθεότης,
3170 5449 3235 5501 ὲκ
3272 5451 3486 5525 Πατρὸς
3527 5453 3689 5523 ἀγεν-

2111 5530 2271 5600 νήτου
2303 5532 2567 5601 τρέχουσαι
2599 5533 2843 5601 φυσικῶς
2865 5538 2956 5589 ἐπὶ
2979 5538 3038 5592 τὸ
3065 5540 3330 5614 γέννημα.

509 5680 584 5752 (Ι)
621 5680 738 5742 Εά..
770 5682 1137 5755 ἀνομοούσιον.
1178 5688 1308 5747 Vide
1346 5693 1671 5756 Cotclerium
1706 5702 1758 5757 in
1797 5712 1910 5760 not.
1936 5704 2002 5760 ad

2141 5720 2285 5759 num.
2314 5704 2455 5759 Eccl.
2489 5705 2609 5777 (In,
2645 5726 2697 5782 p.
2723 5710 2850 5767 551.
2881 5712 3040 5771 Eutr.
