4032 6212
234 290 341 346 {29

491 516 814 579 Ἀντίθεσις
854 515 937 578 ὡς
972 514 1041 567 ἐκ
1078 512 1198 568 τῶν
1243 513 1566 582 Εὑνομιόυ.

301 632 417 684 Οὐκ
452 630 518 682 ἂν
566 628 650 697 εἴη
683 628 907 689 τέλειος,
955 628 1108 697 φησι,
1144 627 1221 698 μὴ
1276 627 1491 690 πάντως
1530 624 1638 679 ἀπὸ
1674 639 1819 686 τινος

234 723 511 794 ἐκτρέχων
538 719 735 789 ἀρχῆς.
768 719 830 771 Ei
861 718 1038 771 τοίνυν
1062 719 1406 771 κατέπαυσεν
1432 719 1460 770 ὁ
1482 716 1671 786 Πατὴρ
1698 732 1821 783 γεν-

232 817 335 869 νῶν
355 816 453 867 τὸν
486 813 634 871 Υἱὸν,
662 811 720 864 τὸ
765 811 822 863 δὲ
857 808 1210 863 καταπαῦσαι
1246 810 1397 873 τέλος
1438 809 1617 873 ἐστὶν,
1648 808 1824 880 ἀρχὴν

234 911 335 976 ἄρα
368 902 610 974 ἔχειτοῦ
656 898 817 955 εἶναι.
871 899 998 964 Πῶς
1047 896 1139 954 οὖν
1173 901 1203 953 ὁ
1252 899 1494 961 τοιοῦτος
1536 898 1821 969 ὸμοούσιος

234 1002 385 1052 ἐσται
415 996 498 1067 τῷ
525 996 593 1048 ἐκ
625 993 895 1065 μηδεμιᾶς
927 991 1101 1064 ἀρχῆς
1131 992 1245 1045 ὄντι
1268 990 1473 1064 Πατρὶς

738 1168 891 1235 Πρὸς
920 1168 1093 1221 τοῦτο
1125 1167 1329 1234 λύσις.

310 1285 370 1337 Ei
399 1281 747 1335 κατέπαυσεν
776 1280 805 1331 ὁ
831 1278 1038 1349 Πατὴρ,
1075 1277 1198 1331 καθ’
1244 1277 1411 1347 ὑμᾶς,
1435 1270 1481 1330 ὦ
1522 1275 1821 1347 χριστομά-

232 1394 338 1446 Im.
369 1373 580 1443 γεννῶν
630 1372 722 1423 τὸν
753 1370 904 1432 Υἱὸν,
955 1370 1049 1421 καὶ
1099 1369 1206 1421 ἀπό
1245 1385 1390 1432 τινος
1413 1368 1589 1438 ἀρχῆς
1620 1367 1823 1438 ἤρξατο

237 1468 417 1532 (τοῦτο
436 1466 545 1535 γὰρ
576 1462 732 1532 ὑμῶν
766 1462 801 1531 ἡ
834 1460 1102 1530 πρότασις
1126 1458 1285 1531 ἔχει),
1311 1458 1676 1529 προσγέγονεν
1717 1459 1823 1529 ἄρα

236 1557 315 1626 τῷ
348 1556 547 1626 Πατρξ.
598 1552 673 1605 Τὸ
718 1552 773 1603 δὲ
806 1552 1174 1621 προσγεγονὸς
1223 1551 1315 1603 καὶ
1345 1548 1521 1620 ἀρχὴν
1568 1548 1688 1618 ἔχον
1728 1547 1822 1600 τοῦ

237 1644 396 1702 εἶναι.
437 1646 749 1716 πρόσφατον
775 1643 838 1695 ἂν
864 1641 950 1711 εἴη
980 1643 1193 1703 πάντως
1222 1642 1313 1694 καὶ
1344 1640 1676 1708 ἀναγκαίως.
1699 1640 1822 1702 Πῶς

1650 279 2097 337 TllESAURUS.

925 401 1122 454 ΛΛΛΟ.
1847 400 1891 453 Α

3396 273 3503 326 150

2592 388 2827 445 ALIUD.

2355 502 2438 557 Ex
2476 503 2767 573 objections
2793 501 3065 555 Eunomii.

1991 618 2292 682 Perfectus,
2325 618 2516 686 inquit,
2562 631 2683 670 esse
2724 632 2827 672 non
2875 626 3075 686 potest,
3121 618 3226 673 nisi
3258 618 3347 688 qui
3379 634 3499 674 om-

1925 712 2051 766 nino
2084 712 2151 765 ab
2178 710 2358 776 aliquo
2392 708 2658 777 principio
2691 712 3035 775 processerit.
3066 710 3121 764 Si
3148 711 3310 783 igitur
3336 709 3501 766 Pater

1923 804 2080 860 desiit
2112 818 2375 875 generare
2404 801 2621 865 Filium,
2651 802 2779 855 illud
2811 814 2989 856 autem
3031 804 3295 865 desinere.
3337 807 3495 858 liucm

1923 897 2215 966 signiﬁcat,
2259 897 2395 965 prim
2417 896 2583 964 ipium
2614 897 2797 964 itaque
2837 895 3137 949 exsistcndi
3171 896 3348 950 habet.
3381 896 3503 960 Quo

1924 1001 2081 1059 pacto
2112 990 2275 1059 igitur
2307 989 2353 1042 is
2383 986 2883 1043 consubstantialis
2911 987 3015 1040 erit
3053 986 3225 1051 Patri,
3257 986 3348 1057 qui
3377 988 3495 1041 nul-

1924 1082 2033 1136 inm
2063 1080 2388 1150 principium
2423 1081 2580 1133 habet
2606 1080 2629 1131 Ῥ

2422 1170 2630 1223 Salutio
2681 1170 3009 1237 objectienis.

1994 1282 2051 1337 Si
2085 1280 2244 1335 desiit
2282 1280 2363 1334 vel
2394 1279 2629 1335 cessavit
2678 1278 2840 1333 Pater
2878 1291 3065 1331 creare
3103 1275 3321 1339 Filium,
3347 1277 3499 1341 juxta

1924 1382 2157 1427 restrain
2206 1372 2536 1441 opinionem,
2598 1372 2783 1424 hoStes
2825 1368 3048 1432 Christi,
3103 1377 3158 1420 et
3206 1365 3276 1419 ab
3321 1365 3502 1434 aliquo

1926 1464 2195 1535 principio
2227 1464 2389 1532 cmpit
2421 1462 2533 1531 73
2559 1463 2654 1529 (ita
2693 1461 2840 1514 enim
2866 1472 3045 1514 vestra
3078 1459 3374 1527 propositio
3414 1460 3502 1512 ha-

1926 1554 2058 1625 het),
2106 1569 2237 1623 ergo
2268 1553 2596 1605 adventitius
2633 1560 2714 1604 est
2747 1550 2914 1604 l’atri.
2955 1550 3009 1603 Id
3058 1564 3186 1602 vero
3216 1549 3361 1617 quod
3402 1551 3501 1601 ad~

1925 1646 2210 1700 ventitium
2247 1645 2362 1698 sive
2420 1645 2711 1697 ascititium
2751 1653 2854 1706 est,
2886 1652 2939 1695 et
2974 1642 3298 1711 principium
3340 1640 3503 1693 habet

236 1741 303 1808 δὴ
330 1734 425 1790 οὖν
451 1738 562 1808 ἄρα
582 1736 778 1805 θήσετε
795 1733 887 1786 τὸν
913 1732 1038 1785 Υιὸν
1061 1733 1191 1785 Θεὸν
1216 1728 1355 1786 εἶναι
1381 1733 1531 1804 παρὰ
1556 1733 1654 1804 τῆς
1676 1732 1825 1795 Θείας

1940 1736 2278 1801 axsistentim,
2311 1750 2501 1789 recens
2526 1735 2745 1787 omnino
2778 1734 2847 1786 sit
2877 1748 3099 1787 necesse
3125 1741 3225 1785 est.
3255 1730 3374 1798 Quo
3411 1746 3503 1799 pa-

237 1829 461 1900 Ῡραφῆς
488 1826 552 1879 οὐ
581 1822 1058 1895 συγχωρούμενον,
1095 1823 1160 1876 ἂν
1188 1822 1359 1887 οὕτως
1398 1824 1497 1896 ἔχῃ
1516 1864 1529 1888 ,
1567 1823 1822 1894 καθάπερ

242 1921 399 1991 ὑμεῖς
443 1935 611 1989 φατες
656 1935 676 1969 ι
712 1917 827 1969 Οὐκ
872 1915 1026 1969 ἔσται
1072 1914 1181 1985 γὰρ
1231 1915 1289 1967 ὲν
1341 1914 1423 1967 σοὶ
1461 1913 1613 1977 Θεὸς,
1665 1916 1819 1984 φησι,

245 2009 576 2080 πρόσᾳατος.
605 2026 626 2060 ι
660 2008 801 2061 Ἀλλ’
822 2005 964 2062 οἶδεν
990 2007 1149 2061 αὐτὸν
1172 2007 1205 2077 ἡ
1232 2004 1350 2059 θεία
1373 2006 1565 2077 Γραφὴ
1584 2006 1676 2058 καὶ
1694 2005 1823 2058 Υἱὸν

243 2104 368 2154 εντα
402 2100 493 2152 καὶ
520 2100 677 2156 Θεόν.
715 2100 831 2153 Οὐκ
860 2100 969 2171 ἄρα
1003 2099 1339 2170 πρόσφατος,
1370 2097 1492 2150 οὐδὲ
1520 2097 1823 2167 ἀρξάμενος

245 2189 336 2242 τοῦ
364 2190 679 2257 γεννᾶσθαι,
711 2190 835 2243 καθ’
866 2191 1040 2259 ὑμᾶς·
1075 2188 1210 2242 ἀλλὰ
1249 2188 1507 2258 γεννητὸς
1536 2187 1657 2257 μὲν,
1701 2205 1826 2241 συν-

247 2282 409 2345 αΰιος
435 2282 490 2335 δὲ
514 2283 665 2350 ὅμως
685 2281 761 2345 ὡς
785 2281 912 2344 Υἱὸς
936 2281 1011 2333 ὢν
1037 2281 1093 2333 ἐν
1110 2279 1188 2351 τῷ
1211 2280 1404 2351 Πατρί.
1428 2280 1491 2332 Εἰ
1517 2279 1573 2331 δὲ
1598 2279 1656 2331 τὸ
1684 2273 1825 2331 εἶναι

250 2374 557 2442 πρόσφατον
584 2373 648 2425 οὐ
676 2372 1027 2444 συγχωρήσει
1054 2372 1156 2441 τῆς
1178 2372 1346 2441 αὐτῆς
1368 2371 1556 2434 οὐσίας
1584 2367 1724 2425 εἶναι
1747 2370 1827 2442 τῷ

253 2464 422 2534 [lupi
449 2463 543 2515 τὸν
572 2463 724 2528 Υἱὸν,
751 2463 815 2517 τὸ
844 2463 922 2534 μὴ
960 2458 1098 2516 εῖναι
1146 2462 1461 2533 πρόσφατον
1488 2502 1506 2529 ,
1539 2460 1828 2532 ὸμοούσιον

251 2552 539 2615 ἀποδείξει.

938 2790 1140 2845 ΑΛΛΟ.

322 2903 387 2955 ΕΞ
408 2902 551 2974 μόνῳ
566 2900 686 2973 Θεῷ
708 2900 787 2973 τῷ
811 2900 954 2956 κατὰ
970 2901 1128 2971 φύσιν
1152 2917 1214 2955 το
1235 2903 1656 2975 προσκυνεῖσθαι
1679 2905 1833 2977 παρά.

1926 1841 2013 1883 cte
2046 1828 2210 1894 igitur
2253 1827 2504 1881 statuetis
2537 1840 2750 1879 sacram
2788 1824 3125 1893 Scripturam
3161 1837 3266 1876 non
3312 1837 3504 1877 conce-

1926 1922 2053 1974 dere
2087 1918 2283 1972 Filium
2322 1919 2491 1971 Deum
2523 1932 2665 1980 esse,
2697 1916 2739 1969 si
2783 1914 2854 1969 ita
2886 1929 2945 1969 se
2988 1929 3071 1968 rcs
3105 1914 3286 1975 habet,
3319 1921 3378 1966 ut
3410 1926 3505 1964 vos

1926 2012 2153 2067 dicitis?
2182 2031 2198 2062 ι
2231 2008 2347 2063 Non
2373 2009 2515 2062 enim
2539 2005 2884 2075 erit,inquit,
2911 2005 3036 2057 inte
3065 2003 3204 2057 Deus
3234 2015 3440 2055 recens.
3480 2018 3500 2052 ι

1929 2103 2093 2172 Atqui
2136 2116 2291 2155 sacra
2321 2099 2606 2166 Scriptura
2638 2096 2785 2149 illum
2830 2106 2884 2148 et
2923 2094 3117 2147 Filium
3158 2091 3418 2161 agnoscit,
3451 2101 3506 2143 et

1929 2196 2122 2250 Dt'lllli.
2165 2191 2282 2247 Non
2320 2190 2485 2260 igitur
2517 2202 2706 2241 recens
2734 2197 2840 2248 est,
2872 2199 3046 2253 neque
3074 2184 3298 2252 incmpit
3338 2198 3504 2253 gene-

1929 2286 2061 2346 rari.
2095 2293 2154 2337 ut
2198 2297 2292 2337 vos
2343 2279 2663 2351 opinamini,
2717 2278 2810 2331 sed
2859 2277 3082 2346 genitus
3121 2275 3363 2345 quidem,
3410 2288 3505 2328 eo-

1929 2388 2167 2431 aeternus
2199 2372 2572 2435 nihiiominus,
2623 2381 2681 2423 ut
2712 2369 2883 2423 Filius
2924 2368 3196 2421 exsistens
3225 2366 3277 2418 in
3323 2365 3501 2418 Patre.

1929 2468 2083 2522 Sicut
2115 2466 2299 2533 igitur,
2331 2463 2376 2518 si
2414 2476 2605 2516 recens
2639 2470 2811 2524 esset,
2837 2459 3076 2525 ejusdem
3107 2456 3357 2512 essentia:
3387 2469 3508 2509 esse

1929 2574 2051 2614 cum
2084 2558 2242 2612 Patre
2275 2554 2445 2611 Filius
2491 2568 2831 2624 nequaquam
2868 2559 3076 2620 posset,
3134 2549 3206 2604 ita
3242 2548 3408 2602 etiam
3440 2560 3513 2600 eo

1932 2651 2047 2720 ipso
2075 2650 2220 2719 quod
2255 2662 2445 2703 recens
2471 2661 2575 2702 non
2606 2652 2712 2709 est,
2741 2639 3220 2697 consubstantialis
3255 2652 3378 2694 esse
3410 2638 3510 2692 de-

1931 2745 2191 2800 claratur.

2606 2804 2836 2861 ALIUD.

2007 2924 2066 2979 Si
2101 2924 2201 2978 soli
2235 2922 2346 2977 Deo
2385 2917 2682 2975 secundum
2718 2926 2966 2972 natura-tn
2999 2915 3248 2970 adoratio
3280 2927 3312 2966 a
3355 2912 3510 2968 nobis

260 3013 313 3048 τε
344 2995 496 3065 ἡμῶν
518 2994 614 3048 καὶ
632 2994 881 3063 ἀγγέλων
913 2994 1206 3062 ὀφείλεται,
1240 2995 1411 3068 ἑτέρῳ
1438 2994 1496 3049 δὲ
1526 2995 1721 3063 οὐδενὶ,
1740 3000 1832 3051 καὶ

1940 3023 1990 3070 et
2022 3012 2227 3082 angi-lis
2251 3009 2500 3071 debetur,
2532 3018 2585 3062 et
2615 3006 2749 3060 nulli
2780 3005 2967 3070 alteri,
2991 3015 3046 3060 et
3082 3004 3149 3058 de
3184 3002 3342 3058 nobis
3377 3004 3514 3071 seri:

262 3088 346 3156 ἐφ’
381 3086 532 3156 ἡμῶν
562 3086 660 3158 μὲν
696 3085 966 3139 τέθειται’
994 3106 1010 3137 ι
1036 3086 1239 3157 Κύριον
1264 3087 1355 3141 τὸν
1385 3087 1517 3141 Θεὸν
1544 3105 1640 3142 σου
1658 3105 1829 3159 προσ-

1940 3111 2086 3172 ptum
2130 3110 2216 3154 est
2250 3118 2263 3151 :
2296 3118 2314 3151 ι
2356 3098 2639 3153 Dominum
2691 3095 2863 3149 Deum
2904 3105 3051 3148 tuum
3099 3095 3349 3148 adorabis
3374 3093 3452 3158 “;
3487 3110 3506 3144 ο

263 3181 537 3248 κυνήσεις,
571 3196 589 3227 ι
618 3177 872 3246 ἀγγέλοις
905 3177 962 3231 δὲ
998 3178 1060 3231 τὸ
1089 3178 1315 3247 Πνεῦμα
1347 3180 1557 3234 κελεύει
1588 3199 1831 3252 προσκυ-

265 3273 376 3322 νεῖν
402 3270 493 3322 τδν
509 3270 658 3332 ram,
681 3268 824 3324 κατὰ
847 3268 929 3334 τὸ,
963 3288 980 3320 ι
1007 3269 1176 3323 Ὅταν
1201 3270 1260 3323 δὲ
1286 3271 1558 3343 εἰσαγάγῃ
1574 3272 1665 3326 τὸν
1681 3288 1825 3343 πρωο

267 3361 492 3412 τὸτοκον
529 3361 604 3420 εἰς
632 3359 723 3428 τὴν
748 3358 1093 3431 οἰκουμένην,
1136 3359 1319 3428 λέγει·
1364 3362 1476 3414 Καὶ
1519 3377 1834 3432 προσκυνη-

262 3450 527 3504 σάτωσαν
545 3449 690 3520 αὐτῷ
713 3450 906 3513 πάντες
935 3449 1155 3519 ἄγγελοι
1177 3450 1334 3517 Θεοῦ,
1373 3470 1391 3504 ι
1411 3451 1544 3515 Θεὸς
1560 3452 1668 3523 ἄρα
1686 3452 1838 3507 ἐστὶν

262 3546 289 3597 ὁ
315 3539 787 3612 προσκυνούμενος
818 3542 970 3605 Υἱός.
1009 3541 1130 3605 [Ιῶς
1161 3537 1255 3595 οὖν
1307 3541 1460 3596 ἔσται
1499 3542 1597 3612 μία
1623 3543 1833 3613 θεότης,

263 3637 309 3688 εἰ
334 3634 438 3687 οὐκ
468 3633 602 3696 ἔστι,
633 3632 755 3686 καθ’
780 3633 947 3704 ὑμᾶς,
977 3634 1259 3704 ὁμοούσιος
1285 3633 1365 3704 τῷ
1390 3632 1603 3704 Πατρί;
1634 3635 1697 3687 El
1728 3634 1838 3705 γὰρ

263 3729 376 3797 ἔχει
390 3726 516 3779 τινὰ
534 3725 816 3779 διάστασιν
840 3725 959 3795 ἦτοι
980 3724 1243 3797 διαφορὰν
1265 3724 1407 3779 κατὰ
1424 3724 1516 3777 τὸν
1532 3724 1632 3791 τῆς
1650 3724 1837 3789 οὐσίας

264 3820 443 3885 λόγον,
477 3818 716 3887 ἑτεροῖος
748 3817 847 3886 μὲν
886 3817 953 3871 ἂν
980 3818 1065 3887 εἴη
1096 3815 1229 3881 Θεὸς
1258 3818 1287 3871 ὸ
1315 3816 1478 3883 Υἱὸς,
1513 3816 1751 3886 ἑτεροῖος
1781 3816 1839 3870 δὲ

265 3913 293 3962 ὸ
321 3910 536 3978 Πατὴρ,
560 3909 658 3961 καὶ
686 3907 781 3961 δύο
824 3907 965 3961 κατὰ
1000 3906 1160 3961 τοῦτο
1194 3907 1361 3971 Θεοὺς
1389 3908 1602 3978 ἀνάγκη
1626 3907 1804 3976 λέγειν
1821 3921 1837 3937 ·

266 4003 401 4071 ὓπερ
431 4002 583 4054 ἐστὶν
617 3999 835 4064 ἀσεϐὲς,
868 4000 964 4053 καὶ
998 3997 1119 4052 οὐδὲ
1151 3997 1313 4071 μέχρι
1341 3999 1502 4070 μόνον
1533 3999 1703 4069 ἀκοῆς
1737 4016 1842 4053 πα-

267 4092 549 4161 ραδεκτόν.
599 4091 738 4144 Ἀλλ’
766 4090 880 4145 ἔστι
905 4090 1003 4162 μία
1031 4090 1242 4163 ϐιότης,
1265 4091 1358 4146 καὶ
1377 4089 1519 4145 οὕτω
1545 4090 1842 4163 κηρύττου-

268 4202 353 4237 σιν
382 4187 440 4238 ai
467 4183 611 4237 θεῖαι
642 4182 856 4253 Γραφαι
875 4200 889 4215 ·
923 4183 1207 4252 ὀμοούσιος
1233 4184 1341 4253 ἄρα
1355 4182 1434 4253 τῷ
1447 4184 1620 4256 Πατρὶ
1645 4185 1675 4239 ό
1695 4184 1839 4249 Υἱός.

269 4275 427 4331 Οὕτω
463 4276 575 4348 γὰρ
608 4276 673 4329 τὸ
699 4276 760 4330 ἓν
780 4275 1006 4345 Θεὰτητι
1039 4277 1365 4348 σωθήσεται.

958 4383 1166 4442 AAAO.

346 4501 409 4554 Et
431 4500 641 4570 ἢρξατο
666 4499 760 4553 τοῦ
791 4500 985 4572 γεννᾷν
1012 4498 1104 4553 τὸν
1132 4499 1262 4555 Υεὸν
1291 4500 1320 4553 ὁ
1351 4500 1540 4572 Πατὴρ
1584 4501 1679 4556 καὶ
1718 4518 1853 4555 κατ-

277 4595 505 4656 έπαυσε,
540 4592 681 4645 κατὰ
698 4592 797 4663 τὴν
824 4591 931 4646 τῶν
955 4592 1337 4662 χριστομάχων
1381 4594 1595 4664 μανίαν,
1633 4593 1854 4648 ἀλλοίω-

278 4685 365 4748 σις
386 4702 472 4747 τις
498 4684 593 4738 καὶ⁸
617 4682 891 4755 μεταϐολὴ
921 4684 1048 4754 περὶ
1067 4684 1228 4737 αὐτὸν
1254 4683 1499 4753 γέγονεν.
1533 4685 1598 4738 Ὅ
1628 4684 1737 4756 γὰρ
1756 4686 1857 4740 οὐκ

276 4771 348 4846 ἦν
370 4775 497 4845 πρὶν
518 4774 775 4846 γεννήσῃ,
815 4772 1005 4842 γέγονε
1030 4771 1169 4843 μετὰ
1187 4770 1247 4825 τὸ
1273 4774 1557 4843 γεννῆσαι.
1576 4771 1641 4825 Et
1667 4771 1724 4824 δὲ
1747 4772 1863 4824 τῶν

280 4849 542 4918 τοιούτων
573 4864 830 4933 ἀνωτέρω
861 4863 922 4915 τὸ
955 4862 1095 4918 Θείόν
1142 4864 1259 4916 ἐστι
1304 4864 1512 4936 τροπῆς
1542 4879 1603 4917 τε
1628 4864 1722 4918 καὶ
1760 4863 1859 4917 ἁλ-

282 4955 553 5019 λοιὼσεως
586 4955 958 5022 ἀνεπίδεκτον,
989 4955 1091 5008 οὐκ
1122 4953 1324 5026 ἤρξατο
1371 4953 1466 5008 τοῦ
1497 4956 1712 5025 γεννᾷν,
1742 4954 1862 5008 οὐδὲ

284 5048 620 5111 κατέπαυσε,
656 5047 910 5119 καθάπερ
936 5041 1082 5101 οὗτοι
1112 5063 1279 5118 φασιν
1300 5064 1315 5078 ·
1364 5048 1478 5101 ἀλλ’
1516 5043 1586 5119 ἦν
1621 5048 1864 5118 ἀχρόνως

286 5140 349 5189 ἐν
370 5139 543 5209 Ila-:91
572 5141 604 5193 ὁ
636 5138 746 5193 τῶν
797 5137 1011 5193 αἰώνων
1062 5140 1159 5194 καὶ
1191 5138 1398 5211 χρόνων
1437 5137 1667 5209 ποιητὴς
1714 5137 1862 5200 Υἱός.

302 5227 521 5301 Ἐπειδὴ
537 5229 597 5283 δὲ
626 5228 916 5296 συναϊόιος,
940 5228 1031 5283 διὰ
1058 5228 1216 5283 τοῦτο
1239 5228 1334 5282 καὶ
1363 5226 1665 5299 ὁμοούσιος.

973 5431 1178 5485 ΔΛΛΟ.

361 5542 427 5596 Ei
454 5540 659 5613 ἤρξατο
678 5541 774 5618 ⁶τεοῦ
808 5543 1004 5612 γεννᾷν
1024 5542 1052 5594 ὁ
1093 5543 1285 5613 Πατὴρ
1329 5543 1419 5597 τὸν
1442 5543 1591 5607 Υίὸν,
1634 5546 1873 5616 προσγέ-

364 5704 405 5733 ¹¹
449 5702 599 5757 Deut.
638 5717 717 5769 vr,
758 5703 858 5767 £3;
890 5699 1079 5756 Matth.
1114 5718 1188 5767 tv,
1224 5702 1309 5758 i0.
1390 5702 1432 5734 ¹¹
1464 5701 1623 5757 llehr.
1653 5721 1690 5773 ι,
1729 5707 1781 5762 6.

1940 3194 2145 3264 angelis
2190 3207 2319 3246 vero
2372 3189 2604 3260 Spiritus
2644 3186 2799 3256 juhet
2832 3188 3062 3239 adorare
3106 3184 3323 3250 Filium,
3355 3184 3511 3256 juxta

1942 3285 2071 3339 illud
2103 3301 2117 3335 τ
2147 3301 2170 3334 ο
2205 3282 2431 3348 Quando
2467 3279 2740 3334 induxerit
2771 3276 3190 3345 primogenitum
3242 3275 3297 3328 in
3325 3276 3511 3329 orbem

1944 3386 2252 3439 terrarum,
2310 3373 2482 3427 dicit:
2519 3371 2581 3424 Et
2645 3370 2875 3423 adorent
2921 3384 3042 3422 eum
3095 3383 3285 3423 omnes
3339 3366 3516 3439 angeli

1941 3467 2036 3521 Dei
2060 3467 2143 3534 ¹²;
2171 3484 2189 3515 ι
2251 3465 2392 3518 Deus
2429 3478 2559 3532 ergo
2584 3473 2687 3515 est
2740 3460 2909 3515 Filius
2944 3459 3034 3530 qui
3084 3459 3363 3513 adorator.
3398 3458 3517 3526 Quo

1942 3566 2101 3626 pacto
2130 3554 2294 3626 igitur
2316 3556 2422 3608 erit
2461 3570 2565 3606 una
2598 3552 2795 3617 deitas,
2831 3552 2876 3606 si
2908 3566 3015 3605 non
3049 3560 3154 3615 est,
3178 3560 3237 3603 ut
3272 3564 3367 3605 vos
3401 3550 3519 3620 epi-

1945 3648 2174 3711 namini,
2207 3644 2691 3700 consubstantialis
2722 3643 2908 3697 Patri?
2936 3643 2992 3696 Si
3026 3643 3170 3696 enim
3207 3641 3515 3695 distantiam

1945 3735 2059 3788 sive
2087 3731 2447 3785 diﬁcrentiaut
2489 3731 2653 3783 ullam
2693 3731 2853 3783 habet
2882 3730 3095 3783 ratione
3127 3731 3397 3792 essentia,
3434 3729 3518 3783 di-

1946 3837 2138 3879 versus
2170 3836 2304 3875 sane
2351 3821 2511 3873 luerit
2545 3819 2687 3871 Deus
2718 3817 2888 3871 Filius
2918 3835 2947 3870 a
2988 3819 3099 3871 Deo
3132 3818 3314 3882 Patre,
3356 3827 3522 3887 atque

1950 3915 2020 3969 ita
2069 3914 2205 3966 deos
2227 3913 2367 3966 Deos
2404 3908 2741 3964 constituere
2791 3920 3012 3961 necesse
3044 3907 3191 3961 erit:
3225 3907 3368 3974 quod
3397 3910 3521 3974 qui-

1947 4008 2067 4062 dem
2101 4003 2323 4073 impium
2360 4011 2461 4064 est,
2496 4010 2549 4055 et
2580 3999 2662 4054 vel
2691 3998 2804 4055 solo
2827 3998 3013 4054 auditu
3039 3996 3398 4053 exsecrabile.
3427 3998 3525 4051 At-

1949 4099 2039 4169 qui
2074 4112 2180 4152 una
2217 4105 2301 4151 est
2335 4095 2536 4157 deitas,
2568 4101 2730 4159 atque
2764 4093 2836 4147 ita
2878 4105 3048 4146 sacra
3083 4089 3304 4145 Littera:
3332 4091 3525 4159 praedi-

1951 4197 2074 4242 cant
2106 4205 2121 4242 :
2152 4183 2632 4240 eonsubstantialis
2684 4184 2850 4254 igitur
2884 4192 2970 4238 est
3016 4182 3164 4238 Patri
3213 4183 3403 4239 Filius.
3450 4183 3524 4237 Ila

1953 4282 2098 4334 enim
2132 4278 2315 4334 unitas
2352 4277 2403 4331 in
2445 4275 2655 4332 Deitate
2687 4277 3120 4333 conservabitur.

2622 4388 2853 4446 ALIUD.

2031 4509 2089 4562 Si
2122 4508 2288 4577 cmpit
2317 4519 2578 4575 generare
2622 4503 2817 4558 Filium
2861 4503 3021 4558 Pater
3067 4513 3123 4559 et
3164 4502 3346 4566 desiit,
3375 4502 3528 4572 juxta

1961 4600 2204 4654 insanam
2236 4597 2445 4652 Christi
2473 4597 2705 4651 hostium
2748 4594 3080 4664 opinionem,
3112 4592 3361 4647 alteratio
3382 4608 3532 4661 quac-

1962 4692 2085 4743 dam
2117 4698 2169 4744 et
2202 4689 2435 4743 metatio
2453 4687 2502 4743 ei
2532 4687 2750 4743 accidit.
2781 4686 2914 4741 Nam
2948 4686 3092 4755 quod
3131 4700 3238 4738 non
3285 4694 3404 4737 erat
3430 4699 3531 4734 an-

1964 4788 2181 4848 tequam
2211 4787 2520 4851 generaret,
2568 4779 2745 4835 factus
2787 4788 2867 4833 est
2903 4787 3189 4847 postquam
3229 4773 3530 4840 getteravit.

1964 4872 2127 4939 Atqui
2164 4872 2209 4926 si
2237 4871 2493 4926 divinitas
2540 4871 2669 4926 nulli
2701 4869 3010 4925 alterationi
3047 4866 3405 4921 mutationive
3438 4865 3537 4917 ob-

1967 4963 2129 5016 noxia
2160 4971 2265 5028 est,
2314 4978 2420 5016 non
2460 4976 2592 5033 ergo
2622 4963 2790 5032 erepit
2834 4973 3117 5032 generare,
3152 4970 3330 5027 neque
3371 4955 3536 5009 etiam

1966 5054 2167 5118 desiit,
2234 5055 2684 5125 quemadmodum
2742 5055 2829 5109 isti
2882 5055 3218 5123 opinantur,
3274 5050 3370 5105 sed
3419 5057 3540 5105 emt

1967 5145 2172 5213 absque
2213 5155 2457 5214 tempore
2496 5148 2548 5201 in
2580 5145 2769 5212 Patre,
2796 5144 3114 5200 saeculorum
3148 5153 3204 5198 et
3234 5151 3546 5212 temporum

1969 5235 2211 5288 nunttium
2262 5235 2512 5290 conditor
2542 5234 2730 5291 Filius.
2780 5235 2915 5291 Cum
2945 5248 3075 5290 vero
3116 5243 3419 5288 coaeternus
3450 5229 3550 5292 sit,

1972 5325 2287 5380 necessario
2310 5327 2478 5381 etiam
2515 5327 3009 5383 consubstutialis.

2647 5439 2878 5498 ALIUD.

2051 5549 2106 5605 Si
2141 5550 2300 5608 Pater
2329 5556 2489 5625 coepit
2519 5572 2783 5625 generare
2815 5556 3034 5623 Filium,
3065 5552 3297 5611 accessit
3325 5547 3551 5605 omnino
