4032 6212
504 296 597 351 131

1483 283 1543 337 S.
1583 280 1856 337 CYRILLI
1901 275 2368 357 QLEXANDRINI
2408 271 2727 327 ARCHIEP.
2822 310 2823 315 η

3650 274 3669 317 1
3683 270 3752 317 ὖῑ

406 446 409 447 ν
505 414 607 466 hoc
653 405 720 461 ad
750 404 1038 459 essentiam
1064 397 1259 471 ipsuus,
1285 406 1341 450 et
1374 397 1522 466 quod
1571 396 1727 450 initio
1758 409 1864 448 non
1904 393 2069 447 habe-

2175 407 2330 459 γονεν
2351 390 2456 458 ἄρα
2494 390 2559 459 τῇ
2587 386 2744 457 οὐσίᾳ
2773 386 2937 440 αὐτοῦ
2967 401 3142 447 τουτο,
3175 382 3269 436 καὶ
3302 378 3438 449 ἅπερ
3474 378 3573 430 οὐκ
3605 372 3751 448 εἶχεν

504 502 613 564 hat,
648 506 835 567 postea
872 494 1100 563 accepit.
1129 490 1281 558 Quod
1324 505 1449 543 vero
1495 488 1817 544 incrementi
1848 486 2073 553 alicujus

502 602 584 645 est
624 605 815 660 capax,
848 586 1226 657 imperfectum
1265 582 1479 637 censeri
1528 583 1706 645 debet,
1749 596 1852 633 non
1892 588 2069 632 autem

502 685 819 754 perlectum.
860 681 971 752 79
1014 681 1121 736 Sed
1181 679 1282 733 hoc
1333 676 1625 730 absurdum
1681 683 1801 728 est:
1837 670 2069 740 perfecta

500 777 642 831 enim
685 784 769 829 est
800 772 983 828 Patris
1024 769 1286 825 essentia.
1322 766 1599 822 Cenerare
1645 764 1808 832 igitur
1839 777 1941 815 non
1974 760 2072 814 fuit

503 865 555 917 iu
588 879 655 919 eo
698 863 1091 925 accessorium,
1146 859 1239 915 sed
1299 857 1457 912 infuit
1508 857 1608 910 hoc
1651 855 1697 907 ei
1746 854 1813 907 ab
1846 861 2068 917 aeterno,

503 968 676 1024 neque
707 969 947 1023 unquam
981 966 1104 1007 esse
1140 950 1322 1020 coepit.
1364 946 1418 1001 Si
1438 956 1613 999 autem
1648 959 1750 996 non
1787 943 1950 1011 cmpit
1976 958 2069 1010 ge—

503 1062 719 1110 nerare,
742 1055 1048 1100 coaeternus
1082 1058 1209 1111 ergo
1235 1049 1315 1093 cst
1355 1037 1500 1091 Patri
1537 1035 1703 1090 Filius
1731 1048 1795 1088 ex
1844 1034 1959 1102 ipso
1978 1049 2070 1100 ge-

505 1141 669 1193 nitus.
701 1138 762 1190 Et
795 1134 1244 1207 quemadmodum
1265 1171 1279 1191 ,
1308 1129 1354 1182 si
1387 1127 1595 1182 initium
1640 1123 1932 1181 exsiswndi
1975 1123 2073 1177 ha-

504 1230 736 1291 buisset.
778 1245 881 1284 non
923 1236 1069 1280 esset
1109 1219 1585 1276 consubstantialis
1613 1216 1756 1270 Patri
1783 1232 1798 1269 :
1827 1217 1921 1281 ita,
1945 1216 2073 1283 quia

504 1336 619 1375 non
670 1319 858 1374 habuit
908 1316 1116 1370 initium
1169 1313 1221 1365 in
1274 1320 1552 1379 tempore,
1596 1307 2076 1362 consubstantialis

505 1411 726 1466 omnino
751 1409 874 1463 erit.

977 1490 1208 1558 ALIUD,
1252 1490 1589 1559 explicatius.

573 1629 1033 1696 Quemadmodum
1080 1628 1155 1681 illi
1197 1628 1285 1695 qui
1319 1626 1531 1680 veritati
1571 1631 1893 1693 repugnant,
1922 1620 2073 1690 prin-

2174 484 2230 534 ἐν
2253 482 2417 552 ἀρχῇ,
2446 479 2779 552 προσέλαϐεν
2802 478 2925 531 ὐστε
2936 495 3045 549 ρον.
3064 476 3137 529 Τὸ
3154 476 3210 528 δὲ
3234 474 3551 545 προσθηκην
3574 470 3753 522 ἐπιδε-

2172 573 2399 643 χόμενον
2444 590 2584 635 τινα,
2641 571 2827 633 ἀτελὲς
2855 569 2920 623 ἂν
2946 569 3051 638 εἴη,
3084 568 3177 619 καὶ
3221 566 3282 617 οὐ
3322 562 3547 617 τέλειον.
3593 558 3755 615 Ἀλλὰ

2172 664 2327 718 τοῦτο
2353 663 2553 717 ἄτοπον
2577 680 2590 693 ο
2626 662 2805 715 τελεία
2838 660 2947 731 γάρ
2984 663 3016 730 ἡ
3044 657 3136 712 τοῦ
3170 655 3384 725 Πατρὸς
3429 654 3605 707 οὐσία.
3637 652 3751 707 Οὐκ

2172 757 2279 827 ἄρα
2309 755 2675 827 προσγέγονεν
2722 752 2859 822 αὐτῇ
2895 750 2954 803 τὸ
2986 750 3180 819 γεννᾷν
3203 789 3220 811 ,
3265 745 3380 799 ἀλλ’
3408 740 3475 815 ἦν
3521 746 3580 796 ὲν
3612 744 3751 813 αὐτῇ

2171 850 2330 902 τοῦτο
2358 849 2458 901 οὐκ
2492 847 2820 918 ἀρξάμενον.
2851 844 2912 896 Ei
2933 842 2991 895 δὲ
3019 842 3118 895 οὐκ
3142 839 3344 911 ἡρξατο
3384 837 3599 907 γεννᾷν,
3625 852 3752 888 συν-

2174 943 2341 1005 αἲδιος
2375 942 2485 1011 ἄρα
2508 940 2625 993 ἐστὶ
2647 938 2724 1008 τῷ
2751 935 2929 1006 Πατρὶ
2953 936 2980 987 ὁ
3008 933 3065 997 ἐξ
3092 931 3255 986 αὐτοῦ
3290 929 3571 1000 γεννηθεὶς
3598 928 3749 991 Υἱός.

2174 1034 2285 1088 Καὶ
2307 1033 2494 1102 ὥσπερ
2520 1033 2568 1083 εί
2590 1030 2763 1101 ἀρχὴν
2788 1029 2911 1098 ἔσχε
2934 1026 3027 1081 τοῦ
3057 1023 3215 1089 εἶναι,
3245 1024 3344 1077 οὐκ
3369 1022 3434 1076 ἂν
3459 1018 3526 1093 ἦν
3554 1019 3753 1092 δμοού-

2176 1144 2310 1189 σιος,
2337 1125 2511 1188 οὕτως
2535 1124 2657 1178 ἐπεὶ
2686 1123 2762 1194 μὴ
2792 1123 2948 1191 ἔσχεν
2972 1119 3146 1191 ἀρχὴν
3164 1118 3262 1187 τὴν
3289 1118 3346 1169 ἐν
3379 1116 3575 1187 χρόνῳ,
3598 1114 3753 1167 ἔσται

2177 1219 2393 1280 πάντως
2423 1215 2727 1287 δμοοῦσιος.

2619 1474 2825 1543 ΔΛΛΟ,
2857 1472 3311 1544 διηγηματικῶς.

2248 1605 2461 1677 ’Ὠσπερ
2490 1608 2537 1659 οἱ
2566 1609 2630 1677 τῇ
2660 1605 2889 1678 ἀληθείᾳ
2916 1605 3231 1676 μαχόμενοι,
3265 1599 3440 1673 ἀρχὴν
3479 1602 3570 1653 καὶ
3600 1600 3757 1664 τέλος

501 1723 694 1790 t‘ipiﬂllt
717 1731 772 1773 et
798 1719 956 1772 tinem
990 1719 1323 1789 generationi
1358 1718 1479 1771 Filii
1510 1717 1865 1777 ascribentes,
1899 1714 2071 1781 ipsum

2176 1699 2241 1766 τῇ
2266 1696 2357 1749 τοῦ
2384 1696 2512 1749 Υίοῦ
2541 1696 2791 1765 γεννήσει
2808 1694 3197 1766 περιτιθέντες,
3225 1692 3574 1746 ἐκϐάλλουσιν
3593 1690 3758 1743 αὐτὸν

2213 1787 2238 1799 -
2310 1789 2322 1799 .
2439 1788 2450 1799 .
2677 1787 2700 1798 -
2851 1789 2865 1799 .
2967 1785 2981 1799 .
3055 1784 3126 1799 ...
3342 1782 3355 1799 .
3447 1796 3457 1799 Α
3498 1781 3547 1799 κ..
3732 1780 3747 1799 ι

502 1814 569 1866 ab
627 1810 983 1865 similitudine
1045 1826 1167 1864 cum
1227 1808 1387 1863 Patre
1441 1807 1772 1871 excludunt;
1832 1804 1904 1857 ita
1955 1817 2072 1865 nos,

498 1914 673 1967 neque
730 1900 1052 1969 principium
1097 1913 1272 1967 neque
1312 1898 1473 1951 linem
1528 1891 1893 1965 generationis
1954 1889 2074 1944 Filii

494 1998 871 2056 agnoscentes,
936 1988 1305 2041 omnimodam
1357 1986 1408 2040 ei
1474 1983 1889 2039 similitudinem
1953 1995 2075 2035 cum

494 2077 653 2134 Patre
698 2080 1006 2134 tribuimus.
1049 2077 1202 2144 Quod
1249 2091 1379 2131 vero
1420 2091 1515 2145 per
1556 2074 1737 2129 omnia
1768 2072 1944 2127 simile
1975 2080 2075 2136 est,

495 2170 968 2226 consubstantiale
991 2170 1154 2224 etiam
1181 2176 1282 2223 est.

661 2303 814 2369 Quod
873 2296 1340 2358 Constabatantiali:
1390 2301 1458 2352 sit
1511 2298 1688 2351 Filius
1750 2296 1918 2349 Patri.

1035 2458 1042 2465 ι
1091 2394 1331 2462 Objectio
1354 2391 1508 2445 Aetii.

566 2509 687 2576 Quo
725 2518 886 2578 pacto
912 2507 1083 2577 possit
1112 2507 1341 2568 servari,
1380 2504 1576 2573 inquit,
1616 2501 1870 2556 identitas
1902 2512 2081 2555 essen-

500 2602 588 2656 tia:
626 2604 679 2655 in
729 2599 891 2653 Patre
942 2608 996 2652 et
1038 2596 1198 2663 Filio,
1248 2598 1291 2650 si
1339 2594 1501 2650 Pater
1550 2596 1766 2664 quidem
1807 2593 2080 2660 ingenitus

2178 1787 2277 1857 τῆς
2301 1788 2617 1858 ὁμοιότητος
2641 1787 2743 1857 τῆς
2773 1789 2907 1857 πρὸς
2932 1785 3024 1839 τὸν
3055 1782 3426 1854 Γέγεννηκότα
3445 1796 3459 1811 °
3492 1781 3635 1834 οὕτω
3656 1780 3754 1835 καὶ

2180 1880 2341 1950 ἡμεῖς
2368 1877 2490 1930 οὐτε
2517 1878 2712 1948 ἀρχὴν,
2743 1876 2867 1931 οὐτε
2889 1876 3040 1939 τέλος
3078 1876 3207 1946 περὶ
3228 1874 3325 1946 τὴν
3358 1873 3450 1927 τοῦ
3484 1872 3613 1926 Υἱοῦ
3635 1872 3756 1940 γέν-

2179 1989 2333 2041 νησιν
2369 1969 2818 2041 παραδεχόμενοι,
2855 1966 3180 2039 εἰσφέρομεν
3208 1965 3371 2019 αὐτὸν
3396 1964 3473 2028 εἰς
3506 1962 3756 2035 ἀπαράλ-

2180 2061 2377 2116 λακτον
2414 2062 2704 2132 ὁμοιότητα
2733 2061 2828 2131 τὴν
2851 2060 2985 2131 πρὸς
3014 2058 3102 2112 τὸν
3130 2058 3369 2129 Πατέρα.
3400 2056 3471 2110 Τὸ
3495 2055 3551 2109 δὲ
3572 2057 3757 2125 ὅμοιον

2182 2154 2323 2208 κατὰ
2357 2155 2554 2218 πάντα,
2592 2155 2687 2208 καὶ
2712 2153 3013 2224 ὁμοοῦσιον.

2396 2294 2524 2346 ’Ὅτι
2573 2294 2896 2362 όμοούσιος
2951 2294 2985 2345 ό
3050 2292 3182 2357 Υἱὸς
3220 2290 3299 2356 τῷ
3339 2292 3543 2358 Πατρί.

2496 2383 2795 2451 Πρότασις
2823 2384 2903 2448 ὡς
2934 2383 3001 2436 ἐκ
3030 2382 3149 2436 τῶν
3189 2382 3436 2437 Ἀετίου.

2252 2495 2363 2548 Καὶ
2390 2493 2509 2558 πῶς
2542 2493 2607 2547 ἂν
2639 2495 2875 2561 δύναιτο,
2929 2494 3084 2565 φησὶ,
3134 2495 3400 2564 ταυτότης
3427 2491 3615 2556 οὐσίας
3662 2491 3759 2544 ἐπί

2180 2605 2239 2640 τε
2271 2587 2483 2658 [ἰατρὸς
2537 2588 2632 2640 καὶ
2678 2586 2809 2639 Υίοῦ
2866 2586 3156 2651 σώζεσθαι,
3195 2587 3248 2655 ei
3277 2602 3339 2654 γε
3379 2587 3407 2638 ὁ
3435 2584 3532 2654 μὲν
3566 2582 3759 2654 Πατὴρ

496 2704 601 2758 est,
639 2692 809 2747 Filius
854 2700 1037 2744 autem
1088 2688 1342 2759 genitus?
1382 2686 1762 2742 Necessarium
1816 2687 1957 2741 enim
1999 2694 2072 2738 est

2180 2679 2473 2751 ἀγέννητός
2521 2679 2661 2742 ἐστι,
2712 2678 2967 2749 γεννητὸς
3014 2677 3070 2731 δὲ
3098 2678 3126 2728 ό
3166 2676 3328 2743 Υἱός;
3374 2675 3611 2745 Ἀνάγκη
3648 2674 3761 2745 γὰρ

500 2787 663 2856 plane
699 2783 857 2837 lateri
900 2781 1044 2836 nulla
1095 2796 1159 2835 ex
1191 2791 1343 2850 parte
1394 2778 1591 2835 similia
1624 2793 1748 2833 esse
1781 2777 2077 2846 ingenitum

497 2885 553 2929 et
577 2875 842 2942 genitum.
874 2872 946 2925 At
977 2872 1021 2925 si
1053 2871 1250 2925 similia
1288 2881 1436 2935 sunt,
1470 2870 1604 2924 nihil
1630 2870 1908 2924 obstiterit
1946 2883 2080 2937 quo-

498 2964 676 3016 minus
718 2969 776 3015 et
829 2959 1045 3015 Patrem
1100 2959 1364 3029 genitum,
1424 2968 1479 3013 et
1535 2958 1730 3012 Filium
1780 2957 2076 3028 ingenitum

493 3050 827 3123 appellemus
885 3041 1179 3118 omniaque
1204 3048 1626 3104 confundamns.
1966 3048 1971 3053 ί

998 3161 1209 3217 Salutio
1254 3159 1582 3231 objectionis.

567 3282 668 3349 Qui
720 3279 833 3335 haec
881 3278 954 3335 ita
1008 3279 1259 3349 imperite
1302 3275 1513 3344 objicit,
1561 3273 1798 3329 vicissim
1845 3288 1873 3326 a
1925 3272 2080 3328 nobis

495 3375 679 3429 audiet
709 3391 723 3427 :
752 3374 871 3439 Quo
913 3381 1071 3441 pacto
1112 3386 1219 3425 non
1269 3371 1440 3439 possit
1466 3369 1670 3423 servari
1706 3368 1958 3421 identitas
1991 3381 2078 3421 es-

495 3468 683 3521 sentia:
715 3467 767 3520 in
796 3466 959 3521 Patre
985 3474 1042 3519 et
1070 3464 1228 3525 Filio,
1260 3465 1303 3516 si
1335 3461 1503 3515 Filius
1542 3471 1626 3516 est
1654 3460 1832 3526 imago
1881 3458 2074 3521 Patris,

494 3568 550 3613 et
589 3559 642 3611 in
679 3557 859 3627 seipso
892 3555 1133 3610 ostendit
1169 3552 1421 3607 Patrem?
1448 3551 1791 3605 Manifestum
1820 3550 1964 3604 enim
1995 3557 2078 3604 est

495 3662 551 3707 et
580 3652 648 3705 ab
680 3650 935 3704 omnibus
966 3648 1291 3711 admissum,
1348 3646 1618 3699 neminem
1661 3643 1716 3698 in
1744 3643 1846 3697 alia
1883 3653 2075 3697 natura

495 3746 657 3800 aliam
695 3756 960 3804 eernere;
1009 3754 1185 3808 neque
1227 3739 1514 3808 quisquam
1554 3738 1735 3792 dicere
1773 3736 1943 3805 possit
1979 3750 2073 3799 se,

498 3852 622 3893 cum
653 3850 850 3905 equum
885 3834 1097 3899 viderit,
1124 3833 1401 3887 hominum
1429 3830 1666 3899 aliquem
1697 3829 1915 3883 vidisse.
1941 3824 2073 3880 Nam

499 3930 555 3984 in
594 3930 661 3984 iis
690 3944 809 3998 quae
847 3927 1083 3998 ejusdem
1116 3935 1322 3980 natura:
1368 3934 1494 3977 sunt
1519 3922 1717 3977 similia
1753 3922 1916 3977 etiam
1955 3933 2074 3972 cer-

500 4032 733 4087 nuntur,
761 4035 864 4074 non
897 4020 949 4073 in
978 4017 1045 4072 iis
1086 4030 1207 4086 quae
1252 4015 1394 4068 inter
1436 4028 1493 4067 se
1521 4013 1826 4077 dissident,
1864 4011 2073 4065 ratione

499 4113 645 4167 modi
685 4127 792 4180 quo
824 4112 1115 4164 exsistunt.
1146 4106 1203 4161 Si
1249 4120 1378 4174 ergo
1406 4104 1654 4172 Philippo
1697 4102 1933 4171 cupienti
1971 4099 2072 4154 Pa-

498 4217 634 4261 trem
686 4205 869 4259 videre
927 4201 1183 4257 Christus
1234 4197 1475 4266 seipsum
1530 4194 1784 4258 ostendit,
1844 4194 2068 4248 dicens:

499 4318 519 4351 ‹
554 4299 653 4365 Qui
706 4298 838 4350 vidit
878 4310 984 4360 me,
1016 4293 1155 4349 vidit
1200 4300 1256 4348 et
1300 4289 1517 4346 Patrem
1537 4288 1611 4354 ¹³;
1652 4307 1670 4339 ι
1720 4301 1941 4343 necesse
1987 4297 2071 4342 est

491 4387 715 4444 omnino
758 4397 817 4439 ut
863 4385 1105 4452 ejusdem
1148 4382 1399 4439 essentia:
1428 4381 1672 4435 dicamus
1714 4391 1834 4433 esse
1871 4377 2066 4433 Filium

491 4496 617 4534 cum
654 4478 835 4543 Patre,
869 4486 929 4530 ut
970 4475 1344 4531 omnimodam
1384 4471 1668 4540 imaginem
1699 4481 1753 4526 et
1787 4472 2068 4527 characte-

496 4587 607 4626 rem
632 4586 743 4626 suaa
774 4570 1150 4640 hypostaseos.

1158 4677 1386 4734 ALIUD.

565 4796 844 4858 Dominus,
879 4792 1094 4847 etiamsi
1141 4792 1355 4860 genitus
1419 4791 1525 4857 sit,
1571 4793 1768 4860 passim
1825 4792 2064 4861 seipsum

492 4883 1014 4943 consubstantialem
1063 4883 1209 4937 Patri
1242 4897 1364 4937 esse
1406 4885 1606 4937 docet:
1644 4882 1911 4951 siquidem
1958 4898 2067 4954 quo

495 4990 652 5049 pacto
680 4980 916 5047 seipsum
948 4975 1141 5031 Filium
1182 4989 1306 5029 esse
1341 4976 1512 5030 dicit?
1541 4975 1580 5029 E
1610 4976 1846 5040 diverso,
1884 4977 2067 5031 boues

492 5072 693 5126 Christi
729 5069 998 5126 imbecilla
1053 5083 1148 5122 sua
1206 5077 1510 5122 commenta
1551 5078 1906 5137 opponentes,
1951 5069 2065 5123 fieri

494 5174 600 5213 non
648 5172 804 5228 posse
842 5159 993 5212 aiunt
1023 5158 1136 5227 80
1178 5165 1255 5223 ut,
1290 5172 1410 5209 cum
1450 5156 1521 5210 sit
1556 5158 1793 5224 genitus,
1827 5159 2066 5227 ejusdem

493 5247 742 5300 essentia:
792 5246 866 5299 sit
910 5261 1033 5300 cum
1085 5245 1246 5299 Patre
1289 5245 1380 5314 qui
1428 5254 1511 5300 est
1560 5245 1852 5315 ingenitus.
1900 5246 2065 5315 Atqui

493 5352 616 5390 eum
647 5337 894 5393 Christus
925 5337 1013 5391 illa
1043 5339 1110 5392 de
1146 5338 1323 5408 seipse
1351 5336 1518 5401 dicat,
1553 5337 1667 5392 lure
1699 5353 1833 5392 vero
1861 5336 2066 5393 Christi

494 5427 698 5491 hostes,
730 5427 1006 5498 quisnam,
1032 5429 1279 5493 obsecro,
1308 5442 1371 5484 eo
1402 5429 1686 5485 dementiae
1707 5430 1975 5501 pervenit,
2007 5437 2065 5484 ut

495 5531 711 5574 censeat
741 5520 1049 5578 hominibus
1082 5523 1260 5594 potius
1288 5522 1613 5581 credendum
1649 5536 1810 5593 quam
1838 5522 1971 5588 Deo,
2011 5532 2066 5578 et

568 5697 608 5727 ⁸³
630 5693 783 5753 Joan.
817 5714 922 5766 xw,
954 5700 1005 5754 9.

2183 2774 2332 2826 πᾶσα
2382 2772 2559 2840 λέγειν
2595 2772 2652 2824 ὲν
2690 2771 2865 2824 οὐδενὶ
2911 2768 3307 2840 παραλλάττειν
3358 2766 3418 2819 τὸ
3465 2766 3761 2835 ἀγέννητον

2183 2864 2319 2933 πρὸς
2348 2864 2406 2916 τὸ
2438 2862 2716 2933 γεννητόν.
2743 2863 2805 2915 Ei
2835 2862 2890 2915 δὲ
2916 2860 3092 2925 τοῦτο,
3116 2860 3268 2914 οὐδὲν
3296 2858 3527 2912 κωλύσει
3556 2858 3762 2910 καὶτὸν

2181 2957 2398 3027 Πατέρα
2430 2955 2688 3026 γεννητὸν
2710 2950 2850 3009 εἶναι
2881 2953 3059 3021 λέγειν
3090 2953 3184 3006 καὶ
3217 2952 3307 3004 τὸν
3349 2950 3483 3004 Υίὸν
3522 2949 3762 3018 ἀγέννη-

2105 3080 2149 3136 η
2180 3067 2292 3113 τον,
2324 3049 2417 3101 καὶ
2457 3047 2791 3117 συγκέχυται
2811 3046 2871 3099 τὸ
2902 3048 3028 3101 πᾶν.

2672 3159 2829 3229 Πρὸς
2854 3159 3041 3214 ταῦτα
3068 3160 3268 3225 λύσις.

2264 3277 2320 3328 '0
2352 3274 2525 3328 ταῦτα
2558 3274 2860 3346 προτείνων
2903 3272 3133 3344 ἀμαθῶς
3154 3312 3168 3337 ,
3201 3272 3593 3326 ἀντακούσεται
3626 3274 3760 3342 παρ’

2179 3368 2336 3439 ἡμῶν
2355 3383 2369 3396 ⁸
2410 3367 2520 3439 καὶ
2554 3365 2671 3429 πῶς
2696 3365 2763 3420 ἃν
2794 3364 3011 3419 δύναιτο
3035 3364 3302 3434 ταυτότης
3320 3364 3507 3427 οὐσίας
3544 3362 3619 3435 μὴ
3648 3363 3756 3415 σώ-

2176 3462 2368 3528 ζεσθαι
2410 3463 2502 3517 ὲπί
2555 3481 2616 3516 τε
2655 3464 2869 3534 Πατρδς
2904 3464 2997 3517 καὶ
3032 3464 3194 3529 Υἰοῦ,
3231 3463 3374 3532 εἴγε
3412 3465 3505 3518 τοῦ
3545 3466 3759 3535 Πατρὶς

2178 3555 2342 3609 είκών
2367 3556 2516 3609 ἐστιν
2544 3558 2573 3609 ὁ
2599 3557 2744 3622 Υἱὸς,
2768 3557 2862 3610 καὶ
2892 3558 2950 3609 έν
2980 3556 3159 3629 ἑαυτῷ
3177 3557 3417 3611 δείκνυσι
3454 3558 3544 3611 τὸν
3577 3558 3757 3610 Πατέ-

2181 3663 2279 3717 ρα;
2315 3646 2552 3718 Εῦδηλον
2577 3648 2686 3719 γάρ
2719 3648 2781 3718 δή
2818 3647 3016 3700 πουθέν
3052 3649 3168 3700 ἐστι
3224 3649 3318 3701 καὶ
3354 3648 3517 3701 πᾶσιν
3565 3646 3756 3716 ὁμολο-

2176 3742 2462 3812 γούμενον,
2492 3740 2567 3801 ὡς
2595 3740 2769 3802 οὐδεὶς
2795 3741 2851 3792 ὲν
2889 3739 3054 3810 ἑτέρᾳ
3091 3738 3250 3807 φύσει
3288 3738 3386 3809 τὴν
3413 3739 3602 3808 ἑτέραν
3629 3737 3758 3805 ὅψε-

2175 3850 2265 3886 ται
2288 3850 2302 3864 ’
2327 3832 2439 3885 οὐδ’
2465 3832 2531 3885 ἄν
2567 3848 2649 3893 τις
2699 3832 2811 3901 ἔχοι
2842 3830 3021 3899 λέγειν
3072 3830 3238 3883 ἵππον
3266 3829 3546 3900 ἑωρακὼς,
3584 3830 3664 3882 ὅτι
3687 3829 3754 3899 δή

2173 3939 2295 3976 τινα
2318 3921 2427 3975 τῶν
2454 3920 2755 3993 ἀνθρώπων
2775 3921 3048 3975 τεθέαται.
3080 3920 3169 3975 Ἑν
3191 3920 3301 3992 γὰρ
3330 3923 3442 3983 τοῖς
3460 3920 3755 3988 ὁμοφυέσιν

2174 4017 2208 4086 ἠ
2234 4016 2342 4068 τῶν
2371 4015 2572 4086 ὁμοίων
2595 4013 2893 4079 ἀπόδειξις,
2915 4014 3015 4067 οὐκ
3040 4015 3097 4066 ὲν
3123 4014 3236 4077 τοῖς
3272 4012 3514 4083 ἀλλήλων
3535 4013 3753 4082 διεστη-

2174 4108 2314 4171 κόσι,
2347 4107 2485 4161 κατά
2513 4107 2602 4162 τὸν
2622 4107 2716 4161 τοῦ
2739 4106 2859 4169 πῶς
2875 4102 3201 4175 εἷναιλόγον.
3228 4107 3289 4160 Ei
3309 4106 3486 4159 τοίνυν
3504 4105 3753 4175 ζητοῦντι

2172 4199 2251 4270 τῷ
2277 4199 2529 4268 Φιλίππῳ
2581 4197 2672 4251 τὸν
2727 4197 2950 4269 Πατέρα
3004 4197 3153 4261 ἰδεῖν,
3178 4198 3371 4249 ἑαυτὸν
3425 4195 3753 4249 ἐπιδεικνύει

2173 4290 2427 4363 Χριστὸς,
2449 4289 2622 4359 λέγων
2641 4306 2653 4318 '
2692 4307 2710 4341 ι
2757 4289 2815 4341 ’0
2849 4288 3109 4359 ἑωρακὼς
3130 4289 3246 4358 ἐμὲ,
3285 4287 3497 4358 ἑώρακε
3524 4286 3615 4341 τὸν
3638 4288 3753 4339 Πα-

2101 4420 2145 4476 D
2174 4384 2326 4455 τέρα,
2360 4401 2378 4434 ι
2410 4384 2623 4453 ἀνάγκη
2656 4383 2805 4436 πᾶσα
2837 4382 2936 4453 τῆς
2960 4382 3130 4454 αὐτῆς
3173 4379 3358 4444 οὐσίας
3391 4375 3528 4433 εἶναι
3570 4379 3755 4448 λέγειν

2175 4478 2267 4529 τὸν
2295 4476 2422 4529 Υίὸν
2446 4476 2523 4547 τῷ
2545 4476 2741 4547 Πατρὶ,
2771 4475 2846 4538 ὡς
2879 4475 3294 4546 ἀπαράλλακτον
3318 4472 3500 4528 εἰκόνα
3529 4472 3622 4527 καὶ
3650 4489 3752 4543 χα-

2181 4572 2429 4642 ρακτῆρα
2449 4570 2549 4639 τῆς
2574 4568 2924 4631 ὑποστάσεως
2948 4567 3135 4622 αὐτοῦ.

2864 4680 3065 4733 ΑΔΛΟ.

2261 4794 2571 4863 Ὀμοούσιον
2599 4792 2789 4846 ἑαυτὸν
2817 4792 2945 4845 1ὅντα
2970 4793 3048 4862 τῷ
3082 4794 3258 4864 Πατρὶ
3288 4793 3552 4848 διδάσκων
3575 4795 3605 4847 δ
3633 4779 3750 4846 Κῦέ

2180 4903 2293 4958 ριος
2320 4886 2512 4953 ὁρᾶται
2562 4883 2863 4953 πανταχοῦ,
2912 4883 3090 4937 καίτοι
3136 4886 3394 4954 γεννητὸς
3442 4885 3706 4957 ὑπάρχων
3730 4901 3747 4917 ⁸

2175 4980 2297 5031 ἐπεὶ
2323 4976 2441 5041 πῶς
2482 4976 2671 5030 ἑαυτὸν
2717 4976 2845 5029 Υίδν
2898 4971 3034 5029 εἷναί
3068 4979 3404 5049 φησι;Πρδς
3426 4977 3598 5031 ταῦτα
3649 4978 3751 5049 τὴν

2176 5068 2284 5123 ἀπὸ
2308 5068 2414 5121 τῶν
2429 5066 2645 5120 οἰκείων
2669 5067 2944 5137 λογισμῶν
2966 5069 3251 5123 ἀσθένειαν
3275 5070 3670 5138 άντεπάγοντες
3698 5071 3749 5121 οἱ

2171 5158 2550 5230 χριστομάχοι,
2590 5159 2665 5229 μὴ
2695 5158 2956 5213 δύνασθαί
3006 5177 3169 5228 φασιν
3197 5202 3211 5226 ,
3260 5160 3449 5231 ἐπειδὴ
3491 5158 3751 5229 γεννητὰς

2170 5252 2307 5315 ἐστι,
2334 5250 2434 5319 τῆς
2480 5250 2665 5321 αὐτῆς
2699 5250 2887 5314 οὐσίας
2923 5246 3064 5303 εἶναι
3102 5251 3181 5323 τῷ
3227 5254 3505 5323 άγεννήτῳ
3549 5251 3745 5321 Πατρί.

2182 5342 2395 5394 Ἐκεῖνα
2427 5340 2718 5413 τοιγαροῦν
2754 5342 2882 5412 περὶ
2920 5342 3114 5396 ἑαυτοῦ
3160 5345 3460 5413 φάσκοντος
3488 5342 3580 5395 τοῦ
3611 5342 3749 5413 Χριο

2170 5431 2320 5498 στοῦ,
2355 5433 2528 5485 ταῦτα
2550 5432 2607 5485 δὲ
2641 5432 2748 5486 τῶν
2778 5434 3183 5505 χριστομάχων,
3210 5434 3295 5498 τίς
3325 5437 3402 5497 είς
3445 5434 3603 5487 τοῦτο
3634 5450 3750 5503 μω-

2171 5524 2290 5595 ρίας
2313 5524 2627 5595 ἐκϐήσεται,
2655 5526 2731 5589 ὡς
2772 5525 2980 5581 οἴεσθαι
3008 5525 3118 5581 δεῖν
3161 5524 3436 5597 ἀνθρώπῳ
3479 5523 3681 5594 μᾶλλον
3713 5522 3748 5594 ἢ
