4032 6212
269 290 382 345 ‘33

1693 286 2139 344 TIIESAURUS.

3433 292 3531 348 154

268 404 395 473 6.νῴ
425 402 730 467 πιστεύειν,
761 404 855 456 καὶ
888 402 963 473 μὴ
993 401 1090 471 τὴν
1121 400 1291 471 καλὴν
1332 399 1546 470 ἐκείνην
1589 400 1695 454 τῶν
1726 403 1858 456 ἁπο-

1967 418 2072 457 non
2102 401 2278 469 potius
2307 401 2452 454 illam
2484 400 2834 471 apostolicam
2868 403 3529 471 seutcntiamexclament,

270 496 486 546 στόλων
522 492 862 561 φθέγγεσθαι
908 492 1110 562 φωνὴν,
1146 489 1322 558 λέγειν
1356 507 1415 542 τε
1455 491 1589 563 πρὸς
1611 493 1735 556 τοὺς
1764 494 1859 546 ἀν-

270 586 460 647 οσίους
496 584 829 654 αἱρετικῶς·
884 602 901 634 ι
950 582 1273 652 Πειθαρχεῖν
1305 582 1387 635 δεῖ
1424 582 1541 652 Θεῷ
1590 583 1789 653 μᾶλλον
1825 584 1857 655 ἢ

272 673 626 745 ἀνθρώποις
663 693 682 726 ι
712 676 776 729 El
805 675 913 744 γὰρ
941 674 1191 727 ἀτονοῦσι
1214 675 1340 744 περὶ
1369 675 1466 744 τὴν
1480 678 1579 745 τῆς
1605 676 1860 746 ἀληθείας

278 765 627 834 κατάληψιν,
678 766 779 818 οὑκ
828 766 1075 836 ἀδικήσει
1122 763 1281 817 τοῦτο
1335 764 1638 836 προσούσης
1679 768 1859 829 αὑτοῖς

272 856 559 919 ἀϐουλίας.

966 970 1169 1022 ΑΛΛΟ.

346 1074 721 1145 Τεγεννῆσθαι
758 1075 852 1128 τὸν
901 1077 1026 1129 Υίὸν
1053 1078 1118 1129 ἐκ
1144 1078 1384 1149 Πατρὸς,
1416 1079 1512 1132 καὶ
1538 1080 1691 1133 αὑτοὶ
1724 1084 1858 1134 πάν-

280 1186 387 1231 τως
404 1168 755 1237 ὁμολογεῖτε·
790 1170 852 1222 οὑ
890 1170 999 1240 γὰρ
1030 1170 1105 1232 ὡς
1132 1170 1189 1221 ἒν
1238 1173 1345 1225 τῶν
1397 1172 1714 1241 ποιημάτων
1754 1173 1859 1238 ἔξω

282 1260 380 1328 τῆς
408 1260 600 1322 οὐσίας
625 1258 720 1311 τοῦ
743 1261 994 1323 τεκόντος
1021 1262 1281 1315 κείσεται.
1311 1263 1419 1315 Καὶ
1443 1263 1558 1325 πῶς
1580 1264 1678 1315 οὑκ
1707 1263 1858 1316 ἔσται

281 1348 363 1416 τῷ
388 1348 602 1400 τεκόντι
626 1349 846 1412 πάντως
869 1351 1170 1420 ὁμοοὺσιος,
1197 1354 1249 1405 εἴ
1277 1369 1341 1420 γε
1380 1353 1545 1415 ὅντως
1576 1355 1693 1406 ἐστὶ
1735 1355 1859 1422 γέν-

281 1453 457 1505 νημα,
513 1436 723 1509 καρπὸς
766 1435 960 1508 ὥσπερ
992 1454 1071 1500 τις
1117 1439 1341 1506 φυσικὸς
1376 1438 1467 1491 τοῦ
1501 1440 1858 1509 γεννήσαντος

284 1527 581 1595 ὑπαρχωνς
610 1526 674 1578 Εἰ
705 1524 805 1596 μὲν
827 1522 922 1579 οὖν
949 1527 1135 1579 τοῦτον
1175 1529 1318 1597 ἔχειν
1368 1528 1567 1582 δώσετε
1609 1531 1699 1583 τὸν
1728 1530 1855 1602 τρό-

284 1633 407 1679 πον,
440 1617 594 1668 ἐσται
620 1616 839 1680 πάντως
869 1617 965 1670 καὶ⁸
991 1618 1273 1687 όμοοὺσιος
1294 1637 1308 1649 ·
1332 1620 1382 1671 εί
1414 1619 1469 1672 δὲ
1488 1620 1653 1691 μέχρι
1678 1620 1856 1673 διακό-

1965 491 2253 560 impiisque
2296 488 2565 543 ha‘retieis
2616 487 2871 556 οὶ›]ἱ‹·ἱοιιι
2927 506 2943 543 ι
2992 508 3009 540 t
3042 489 3275 544 Obedire
3322 505 3533 563 Oportet

1964 580 2074 635 Deo
2116 581 2287 650 magis
2329 595 2487 649 quam
2520 580 2830 634 hominibus
2853 580 2957 633 "‘?
2985 600 3001 631 ι
3046 580 3100 635 Si
3126 582 3266 635 enim
3300 582 3351 636 iu
3388 598 3533 637 com-

1963 670 2343 740 prehendenda
2384 670 2610 725 veritate
2648 672 2782 723 adeo
2817 681 3029 739 torpent
3064 682 3118 724 et
3157 669 3533 741 languescunt,

1963 762 2187 826 nullam,
2214 761 2428 831 opinor,
2460 760 2708 828 injuriam
2751 761 2939 816 inferri
2980 764 3082 817 sibi
3113 776 3532 832 conquerentur,

1961 869 2082 907 cum
2107 863 2259 907 tanta
2291 854 2487 907 mentis
2510 855 2755 908 caecitate
2782 854 3046 911 laborent.

2624 966 2851 1022 ALIUD.

2028 1076 2281 1133 Geuitum
2310 1092 2428 1133 esse
2464 1077 2656 1131 Filium
2688 1094 2749 1132 ex
2789 1077 2969 1142 Patre,
2994 1097 3090 1134 vos
3115 1085 3278 1139 etiam
3312 1085 3532 1139 omnino

1962 1166 2198 1221 fatemini
2234 1184 2246 1220 :
2281 1184 2453 1237 neque
2477 1168 2619 1221 enim
2648 1169 2807 1221 voluti
2839 1186 2940 1221 una
2971 1183 3350 1227 creaturarum
3379 1185 3530 1228 extra

1958 1261 2248 1313 essentiam
2279 1259 2554 1314 Genitoris
2600 1260 2809 1327 positus
2838 1263 2960 1313 erit.
2997 1264 3112 1328 Quo
3152 1275 3309 1332 pacto
3352 1275 3531 1318 autem

1959 1367 2065 1405 non
2098 1354 2200 1406 erit
2243 1352 2296 1405 in
2331 1354 2641 1406 universum
2670 1354 3150 1410 consubstantialis
3183 1357 3450 1423 Genitori,
3483 1359 3528 1411 si

1960 1459 2145 1496 revera
2198 1454 2277 1496 est
2322 1445 2603 1511 genimen,
2658 1459 2721 1498 ac
2777 1445 2937 1498 veluti
3000 1449 3259 1502 naturalis
3312 1450 3529 1517 quidam

1958 1533 2169 1588 fructus
2204 1534 2520 1589 Genitoris?
2550 1537 2604 1588 Si
2638 1552 2762 1589 vero
2792 1535 2891 1589 hac
2929 1540 3135 1591 ratione
3170 1539 3316 1591 illum
3352 1556 3409 1594 se
3438 1541 3531 1592 ha-

1957 1623 2082 1677 bere
2114 1626 2409 1678 cunceditis
2434 1665 2448 1689 ,
2482 1628 2583 1679 erit
2617 1628 2856 1695 profecto
2900 1627 3062 1681 etiam
3098 1629 3531 1683 consubstantia-

283 1724 375 1757 νου
398 1708 585 1776 φωνῆς
613 1708 706 1759 καὶ
737 1710 1108 1780 προσηγορίας
1127 1710 1289 1779 ψιλῆς
1314 1713 1561 1781 γέννημα
1588 1711 1850 1774 καλεῖται,

1963 1713 2064 1779 lis;
2096 1725 2151 1767 at
2180 1717 2222 1769 si
2258 1718 2431 1770 solum
2472 1718 2775 1771 ministerio
2824 1719 2972 1771 vocis
3010 1719 3255 1787 nudaque
3298 1717 3530 1786 appella-

280 1799 524 1865 λεγέσθω
555 1799 764 1869 ποίημα
794 1802 922 1869 παρ’
956 1801 1129 1870 ὑμῶν,
1166 1802 1251 1854 ἵνα
1270 1801 1335 1871 δὴ
1379 1804 1473 1857 καὶ
1522 1804 1852 1874 σαφέστερον

1962 1805 2101 1857 tione
2139 1806 2387 1873 genimen
2426 1816 2670 1871 vocatur,
2704 1807 2909 1860 dicatur
2938 1811 3101 1860 etiam
3130 1824 3157 1860 a
3193 1807 3342 1860 vobis
3376 1822 3531 1859 crea-

280 1887 688 1957 δυσφημοῦντες
717 1888 1001 1959 φαίνησθε.

968 2001 1169 2053 ΑΛΛΟ.

562 2112 659 2179 Ὠς
678 2112 749 2178 ἐξ
774 2114 1133 2180 ἀντιθέσεως
1162 2113 1280 2167 τῶν
1324 2114 1566 2169 Ἀετίου.

356 2224 422 2278 Εἰ
446 2226 739 2297 ἀμέριστός
776 2230 915 2291 ἔστι,
952 2229 1105 2299 φησι,
1155 2228 1254 2299 τὴν
1284 2229 1473 2283 οὑσίαν
1505 2232 1533 2282 ὁ
1570 2229 1723 2297 Θεὸς,
1756 2231 1854 2283 οὑκ

280 2320 467 2381 οὐσίας
504 2319 778 2373 διαστάσει
808 2319 869 2372 τὸ
898 2319 1154 2389 γεννηθὲν
1185 2321 1471 2393 ἐγεννήθη,
1500 2321 1613 2375 ἀλλ’
1648 2323 1854 2394 ὑπέστη

286 2411 405 2461 κατ’
429 2409 697 2474 ἐξουσίαν.
730 2412 839 2464 Καὶ
864 2411 980 2473 πῶς
1012 2411 1081 2464 ἂν
1125 2411 1211 2482 εἴη
1254 2412 1353 2482 τῆς
1394 2414 1565 2484 αὑτῆς
1597 2414 1782 2477 οὐσίας
1819 2418 1851 2486 ή

287 2504 564 2555 {massica
594 2502 756 2570 φύσις
795 2501 931 2574 πρὸς
962 2503 1060 2574 τὴν
1083 2504 1469 2574 ὑποστησασαν
1513 2506 1673 2559 αὑτόν
1698 2521 1711 2569 ;

761 2700 920 2767 Πρὸς
953 2700 1139 2753 ταῦτα
1162 2702 1365 2767 λύσις.

355 2813 429 2865 Τὸ
460 2811 601 2882 μέγα
649 2813 810 2865 τοῦτο
837 2814 932 2866 καὶ
957 2812 1113 2883 βαθὺ,
1146 2813 1399 2886 καθάπερ
1438 2816 1672 2883 οἴονται,
1705 2820 1856 2888 σόφι-

293 2926 420 2976 σμα,
452 2908 514 2960 τὸ
548 2910 622 2979 μὴ
658 2908 974 2979 μερίζεσθαι
1024 2909 1117 2963 τοῦ
1161 2909 1299 2963 Θεοῦ
1353 2911 1452 2981 τὴν
1478 2912 1692 2979 οὐσίαν,
1754 2914 1856 2984 τῆς

288 3000 455 3070 αὑτῆς
484 2992 666 3063 οὑσίας
698 2997 837 3054 εἶναι
860 3001 951 3055 τὸν
990 3001 1116 3054 Υἱὸν
1140 3003 1217 3073 τῷ
1252 3005 1443 3073 Πατρὶ,
1470 3005 1584 3070 πῶς
1614 3007 1712 3059 οὑκ
1734 3009 1854 3061 επι-

1955 1902 2075 1947 tura
2118 1911 2257 1962 esse,
2294 1905 2349 1948 ut
2387 1898 2725 1952 manifestior
2756 1900 2826 1951 sit
2857 1908 3038 1951 vestra
3064 1897 3420 1965 blasphemia.

2631 2007 2862 2062 ALIUD.

2438 2120 2523 2173 Ea:
2561 2122 2849 2189 objections
2892 2119 3042 2171 Aetii.

2027 2231 2082 2286 Si
2132 2230 2495 2295 indivisibilis,
2540 2231 2735 2299 inquit,
2778 2234 3075 2286 secundum
3120 2235 3411 2288 essentiam
3448 2245 3529 2288 est

1956 2324 2119 2387 Deus,
2150 2338 2254 2377 non
2293 2323 2548 2377 essentia:
2574 2323 2914 2391 separatione
2941 2326 3187 2389 genimen
3212 2335 3525 2395 generatum

1955 2423 2059 2479 est,
2089 2414 2181 2467 sed
2230 2412 2586 2467 constitutum
2634 2422 2715 2467 est
2772 2428 2835 2465 ex
2889 2413 3184 2467 voluntate.
3218 2416 3336 2480 Quo
3372 2427 3528 2485 pacto

1956 2516 2137 2560 autem
2160 2504 2407 2573 ejusdem
2445 2504 2693 2559 essentia).
2727 2518 2847 2557 esse
2874 2505 3047 2572 possit
3087 2513 3279 2559 natura
3322 2507 3528 2560 consli-

1959 2605 2073 2649 tuta
2098 2610 2226 2650 eum
2264 2609 2384 2649 eam
2416 2594 2821 2649 constituente?

2455 2708 2660 2762 Salutio
2712 2709 3035 2777 objectionis.

2030 2823 2220 2893 lugens
2285 2822 2386 2874 hoc
2446 2835 2514 2872 ac
2567 2819 2918 2887 prteclarum,
2968 2828 3026 2873 ut
3077 2820 3412 2886 existimant,
3450 2835 3532 2875 so-

1956 2915 2189 2984 phisma,
2230 2928 2336 2983 quo
2372 2911 2627 2981 colligunt
2673 2925 2736 2964 ex
2785 2925 2849 2964 eo
2884 2912 3026 2980 quod
3072 2914 3314 2980 separari
3353 2913 3529 2965 divina
3572 2967 3577 2971 ,

1959 3007 2193 3062 essentia
2230 3020 2334 3058 non
2370 3004 2557 3072 possit,
2594 3000 2838 3067 ejusdem
2884 3003 3135 3055 essentia:
3177 3015 3297 3056 esse
3337 3000 3531 3055 Filium

292 3093 476 3161 τρέψει
501 3095 646 3164 παρᾶ
678 3095 791 3157 τοῖς
817 3093 992 3164 ὀρθῶς
1018 3095 1330 3166 δοκιμάζειν
1353 3098 1566 3151 εἰωθόσι
1587 3100 1653 3152 τὰ
1681 3103 1853 3171 πραγ-

1962 3114 2081 3152 cnm
2129 3097 2314 3159 Patre,
2350 3110 2457 3164 quo
2502 3105 2660 3163 pacto
2705 3108 2808 3146 non
2860 3094 3191 3146 concedatur
3238 3096 3305 3147 ab
3346 3094 3411 3147 iis
3441 3097 3530 3161 qui

294 3204 476 3255 ματα;
511 3188 824 3255 Λεγέτωσαν
857 3191 990 3259 ἡμῖν
1037 3191 1086 3242 οἱ
1133 3190 1296 3243 δεινοὶ
1322 3192 1412 3245 καὶ
1452 3193 1725 3261 φιλαίτιοι.
1780 3197 1854 3247 Οὑ

295 3277 406 3345 γὰρ
457 3278 743 3348 ἐπειδήπερ
791 3278 1084 3349 ἀμέριστος
1141 3283 1258 3333 ὲστι
1304 3282 1401 3351 τὴν
1434 3283 1670 3337 οὐσίανὸ
1702 3284 1853 3349 Θεὸς,

299 3367 393 3417 διὰ
414 3365 568 3417 τοῦτο
586 3369 674 3419 καὶ
690 3370 780 3438 τῆς
804 3370 1130 3439 γεννητικῆς
1150 3370 1430 3443 δυνάμεως
1455 3374 1658 3446 ἕρημος
1680 3376 1852 3441 ἔσται,

298 3455 430 3508 καθ’
461 3458 619 3525 ὑμᾶς.
662 3459 759 3511 Καὶ
792 3460 892 3513 οὑκ
928 3461 1199 3528 ἀπόδειξιν
1229 3463 1341 3533 ἔχει
1370 3465 1463 3525 τοῦ
1494 3469 1573 3537 μὴ
1600 3468 1856 3521 δύνασθαι

292 3547 492 3615 γεννᾷν
523 3548 697 3613 αὑτὸν,
720 3550 778 3602 τὸ
811 3552 1105 3622 ἀμέριστον
1146 3550 1285 3608 εἶναι
1316 3557 1456 3609 κατὰ
1496 3557 1596 3627 τὴν
1646 3559 1853 3613 οὑσίαν.

288 3639 349 3690 EE
377 3638 433 3691 δὲ
470 3642 633 3711 τιμᾷν
656 3642 858 3697 οἴονται
887 3645 977 3697 τὸν
1004 3645 1158 3711 Θεὸν,
1195 3647 1460 3711 σώζοντες
1492 3648 1591 3717 μὲν
1624 3651 1769 3720 αὑτῷ
1798 3652 1858 3703 τὸ

290 3729 609 3799 μερίζεσθαι
635 3734 923 3804 μηδαμῶς,
946 3736 1373 3808 ἀποστεροῦντες
1403 3738 1459 3792 δὲ
1484 3738 1578 3791 τοῦ
1600 3738 1857 3793 δύνασθαι

286 3823 505 3891 γεννᾷν,
535 3822 609 3886 ὡς
636 3823 725 3876 διὰ
770 3824 930 3878 τοῦτο
972 3829 1091 3881 κατ’
1131 3828 1379 3893 ἐξουσίαν
1418 3830 1722 3899 ὑποστῆσαι
1766 3831 1884 3884 τὸν,

290 3912 436 3971 Tim,
469 3912 820 3965 ἀκουέτωσαν
848 3914 931 3966 ὅτι
975 3914 1110 3967 πολὺ
1147 3916 1331 3984 μεῖζον
1376 3916 1474 3969 καὶ
1507 3915 1724 3970 κάλλιον
1760 3917 1858 3986 τῆς

287 4001 408 4054 κατ’
432 4001 687 4064 ἐξουσίαν
712 4003 1090 4075 λαμπρότητος
1118 4006 1216 4074 τῆς
1246 4007 1482 4076 φυσικῆς
1512 4007 1789 4078 ἐνεργείας
1824 4009 1857 4077 ὴ

288 4094 465 4161 χάρις.
508 4093 950 4165 Ἀξιολογώτερον
972 4096 1082 4165 γὰρ
1109 4097 1172 4149 τὸ
1200 4097 1512 4168 ἀμερίστως
1537 4098 1743 4152 οῐεσθαι
1768 4099 1859 4151 τὸν

287 4183 421 4237 om
447 4186 645 4255 γεννᾷν
672 4185 733 4250 ἐξ
763 4186 925 4239 αὑτοῦ
961 4190 1185 4260 ἀρρήτῳ
1223 4191 1330 4243 τινὶ
1367 4191 1460 4243 καὶ
1492 4190 1861 4261 ἀκαταλήπτῳ

286 4276 494 4347 τρόπῳ,
520 4278 554 4348 ἢ
583 4278 671 4332 διὰ
694 4278 756 4331 τὸ
781 4278 855 4350 μὴ
878 4280 1210 4350 μερίζεσθαι,
1234 4280 1359 4335 καθ’
1386 4282 1549 4352 ὑμᾶς,
1576 4282 1712 4353 μηδὲ
1735 4299 1859 4351 γεν-

290 4370 387 4435 agis
416 4369 641 4438 ἰσχύειν.

978 4566 1180 4620 ΑΛΛΟ.

364 4675 423 4728 El
457 4677 577 4730 κατ’
615 4678 886 4743 ἐξουσίαν,
915 4679 991 4744 ῶς
1020 4698 1178 4750 φατε,
1211 4680 1302 4735 τὸν
1331 4681 1458 4735 Υίὸν
1500 4682 1807 4753 ὑπέστησεν
1835 4684 1863 4735 ὁ

293 4768 502 4838 Πατὴρ,
532 4769 803 4840 περιττῶς
830 4771 1075 4825 καλεῖται
1120 4771 1211 4826 καὶ
1260 4772 1403 4835 Υἱός.
1439 4772 1512 4826 Τὸ
1536 4774 1644 4845 γὰρ
1672 4775 1771 4827 οὑκ
1796 4775 1861 4827 ὲκ

294 4861 390 4928 τῆς
416 4860 604 4922 οὑσίας
623 4860 718 4912 τοῦ
748 4861 961 4931 Πατρὸς
984 4862 1265 4932 προελθὸν,
1286 4864 1404 4926 πῶς
1435 4863 1500 4917 ἂν
1532 4864 1742 4933 λέγοιτο
1767 4866 1863 4917 καὶ⁸

287 4952 321 5002 ὀ
359 4951 520 5016 Υἱός;
555 4951 628 5003 Τὸ
654 4952 710 5004 δὲ
741 4951 805 5005 ἐκ
826 4970 969 5015 τινος
1000 4954 1138 5008 κατὰ
1174 4954 1335 5024 φύσιν
1361 4956 1641 5027 προελθὸν,
1662 4956 1859 5028 ὲπαλη·

292 5039 552 5096 θεὺουσαν
589 5042 704 5112 ἔχει
752 5046 848 5095 καὶ
879 5044 978 5113 τὴν
1018 5044 1111 5097 τοῦ
1144 5047 1482 5116 γεννήματος
1522 5048 1860 5117 ἐπωνυμίαν.

304 5132 599 5203 Ἐγεννήθη
630 5133 920 5204 τοιγαροῦν
958 5136 986 5186 ό
1019 5135 1167 5199 Υίὸς,
1190 5137 1470 5207 όμοούσιος
1499 5136 1607 5208 ἄρα
1634 5137 1711 5208 τῷ
1750 5140 1861 5191 Πα-

290 5225 398 5293 τρί.
429 5225 537 5277 Καὶ
569 5226 669 5296 μία
689 5225 799 5293 γὰρ
824 5226 938 5288 τοῖς
963 5228 1321 5298 γεννωμένοις
1349 5228 1484 5299 πρὸς
1507 5228 1573 5281 τὰ
1592 5228 1865 5296 γεννῶντα

291 5316 471 5380 φύσις.

973 5417 1175 5470 ΔΛΛΟ.

357 5520 422 5571 Εἰ
457 5519 706 5596 καθάπερ
750 5527 909 5597 ὑμεῖς
941 5528 1117 5583 οἴεσθε
1149 5524 1459 5590 πλανῶντές
1511 5543 1569 5579 τε
1605 5526 1701 5579 καὶ
1732 5526 1867 5578 πλα-

360 5682 564 5751 ηῖΑρι.
596 5687 759 5755 meo.

1887 4420 1940 4481 D

1960 3201 2106 3242 recte
2139 3189 2203 3240 de
2233 3183 2691 3254 rebusjudicant?
2716 3183 2785 3234 At
2819 3182 2999 3235 dicant
3032 3183 3185 3237 nobis
3212 3184 3534 3237 contentiosi

1961 3279 2069 3332 isti.
2100 3275 2215 3331 Non
2262 3276 2406 3330 enim
2439 3275 2566 3344 quia
2598 3274 2941 3328 indivisibilis
2974 3286 3058 3328 est
3101 3276 3399 3328 secundum
3440 3288 3533 3328 es-

1957 3370 2184 3425 sentiam
2218 3366 2382 3432 Deus,
2434 3366 2554 3419 ideo
2588 3367 2752 3419 etiam
2800 3368 3114 3435 generativa
3147 3366 3400 3419 facultate
3445 3381 3545 3439 εει-κ

1958 3473 2063 3528 rel,
2099 3461 2249 3532 juxta
2302 3472 2533 3514 vestram
2571 3458 2905 3527 opiniOnem.
2948 3455 3134 3526 Neque
3185 3472 3370 3511 rursus
3408 3458 3535 3527 quia

1960 3552 2302 3608 indivisibilis
2358 3561 2441 3604 est
2490 3550 2784 3604 secundum
2839 3551 3173 3613 essentiam,
3231 3549 3537 3604 declaratur

1959 3656 2223 3712 generare
2259 3657 2362 3694 non
2395 3655 2575 3708 posse.
2613 3639 2683 3692 At
2712 3654 2840 3694 vero
2876 3641 2919 3693 si
2968 3655 3027 3694 se
3059 3639 3224 3692 Deum
3270 3640 3536 3694 honorare

1960 3734 2297 3794 existimant,
2343 3733 2641 3784 tribuentes
2691 3730 2762 3783 illi
2810 3730 2956 3798 quod
2991 3732 3154 3783 dividi
3198 3748 3299 3785 non
3343 3735 3534 3800 possit,

1960 3826 2053 3878 sed
2105 3822 2400 3893 generandi
2440 3820 2696 3873 facultate
2729 3823 3025 3886 privantes,
3065 3831 3121 3872 ut
3162 3836 3226 3873 ex
3269 3823 3367 3876 hoc
3402 3824 3536 3877 infe-

1962 3923 2083 3967 rant
2130 3911 2296 3966 Deum
2344 3923 2409 3962 ex
2459 3907 2736 3961 voluntate
2779 3908 3126 3961 constituisse
3174 3909 3386 3975 Filium,
3434 3913 3536 3966 hoc

1961 4016 2149 4060 contra
2206 4002 2428 4056 audiant
2476 3998 2632 4069 longe
2687 3998 2945 4068 majorem
3001 3999 3537 4071 praestantioremqne

1962 4095 2248 4169 splendore
2301 4092 2592 4147 voluntatis
2644 4106 2767 4145 esse
2825 4089 3088 4144 naturalis
3135 4091 3363 4155 actionis
3410 4107 3536 4161 μου

1967 4190 2118 4243 liam.
2156 4185 2378 4254 Dignius
2402 4184 2545 4237 enim
2568 4192 2647 4237 est
2676 4184 2746 4236 ita
2771 4181 2992 4247 sentire,
3019 4180 3183 4237 Deum
3214 4183 3442 4237 indivise
3465 4199 3531 4239 ex

1963 4294 2021 4331 se
2049 4289 2333 4345 generare,
2363 4271 2617 4326 ineﬂ'abili
2651 4271 2882 4340 quodam
2913 4281 2968 4324 et
2999 4273 3532 4342 incompreltensibili

1968 4371 2148 4434 modo,
2180 4382 2364 4436 quam,
2400 4372 2457 4418 ut
2482 4378 2575 4418 vos
2608 4363 2927 4432 opinamini,
2951 4365 3076 4433 quia
3105 4366 3266 4419 dividi
3305 4375 3361 4420 et
3391 4380 3540 4434 sepa-

1971 4460 2076 4513 rari
2108 4473 2211 4513 non
2236 4465 2435 4527 potest,
2469 4470 2641 4525 neque
2668 4470 2929 4526 generare
2958 4471 3116 4524 posse

2571 4568 2676 4638 31
2710 4565 2941 4621 ALIUD.

2040 4682 2096 4735 Si
2150 4680 2452 4745 voluntate,
2479 4686 2538 4732 ut
2565 4679 2765 4744 dicitis,
2791 4677 2988 4732 Filium
3042 4679 3325 4733 constituit
3358 4677 3536 4743 Pater,

1970 4784 2172 4829 temere
2230 4774 2395 4828 etiam
2436 4780 2656 4826 vocatur
2674 4767 2860 4825 Filius.
2888 4768 3040 4835 Quod
3066 4770 3211 4822 enim
3246 4785 3310 4822 ex
3355 4783 3540 4823 esseu-

1971 4868 2039 4919 tia
2076 4864 2249 4919 Patris
2272 4879 2377 4917 non
2407 4860 2693 4931 processit,
2723 4877 2830 4931 quo
2859 4870 3017 4931 pacto
3041 4869 3268 4914 vocetur
3332 4858 3539 4914 Filius?

1970 4953 2120 5020 Quod
2159 4967 2287 5009 vero
2323 4966 2387 5006 ex
2421 4952 2603 5018 aliquo
2648 4952 2942 5006 secundum
2986 4960 3235 5005 naturam
3272 4952 3540 5020 procedit,

1976 5059 2157 5099 veram
2189 5043 2349 5097 etiam
2372 5042 2657 5111 geniminis
2695 5040 3105 5110 appellationem
3149 5040 3328 5096 habet.
3376 5042 3541 5098 Geni-

1983 5148 2069 5192 tus
2092 5139 2277 5205 itaque
2300 5152 2418 5189 cum
2452 5136 2520 5188 sit
2556 5133 2751 5199 Filius,
2777 5131 3149 5187 coessentialis
3190 5135 3352 5186 etiam
3395 5131 3542 5187 Patri

1971 5239 2074 5284 est.
2113 5229 2225 5285 Una
2255 5228 2395 5282 enim
2437 5236 2522 5282 est
2561 5233 2757 5280 natura
2790 5224 3117 5294 gignentium
3150 5235 3406 5280 eteorum
3426 5242 3542 5295 quae

1964 5323 2279 5391 gignuntur.

2632 5405 2859 5461 ALIUD.

2048 5524 2083 5579 S
2112 5564 2127 5589 ,
2164 5522 2625 5591 quemadmodum
2659 5537 2752 5575 vos
2781 5521 3018 5578 censetis
3045 5522 3163 5580 falsi
3191 5536 3241 5578 et
3270 5522 3536 5585 fallentes,
