4032 6212
452 320 550 372 155

521 318 550 351 ετ
1436 297 1494 351 S.
1533 291 1803 350 CYRILLI
1845 285 2312 343 ALEXANDRINI
2351 285 2667 340 ARClllEP.

3608 272 3709 325 {7.6

448 451 551 489 non
586 445 650 485 ex
681 424 923 481 essentia
953 418 1130 474 Patris
1171 415 1437 488 processit
1465 413 1658 474 Filius,
1692 411 1784 465 sed
1809 425 1873 465 ex
1928 423 2022 461 vo-

2134 406 2382 477 νώμενοι,
2415 405 2516 458 οὑκ
2546 405 2610 457 ὲκ
2636 402 2736 472 τῆς
2765 398 2953 460 οὐσίας
2994 394 3086 449 τοῦ
3129 392 3342 464 Πατρδς
3374 390 3647 461 προῆλθεν
3680 390 3708 441 ὁ

448 527 657 580 luntate
685 517 862 573 Patris
890 512 1223 570 constitutus
1256 516 1357 572 est,
1394 515 1445 559 et
1483 512 1567 559 est
1621 503 1734 572 ipse
1761 499 2024 570 sapientia

447 631 512 670 ac
544 610 784 681 potentia
803 606 1003 670 Patris,
1031 612 1177 657 certe
1212 613 1387 665 neque
1431 594 1649 664 sapiens
1683 602 1767 647 est
1813 606 2016 646 secun-

449 708 576 759 dum
604 714 874 762 naturain,
904 710 1078 765 neque
1121 703 1313 763 potens
1346 689 1528 742 Pater.
1566 685 1622 740 Si
1677 699 1807 739 vero
1853 682 2027 752 (juxta

449 790 842 863 ineptissimam
905 796 1143 838 vestram
1185 775 1629 849 propositionem)
1688 772 2029 827 extrinsecus

448 862 729 938 constituit
752 876 975 935 Filium,
1008 870 1097 939 qui
1128 869 1344 939 quidem
1372 865 1541 935 ipsius
1562 862 1825 932 sapientia
1853 870 1907 915 et
1932 874 2028 928 po-

451 972 622 1028 tentia
650 977 760 1031 est,
783 966 876 1020 sed
904 971 986 1018 est
1020 976 1084 1015 ex
1116 975 1211 1014 sua
1264 969 1455 1013 natura
1490 956 1706 1024 sapiens
1742 961 1797 1007 et
1819 962 2026 1019 poti-ns,

451 1062 819 1119 necessarium
851 1053 1075 1109 omnino
1107 1060 1211 1116 est,
1235 1051 1398 1103 etiam
1435 1046 1631 1101 Filium
1662 1059 1727 1097 ex
1759 1041 2028 1113 ,essentia

454 1154 635 1208 Patris
662 1164 786 1205 esse
806 1188 822 1215 ,
861 1156 1022 1216 atque
1047 1145 1121 1199 ita
1153 1143 1318 1198 etiam
1350 1135 1890 1195 consubstantialem.

1130 1273 1360 1330 ALIUD.

519 1398 755 1455 Necesse
792 1401 964 1450 estut
1020 1391 1108 1460 qui
1172 1358 1367 1443 Filium
1416 1399 1482 1440 ex
1531 1382 1811 1436 voluntate
1854 1350 2051 1432 Patris

450 1490 807 1546 constitutum
825 1500 948 1542 esse
980 1481 1331 1542 contendunt,
1357 1491 1463 1532 non
1511 1484 1689 1527 autem
1714 1488 1777 1526 ex
1798 1470 1915 1542 ipso
1943 1484 2034 1540 ge-

452 1582 651 1645 nitum,
688 1579 870 1632 dicant
895 1574 1024 1644 quid
1049 1571 1277 1627 moverit
1306 1568 1522 1623 Patrem
1559 1574 1615 1618 ut
1649 1562 1843 1617 Filiuin
1899 1578 2033 1617 con-

451 1672 723 1733 stitueret,
760 1677 818 1721 ut
843 1665 944 1735 ipsi
976 1666 1155 1733 inepte
1209 1661 1532 1729 loquuntur.
1586 1654 1904 1710 Necessario
1944 1652 2036 1721 igi-

454 1774 540 1818 tur
570 1764 672 1816 lioc
709 1759 838 1814 fecit
870 1775 883 1811 :
915 1764 1007 1810 aut
1027 1754 1167 1808 Filio
1188 1753 1240 1805 id
1269 1750 1452 1821 largiri
1480 1748 1668 1812 voluit,
1699 1756 1755 1798 ut
1789 1743 1936 1798 illuni
1964 1743 2030 1796 ad
2068 1750 2106 1802 Β

456 1869 582 1909 esse
612 1853 924 1907 traduceret
953 1846 1178 1918 perinde
1200 1860 1261 1898 ac
1286 1858 1406 1897 nos.
1429 1840 1485 1894 Si
1506 1840 1671 1910 igitur
1699 1834 2028 1897 necessario,

446 1943 559 2011 jam
582 1944 750 1996 Deum
785 1936 1097 1994 necessitati
1135 1934 1434 2003 subjectum
1494 1943 1620 1984 esse
1672 1924 2031 1989 concedetis;

451 2035 536 2089 sin
560 2044 750 2088 contra
784 2031 996 2083 Patrem
1028 2027 1131 2080 lioc
1160 2023 1300 2078 Filio
1332 2020 1516 2090 largiri
1542 2018 1775 2072 voluisse
1830 2015 2032 2077 dicitis,

451 2126 661 2194 sibiipsi
729 2122 908 2192 potius
961 2118 1013 2172 id
1066 2115 1295 2184 largitus
1340 2124 1463 2165 esse
1513 2109 1801 2169 videbitur,
1852 2114 1909 2158 ut
1965 2106 2035 2158 sit

451 2226 692 2278 creator,
718 2225 772 2267 et
801 2220 990 2281 potens
1014 2221 1078 2260 ac
1126 2204 1383 2273 sapiens:
1421 2199 1682 2269 siquidem
1731 2196 1866 2251 Filio
1920 2195 2033 2250 lucc

452 2311 656 2362 insunt.
684 2322 703 2356 ι
738 2301 930 2361 Omnia
956 2298 1101 2354 enim
1137 2310 1232 2366 per
1256 2294 1432 2362 ipsum
1466 2295 1605 2344 facta
1651 2298 1799 2353 sunt,
1862 2287 2032 2356 inquit

449 2399 752 2466 Scriptura.
780 2402 835 2446 et
858 2390 979 2445 sine
1002 2388 1117 2456 ipso
1147 2384 1345 2438 factum
1377 2390 1461 2436 est
1487 2377 1624 2433 nihil
1648 2377 1713 2430 “.
1746 2395 1765 2427 ι
1803 2378 1868 2430 Et
1920 2392 2033 2428 rur—

448 2507 594 2557 sum,
631 2507 651 2540 ι
675 2487 932 2543 Christus
969 2482 1062 2536 Dei
1097 2476 1337 2549 potentia
1361 2484 1416 2528 et
1443 2470 1709 2540 sapientia
1741 2470 1825 2523 ίν.
1863 2487 1884 2523 ι
1915 2470 2033 2523 Cic-

450 2594 628 2638 teruin
657 2596 754 2636 nos
783 2593 889 2631 non
913 2574 1017 2629 sibi
1051 2572 1149 2641 ipsi
1189 2570 1304 2624 hinc
1333 2566 1581 2637 largitum
1615 2579 1736 2620 esse
1772 2564 1935 2617 Deum
1969 2576 2034 2616 ac

452 2676 669 2731 Patrem
697 2670 953 2734 dicimus,
981 2667 1077 2722 sed
1103 2676 1224 2720 esse
1250 2660 1568 2715 naturaliter
1623 2656 1918 2726 sapientein
1981 2661 2037 2706 et

454 2774 754 2835 patentem.
777 2761 892 2816 Non
921 2758 1084 2828 igitur
1113 2770 1181 2810 ex
1208 2753 1483 2807 voluntate
1500 2747 1783 2804 constituit
1811 2743 2031 2806 Filium,

455 2869 516 2913 ut
557 2872 656 2911 vos
716 2851 1038 2925 opinamini,
1093 2847 1188 2903 sed
1253 2843 1417 2900 veluti
1490 2850 1701 2897 naturze
1755 2852 1866 2892 sua:
1920 2835 2035 2889 fru-

455 2962 575 3006 ctus
606 2958 712 3014 est,
737 2945 882 3017 quod
903 2959 1030 2999 cum
1066 2942 1142 2996 ita
1190 2941 1280 3006 sit,
1329 2938 1494 2992 etiam
1556 2928 2037 2988 consiibstantialis

2130 500 2259 561 Υἱὸς
2279 538 2294 563 ,
2345 496 2557 564 ὑπέστη
2590 494 2647 547 δὲ
2680 485 3101 556 ὲξουσιαστικῶς
3121 526 3135 548 ,
3174 484 3268 537 καὶ
3302 483 3448 537 ἔστιν
3476 480 3639 543 αὐτὸς
3675 483 3709 550 ἡ

2130 592 2294 660 σοφία
2322 590 2418 643 καὶ
2443 587 2674 655 δύναμις
2695 581 2790 636 τοῦ
2822 578 3057 649 Πατρὸς,
3081 574 3205 629 οὒτε
3236 572 3397 642 σοφὸς
3436 572 3581 623 κατά
3611 570 3711 639 φύ-

2131 700 2214 738 σιν
2251 681 2397 735 ὲστὶν
2425 680 2452 733 ὁ
2485 676 2697 747 Πατὴρ,
2743 671 2867 728 οὔτε
2913 672 3018 741 μὴν
3053 666 3298 730 δυνατός.
3346 666 3410 717 Εἰ
3437 663 3525 724 δὲ,
3566 663 3710 716 κατά

2128 775 2227 846 τὴν
2258 769 2645 843 ἀμαθεστάτην
2676 765 2830 837 ὑμῶν
2876 761 3162 832 πρότασιν,
3196 755 3398 822 ἔξωθεν
3429 755 3708 824 ὑπέστησε

2129 843 2221 921 τόν
2264 864 2417 927 Υἱδν,
2449 863 2507 925 ὃς
2550 863 2697 915 ἐστιν
2726 854 2889 912 αὑτοῦ
2940 853 3099 921 σοφία
3150 850 3246 903 καὶ
3292 846 3541 915 δύναμις,
3593 843 3708 896 ἀλλ’

2131 959 2248 1012 ἔστι
2274 955 2416 1010 κατά
2441 952 2603 1023 φύσιν
2631 950 2791 1018 σοφός
2822 964 2882 1000 τε
2914 946 3009 1000 καὶ
3036 942 3280 1004 δυνατὸς,
3309 939 3524 1008 ἀνάγκη
3555 939 3708 990 πᾶσα

2131 1052 2226 1105 καὶ
2250 1049 2342 1102 τὸν
2364 1046 2492 1099 Υἰὸν
2523 1046 2587 1097 ἐκ
2611 1042 2713 1112 τῆς
2744 1037 2839 1092 τοῦ
2874 1035 3087 1108 Πατρός
3122 1034 3311 1096 οὐσίας
3334 1027 3475 1085 εἶναι
3504 1028 3706 1098 λέγειν,

2130 1147 2181 1201 εἰ
2207 1145 2265 1199 δὲ
2296 1141 2475 1208 τοῦτο,
2499 1138 2593 1194 καὶ
2615 1134 2919 1208 ὁμοούσιος.

2133 1484 2318 1541 ουσίαν
2348 1480 2650 1551 ὑποστῆναι
2679 1474 2779 1546 τὴν
2812 1471 2904 1526 τοῦ
2937 1467 3177 1540 Πατρός,
3205 1465 3298 1519 καὶ
3322 1464 3421 1518 οὐκ
3460 1462 3518 1528 ἐξ
3540 1459 3709 1514 αὑτοῦ

2134 1568 2499 1649 γεγεννῆσθαί
2544 1550 2699 1642 φασι,
2746 1567 2799 1621 τί
2843 1565 2906 1619 τὸ
2953 1560 3215 1622 πεπεικὸς
3248 1556 3339 1610 τὸν
3369 1553 3590 1624 Πατέρα
3618 1550 3710 1603 τόν

2136 1646 2262 1727 Ῠίόν
2292 1667 2596 1737 ὑποστῆσαι
2625 1661 2767 1717 κατὰ
2799 1658 2890 1713 τὸν
2930 1655 3083 1724 ὑμῶν
3106 1650 3296 1723 ἀμαθῆ
3320 1648 3497 1715 λόγον.
3517 1646 3711 1706 Ἀναγ-

2134 1764 2305 1826 καίως
2334 1762 2443 1831 ἄρα
2471 1734 2629 1811 τοῦτο
2672 1750 2970 1820 πεποίηκεν
2992 1786 3006 1811 ,
3040 1745 3075 1816 ἢ
3107 1741 3435 1816 χαρίσασθαι
3468 1737 3547 1808 τῷ
3593 1734 3711 1804 Υἱῷ

2136 1828 2437 1928 βουληθείς,
2461 1853 2544 1904 ὅτι
2571 1847 2635 1918 δὴ
2660 1846 2753 1900 καὶ
2770 1843 2933 1898 αὑτὸν
2955 1842 3033 1903 είς
3067 1837 3362 1891 ὑπόστασιν
3392 1832 3516 1899 ἄγοι
3546 1828 3712 1883 καθά-

2135 1919 2241 2016 περ
2278 1919 2372 1999 καὶ
2415 1944 2585 2014 ἡμᾶς.
2625 1940 2688 1991 Εἰ
2733 1936 2840 2008 μὲν·
2875 1930 2967 1988 οὖν
3008 1928 3318 1996 ἀναγκαίως
3364 1924 3578 1995 ἀνάγκη
3607 1919 3712 1975 δώ-

2135 2057 2257 2094 σετε
2304 2037 2397 2089 τὸν
2444 2034 2577 2087 Θεὸν
2616 2027 2960 2089 ὑποκεῖσθαι,
2992 2026 3041 2077 εί
3079 2023 3135 2076 δὲ
3169 2022 3245 2092 μὴ
3274 2019 3452 2082 τοῦτο,
3481 2015 3713 2087 χαρίσα-
3776 2000 3782 2004 ”

2136 2131 2261 2186 σθαι
2305 2130 2364 2183 δὲ
2416 2123 2750 2197 βουληθέντα
2790 2118 2869 2190 τῷ
2914 2117 3062 2188 Υἱῷ,
3111 2111 3289 2183 ἑαυτῴ
3344 2110 3711 2182 χαρισάμενος

2137 2226 2385 2294 φανεῖται
2412 2220 2475 2273 τὸ
2508 2214 2646 2271 εἶναι
2667 2216 2730 2286 δη
2740 2212 2999 2285 μιουργὸς
3022 2211 3117 2264 καὶ
3141 2207 3366 2269 δυνατὸς
3396 2204 3490 2258 καὶ
3523 2201 3708 2270 σοφὶς,

2134 2292 2187 2370 εἴ
2228 2331 2292 2383 γε
2341 2315 2398 2365 ὲν
2447 2309 2562 2380 Υίῷ
2601 2306 2775 2360 ταῦτά
2816 2306 2954 2357 ἐστι.
3005 2321 3023 2352 ι
3056 2300 3245 2354 Πάντα
3290 2297 3399 2367 γὰρ
3442 2296 3508 2349 δι’
3542 2292 3710 2348 αὑτοῦ

2136 2408 2374 2476 ἐγένετο,
2405 2406 2568 2474 φησὶν
2618 2403 2649 2472 ἡ
2692 2397 2904 2469 Γραφὴ,
2947 2395 3040 2448 καὶ
3082 2393 3251 2465 χωρὶς
3297 2388 3463 2445 αὑτοῦ
3496 2387 3714 2457 ἐγένετο

2134 2500 2255 2554 οὑδὲ
2309 2498 2422 2551 ἓν.»
2477 2494 2586 2548 Καὶ
2631 2493 2815 2555 πάλιν,
2859 2509 2877 2540 ι
2902 2488 3138 2558 Χριστὸς
3180 2484 3315 2539 Θεοῦ
3348 2483 3577 2553 δύναμις
3615 2481 3714 2534 καὶ

2135 2592 2268 2648 Θεοῦ
2289 2589 2504 2658 σοφία.»
2535 2586 2696 2641 Ἀλλὰ
2725 2584 2831 2656 μὴν
2861 2584 2960 2653 οὑχ
2984 2579 3161 2650 ἑαυτῷ
3188 2577 3362 2632 ταῦτα
3391 2572 3713 2646 χαρίζεσθαί

2140 2699 2321 2753 φαμεν
2344 2681 2436 2733 τὸν
2458 2679 2592 2732 Θεὸν
2613 2676 2709 2730 καὶ
2731 2675 2972 2745 Πατέρα,
2990 2672 3107 2726 ἀλλ’
3124 2667 3266 2724 εἶναι
3286 2666 3526 2737 φυσικῶς
3551 2663 3715 2733 σοφόν

2134 2793 2195 2829 τε
2226 2774 2322 2828 καὶ
2356 2771 2600 2826 δυνατόν.
2652 2768 2769 2824 Οὐκ
2816 2762 3240 2833 ὲξουσιαστικῶς
3287 2759 3396 2831 ἄρα
3447 2756 3539 2810 τὸν
3584 2754 3716 2808 Υίδν

2137 2867 2437 2936 ὑπέστησε,
2470 2862 2593 2918 καθ’
2621 2861 2787 2932 ὑμᾶς,
2812 2858 2951 2912 ἀλλά
2977 2858 3077 2928 τῆς
3109 2853 3314 2917 οἰκείας
3344 2850 3559 2921 φύσεως
3599 2846 3714 2918 ἔχει

2138 2957 2368 3028 καρπόν·
2407 2952 2596 3024 ἐπειδὴ
2630 2952 2688 3005 δὲ
2720 2949 2898 3013 τοῦτο,
2930 2949 3024 3001 καὶ
3058 2946 3365 3017 όμοοὺσιος.
3398 2940 3473 2995 Τὸ
3505 2939 3614 3011 γὰρ
3648 2942 3717 2991 ὲκ

454 3052 557 3098 est.
591 3040 745 3109 Quod
772 3039 917 3094 enim
953 3032 1275 3092 naturaliter
1328 3045 1396 3085 ex
1447 3027 1557 3082 Deo
1608 3023 1870 3095 procedit,
1905 3021 2033 3075 alie-

2138 3021 2274 3105 Θεοῦ
2300 3045 2561 3119 προελθὸν
2582 3021 2724 3099 κατά
2745 3043 2930 3113 φύσιν,
2959 3042 3061 3095 οὑκ
3090 3038 3367 3110 ἀλλότριον
3404 3033 3589 3089 αὐτοῦ.

454 3150 583 3191 num
617 3134 685 3188 ab
717 3146 783 3187 eo
807 3144 930 3185 esse
955 3141 1060 3183 non
1097 3132 1295 3197 potest.

527 3268 682 3335 Quod
723 3268 830 3320 Deo
856 3281 918 3319 ac
955 3261 1106 3317 Patri
1129 3255 1599 3317 consubstantialis
1642 3253 1710 3308 sit
1763 3249 1962 3305 Filius.

526 3381 583 3437 Si
608 3388 825 3452 propter
860 3378 1086 3434 fortnam
1137 3389 1298 3446 quam
1320 3369 1551 3440 accepit,
1600 3366 1653 3421 in
1708 3364 1882 3419 forma
1942 3361 2036 3416 Dei

456 3473 749 3534 exsiSIens,
782 3465 1261 3524 consubstantialis
1289 3461 1443 3517 nobis
1477 3467 1581 3522 est,
1609 3459 1735 3526 quia
1775 3468 1841 3509 ex
1873 3451 2030 3506 nobis

454 3572 558 3630 est,
584 3571 669 3618 est
702 3571 882 3616 autem
926 3561 1099 3614 forma
1154 3556 1249 3611 Dei
1314 3553 1502 3618 Filius,
1560 3543 2038 3613 consubstantialis

454 3652 619 3723 igitur
656 3651 706 3706 ei
739 3658 844 3714 est,
872 3648 1030 3719 cujus
1046 3655 1126 3701 est
1151 3644 1348 3700 forma.

1053 3758 1165 3830 32
1202 3753 1434 3811 ALIUD.

525 3878 582 3934 Si
617 3886 804 3933 nostro
850 3872 1041 3930 lumini
1091 3871 1347 3943 splendor
1379 3867 1499 3938 ejus
1562 3862 2039 3922 consubstantialis

450 3980 557 4034 est,
586 3970 757 4025 Filius
775 3976 954 4022 autem
974 3962 1165 4020 :eterni
1190 3961 1411 4016 luminis
1433 3966 1517 4013 est
1569 3956 1857 4027 splendor;
1905 3968 2039 4009 con-

453 4060 832 4118 substantialis
863 4057 1030 4128 igitur
1056 4055 1223 4110 etiam
1255 4053 1369 4121 ipse
1391 4059 1476 4106 est
1499 4048 1709 4112 luinini,
1742 4045 1894 4116 cujus
1954 4055 2036 4100 est

452 4151 729 4223 splendor,
761 4163 885 4204 cum
918 4147 1167 4216 exempla
1191 4152 1347 4213 parte
1379 4142 1557 4210 aliqua
1607 4154 1720 4195 sum
1741 4149 1948 4193 natura:
1982 4138 2035 4193 in

452 4242 631 4299 simile
660 4238 1008 4296 conveniant.

1136 4366 1364 4424 ALIUD.

524 4483 986 4555 Quemadmodum
1014 4482 1303 4553 inqualitas
1330 4479 1383 4533 in
1414 4476 1867 4532 intellectualibus
1926 4492 2030 4531 non

451 4580 756 4650 quantitate
781 4575 1101 4640 aestimatur,
1132 4581 1185 4627 et
1211 4570 1354 4641 quod
1385 4568 1457 4623 ita
1482 4566 1687 4636 aequale
1718 4575 1822 4631 est,
1845 4581 2033 4621 neces-

452 4671 599 4725 sario
630 4668 793 4724 etiam
845 4682 942 4737 par
972 4664 1234 4736 dignitate
1287 4675 1353 4715 ac
1409 4657 1867 4714 consubstantiale
1926 4668 2031 4724 est,

451 4762 623 4819 Filius
653 4768 831 4816 autem
861 4769 945 4816 est
968 4774 1066 4831 par
1087 4756 1350 4827 dignitate
1382 4752 1549 4817 Patri,
1589 4761 1648 4806 ut
1680 4766 1834 4808 sacra
1877 4752 2029 4807 Scri-

454 4862 613 4922 ptura
665 4856 934 4917 testatur;
987 4845 1295 4902 necessario
1342 4843 1505 4897 etiam
1554 4843 2031 4899 consubstantialis

449 4941 556 4996 erit
588 4958 602 4996 :
639 4939 945 5009 mqualitate
969 4937 1225 4991 nimirum
1254 4932 1365 4998 illa,
1392 4946 1498 4986 non
1559 4932 1768 4986 ratione
1811 4934 2027 5002 quanti-

454 5037 582 5089 tatis
605 5034 657 5088 iii
682 5042 873 5087 natura
898 5027 1515 5100 incorporeaazstimata,
1539 5026 1635 5081 sed
1668 5027 1843 5095 potius
1872 5030 2025 5084 iden-

451 5126 607 5181 litate
631 5126 906 5180 cssentiae.

1121 5235 1355 5292 ALIUD.

525 5356 582 5409 Si
605 5370 724 5423 qua:
762 5342 891 5408 vere
931 5367 995 5408 ae
1018 5350 1339 5408 naturaliter
1368 5352 1548 5420 genita
1594 5361 1739 5417 sunt,
1771 5368 1876 5407 non
1925 5368 2025 5405 au~

452 5450 557 5495 tem
595 5441 903 5509 adoptione,
936 5440 1157 5495 dubium
1198 5456 1304 5494 non
1346 5448 1432 5494 est
1468 5438 1597 5508 quin
1634 5440 1743 5493 sint
1790 5441 2024 5495 consul)-

2262 3271 2383 3323 ’Ότι
2408 3268 2489 3335 τῷ
2516 3266 2638 3333 Θεῷ
2664 3266 2762 3320 καὶ
2790 3262 2971 3332 Πατρὶ
2996 3261 3317 3332 ὀμοούσιος
3347 3260 3382 3313 ό
3414 3258 3568 3322 Υἱός.

2208 3385 2271 3437 Εἰ
2305 3382 2370 3436 δι’
2398 3381 2463 3453 ἢν
2492 3380 2650 3433 ἔλαϐε
2677 3378 2889 3449 μορφὴν
2917 3378 2944 3428 ό
2971 3378 3030 3428 ὲν
3055 3376 3235 3445 μορφῇ
3261 3369 3397 3425 Θεοῦ
3428 3370 3713 3440 ὑπάρχων,

2138 3476 2421 3545 όμοοὺσιος
2455 3473 2611 3545 ἡμῶν
2659 3474 2741 3525 ὅτι
2775 3471 2835 3536 ἐξ
2867 3469 3044 3539 ἡμῶν,
3075 3468 3188 3520 ἔστι
3217 3466 3274 3519 δὲ
3311 3464 3491 3536 μορφὴ
3518 3459 3652 3515 θεοῦ
3686 3461 3715 3512 ό

2139 3569 2286 3633 Υἱὸς,
2314 3567 2601 3640 ὁμοούσιος
2633 3566 2741 3636 ἄρα
2765 3563 2981 3632 ἐκείνῳ,
3008 3556 3069 3612 οὗ
3104 3561 3198 3612 καὶ
3228 3557 3340 3610 ἔστι
3376 3553 3591 3627 μορφῆς

2818 3758 3020 3814 ΑΛΛΟ.

2212 3885 2274 3936 Εἰ
2304 3881 2383 3951 τῷ
2403 3878 2524 3933 καθ’
2557 3878 2703 3949 ἡμᾶς
2735 3877 2879 3945 φωτὶ
2905 3874 2966 3929 τὸ
2997 3872 3339 3940 ἀπαύγασμα
3370 3864 3536 3923 αὑτοῦ
3567 3865 3715 3916 ἐστιν

2137 3974 2447 4046 ὁμοούσιον,
2489 3975 2517 4025 ό
2559 3973 2616 4027 δὲ
2654 3972 2780 4033 Υἱὸς
2808 3969 2904 4023 τοῦ
2939 3968 3111 4023 ἀϊδίου
3154 3964 3330 4035 φωτός
3368 3964 3514 4015 ἐστιν
3543 3957 3716 4012 ἀπαύο

2138 4044 2327 4138 γασμα
2352 4107 2366 4130 ,
2400 4064 2685 4135 όμοούσιος
2718 4064 2827 4135 ἄρα
2861 4063 2958 4116 καὶ
2988 4061 3150 4123 αὐτὸς
3200 4056 3277 4127 τῷ
3326 4055 3484 4122 φωτὶ,
3516 4044 3578 4105 οὗ
3621 4049 3713 4102 καὶ

2138 4160 2283 4213 εστιν
2321 4157 2686 4227 ἀπαύγασμα,
2718 4156 2827 4208 τῶν
2856 4152 3271 4224 ὑποδειγμάτων
3300 4148 3443 4201 κατά
3466 4163 3519 4200 τι
3549 4143 3713 4214 μέρος

2138 4251 2237 4322 τῆς
2267 4250 2474 4315 οἰκείας
2506 4248 2722 4319 φύσεως
2750 4249 2832 4311 εἰς
2860 4246 2920 4299 τὸ
2953 4246 3138 4315 ὅμοιον
3168 4237 3586 4313 παραγομένων.

2820 4383 3039 4435 AAAO.‘

2213 4498 2273 4552 Εί
2307 4498 2368 4550 τὸ
2419 4497 2533 4549 ἴσον
2571 4497 2629 4548 ὲν
2661 4496 2874 4563 νοητοῖς
2916 4492 2978 4545 οὑ
3013 4491 3273 4560 ποσότητι
3321 4484 3607 4559 μετρητὸν,
3652 4482 3715 4536 τὸ

2139 4589 2183 4642 δ’
2214 4588 2389 4649 οὕτως
2420 4587 2555 4647 ἴσον,
2605 4586 2699 4638 καὶ
2740 4585 3000 4655 ὁμότιμον
3034 4582 3092 4647 ὲξ
3122 4582 3371 4651 ἀνάγκης
3396 4579 3492 4631 καὶ
3516 4578 3716 4645 όμοού-

2139 4698 2272 4743 σιον,
2328 4679 2444 4732 ἔστι
2490 4678 2547 4732 δὲ
2595 4680 2708 4741 ίσος
2754 4677 2848 4731 καὶ
2885 4676 3148 4746 ὁμότιμος
3184 4673 3261 4744 τῷ
3293 4671 3467 4742 lla-cpi.
3500 4673 3528 4723 ὁ
3561 4670 3710 4733 Υἱὸς,

2136 4772 2361 4825 κατὰτὰ
2378 4772 2497 4824 θεῖα
2525 4771 2718 4839 Λόγια,
2739 4769 2797 4834 ἐξ
2827 4768 3073 4837 ἀνάγκης
3098 4766 3252 4820 ἔσται
3282 4766 3377 4819 καὶ
3403 4760 3704 4834 ὁμοούσιος·

2135 4865 2229 4917 τοῦ
2259 4865 2376 4917 ἴσου
2408 4862 2551 4917 κατὰ
2581 4863 2641 4915 τὸ
2679 4861 2844 4915 ποσὸν
2872 4864 2932 4915 ὲν
2960 4861 3236 4931 ἀσωμάτῳ
3277 4856 3436 4928 φύσει
3466 4854 3540 4925 μὴ
3574 4853 3713 4905 θεων

2136 4956 2422 5027 ρουμένου,
2456 4954 2593 5009 ἀλλά
2627 4954 2827 5025 μᾶλλον
2853 4956 2910 5008 ὲν
2934 4954 3123 5017 οὐσίας
3153 4952 3462 5022 ταυτότητι.

2818 5251 3017 5303 ΛΛΛΟ.

2206 5353 2267 5410 Εἰ
2305 5357 2372 5411 τὰ
2407 5360 2528 5411 κατ’
2583 5361 2862 5431 ἀλήθειαν,
2905 5361 3018 5416 ἀλλ’
3061 5361 3121 5413 οὑ
3169 5359 3337 5426 θέσει,
3373 5357 3709 5429 γεννώμενα,

2130 5449 2391 5516 όμοούσια
2416 5450 2523 5502 τῶν
2554 5454 2675 5505 κατ’
2702 5452 2960 5524 ἀλήθειαν
2994 5452 3308 5523 γεννώντων
3334 5451 3708 5525 ὡμολόγηται,

448 5532 723 5591 Stantialia
744 5547 866 5588 cum
892 5533 1065 5603 iisqui
1102 5547 1230 5589 vere
1252 5547 1316 5588 ac
1339 5533 1662 5588 naturaliter
1701 5542 2026 5604 genuerunt,

2134 5535 2245 5589 ἐστι
2273 5537 2328 5590 δὲ
2358 5539 2465 5592 τῶν
2503 5543 2624 5595 κατ’
2652 5542 2912 5613 ἀλήθειαν
2948 5542 3321 5616 γεννηθέντων
3349 5548 3377 5599 ὁ
3405 5545 3532 5609 Υἱὸς
3562 5545 3714 5616 ἤπερ

523 5690 566 5721 ¹⁸
599 5685 755 5745 Joan.
786 5702 825 5748 ι.
856 5686 911 5742 3.
992 5688 1056 5720 “‘
1087 5687 1104 5744 l
1138 5687 1259 5749 Cor.
1298 5709 1339 5765 t,
1369 5700 1460 5756 24,
