4032 6212
244 331 359 393 137

1662 304 2102 378 THESAURUS.

3406 329 3508 382 138

237 449 357 504 τῶν
392 448 544 506 κατὰ
580 445 749 510 θέσιν.
803 445 1089 517 όμοούσιος
1136 448 1245 517 άρα
1295 446 1372 517 τῷ
1419 443 1537 499 κατ’
1588 443 1830 514 άλήθειω

1949 435 2118 490 Filius
2157 440 2337 489 autem
2368 441 2453 489 est
2482 447 2545 489 ex
2580 434 2646 490 iis
2667 433 2760 505 qui
2791 448 2917 492 rere
2947 438 3113 507 geniti
3149 447 3296 506 sunt,
3320 440 3505 513 longe-

240 540 442 605 αὑτὸν,
472 539 591 593 ἀλλ’
615 539 678 593 οὐ
709 537 880 602 θέσει,
911 540 1259 610 γεγεννηκότι
1290 537 1428 609 Θεῷ.

955 823 1138 878 ΔΛΛΟ

314 937 381 988 Εἰ
440 936 502 987 τὸ
538 932 812 997 οὐσιωδῶς
856 932 1198 1005 γεννώμενον
1244 935 1572 1006 κληρονομεῖ
1605 933 1704 1004 τὴν
1744 929 1836 986 τοῦ

238 1025 651 1094 γεγεννηκότος
674 1023 882 1090 οὐσίαν,
919 1023 1041 1094 ἔχον
1070 1024 1274 1093 ταύτην
1320 1026 1378 1077 ὲν
1406 1023 1604 1094 ἑαυτῷ,
1636 1023 1749 1093 ἔχει
1780 1023 1838 1076 δὲ

234 1118 431 1169 πάντα
458 1115 531 1168 τὰ
563 1115 658 1169 τοῦ
689 1115 902 1186 Πατρὸς
933 1116 962 1168 6
1000 1115 1127 1181 Υίὸς
1146 1154 1161 1182 ,
1204 1112 1479 1177 οὐσιωδῶς
1510 1115 1618 1185 ἄρα
1645 1114 1836 1184 γεγέν-

238 1222 379 1276 νητα
387 1221 409 1257 ι

935 1312 1143 1371 ΔΔΛΟ.

311 1427 381 1479 ει
436 1425 605 1496 μηδὲν
631 1424 743 1478 τῶν
780 1425 919 1495 μετὰ
945 1425 1036 1479 τὸν
1068 1424 1197 1478 Υίὸν
1246 1425 1311 1478 ὲκ
1344 1426 1418 1497 μὴ
1452 1426 1625 1495 ὄντων
1650 1423 1837 1486 οὐσίας

238 1517 568 1587 ὑφίστησιν,
616 1516 880 1587 ὐφίστησι
926 1516 984 1569 δὲ
1031 1518 1060 1569 6
1109 1514 1259 1585 Υίὸς,
1297 1512 1396 1571 οὐκ
1440 1517 1547 1589 άρα
1577 1517 1686 1570 τῶν
1721 1517 1837 1588 μετ’

238 1608 413 1660 αὐτὸν
463 1604 617 1659 ἔσται
653 1605 956 1677 συγγενὴς,
992 1606 1130 1660 ἀλλὰ
1170 1607 1251 1678 τῷ
1299 1609 1366 1662 ἐκ
1402 1608 1479 1679 μὴ
1516 1604 1685 1661 ὅντων
1727 1606 1830 1675 ὐφ-

240 1698 475 1751 ἱστῶντι
504 1697 813 1767 δμοούσιος.
832 1696 915 1750 Τὰ
934 1697 1043 1770 γὰρ
1057 1698 1155 1769 τῆς
1182 1699 1354 1770 αὐτῆς
1382 1698 1664 1771 ἐνεργείας
1682 1698 1831 1762 ὄντα,

242 1789 340 1840 καὶ
364 1789 471 1857 τῆς
501 1787 671 1855 αὐτῆς
698 1786 885 1850 οὐσίας
914 1786 1315 1858 ὡμολόγηνται.

928 1987 1131 2040 ᾹΛΛΟ.

318 2101 388 2154 Et
418 2100 485 2153 τά
513 2101 611 2170 τῆς
652 2099 821 2171 αὐτῆς
862 2100 1142 2171 ἐνεργείας
1184 2100 1622 2171 ἀπαραλλάκτως
1652 2102 1832 2174 ὐπάρ-

246 2210 435 2264 χοντα,
485 2193 582 2246 καὶ
624 2195 725 2264 τῆς
756 2192 929 2257 αὐτῆς
957 2192 1144 2255 οὐσίας
1180 2192 1578 2265 ὡμολόγηνται,
1628 2192 1741 2247 ἔστι
1774 2194 1831 2248 δὲ

246 2285 347 2354 τῆς
378 2285 550 2355 αὐτῆς
593 2282 672 2354 τῷ
704 2283 881 2355 Πατρὶ
929 2283 1210 2353 ἐνεργείας
1251 2282 1280 2336 6
1327 2283 1476 2348 Υἱὸς,
1519 2282 1698 2337 πάντα
1730 2284 1833 2339 ὅσα

250 2380 396 2430 ποιεῖ
418 2376 514 2429 καὶ
546 2376 709 2440 αὐτὸς
738 2376 941 2446 ὁμοίως
975 2375 1171 2440 ποιῶν,
1199 2374 1647 2447 ὁμολογουμένως
1678 2376 1830 2432 ἔσται

251 2469 343 2522 καὶ
382 2469 485 2537 τῆς
532 2468 703 2538 αὐτῆς
732 2468 954 2533 οὐσίας,
1000 2467 1088 2522 διὰ
1134 2466 1195 2521 τὸ
1228 2467 1323 2521 καὶ
1362 2466 1460 2537 τῆς
1488 2467 1659 2539 αὐτῆς
1692 2463 1830 2523 εἶναι

253 2562 337 2613 ὲνε
346 2560 555 2631 ργείας.

931 2676 1134 2731 ΑΛΛΟ.

325 2790 387 2841 Εἰ
417 2787 579 2857 φύσει
603 2788 736 2852 Θεός
766 2790 915 2843 ἐστιν
945 2789 974 2841 6
999 2787 1211 2859 Πατὴρ,
1238 2787 1356 2841 ἀλλ’
1379 2787 1440 2841 οὐ
1472 2790 1696 2859 μετοχῇ,
1716 2788 1831 2841 ἔστι

250 2877 309 2930 δὲ
343 2878 501 2947 φύσει
525 2878 658 2944 Θεὸς
704 2880 798 2933 καὶ
827 2881 857 2933 ό
892 2879 1039 2944 Υἱός.
1076 2880 1248 2952 Εῐπερ
1275 2879 1386 2933 τῶν
1421 2879 1563 2935 κατὰ
1596 2881 1828 2953 μετοχὴν

253 2970 511 3040 ὑπερέχει
531 3011 545 3031 ,
596 2970 695 3042 τῆς
723 2971 893 3043 αὐτῆς
923 2971 1031 3045 ἄρα
1082 2970 1296 3041 φύσεως
1328 2970 1476 3028 ἔσται
1518 2971 1597 3045 τῷ
1628 2974 1823 3044 Πατρὶ,

252 3059 371 3115 ἀλλ’
400 3060 459 3113 οὐ
488 3065 598 3124 τοῖς
626 3063 771 3116 κατὰ
806 3058 1060 3136 μετοχήν.

922 3258 1124 3314 ΔΛΛΟ.

335 3387 403 3441 Εἰ
439 3389 666 3457 μετοχῇ.
693 3387 800 3441 ἀλλ’
838 3388 901 3442 οὐ
932 3388 1112 3459 φύσει,
1143 3390 1275 3455 Θεὸς
1312 3393 1341 3445 6
1372 3392 1518 3460 Υίὸς,
1546 3392 1731 3445 πολλοὶ
1768 3393 1823 3445 δὲ

248 3482 311 3535 οι
366 3479 511 3533 κατὰ
562 3479 784 3550 μετοχὴν
833 3480 946 3535 θεοὶ
966 3522 981 3546 ,
1033 3482 1187 3537 οὐδὲν
1225 3481 1332 3553 ἄρα
1376 3482 1659 3548 πλεονάζει
1717 3482 1826 3535 τῶν

248 3570 474 3625 πολλῶν
499 3570 581 3632 είς
609 3569 876 3641 ὑπεροχὴν
901 3571 1112 3635 οὐσίας.
1143 3568 1206 3625 Εἰ
1238 3572 1293 3625 δὲ
1319 3573 1394 3642 μὴ
1421 3571 1577 3625 ἔσται
1602 3574 1821 3643 μετοχῇ.

249 3664 334 3715 ὃτι
363 3661 474 3713 τῶν
500 3659 639 3713 κατὰ
667 3661 902 3733 μετοχὴν
929 3663 1091 3727 αὐτός
1116 3665 1230 3717 ἐστι
1258 3662 1507 3734 ποιητὴς,
1537 3665 1635 3733 τῆς
1657 3662 1827 3731 αὐτῆς

250 3758 361 3826 ἄρα
409 3753 625 3822 φύσεως
674 3750 828 3806 ἔσται
875 3754 954 3823 τῷ
1012 3755 1210 3826 Πατρὶ,
1259 3754 1373 3807 ἀλλ’
1418 3752 1480 3807 οὐ
1525 3754 1635 3815 τοῖς
1685 3750 1828 3804 κατὰ

255 3847 507 3919 μετοχήνο

924 3955 1130 4010 AAAO.

323 4075 387 4127 Et
426 4075 578 4127 πᾶσα
609 4071 768 4127 οὐσία
807 4068 1023 4140 λογικὴ,
1052 4068 1114 4121 οὐ
1163 4064 1311 4138 μόνῳ
1354 4066 1434 4137 τῷ
1466 4064 1665 4133 θέλειν,
1691 4065 1830 4119 ἀλλὰ

253 4167 347 4218 καὶ
375 4164 455 4234 τῷ
487 4165 733 4235 ἐνεργεῖν
759 4161 853 4215 καὶ
895 4162 1126 4231 πάσχειν
1160 4158 1505 4230 δημιουργεῖ,
1541 4157 1676 4229 μόνη
1710 4157 1768 4211 δὲ
1792 4159 1826 4229 ἡ

255 4256 550 4327 ἀγέννητος
582 4254 744 4310 οὐσία
765 4252 844 4324 τῷ
869 4251 1046 4307 θέλειν
1072 4250 1166 4305 καὶ
1198 4249 1273 4322 μὴ
1301 4249 1552 4321 πάσχειν,
1578 4249 1747 4304 θέλων
1772 4250 1828 4304 δὲ

256 4350 346 4401 καὶ
386 4348 462 4419 μὴ
506 4346 733 4416 πάσχων
763 4344 1087 4415 δημιουργεῖ
1113 4344 1142 4396 6
1173 4341 1323 4407 Υἱὸς,
1360 4341 1461 4412 τῆς
1503 4342 1562 4395 ιν
1607 4340 1826 4412 θελήσει

1940 539 2046 595 que
2061 524 2404 596 praestantior
2421 534 2581 595 quam
2600 526 2691 596 qui
2715 528 3004 596 adoptione
3022 546 3037 595 ;
3065 530 3517 587 consubstantla-

1920 618 2007 671 .lis
2026 617 2207 686 itaque
2227 623 2312 672 est
2341 614 2455 672 Deo
2485 618 2576 686 qui
2603 630 2726 672 eum
2757 633 2863 675 non
2885 620 3193 691 adoptione,
3228 623 3326 678 sed
3382 634 3509 680 vere

1941 720 2005 761 ac
2028 706 2351 764 naturaliter
2376 708 2583 779 genuit.

2602 820 2834 881 ALIUD.

2013 932 2072 986 Si
2111 933 2253 1003 quod
2276 932 2705 989 substantialiter
2731 935 2971 1005 genitum
3003 947 3104 1003 est,
3130 942 3394 1010 genitoris
3422 957 3511 999 es-

1940 1024 2167 1079 sentiam
2196 1023 2455 1093 possidet,
2477 1024 2681 1081 habens
2715 1039 2835 1081 eam
2860 1026 2911 1082 in
2937 1029 3030 1095 sej:
3048 1029 3215 1085 Filius
3236 1048 3367 1087 vero
3386 1048 3512 1104 pos-

1939 1113 2081 1170 sidet
2108 1113 2291 1169 omnia
2314 1128 2434 1185 quae
2456 1114 2635 1171 Patris
2672 1124 2839 1184 sunt;
2875 1118 3240 1177 essentialiter
3267 1136 3399 1193 ergo
3416 1140 3512 1193 ge-

1940 1204 2084 1259 nitus
2111 1211 2216 1259 est.

2496 1376 2499 1379 .
2602 1314 2834 1374 ALIUD.

2013 1420 2070 1477 Si
2106 1437 2265 1478 nemo
2292 1431 2412 1493 post
2441 1412 2640 1477 Filium
2672 1437 2737 1477 ex
2771 1423 2942 1479 nihilo
2990 1424 3325 1484 substantias
3383 1446 3510 1501 pro-

1941 1514 2109 1579 ducit,
2143 1514 2394 1584 producit
2421 1525 2603 1569 autem
2630 1514 2839 1571 Filius:
2872 1532 2977 1571 non
3012 1516 3178 1587 igitur
3201 1520 3309 1574 erit
3360 1522 3509 1591 ejus-

1940 1604 2061 1659 dem
2089 1604 2309 1675 generis
2344 1612 2467 1661 cum
2494 1606 2560 1661 iis
2595 1606 2688 1674 qui
2720 1615 2842 1677 post
2874 1609 3047 1678 ipsum
3072 1618 3220 1676 sunt,
3279 1613 3372 1667 sed
3432 1615 3509 1669 illi

1940 1694 2033 1763 qui
2069 1710 2134 1750 ex
2163 1695 2332 1751 nihilo
2363 1690 2616 1764 producit
2645 1698 3152 1754 consubstantialis.
3178 1700 3309 1767 Quae
3364 1705 3510 1758 enim

1861 1764 1910 1825 ⁵
1934 1785 2174 1855 ejusdem
2196 1782 2424 1842 actionis
2444 1788 2882 1860 operationisque
2914 1799 3058 1859 sunt,
3077 1764 3317 1861 ejusdem
3345 1794 3510 1849 etiam

1935 1886 2060 1932 sunt
2086 1878 2422 1934 substantiae.

2602 1990 2833 2049 ALIUD.

1949 2170 1954 2175 .
2006 2096 2064 2152 Si
2096 2112 2216 2168 qua:
2244 2097 2484 2167 ejusdem
2504 2114 2727 2168 prorsus
2777 2101 3008 2158 actionis
3062 2104 3512 2176 operationisque

1935 2198 2079 2257 sunt,
2111 2190 2354 2261 ejusdem
2374 2198 2428 2245 et
2458 2189 2775 2246 substantia:
2807 2203 2953 2261 sunt,
2986 2203 3041 2250 et
3074 2195 3246 2252 Filius
3265 2192 3508 2266 ejusdem

1935 2289 2021 2338 est
2037 2295 2157 2336 cum
2186 2278 2345 2336 Patre
2362 2282 2615 2346 actionis,
2652 2283 2830 2338 omnia
2854 2300 2974 2355 qua:
3007 2276 3136 2343 facit
3156 2287 3319 2345 Pater
3349 2291 3505 2346 simi-

1936 2368 2060 2427 liter
2086 2368 2140 2426 ει
2168 2372 2281 2441 ipse
2299 2371 2649 2438 faciens,erit
2671 2364 2819 2431 certe
2849 2377 3010 2432 etiam
3044 2380 3286 2451 ejusdem
3319 2395 3506 2438 essen-

1939 2462 2042 2527 tiae,
2073 2454 2191 2517 ideo
2212 2464 2352 2532 quod
2376 2465 2612 2533 ejusdem
2645 2466 2717 2521 sit
2746 2468 3095 2525 operationis.

2611 2664 2838 2721 ALIUD.

2006 2775 2065 2831 Si
2089 2777 2248 2834 Pater
2272 2778 2690 2835 estnaturallter
2720 2778 2885 2847 Deus,
2908 2790 3012 2837 non
3051 2790 3231 2840 autem
3284 2787 3509 2854 partici-

1936 2869 2172 2937 patione,
2200 2880 2286 2924 est
2310 2885 2438 2926 vero
2461 2871 2622 2925 etiam
2647 2870 2823 2927 Filius
2849 2873 3167 2929 naturaliter
3199 2874 3364 2933 Deus.
3431 2877 3509 2932 At

1934 2959 1979 3014 si
2014 2960 2082 3014 iis
2105 2960 2196 3029 qui
2217 2961 2629 3036 participatione
2658 2964 2730 3017 dii
2757 2963 2891 3019 iiunt
2914 2963 3070 3034 longe
3099 2976 3184 3022 est
3217 2968 3501 3039 superior:

1856 3091 1907 3149 εν
1933 3051 2175 3122 ejusdem
2202 3066 2331 3122 ergo
2357 3062 2566 3108 natura:
2617 3052 2722 3109 erit
2751 3068 2871 3109 cum
2919 3052 3100 3122 Patre,
3158 3073 3264 3115 non
3324 3070 3505 3118 autem

1936 3157 2056 3195 cum
2091 3143 2155 3195 iis
2184 3142 2275 3212 qui
2325 3144 2667 3213 participant.

2613 3255 2845 3313 ALIUD.

2007 3385 2062 3439 Si
2098 3386 2528 3456 participatione,
2560 3402 2664 3442 non
2730 3396 2908 3443 autem
2953 3396 3169 3455 natura,
3213 3388 3323 3462 83
3359 3390 3504 3448 Deus

1934 3480 2017 3530 est
2076 3473 2265 3543 Filius,
2301 3464 2617 3533 multi‘vero
2646 3485 2772 3532 sunt
2800 3478 3215 3547 participatione
3242 3482 3335 3545 tlii,
3367 3480 3501 3535 nihil

1937 3569 2120 3636 itaque
2139 3569 2399 3639 dignitate
2416 3570 2667 3625 essentia:
2696 3569 2817 3623 aliis
2834 3572 3122 3626 antecellit.
3157 3569 3212 3625 Si
3231 3585 3359 3627 vero
3393 3585 3500 3626 nOu

1934 3659 2348 3727 participatione
2374 3661 2510 3730 (ipse
2530 3660 2674 3714 enim
2706 3670 2787 3715 est
2809 3660 3049 3716 omnium
3072 3661 3164 3731 qui
3178 3662 3502 3732 participant

1935 3749 2451 3819 creator),ejusdem
2483 3750 2647 3818 igitur
2670 3753 2775 3807 erit
2800 3763 3007 3808 natura
3039 3771 3159 3809 cum
3192 3754 3369 3818 Patre,
3396 3773 3500 3813 non

1935 3854 2056 3895 cum
2087 3839 2155 3893 iis
2187 3842 2279 3908 qui
2303 3839 2625 3909 participant

2603 3949 2833 4019 suum

2011 4065 2067 4121 Si
2097 4064 2273 4122 omnis
2299 4064 2532 4120 essentia
2566 4065 2862 4130 rationalis,
2896 4078 3005 4121 non
3049 4065 3325 4122 voluntate
3356 4070 3500 4135 sola,

1938 4157 2032 4215 sed
2061 4157 2271 4228 agendo
2289 4164 2345 4212 et
2373 4155 2625 4226 patiendo
2648 4166 2905 4227 operatur
2939 4173 2953 4209 :
2982 4157 3093 4213 sola
3126 4165 3303 4212 autem
3351 4160 3503 4231 inge-

1938 4251 2050 4306 nita
2083 4249 2319 4307 essentia
2353 4248 2582 4304 volando
2615 4257 2670 4304 et
2690 4264 2797 4304 non
2823 4249 3072 4319 patiendo
3107 4264 3123 4305 :
3157 4250 3346 4308 uolens
3371 4260 3498 4308 vero

1937 4355 1992 4401 et
2021 4359 2125 4400 non
2157 4343 2367 4414 patiens
2408 4350 2665 4417 operatur
2704 4340 2907 4409 Filius;
2940 4343 3059 4414 ejus
3087 4356 3215 4416 ergo
3255 4349 3505 4401 essentia;

260 4442 397 4512 μόνῃ
426 4436 871 4509 δημιουργούσης
916 4434 1105 4497 οὐσίας
1150 4431 1324 4500 ἐστὶν,
1375 4431 1491 4485 ἀλλ’
1517 4431 1579 4485 οὐ
1604 4432 1706 4501 τῆς
1742 4432 1830 4485 ιν-

1939 4445 2157 4506 estquaa
2186 4434 2461 4491 voluntate
2500 4431 2616 4487 sola
2663 4438 2939 4503 operatur,
2999 4448 3103 4489 non
3156 4448 3250 4506 per
3294 4437 3505 4507 passio-

259 4530 524 4600 εργούσης
546 4527 691 4581 κατὰ
718 4526 914 4590 πάθος.

928 4639 1013 4692 ΑΛ
1021 4638 1130 4691 ΔΟ.

326 4757 390 4809 Εἰ
426 4756 533 4809 πᾶν
579 4757 641 4808 τὸ
682 4754 951 4824 γεννῆσαν
989 4752 1050 4807 οὐ
1093 4746 1266 4815 νόθον,
1317 4747 1607 4819 ὁμοούσιον
1653 4744 1832 4817 ἑαυτῷ

261 4847 572 4918 γεγέννηκε,
606 4846 903 4918 γεγέννηκε
948 4844 1004 4897 δὲ
1047 4845 1075 4897 ό
1104 4834 1235 4905 Θεὸς
1264 4841 1355 4894 τὸν
1384 4839 1698 4918 Μονογενῆ,
1732 4840 1832 4893 οὐκ

263 4936 391 4989 δντα
414 4917 587 5003 νόθον,
630 4937 915 5007 όμοοὺσιον
945 4933 1051 5003 ἄρα
1092 4929 1268 5002 ἐαυτῷ
1293 4929 1641 5000 γεγέννηκεν.
1676 4917 1739 4982 Εἰ
1774 4927 1831 4980 δὲ

261 5026 425 5091 γεννᾷ
454 5026 599 5097 μέν,
633 5024 787 5080 νόθον
820 5026 874 5079 δὲ
901 5023 1167 5095 γεννήσας
1200 5022 1261 5077 οὐ
1293 5022 1609 5092 γεγέννηκε.
1637 5018 1833 5093 Χεῖρον

262 5118 371 5189 γὰρ
395 5119 457 5169 τὸ
486 5119 637 5190 παρά
670 5117 831 5187 φύσιν
856 5115 950 5170 τοῦ
985 5114 1228 5187 ιιηδόλως
1256 5106 1637 5183 γεγεννῆσθαι.

926 5323 1129 5377 ΑΛΛΟ.

327 5436 392 5493 Εί
439 5439 530 5494 τὸν
578 5440 858 5510 Μονογενῆ
930 5438 1198 5509 γεννήσας
1246 5437 1275 5489 6
1329 5435 1463 5499 Θεὸς
1509 5434 1603 5489 καὶ
1647 5436 1834 5506 Πατὴρ

259 5535 579 5605 κρειττόνως
619 5532 780 5604 ἡμῶν
834 5531 1172 5601 γεγέννηκε,
1222 5522 1518 5598 γεννῶντες
1568 5516 1624 5581 δὲ
1672 5528 1835 5597 ἡμεῖς

259 5624 687 5694 προϋπάρχομεν
716 5622 825 5675 τῶν
852 5623 1291 5692 γεγεννημένων,
1319 5622 1453 5686 Θεὸς
1494 5624 1601 5694 ἄρα
1629 5623 1835 5692 γεννῶν

258 5716 317 5766 οὐ
378 5717 743 5788 ποοῦπάρχει.
776 5716 862 5768 -Εί
909 5716 967 5768 δὲ
1020 5714 1284 5778 ὡσαύτως
1329 5716 1458 5786 ἡμῖν
1507 5717 1832 5787 γεγέννηκεν

570 5813 844 5873 ΡΑτιιοιη
892 5813 1006 5872 Gn.
1059 5811 1280 5871 LXXV.

1934 4543 2078 4583 nem.

2592 4630 2823 4693 ALIUD.

2007 4751 2061 4807 Si
2090 4752 2352 4823 quidquid
2377 4753 2565 4823 genuit
2591 4768 2698 4809 non
2735 4750 3004 4822 spuriunt,
3040 4750 3506 4807 cousuostanttalu

1936 4843 2040 4899 sibi
2065 4845 2163 4913 ipsi
2195 4845 2400 4912 genuit,
2422 4832 2566 4900 Deus
2587 4853 2767 4898 autem
2794 4842 2977 4913 genuit
3005 4841 3371 4911 ilnigenitum,
3396 4856 3503 4895 non

1936 4938 2216 5007 spurium;
2247 4950 2375 5008 ergo
2395 4934 2911 4992 consubstantialem
2936 4934 3036 4989 sibi
3060 4934 3265 5004 genuit.
3296 4931 3353 4987 Si
3382 4932 3506 5003 quio

1936 5029 2061 5085 dem
2089 5028 2283 5099 gignit,
2309 5029 2403 5084 sed
2433 5029 2678 5097 spuriqu
2708 5026 3060 5097 gignensuon
3086 5024 3290 5095 genuit.
3350 5022 3507 5092 Pejus

1937 5122 2082 5179 enim
2113 5131 2192 5177 est
2227 5130 2423 5191 praeter
2454 5129 2701 5175 naturam
2728 5132 2871 5184 esse,
2907 5134 3067 5189 quam
3115 5119 3166 5172 in
3194 5117 3507 5185 universum

1939 5212 2180 5282 genitum
2212 5224 2315 5265 non
2343 5225 2483 5265 esse.

2607 5320 2834 5379 ALIUD.

2006 5438 2065 5501 Si
2096 5451 2218 5494 cum
2254 5435 2397 5492 Deus
2445 5449 2508 5490 ac
2537 5434 2695 5490 Pater
2732 5432 3078 5503 Unigenitum
3124 5432 3309 5504 genuit
3355 5433 3512 5502 longe

1937 5527 2309 5600 praestantiore
2340 5526 2499 5581 modo
2540 5540 2703 5596 quam
2730 5540 2830 5581 nos
2852 5526 3070 5595 genuit;
3103 5540 3202 5580 nos
3233 5539 3362 5581 vero
3388 5537 3513 5578 cum

1939 5628 2262 5690 generamus
2312 5614 2523 5683 priores
2572 5628 2731 5683 quam
2774 5614 2866 5683 qui
2912 5630 2979 5670 ex
3019 5616 3173 5671 nobis
3221 5614 3511 5684 gignuntur

1939 5708 2283 5778 «sistimus;
2313 5704 2459 5763 Deus
2478 5719 2608 5776 ergo
2626 5705 2818 5764 Filium
2838 5707 3062 5779 gignens
3089 5706 3235 5775 prior
3257 5706 3374 5772 ipso
3403 5713 3506 5754 non

4015 1650 4017 1799 ι
