4032 6212
492 303 592 357 139
1478 301 1534 348 ὅ.
1575 293 1849 349 CYRILLI
1892 291 2050 344 ΑΒΕ)

2151 292 2356 347 lDRlNl
2400 295 2719 352 ARCHIEP.
3650 309 3753 364 HO

493 417 722 471 exstitit.
751 414 808 470 Si
840 424 1022 472 autem
1050 414 1193 470 Deus
1228 414 1342 484 pari
1373 412 1582 466 ratione
1612 424 1715 478 qua
1746 423 1863 470 nos,
1904 407 2048 478 gigni

2177 411 2309 480 (οὐκ
2344 413 2407 466 ἂν
2442 413 2551 485 γὰρ
2583 418 2722 469 εἴποι
2757 435 2838 483 τις
2871 422 3106 491 ήττόνως
3127 423 3143 486 )
3166 463 3179 487 ,
3214 424 3492 495 γεννῶμεν
3517 428 3561 480 δ’
3590 431 3750 499 ἡμεῖς

491 509 673 575 (nemo
712 507 857 560 enim
894 507 1092 561 dixerit
1125 507 1399 561 deteriore
1426 501 1584 557 modo
1618 499 1766 552 illum
1800 499 2050 568 gignere)

2170 504 2234 556 ὲκ
2267 503 2366 572 τῆς
2396 507 2606 560 ἑαυτῶν
2639 509 2848 575 οὐσίας,
2878 513 2972 564 καὶ
2998 512 3128 577 Θεὸς
3163 515 3270 585 ἀρα
3301 517 3364 569 ἐκ
3407 518 3506 587 τῆς
3552 520 3750 574 ἑαυτοῦ

486 613 586 654 nos
631 613 758 654 vero
782 614 845 654 ex
873 608 1056 656 nostra
1115 601 1353 669 ipsorum
1405 593 1707 650 substantia
1759 591 2027 661 gignimus

2170 597 2499 668 γεγέννηκεν
2549 600 2754 664 οὐσίας.
2808 604 3006 675 Διόπερ
3059 607 3342 676 ὁμοούσιον
3390 609 3539 680 αὑτῷ
3582 610 3643 663 τὸ
3692 612 3750 678 ἐξ

485 692 629 745 Deus
659 693 843 761 itaque
907 694 1074 749 etiam
1124 707 1190 746 ex
1235 705 1331 745 sua
1379 688 1548 756 ipsius
1583 685 1820 741 essentia
1860 685 2050 754 genuit

2167 684 2332 738 αὑτοῦ
2367 688 2584 752 πάντως
2611 706 2713 743 που
2740 691 2835 744 καὶ
2864 692 3178 761 ἀναγκαίως
3202 695 3446 752 τίθεσθαι
3478 701 3604 770 χρή.

483 782 750 848 Quocirca
785 780 1247 838 consubstantiale
1278 778 1326 832 ei
1359 778 1579 832 omnino
1599 775 1650 830 id
1679 777 1823 844 quod
1857 791 1923 831 ex
1951 775 2068 844 ipso

484 874 724 941 genitum
747 883 848 937 est,
876 870 1186 928 necessario
1220 867 1565 923 statuendum
1600 877 1702 920 est.

1153 979 1385 1036 ALIUD.

558 1099 613 1151 Si
637 1097 876 1151 omnium
898 1104 1272 1150 creaturarum
1315 1091 1550 1146 mundus
1581 1090 1906 1146 universalis
1951 1105 2050 1145 ve.-

2239 1088 2304 1142 Εί
2331 1089 2440 1142 τῶν
2471 1090 2715 1160 γενητῶν
2737 1092 2765 1144 6
2798 1092 3030 1146 καθόλου
3053 1094 3260 1164 κόσμος
3287 1094 3476 1167 ὥσπερ
3508 1114 3560 1150 τι
3591 1114 3748 1166 γενος

487 1187 562 1242 ιιιὶ
607 1201 776 1257 genus
813 1195 931 1252 est,
971 1184 1320 1253 particularia
1353 1197 1481 1237 vero
1513 1191 1640 1237 sunt
1679 1181 1894 1251 generis
1936 1195 2050 1250 spe«

2168 1179 2309 1245 ἐστὶ,
2337 1181 2432 1233 τοῦ
2459 1181 2516 1234 δὲ
2554 1182 2743 1249 γένους
2773 1183 2833 1236 τὸ
2865 1185 3004 1237 κατὰ
3035 1187 3198 1255 μέρος
3233 1180 3392 1253 εἴδος,
3427 1187 3623 1242 ἔστιδὲ
3654 1207 3747 1258 γε·

486 1280 618 1340 cies,
653 1278 832 1332 factus
889 1287 1068 1331 autem
1125 1284 1204 1330 est
1248 1273 1447 1340 Filius;
1503 1273 1714 1343 species
1765 1272 1930 1342 igitur
1983 1285 2050 1327 es

2167 1271 2327 1342 νητὸς
2354 1273 2383 1326 6
2417 1273 2576 1339 Υἱὸς,
2617 1270 2756 1339 εἶδος
2795 1275 2906 1345 ἄρα
2949 1279 3067 1331 ἐστὶ
3115 1277 3210 1332 τοῦ
3241 1279 3460 1346 γένους,
3500 1284 3747 1336 τουτέστι

488 1371 724 1439 generis,
753 1371 863 1425 hoc
899 1378 986 1422 est
1022 1367 1230 1421 mundi.
1259 1361 1320 1421 Si
1342 1381 1471 1420 vero
1501 1365 1710 1434 species
1734 1362 1918 1417 mundi
1957 1377 2050 1418 nor

2167 1363 2264 1416 τοῦ
2291 1363 2518 1434 κόσμου.
2554 1365 2617 1419 Et
2646 1366 2703 1418 δὲ
2732 1367 2807 1437 μὴ
2837 1367 2984 1422 ἐστιν
3013 1363 3154 1432 εἶδος
3185 1370 3277 1424 τοῦ
3302 1371 3536 1440 κόσμου,
3560 1372 3648 1426 διά
3685 1374 3747 1426 τὸ

481 1463 730 1531 est,quia
792 1463 1047 1515 nimirum
1098 1469 1221 1513 ante
1285 1458 1542 1512 mundum
1600 1454 1830 1518 exstitit.
1893 1467 2050 1522 nequt

2167 1457 2261 1508 καὶ
2308 1458 2684 1528 προϋπάρχειν
2732 1460 2934 1522 αὐτοῦ,
2982 1461 3060 1531 τῷ
3125 1461 3198 1532 μὴ
3248 1462 3553 1532 ἐνδέχεσθαι
3613 1481 3747 1533 προ-

483 1554 599 1609 tieri
631 1561 808 1623 potest
833 1552 1121 1621 utspecies
1163 1550 1313 1620 prius
1337 1549 1568 1604 exsistat
1594 1560 1756 1616 quam
1792 1558 2050 1615 genus,e1

2168 1545 2437 1618 ῡπάρχειν
2454 1547 2514 1602 τὸ
2538 1544 2677 1610 εϊδος
2696 1548 2790 1602 τοῦ
2814 1550 3027 1618 γένους,
3044 1552 3166 1606 οὐδὲ
3186 1553 3250 1605 ἐκ
3268 1552 3363 1606 τοῦ
3386 1555 3590 1624 κόσμου
3610 1554 3747 1616 ὅλως

484 1647 681 1701 mundo
707 1659 927 1715 prorsus
953 1658 1056 1696 non
1083 1641 1342 1709 est.Quod
1373 1642 1418 1696 si
1444 1641 1518 1694 ita
1550 1648 1654 1702 est,
1698 1653 1804 1692 non
1829 1636 2050 1703 mundo,

2165 1634 2337 1689 ἐστίν.
2387 1636 2450 1689 Et
2499 1638 2555 1690 δὲ
2603 1636 2784 1703 τοῦτο,
2829 1639 2926 1693 τοῦ
2977 1640 3329 1710 κοσμοποιοῦ,
3376 1642 3492 1696 ἀλλ’
3536 1644 3597 1696 οὐ
3648 1643 3744 1697 τοῦ

481 1739 575 1793 sed
596 1735 828 1792 creatori
859 1735 1043 1790 mundi
1080 1729 1564 1789 consubstantialis
1597 1731 1723 1785 erit.

2167 1728 2396 1799 κόσμου,
2431 1730 2491 1793 ἐξ
2518 1730 2767 1802 ἀνάγκης
2790 1731 2940 1786 ἔσται
2967 1733 3272 1802 ὁμοούσιος.

1156 1842 1390 1899 ALIUD.

2854 1846 3057 1900 AAAO.

551 1960 608 2014 Si
640 1971 829 2014 eorum
869 1970 989 2025 qua
1018 1963 1166 2018 sunt,
1201 1951 1342 2006 aliud
1389 1958 1472 2006 est
1524 1950 1689 2016 Deus,
1716 1948 1859 2003 aliud
1905 1961 2050 2001 mun-

2239 1957 2302 2009 Εἰ
2329 1956 2438 2009 τῶν
2466 1957 2636 2011 ὄντων
2661 1959 2722 2011 τὸ
2756 1958 2853 2028 μὲν
2892 1959 3009 2010 ἐστὶ
3036 1957 3186 2025 Θεὸς,
3235 1959 3294 2012 τὸ
3326 1959 3384 2012 δὲ
3427 1959 3650 2029 κόσμος,
3683 1962 3744 2026 ἐξ

478 2051 597 2114 dus,
635 2048 944 2102 necessario
982 2044 1150 2098 Filius
1194 2053 1288 2095 aut
1330 2041 1532 2096 mundo
1558 2039 1855 2095 secundum
1885 2045 2050 2091 ortuu

2168 2048 2416 2119 ἀνάγκης
2442 2051 2471 2102 6
2502 2050 2626 2112 Υἱὸς
2656 2050 2688 2120 ἢ
2732 2050 2938 2120 κόσμου
2970 2049 3101 2113 ἴδιός
3147 2051 3262 2103 ἐστι
3298 2053 3439 2105 κατά
3465 2053 3563 2122 τὴν
3593 2053 3743 2121 γένε-

477 2158 647 2198 suum.
689 2139 938 2210 proprius
1009 2136 1132 2200 erit,
1186 2142 1279 2188 aut
1328 2132 1437 2186 Deo
1509 2133 1808 2186 secundum
1861 2144 2050 2184 essen-

2170 2157 2272 2201 σιν,
2306 2141 2338 2212 ἢ
2372 2140 2507 2194 Θεοῦ
2538 2140 2682 2194 κατὰ
2709 2141 2808 2212 τὴν
2847 2141 3054 2196 οὐσίαν.
3097 2143 3314 2212 Ἐπειδὴ
3345 2143 3400 2196 δὲ
3433 2144 3506 2214 μὴ
3534 2145 3740 2213 κόσμου

477 2234 628 2288 tiam.
661 2232 793 2286 Cum
821 2242 949 2283 vero
971 2226 1171 2280 mundo
1203 2225 1455 2294 proprius
1500 2238 1606 2276 non
1664 2222 1756 2285 sit,
1787 2220 1914 2290 quia
1946 2221 2050 2275 ﬁeri

2171 2233 2302 2296 ῐδιος
2344 2231 2422 2303 τῷ
2457 2232 2532 2304 μὴ
2578 2232 2889 2304 ἐνδέχεσθαι
2931 2235 2990 2287 τὸ
3020 2235 3149 2288 ῐδιον
3189 2235 3292 2288 ὑπὸ
3324 2235 3450 2287 ἰδίου
3476 2236 3738 2306 δημιουρ-

479 2341 582 2377 mm
646 2329 824 2393 Ροιθει
882 2327 940 2372 Ui
996 2316 1273 2386 Proprium
1321 2329 1350 2366 ³
1381 2314 1601 2382 ρτοιπῖο
1667 2320 1902 2369 "ceu"-
1961 2311 2067 2366 εΐῖῑ
2167 2325 2384 2394 γεῖσθαί
2421 2343 2586 2389 ποτε,
2626 2324 2718 2378 τοῦ
2765 2326 3097 2396 κοσμοποισῦ
3133 2328 3242 2396 ἀρα
3278 2327 3412 2380 Θεοῦ
3459 2328 3740 2398 ὁμοούσιός

478 2414 640 2482 igitur
696 2409 927 2464 creatori
976 2406 1163 2460 mundi
1205 2404 1316 2458 Deo
1341 2403 1842 2460 consubstantialis.
2165 2416 2333 2469 ἐστιν,

2840 977 3045 1033 ΔΛΛΟ.

851 2531 1433 2625 ASSERTIO
1499 2536 1680 2620 XI.

478 2689 632 2756 Quod
666 2683 1134 2756 consubstantialis
1192 2684 1261 2756 sit
1313 2680 1486 2735 Filius
1545 2679 1722 2745 Patri,
1773 2695 1838 2734 ea:
1876 2681 2053 2736 dicto.

892 2773 908 2804 ι
951 2752 1116 2805 Pater
1151 2753 1327 2822 major
1348 2768 1427 2804 me
1456 2760 1553 2805 est.
1586 2768 1605 2802 ι

909 2866 1023 2936 84
1056 2865 1292 2934 Objectio
1332 2865 1602 2919 Eunomii.

545 2980 676 3046 Quae
707 2979 918 3040 eadem,
950 2976 1142 3043 inquit,
1175 2974 1478 3030 substantia
1507 2985 1756 3032 constant
1815 2986 1868 3032 et
1907 2977 2059 3046 .ejus-

2659 2542 3026 2630 ΛΟΓΟΣ
3101 2546 3249 2634 ΙΑ’.

2165 2698 2294 2754 Ὅτι
2341 2701 2664 2768 ὀμοούσιος
2707 2705 2739 2755 ὀ
2807 2703 2936 2768 Υίός
2970 2701 3050 2766 τῷ
3091 2703 3300 2769 Πατρὶ,
3349 2702 3740 2771 προκειμένου

2333 2771 2520 2837 ῥητοῦ
2540 2787 2553 2801 ⁸
2579 2791 2596 2824 ι
2635 2772 2687 2824 '0
2718 2772 2920 2840 Πατὴρ
2943 2770 3154 2841 μείζων
3170 2774 3288 2841 μού
3314 2773 3504 2826 ἐστιν.
3539 2791 3555 2821 ι

2433 2884 2753 2949 Ἀντίθεσις
2776 2885 2856 2950 ὡς
2880 2886 2947 2938 ἐκ
2975 2884 3093 2938 τῶν
3121 2886 3438 2952 Εὐνομίου.

2234 2995 2314 3048 Τά
2343 2996 2444 3067 τὴν
2487 2996 2657 3066 αὐτὴν
2690 2997 2879 3049 οὐσίαν
2921 2997 3173 3066 λαχόντα,
3215 2997 3399 3066 φησὶν,
3430 2996 3643 3066 ὁμοφυῆ
3679 3015 3739 3050 τε

476 3072 595 3125 dem
623 3080 830 3122 natura:
868 3074 1015 3129 sunt,
1055 3081 1160 3118 non
1192 3065 1462 3134 recipiunt
1503 3067 1554 3120 in
1616 3082 1676 3122 se
1740 3067 2050 3122 naturaliter

2159 3089 2288 3142 ὄντα
2332 3089 2433 3142 οὐκ
2480 3087 2661 3158 ἔχουσι
2710 3087 2831 3140 καθ’
2880 3087 3087 3142 ἑαυτῶν
3128 3087 3375 3158 φυσικῶς
3421 3089 3481 3140 τὸ
3533 3089 3738 3159 μεῖζον,

474 3163 672 3232 magis,
708 3174 888 3228 neque
931 3158 1129 3212 minus.
1195 3156 1382 3228 Neque
1429 3160 1572 3214 enim
1635 3160 1818 3226 homo,
1852 3161 2050 3217 ratione

2163 3180 2276 3234 ἀλλ’
2311 3180 2436 3233 οὔτε
2468 3156 2539 3233 τὸ
2561 3181 2798 3234 ἔλαττον.
2833 3181 2908 3233 Οὐ
2939 3180 3048 3252 γὰρ
3089 3156 3292 3252 μείζων
3320 3156 3608 3252 ἄνθρωπος
3645 3183 3739 3234 ἀνο

475 3256 818 3319 substantiae,
887 3255 1057 3323 magis
1113 3254 1275 3308 homo
1334 3265 1417 3308 est
1469 3269 1633 3322 quam
1667 3254 1824 3322 alius,
1873 3265 2050 3311 utnec

2164 3273 2383 3344 θρώπου
2413 3274 2556 3327 κατά
2591 3275 2682 3326 τὸν
2715 3274 2814 3343 τῆς
2839 3274 3027 3337 οὐσίας
3060 3273 3234 3342 λόγον,
3280 3273 3397 3326 ἀλλ’
3424 3275 3544 3328 οὐδὲ
3573 3275 3739 3336 ἵππος

473 3363 644 3419 equus
661 3363 819 3417 equo.
857 3345 912 3401 Si
947 3360 1077 3415 ergo
1109 3345 1279 3400 Filius
1301 3342 1667 3399 dicitPatrem
1708 3361 1767 3400 se
1797 3346 2050 3416 majorem

2163 3342 2330 3418 ἵππου
2376 3364 2562 3433 τυχόν.
2613 3362 2677 3416 Εἰ
2722 3342 2902 3416 τοίνυν
2963 3363 3158 3418 έαιτοῧ
3217 3364 3440 3432 μείζονά
3491 3382 3656 3433 φησιν
3709 3365 3737 3417 6

471 3455 614 3503 esse,
651 3438 1116 3494 consubstantiale
1139 3447 1320 3491 autem
1385 3437 1834 3492 consubstantiali
1885 3438 2050 3507 maju

2161 3455 2288 3518 Υἱὸς
2325 3451 2463 3508 εἶναι
2495 3455 2588 3509 τὸν
2619 3454 2860 3526 Πατέρα,
2892 3454 3177 3523 ὁμοούσιον
3221 3453 3278 3507 δὲ
3325 3455 3610 3526 όμοουσίου
3638 3456 3738 3508 οὐκ

472 3549 593 3589 esse
618 3550 721 3588 non
753 3542 929 3603 potest
969 3533 1182 3586 ratione
1225 3531 1576 3596 substantiae;
1613 3546 1720 3586 non
1755 3540 1837 3587 est
1890 3531 2050 3602 igitur

2159 3549 2226 3602 ἂν
2261 3549 2346 3618 εἴη
2378 3546 2561 3619 μεῖζον
2593 3548 2737 3602 κατά
2792 3548 2882 3601 τὸν
2923 3549 3023 3617 τῆς
3049 3547 3238 3610 οὐσίας
3282 3547 3457 3615 λόγον,
3490 3548 3587 3600 οὐκ
3627 3549 3735 3616 ἀρα

471 3631 518 3680 ei
542 3624 1050 3680 consubstantialis.

987 3736 1193 3790 Salutio
1223 3735 1556 3805 objectionis.

540 3853 836 3921 Oportebat
871 3866 1003 3907 sane
1041 3851 1173 3905 istos
1191 3849 1394 3905 Christi
1451 3850 1636 3906 hostes
1693 3850 2054 3921 undequaque

2156 3639 2442 3710 ὀμοούσιος
2471 3640 2620 3710 αὐτῷ
2659 3641 2826 3694 ἐστιν.

2653 3755 2807 3822 Πρὸς
2840 3755 3018 3808 τοῦτο
3043 3756 3243 3821 λύσις.

2230 3870 2373 3922 Ἔδει
2409 3869 2535 3930 τοὺς
2577 3867 2979 3938 χριστομάχους
3011 3868 3347 3938 πανταχόθεν
3389 3869 3486 3939 τὴν
3529 3869 3585 3920 ὲν
3614 3870 3734 3930 ταῖς

467 3944 747 3997 veritatem
783 3939 958 3995 sacris
1016 3937 1240 3993 Litteris
1301 3940 1554 3994 traditam
1610 3939 1957 4008 investigare,
1988 3953 2048 3993 ea

2153 3959 2324 4023 θείαις
2374 3959 2413 4011 Γ
2418 3937 2623 4030 ραφαῖςν
2665 3959 2924 4027 ἀληθειαν
2957 3937 3224 4030 θηρᾶσθαι
3276 3937 3626 4024 σπουδάζειν,
3662 3961 3732 4013 τά

465 4049 586 4103 qua:
623 4034 691 4088 de
722 4033 883 4086 Patre
908 4041 962 4085 ct
993 4029 1130 4085 Filio
1158 4032 1416 4084 dicuntur
1475 4033 1880 4099 expendentes;
1944 4049 2047 4086 non

2152 4051 2282 4122 περὶ
2308 4029 2521 4120 Πατρὸς
2541 4050 2636 4104 καὶ
2670 4050 2797 4103 Υἱοῦ
2824 4029 3201 4122 γυμνάζοντας
3221 4068 3234 4082 ·
3267 4052 3327 4104 οὐ
3357 4051 3491 4121 πρὸς
3521 4051 3621 4116 τὰς
3654 4053 3733 4104 οξ-

467 4136 648 4179 autem
679 4139 775 4193 pro
796 4138 893 4177 sua
927 4121 1150 4176 libidine
1178 4121 1520 4193 syllogismos
1548 4121 1823 4190 eilingere,
1879 4131 2048 4191 atque

2151 4141 2304 4205 κείας
2340 4141 2535 4212 ἡδονάς
2567 4141 2779 4206 ἑαυτοῖς
2815 4141 3177 4196 ἀναπλάττειν
3203 4141 3620 4212 συλλογισμοὺς,
3635 4143 3733 4197 καὶ⁵

465 4224 914 4284 argumentorum
948 4227 1119 4266 nexus
1143 4212 1478 4282 excogitare.
1515 4209 1568 4264 Si
1604 4213 1745 4265 enim
1770 4211 2049 4266 oﬂendun-

2151 4209 2370 4298 πλοκὰς*
2405 4236 2643 4289 ἐπινοεῖν
2687 4237 2976 4307 νοημάτων
3006 4209 3476 4307 διεστραμμένων.
3514 4238 3577 4289 Ei
3622 4238 3731 4308 γὰρ

465 4314 558 4357 tur
588 4303 802 4357 dicente
855 4301 995 4358 Filio
1024 4318 1038 4353 :
1074 4321 1090 4353 ι
1124 4301 1286 4357 Pater
1325 4300 1497 4371 major
1550 4316 1633 4354 me
1657 4310 1741 4354 est
1772 4303 1814 4336 ¹³
1842 4319 1855 4354 :
1891 4319 1908 4351 ι
1965 4299 2044 4368 Ῑιιτ

2151 4325 2595 4389 σκανδαλίζονται
2625 4327 2875 4396 λέγοντος
2901 4327 2994 4380 τοῦ
3036 4328 3162 4380 Υἱοῦ
3185 4345 3198 4358 ·
3246 4348 3264 4380 ι
3309 4328 3368 4381 'U
3398 4329 3592 4399 Πατήρ
3624 4346 3730 4398 μου

466 4404 659 4449 ventur
679 4394 963 4449 audientes
1000 4391 1067 4448 de
1101 4395 1214 4464 ipso
1243 4393 1484 4447 dictum:
1524 4411 1541 4444 ι
1577 4393 1677 4459 Qui
1729 4409 1848 4448 cum
1901 4404 2045 4447 esset

2153 4417 2355 4489 μείζων
2397 4419 2497 4489 μού
2540 4421 2708 4483 ἐστιν,
2752 4439 2770 4472 ι
2809 4419 3226 4488 ὠφελείσθωσαν
3267 4420 3561 4484 ἀκούοντες
3600 4422 3730 4490 περὶ

464 4490 520 4544 in
555 4487 728 4541 forma
759 4485 885 4553 Dei,
921 4501 1026 4541 non
1069 4485 1312 4555 rapinam
1358 4485 1654 4540 arbitratus
1694 4495 1780 4538 est
1825 4499 1885 4539 se
1925 4501 2045 4540 esse

463 4581 727 4651 aequalem
755 4579 865 4634 Deo
896 4580 957 4632 “.
993 4598 1012 4632 ι
1044 4579 1197 4646 Quod
1225 4586 1280 4632 et
1322 4577 1557 4632 Joannes
1599 4578 1939 4647 apertissime
1966 4578 2047 4632 di-

462 4677 535 4728 cit
570 4692 584 4727 :
623 4691 642 4724 ι
676 4672 812 4739 Quia
837 4671 1053 4728 Patrem
1082 4687 1238 4726 sttum
1285 4669 1497 4724 dicebat
1541 4670 1732 4734 Deum,
1781 4670 2042 4740 aequalem

462 4768 703 4833 seipsum
745 4764 950 4820 iaciens
976 4763 1086 4819 Deo
1118 4763 1187 4816 ⁵⁷.
1223 4781 1242 4814 ι
1274 4762 1331 4816 Si
1366 4778 1516 4831 ergo,
1549 4762 1703 4831 juxta
1731 4774 2041 4818 sanctorum

463 4872 671 4919 vocem,
706 4856 933 4925 aequalis
956 4854 1103 4908 Patri
1136 4863 1241 4917 est,
1275 4868 1510 4922 quonam
1534 4862 1692 4922 pacto
1729 4855 1834 4910 erit
1865 4855 2043 4909 diver-

461 4961 532 4998 sa:
562 4948 628 5000 ab
655 4961 720 5003 eo
748 4946 1105 5001 substantia?
1148 4945 1402 4998 Dicemus
1423 4945 1567 4998 enim
1614 4945 1695 5000 eis
1730 4945 1890 4999 etiam
1944 4960 2040 5001 uos

461 5037 603 5105 quod
630 5051 750 5104 quae
777 5047 982 5092 natura:
1035 5037 1344 5106 aequalitate
1389 5035 1528 5090 inter
1580 5051 1639 5091 se
1691 5037 2038 5102 conveniunt,

461 5127 946 5183 consubstantialia
982 5145 1105 5185 esse
1167 5143 1394 5184 necesse
1447 5131 1537 5195 sit,
1586 5130 2038 5199 quemadmodum

461 5222 621 5274 homo
648 5221 874 5289 homini,
902 5232 954 5275 et
977 5238 1150 5293 equus
1180 5237 1340 5294 equo.

1129 5337 1361 5393 ALIUD.

534 5442 590 5496 In
655 5445 989 5516 incorporeis
1046 5449 1218 5518 majus
1266 5459 1322 5506 et
1372 5453 1549 5506 minus
1595 5467 1702 5506 non
1732 5454 2035 5521 quantitate

461 5537 820 5602 mstimantur,
851 5554 1136 5609 corporum
1169 5547 1310 5598 enim
1364 5545 1415 5599 id
1448 5545 1730 5615 proprium
1763 5555 1870 5610 est,
1937 5547 2032 5601 sed

532 5696 572 5726 “
597 5693 753 5751 Joan.
791 5711 900 5763 xw,
945 5700 1033 5758 ‘28.
1114 5705 1157 5735 "
1190 5703 1420 5772 Philipp.
1456 5720 1514 5768 ll,
1541 5705 1592 5758 6.
1675 5706 1713 5736 ¹⁷
1744 5703 1876 5759 Jnan
1912 5721 1986 5764 .v.
2021 5706 2109 5762 18.

2149 4510 2316 4562 αὑτοῦ
2340 4527 2352 4540 ο
2385 4531 2402 4561 ι
2421 4513 2514 4573 Ὃς
2545 4513 2604 4564 ὲν
2637 4514 2818 4582 μορφῇ
2843 4510 2979 4564 Θεοῦ
3005 4512 3285 4581 ὑπάρχων,
3313 4513 3410 4582 οὐχ
3432 4513 3730 4583 ἁρπαγμὸν

2149 4598 2393 4667 ἡγήσατο
2440 4599 2500 4652 τὸ
2534 4594 2673 4652 εἶναι
2723 4600 2815 4653 ἴσα
2857 4599 2996 4670 Θεῷ.
3033 4619 3052 4651 ›
3091 4601 3155 4652 Ὃ
3184 4600 3247 4672 δὴ
3279 4603 3581 4672 τρανότατα
3633 4603 3730 4656 καὶ

2162 4692 2412 4762 Ἰωάννης
2441 4693 2605 4762 φησίν
2628 4709 2641 4722 ·
2681 4693 2832 4745 ("Ott
2860 4691 3080 4760 Πατέρα
3114 4692 3243 4746 ἴδιον
3272 4693 3422 4761 ἔλεγε
3455 4693 3544 4746 τὸν
3567 4693 3723 4757 Θεὸν,

2150 4785 2263 4837 ἴσον
2311 4785 2502 4838 ἑαυτὸν
2553 4785 2721 4836 ποιῶν
2763 4783 2839 4854 τῷ
2867 4783 3004 4852 Θεῷ.
3047 4805 3065 4836 ›
3109 4785 3171 4838 Et
3202 4785 3414 4852 τοίνυν,
3451 4785 3593 4839 κατά
3625 4786 3726 4855 τὴν

2147 4876 2255 4928 τῶν
2289 4876 2461 4944 ἁγίων
2491 4877 2704 4946 φωνὴν,
2737 4877 2794 4927 ὲν
2832 4875 3039 4946 ἰσότητι
3064 4877 3164 4928 τοῦ
3199 4878 3413 4948 Πατρός
3439 4879 3576 4940 ἔστι,
3608 4877 3728 4940 πῶς

2148 4967 2298 5018 ἔσται
2339 4968 2477 5036 πρὸς
2507 4968 2670 5020 αὐτὸν
2697 4968 3064 5036 έτεροούσιος;
3111 4968 3376 5040 Ἐροῦμεν
3404 4969 3514 5039 γὰρ
3541 4969 3728 5031 αὐτοῖς

2149 5061 2240 5112 καὶ
2273 5061 2433 5130 ἡμεῖς
2464 5060 2545 5112 ὅτι
2581 5060 2648 5112 τὰ
2686 5061 2891 5130 ἰσότητι
2922 5064 3058 5134 πρὸς
3086 5061 3290 5132 ἄλληλα
3334 5060 3579 5131 φυσικῶς
3610 5060 3725 5112 κεί-

2151 5169 2287 5220 μενα
2322 5151 2473 5204 ἔσται
2501 5151 2717 5216 πάντως
2762 5154 2855 5206 καὶ
2889 5155 3149 5223 ὁμοούσια
3171 5171 3182 5182 ·
3219 5153 3407 5223 ῶσπερ
3436 5151 3724 5222 ἄνθρωπος

2145 5241 2437 5312 ἀνθρώπῳ,
2464 5244 2559 5297 καὶ
2588 5244 2752 5307 ἵππος
2781 5246 2950 5316 ἵππῳ.

2813 5355 3018 5412 ΑΛΛΟ.

2227 5466 2349 5518 Ἐπὶ
2380 5466 2487 5520 τῶν
2515 5468 2821 5537 ἀσωμάτων
2872 5469 2932 5521 τὸ
2970 5468 3156 5539 μεῖξον
3188 5467 3282 5522 καὶ
3321 5468 3380 5523 τὸ
3405 5467 3626 5522 ἔλαττον
3656 5466 3718 5521 οὐ

2146 5553 2364 5623 μεγέθει
2415 5554 2680 5624 κρίνεται,
2732 5557 3001 5628 σωμάτων
3041 5557 3146 5629 γὰρ
3185 5559 3315 5612 ἴδιον
3361 5557 3550 5625 τοῦτο,
3583 5555 3718 5611 ἀλλά
