4032 6212
234 325 340 381 ut

1647 319 1927 377 THESAU
1938 322 2027 378 RU
2037 320 2094 378 S.

3392 338 3493 394 ΗΞ

235 440 435 510 μόναις
490 438 725 500 ὶννοίαις
771 436 1145 507 δοκιμάζεται.
1195 437 1373 490 Ἔστω
1419 437 1475 490 δὲ
1522 437 1828 509 ὑπόδειγμα

1937 438 2042 494 sola
2074 437 2418 508 cogitatione.
2466 440 2550 497 Sit
2599 454 2725 499 vero
2783 445 3086 516 exemplum
3140 449 3407 508 dictorum
3439 457 3493 511 ld

232 530 344 584 τῶν
393 527 719 598 λεγομένων
745 527 810 581 τὺ
837 526 989 598 παρὰ
1027 526 1105 598 τῷ
1134 527 1335 596 Παὺλῳ
1360 526 1644 597 κείμενον·
1683 547 1702 580 ι
1731 527 1824 597 Τῷ

236 621 334 692 μὲν
358 621 502 691 γὰρ,
536 620 694 689 φησὶ,
718 618 931 672 δέδοται
958 618 1117 687 λόγος
1146 618 1338 688 σοφίας
1363 618 1516 691 παρὰ
1538 618 1634 673 τοῦ
1652 620 1825 673 Πνεῦ-

235 728 410 781 μιτος
434 728 450 740 υ
498 709 653 779 ἄλλῳ
692 708 752 762 δὲ
794 707 1109 780 χαρίσματα
1150 708 1419 779 ίαμάτων,
1454 727 1478 761 ι
1518 709 1614 762 καὶ
1652 708 1825 762 πολλὰ

233 801 373 869 πρὸς
398 799 623 865 τούτοις
651 799 818 873 ἕτερα
842 801 982 863 θεὶς,
1015 799 1216 868 ἐπάγει
1235 816 1250 831 ο
1286 820 1306 853 ι
1340 800 1528 856 Ταῦτα
1550 800 1608 855 δὲ
1645 801 1825 855 πάντα

230 894 458 961 ἐνεργεῖ
488 892 556 945 τὸ
582 892 642 945 ἓν
665 892 760 944 καὶ
793 891 856 945 τὸ
880 890 1015 944 αὑτδ
1048 891 1292 962 Πνεῦμα.
1328 910 1347 943 ι
1372 889 1507 947 Εἶτα
1530 892 1693 947 πάλιν
1717 908 1823 961 φη-

233 978 317 1035 σὶν
347 984 441 1035 ὅτι
471 978 716 1053 Ζηλοῦτε
742 982 813 1036 τὰ
841 982 1156 1053 χαρίσματα
1198 983 1268 1037 τὰ
1294 983 1536 1054 μείζονα.
1564 978 1693 1055 ⁷Δρ’
1730 978 1824 1037 οῦν

230 1074 531 1144 διαφέρειν
566 1074 641 1137 ὡς
671 1074 811 1145 πρὸς
843 1075 1005 1127 ἑαυτὸ
1028 1074 1091 1127 τὸ
1122 1074 1348 1145 Πνεῦμα
1378 1074 1618 1143 ἐροῦσιν,
1658 1074 1693 1145 ἢ
1727 1074 1823 1142 οὑχ

228 1165 428 1235 ὅμοιον
458 1162 645 1234 ἑαυτῷ
685 1164 828 1217 κατὰ
855 1165 954 1236 τὴν
985 1165 1175 1220 οὐσίαν
1202 1160 1365 1231 εῖναι,
1397 1164 1585 1236 ἐπειδὴ
1626 1164 1825 1237 μικρὸν

235 1258 335 1325 μὲν
378 1258 443 1309 ὲν
485 1258 726 1327 μικροῖς,
756 1256 943 1327 μεῖζον
975 1256 1031 1309 δὲ
1057 1258 1117 1310 ὲν
1159 1254 1373 1327 μείζοσι
1412 1256 1696 1326 φαίνεται,
1723 1255 1824 1327 τὴν

232 1348 345 1401 τῶν
372 1348 690 1418 δεχομένων
719 1347 837 1414 ἕξιν
868 1346 1146 1419 πληροῦν;
1180 1347 1320 1401 Ἀλλ’
1348 1346 1503 1420 οἶμαι
1534 1348 1611 1420 μὴ
1631 1330 1823 1401 τοσοῦί

232 1453 329 1488 τον
372 1435 486 1498 ἔξω
535 1433 747 1506 φρενῶν
788 1433 1044 1503 γενέσθαι
1088 1434 1240 1501 τινα,
1293 1435 1369 1500 ὡς
1412 1436 1679 1507 τολμῆσαι
1731 1437 1825 1490 καὶ

234 1526 405 1579 τοῦτο
435 1526 637 1579 εἰπεῖν.
675 1524 885 1579 Οὑκοῦν
923 1525 1024 1597 τῆς
1059 1526 1352 1596 ἀσωμάτου
1392 1526 1607 1597 φύσεως
1639 1529 1701 1581 οὑ
1735 1527 1823 1581 δε-

237 1616 489 1687 χομένης
518 1616 603 1684 ἐφ’
629 1616 830 1686 ἑαυτῆς
845 1616 916 1669 δι’
947 1615 1143 1687 ἑαυτὴν
1166 1616 1230 1669 τὸ
1258 1616 1445 1687 μεῖζον
1464 1618 1559 1671 καὶ
1581 1617 1822 1684 ἔλαττον,

236 1710 375 1762 ἆταν
403 1707 543 1779 λέγῃ
566 1704 800 1777 Χριστὸς
827 1702 1022 1760 ἑαυτοῦ
1047 1707 1140 1761 τὸν
1168 1704 1388 1778 Πατέρα
1410 1707 1652 1778 μείζονα,
1671 1705 1824 1762 ἔσται

1925 530 2068 597 quod
2107 546 2135 583 a
2172 529 2339 585 Paulo
2385 531 2639 588 alfertur:
2679 550 2699 584 ι
2743 534 2847 589 Alii
2887 538 3055 604 enim,
3089 539 3289 611 inquit,
3335 545 3494 602 datus

1925 630 2011 675 est
2044 634 2225 675 sermo
2270 622 2549 690 sapientia:
2573 638 2603 677 a
2628 624 2833 694 Spiritu
2861 644 2876 681 :
2910 627 3002 684 alii
3033 632 3206 701 gratia
3254 639 3492 692 curatio-

1926 725 2075 776 num,
2102 729 2120 762 ι
2157 711 2447 782 multisque
2475 713 2779 781 hujusmodi
2811 724 3271 794 commemoratis,
3292 726 3493 783 infert:

1931 798 2150 853 «Omnia
2169 813 2298 854 vero
2328 802 2441 856 hac
2463 813 2719 872 operatur
2738 814 2944 873 unusget
2969 810 3111 867 idem
3146 814 3450 886 Spiritus".
3467 835 3489 871 ι

1928 889 2131 944 Deinde
2152 905 2365 945 rursum
2397 890 2650 947 hortatur
2680 904 2741 950 ttt
2784 897 3017 965 majores
3032 904 3236 972 gratias
3290 922 3321 962 a
3380 908 3495 966 Deo

1926 988 2193 1050 petamus.
2232 979 2313 1034 An
2400 981 2563 1049 igitur
2620 981 2839 1039 differre
2891 984 3148 1057 Spiritum
3208 994 3262 1050 in
3317 998 3495 1069 seipso

1922 1069 2032 1141 85
2062 1070 2262 1135 dicent,
2290 1080 2383 1125 aut
2413 1072 2732 1128 dissimilem
2760 1075 2860 1130 sibi
2900 1078 2952 1133 in
2976 1083 3367 1155 essentiaesse,
3414 1091 3482 1144 ai-

1924 1161 2140 1230 quidem
2171 1176 2370 1231 parvus
2403 1162 2456 1216 in
2478 1163 2683 1231 parvis,
2708 1165 2881 1233 major
2914 1170 2965 1223 in
2992 1172 3288 1240 majoribus
3317 1192 3489 1251 appa-

1927 1262 2031 1318 ret,
2056 1254 2462 1322 suscipientium
2489 1254 2729 1311 habitum
2748 1258 3012 1330 implens?
3035 1265 3198 1337 Atqui
3221 1270 3493 1329 neminem

1926 1345 1999 1399 ita
2027 1353 2219 1400 emotae
2247 1346 2442 1401 mentis
2471 1346 2730 1413 arbitror,
2776 1360 2833 1404 ut
2897 1354 3000 1410 hoc
3040 1356 3222 1414 dicere
3265 1362 3486 1420 audeat.

1924 1437 2057 1492 Cum
2082 1436 2243 1507 igitur
2272 1438 2587 1509 incorporea
2618 1450 2810 1497 natura
2852 1458 2960 1500 non
2994 1448 3223 1519 recipiat
3243 1452 3295 1506 in
3320 1468 3379 1510 se
3399 1469 3498 1524 per

1926 1526 2162 1597 seipsam
2197 1529 2369 1600 magis
2401 1537 2494 1583 aut
2528 1532 2725 1600 minus,
2810 1536 3028 1604 quando
3068 1538 3319 1599 Christus
3364 1546 3496 1603 dicit

1924 1616 2140 1674 Patrem
2175 1620 2507 1690 semajorem
2537 1637 2679 1691 esse,
2710 1640 2891 1684 sermo
2916 1630 3006 1685 hic
3035 1630 3356 1693 humanitati
3380 1639 3499 1707 ejus

1926 1713 2201 1777 convenit,
2231 1728 2340 1768 non
2372 1728 2501 1770 vero
2546 1714 2787 1772 divinam
2820 1734 2976 1775 suam
3008 1727 3299 1783 essentiam
3329 1727 3494 1800 laedit,

240 1799 410 1853 πάλιν
435 1798 506 1869 τῇ
543 1797 928 1869 άνθρωπότητι
953 1797 1177 1866 πρέπων
1204 1798 1231 1849 ὁ
1255 1795 1437 1866 λόγος,
1465 1798 1528 1851 οὑ
1557 1798 1656 1868 τῆς
1675 1797 1825 1861 θείας

1937 1801 2083 1869 quasi
2108 1800 2334 1858 inferior
2358 1818 2422 1859 ac
2450 1805 2628 1862 minor
2655 1809 2727 1862 sit
2760 1823 2857 1865 suo
2874 1808 3149 1871 Genitore.

238 1890 434 1953 easta;
468 1888 637 1942 αὑτοῦ
668 1887 1053 1959 κατηγόρημα,
1080 1887 1156 1951 ὡς
1176 1888 1235 1941 ὲν
1265 1887 1513 1943 ἐλάττοσι
1540 1887 1821 1959 κειμένης.

240 1982 275 2053 ἦ
311 1983 375 2037 ἐν
400 1974 484 2044 οἷς
511 1980 657 2033 ἐστιν
684 1979 714 2031 δ
736 1979 1013 2051 Γεννήσας
1042 1978 1226 2035 αὑτόν.

487 2113 692 2179 ΑΛΛΟ,
716 2110 1153 2181 διηγηματικῶς
1177 2114 1265 2179 εις
1293 2113 1360 2167 τὸ
1377 2115 1592 2183 ῥητόν.

319 2249 488 2319 Λέγει
517 2265 622 2303 που
644 2248 899 2319 Χριστός·
931 2265 951 2299 t
980 2248 1040 2300 '0
1065 2247 1253 2320 Πατὴρ
1281 2249 1311 2301 ὁ
1342 2249 1567 2321 πέμψας
1591 2268 1679 2322 με,
1708 2250 1827 2321 μεί-

248 2346 361 2410 ζων
405 2341 512 2412 μού
555 2342 693 2394 ἐστι.
728 2358 747 2391 ι
810 2341 1094 2412 Μαρτυρεῖ
1119 2340 1176 2393 δὲ
1206 2340 1371 2395 πάλιν
1400 2344 1434 2413 ἡ
1469 2341 1591 2396 θεία
1636 2342 1826 2414 Γραφὴ

251 2437 382 2507 περὶ
405 2433 574 2487 αὑτοῦ
601 2433 681 2486 ὅτι
706 2452 722 2483 ι
744 2433 855 2502 υὺχ
884 2432 1173 2503 ἁρπαγμὸν
1196 2433 1441 2503 ἡγήσατο
1469 2433 1530 2486 τὸ
1564 2430 1704 2488 εἶναι
1735 2434 1827 2487 ῐσα

250 2527 391 2599 Θεῷ.
429 2545 453 2579 ι
486 2524 610 2587 Πῶς
638 2520 733 2577 οὖν
764 2522 917 2577 ἔσται
953 2525 1045 2576 καὶ
1071 2525 1206 2589 ἶσος,
1232 2524 1325 2577 καὶ
1355 2523 1575 2594 μείζονα
1602 2524 1713 2589 ἔξει
1735 2524 1828 2577 τὸν

251 2620 497 2690 Πατέρα,
549 2616 814 2687 ζητητέον
847 2614 1125 2686 ἀκριϐῶς·
1158 2615 1378 2669 ἐναντία
1420 2615 1530 2684 γάρ
1577 2614 1829 2687 ἀλληλοις

249 2714 321 2765 τὰ
372 2708 604 2765 τοιαῦτά
649 2710 819 2761 ἐστιν.
859 2708 1076 2777 Ἐπειδὴ
1123 2708 1185 2761 δὲ
1230 2706 1547 2778 δοκιμάζειν
1589 2708 1829 2772 εὐσεὸῶς

253 2804 550 2874 πρόκειται
580 2800 651 2853 τὰ
687 2798 849 2871 ῥητὰ,
880 2798 1003 2852 οὔτε
1034 2799 1096 2851 τὸ
1134 2799 1248 2852 ἴσον
1278 2798 1618 2870 ὲκὸαλοῦμεν
1647 2799 1737 2853 διὰ
1768 2801 1831 2853 τὸ

256 2895 463 2966 μεῖζον,
495 2893 623 2947 οὔτε
661 2893 768 2963 μὴν
791 2892 855 2945 τὸ
876 2892 1059 2963 μεῖζον
1088 2892 1177 2947 διὰ
1206 2892 1268 2945 τὸ
1300 2892 1411 2946 ἴσον
1439 2894 1825 2964 ἀναιρήσομεν·

255 2990 522 3060 κρατήσει
557 2986 603 3039 δ’
648 2986 935 3057 ἀμφότερα
983 2985 1218 3056 θεωρίας
1246 2985 1484 3049 εὑσεδῶς
1515 2984 1831 3056 εἰσφερομέ-

2167 2100 2395 2170 ALIUD,
2420 2106 2733 2173 explicatius
2773 2110 2828 2164 in
2857 2113 3057 2169 dictum
3090 2116 3243 2174 illud.

1998 2238 2244 2295 Christus
2277 2240 2471 2297 alicubi
2517 2243 2631 2298 ait:
2676 2262 2695 2296 ι
2723 2244 2886 2301 Pater
2912 2249 3002 2319 qui
3030 2252 3177 2309 misit
3200 2270 3305 2321 me,
3329 2259 3500 2330 major

1931 2344 2014 2384 me
2046 2339 2128 2385 est
2160 2331 2224 2385 ¹⁹.
2270 2351 2286 2383 ι
2317 2331 2505 2387 Divina
2532 2334 2693 2390 etiam
2734 2335 3013 2407 Scriptura
3051 2342 3154 2398 hoc
3209 2348 3275 2401 de
3324 2365 3390 2405 eo
3416 2362 3498 2405 te-

1929 2431 2125 2489 statur,
2160 2425 2299 2492 quod
2337 2442 2355 2475 t
2394 2423 2511 2479 Non
2557 2428 2800 2497 rapinam
2846 2429 3139 2487 arbitratus
3175 2446 3257 2490 est
3295 2454 3353 2493 se
3379 2455 3502 2495 esse

1930 2511 2189 2581 aequalem
2225 2512 2334 2569 Deo
2366 2514 2432 2568 ⁸⁸.
2467 2532 2484 2566 ι
2514 2515 2761 2581 Quonam
2796 2520 2959 2588 igitur
2983 2532 3140 2591 pacto
3176 2524 3384 2584 iuturus
3432 2532 3503 2586 su

1930 2602 2171 2670 aequalis,
2211 2613 2266 2659 et
2288 2605 2547 2675 majorem
2578 2622 2638 2663 se
2671 2610 2956 2667 habiturus
2980 2613 3217 2685 Patrem,
3249 2633 3502 2679 accurate

1932 2693 2088 2747 nobis
2119 2694 2495 2764 inquirendum
2519 2707 2604 2753 est
2642 2717 2655 2753 :
2704 2716 2945 2772 pugnare
2989 2707 3136 2760 enim
3192 2710 3305 2767 haec
3357 2711 3504 2769 inter

1931 2799 1990 2838 se
2028 2784 2294 2842 videntur.
2316 2787 2446 2842 Cum
2483 2801 2661 2844 autem
2690 2794 2846 2848 nobis
2897 2799 3232 2867 propositum
3294 2805 3370 2858 sit
3414 2807 3501 2874 pie

1934 2878 2047 2931 haec
2068 2877 2207 2932 dicta
2242 2880 2574 2947 examinare,
2602 2898 2777 2953 neque
2800 2887 3109 2955 aequalitate
3142 2906 3264 2947 cum
3315 2895 3503 2964 priva-

1932 2967 2131 3033 bituus,
2159 2968 2396 3047 eoquod
2447 2970 2622 3040 major
2653 2973 2725 3029 sit
2746 2973 2939 3043 Pater;
2975 2994 3149 3048 neque
3186 2998 3369 3040 rursus
3395 3002 3503 3043 ma-

256 3057 358 3150 νης
385 3057 470 3132 ἐπ’
502 3079 705 3142 αὑτοῖς.
730 3076 939 3132 Οὐκοῦν
969 3075 1116 3147 ἁπλῆ
1143 3093 1227 3141 τις
1249 3072 1384 3130 οῦσα
1413 3077 1508 3130 καὶ
1536 3076 1831 3139 άσὺνθετος

1937 3057 2099 3123 iorem
2132 3071 2251 3114 esse
2271 3057 2489 3115 Patrem
2531 3063 2846 3133 negabimus
2866 3067 2936 3123 ob
2964 3071 3325 3140 aequalitatem
3356 3076 3501 3137 Filii.

259 3134 435 3239 ait};
478 3134 734 3238 Bedente;
778 3165 975 3236 φύσις,
1024 3134 1124 3220 οὐκ
1158 3134 1225 3222 ἂν
1273 3167 1483 3239 ἐτμήθη
1532 3168 1663 3221 ποτὲ
1712 3134 1832 3231 ταῖς

1939 3149 2236 3221 Utrumque
2256 3151 2399 3239 enim
2432 3152 2609 3208 locum
2638 3154 2937 3225 habebit,si
2955 3134 3127 3230 ea‘pie
3156 3134 3503 3238 considerare

261 3259 534 3321 ὶπινοίαις
566 3258 645 3321 εις
678 3256 844 3312 δυάδα
875 3256 1091 3326 Πατρδς
1131 3256 1228 3311 καὶ
1251 3255 1405 3322 Υίοῦ,
1436 3257 1486 3309 εί
1522 3259 1597 3329 μή
1626 3274 1709 3320 τις
1741 3256 1827 3309 εὑ-

264 3349 426 3401 δόκει
450 3347 762 3417 προκεῖσθαι
790 3346 1046 3419 διαφορὰ,
1076 3348 1138 3400 οὑ
1165 3347 1304 3402 κατά
1330 3348 1428 3420 τὴν
1449 3349 1639 3404 οὑσίαν
1665 3352 1831 3421 φημὶ,

262 3438 396 3493 ἀλλ’
425 3437 623 3503 ἔξωθεν
650 3438 1019 3511 ιπινοουμένη,
1059 3438 1128 3492 δι’
1170 3434 1239 3511 ἧς
1274 3439 1335 3493 τὸ
1362 3440 1624 3510 ἐκατέρου
1664 3441 1832 3510 πρόσ-

269 3546 426 3583 ωπον
456 3529 763 3600 εἰσφέρεται
795 3530 854 3583 ὲν
895 3528 1168 3603 ίδιαζοὺσῃ
1196 3530 1295 3601 μὲν
1318 3530 1614 3583 ὑποστάσει
1646 3530 1836 3599 κείμε-

270 3640 377 3687 νον,
411 3625 493 3687 είς
520 3623 745 3693 ἑνότητα
767 3622 826 3676 δὲ
858 3621 1112 3693 θεότητος
1140 3621 1229 3675 διὰ
1255 3620 1579 3690 ταυτότητος
1600 3619 1837 3689 φυσικῆς

272 3717 659 3787 σφιγγόμενον,
691 3715 780 3769 ἵνα
814 3715 888 3786 μή
914 3731 997 3777 τις
1023 3712 1285 3784 άνάχυσις
1309 3710 1403 3766 καὶ
1436 3710 1598 3763 οἱονεὶ
1627 3710 1838 3782 φυρμδς

272 3809 491 3879 γένηται
514 3806 728 3877 Πατρδς
750 3806 844 3859 καὶ
870 3803 1024 3867 Υἱοῦ,
1048 3804 1128 3867 είς
1160 3802 1327 3874 μόνην
1355 3801 1515 3855 ἐνάδα
1538 3800 1839 3873 τρεχούσης

272 3900 369 3970 τῆς
398 3900 752 3962 ὑποστάσεως
772 3937 787 3963 ,
836 3897 934 3968 τῆς
968 3894 1168 3966 πολλῆς
1217 3894 1339 3950 λίαν
1386 3893 1704 3965 ὁμοιότητος
1740 3891 1841 3945 οὐκ

274 3990 446 4062 ἐώσης
491 3987 782 4059 φαίνεσθαι
826 3987 1023 4041 δυάδα·
1067 3987 1142 4051 ὡς
1189 3984 1443 4039 ἐντεῦθεν
1484 3985 1587 4055 ήδη
1623 3981 1842 4037 καὶτὸν

274 4081 429 4134 αὑτὸν
463 4079 687 4150 Πατέρα
727 4079 824 4133 καὶ
857 4079 983 4132 Υίὸν
1014 4076 1361 4131 ὑπονοεῖσθαι
1404 4077 1559 4146 παρὰ
1591 4092 1731 4128 τισιν
1761 4075 1842 4136 εἰς

275 4174 437 4229 δυάδα
492 4172 801 4245 μηδαμόθεν
844 4171 1261 4244 χωριζομένους.
1305 4170 1522 4239 Ἐπειδὴ
1571 4168 1627 4221 δὲ
1675 4168 1841 4239 ἐχρῆν

277 4263 469 4317 nam
507 4262 605 4314 καὶ
635 4261 734 4331 τὴν
760 4262 1099 4331 γεννήσασαν
1124 4258 1289 4327 φύσιν
1321 4259 1413 4311 καὶ
1445 4258 1545 4328 τὴν
1568 4257 1845 4327 γεννηθεῖη

1937 3236 2344 3313 intelligereque
2395 3244 2640 3301 velimus.
2675 3247 2913 3320 Simplex
2942 3253 3122 3322 itaque
3142 3266 3194 3311 et
3216 3273 3320 3314 non
3357 3236 3505 3318 com-

1936 3336 2107 3404 posita
2139 3335 2354 3392 deitatis
2384 3348 2575 3393 natura
2617 3354 2893 3410 nunquam
2942 3344 2995 3399 in
3028 3346 3351 3405 dualitatem
3408 3353 3505 3409 Pa-

1938 3426 2034 3480 tris
2060 3434 2116 3480 et
2170 3424 2286 3482 Filii
2310 3438 2456 3483 secta
2481 3428 2691 3497 luisset,
2734 3431 2834 3488 nisi
2863 3434 3011 3504 prius
3043 3437 3219 3507 aliqua
3255 3442 3506 3500 diﬂcren-

1940 3518 2009 3571 tia
2043 3516 2208 3571 fuisse
2246 3519 2359 3573 visa
2400 3529 2564 3587 esset,
2601 3537 2705 3577 non
2736 3526 3029 3581 secundum
3067 3532 3376 3599 essentiam,
3410 3541 3506 3593 sed

1936 3605 2277 3662 extrinsecus
2302 3608 2599 3675 intellecta,
2634 3626 2732 3681 per
2758 3631 2919 3684 quam
2953 3618 3237 3689 utriusque
3277 3639 3507 3691 persona

1941 3697 2216 3752 inducitur
2235 3700 2496 3767 peculiari
2522 3703 2740 3770 quidem
2775 3708 3048 3778 hypostasi
3109 3721 3384 3781 constans,
3415 3720 3510 3773 sed

1941 3789 1994 3842 in
2021 3788 2281 3843 unitatem
2323 3790 2626 3846 divinitatis
2665 3808 2762 3862 per
2814 3800 3116 3854 naturalem
3170 3804 3510 3861 identitatem

1942 3879 2261 3944 constricta;
2294 3893 2360 3933 ne
2385 3878 2561 3947 aliqua
2590 3882 2835 3937 conlusio
2887 3885 2978 3940 ﬁat
3034 3888 3212 3945 Patris
3270 3903 3325 3946 et
3366 3894 3509 3961 Filii,

1942 3980 2296 4026 concurrente
2328 3972 2381 4025 in
2412 3973 2862 4029 solam‘uuitatetu
2887 3976 3189 4047 hypostasi,
3213 3996 3333 4035 cum
3360 3998 3512 4055 mag»

1946 4079 2012 4117 na
2042 4063 2330 4131 quaeinter
2382 4080 2477 4119 eos
2524 4065 2814 4123 intercedit
2863 4070 3160 4137 similitudo
3199 4074 3510 4130 dualitatem

1946 4169 2206 4223 apparere
2233 4171 2335 4209 non
2366 4156 2550 4211 sinat:
2591 4159 2725 4215 adeo
2775 4169 2833 4215 ut
2886 4161 3012 4218 hinc
3066 4165 3309 4221 nonnulli
3363 4167 3511 4223 inter

1948 4244 2159 4300 Patrem
2186 4256 2241 4299 et
2271 4243 2463 4300 Filium
2500 4248 2698 4303 nullam
2720 4251 2880 4320 plane
2943 4255 3257 4311 dualitatem
3317 4261 3517 4315 consti-

280 4369 374 4407 σαν
397 4352 458 4419 ἑξ
488 4352 678 4422 αὑτῆς,
708 4350 950 4405 τέθεικεν
982 4353 1016 4422 ὴ
1044 4350 1162 4403 θεία
1192 4348 1383 4419 Γραφὴ
1419 4348 1480 4400 τὸ
1511 4346 1607 4400 τοῦ
1632 4345 1832 4416 Πατρὺς

1950 4336 2169 4389 tuerint.
2184 4335 2315 4390 Cum
2346 4350 2475 4419 vero
2495 4348 2773 4407 oporteret
2796 4350 2852 4395 et
2870 4356 3219 4411 generantetu
3243 4357 3513 4409 naturam.

280 4446 446 4516 ὄνομα
484 4443 667 4498 καὶτὸ
696 4441 791 4494 τοῦ
834 4439 985 4504 Υίοῦ,
1031 4440 1115 4494 ἵνα
1146 4438 1261 4508 φῶς
1306 4441 1371 4493 ὲκ
1405 4441 1579 4508 φωτὸς
1619 4436 1832 4507 νοῆται,

1949 4438 2004 4482 et
2030 4443 2149 4483 eam
2176 4443 2296 4497 qua:
2323 4443 2389 4485 ex
2407 4443 2469 4484 ea
2505 4430 2683 4500 genita
2709 4441 2794 4486 est
2820 4449 3166 4503 cognoscere,
3191 4453 3341 4493 sacra
3371 4436 3519 4494 Scri-

282 4539 371 4591 καὶ
405 4537 669 4607 ἑκάτερον
697 4535 754 4587 ὲν
790 4533 895 4604 ἰδία
931 4531 1229 4585 ὑποστάσει
1272 4530 1587 4600 σωζομένης
1617 4527 1704 4582 ἐπ’
1739 4528 1846 4598 άμ-

282 4633 397 4698 φοῖν
435 4628 537 4698 τῆς
571 4626 898 4697 ταυτότητος
926 4624 1057 4696 πρὸς
1092 4624 1181 4677 τδν
1207 4623 1411 4693 ἕτερον.
1452 4619 1847 4675 Ἀκολουθοῦσα

281 4720 335 4774 δὲ
370 4718 529 4773 πάλιν
558 4721 626 4789 τῇ
656 4718 778 4772 καθ’
809 4718 954 4788 ἡμᾶς
1002 4714 1292 4786 συνηθείᾳ,
1334 4714 1396 4767 τὸ
1446 4710 1672 4784 μείζονα
1704 4712 1835 4766 άπο-

282 4808 458 4862 δίδωσι
490 4807 567 4879 τῷ
613 4806 812 4878 Πατρὶ,
849 4805 936 4859 ἵνα
966 4804 1300 4874 πανταχόθεν
1344 4805 1377 4874 ἡ
1412 4801 1543 4866 δυὰς
1568 4801 1664 4856 καὶ
1691 4801 1752 4855 τὸ
1785 4800 1847 4864 ἑξ

282 4894 343 4952 οὗ
371 4899 705 4970 σημαίνηται
729 4914 739 4925 ·
772 4899 1182 4968 προσμαρτυρεῖ
1204 4895 1341 4948 δὲτὸ
1369 4894 1503 4959 ῐσον,
1534 4892 1621 4946 ἵνα
1657 4893 1730 4963 μή
1761 4907 1845 4952 τις

283 4993 409 5061 περὶ
435 4991 534 5061 τὴν
556 4988 748 5044 οὐσίαν
773 4988 1098 5059 ἀνομοιότης
1120 4989 1307 5056 νοῆται
1327 4985 1541 5056 [ἰατρὸς
1571 4983 1665 5039 καὶ
1692 4979 1845 5035 Υίοῦ.

287 5083 425 5147 Ἴσος
452 5081 737 5151 τοιγαροῦν
766 5080 908 5134 κατά
937 5079 1028 5133 τὸν
1058 5078 1155 5149 τῆς
1180 5078 1368 5139 οὐσίας
1400 5076 1556 5145 λόγον
1588 5074 1850 5143 ὑπάρχων

281 5177 311 5228 ό
342 5174 465 5237 Υἱὸς
498 5172 574 5242 τῷ
603 5172 779 5243 Πατρὶ
830 5172 926 5224 καὶ
972 5170 1156 5241 ὅμοιος
1197 5168 1338 5223 κατὰ
1379 5168 1579 5229 πάντα,
1631 5165 1852 5237 μείζονα

1952 4528 2109 4589 ptura
2172 4519 2347 4575 Patris
2384 4530 2438 4575 et
2465 4519 2584 4574 Filii
2616 4523 2833 4577 nomina
2898 4527 3194 4593 constituit,
3230 4540 3286 4583 ut
3340 4529 3518 4584 lumen

1953 4625 2016 4666 ex
2055 4611 2256 4666 lumine
2301 4612 2712 4682 intelligeretur,
2737 4616 2953 4683 utrique
2982 4618 3256 4687 propriam
3282 4633 3434 4673 suam
3456 4634 3519 4673 ac

1953 4702 2278 4774 peculiarem
2313 4703 2645 4774 hypostasim
2697 4705 2959 4772 tribuens,
3000 4717 3211 4762 servata
3255 4718 3433 4763 tamen
3467 4711 3521 4763 in

1954 4801 2185 4861 utroque
2214 4794 2751 4850 naturaeidentitate.
2794 4794 3002 4852 Nostra:
3055 4811 3182 4850 vero
3223 4806 3521 4854 consuetu-

1956 4884 2065 4938 dini
2090 4898 2209 4939 sese
2236 4887 2669 4954 accommodans,
2702 4886 2847 4942 Patri
2874 4888 2975 4942 hoc
3006 4886 3188 4942 tribuit
3239 4896 3299 4942 ut
3352 4888 3525 4958 major

1954 4977 2059 5030 sit:
2089 4985 2148 5030 ut
2176 4970 2430 5031 nimirum
2483 4978 2841 5048 undequaque
2896 4979 3127 5033 dualitas
3170 4992 3525 5048 personarum

1955 5070 2225 5139 gignentia
2252 5079 2307 5124 et
2328 5071 2521 5140 genitae
2555 5070 2906 5140 signiﬁcetur;
2940 5071 3127 5125 tribuit
3149 5082 3330 5127 autem
3356 5088 3529 5141 aequa-

1956 5162 2186 5229 litatem,
2214 5177 2281 5218 ne
2310 5162 2487 5233 aliqua
2517 5162 2694 5218 Patris
2726 5178 2756 5217 a
2794 5162 2931 5218 Filio
2956 5165 3205 5218 essentia:
3254 5163 3531 5218 dissimili-

285 5265 445 5319 αὑτόν
474 5281 641 5335 φησιν
690 5263 765 5326 ὼς
808 5261 1060 5334 ἄναρχον,
1103 5261 1241 5331 ἔχων
1282 5259 1456 5330 ἀρχὴν
1502 5258 1642 5311 κατὰ
1694 5257 1832 5328 μόνοπ

1960 5253 2455 5325 tudointelligatur.
2492 5252 2735 5325 Equalis
2778 5254 2961 5324 itaque
3015 5255 3267 5311 essentiae
3321 5254 3533 5309 ratione

282 5356 343 5410 τδ
367 5356 426 5422 ἐξ
456 5352 540 5421 οῦ,
589 5358 638 5409 εί
668 5355 760 5408 καὶ
796 5354 1094 5425 σύνδρομον
1126 5350 1276 5423 αὑτῷ
1306 5350 1403 5423 τὴν
1437 5347 1671 5420 ὓπαρξιν
1720 5346 1851 5418 ἔχει.

1960 5344 2229 5401 assistens
2254 5360 2377 5400 cum
2439 5343 2601 5401 Patre
2651 5344 2839 5421 Filius,
2873 5344 3173 5417 similisque
3203 5359 3299 5414 per
3323 5344 3528 5408 omnia,

286 5456 540 5524 majorem
562 5453 714 5508 illum
734 5460 909 5517 vocat,
943 5460 1196 5519 tanquam
1249 5447 1516 5519 principio
1546 5454 1843 5507 carentem,
1881 5441 1995 5513 86
2039 5442 2154 5510 ipse
2185 5440 2508 5513 principium
2569 5440 2771 5498 habena
2798 5454 2863 5496 ea
2903 5449 3111 5497 tantum
3151 5439 3357 5496 ratione
3387 5439 3530 5509 quod

281 5568 341 5606 ex
370 5550 528 5605 Patre
579 5558 685 5613 est,
722 5547 932 5602 tametsi
986 5545 1314 5601 exsistentiae
1383 5542 1593 5598 ratione
1655 5554 1775 5593 cum
1825 5552 1889 5591 eo
1928 5536 2233 5592 conveniat.

350 5731 394 5762 “
424 5729 442 5784 ι
467 5728 597 5785 Cor.
631 5741 729 5793 att,
764 5726 850 5793 l0,
889 5725 974 5781 ll.
1053 5725 1095 5757 ι’
1128 5720 1283 5779 Joan.
1324 5735 1432 5787 xiv,
1460 5720 1551 5777 28.
1630 5719 1675 5751 ²⁰
1704 5714 1935 5787 Philipp.
1973 5730 2029 5780 ιι,
2065 5716 2117 5772 6.
