4032 6212
459 347 564 402 M3

1142 444 1373 500 ALIUD.

525 568 656 634 Quae
687 550 930 632 ejusdem
966 558 1286 615 substantia:
1317 562 1442 611 sunt
1476 561 1529 607 et
1586 562 1816 615 naturae,
1865 550 2039 618 magis

454 660 621 712 etiam
662 653 880 726 proprie
907 652 1052 706 inter
1082 663 1141 704 se
1175 646 1410 728 conferri
1441 652 1697 712 possunt;
1731 658 1850 711 qua:
1912 655 2040 696 vero

458 750 531 802 ita
561 761 682 802 sese
708 760 817 801 non
852 744 1074 805 habent,
1101 740 1194 794 sed
1218 737 1449 790 diversa:
1479 743 1690 787 natura:
1711 742 1857 792 sunt.
1878 743 2040 800 atque

454 854 518 894 ea
555 840 621 894 de
650 849 815 893 causa
841 833 1161 889 diversitate
1191 824 1433 896 quadam
1467 825 1610 878 inter
1644 838 1704 879 se
1761 823 2038 889 distincta,

457 928 760 1000 comparari
809 923 914 980 sibi
953 920 1184 977 invicem
1237 931 1343 971 non
1381 924 1631 985 possunt.
1683 913 1868 981 Neque
1893 913 2039 968 enim

458 1024 747 1090 quisquam
771 1017 873 1071 nisi
897 1011 1086 1083 judicii
1114 1011 1294 1079 inops,
1321 1006 1556 1062 hominis
1588 1015 1837 1059 naturam
1863 1003 2043 1073 inqui-

459 1128 584 1168 rens
611 1113 774 1173 dicat,
807 1108 998 1162 bovem
1024 1103 1245 1159 homine
1272 1099 1541 1169 majorem
1571 1111 1715 1160 esse,
1757 1104 1848 1150 aut
1878 1095 2042 1149 vicis-

457 1205 559 1258 sim
575 1202 726 1257 bovis
745 1207 995 1252 naturam
1041 1207 1202 1251 nosse
1230 1191 1442 1253 volens,
1473 1189 1616 1243 dicat
1644 1186 1920 1242 hominem
1969 1201 2036 1241 eo

459 1295 717 1361 majorem
747 1304 887 1344 esse.
937 1287 1066 1354 Quae
1109 1284 1253 1340 enim
1285 1280 1526 1352 ejusdem
1559 1289 1770 1334 natura:
1811 1293 1876 1332 ac
1916 1292 2041 1347 spe-

457 1385 558 1439 ciei
587 1392 732 1446 sunt,
761 1391 819 1435 ut
847 1380 1048 1434 dictum
1076 1384 1180 1440 est,
1215 1388 1276 1428 ea
1303 1372 1588 1427 commode
1623 1380 1858 1439 apteque
1902 1369 2045 1423 inter

457 1491 516 1531 se
535 1474 911 1532 conferuntur.
949 1470 1006 1526 Si
1049 1469 1233 1536 itaque
1261 1465 1564 1528 confertur,
1588 1464 1883 1518 secundum
1927 1478 2044 1525 vos,

459 1567 629 1622 Filius
653 1581 774 1620 cum
797 1563 976 1627 Patre,
1013 1561 1224 1615 ratione
1257 1555 1480 1626 majoris
1513 1563 1568 1610 et
1621 1555 1870 1618 minoris,
1911 1569 2046 1608 ροη-

457 1655 832 1713 substantialis
859 1662 1011 1709 certe
1034 1665 1211 1721 neque
1244 1649 1497 1703 diversus
1525 1647 1592 1700 ab
1621 1660 1686 1700 eo
1744 1646 1872 1700 erit.
1902 1646 2046 1699 Con-

457 1744 808 1804 substantiale
839 1755 1018 1797 autem
1051 1757 1157 1794 non
1195 1747 1373 1809 potest
1437 1735 1894 1792 consubstantiali
1936 1752 2046 1788 ma-

1451 324 1507 378 S.
1551 319 1828 378 CYBILLI
1869 313 2341 372 ALEXANDRINI
2382 311 2704 369 ARCHIEP.

3628 310 3730 364 ΗΔ

2830 429 3036 484 ΑΔΔΟ.

2213 546 2296 598 Τὰ
2325 545 2424 614 τῆς
2464 543 2634 614 αὐτῆς
2678 543 2866 606 οὐσίας
2908 540 3038 593 ὄντα
3090 540 3182 591 καὶ
3232 537 3448 606 φύσεως
3491 538 3584 591 καὶ
3630 539 3729 610 τὴν

2144 638 2282 708 πρὸς
2312 637 2517 706 ἄλληλα
2565 636 2855 707 σύγκρισιν
2886 631 3228 704 κυριωτέραν
3275 631 3616 701 ὲπιδέχεται’
3662 635 3730 686 τὰ

2139 729 2196 783 δὲ
2231 729 2305 800 μὴ
2328 728 2499 792 οὕτως
2529 727 2742 799 ἔχοντα,
2774 723 3043 797 ὲτεροφυῆ
3067 723 3123 776 δὲ
3146 723 3297 788 ὄντα,
3320 722 3415 776 καὶ
3447 723 3533 776 διὰ
3571 723 3732 776 τοῦτο

2140 822 2452 892 τεμνόμενα
2508 821 2642 892 πρὸς
2699 817 3124 889 ἀλλοτριότητα,
3181 816 3282 868 οὐκ
3340 814 3408 869 ἂν
3477 815 3731 888 ἀλλήλοις

2148 914 2530 985 συγκρίνοιτο·
2561 912 2887 968 ἀπαιδευσία
2923 910 3031 981 γὰρ
3064 908 3222 962 τοῦτό
3265 925 3350 978 γε.
3397 909 3473 961 Οὐ
3504 909 3614 980 γὰρ
3665 909 3734 963 ἄν

2143 1020 2229 1067 τις
2258 1003 2402 1056 εἴποι
2426 1003 2550 1057 νοῦν
2583 1003 2741 1072 ἔχων,
2770 1001 2993 1071 μείζονα
3015 999 3110 1052 τοῦ
3135 998 3425 1068 ανθρώπου
3461 1000 3554 1052 τὸν
3579 998 3731 1069 βοῦν,

2150 1094 2252 1166 τὴν
2281 1094 2572 1164 ἀνθρώπου
2596 1093 2758 1162 φύσιν
2788 1092 3022 1163 ἐρευνῶν
3041 1107 3057 1124 ο
3091 1091 3200 1143 οὐδ’
3230 1086 3297 1144 αὖ
3333 1090 3495 1144 πάλιν
3514 1092 3616 1162 τὴν
3637 1093 3733 1146 τοῦ

2153 1186 2272 1257 βοὸς
2299 1187 2563 1257 ἐκμαθεῖν
2595 1185 2856 1256 βούλοιτο,
2877 1183 3100 1255 μείζονα
3114 1183 3307 1237 τούτου
3333 1183 3423 1236 τὸν
3445 1184 3733 1256 ἄνθρωπον

2144 1282 2313 1350 λέγοι.
2347 1280 2429 1334 Τὰ
2458 1280 2570 1350 γὰρ
2605 1281 2818 1350 ὁμοφυῆ
2851 1295 2911 1330 τε
2942 1277 3036 1329 καὶ
3066 1275 3288 1346 ὁμοειδῆ
3315 1314 3330 1338 ,
3372 1275 3626 1348 καθάπερ
3657 1277 3734 1330 εἰ·

2149 1387 2335 1442 ρηται,
2369 1369 2469 1441 τὴν
2499 1369 2635 1440 πρὸς
2662 1367 2868 1437 ἄλληλα
2897 1364 3188 1436 σύγκρισιν
3221 1364 3517 1418 ἀκόλουθόν
3542 1383 3601 1418 τε
3637 1368 3734 1418 καὶ

2150 1462 2468 1532 πρέπουσαν
2497 1461 2632 1531 ἔχει.
2663 1460 2726 1512 Εἰ
2765 1459 2946 1511 τοίνυν
2978 1458 3364 1529 συγκρίνεται,
3401 1459 3524 1512 καθ’
3562 1459 3733 1529 ὑμᾶς,

2146 1555 2174 1606 6
2201 1555 2328 1617 Υἱὸς
2355 1554 2432 1625 τῷ
2464 1554 2639 1624 Πατρὶ
2668 1552 2809 1605 κατὰ
2837 1550 2898 1604 τὸ
2935 1548 3119 1621 μεῖζον
3145 1551 3240 1605 καὶ
3275 1551 3516 1616 ἔλαττον,
3539 1553 3739 1622 όμοού-

2151 1667 2265 1712 σιος
2303 1649 2413 1720 ἄρα
2445 1649 2537 1702 καὶ
2560 1649 2660 1701 οὐκ
2690 1647 2971 1718 ἀλλότριος
3000 1643 3165 1700 αὐτοῦ
3201 1646 3369 1698 ἐστιν.
3416 1645 3735 1716 Ὀμοούσιον

2150 1737 2208 1790 δὲ
2235 1736 2524 1806 όμοουσίου
2553 1737 2653 1788 οὐκ
2683 1733 2749 1787 ἂν
2776 1736 2987 1803 γένοιτο
3019 1734 3201 1805 μεῖζον
3224 1734 3317 1786 καὶ
3348 1733 3568 1787 ἔλαττον
3594 1735 3737 1786 κατὰ

452 1839 540 1903 jus
565 1844 655 1888 aut
675 1835 854 1888 minus
891 1847 1014 1887 esse
1041 1831 1251 1886 ratione
1273 1827 1596 1884 substantia:
1633 1843 1649 1882 :
1696 1843 1872 1896 neque
1901 1828 2044 1880 enim

2153 1830 2242 1882 τὸν
2274 1830 2373 1899 τῆς
2405 1828 2593 1890 οὐσίας
2622 1828 2774 1896 λόγον
2806 1845 2818 1856 ·
2849 1828 2908 1880 οὐ
2943 1826 3050 1897 γὰρ
3079 1825 3281 1896 μείζων
3309 1827 3596 1896 ἄνθρωπος
3637 1829 3734 1880 ἀνι

459 1931 622 1983 homo
653 1927 870 1981 homine
900 1924 1074 1994 major
1099 1933 1204 1986 est,
1231 1931 1503 1990 quatenus
1539 1921 1696 1976 homo
1720 1931 1821 1976 est.
1848 1920 2048 1989 [Equa-

458 2020 525 2075 lis
558 2019 723 2089 igitur
752 2025 835 2072 est
865 2027 917 2069 et
943 2014 1425 2070 consubstantialis
1491 2011 1635 2064 Patri
1709 2011 1915 2076 Filius;
1963 2029 2048 2064 ra-

459 2113 605 2168 tione
630 2126 759 2166 vero
787 2107 1178 2165 incarnationis
1211 2105 1485 2160 credimus
1516 2102 1729 2156 Patrem
1762 2102 2030 2169 majorem

457 2221 488 2259 a
520 2203 656 2259 Filio
686 2213 962 2257 vocatum.
977 2199 1208 2266 Quando
1223 2197 1370 2252 enim
1392 2195 1784 2250 humanitatem
1802 2211 2048 2268 assump-

458 2297 552 2362 sit,
583 2303 698 2350 tum
730 2292 891 2349 etiam
929 2300 988 2344 ut
1017 2291 1178 2344 homo
1209 2289 1312 2342 hoc
1348 2287 1510 2342 dixit.

1133 2400 1366 2457 ALIUD.

525 2518 873 2589 Quaecunque
901 2515 1118 2586 proprie
1157 2516 1623 2583 comparationem
1653 2511 1795 2567 inter
1853 2525 1912 2566 se
1954 2511 2049 2565 ad-

460 2613 706 2676 mittunt,
736 2607 1226 2665 consubstantialia
1254 2606 1420 2660 etiam
1474 2618 1598 2660 sunt
1633 2622 1646 2657 :
1697 2605 1857 2659 homo
1900 2604 2048 2658 enim

463 2703 690 2768 homini,
731 2712 785 2757 et
811 2715 990 2770 equus
1017 2713 1158 2768 equo
1193 2696 1495 2752 confertur.
1548 2695 1864 2749 Dill‘erentia
1922 2710 2050 2749 vero

460 2796 644 2866 quaain
677 2795 742 2848 iis
772 2803 993 2862 estquae
1017 2789 1258 2857 ejusdem
1286 2787 1484 2857 speciei
1514 2796 1662 2851 sunt,
1705 2786 1762 2840 in
1793 2785 2050 2840 acciden-

462 2885 607 2939 tibus
641 2882 932 2949 consistit;
980 2891 1143 2948 atque
1191 2878 1324 2945 haec,
1366 2888 1423 2930 ut
1454 2875 1771 2946 plurimum,
1822 2890 1886 2929 ex
1927 2890 2052 2945 pas-

463 2977 638 3038 sione,
659 2982 755 3027 aut
783 2972 887 3026 alia
923 2971 1179 3039 quapiam
1215 2984 1375 3022 causa
1402 2968 1556 3029 ﬁunt,
1594 2984 1700 3022 non
1738 2968 1792 3022 in
1843 2968 2052 3022 ratione

463 3061 784 3119 substantiae
813 3062 918 3116 sita
950 3070 1096 3126 sunt,
1124 3061 1192 3113 de
1216 3074 1322 3128 qua
1357 3061 1685 3127 przedicetur
1705 3060 1920 3129 aliquod
1956 3075 2051 3116 ac-

2151 1920 2396 1989 θρώπου,
2430 1919 2565 1974 καθὸ
2596 1919 2904 1991 ἄνθρωπος.
2943 1921 3086 1982 Ἴσος
3120 1919 3226 1990 ἄρα
3253 1918 3331 1990 τῷ
3363 1919 3538 1992 Πατρὶ
3578 1921 3676 1973 καὶ
3708 1922 3736 1972 6

2150 2014 2278 2076 Υἱὸς
2329 2013 2425 2066 καὶ
2468 2011 2790 2082 ὁμοούσιος⁶
2838 2011 3197 2083 οἰκονομικῶς
3243 2012 3300 2065 δὲ
3353 2012 3600 2082 είρῆσθαι
3650 2030 3736 2064 πι-

2155 2105 2424 2175 στεύομεν
2459 2106 2553 2159 ἐπὶ
2587 2103 2683 2157 τοῦ
2733 2105 2947 2176 Πατρδς
2988 2107 3048 2158 τὸ
3091 2103 3295 2174 μεῖζον.
3324 2104 3451 2157 Ὅτε
3498 2104 3608 2176 γὰρ
3646 2106 3733 2159 ὲν-

2155 2197 2528 2268 ανθρωπήσας
2561 2197 2844 2266 φαίνεται,
2879 2198 3002 2248 τότε
3037 2198 3131 2249 καὶ
3162 2194 3318 2250 τοῦτό
3345 2212 3510 2267 φησιν
3533 2196 3608 2260 ὡς
3638 2197 3733 2254 ἇν-

2151 2286 2179 2338 θ
2190 2303 2390 2355 ρωπος.

2824 2403 3008 2455 ΑΛΛΟ

2224 2515 2365 2567 Ὅσα
2424 2514 2523 2584 τὴν
2576 2515 2713 2583 πρὸς
2765 2516 2968 2585 ἄλληλα
3018 2515 3308 2585 σύγκρισιν
3356 2517 3562 2587 κυρίως
3623 2519 3740 2570 ἐπι-

2150 2605 2388 2675 δέχεται,
2421 2606 2595 2659 ταῦτα
2626 2606 2847 2668 πάντως
2875 2608 2991 2660 ἐστὶ
3012 2608 3106 2659 καὶ
3130 2608 3395 2677 ὁμοούσια
3413 2625 3427 2639 ο
3449 2609 3737 2680 ἄνθρωπος

2151 2696 2260 2765 γὰρ
2292 2695 2566 2768 ἀνθρώπῳ
2593 2736 2608 2761 ,
2652 2699 2746 2750 καὶ
2778 2698 2942 2761 ἵππος
2980 2698 3132 2768 ἵππῳ
3171 2699 3544 2770 συγκρίνεται.
3591 2702 3653 2754 Ἦ
3681 2702 3739 2754 δὲ

2151 2788 2209 2840 ὲν
2231 2789 2346 2851 τοῖς
2371 2789 2641 2858 ὁμοειδέσι
2667 2789 2901 2860 διαφορὰ
2933 2791 3064 2861 περί
3093 2790 3162 2843 τὰ
3191 2791 3578 2862 συμϐεϐηκότα
3597 2792 3736 2844 ἐστί’

2153 2880 2246 2933 καὶ
2280 2879 2476 2942 ταῦτα,
2505 2881 2580 2943 ὡς
2608 2882 2700 2933 ἐπὶ
2725 2882 2997 2943 πλεῖστον,
3028 2883 3092 2935 ὲκ
3120 2883 3324 2946 πάθους
3355 2883 3583 2951 γίνεται,
3618 2882 3651 2952 ἢ
3681 2882 3739 2948 ἐξ

2153 2970 2345 3042 ἑτέρας
2368 2972 2513 3035 τινὸς
2538 2973 2740 3037 αἰτίας,
2772 2973 2874 3026 οὐκ
2905 2973 2963 3026 ἑν
2990 2973 3067 3045 τῷ
3091 2974 3234 3044 λόγῳ
3261 2975 3364 3045 τῆς
3399 2975 3586 3038 οὐσίας
3623 2977 3741 3028 κεί-

2157 3080 2312 3133 μενα,
2343 3062 2466 3118 καθ’
2495 3058 2666 3135 οὗπερ
2713 3064 2779 3118 ἂν
2819 3066 3181 3137 κατηγοροῖτό
3222 3083 3276 3120 τι
3312 3065 3420 3119 τῶν
3472 3065 3740 3137 συμϐεϐη-

463 3157 782 3212 cidentium.
819 3154 889 3210 Ut
930 3153 1163 3222 exempli
1197 3153 1397 3222 gratia,
1439 3151 1600 3207 homo
1658 3155 1874 3208 homine
1931 3168 2044 3207 ma-

2155 3154 2347 3208 κότων.
2381 3151 2507 3208 Οἷον
2537 3156 2669 3226 φέρε
2700 3157 2874 3208 εἰπεῖν
2895 3196 2909 3221 ,
2956 3156 3244 3225 ἄνθρωπος
3290 3156 3578 3227 ἀνθρώπου
3624 3157 3741 3224 μεί-

456 3249 544 3316 jor
572 3257 678 3314 est,
706 3247 1082 3316 magnitudine
1118 3247 1368 3315 corporis
1395 3254 1451 3300 et
1485 3245 1697 3310 robore,
1723 3245 1888 3298 animi
1913 3261 2052 3313 pra:-

462 3341 658 3405 sentia,
703 3338 902 3392 mentis
935 3337 1224 3403 acumine;
1259 3336 1354 3392 sed
1402 3351 1506 3390 una
1529 3337 1782 3390 omnibus
1816 3345 1898 3390 est
1928 3336 2054 3389 sub-

463 3432 677 3486 stantia:
705 3431 869 3493 ratio,
903 3443 1009 3484 non
1037 3443 1165 3484 vero
1196 3428 1494 3497 separatim
1521 3427 1573 3481 in
1622 3427 1851 3498 singulis
1883 3429 2055 3482 diver-

464 3533 544 3572 sa.
592 3517 911 3572 Accidentia
987 3525 1172 3572 autem
1239 3531 1304 3570 ex
1361 3517 1617 3587 passione
1685 3517 1850 3572 veluti
1915 3519 2056 3574 radi-

464 3625 528 3663 ce
604 3609 907 3664 oriuntur:
967 3623 1035 3663 ex
1104 3608 1357 3677 passione
1427 3609 1570 3663 enim
1645 3610 1895 3665 infirmus
1959 3613 2048 3680 qui

462 3709 546 3755 est
612 3699 892 3762 inﬁrmus,
978 3709 1033 3754 et
1139 3702 1327 3754 tardus
1412 3699 1682 3754 intellectu
1757 3702 2052 3770 timidoque

463 3789 668 3844 animo.
697 3789 762 3844 Si
796 3804 927 3860 ergo
947 3806 1052 3844 una
1072 3800 1153 3844 est
1177 3799 1370 3845 natura
1401 3791 1701 3862 eademque
1731 3793 2051 3848 substantia:

465 3881 607 3934 ratio
641 3881 706 3936 iis
732 3895 852 3950 quas
869 3882 1087 3951 proprie
1148 3881 1291 3936 inter
1332 3897 1392 3936 se
1428 3884 1731 3952 comparari
1760 3894 1993 3952 possunt
2032 3901 2046 3937 :

460 3986 581 4040 quae
603 3986 731 4028 vero
755 3972 1080 4027 substantiis
1111 3973 1368 4028 accidunt
1401 3988 1467 4027 ex
1515 3975 1769 4042 passione
1801 3975 2050 4028 oriuntur

461 4073 641 4119 autex
673 4079 736 4118 eo
761 4065 904 4132 quod
950 4080 1054 4118 non
1102 4065 1382 4134 patiuntur
1422 4079 1437 4115 :
1481 4074 1830 4133 comparatur
1868 4073 2045 4117 autem

463 4151 632 4208 Filius
657 4151 803 4206 Patri
840 4153 1048 4207 ratione
1080 4151 1304 4219 majoris
1333 4161 1388 4206 et
1408 4153 1658 4219 minoris,
1702 4155 1923 4222 ipseque
1953 4169 2048 4205 ex-

465 4254 545 4295 tra
578 4258 796 4297 omnem
827 4244 1136 4312 passionem
1170 4253 1253 4300 est
1281 4244 1446 4315 (Deus
1479 4247 1622 4298 enim
1679 4245 1784 4314 pati
1817 4261 1921 4299 non
1960 4260 2048 4314 po-

464 4331 614 4406 test),
638 4330 959 4399 nullafplane
985 4333 1196 4387 ratione
1221 4332 1496 4402 superabit
1522 4330 1686 4387 Pater
1715 4330 1931 4398 Filium,
1952 4333 2043 4403 qui

462 4421 704 4492 ejusdem
721 4438 843 4477 cum
875 4439 940 4479 eo
986 4427 1235 4480 essentia:
1274 4435 1379 4491 est,
1417 4425 1709 4494 omnisque
1762 4428 2043 4494 passionis

463 4525 657 4578 expers
687 4521 789 4567 est.
814 4513 923 4585 87
950 4513 1164 4569 Dicitur
1193 4529 1323 4571 vero
1383 4515 1579 4585 major,
1616 4525 1669 4569 ut
1712 4515 2040 4585 principium

461 4605 716 4658 coaeterni
747 4606 1056 4674 geniminis.

494 4714 561 4771 In
591 4718 757 4777 illud.
793 4738 811 4770 ι
851 4717 1012 4773 Pater
1037 4720 1127 4788 qui
1159 4720 1297 4773 misit
1333 4736 1439 4783 me,
1473 4721 1643 4789 major
1669 4737 1749 4774 me
1775 4731 1852 4775 est
1875 4723 1940 4774 “.
1984 4748 2000 4772 ›

902 4893 984 4949 Ex
1015 4895 1300 4963 obiectione
1331 4894 1601 4954 Eunomii.

524 5008 685 5074 Atqui
719 5006 979 5063 Servatur
1007 5010 1122 5079 ipse
1152 5025 1257 5063 non
1287 5011 1540 5074 obscure,
1572 5011 1770 5081 inquit,
1799 5023 1894 5068 aut
1921 5030 2039 5070 am-

457 5093 646 5164 bigue,
683 5100 778 5152 sed
813 5101 1157 5168 apertissime
1196 5101 1410 5157 Patrem
1451 5103 1710 5172 majorem
1750 5119 1811 5160 se
1845 5117 2036 5174 vocat,

456 5197 577 5236 cum
611 5185 742 5240 dicit
777 5205 789 5241 :
830 5207 847 5240 ι
888 5188 1049 5245 Pater
1077 5193 1168 5260 qui
1209 5192 1354 5247 misit
1388 5208 1506 5259 me,
1542 5193 1718 5264 major
1749 5211 1833 5251 me
1865 5207 1969 5254 est.
2009 5218 2027 5250 ι

459 5273 514 5326 Si
551 5286 728 5330 autem
763 5280 1045 5336 veritatem
1081 5299 1263 5338 verum
1301 5285 1485 5340 dicere
1524 5285 1799 5352 fatemini,
1839 5289 2038 5346 veritas

457 5374 632 5419 autem
673 5368 956 5438 Christus,
993 5385 1141 5430 certe
1190 5374 1448 5443 majorem
1493 5391 1550 5432 se
1591 5377 1753 5433 habet
1798 5378 2034 5436 Patrem.

456 5457 606 5520 Quod
634 5460 676 5512 si
709 5461 781 5513 ita
811 5475 914 5527 est,
942 5466 1221 5523 dissimilis
1249 5471 1413 5524 etiam
1447 5470 1523 5524 illi
1557 5471 1680 5526 erit.
1713 5472 1782 5528 At
1807 5472 1852 5526 si
1881 5473 2037 5528 dissi-

459 5548 622 5613 milis,
654 5565 757 5604 non
790 5569 920 5622 ergo
949 5560 1430 5616 consubstantialis

525 5731 566 5763 ¹¹
592 5730 750 5787 Joan.
796 5749 904 5798 xw,
940 5737 1028 5788 28.

2154 3243 2282 3310 ζων,
2325 3246 2548 3315 μεγέθει
2580 3245 2836 3316 σώματος
2886 3247 2981 3298 καὶ
3032 3232 3422 3316 ἰσχύῖ,’ψυχῆς
3451 3249 3740 3318 παραστή-

2156 3355 2308 3408 ματι,
2342 3340 2582 3403 διανοίας
2607 3339 2866 3410 ὀξύτητιο
2908 3340 3023 3392 ἀλλ’
3070 3336 3152 3403 εἷς
3201 3339 3300 3410 μὲν
3343 3339 3546 3393 ἅπασιν
3572 3342 3600 3392 6
3634 3341 3737 3409 τῆς

2153 3430 2339 3493 οὐσίας
2383 3429 2562 3498 λόγος,
2610 3431 2704 3484 καὶ
2733 3431 2795 3484 οὐ
2827 3432 3248 3502 μεμερισμένως
3277 3431 3335 3483 ὲν
3365 3431 3580 3500 ἑκάστῳ
3615 3432 3734 3484 διά-

2153 3537 2338 3591 φορος.
2366 3521 2448 3574 Τὰ
2479 3521 2536 3574 δὲ
2575 3522 2963 3593 συμϐεϐηκότα
2999 3521 3155 3593 ῥίζαν
3206 3521 3315 3591 ἔχει
3344 3521 3406 3575 τὸ
3437 3523 3606 3585 πάθος
3628 3538 3644 3554 ·
3672 3525 3736 3575 ὲκ

2154 3611 2362 3675 πάθους
2403 3613 2512 3684 γὰρ
2542 3613 2775 3684 ἀσθενὴς
2895 3614 3164 3683 ἀσθενὴς,
3198 3615 3294 3668 καὶ
3336 3616 3365 3667 6
3394 3613 3600 3685 νωθρὸς
3635 3616 3735 3684 τὴν

2151 3703 2410 3771 διάνοιαν,
2444 3705 2538 3758 καὶ
2571 3706 2598 3758 6
2631 3704 2838 3759 δειλίαν
2869 3705 3008 3774 ἔχων
3037 3706 3096 3757 ὲν
3125 3705 3294 3777 ψυχῇ.
3325 3706 3387 3758 Εἰ
3421 3705 3602 3759 τοίνυν
3636 3706 3735 3775 μία

2155 3795 2252 3862 μὲν
2293 3797 2325 3866 ἠ
2363 3795 2527 3864 φύσις
2557 3797 2653 3848 καὶ
2679 3796 2779 3866 τῆς
2814 3797 3001 3859 οὐσίας
3028 3799 3056 3851 ὁ
3079 3797 3239 3867 λόγος
3263 3801 3289 3851 6
3319 3797 3482 3862 αὐτὸς
3504 3800 3618 3860 τοῖς
3636 3798 3737 3868 τὴν

2153 3885 2292 3956 πρὸς
2320 3886 2525 3956 ἄλληλα
2550 3886 2840 3958 σύγκρισιν
2873 3889 3077 3959 κυρίως
3108 3889 3536 3959 ἐπιδεχομένοις,
3573 3889 3639 3943 τὰ
3676 3889 3734 3942 δὲ

2149 3979 2249 4032 ὅσα
2281 3980 2410 4049 περὶ
2454 3979 2556 4043 τὰς
2587 3981 2776 4045 οὐσίας
2825 3982 2960 4034 εἰσιν
2996 3984 3059 4035 ὲκ
3091 3983 3298 4047 πάθους
3347 3983 3558 4051 γίνεται
3602 3983 3635 4055 ἢ
3670 3985 3735 4037 ἐκ

2151 4066 2244 4120 τοῦ
2283 4070 2357 4140 μὴ
2386 4068 2579 4124 παθεῖν
2603 4111 2617 4135 ,
2652 4071 3003 4142 συγκρίνεται
3030 4072 3084 4124 δὲ
3118 4075 3146 4126 6
3173 4073 3302 4134 Υἱὸς
3332 4073 3470 4142 πρὸς
3499 4074 3590 4126 τδν
3622 4074 3736 4127 Ila-

2148 4159 2284 4230 τέρα
2326 4159 2469 4214 κατὰ
2508 4163 2570 4215 τὸ
2619 4164 2803 4232 μεῖξον
2843 4165 2935 4218 καὶ
2962 4164 3181 4219 ἔλαττον
3212 4166 3604 4236 εἰσφερομένου
3637 4165 3731 4220 τοῦ

2149 4248 2278 4319 περὶ
2310 4249 2471 4302 αὐτὸν
2513 4251 2696 4320 λόγου,
2732 4253 2826 4306 καὶ
2873 4252 2988 4306 ἔστι
3021 4253 3230 4318 πάθους
3271 4255 3428 4320 ἐκτὸς
3479 4254 3734 4326 (ἀπαθὴς

2147 4337 2258 4409 γὰρ
2283 4340 2360 4401 ὡς
2381 4341 2558 4412 Θεὸς),
2596 4344 2717 4396 κατ’
2744 4345 2938 4398 οὐδένα
2965 4346 3167 4416 τρόπον
3191 4348 3220 4399 ό
3251 4347 3441 4418 Πατὴρ
3475 4349 3732 4418 ὑπερέξει

2145 4431 2242 4486 τοῦ
2276 4433 2409 4486 Υἰοῦ
2437 4435 2532 4488 καὶ
2567 4435 2667 4507 τὴν
2711 4436 2882 4508 αὐτὴν
2915 4437 3133 4508 ἔχοντος
3180 4438 3369 4493 οὐσίαν
3411 4440 3505 4493 καὶ
3537 4441 3732 4493 παθεῖν

2151 4523 2305 4577 οὐδὲν
2349 4525 2670 4596 δυναμένου.
2714 4528 2949 4597 Λέγεται
2994 4529 3052 4582 δὲ
3101 4529 3302 4599 μείζων
3333 4531 3408 4594 ὡς
3455 4532 3599 4603 ἀρχὴ
3634 4533 3728 4585 τοῦ

2153 4614 2426 4668 συναῖδίου
2453 4619 2813 4688 γεννήματος.

2150 4723 2253 4786 Εἰς
2291 4723 2393 4786 τὸ,
2449 4743 2464 4774 ι
2507 4722 2571 4776 Ὀ
2614 4726 3176 4851 Πατὴρὲὲτῖξρέιζψας
3216 4747 3295 4798 με
3350 4730 3562 4800 μείζων
3611 4732 3731 4801 μού

2465 4907 2798 4977 Ἀντίθεσις
2834 4911 2903 4965 ἐκ
2941 4911 3062 4965 τῶν
3094 4913 3414 4984 Εὑνομίου.

2215 5020 2388 5085 Αὐτὸς
2423 5022 2452 5074 ὁ
2479 5022 2670 5094 Σωτὴρ
2709 5025 2812 5078 οὐκ
2851 5028 3399 5100 ὲπικεκαλυμμένως,
3425 5029 3730 5102 τρανότατα

2127 5111 2198 5170 «δὲ
2229 5115 2449 5183 μείζονα
2478 5115 2671 5168 ἑαυτοῦ
2706 5117 2797 5170 τὸν
2824 5119 3041 5191 Πατέρα
3087 5124 3241 5192 φησὶ,
3275 5123 3360 5176 διὰ
3387 5121 3480 5175 τοῦ
3513 5123 3695 5191 λέγειν
3716 5143 3727 5154 ·

2151 5220 2168 5254 ι
2191 5202 2248 5256 'O
2280 5205 2469 5277 Πατὴρ
2495 5207 2523 5259 6
2547 5206 2766 5277 πέμψας
2793 5226 2859 5280 με
2898 5210 3098 5280 μείζων
3149 5212 3249 5281 μού
3282 5215 3447 5267 ἐστιν.
3479 5233 3496 5264 ι
3534 5214 3596 5266 Ei
3621 5214 3732 5267 τοί-

2142 5309 2237 5343 νυν
2289 5293 2573 5364 ἀληθεύειν
2618 5295 2816 5348 δώσετε
2863 5299 2960 5368 τὴν
3005 5300 3284 5370 ἀλήθειαν,
3323 5301 3552 5373 ἀλήθεια
3598 5303 3655 5354 δὲ
3705 5301 3733 5352 6

2142 5384 2395 5453 Χριστὸς,
2432 5386 2654 5456 μείζονα
2711 5388 2823 5458 ἔχει
2877 5391 2967 5444 τὸν
3016 5393 3256 5464 Πατέρα.
3292 5395 3402 5448 Καὶ
3454 5397 3503 5448 εἰ
3548 5394 3729 5458 τοῦτο,

2144 5475 2358 5540 πάντως
2390 5478 2542 5532 ἔσται
2572 5479 2666 5531 καὶ
2695 5480 2967 5552 ἀνόμοιος.
2988 5484 3204 5556 Ἐπειδὴ
3225 5487 3280 5539 δὲ
3310 5487 3583 5556 ἀνόμοιος,
3610 5487 3732 5542 οὐδὲ

2142 5570 2170 5620 6
2177 5567 2450 5637 μοούσιος.
