4032 6212
264 374 364 429 145

750 481 909 553 Πρός
946 480 1125 538 τοῦτο
1160 478 1363 545 λύσις.

335 620 677 688 ’Δναγκαίον
700 619 870 690 ὑμᾶς,
898 612 944 672 ὦ
973 618 1351 690 χριστομάχοι,
1371 615 1466 670 καὶ
1489 614 1585 670 νῦν
1614 614 1856 687 ἐρέσθαι,

262 713 389 766 πότε
422 708 535 763 τοῦ
564 708 697 764 Υίοῦ
730 708 936 780 μείζων
958 710 988 762 6
1020 708 1212 779 Πατὴρ
1248 707 1282 778 ἢ
1315 707 1542 775 γέγονεν
1572 704 1605 775 ἢ
1634 703 1856 776 εὑρέθη,

261 802 291 870 ἢ
327 801 473 873 ὅπερ
504 800 574 854 ἀν
614 797 895 869 βούλοισθε
932 798 1133 866 λέγειν.
1166 797 1370 868 Χρόνον
1400 796 1498 868 μὲν
1524 792 1617 850 οὖν
1647 794 1858 866 όριζόν-

259 908 365 943 των
402 889 568 960 ὑμῶν
602 890 703 943 οὐκ
741 890 809 944 ἀν
833 906 917 953 τις
943 888 1237 959 ἀνάσχοιτο
1260 905 1275 919 ο
1319 887 1528 958 χρόνων
1559 890 1668 959 γάρ
1703 903 1861 959 ποιη-

262 984 355 1053 τὴς
381 984 413 1037 6
437 982 600 1046 Υἱὸς,
617 982 714 1035 καὶ
740 982 849 1052 πρὸ
872 980 984 1035 τῶν
1012 978 1225 1034 αίώνων
1248 978 1383 1043 ἐστὶ,
1401 976 1547 1032 κατά
1565 977 1666 1043 τὰς
1688 977 1859 1047 ἀψευ-

260 1076 365 1138 δεῖς
388 1074 514 1128 τῶν
546 1074 723 1142 άγίων
760 1073 962 1145 φωνάς.
1003 1073 1209 1144 Χρόνου
1243 1070 1301 1125 δὲ
1323 1070 1690 1143 ἀνῃρημένου,
1719 1071 1861 1124 πάν-

261 1181 366 1227 τως
389 1164 659 1218 λείπεται
679 1163 861 1233 λέγειν
892 1163 1031 1216 κατά
1052 1162 1152 1233 τὴν
1180 1161 1337 1232 ὑμῶν
1362 1160 1625 1233 πρότασιν
1655 1159 1743 1213 ἀεὶ
1768 1159 1863 1214 καὶ⁹

262 1255 525 1326 ἀνάρχως
551 1254 645 1309 τὸν
679 1254 899 1325 Πατέρα
926 1252 1148 1323 μείζονα
1174 1250 1270 1305 τοῦ
1296 1250 1449 1306 Υίοῦ.
1485 1250 1645 1316 Ἀλλ’,
1665 1244 1709 1303 ὦ
1738 1249 1862 1320 βέλ-

1685 352 2129 414 THESAURUS.

1880 476 1933 536 Δ

3435 359 3540 412 ΝΘ

2467 472 2669 530 Salutio
2697 472 3028 543 objectionis.

2031 600 2406 673 lnterrogandi
2443 604 2600 660 nobis
2634 614 2761 660 sunt
2796 606 2984 660 hostes
3018 604 3254 670 Christi,
3293 606 3543 675 quando-

1960 710 2084 750 nam
2122 694 2293 764 major
2329 696 2471 752 Filio
2502 695 2660 751 Pater
2698 706 2789 751 aut
2820 697 2998 753 factus
3030 697 3101 753 sit
3135 707 3227 752 aut
3274 699 3542 761 inventus,

1962 796 2057 841 aut
2081 787 2567 858 quomodocunque
2596 787 2727 844 illul!
2753 789 2957 843 dicant.
2978 788 3214 859 Tempus
3238 790 3381 845 enim
3408 804 3546 858 prae-

1962 878 2210 934 finientes
2240 892 2337 935 vos
2367 893 2524 934 nemo
2556 879 2695 935 ferat
2726 895 2741 932 :
2780 879 3029 935 conditor
3063 881 3206 935 enim
3242 890 3545 951 temporum

1962 976 2047 1024 est
2071 966 2261 1036 Filius,
2287 977 2343 1023 et
2367 979 2495 1024 ante
2520 969 2715 1025 saecula
2741 970 2856 1038 ipse
2883 971 3116 1034 exsistit,
3142 971 3295 1039 juxta
3326 979 3546 1026 sancto-

1964 1074 2086 1114 rum
2126 1062 2218 1129 qui
2260 1060 2477 1115 mentiri
2522 1074 2629 1114 non
2668 1069 2896 1130 possunt
2932 1062 3273 1116 verissimum
3316 1062 3542 1117 dictum.

1965 1146 2186 1203 Sublato
2212 1157 2392 1203 autem
2419 1157 2681 1218 tempore,
2697 1158 2967 1219 superest,
3000 1164 3066 1204 ex
3093 1160 3275 1206 vestra
3304 1153 3543 1221 ipsorum

1963 1240 2254 1305 sententia,
2272 1255 2489 1311 semper
2511 1251 2566 1296 et
2594 1242 2711 1296 sine
2739 1242 3003 1312 principio
3024 1241 3240 1297 Patrem
3267 1242 3402 1299 Filio
3429 1259 3547 1296 ma-

262 1359 455 1407 τιστοι,
502 1342 707 1415 μικρὸν
742 1343 1115 1413 ἀνανήψαντες
1143 1342 1321 1395 ἐκεῖνο
1363 1340 1485 1395 καθ’
1516 1341 1742 1405 ἑαυτοὺς
1779 1342 1868 1394 ὲν-

1982 1345 2132 1387 orem
2170 1330 2357 1387 fuisse.
2394 1333 2463 1386 At
2495 1346 2610 1396 vos,
2651 1331 2776 1387 boni
2812 1332 2936 1396 viri,
2973 1334 3221 1388 nonnihil
3254 1335 3321 1389 ad
3357 1334 3545 1388 melio-

265 1433 583 1504 θυμήθητε,
611 1434 694 1486 ὅτι
714 1432 773 1486 τὸ
804 1432 1063 1506 διαφέρον
1080 1430 1227 1495 τινὸς
1258 1432 1401 1486 κατά
1421 1431 1482 1485 τδ
1506 1427 1645 1485 εἶναι
1676 1431 1863 1501 μεῖζον

265 1523 296 1588 ἢ
342 1521 636 1589 λέγεσθαι,
665 1523 1077 1594 παρακείμενον
1110 1522 1224 1594 ἔχει
1254 1522 1864 1594 καὶοσυνεισιρερόμενον

268 1611 447 1681 ἑαυτῷ
481 1611 552 1664 τὸ
595 1611 835 1675 ἔλαττον,
870 1604 931 1665 οὗ
964 1612 1061 1667 καὶ
1102 1612 1220 1667 ἐστὶ
1252 1611 1632 1686 μεῖζον.”οταν
1664 1613 1773 1684 γάρ
1804 1612 1865 1665 τὸ

271 1700 455 1768 μεῖξον
483 1699 815 1771 θελήσωμεν
841 1701 1055 1773 μαθεῖν,
1074 1704 1168 1756 ἐπὶ
1191 1704 1292 1774 τὴν
1316 1702 1409 1757 τοῦ
1432 1703 1713 1767 ἐλάττονος
1735 1705 1868 1775 δρα·

273 1792 467 1859 μόντες
516 1791 849 1862 κατάληψιν,
876 1792 975 1865 τὴν
1004 1794 1216 1850 ἐκείνου
1257 1794 1532 1866 βλέπομεν
1567 1797 1861 1869 ὑπεροχήν.

271 1881 330 1934 Ei
364 1883 560 1936 τοίνυν
594 1884 680 1937 ἀεὶ
710 1884 913 1954 μείζων
942 1884 971 1937 ὁ
993 1886 1185 1959 Πατὴρ
1215 1886 1310 1941 τοῦ
1347 1885 1502 1951 Υἱοῦ,
1531 1883 1599 1959 ἦν
1629 1889 1727 1961 μὲν
1765 1880 1863 1942 αὺ-

274 1975 358 2038 τδς
398 1975 490 2028 ἀεί
513 1992 529 2005 ·
568 1969 637 2046 ἦν
664 1975 721 2029 δὲ
752 1978 849 2031 σὺν
895 1977 1043 2048 αὐτῷ
1076 1979 1169 2032 καὶ
1196 1980 1225 2031 6
1258 1977 1407 2042 Υἱὸς,
1434 1972 1497 2032 οὗ
1536 1980 1631 2033 καὶ
1663 1982 1863 2051 μείζων

273 2062 408 2119 εἶναι
442 2066 693 2135 λέγεται,
724 2067 847 2121 καθ’
870 2068 1032 2139 ὑμᾶς.
1062 2069 1136 2123 Τὸ
1178 2070 1236 2124 δὲ
1269 2070 1359 2123 ἀεὶ
1396 2070 1477 2139 ὃν,
1513 2071 1589 2141 τῷ
1621 2072 1709 2126 ἀεὶ
1752 2072 1863 2125 ὄντι

279 2159 389 2223 πῶς
418 2160 688 2231 ἀνόμοιον
720 2160 908 2229 ἐσταις
955 2163 1155 2227 Μεῖζον
1201 2162 1259 2215 δὲ
1298 2163 1436 2228 πῶς,
1466 2164 1865 2235 συντρεχούσης

276 2250 350 2320 τῷ
393 2252 761 2321 γεγεννηκότι
808 2252 910 2323 τῆς
955 2253 1240 2325 ὑπάρξεως
1262 2254 1358 2309 τοῦ
1383 2255 1744 2325 γεννήματος,
1773 2257 1867 2310 καὶ

280 2340 455 2394 πάντα
485 2341 707 2412 ἔχοντος
740 2343 985 2413 φυσικῶς
1012 2348 1111 2401 ὅσα
1140 2348 1405 2419 πρόσεστι
1435 2345 1515 2418 τῷ
1544 2347 1757 2418 Πατρί;

976 2649 1180 2705 ΑΔΛΟ.

359 2757 461 2814 Ἐκ
492 2759 836 2830 μαθημάτων
865 2760 996 2832 ἡμῖν
1026 2762 1136 2815 τῶν
1175 2763 1577 2834 Ἀριστοτέλους
1612 2748 1868 2838 όρμώμεε

283 2867 381 2914 νοι,
412 2851 518 2906 καὶ
544 2854 611 2923 τῇ
634 2851 903 2924 δεινότητι
922 2855 1020 2925 τῆς
1044 2857 1104 2908 ἐν
1130 2855 1321 2927 κόσμῳ
1345 2857 1538 2926 σοφίας
1562 2858 1871 2931 ἀποκεχρη-

290 2943 481 3012 amt,
504 2943 748 3007 κτύπους
785 2945 1057 3016 ἐγείρουσι
1092 2948 1354 3021 ῥημάτων
1377 2948 1569 3015 κενῶν,
1606 2950 1706 3003 οὐκ
1735 2951 1871 3004 εἰδό-

285 3048 376 3096 τες
402 3036 488 3089 ὅτι
517 3036 613 3087 καὶ
642 3036 779 3107 πρὸς
800 3036 1005 3109 ταύτην
1027 3038 1255 3109 ἀμαθῶς
1279 3040 1494 3112 ἔχοντες
1523 3040 1873 3113 ἐλεγχθήσον-

1966 1438 2079 1478 rem
2110 1432 2346 1479 mentem
2380 1424 2671 1480 redeuntes
2701 1425 2776 1477 ita
2806 1423 3088 1479 vobiscum
3119 1424 3373 1494 cogitate,
3401 1424 3544 1493 quod

1965 1515 2019 1570 id
2059 1515 2203 1585 quod
2244 1512 2426 1570 diﬂ‘ert
2461 1518 2529 1569 ab
2561 1515 2745 1585 aliquo
2779 1530 2842 1571 ea
2878 1516 3087 1570 ratione
3120 1529 3227 1586 qua
3263 1513 3433 1583 majus
3464 1522 3547 1569 est

1966 1614 2061 1661 aut
2087 1606 2306 1670 dicitur,
2343 1604 2707 1677 propinquum
2742 1605 2842 1660 sibi
2875 1605 3041 1659 habet
3071 1613 3125 1659 et
3154 1603 3407 1658 collatum
3444 1602 3547 1657 sibi

1966 1694 2173 1759 minus,
2205 1707 2313 1763 quo
2342 1694 2599 1748 nimirum
2630 1693 2805 1772 majus
2833 1703 2939 1750 est.
2974 1692 3107 1748 Cum
3139 1694 3283 1749 enim
3317 1693 3369 1747 id
3404 1694 3547 1762 quod

1968 1785 2144 1854 majus
2166 1794 2251 1841 est
2276 1800 2613 1857 cognoscere
2635 1785 2915 1852 volumus,
2943 1786 3009 1839 ad
3041 1785 3269 1840 minoris
3298 1785 3546 1839 notitiam

1970 1873 2364 1945 confugientes,
2384 1875 2606 1945 majoris
2623 1874 2997 1930 excellentiam
3019 1875 3313 1930 cernimus.
3337 1873 3394 1928 Si
3418 1888 3549 1941 ergo

1970 1964 2131 2020 Pater
2152 1980 2367 2035 semper
2390 1965 2567 2035 major
2590 1976 2672 2019 est
2700 1965 2860 2030 Filio,
2888 1963 2990 2017 fuit
3017 1966 3235 2034 quidem
3266 1963 3380 2033 ipse
3407 1978 3551 2019 sem-

1971 2073 2068 2127 per
2101 2075 2114 2111 :
2152 2057 2253 2111 fuit
2286 2071 2415 2112 vero
2450 2058 2614 2111 etiam
2647 2071 2773 2112 cum
2807 2071 2873 2112 eo
2911 2056 3109 2123 Filius,
3146 2072 3253 2126 quo
3286 2066 3340 2110 et
3383 2056 3552 2126 major

1970 2164 2091 2205 esse
2119 2149 2340 2214 dicitur,
2371 2154 2666 2203 secundum
2695 2161 2813 2202 vos.
2843 2146 2999 2213 Quod
3031 2162 3161 2202 vero
3190 2162 3407 2217 semper
3433 2157 3548 2214 est,

1972 2256 2205 2311 quonam
2238 2249 2398 2311 pacto
2424 2240 2692 2296 dissimile
2720 2241 2827 2296 erit
2858 2241 2933 2295 illi
2965 2241 3106 2310 quod
3137 2239 3303 2294 etiam
3338 2255 3551 2310 semper

1972 2332 2087 2386 est?
2113 2331 2220 2385 Aut
2247 2330 2522 2401 quomodo
2552 2332 2757 2401 majus,
2788 2347 2910 2387 cum
2943 2332 3060 2401 ipsa
3088 2330 3253 2401 geniti
3282 2331 3552 2385 exsisten-

1973 2425 2047 2477 tia
2076 2437 2197 2477 cum
2228 2422 2477 2492 genitore
2504 2425 2793 2478 conveniat
2822 2419 3116 2491 omniaque
3148 2420 3468 2476 naturaliter
3498 2421 3549 2474 in

1974 2529 2032 2571 se
2064 2515 2257 2571 habeat
2285 2528 2406 2584 quae
2432 2512 2578 2570 Patri
2610 2513 2832 2570 insunt?

2645 2645 2873 2704 ALIUD.

2046 2760 2122 2815 Ex
2170 2759 2520 2817 Aristotelica
2568 2760 2851 2829 disciplina
2899 2761 3056 2816 nobis
3100 2761 3453 2827 insuMmtes,
3500 2770 3555 2817 et

1978 2852 2263 2907 mundana:
2292 2851 2576 2922 sapienth
2606 2850 2749 2906 fastu
2781 2852 3013 2922 turgidi,
3047 2852 3236 2907 inanes
3265 2852 3549 2907 verborum

1977 2943 2215 3014 crepitus
2248 2944 2520 3007 excitant,
2560 2957 2750 3013 parum
2780 2942 2885 2997 sibi
2919 2943 3306 3011 persuadentes
3339 2957 3398 2997 se
3427 2941 3552 2996 Ari-

1977 3036 2240 3093 stotelicas:
2276 3035 2578 3105 disciplinae
2617 3037 2836 3105 ignaros
2878 3035 3092 3092 ostendi
3134 3049 3313 3104 posse.
3351 3022 3554 3089 Miran-

295 3138 399 3175 ται.
434 3123 724 3193 Θαυμάσαι
764 3124 873 3197 γάρ
906 3127 1073 3192 ὄντως
1105 3127 1399 3182 ἀκόλουθον
1426 3129 1508 3183 ὅτι
1536 3128 1599 3200 δὴ
1624 3129 1715 3183 τὸν
1745 3130 1872 3201 περὶ

1981 3130 2104 3183 dum
2140 3127 2284 3183 enim
2318 3135 2402 3181 est
2434 3126 2611 3197 quod,
2646 3141 2768 3181 cum
2806 3126 3071 3182 rationem
3106 3126 3328 3195 majoris
3359 3134 3415 3180 et
3455 3126 3557 3178 mi-

292 3209 389 3263 τοῦ
442 3213 684 3282 μείζονος
726 3193 957 3268 καὶ-τοῦ
1002 3215 1283 3282 ἐλάττονος
1326 3193 1669 3285 ἐξετάζοντες
1698 3193 1874 3287 λόγον,

1982 3221 2131 3277 noris
2161 3220 2460 3284 excutiant,
2490 3221 2556 3273 ad
2590 3233 2896 3274 sermonem
2927 3218 2995 3273 de
3024 3219 3187 3274 simili
3220 3228 3275 3273 et
3305 3218 3554 3272 dissimili

301 3300 398 3353 ὲπκ.
424 3302 516 3354 τὸν
544 3306 668 3373 περὶ
694 3305 787 3358 τοῦ
819 3306 1006 3377 ὁμοίου
1038 3309 1133 3361 καὶ
1160 3309 1413 3381 ἀνομοίου
1443 3309 1878 3380 μεταπεπτώκα·

308 3408 421 3456 σιν,
456 3393 555 3446 οὐκ
578 3396 766 3460 εἰδότες
786 3399 891 3463 ὅτι,
926 3399 1069 3453 κατά
1106 3400 1205 3472 τὴν
1248 3401 1653 3473 Ἀριστοτέλους
1684 3401 1879 3473 τέχνην

305 3485 400 3554 ἐφ’
478 3485 704 3555 μάλιστα
728 3490 1152 3563 μεγαλοφρονεῖν
1183 3492 1436 3547 εἰώθασιν
1473 3494 1648 3559 αὐτοὶ,
1679 3495 1779 3548 οὐκ
1801 3494 1882 3557 είς

300 3577 500 3631 ταυτὸν
543 3582 934 3637 κατατάττεται
961 3583 1119 3652 γένος
1146 3584 1208 3637 τό
1239 3601 1301 3637 τε
1333 3584 1517 3655 ὅμοιον
1548 3585 1642 3638 καὶ
1685 3586 1746 3637 τὸ
1788 3586 1883 3638 ἀν-

301 3669 509 3739 όμοιον,
536 3671 612 3736 ὡς
633 3675 727 3727 καὶ
758 3675 821 3728 τὸ
851 3675 1037 3747 μεῖζον
1070 3677 1246 3731 καὶτὸ
1279 3676 1522 3731 ἔλαττον.
1555 3677 1628 3729 Τὸ
1656 3678 1753 3748 μὲν
1774 3678 1883 3750 γάρ

306 3756 491 3825 μεῖζον
536 3760 630 3813 καὶ
665 3762 723 3814 τὸ
756 3762 996 3833 ἔλαττον,
1026 3765 1135 3819 τῶν
1183 3767 1320 3838 πρός
1366 3783 1418 3819 τι
1462 3766 1693 3837 ἐχόντων
1743 3769 1885 3838 παρ’

304 3847 533 3915 ἐκείνοις
576 3852 810 3921 λέγεται.
854 3853 929 3909 Τδ
978 3855 1034 3910 δὲ
1080 3857 1266 3928 ὅμοιον
1310 3857 1343 3931 ἢ
1393 3860 1487 3913 καὶ
1528 3858 1590 3912 τὸ
1634 3859 1886 3931 ἀνόμοιον

305 3942 497 4013 ἑτέρας
534 3944 652 3998 ἐστὶ
677 3947 1014 4017 κατηγορίας
1052 3949 1172 4019 ἦτοι
1208 3948 1546 4021 διαιρέσεως.
1576 3950 1747 4004 Πόθεν
1775 3951 1884 4005 τοί-

304 4050 396 4086 νυν
425 4035 555 4106 ὑμῖν
576 4037 685 4089 ἀπὸ
703 4037 798 4092 τοῦ
824 4038 1070 4111 μείζονος
1093 4040 1186 4093 ἐπὶ
1203 4042 1265 4094 τὸ
1284 4041 1469 4113 ὅμοιον
1492 4043 1525 4114 ή
1551 4041 1884 4113 μετάδασιςς

307 4126 395 4178 καὶ
421 4125 481 4194 ἐξ
510 4126 793 4195 ἐλάττονος
833 4131 951 4202 ἦτοι
980 4131 1073 4184 τοῦ
1104 4131 1349 4203 μείζονος
1374 4133 1474 4204 τὴν
1503 4134 1767 4204 πρότασιν
1798 4134 1887 4201 ἐξ·

305 4216 641 4284 υιραίνοντες,
686 4220 999 4291 ἑτερογενὲς
1055 4222 1338 4294 είσφέρετε
1381 4223 1443 4276 τὸ
1494 4224 1886 4296 συμπέρασμα,

304 4302 587 4374 λέγοντες*
623 4308 687 4361 Ei
719 4308 956 4364 ἐλάττων
990 4310 1139 4364 ἐστὶν
1176 4311 1205 4364 6
1239 4311 1368 4376 Υἱὸς
1399 4311 1493 4366 τοῦ
1532 4313 1765 4384 Πατρὸς,
1796 4314 1891 4367 ἀν-

305 4394 491 4467 όμοιος
524 4397 663 4469 ἄρα’
698 4400 868 4473 ἐχρῆν
896 4402 1005 4474 γὰρ
1032 4402 1234 4474 μᾶλλον
1258 4405 1453 4470 εἰπεῖν,
1480 4404 1581 4459 οὐκ
1614 4405 1727 4469 ῐσος
1758 4406 1888 4478 ἀρα,

306 4489 428 4561 ἢού
466 4491 719 4557 τοσοῦτος
747 4493 875 4566 ἄρα,
909 4495 997 4549 ἵνα
1032 4496 1107 4568 μὴ
1147 4496 1310 4551 πάλιν
1338 4497 1571 4569 ἀμαθεῖς
1609 4499 1759 4563 ὄντες
1800 4497 1889 4563 ἑξ-

306 4581 713 4657 ελεγχθήσησθε
746 4586 824 4659 τῷ
852 4605 912 4641 τε
935 4588 1138 4660 μείζονι
1156 4590 1250 4643 καὶ
1270 4589 1347 4662 τῷ
1370 4590 1611 4646 ἐλάττονι
1643 4591 1703 4646 τὸ
1726 4592 1890 4646 ποσὸν

311 4676 681 4747 ἐπιφέροντες.
700 4680 774 4734 Οὐ
809 4680 919 4753 γὰρ
953 4682 1020 4751 τά
1043 4682 1180 4755 πρός
1215 4683 1268 4737 τί
1296 4700 1413 4749 πως
1442 4684 1650 4755 ἔχοντα,
1677 4684 1812 4740 άλλά
1831 4684 1893 4739 τὸ

314 4767 496 4834 μεῖζον
523 4769 556 4840 ἢ
588 4769 809 4825 ἔλαττον
836 4773 1157 4828 ὑποκεῖσθαι
1182 4773 1259 4846 τῷ
1290 4775 1442 4845 ποσῷ
1466 4775 1893 4848 νενομοθέτηκεν

312 4859 345 4927 ἠ
378 4860 790 4931 Ἀριστοτέλους
815 4865 1000 4937 τέχνη.
1039 4867 1169 4940 Ετδη
1208 4867 1265 4921 δὲ
1313 4868 1461 4941 αὐτῷ
1483 4869 1698 4939 τίθησιν
1731 4871 1892 4934 ἑπτὰ,

312 4949 567 5023 ἀριθμὸν,
602 4956 696 5008 καὶ
738 4955 918 5025 λόγον,
952 4958 1050 5012 καὶ
1098 4958 1385 5032 γραμμὴν,
1417 4960 1513 5014 καὶ
1547 4961 1888 5031 ἐπιφάνειαν,

313 5044 407 5097 καὶ
436 5045 616 5117 σῶμα,
648 5050 745 5103 καὶ
783 5049 994 5123 χρόνον,
1028 5051 1123 5105 καὶ
1155 5051 1337 5106 τόπον.
1373 5052 1566 5107 Μόνων
1607 5050 1895 5123 τοιγαροῦν

312 5137 419 5190 τῶν
455 5139 763 5211 εἰρημένων
794 5143 1042 5214 δέχεσθαι
1080 5144 1140 5198 τὸ
1169 5144 1335 5199 ποσὸν
1362 5144 1705 5213 πεφυκότων,
1733 5145 1897 5199 πόθεν

313 5228 493 5300 ὑμεῖς,
521 5226 566 5286 ὦ
595 5228 762 5300 οὗτοι,
794 5236 873 5307 τῷ
904 5236 1110 5308 μείζονι
1137 5236 1233 5292 καὶ
1255 5235 1335 5308 τῷ
1367 5236 1610 5290 ἐλάττονι
1638 5235 1700 5290 τὸ
1732 5236 1897 5289 ποσὸν

311 5321 603 5394 ὲπιφίρετε
628 5365 645 5391 ,
696 5327 871 5400 ἑτέρῳ
916 5330 1068 5397 γένει
1120 5328 1293 5384 ταῦτα
1346 5326 1442 5382 τοῦ
1494 5327 1897 5398 Ἀριστοτέλους

314 5415 760 5483 ἀνατεθεικότοςς
787 5420 1007 5491 Ἐπειδὴ
1041 5421 1219 5476 τοίνυν
1251 5422 1344 5476 τὸν
1374 5419 1618 5493 περὶτοῦ
1655 5416 1899 5490 μείζονος

317 5510 411 5564 καὶ
455 5510 552 5565 τοῦ
607 5512 893 5579 ἐλάττονος
942 5513 1285 5582 ἐξετάζοντες
1335 5516 1516 5584 λόγον,
1560 5512 1898 5576 ἀπαιδεύτως

318 5599 408 5652 ἐπὶ
444 5602 545 5673 τὴν
578 5604 673 5659 τοῦ
706 5606 896 5677 ὁμοίου
938 5609 1033 5663 καὶ
1063 5608 1320 5679 ἀνομοίου
1362 5607 1667 5680 παράθεσιν
1692 5605 1899 5673 ἐξεκλε-

321 5707 467 5761 νατε,
499 5694 781 5767 λέγοντες·
812 5702 876 5757 Ei
901 5702 1137 5756 ἐλάττων
1163 5702 1310 5755 ἐστὶν
1333 5702 1363 5756 6
1388 5700 1513 5764 Υἱὸς
1542 5699 1636 5754 τοῦ
1664 5697 1897 5769 Πατρὺς,

325 5790 574 5859 ἀνόμοιος
624 5795 761 5859 ἄρα·
815 5797 1185 5864 ναλεπωτέοω
1236 5796 1292 5850 δὲ
1341 5794 1502 5851 πάλιν
1551 5792 1901 5855 ἀπαιδευσίας

1981 3311 2363 3381 prolabantur,
2406 3310 2753 3374 nescientes,
2793 3310 2946 3381 juxta
2991 3308 3303 3363 Aristotelis
3353 3307 3551 3377 placita

1978 3416 2086 3470 quo
2115 3400 2215 3471 ipsi
2247 3400 2538 3471 plurimum
2567 3414 2687 3454 sese
2712 3397 2990 3467 iactitant,
3024 3398 3201 3453 simile
3229 3397 3342 3468 88
3368 3406 3422 3452 et
3449 3398 3561 3452 dis-

1981 3491 2156 3546 simile
2189 3506 2294 3547 non
2324 3490 2380 3545 in
2412 3490 2600 3547 eodem
2631 3503 2829 3562 genere
2858 3488 3138 3551 collocari,
3170 3488 3221 3541 in
3250 3502 3355 3555 quo
3385 3486 3559 3556 majus

1981 3589 2036 3633 et
2071 3581 2271 3637 minus.
2304 3580 2362 3637 Si
2398 3581 2615 3652 quidem
2651 3580 2825 3650 majus
2862 3588 2918 3634 et
2956 3578 3137 3633 minus
3172 3576 3395 3631 relativa
3444 3578 3558 3630 sive

1985 3670 2050 3722 ad
2085 3669 2289 3740 aliquid
2325 3670 2394 3726 ab
2426 3671 2493 3725 iis
2525 3670 2801 3725 dicuntur.
2834 3668 3025 3725 Simile
3055 3683 3182 3724 vero
3215 3676 3269 3722 et
3302 3667 3561 3722 dissimile

1984 3757 2210 3813 alterius
2233 3758 2442 3813 ordinis
2469 3758 2583 3813 sive
2611 3758 3018 3827 praedicamenti
3043 3768 3189 3812 sunt.
3219 3756 3371 3812 Unde
3398 3757 3562 3825 igitur

1987 3863 2083 3904 vos
2110 3849 2186 3903 ita
2212 3862 2243 3902 a
2271 3846 2475 3914 majore
2499 3847 2565 3900 ad
2594 3846 2771 3901 simile
2801 3847 3124 3902 transilitis?
3149 3858 3206 3902 et
3231 3863 3299 3901 ex
3327 3847 3560 3914 majore,

1986 3950 2099 4004 sive
2138 3947 2348 4001 minore
2375 3943 2799 4016 propositionem
2828 3942 3181 4007 deducentes,
3230 3943 3430 3996 diversi
3471 3958 3564 4012 ge-

1989 4041 2136 4096 neris
2165 4038 2569 4095 conclusionem
2598 4036 2834 4102 inferlis,
2866 4034 3110 4091 dicentes
3142 4051 3155 4088 :
3192 4031 3246 4088 Si
3280 4032 3455 4087 minor
3482 4042 3564 4087 est

1988 4133 2156 4188 Filius
2181 4132 2343 4187 Patre
2360 4174 2375 4199 ,
2406 4130 2684 4186 dissimilis
2710 4130 2906 4201 igitur;
2932 4141 3054 4182 cum
3082 4126 3258 4198 potius
3282 4126 3356 4179 ita
3379 4125 3563 4179 dit'ell-

1989 4226 2116 4283 dum
2149 4225 2316 4281 fuerit
2347 4243 2361 4280 :
2400 4222 2516 4280 Non
2546 4238 2675 4293 ergo
2706 4223 2962 4294 aequalis,
2992 4230 3086 4275 aut
3118 4236 3221 4275 non
3255 4228 3465 4286 tantus,
3499 4234 3565 4273 ne

1989 4318 2316 4388 imperitiam
2342 4324 2579 4372 vestram
2606 4315 2930 4388 proderetis,
2954 4329 3021 4370 ex
3049 4312 3253 4382 majore
3277 4322 3330 4367 et
3357 4312 3567 4366 minore

1990 4412 2346 4484 quantitatem
2380 4409 2693 4464 inferentes.
2737 4406 2924 4477 Neque
2950 4407 3094 4461 enim
3125 4421 3243 4476 quae
3270 4405 3336 4459 ad
3359 4402 3563 4473 aliquid

1994 4514 2143 4567 sunt,
2175 4503 2269 4559 sed
2306 4501 2483 4571 majus
2518 4510 2574 4555 et
2608 4500 2812 4565 minus,
2845 4499 3134 4569 quantitati
3172 4498 3411 4566 subjecta
3445 4511 3565 4551 esse

1992 4595 2340 4653 Aristotelica
2365 4593 2647 4665 disciplina
2677 4593 2861 4648 tradit.
2888 4590 3110 4661 Species
3133 4599 3309 4644 autem
3337 4588 3412 4642 illi
3437 4604 3567 4642 con-

1993 4688 2168 4743 stituit
2201 4696 2406 4755 septem
2443 4704 2456 4740 :
2492 4699 2774 4739 numerum
2795 4724 2812 4751 ,
2844 4682 3180 4745 orationem,
3213 4680 3441 4743 lineam,
3476 4694 3568 4731 su-

1994 4780 2291 4851 perﬁciem,
2317 4792 2537 4848 corpus,
2568 4788 2781 4849 tempus
2806 4786 2861 4832 et
2891 4775 3088 4831 locum.
3117 4772 3248 4828 Cum
3279 4770 3422 4824 enim
3455 4769 3567 4823 haec

1994 4870 2332 4925 solummodo
2356 4879 2618 4940 quantum
2646 4869 2933 4938 recipiant,
2961 4866 3228 4919 undenam
3252 4875 3349 4915 vos
3377 4859 3567 4929 majori

1995 4972 2051 5018 et
2095 4961 2289 5015 minori
2333 4969 2594 5029 quantum
2642 4959 2908 5023 tribuitis,
2953 4969 3075 5012 cum
3116 4951 3438 5008 Aristoteles
3480 4949 3567 5002 illa

1998 5052 2096 5108 sub
2127 5052 2229 5106 alio
2262 5066 2461 5123 genere
2488 5050 2757 5107 collocet?
2784 5049 2919 5104 Cum
2951 5047 3115 5118 igitur
3140 5059 3238 5100 vos
3268 5042 3490 5112 majoris
3516 5043 3572 5096 et
3683 5084 3707 5104 ,,

2000 5144 2225 5200 minoris
2254 5142 2516 5197 rationem
2546 5139 2966 5208 investigantes,
3001 5136 3252 5205 imperite
3281 5135 3346 5188 ad
3377 5133 3572 5188 similis

1999 5244 2049 5287 et
2081 5231 2359 5287 dissimilis
2388 5229 2849 5300 comparationem
2877 5226 3251 5291 devolvimini,
3276 5223 3526 5279 dicentes
3555 5240 3569 5275 :

2001 5324 2058 5380 Si
2101 5324 2272 5380 Filius
2314 5323 2493 5378 minor
2532 5331 2618 5378 est
2654 5320 2837 5385 Patre,
2878 5333 3010 5391 ergo
3047 5318 3213 5372 etiam
3254 5315 3572 5375 dissimilis;

1999 5420 2216 5492 gravius
2244 5416 2428 5473 statim
2455 5415 2673 5482 erratis,
2702 5413 2874 5483 majus
2902 5420 2956 5465 et
2987 5411 3168 5465 minus
3196 5407 3264 5463 ad
3293 5406 3573 5477 quantita-

2002 5521 2108 5564 tem
2151 5506 2483 5570 referentes,
2524 5518 2646 5560 cum
2686 5502 2866 5559 dicitis
2908 5520 2920 5555 :
2964 5500 3022 5555 Si
3062 5498 3232 5554 Filius
3272 5509 3357 5554 est
3402 5500 3576 5553 minor

2002 5600 2183 5668 Patre,
2219 5613 2350 5668 ergo
2391 5612 2495 5652 non
2536 5595 2776 5666 aqualis,
2819 5608 2992 5664 neque
3034 5602 3232 5649 tantus.
3274 5593 3410 5647 Cum
3448 5601 3573 5644 vero

2005 5708 2157 5749 mens
2182 5690 2336 5747 vobis
2363 5688 2506 5745 nulla
2536 5704 2603 5744 ex
2634 5696 2788 5757 parte
2820 5703 2950 5745 sana
2981 5688 3074 5752 sit,
3105 5684 3285 5740 inanis
3315 5682 3479 5736 etiam
3509 5686 3572 5727 ac

2004 5801 2140 5843 vana
2173 5794 2257 5840 est
2287 5791 2462 5838 vestra
2494 5781 2808 5852 propositio.
