4032 6212
466 357 572 413 ΗἹ

1457 364 1513 418 5.
1557 360 1833 418 CYRILLI
1875 356 2340 436 ALEXANQRINI
2380 358 2700 414 ARCHIEP.

3626 367 3729 424 ΗΒ

465 477 771 550 ιγκλήματι
803 477 1162 552 περιπίπτετε
1199 479 1340 534 κατά
1384 478 1476 531 τοῦ
1513 476 1757 546 μείζονος
1795 475 2008 532 καὶτοῦ
2049 475 2329 540 ἐλάττονος
2368 479 2430 530 τὸ
2456 479 2620 532 ποσὸν
2645 478 2907 548 τιθέντες,
2947 481 3076 534 ὅταν
3108 479 3332 553 λέγητεο
3383 484 3445 536 Εί
3489 481 3728 536 ἐλάττων

466 575 612 628 ἔστιν
640 574 669 626 ὁ
699 573 826 637 Υἱὸς
853 574 948 629 τοῦ
988 577 1222 648 Πατρὸς,
1255 575 1354 629 οὐκ
1395 575 1509 637 ἴσος
1555 573 1684 644 ἄρα,
1714 572 1832 627 οὐδὲ
1890 572 2160 638 τοσοῦτος.
2181 574 2495 645 Οὑδαμόθεν
2559 575 2604 628 δ’
2629 575 2757 646 ὑμῖν
2806 574 3140 643 ὑγιαίνοντος
3199 573 3295 626 τοῦ
3316 574 3498 643 λόγου,
3524 574 3728 645 ματαία

467 666 684 729 πάντως
713 667 830 718 ἐστὶ
862 667 954 720 καὶ
984 665 1208 738 [κούφη]
1236 668 1270 738 ή
1300 666 1583 736 πρότασις.

1152 780 1362 836 ALIUD

539 965 822 1016 admodum
850 961 1181 1029 iumqualita:
1208 960 1486 1028 inferatur,
1516 978 1634 1014 cum
1653 961 1811 1030 juxta
1839 962 2042 1016 Aristo-

541 1033 655 1087 telis
686 1031 1020 1098 disciplinam
1051 1031 1272 1084 alterius
1302 1032 1367 1084 sit
1398 1033 1620 1100 generis.

538 1204 767 1260 Nomina
808 1220 930 1275 quae
966 1206 1034 1260 ad
1073 1203 1278 1274 aliquid
1315 1216 1484 1274 sunt,
1515 1215 1677 1276 atque
1715 1207 1792 1261 ita
1827 1208 1895 1263 ab
1939 1207 2043 1263 illis

470 1305 754 1362 vocantur,
777 1310 898 1352 cum
924 1296 1247 1351 Aristmeles
1271 1296 1496 1364 hujusce
1522 1297 1657 1352 artis
1684 1297 1932 1354 inventor
1949 1315 2044 1354 ex-

470 1387 653 1459 plicat,
683 1389 758 1442 ita
786 1389 974 1444 deﬁnit
1002 1407 1016 1444 :
1049 1389 1128 1442 Ad
1155 1388 1378 1459 aliquid,
1409 1389 1606 1459 inquit,
1636 1399 1899 1445 vocantur
1923 1407 2043 1462 qua:

468 1477 522 1531 id
551 1477 724 1546 ipsum
750 1476 891 1546 quod
918 1485 1076 1542 sunt,
1099 1477 1326 1531 aliorum
1352 1491 1472 1533 esse
1497 1478 1767 1543 dicuntur,
1795 1489 1888 1534 aut
1911 1495 2044 1551 quo-

467 1568 762 1624 tnodolibet
789 1568 948 1624 aliter
976 1571 1042 1622 ad
1073 1568 1217 1623 aliud
1248 1583 1262 1622 :
1296 1579 1351 1623 ut
1383 1570 1577 1640 majus,
1608 1571 1660 1627 id
1695 1573 1868 1643 ipsum
1897 1575 2043 1644 quod

467 1669 555 1715 est
589 1670 837 1729 respectu
869 1661 1094 1716 alterius
1125 1677 1245 1716 esse
1276 1662 1498 1718 dicitur.
1529 1662 1596 1717 Et
1628 1664 1872 1736 duplum,
1903 1667 2042 1736 idip-

467 1767 585 1804 sum
620 1753 763 1819 quod
798 1762 913 1816 est,
948 1753 1177 1808 alterius
1209 1762 1293 1808 est
1327 1768 1343 1806 :
1378 1754 1613 1822 alicujus
1642 1757 1789 1811 enim
1822 1757 2042 1827 duplum

464 1841 687 1896 dicitur.
721 1843 854 1898 Cum
893 1845 1056 1914 igitur
1085 1845 1200 1900 hzec
1231 1846 1303 1900 sit
1335 1859 1519 1900 eorum
1552 1847 1666 1917 89
1699 1863 1818 1918 qua
1850 1850 1916 1904 ad
1948 1849 2045 1904 ali-

465 1933 594 2000 quid
623 1945 747 1987 sunt
772 1934 1035 2002 deﬁnitio,
1061 1937 1246 1990 dicant
1273 1936 1428 1991 nobis
1457 1937 1540 1991 isti
1559 1977 1573 2001 ,
1601 1937 1691 2006 qui
1721 1938 1855 1993 nihil
1883 1955 2042 2008 quam

465 2024 809 2080 Aristotelem
840 2035 1083 2094 crepant,
1110 2035 1162 2082 et
1193 2027 1339 2082 illius
1363 2028 1542 2097 potius
1573 2027 1854 2098 disciplina
1882 2045 2042 2098 quam

2066 765 2113 822 Α

470 892 672 946 Docens
715 893 1164 960 quon,proposito
1210 892 1408 961 majore
1447 902 1493 944 et
1541 893 1761 956 minore,
1805 893 2032 957 imperite

2144 893 2440 947 Διδάσκον
2469 893 2579 956 ὅτι,
2617 894 2940 961 προαιμέκ

2834 759 3022 831 'AAAo

2939 908 3012 946 ου
3044 891 3153 945 τοῦ
3177 892 3449 961 μείζονος
3485 911 3581 947 και
3618 895 3729 949 τοῦ

2215 963 2560 1026 ἐλάττονος,
2605 963 2975 1033 ἀπαιδεύτως
3025 961 3094 1033 τὸ
3136 962 3422 1033 ἀνόμοιον
3467 964 3729 1033 εἰσφέρε-

2215 1050 2345 1103 ται,
2404 1032 2742 1101 sapores-sn
2804 1032 2877 1085 ὃν
2921 1031 3071 1086 κατὰ
3123 1031 3726 1103 τὴνἾΑριστοτέλόυς

2214 1102 2457 1171 τέχνην.

2215 1215 2296 1267 Τὰ
2349 1215 2486 1285 πρὸς
2533 1231 2586 1267 τι
2629 1214 2819 1284 ἔχοντα
2851 1214 2961 1268 τῶν
3007 1215 3288 1286 ὀνομάτων
3321 1216 3465 1270 οὕτω
3496 1235 3556 1270 τε
3588 1218 3727 1288 παρ’

2145 1299 2376 1363 ἐκείνοις
2402 1299 2729 1370 καλούμενα,
2755 1303 2965 1374 φανερὰ
2995 1303 3266 1357 καθιστῶν
3289 1307 3317 1358 ὁ
3345 1309 3444 1376 τῆς
3471 1307 3728 1377 τοιαύτης

2144 1392 2338 1463 τέχνης
2377 1394 2606 1464 εὑρετὴς
2642 1394 3035 1464 Ἀριστοτέλης,
3080 1394 3321 1448 τοιοῦτον
3369 1395 3589 1466 ἐκφέρει
3636 1398 3726 1449 τὸν

2143 1485 2269 1555 ὅρον
2291 1501 2304 1515 ·
2338 1483 2482 1554 Πρός
2503 1503 2554 1537 τι
2585 1484 2648 1538 δὲ
2663 1484 2731 1537 τὰ
2764 1485 2988 1538 τοιαῦτα
3021 1486 3260 1553 λέγεται.
3295 1489 3395 1540 ὅσα
3424 1488 3563 1540 αὑτά
3583 1487 3727 1558 ἅπερ

2146 1578 2317 1640 ἐστὶν,
2347 1576 2549 1648 ἑτέρων
2588 1570 2728 1629 εἶναι
2772 1576 2989 1644 λέγεται
3021 1577 3054 1646 ἢ
3089 1576 3339 1629 ὁπωσοῦν
3376 1576 3548 1639 ἄλλως
3591 1578 3727 1646 πρὸς

2144 1665 2329 1736 ἕτερον
2351 1683 2364 1695 °
2400 1660 2511 1718 οἷον
2561 1664 2622 1717 τὸ
2665 1663 2850 1734 μεῖζον
2896 1662 3042 1716 τοῦθ’
3067 1664 3203 1733 ὅπερ
3237 1663 3382 1714 ἐστὶν
3417 1661 3602 1732 ἑτέρου
3642 1661 3727 1712 λέ-

2146 1774 2323 1824 γεται.
2353 1757 2463 1810 Καὶ
2506 1756 2566 1808 τὸ
2608 1755 2893 1809 διπλάσιον
2940 1754 3128 1823 ἐτέρου
3179 1753 3395 1820 λέγεται
3425 1751 3568 1804 τοῦθ’
3591 1753 3729 1821 ὅπερ

2145 1847 2265 1900 ἐστί
2282 1861 2296 1876 ⁸
2324 1845 2469 1908 τινὸς
2493 1847 2601 1916 γὰρ
2628 1845 2908 1900 διπλάσιον
2946 1844 3188 1913 λέγεται.
3210 1842 3410 1896 Τοῦτον
3437 1842 3730 1912 τοιγαροῦν

2147 1937 2379 2006 ἑχόντων
2404 1937 2513 1990 τῶν
2541 1936 2676 2005 πρός
2705 1954 2756 1989 τι
2799 1936 2890 1989 τὸν
2935 1938 3079 2006 ὅρον,
3115 1936 3477 1990 δεικνύτωσαν
3513 1936 3646 2004 ἡμῖν
3677 1934 3728 1984 οἱ

2145 2027 2248 2098 τήν
2280 2026 2683 2098 Ἀριστοτέλους
2709 2026 3059 2098 ἐρευγόμενοι
3084 2026 3298 2097 τέχνην,
3329 2025 3420 2077 καῖ
3446 2026 3557 2086 τοῖς
3583 2026 3726 2075 ἐκεῖ-

465 2135 743 2174 sacrarum
790 2118 1198 2187 Seriptnrarnm
1243 2120 1551 2190 cognitione
1590 2134 1713 2175 sese
1747 2121 2032 2189 jaetitant,

2144 2119 2235 2172 0sv
2261 2119 2601 2190 μαθήμασιν,
2629 2120 2690 2172 οὐ
2724 2123 2836 2184 τοῖς
2878 2120 2986 2174 ἀπὸ
3013 2120 3112 2190 τῆς
3151 2119 3303 2182 θείας
3341 2118 3564 2189 Γραφῆς
3607 2119 3718 2170 ἑαυ-

464 2227 531 2264 an
567 2209 746 2264 simile
789 2210 839 2264 id
874 2209 1048 2280 ipsum
1097 2209 1239 2278 quod
1273 2220 1356 2265 est
1397 2210 1622 2266 alterius
1651 2211 1750 2277 sit,
1785 2213 2043 2281 quemad-

464 2301 681 2356 modum
731 2302 906 2372 majus
949 2311 1002 2358 et
1051 2302 1292 2373 duplum.
1340 2304 1644 2374 Opponitur
1683 2306 1828 2359 enim
1877 2306 2040 2361 simili

463 2391 747 2455 dissimile,
772 2392 913 2446 sicut
939 2391 1149 2460 majori,
1178 2395 1382 2461 minus;
1412 2395 1505 2449 sed
1534 2410 1638 2450 non
1665 2397 1851 2451 eodem
1882 2398 2042 2452 modo

462 2491 626 2551 atque
655 2483 883 2538 ratione.
911 2483 1082 2554 Majus
1109 2485 1255 2540 enim
1291 2486 1490 2541 dicitur
1516 2496 1575 2541 ut
1605 2487 1812 2542 minore
1843 2488 2036 2559 majus.

463 2570 652 2626 Simile
680 2581 859 2627 autem
891 2587 1169 2643 nunquam
1203 2575 1450 2631 dissimili
1481 2577 1657 2646 majus
1685 2579 1916 2644 dicitur,
1947 2595 2040 2635 ne-

461 2677 566 2730 que
598 2663 1050 2732 quemadmodum
1079 2664 1276 2735 majus,
1306 2666 1397 2736 qui
1428 2668 1735 2738 oppositum
1764 2683 1920 2723 suum
1951 2685 2040 2724 su-

459 2761 648 2819 perat,
691 2762 773 2808 est
819 2753 871 2808 id
914 2756 1058 2822 quod
1105 2770 1228 2812 esse
1271 2757 1504 2824 dicitur;
1547 2759 1623 2813 ita
1662 2759 1870 2824 simile,
1912 2763 2037 2828 quia

462 2840 637 2906 majus
673 2853 755 2896 est
790 2843 1078 2910 dissimili,
1112 2847 1216 2902 hoc
1249 2851 1393 2918 quod
1427 2860 1513 2906 est
1543 2865 1666 2907 esse
1701 2853 2034 2908 censebitur.

465 2932 668 2986 Diversi
708 2933 873 3002 igitur
907 2939 1121 3005 generis
1159 2955 1382 3008 prorsus
1416 2951 1476 2998 ut
1513 2943 1623 2998 sint
1658 2959 1880 3000 necesse
1918 2955 2035 3010 est,

460 3038 582 3092 quae
607 3025 852 3080 eamdem
883 3027 1199 3086 divisionem
1227 3032 1703 3104 deﬁnitionemque
1732 3050 1836 3092 non
1865 3039 2038 3094 susci-

461 3116 630 3181 piunt.

1137 3235 1364 3294 ALIUD.

532 3339 758 3397 Nomina
790 3356 910 3412 qute
940 3347 1004 3400 ad
1037 3347 1238 3420 aliquid
1270 3361 1394 3406 sunt
1415 3392 1430 3418 ,
1466 3363 1556 3409 aut
1587 3369 1911 3426 quacunque
1942 3371 2034 3412 ra-

2142 2211 2269 2273 τοὺς
2316 2208 2807 2279 ἀποσεμνύνοντες,
2837 2209 2888 2261 εί
2936 2209 3030 2262 καὶ
3076 2207 3139 2260 τὸ
3186 2207 3371 2277 ὅμοιον
3416 2204 3558 2258 τοῦθ’
3589 2205 3728 2273 ὅπερ

2142 2303 2292 2355 ἐστὶν
2329 2301 2518 2373 ἑτέρου
2546 2302 2785 2370 λέγεται,
2817 2301 3077 2372 καθάπερ
3101 2300 3194 2354 καί
3225 2299 3285 2352 τὸ
3314 2298 3496 2370 μεῖζον
3538 2297 3630 2350 καὶ
3665 2298 3726 2348 τὸ

2141 2396 2442 2450 διπλάσιον.
2460 2395 2783 2448 Ἀντίκειται
2817 2393 2916 2464 μὲν
2941 2393 3049 2464 γὰρ
3070 2391 3149 2462 τῷ
3172 2392 3342 2463 ὁμοίῳ
3365 2389 3427 2442 τὸ
3451 2389 3726 2458 ἀνόμοιον,

2141 2485 2328 2557 ὥσπερ
2362 2486 2457 2538 καὶ
2501 2484 2579 2554 τῷ
2619 2484 2827 2555 μείζονι
2860 2483 2921 2536 τὸ
2971 2483 3214 2542 ἔλαττον,
3259 2480 3376 2534 ἀλλ’
3406 2479 3504 2548 οὑχ
3552 2478 3727 2540 οὕτως

2140 2578 2259 2631 οὐδὲ
2292 2576 2577 2639 ὡσαύτως.
2607 2576 2682 2629 Τὸ
2718 2575 2817 2646 μὲν
2843 2575 2952 2647 γὰρ
2979 2575 3164 2645 μεῖζον
3194 2573 3268 2637 ὡς
3294 2572 3574 2635 ἐλάττονος
3610 2572 3708 2640 μεῖι

2139 2668 2232 2732 ζον
2261 2669 2498 2736 λέγεται.
2528 2667 2601 2721 Τὸ
2627 2667 2684 2721 δὲ
2709 2669 2895 2736 ὅμοιον
2925 2667 3025 2720 οὑκ
3057 2666 3126 2720 ἃν
3157 2666 3232 2730 ὡς
3261 2665 3516 2734 ἀνομοίου
3540 2662 3729 2734 μεῖζον

2139 2758 2360 2828 λεχθείη
2394 2757 2548 2821 ποτὲ,
2593 2757 2712 2810 οὐδὲ
2733 2757 2922 2824 ὥσπερ
2948 2756 3007 2808 τὸ
3032 2755 3217 2824 μεῖζον
3241 2755 3327 2807 διὰ
3352 2754 3411 2807 τὸ
3433 2754 3727 2823 ὑπερέχειν

2139 2847 2234 2901 τοῦ
2298 2849 2674 2917 ἀντικειμένου
2712 2847 2874 2901 τοῦτό
2911 2848 3062 2900 ἐστιν
3107 2848 3246 2916 ὅπερ
3288 2842 3428 2898 εἶναι
3468 2845 3726 2911 λέγεταισ

2138 2939 2280 2994 οὕτω
2306 2939 2400 2993 καὶ
2437 2938 2499 2992 τὸ
2535 2941 2721 3010 ὅμοιον
2754 2939 2841 2993 διὰ
2883 2939 2942 2992 τὸ
2986 2939 3170 3009 μεῖζον
3193 2933 3333 2992 εἶναι
3353 2937 3445 2991 τοῦ
3469 2937 3722 3006 ἀνομοίου

2137 3029 2463 3100 νοηθήσεται
2505 3029 2681 3084 τοῦτο.
2707 3030 2916 3084 Οὐκοῦν
2939 3029 3226 3102 ἑτερογενῆ
3249 3028 3462 3091 πάντως
3482 3027 3632 3080 ἔσται
3654 3027 3724 3081 τὰ

2137 3123 2234 3194 τὴν
2259 3123 2430 3195 αὐτὴν
2449 3122 2712 3194 διαίρεσίν
2732 3141 2791 3176 τε
2815 3124 2909 3177 καὶ
2933 3125 3064 3195 ὅρον
3081 3123 3182 3176 οὐκ
3205 3121 3587 3192 ἐπιδεχόμενα.

2834 3238 3043 3291 ΑΛΛΟ.

2207 3347 2287 3402 Τὰ
2322 3349 2458 3420 πρός
2497 3367 2548 3402 τι
2587 3348 2778 3419 ἔχοντα
2812 3348 2922 3401 τῶν
2965 3347 3324 3417 ὀνομάτων,ἢ
3369 3347 3462 3400 καὶ
3489 3347 3634 3408 ὅπως
3655 3345 3720 3415 δή

457 3434 602 3488 tione
636 3447 880 3506 respectu
913 3439 1136 3496 alterius
1169 3443 1442 3512 dicuntur,
1472 3447 1636 3503 simul
1668 3459 1721 3504 et
1751 3450 2028 3506 intellectu

2142 3441 2252 3492 ποτ’
2273 3436 2365 3494 οὖν
2404 3440 2540 3511 πρὸς
2580 3441 2768 3510 ἕτερόν
2809 3458 2862 3493 τι
2900 3439 3193 3510 λεγόμενα,
3217 3439 3335 3508 ἅμα
3376 3439 3494 3491 tam
3526 3438 3620 3491 καὶ
3651 3440 3718 3508 τῇ

456 3536 506 3577 ct
545 3538 734 3582 natura
770 3540 929 3596 sunt,
970 3542 1028 3587 ut
1066 3536 1298 3606 exempli
1335 3539 1541 3608 gratia,
1579 3539 1800 3611 duplum
1834 3551 1887 3598 et
1921 3558 2036 3598 ma-

456 3632 642 3684 gnum.
676 3619 903 3690 Duplum
932 3625 1075 3680 enim
1103 3628 1328 3683 omnino
1353 3643 1534 3684 secum
1564 3631 1771 3688 inducit
1799 3633 1848 3688 id
1880 3634 2035 3703 cujus

453 3718 537 3761 est
564 3709 806 3780 duplum,
830 3724 886 3768 et
910 3730 1167 3787 magnum
1194 3733 1376 3774 secum
1403 3721 1567 3776 etiam
1595 3721 1754 3778 aﬂ‘ert
1782 3739 2032 3795 parvum,

453 3800 611 3869 cujus
645 3809 1051 3874 comparatione
1084 3819 1170 3865 est
1207 3825 1481 3882 magnum.
1521 3812 1709 3884 Neque
1743 3819 1890 3872 enim
1926 3820 2034 3874 erit

453 3896 672 3966 duplum
701 3914 805 3955 non
834 3900 1133 3957 exsistente
1159 3904 1336 3960 medio
1364 3923 1380 3961 :
1407 3919 1586 3976 neque
1613 3923 1866 3978 magnum
1885 3951 1899 3976 ,
1927 3911 2030 3966 nisi

452 3996 721 4043 statuatur
742 3989 956 4059 aliquod
980 4006 1226 4062 parvum.
1253 3992 1378 4048 Haec
1403 4004 1488 4050 est
1514 3995 1678 4065 igitur
1699 4011 1884 4052 eorum
1911 4014 2032 4069 qua:

452 4078 518 4130 ad
555 4080 758 4149 aliquid
792 4091 916 4136 sunt
951 4082 1223 4149 deﬁnitio;
1262 4082 1440 4137 simile
1467 4099 1599 4140 vero
1636 4101 1742 4141 non
1779 4102 2032 4143 necessa-

451 4170 534 4225 rio
580 4185 684 4223 una
727 4185 848 4226 cum
895 4172 1143 4228 dissimili
1190 4173 1535 4245 intelligitur,
1574 4179 2025 4247 quemadmodum

451 4261 571 4323 illa,
607 4261 750 4316 sicut
783 4275 958 4330 neque
985 4261 1188 4330 justum
1225 4279 1346 4320 eum
1387 4263 1614 4332 injuste,
1649 4283 1822 4338 neque
1856 4269 2027 4325 virtus

449 4369 572 4406 cum
610 4353 762 4408 vitio.
802 4353 934 4408 Nam
981 4354 1243 4424 ejusmodi
1286 4357 1620 4428 privationes
1661 4360 1838 4430 potius
1879 4373 2025 4430 sunt,

447 4457 503 4499 et
531 4461 717 4501 eorum
750 4462 868 4515 quae
901 4450 951 4503 in
989 4449 1173 4505 habitu
1204 4452 1506 4506 consistunt
1536 4457 1862 4511 mutationes
1883 4498 1898 4521 ,
1932 4473 2026 4512 ne-

447 4551 552 4605 que
587 4538 1037 4607 quemadmodum
1074 4556 1134 4597 ea
1172 4559 1292 4612 quae
1325 4545 1391 4600 ad
1431 4545 1636 4615 aliquid
1672 4556 1824 4613 sunt,
1862 4547 2024 4602 simul

445 4647 570 4686 cum
606 4631 720 4686 suis
752 4634 1014 4701 oppositis
1050 4633 1444 4708 intelliguntur.
1477 4639 1686 4694 Similis
1721 4640 1863 4694 enim
1905 4657 2024 4696 mu-

448 4724 578 4778 tatio
609 4721 852 4792 quaedam
883 4734 969 4780 est
997 4725 1293 4792 dissimile,
1318 4725 1545 4796 iustitia:
1569 4744 1700 4785 vero
1733 4731 2021 4801 injustitia.

2141 3531 2322 3602 νοήσει
2360 3531 2453 3584 καὶ
2489 3533 2552 3602 τῇ
2595 3530 2790 3600 φύσει·
2835 3525 2946 3584 οἷον
2969 3531 3100 3603 φέρε
3143 3531 3335 3593 εἰπεῖν,
3361 3531 3420 3583 τὸ
3440 3529 3719 3582 διπλάσιον

2141 3622 2233 3675 καὶ
2278 3621 2339 3674 τὸ
2380 3621 2639 3690 μέγα.Τὸ
2681 3621 2781 3692 μὲν
2824 3622 2932 3692 γὰρ
2979 3621 3279 3683 διπλάσιον,
3307 3622 3716 3691 συνεισφέρειτι

2140 3710 2356 3774 πάντως
2397 3711 2573 3781 ἑαυτῷ
2617 3703 2678 3763 οὗ
2721 3710 2815 3764 καὶ
2854 3711 2969 3763 ἐστὶ
3011 3710 3309 3776 διπλάσιον,
3337 3711 3429 3764 καὶ
3472 3709 3532 3763 τὸ
3576 3710 3718 3780 μέγα

2141 3802 2461 3854 συνεισοίσει
2499 3801 2718 3865 πάντως
2762 3800 2942 3872 ἐαυτῷ
2965 3802 3025 3855 τὸ
3060 3802 3254 3872 μικρὸν
3286 3803 3420 3873 πρὸς
3445 3801 3473 3854 ὃ
3504 3802 3600 3855 καὶ
3632 3801 3719 3854 λέ-

2139 3908 2292 3960 γεται
2325 3891 2486 3960 μέγα.
2523 3890 2598 3943 Οὐ
2629 3888 2738 3960 γὰρ
2771 3891 2836 3943 ἂν
2881 3891 2966 3961 εἴη
3017 3891 3315 3955 διπλάσιον,
3348 3891 3571 3962 ἡμίσεος
3616 3891 3717 3943 οὐκ

2137 3982 2310 4048 ovs-os,
2343 3981 2458 4034 ἀλλ’
2484 3981 2604 4035 οὐδὲ
2647 3983 2809 4053 μέγα,
2848 3982 3046 4055 μικροῦ
3093 3983 3168 4056 μὴ
3216 3985 3504 4054 νοουμένου
3551 3984 3712 4046 τινός.

2136 4073 2219 4126 Τά
2253 4074 2350 4144 μὲν
2381 4069 2474 4126 οῦν
2508 4073 2644 4145 πρός
2690 4091 2744 4127 τι
2769 4074 2957 4137 τοῦτον
3003 4075 3117 4148 ἔχει
3158 4077 3250 4130 τὸν
3295 4078 3448 4146 ὅρον·
3477 4075 3540 4129 τὸ
3565 4075 3621 4128 δέ
3660 4091 3717 4144 ιε

2135 4167 2321 4237 ὅμοιον
2368 4167 2468 4220 οὐκ
2518 4166 2579 4233 ἐξ
2624 4166 2875 4239 ἀνάγκης
2917 4167 3036 4238 ἅμα
3080 4168 3157 4240 τῷ
3211 4168 3444 4239 ἀνομοίῳ
3489 4169 3712 4229 νοεῖται,

2137 4261 2388 4332 καθάπερ
2434 4262 2683 4316 κάκεῖνα·
2720 4261 2911 4334 ὥσπερ
2947 4263 3067 4318 οὐδὲ
3109 4262 3172 4317 τὸ
3219 4264 3428 4317 δίκαιον
3474 4262 3588 4331 ἅμα
3635 4259 3714 4329 τῷ
3755 4336 3759 4340 .

2134 4354 2327 4425 ἀδίκῳ,
2365 4354 2556 4426 οὐδὲή
2606 4356 2778 4428 ἀρετὴ
2825 4355 2940 4426 ἅμα
2985 4358 3052 4426 τῇ
3103 4356 3290 4427 κακίᾳ.
3322 4356 3405 4410 Τὰ
3455 4355 3554 4424 μὲν
3603 4354 3712 4426 γὰρ

2133 4446 2355 4500 τοιαῦτα
2385 4449 2668 4519 στερήσεις
2703 4448 2902 4520 μᾶλλόν
2931 4450 3037 4504 sict
3084 4450 3179 4502 καὶ
3220 4447 3486 4520 ἐκτροπαὶ
3514 4446 3621 4499 τῶν
3654 4447 3714 4498 ὲν

2132 4538 2242 4604 ἕξει
2271 4540 2559 4610 κειμένων,
2582 4541 2643 4593 οὐ
2677 4540 3126 4613 συνεισφέρεσθαι
3160 4541 3377 4604 πάντως
3405 4539 3709 4608 ὀφείλοντα,

2132 4631 2384 4701 καθάπερ
2413 4633 2505 4686 καὶ
2535 4633 2626 4685 ἐπὶ
2655 4633 2762 4687 τῶν
2802 4633 2940 4704 πρός
2983 4651 3037 4686 τι
3084 4633 3153 4686 τὰ
3199 4630 3569 4700 ἀντικείμενα.
3601 4629 3710 4682 Τοῦ

2133 4722 2235 4793 μὲν
2264 4722 2372 4794 γὰρ
2399 4722 2586 4792 ὁμοίου
2616 4724 2855 4793 ἐκτροπή
2887 4722 2969 4786 τίς
2997 4723 3114 4775 ἐστι
3142 4722 3202 4775 τὸ
3228 4721 3500 4792 ἀνόμοιον,
3527 4721 3625 4790 τῆς
3653 4718 3710 4772 δὲ

444 4815 578 4868 Cum
616 4831 777 4882 vero,
815 4816 968 4886 juxta
1013 4817 1228 4872 illorum
1269 4818 1644 4889 disciplinam,
1689 4821 2022 4891 privationes

2142 4814 2472 4886 ἲικαιοσύνης
2519 4817 2553 4885 ή
2597 4815 2798 4869 ἀδικία.
2817 4813 3034 4883 Ἐπειδὴ
3063 4813 3142 4877 δὲ,
3175 4813 3312 4867 κατὰ
3350 4812 3447 4883 τὴν
3486 4812 3711 4864 ἐκείνων

447 4907 717 4962 habitihus
748 4909 858 4964 sint
887 4909 1236 4976 posteriores,
1270 4925 1376 4964 uoti
1407 4913 1514 4965 erit
1546 4911 1728 4982 itaque
1757 4915 2024 4973 dissimile

443 5013 510 5051 ex
539 4997 608 5052 iis
632 5014 752 5068 quae
780 5016 883 5055 una
915 5001 1309 5073 intelliguntur.
1337 5017 1462 5058 eum
1491 5003 1671 5073 potius
1695 5007 1766 5061 sit
1794 5009 2022 5077 privatio

443 5097 498 5140 et
530 5089 758 5145 mutatio
788 5090 999 5148 similis.

1122 5208 1345 5265 ALIUD.

514 5312 800 5370 Nominutn
831 5331 948 5388 quae
977 5319 1043 5372 ad
1076 5320 1274 5389 aliquid
1303 5332 1459 5385 sunt,
1489 5323 1718 5378 alterum
1753 5325 2014 5393 quodam-

446 5406 605 5459 modo
638 5405 690 5460 in
724 5405 894 5462 altero
922 5422 1041 5464 esse
1069 5425 1228 5465 suum
1262 5412 1444 5478 habet,
1477 5424 1530 5466 et
1559 5417 1773 5471 sublato
1802 5432 1906 5472 uno
1936 5416 2013 5471 al-

383 5561 388 5564 ,
447 5507 616 5552 terum
657 5499 820 5552 etiam
861 5499 1065 5556 interit.
1105 5502 1569 5570 Quemadmodum
1609 5507 1770 5576 igitur
1807 5509 2016 5564 sublato

447 5588 670 5657 majore,
718 5589 921 5644 tollitur
961 5592 1124 5647 etiam
1171 5595 1379 5660 minus;
1430 5612 1605 5666 neque
1647 5599 1790 5654 enim
1838 5600 2016 5654 minus

446 5679 650 5747 aliquid
697 5676 881 5742 fuerit,
924 5680 1026 5734 nisi
1069 5683 1297 5736 exsistat
1340 5687 1533 5756 majus,
1574 5686 1724 5755 cujus
1770 5699 2014 5756 respectu

445 5785 628 5825 minus
656 5781 754 5824 est.
787 5770 839 5824 St
869 5786 995 5840 ergo
1025 5772 1197 5828 simile
1225 5774 1461 5842 ejusdem
1504 5779 1715 5848 generis
1744 5795 1858 5834 esse
1887 5794 2008 5836 cum

2124 4909 2341 4979 τέχνην,
2375 4907 2432 4959 ai
2461 4907 2745 4978 στερήσεις
2776 4906 2883 4958 τῶν
2912 4904 3080 4968 ἕξεων
3104 4903 3376 4976 δεύτεραι,
3399 4904 3500 4956 οὐκ
3531 4903 3598 4956 ἂν
3623 4904 3709 4972 είή

2123 5001 2232 5054 τῶν
2270 5000 2387 5069 ἅμα
2420 4998 2723 5066 νοουμένων
2774 4997 2834 5050 τὺ
2863 4997 3135 5068 ἀνόμοιον,
3173 4997 3425 5070 στέρησις
3473 4996 3567 5049 καὶ
3615 4996 3708 5046 ὲκ-

2125 5089 2301 5158 τοοπὴ
2333 5085 2428 5140 τοῦ
2466 5086 2650 5157 ὁμοίου
2685 5087 2970 5157 τυγχάνον.

2813 5206 3018 5262 ΛΛΛο.

2203 5323 2284 5375 Τὰ
2317 5325 2451 5393 πρός
2482 5341 2534 5376 τι
2562 5324 2751 5392 ἔχοντα
2786 5323 2893 5377 τῶν
2921 5324 3202 5395 ὀνομάτων
3231 5340 3342 5376 οιον
3370 5323 3428 5376 ὲν
3455 5321 3707 5394 ἀλλήλοις

2124 5413 2237 5485 ἔχει
2263 5413 2325 5468 τὺ
2351 5409 2512 5477 εἶναι,
2563 5415 2656 5468 καὶ
2679 5416 2798 5477 ἑνὸς
2825 5415 3203 5486 ἀναιρεθέντος
3227 5417 3327 5471 οὐκ
3350 5415 3467 5470 ἐστι
3497 5416 3561 5468 τὸ
3585 5414 3706 5469 Esti-

2123 5520 2303 5574 τερον.
2331 5505 2545 5575 Ὠσπερ
2587 5501 2682 5559 οὖν
2725 5505 2818 5558 καὶ
2861 5506 3245 5576 ἀναιρεθέντος
3288 5511 3383 5563 τοῦ
3435 5507 3702 5579 μείζονος,

2125 5597 2531 5665 συναναιρεῖται
2556 5596 2772 5659 πάντως
2790 5597 2851 5650 τὸ
2876 5597 3096 5652 ἔλαττον
3117 5615 3131 5628 ·
3163 5601 3224 5652 οὐ
3255 5600 3362 5672 γὰρ
3390 5600 3456 5654 ἂν
3482 5598 3705 5652 ἔλαττον

2120 5687 2206 5757 εἴη
2242 5704 2315 5746 τι.
2358 5687 2433 5757 μὴ
2465 5688 2615 5751 ὁντος
2653 5689 2915 5758 μείζονος,
2951 5685 3012 5744 οῦ
3046 5692 3140 5745 καὶ
3170 5691 3317 5744 ἔστιν
3362 5691 3603 5744 ἔλαττον.
3641 5691 3702 5741 Ei

2119 5779 2297 5835 τοίνυν
2326 5780 2583 5850 ὁμογενὲς
2604 5777 2739 5834 εἷναί
2761 5798 2894 5851 ψστε
2926 5784 3036 5845 τοῖς
3058 5785 3190 5854 πρός
3215 5802 3266 5837 τι
3293 5785 3383 5840 καὶ
3412 5785 3470 5837 τὸ
3492 5785 3697 5850 ὅμοιον,
