4032 6212
332 304 422 359 "9

1727 286 1817 343 ΤΗ
1827 284 2168 343 ESAURUS.

3457 286 3561 342 150

325 417 598 490 ἀναιρεθὶν
624 414 803 479 αὑτὸν,
838 409 1229 484 συναναιρείτω
1252 409 1313 464 rb
1351 410 1621 481 ἀνόμοιον,
1657 409 1751 461 καὶ
1778 426 1896 461 συν-

2001 402 2309 457 nominibus
2337 416 2456 472 qua:
2484 402 2549 458 ad
2580 401 2780 472 aliquid
2808 412 2936 459 sunt
2965 401 3219 468 censetis,
3244 402 3455 459 sublato
3484 408 3557 460 si-

323 508 639 582 αναιρεὶσθω
690 507 855 563 πάλιν
909 504 1125 575 ἐκείνῳ.
1161 502 1300 556 Ἀλλ’
1346 500 1407 555 οὐ
1464 503 1887 571 συναναιρεῖται,

323 602 429 655 οὐδὲ
459 601 573 672 μὴν
598 599 842 670 ἀναιρεῖ*
883 597 1036 660 ὄντος
1064 596 1174 665 γάρ
1203 611 1348 657 τινος
1389 590 1698 663 ἀνθρώπου,
1728 590 1890 662 τυχὸν

320 701 461 753 ἔσται
493 715 550 750 τι
576 694 635 748 rb
658 692 910 763 ἀνόμοιον
939 686 1087 758 αὒτῷ
1108 705 1121 719 ο
1143 687 1238 741 καὶ
1270 684 1647 761 ἀναιρεθέντος
1677 683 1774 738 τοῦ
1806 684 1892 737 ἀν·

322 792 524 862 ομοίου,
553 787 616 842 οὐ
649 783 1053 854 συναναιρεῖται
1093 781 1152 834 rb
1185 779 1269 844 δν,
1299 779 1575 833 τουτέστιν
1603 777 1632 830 ὁ
1677 776 1887 849 ἀνθρω-

322 899 430 945 πος,
465 874 529 934 οὗ
562 878 659 933 καὶ
686 876 913 945 γέγονεν
935 873 1191 943 ἀνόμοιον
1216 870 1278 924 rb
1301 869 1606 941 ἀναιρεθέν.
1641 869 1754 921 Οὐκ
1781 866 1890 938 ἀρα

320 975 418 1029 τῶν
462 974 604 1044 πρὸς
638 969 839 1041 ἄλληλα
885 963 1194 1036 λεγομένων
1226 961 1286 1016 rb
1324 962 1509 1033 ὅμοιον
1546 959 1638 1013 καὶ
1686 958 1748 1012 rb
1796 959 1890 1012 ἀν-

316 1066 512 1134 ὁμοιον.

1002 1170 1203 1223 ΔΛΛΟ.

390 1288 514 1343 Ἐπὶ
553 1285 654 1341 τοῦ
688 1283 872 1357 ὁμοίου
923 1283 1018 1339 καὶ
1043 1283 1143 1353 τῆς
1170 1280 1372 1353 ἀρετῆς
1399 1280 1491 1335 καὶ
1517 1279 1626 1333 τῶν
1654 1278 1890 1332 ἀντικει-

320 1377 488 1448 μένων
531 1374 746 1438 τούτοις
781 1373 1022 1444 χωρήσει
1061 1369 1125 1423 rb
1169 1369 1370 1441 μᾶλλον
1414 1368 1509 1422 καὶ
1539 1362 1888 1439 ⁴ἤττον.¹’ῐζστι

317 1470 418 1539 γὰρ
460 1469 642 1521 εἰπεῖν
686 1466 747 1519 οὐ
789 1464 1118 1534 ψευδόμενον
1149 1461 1300 1515 τόνδε
1345 1460 1468 1514 τινὰ
1511 1460 1674 1528 τυχὸν
1705 1458 1888 1528 ὅμοιον

316 1558 461 1629 τῷδε,
479 1557 582 1612 καὶ
610 1550 771 1630 ἧττον
797 1555 831 1625 ἢ
866 1554 1065 1625 μᾶλλον
1090 1552 1292 1624 ὅμοιον,
1315 1552 1407 1605 καὶ
1432 1548 1631 1623 μᾶλλον
1657 1548 1885 1612 δίκαιον,

318 1651 403 1703 καὶ
431 1649 647 1703 δίκαιον
678 1642 1003 1719 ἧττον.Ἐπ“ι
1038 1644 1136 1715 μέν
1181 1660 1263 1698 τοι
1312 1641 1407 1697 τοῦ
1458 1642 1703 1713 μείζονος
1726 1641 1760 1711 ἢ
1793 1640 1887 1694 καὶ

317 1742 402 1796 τοῦ
449 1739 756 1803 ἐλάττονος,
784 1734 1128 1797 διπλασίονός
1170 1751 1230 1787 τε
1278 1733 1372 1787 καὶ
1417 1732 1663 1803 ἡμίσεος,
1696 1731 1793 1785 οὐκ
1822 1729 1887 1785 ἀν

316 1836 450 1887 εἴποι
477 1849 595 1895 τις,
631 1828 829 1899 μᾶλλον
863 1824 1102 1898 μεῖζονῆ
1136 1824 1334 1896 μᾶλλον
1368 1822 1657 1894 ἔλαττον,ἢ
1692 1822 1889 1893 μᾶλλον

314 1917 645 1986 διπλάσιονῆ
672 1916 871 1987 μᾶλλον
894 1915 1088 1985 ἣμισυ.
1106 1913 1456 1967 ’Δνεπίδεκτα
1476 1912 1584 1984 γὰρ
1604 1911 1697 1965 τοῦ
1722 1912 1889 1966 ποσοῦ

316 2011 379 2064 τὰ
416 2014 518 2082 τῆς
562 2010 852 2079 ποιότητος
893 2007 1008 2078 εῐδη
1041 2006 1130 2060 διά
1161 2007 1370 2060 πολλῶν
1400 2007 1797 2061 ἀποδέδεικται.
1827 2008 1890 2059 Ei

318 2102 483 2158 τοίνυν
507 2102 577 2157 rb
599 2103 786 2173 δμοιον
812 2099 908 2155 τοῦ
935 2099 1102 2154 ποσοῦ
1128 2098 1432 2171 χωρητικόν
1456 2100 1593 2164 ἐστι,
1622 2100 1714 2152 καὶ
1738 2099 1890 2170 δέχε-

318 2212 398 2249 ται
423 2194 485 2248 rb
522 2194 726 2266 μᾶλλον
752 2193 848 2247 καὶ
876 2191 937 2246 rb
968 2190 1208 2257 ἔλαττον,
1227 2192 1289 2246 οὐ
1310 2191 1612 2264 δεχομένων
1643 2192 1774 2245 αὐτὸ
1795 2191 1890 2245 τοῦ

319 2286 563 2355 ἡμίσεως
599 2283 696 2338 καὶ
728 2282 1032 2350 διπλασίου,
1065 2283 1162 2354 οὐχ
1188 2282 1445 2354 ὁμογενὲς
1472 2282 1580 2355 ἀρα
1613 2284 1724 2349 τοίς
1756 2283 1891 2356 πρός

319 2376 364 2429 τί
395 2378 569 2432 ἑστιν.

997 2490 1199 2546 ΑΛΛΟ.

385 2602 456 2656 Tb
487 2600 691 2673 μᾶλλον
720 2603 840 2674 ἦτοι
868 2602 929 2655 rb
956 2604 1138 2674 μεῖξον
1170 2604 1421 2668 ἐπίτασις
1450 2605 1567 2658 ἐστι
1600 2606 1693 2659 καὶ
1729 2604 1895 2675 ὑπερ-

317 2692 440 2765 ϐολή
494 2708 641 2757 τινος
684 2693 1011 2764 πράγματος
1059 2695 1459 2767 οίουδηποτοῦν,
1490 2697 1591 2750 οὐκ
1640 2697 1892 2767 ἀνομοίου

314 2782 457 2848 τινὸς
505 2784 601 2837 καὶ
648 2785 1029 2855 ἀντικειμένου
1077 2786 1307 2858 δήλωσιν
1355 2787 1487 2859 ἔχει.
1520 2787 1594 2841 Τὸ
1630 2787 1894 2859 δὲ’ὁμοιον

315 2877 413 2945 οὐχ
441 2873 638 2939 οὕτως.
667 2876 928 2948 Εἰσφέρει
957 2876 1066 2946 γὰρ
1098 2877 1190 2931 τοῦ
1222 2879 1475 2950 ἀνομοίου
1504 2880 1601 2951 τὴν
1632 2882 1890 2952 ἔμφασιν.

326 2968 533 3032 Ἀλλως
561 2985 619 3020 τε
646 2967 725 3038 τῷ
751 2968 850 3039 μὲν
873 2969 1109 3041 ἀνομοίῳ
1139 2971 1395 3043 στέρησις
1425 2972 1724 3027 ἀκολουθεῖ.
1743 2976 1894 3030 Ἀπο-

322 3057 449 3126 δολὴ
486 3059 597 3130 γὰρ
628 3059 721 3114 τοῦ
753 3060 941 3131 ὁμοίου
975 3061 1035 3114 rb
1077 3061 1330 3133 ἀνόμοιον
1373 3064 1686 3133 ἐργάζεται.
1721 3064 1795 3117 Tb
1836 3064 1895 3118 δὲ

1920 1765 1962 1820 Β

328 3120 526 3217 μᾶλλον
563 3120 653 3204 aut
701 3120 887 3222 μείζον
934 3120 1192 3216 ἐπίτασις
1220 3170 1366 3217 τινος
1573 3156 1734 3209 ποίαν
1784 3155 1893 3221 ἕξει
1920 3120 1962 3179 c

324 3240 426 3308 τὴν
448 3240 781 3313 ἀτυοὸολὴν,ἢ
804 3242 924 3307 πῶς
944 3243 1032 3296 ἐπ’
1050 3244 1215 3298 αὑτοῦ
1239 3247 1493 3318 στέρησις
1513 3246 1686 3314 ἔσται,
1707 3247 1894 3318 ῶσπερ

334 3329 432 3380 καὶ
478 3328 568 3383 ἐπὶ
589 3332 679 3383 τοῦ
707 3332 992 3403 ἀνομοίου;
1040 3334 1177 3387 Ἀλλ’
1210 3335 1309 3389 οὐκ
1344 3335 1411 3390 ἂν
1443 3336 1555 3407 ἔχοι
1584 3354 1668 3403 τις
1698 3338 1890 3391 εἰπεῖν.

346 3414 682 3487 Ἑτερογενὲς
705 3419 810 3491 ἀρα
838 3420 918 3491 τῷ
949 3423 1122 3493 ὁμοίῳ
1153 3425 1214 3475 rb
1246 3424 1450 3494 μεῖζον.

326 3528 528 3607 ΑΛμΛο,
576 3533 882 3607 ἀπόδειξιν
907 3534 1053 3603 ἕχον
1080 3534 1166 3588 ὅτι
1208 3534 1305 3607 διὰ
1336 3536 1444 3590 τοῦ
1469 3537 1749 3607 λέγεσθαι
1769 3540 1895 3607 μεί-

391 3599 533 3675 ζοοςα
562 3604 666 3675 τόν
696 3599 1427 3675 Πᾳτέραξσυνβισφέρεται
1459 3599 1576 3673 ιιὲῦ
1604 3599 1839 3675 πάντώς
1863 3610 1896 3661 δ

401 3671 554 3738 Hac,
592 3674 724 3728 ἐστι
753 3673 823 3726 δὲ
857 3677 969 3728 οὐκ
994 3671 1488 3731 ἐλάττων-ἀὺτοῦ.

388 3787 469 3840 Tb
499 3786 685 3858 μεῖζον
716 3788 771 3840 εί
791 3805 873 3852 τις
899 3789 1182 3859 ὁνομάσαι,
1210 3790 1535 3843 συνεισοίσει
1560 3791 1779 3855 πάντως
1802 3791 1896 3846 καὶ

325 3878 638 3946 ἀναγκαίως
668 3879 855 3948 ἕτερόν
898 3896 950 3931 τι
998 3881 1125 3949 παρ’
1157 3878 1290 3933 αὐτὸ
1316 3873 1378 3934 οῦ
1404 3882 1498 3934 καὶ
1526 3881 1643 3935 ἔστι
1692 3881 1893 3953 μεῖξον.

327 3970 482 4023 obrui
520 3968 810 4041 τοιγαροῦν
854 3968 1067 4040 ἔχοντες
1111 3970 1207 4026 τοῦ
1252 3972 1543 4043 νοήματος,
1580 3972 1713 4045 φέρε
1765 3977 1899 4028 κατ’

326 4060 458 4112 αὐτὸ
495 4059 594 4129 τὴν
644 4058 794 4111 Θείαν
841 4059 1182 4130 ἐξετάσωμεν
1215 4061 1487 4134 γέννησιν,
1515 4064 1609 4117 καὶ
1652 4062 1743 4118 τὸν
1770 4065 1898 4136 περὶ

325 4150 542 4221 Πατρδς
589 4151 684 4204 καὶ
730 4149 858 4204 Υίοῦ
904 4151 1271 4223 γυμνάσωμεν
1322 4153 1674 4224 λόγον.’οταν
1718 4157 1899 4211 τοίνυν

322 4242 553 4312 λέγηται
584 4242 785 4312 μείζων
817 4244 845 4297 ὁ
867 4244 1079 4317 Πατὴρ,
1110 4244 1449 4316 συνεισφέρει
1469 4244 1568 4317 μὲν
1593 4246 1810 4310 πάντως
1839 4247 1899 4301 rb

323 4333 380 4388 ὲν
424 4332 605 4403 σχέσει
648 4336 714 4405 τῇ
766 4335 902 4406 πρὸς
929 4335 1112 4403 αὑτὸν,
1138 4335 1236 4408 τὴν
1261 4334 1393 4390 Υίοῦ
1429 4336 1703 4408 σημασίαν
1732 4338 1896 4409 φημι,

1991 492 2127 555 mili,
2171 492 2356 547 interit
2398 492 2560 545 etiam
2605 502 2661 546 et
2704 492 2992 559 dissimile,
3027 492 3294 563 simulque
3335 505 3557 563 pereant

1990 595 2210 637 necesse
2246 590 2350 636 est.
2387 580 2499 651 θα
2534 580 2638 636 Sed
2675 597 2845 652 neque
2881 583 3232 649 interimitur,
3268 599 3441 653 neque
3478 585 3559 639 in-

1989 671 2192 726 terimit
2221 690 2235 726 :
2266 686 2387 726 cum
2416 672 2559 726 enim
2596 672 2798 742 aliquid
2828 675 2899 727 sit
2928 674 3111 736 homo,
3138 673 3242 728 erit
3268 673 3429 729 etiam
3462 673 3559 727 ali-

1988 763 2115 832 quid
2146 763 2194 817 ei
2225 762 2509 826 dissimile,
2542 772 2596 816 et
2626 762 2839 817 sublato
2872 762 3144 828 dissimili,
3177 778 3285 818 non
3320 764 3463 833 perit
3489 764 3563 818 si-

1989 857 2100 911 mul
2130 856 2182 910 id
2208 856 2351 925 quod
2377 864 2515 919 erat,
2554 855 2657 910 hoc
2688 862 2769 910 est
2808 856 2991 919 homo,
3036 855 3123 910 cui
3154 854 3417 911 dissimile
3444 863 3562 910 erat

1989 948 2130 1019 quod
2168 947 2348 1018 periit.
2385 946 2575 1002 Simile
2611 946 2774 1015 igitur
2805 956 2860 1000 et
2893 946 3155 1001 dissimile
3189 960 3297 1002 non
3333 952 3461 1004 sunt
3494 946 3560 1002 ad

1988 1036 2213 1107 aliquid.

2660 1145 2892 1203 ALIUD.

2063 1262 2137 1319 De
2164 1262 2323 1317 simili
2352 1271 2407 1315 et
2428 1262 2626 1316 virtute
2651 1271 2812 1330 atque
2843 1262 3034 1315 horum
3065 1262 3328 1331 oppositis
3360 1261 3563 1317 dicitur

1990 1354 2161 1424 magis
2206 1362 2247 1408 ιι
2284 1353 2481 1407 minus.
2504 1350 2642 1406 Vere
2671 1352 2813 1405 enim
2851 1352 2955 1406 dici
2990 1362 3186 1420 potest,
3213 1353 3355 1408 hunc
3376 1352 3455 1408 illi
3487 1355 3563 1408 si-

1990 1442 2169 1497 milem
2202 1456 2351 1505 esse,
2380 1448 2434 1494 et
2470 1441 2651 1494 minus
2680 1448 2773 1493 aut
2804 1440 2975 1505 magis
3005 1440 3237 1495 similem
3257 1481 3273 1507 ,
3304 1451 3360 1497 et
3390 1443 3564 1512 magis

1990 1544 2085 1588 aut
2125 1533 2303 1588 minus
2357 1532 2585 1603 justum.
2618 1529 2683 1584 Et
2722 1530 2788 1585 de
2834 1532 3004 1602 magis
3074 1532 3235 1602 duplo
3273 1542 3328 1588 et
3388 1535 3564 1590 medio
3654 1558 3664 1569 ο

1987 1623 2094 1678 dici
2140 1636 2243 1676 non
2288 1630 2466 1691 potest
2520 1623 2691 1692 magis
2740 1622 2937 1691 majus,
2987 1620 3072 1676 vel
3120 1622 3289 1691 magis
3348 1623 3563 1690 minus,

1989 1722 2081 1769 aut
2104 1715 2275 1785 magis
2292 1713 2533 1783 duplum,
2554 1713 2639 1768 vel
2656 1714 2827 1781 magis
2846 1712 3400 1781 medium.Qualitatis
3417 1716 3563 1770 enim

1991 1804 2197 1875 species
2230 1804 2512 1873 ineapaces
2533 1819 2653 1860 esse
2680 1804 2997 1874 quantitatis
3028 1819 3098 1860 ex
3128 1802 3312 1860 multis
3340 1806 3566 1861 demon-

1992 1903 2216 1950 stratum
2250 1906 2351 1950 est.
2385 1896 2440 1950 Si
2485 1911 2612 1966 ergo
2652 1896 2831 1950 simile
2875 1897 3196 1967 quantitatis
3236 1911 3408 1967 capax
3449 1907 3563 1964 est,

1993 1985 2293 2054 recipitque
2318 1987 2486 2057 magis
2503 1996 2556 2040 et
2574 1987 2767 2049 minus,
2788 1987 3067 2041 dimidium
3101 2004 3233 2043 vero
3260 1997 3315 2044 et
3346 1989 3564 2060 duplum

1994 2076 2046 2129 id
2065 2091 2175 2141 non
2192 2078 2456 2146 recipiunt
2480 2094 2493 2141 ;
2523 2094 2629 2132 non
2654 2093 2784 2147 ergo
2807 2078 3298 2150 ejusdemgeneris
3316 2083 3423 2137 erit
3440 2096 3564 2136 cum

1995 2166 2060 2224 iis
2090 2185 2209 2240 quze
2237 2177 2367 2224 sunt
2392 2168 2459 2224 ad
2490 2168 2731 2239 aliquid._

2666 2486 2896 2543 MJUD.

2064 2595 2233 2667 Magis
2268 2597 2381 2657 sive
2411 2600 2580 2670 majus
2608 2602 2961 2657 intentionem
2992 2610 3155 2672 atque
3190 2601 3572 2662 excellentiam

1994 2686 2220 2759 alicujus
2256 2691 2332 2744 rei
2372 2691 2669 2763 signiﬁcat,
2704 2708 2809 2747 non
2848 2704 3026 2747 autem
3067 2693 3330 2748 dissimile
3364 2694 3565 2764 aliquid

1993 2786 2048 2833 et
2086 2781 2393 2849 oppositum
2440 2781 2663 2836 indicat.
2710 2781 2900 2838 Simile
2941 2797 3072 2838 vero
3120 2800 3226 2839 non
3272 2786 3400 2840 item
3430 2801 3444 2836 :
3472 2784 3567 2840 de-

1995 2881 2263 2927 monstrat
2293 2874 2433 2927 enim
2470 2874 2520 2929 id
2555 2873 2696 2943 quod
2728 2875 2989 2930 dissimile
3019 2884 3123 2931 est.
3158 2875 3391 2931 Amissio
3420 2877 3564 2930 enim

1998 2964 2215 3029 similis.
2241 2964 2503 3019 dissimile
2531 2963 2693 3020 ellicit
2722 2983 2735 3019 :
2764 2965 2899 3020 adde
2925 2968 3067 3036 quod
3096 2966 3359 3021 dissimile
3384 2968 3567 3036 sequi-

1998 3064 2086 3110 tur
2112 3055 2361 3125 privatio.
2394 3054 2562 3126 Magis
2591 3072 2719 3113 vero
2748 3067 2803 3112 et
2835 3058 3012 3112 minus
3041 3073 3162 3112 cum
3194 3058 3303 3112 sint
3332 3059 3567 3114 intensio

1995 3145 2221 3214 alicujus
2263 3144 2361 3211 rei,
2404 3159 2648 3214 quaenam
2695 3146 2746 3199 in
2788 3146 2871 3200 his
2913 3146 3157 3211 amissio,
3204 3157 3297 3201 aut
3336 3148 3564 3216 privatio

1994 3236 2159 3290 statui
2202 3244 2395 3305 potest,
2434 3243 2491 3289 ut
2532 3235 2585 3290 in
2630 3235 2915 3291 dissimili?
2951 3234 3109 3292 Nulla
3151 3248 3319 3293 certe.
3360 3236 3566 3295 Diversi

1996 3325 2161 3394 igitur
2189 3327 2405 3395 generis
2434 3336 2560 3382 sunt
2591 3326 2769 3381 simile
2798 3336 2853 3381 et
2883 3328 3079 3399 majus.

1996 3523 2231 3597 ALIUD,
2259 3526 2625 3597 demonstrans
2658 3542 2751 3595 per
2777 3527 2841 3597 id,
2860 3529 2999 3597 quod
3032 3527 3230 3582 dicitur
3260 3528 3420 3586 Pater
3446 3548 3559 3586 nm-

2060 3594 2173 3662 jor,
2202 3596 2359 3715 simul
2386 3598 2542 3650 etiam
2573 3594 2768 3665 inferre
2795 3594 3017 3664 Filium,
3053 3600 3226 3654 minor
3250 3611 3424 3657 autem
3453 3604 3566 3671 ipso

2067 3679 2170 3715 non
2196 3680 2248 3715 88
2274 3703 2291 3715 .

2067 3679 2170 3716 non
2196 3679 2291 3719 881.

2072 3787 2128 3843 Si
2162 3789 2283 3857 quis
2314 3791 2556 3845 nominet
2591 3793 2797 3861 majus,
2830 3794 3139 3849 necessario
3170 3796 3333 3849 etiam
3372 3794 3568 3850 inferet

1998 3876 2141 3931 aliud
2169 3876 2442 3946 quidpiam
2472 3887 2667 3947 prmter
2713 3881 2764 3934 id
2791 3881 2951 3948 cujus
2982 3890 3228 3949 respectu
3257 3884 3434 3951 majus
3459 3893 3566 3939 est.

1999 3969 2151 4037 Quod
2179 3983 2301 4023 cum
2332 3968 2405 4023 ita
2437 3971 2657 4027 omnino
2688 3987 2747 4028 se
2778 3972 3005 4038 habent,
3034 3988 3132 4043 age
3161 3973 3263 4029 hac
3291 3977 3454 4030 etiam
3485 3991 3570 4032 ra-

2001 4059 2145 4115 tione
2175 4059 2407 4114 divinam
2438 4065 2839 4130 generationem
2872 4064 3251 4136 exploremus,
3275 4075 3329 4121 et
3356 4079 3568 4121 sermo-

2000 4165 2122 4206 nem
2157 4150 2222 4207 de
2253 4150 2413 4211 Patre
2443 4162 2497 4208 et
2527 4152 2663 4213 Filio
2691 4155 3096 4227 investigemus.
3125 4157 3262 4213 Cum
3294 4158 3459 4224 igitur
3483 4159 3570 4214 di-

2000 4243 2141 4299 citur
2176 4244 2350 4312 major
2379 4241 2562 4311 Pater,
2599 4244 2830 4301 infertur
2864 4249 3086 4305 omnino
3126 4249 3286 4304 etiam
3333 4250 3383 4304 id
3423 4251 3569 4320 quod

2001 4333 2320 4390 relationem
2368 4335 2435 4390 ad
2483 4336 2659 4406 ipsum
2706 4336 2898 4404 habet.
2947 4341 3201 4395 nimirum
3246 4340 3571 4411 signiﬁcatio

324 4424 452 4478 καθ’
476 4419 546 4494 ἧς
583 4425 646 4478 rb
672 4424 892 4480 ἔλαττον
922 4426 1133 4480 νοοῦσιν
1174 4427 1225 4480 οί
1268 4427 1645 4499 χριπομάχοι.
1677 4428 1896 4482 Συνεισ-

2006 4422 2149 4489 Filii,
2174 4425 2225 4479 in
2250 4441 2355 4495 qua
2379 4427 2556 4482 minus
2576 4427 2915 4483 constituunt
2937 4430 3120 4486 hostes
3141 4431 3366 4486 Christi.
3390 4431 3573 4498 Quan-

325 4515 640 4587 ενεχθέντος
667 4517 956 4588 τοιγαροῦν
992 4518 1303 4588 ἀναγκαίως
1332 4518 1409 4590 τῷ
1431 4520 1606 4589 Πατρὶ
1628 4518 1721 4573 τοῦ
1746 4518 1897 4589 Υίοῦ,

2005 4515 2294 4585 doqnidem
2327 4531 2457 4589 ergo
2490 4518 2801 4574 necessario
2840 4534 2945 4574 una
2982 4536 3105 4575 cum
3143 4520 3306 4575 Patre
3341 4522 3573 4577 infertur

329 4606 467 4678 φέρε
510 4607 894 4679 δοκιμάζωμεν
923 4609 1039 4675 πῶς
1069 4608 1181 4676 ἕξει
1226 4608 1289 4663 rb
1325 4610 1510 4680 μεῖξον
1534 4612 1562 4664 ὁ
1595 4610 1805 4683 Πατήρ.
1836 4612 1896 4664 El

2004 4602 2195 4671 Filius,
2218 4619 2335 4676 age,
2353 4607 2728 4666 examinemus
2758 4623 2865 4677 quo
2900 4620 3057 4678 pacto
3090 4609 3251 4665 Pater
3279 4613 3452 4678 major
3478 4612 3569 4665 sit.

327 4696 440 4766 γάρ
467 4695 627 4764 φύσει
659 4695 792 4759 Θεὸς
819 4696 847 4748 ὁ
880 4696 1024 4762 Υίδς,
1048 4696 1299 4769 καθάπερ
1326 4696 1420 4751 καὶ
1448 4698 1477 4750 ὁ
1508 4692 1719 4769 Πατὴρ,
1742 4695 1902 4767 φύσει

327 4783 552 4852 ἀγαθὸς,
602 4785 762 4854 φύσει
803 4784 1151 4858 δημιουργὸς,
1200 4785 1362 4855 φύσει
1417 4785 1691 4857 βασιλεὺς,
1750 4788 1903 4843 ποῖον

328 4873 485 4928 ἐσται
509 4876 571 4928 rb
607 4874 791 4947 μεῖζον
818 4877 874 4930 ἐν
904 4877 1099 4949 Πατρὶ,
1133 4876 1347 4948 ἔχοντος
1377 4878 1519 4932 αὐτά
1553 4878 1775 4944 τελείως
1807 4878 1904 4933 καὶ

328 4966 426 5020 τοῦ
454 4968 617 5036 Υἱοῦ;
644 4970 708 5023 El
741 4968 799 5023 δὲ
833 4970 910 5041 μὴ
955 4968 1068 5040 ἔχει
1106 4969 1345 5036 τελείως,
1374 4969 1493 5035 πῶς
1525 4968 1658 5034 Θεὸς
1694 4971 1811 5023 ἔστι
1843 4968 1905 5023 rb

326 5053 376 5130 ᾧ
391 5061 568 5115 τιτῶν
590 5060 811 5131 ἀγαθῶν
832 5061 1032 5128 ὲνδεεῖ;
1052 5061 1124 5114 Τὸ
1140 5060 1249 5131 γάρ
1276 5058 1430 5114 οῦπω
1455 5060 1551 5131 τῆς
1580 5060 1904 5132 ὀφειλούσης

327 5155 609 5223 προσεῖναι
638 5151 761 5223 Θεῷ
790 5151 1124 5225 τελειότητος
1148 5150 1568 5222 ἐπειλημμένον,
1595 5152 1696 5205 οὐκ
1726 5151 1793 5206 ἂν
1818 5153 1904 5226 εἴη

330 5240 492 5309 φύσει
522 5243 657 5306 Θεός
674 5257 691 5273 ’
728 5241 890 5311 φύσει
914 5242 972 5296 δὲ
993 5241 1124 5305 Θεὸς
1151 5242 1179 5295 ὁ
1200 5239 1348 5305 Υίόςο
1374 5240 1578 5305 τέλειος
1604 5241 1713 5313 ἀρα
1738 5241 1906 5297 inﬁdo

332 5348 441 5404 περ
481 5334 575 5387 καὶ
601 5333 632 5386 ὁ
659 5336 870 5406 Πατήρ.
888 5334 1103 5405 Ἐπειδὴ
1147 5334 1205 5388 δὲ
1250 5334 1455 5398 τέλειος
1493 5335 1522 5387 ὁ
1555 5334 1765 5406 Πατὴρ,
1808 5334 1907 5388 οὐκ

333 5424 571 5479 ἐλάττων
595 5426 818 5498 δηλαδή.
848 5426 1222 5498 Οἰκονομικῶς
1254 5427 1313 5481 δέ
1353 5444 1517 5500 φησιν
1560 5426 1754 5483 ἑαυτοῦ
1789 5427 1909 5501 μεί-

335 5516 465 5581 ζονα
489 5517 582 5571 τδν
612 5517 899 5591 Πατιρα,ἥ
925 5516 1059 5573 καΘὸ
1084 5519 1305 5587 γέγονεν
1332 5517 1640 5590 ἄνθρωπος,
1658 5534 1910 5591 παραχω-

339 5608 446 5678 ρῶν
468 5611 537 5680 τῇ
560 5608 660 5679 τῆς
682 5609 932 5681 Θεότητος
952 5610 1111 5679 φύσει
1134 5610 1194 5664 rb
1209 5610 1497 5682 ὑπερέχειν
1518 5609 1624 5666 τῶν
1645 5610 1903 5684 γενητῶν·

2002 4692 2060 4775 Si
2095 4695 2239 4750 enim
2274 4694 2443 4751 Filius
2476 4704 2563 4752 est
2595 4704 2789 4752 natura
2825 4697 2993 4764 Deus,
3026 4698 3482 4768 quemadmodum
3517 4708 3574 4753 et

2000 4786 2163 4842 Pater
2187 4796 2269 4843 est
2295 4796 2485 4843 natura
2519 4787 2711 4855 bonus,
2742 4798 2930 4845 natura
2959 4798 3196 4854 creator,
3228 4797 3421 4842 natura
3450 4804 3569 4855 rex,

2002 4877 2285 4950 qualenam
2313 4878 2422 4933 erit
2448 4879 2621 4952 majus
2652 4882 2705 4936 in
2738 4880 2917 4946 Patre,
2942 4880 3048 4951 91
3079 4895 3202 4935 cum
3228 4889 3283 4936 et
3310 4880 3479 4936 Filius
3509 4896 3576 4937 ea

2001 4967 2240 5039 perfecte
2282 4970 2510 5026 haheat?
2549 4971 2609 5026 Si
2649 4986 2777 5026 vero
2816 4969 3051 5041 perfecte
3090 4984 3199 5024 non
3244 4969 3425 5038 habet,
3467 4985 3576 5041 quo

2003 5069 2162 5135 pacto
2184 5060 2289 5116 dici
2311 5069 2489 5130 potest
2511 5063 2653 5117 Deus
2680 5062 2723 5115 is
2747 5063 2833 5115 cui
2862 5061 3078 5130 aliquod
3102 5061 3365 5117 bonorum
3391 5060 3576 5117 deest!
3672 5062 3675 5065 λ

2007 5148 2064 5205 ld
2096 5150 2240 5205 enim
2272 5153 2414 5222 quod
2441 5166 2562 5208 eam
2592 5167 2713 5222 qua:
2747 5152 2921 5207 inesse
2952 5151 3060 5208 Deo
3091 5151 3251 5207 debet
3285 5149 3574 5221 perfectio-

2010 5254 2135 5295 nem
2165 5256 2268 5295 non
2300 5241 2491 5308 habet,
2518 5242 2659 5298 Deus
2686 5255 2874 5296 natura
2903 5256 3026 5298 esse
3051 5257 3157 5297 non
3186 5251 3394 5310 potest;
3426 5243 3574 5313 atqui

2009 5332 2175 5387 Filius
2216 5344 2301 5387 est
2342 5334 2481 5390 Deus
2524 5343 2714 5389 natura
2752 5353 2765 5389 :
2804 5333 3077 5405 perfectus
3114 5334 3278 5405 igitur
3311 5336 3575 5404 quemad-

2009 5425 2227 5479 modum
2250 5434 2303 5480 et
2327 5424 2505 5479 Pater.
2527 5425 2661 5480 Cum
2687 5440 2815 5480 vero
2841 5424 3109 5494 perfectus
3131 5425 3202 5478 sit
3224 5420 3407 5492 Pater,
3428 5436 3575 5480 certe

2010 5516 2187 5570 minor
2211 5533 2314 5570 non
2340 5525 2443 5571 est.
2469 5516 2737 5571 Caeterum
2767 5525 3011 5587 respectu
3037 5516 3429 5571 incarnationis
3454 5529 3571 5569 ma-

2006 5609 2179 5678 jorem
2209 5609 2336 5663 dicit
2364 5609 2599 5676 Patrem,
2629 5611 2742 5664 sive
2767 5620 3035 5680 quatenus
3067 5609 3242 5664 factus
3269 5617 3351 5663 est
3383 5608 3570 5668 homo;

339 5702 430 5753 καὶ
459 5701 535 5769 τῷ
566 5702 708 5757 κατά
739 5701 897 5771 φύσιν
924 5703 1111 5773 Κυρίῳ
1138 5701 1199 5758 rb
1225 5704 1334 5762 ἀνω
1366 5704 1576 5759 κεῖσθαι
1604 5703 1777 5768 διδοὺς
1814 5704 1896 5771 τῆς

2014 5700 2255 5757 tribuens
2300 5700 2399 5757 hoc
2443 5712 2645 5757 natura:
2686 5701 2982 5758 divinitatis
3025 5710 3081 5755 ut
3125 5697 3388 5753 creaturis
3424 5702 3566 5746 ante-
