4032 6212
432 222 527 274 151
1449 224 1506 277 S.
1546 223 1821 279 CYRILLI
1863 226 2330 295 ALEXANDRINI
2370 225 2687 285 ARCHII‘ZP.

3572 230 3675 283 152

427 333 620 399 cellat;
670 340 724 389 et
769 333 997 388 Domino
1044 332 1338 392 secundum
1386 344 1635 390 naturam
1684 338 1787 393 hoc
1832 338 1995 392 ascri-

2109 337 2187 391 τοῦ
2210 337 2397 391 δούλου
2421 339 2654 410 μορφῆς,
2673 340 2720 391 εί
2745 337 2839 390 καὶ
2864 337 2947 390 ὅτι
2979 337 3214 408 μάλιστα
3235 339 3329 392 καὶ
3350 338 3511 403 αὐτὸς
3533 343 3676 395 κατὰ

426 428 561 481 bens
587 425 729 495 quod
756 424 939 480 servili
967 422 1142 480 forma
1173 424 1331 495 longe
1361 424 1605 494 superior
1628 433 1709 480 est
1735 464 1749 489 .
1779 428 1993 482 tametsi

424 516 589 570 etiam
630 516 746 585 ipse
780 516 1078 571 secundum
1115 524 1361 570 naturam
1399 514 1660 573 Dominus
1692 518 1797 583 sit;
1833 527 1995 587 atque

427 607 499 667 ita
537 606 755 677 quidem
796 608 1038 663 tribuens
1076 606 1245 673 Patri,
1285 615 1343 660 ut
1379 606 1551 676 major
1584 606 1675 673 sit,
1715 617 1775 661 ut
1815 616 1994 662 tamen

427 698 542 764 ipse
577 698 708 753 nihil
748 700 927 755 minus
960 698 1156 754 habeat
1189 698 1401 752 ratione
1430 698 1697 753 essentiaz.
1734 700 1810 755 lta
1848 700 1993 755 enim

425 789 531 842 crit
557 804 742 843 verum
774 790 1022 858 genimen
1054 797 1214 857 atque
1244 787 1422 858 imago
1447 787 1742 854 Gettiloris,
1769 805 1875 845 non
1902 790 1996 846 ali-

424 892 527 944 qua
560 880 622 931 ex
658 888 813 946 parte
842 889 1131 945 estpressa,
1166 876 1259 931 sed
1290 877 1659 933 omnimodam
1689 880 1995 936 similitudi-

424 979 547 1021 nem
586 980 705 1020 cum
748 968 864 1033 ipso
898 966 1339 1032 habens;'solius
1367 982 1498 1023 vero
1528 970 1710 1026 decori
1744 986 1908 1027 causa
1938 982 1996 1027 ut

423 1056 593 1110 Filius
623 1055 885 1124 majorem
919 1055 1180 1111 honorem
1213 1056 1356 1112 Patri
1390 1059 1597 1115 tribuit.

480 1240 483 1241 ν
509 1192 766 1247 Adversus
803 1192 1048 1257 dicentes,
1080 1195 1218 1263 quod
1257 1192 1417 1249 Pater
1444 1195 1513 1249 sit
1547 1196 1719 1265 major
1744 1194 1911 1251 Filio.

869 1371 1107 1439 Obiectio
1139 1374 1529 1428 haereticorum.

488 1484 676 1553 Pater,
718 1484 1005 1555 inquiunt,
1050 1499 1270 1557 semper
1307 1496 1463 1552 erat,
1508 1486 1677 1542 Filius
1721 1501 1849 1543 vero
1890 1503 1994 1544 non

422 1591 635 1646 semper
668 1594 682 1629 :
716 1591 823 1647 quo
855 1586 1015 1648 pacto
1052 1575 1216 1653 igitur
1246 1591 1353 1633 non
1390 1578 1497 1633 erit
1531 1577 1703 1646 major
1731 1577 1823 1648 qui
1858 1593 1996 1633 sem-

2103 428 2263 497 φὺσιν
2304 428 2524 499 Κύριος,
2574 430 2606 499 ἢ
2656 428 2716 481 τὸ
2760 428 2942 500 μεῖζον
2981 429 3324 500 παραχωρῶν
3368 429 3442 494 ὼς
3475 432 3674 501 "arpi,

2102 522 2251 583 οὐδὲν
2289 522 2387 593 μὲν
2418 515 2579 599 ἧττον
2608 518 2746 591 ἔχων
2776 518 2939 574 αὐτοῦ
2969 519 3111 573 κατὰ
3139 520 3229 574 τὸν
3248 522 3347 592 τῆς
3380 521 3569 585 οὐσίας
3591 524 3677 576 λό-

2101 633 2217 683 γον.
2237 613 2393 668 Οὕτω
2419 614 2528 686 γάρ
2551 614 2616 668 ἂν
2649 613 2734 684 εἴη
2763 612 2858 666 καὶ
2884 613 3106 683 γνήσιον
3131 612 3377 685 γέννημα
3397 615 3490 668 καὶ
3511 615 3675 669 εἰκὼν

2101 709 2268 771 ὄντως
2292 706 2384 760 τοῦ
2412 705 2821 781 γεγεννηκότος,
2849 706 2910 758 οὐ
2937 705 3077 765 κατά
3100 722 3151 757 τι
3176 708 3677 777 παρακεχαραγμὲ-

2102 817 2189 867 νη,
2219 798 2333 852 ἀλλ’
2372 798 2663 869 ὀλόκληρον
2709 796 2846 868 πρὸς
2894 795 3057 851 αὑτὸν
3093 794 3340 859 σώζουσα
3365 796 3465 869 τὴν
3500 798 3675 867 ὲμφέυ

2108 907 2255 961 ρειαν
2280 907 2292 920 ·
2340 890 2429 944 διὰ
2477 890 2534 944 δὲ
2586 888 2745 960 μόνον
2778 888 2839 941 τὸ
2867 886 3079 957 πρέπον
3122 886 3198 952 ὡς
3228 888 3356 953 Υίὸς
3392 888 3470 959 τῷ
3500 889 3677 960 Πατρὶ

2101 981 2269 1052 τιμὴν
2296 980 2585 1051 ἀπονέμων
2612 979 2710 1050 τὴν
2742 978 2982 1050 μείζονα.

2101 1202 2261 1271 Πρὸς
2298 1202 2450 1270 ξτοὺς
2494 1203 2784 1271 λέγοντας
2808 1203 2953 1326 ,ηὸτι
2991 1200 3205 1272 μείζων
3242 1204 3276 1257 ό
3312 1205 3516 1276 Πατὴρ
3568 1209 3677 1265 τοῦ

2883 1289 2975 1325 ου.

2883 1289 2975 1325 0v.

2362 1383 2682 1451 Ἀντίθεσις
2718 1384 2799 1450 ὡς
2833 1383 2901 1437 ἐκ
2939 1383 3059 1447 τῶν
3093 1387 3426 1455 αΙρετικῶν.

2185 1497 2243 1559 Ὀ
2272 1495 2484 1568 Πατὴρ,
2517 1494 2700 1567 φησὶν,
2730 1490 2799 1567 ἦν
2828 1495 2934 1562 ἀεὶ,
2966 1496 3069 1551 οὐκ
3095 1496 3184 1553 ἀεὶ
3207 1498 3264 1552 δὲ
3300 1499 3329 1552 6
3360 1499 3486 1569 Υἱός
3510 1516 3525 1529 ’
3562 1500 3679 1563 πῶς

2102 1583 2195 1647 οὖν
2223 1587 2323 1641 οὐκ
2355 1586 2505 1651 ἐστᾳὲ
2541 1585 2741 1655 μείζων
2767 1586 2796 1641 6
2824 1585 2914 1638 ἀεὶ
2944 1586 3204 1658 ὑπάρχων
3245 1587 3340 1647 τοῦ
3386 1588 3463 1661 μὴ
3504 1587 3678 1652 οὕτως

419 1684 517 1741 per
555 1668 774 1739 exsistit
807 1682 872 1723 eo
898 1668 989 1737 qui
1020 1682 1125 1733 non
1155 1668 1405 1741 semper?
1430 1669 1538 1723 Aut
1564 1684 1672 1740 quo
1698 1681 1857 1739 pacto
1883 1686 1989 1726 non

2109 1681 2277 1745 ἱντος;
2310 1675 2434 1743 Πῶς
2463 1674 2521 1741 δὲ
2545 1674 2646 1727 οὐκ
2679 1672 2918 1733 ἐλάττων
2943 1674 3036 1735 τοῦ
3065 1675 3254 1740 άῖδίως
3276 1678 3617 1757 ὑπάρχοντος
3649 1680 3680 1733 ό

420 1762 491 1815 sit
525 1761 702 1831 minor
732 1774 796 1827 eo
828 1760 918 1835 qui
953 1761 1021 1816 ab
1056 1769 1261 1824 aeterno
1290 1762 1507 1819 exsistit
1543 1761 1587 1817 is
1616 1763 1707 1831 qui
1758 1772 1996 1818 :eternus

421 1864 527 1905 non
572 1851 694 1906 eSt?
738 1849 793 1905 Si
836 1865 965 1909 vero
1011 1849 1181 1923 major
1220 1858 1304 1905 est
1350 1850 1515 1908 Pater
1554 1851 1725 1915 Filio,
1772 1853 2001 1909 diversae

419 1943 580 1998 ctiam
610 1942 861 2013 essentiae
889 1941 959 1998 ab
988 1941 1104 2013 ipso
1134 1942 1261 1998 erit.

916 2072 1126 2129 Salutio
1159 2074 1493 2143 objectionis.

496 2189 794 2260 Oportebat
820 2202 953 2244 sane
984 2202 1090 2243 non
1126 2188 1200 2243 ita
1236 2189 1418 2258 inepte
1448 2196 1610 2259 atquc
1642 2189 1851 2244 ruditer
1878 2206 1999 2259 pro-

416 2280 545 2349 poni
577 2293 797 2347 gravem
830 2278 1007 2341 hanc,
1040 2284 1097 2331 et
1136 2276 1423 2346 imperitiae
1448 2285 1642 2332 vestrae
1672 2279 1999 2334 convenien-

419 2382 530 2445 tem
558 2371 938 2439 quaestionem.
962 2366 1099 2424 Nam
1125 2384 1247 2425 cum
1272 2369 1640 2425 diversitatem
1666 2371 1918 2425 essentiae
1944 2371 1997 2425 in

417 2460 580 2516 Patre
603 2469 659 2515 et
685 2458 823 2515 Filio
847 2460 1075 2530 urgetis,
1103 2459 1356 2530 imperite
1382 2460 1673 2515 admodum
1700 2475 1767 2515 ex
1795 2460 2001 2529 majore

418 2561 473 2606 et
502 2552 711 2608 minore
737 2553 790 2615 id
816 2552 1049 2621 probare
1074 2550 1307 2607 studetis
1337 2568 1351 2605 :
1381 2552 1605 2622 proinde
1629 2566 1693 2607 ac
1719 2552 1763 2606 si
1791 2565 1854 2606 ea
1878 2566 2000 2622 quae

374 2694 375 2697 η
416 2644 612 2700 horum
648 2644 867 2715 rapacia
902 2652 1050 2709 sunt,
1083 2644 1396 2700 necessario
1430 2644 1570 2700 inter
1599 2658 1661 2700 se
1694 2644 1997 2699 substantia

418 2735 692 2792 diderant.
716 2735 881 2808 Atqui
913 2735 1109 2808 lapidis
1136 2737 1357 2806 quidem
1385 2736 1453 2791 ad
1480 2735 1738 2806 lapidem,
1765 2735 1894 2806 ligni
1928 2735 1997 2791 ad

420 2826 658 2896 lignum,
689 2826 924 2882 hominis
954 2826 1021 2895 ad
1052 2826 1363 2893 hominem,
1395 2825 1716 2881 substantia:
1747 2824 1885 2879 ratio
1916 2832 2000 2883 est

419 2918 631 2972 eadem.
661 2917 875 2971 Accidit
908 2925 1087 2975 tamen
1127 2917 1257 2988 ipsis
1289 2926 1345 2973 et
1378 2917 1552 2988 majus
1584 2928 1638 2972 et
1675 2918 1880 2972 minus.
1911 2915 2000 2970 Li-

419 3021 583 3076 gnum
613 3005 759 3061 enim
787 3006 935 3077 ligno
964 3005 1143 3076 majus
1172 3006 1471 3062 secundum
1502 3008 1727 3076 aliquid,
1756 3018 1810 3062 et
1837 3006 1998 3062 vicis-

422 3063 524 3153 sim
558 3098 738 3154 minus
770 3063 1014 3169 apparet.
1043 3063 1176 3155 ('Zum
1213 3100 1379 3171 igitur
1404 3100 1569 3157 etiam
1595 3063 1670 3157 iis
1699 3063 1819 3172 quae
1850 3101 1995 3169 ejus-
2027 3063 2070 3121 ϐ

422 3191 542 3244 dem
569 3191 887 3247 substantia:
913 3200 1037 3248 sunt
1064 3192 1241 3265 majus
1263 3201 1321 3247 et
1346 3192 1527 3248 minus
1554 3192 1787 3260 accidat,
1817 3193 2001 3260 inepte

421 3271 520 3337 vos
557 3297 624 3338 ex
663 3283 767 3339 hoc
799 3284 1173 3342 diversitatem
1208 3286 1464 3343 essentiae
1496 3287 1549 3341 in
1582 3285 1744 3343 Patre
1774 3297 1830 3342 et
1860 3286 2001 3342 Filio

422 3376 802 3431 demonstrare
848 3376 1116 3443 nitimini,
1154 3385 1501 3446 vestramque
1543 3379 1869 3433 dementiam
1914 3378 2001 3432 ni-

423 3467 720 3525 hilominus
758 3484 856 3539 per
887 3469 1006 3526 haec
1036 3469 1349 3526 declaratis.
1387 3468 1637 3541 Equalis
1670 3470 1816 3526 enim
1849 3468 1997 3525 Patri

422 3557 695 3614 exsistens
719 3557 924 3628 Filius,
953 3560 1221 3617 minorem
1252 3574 1312 3627 se
1342 3559 1473 3616 facit
1502 3560 1712 3617 ratione
1742 3560 1997 3616 incarna-

423 3648 607 3718 tionis,
638 3659 698 3706 nt
722 3650 981 3707 diximus.

1006 3944 1121 4017 93
1155 3944 1388 4003 ALIUD.

493 4081 628 4148 Qua:
670 4080 902 4135 naturali
947 4081 1091 4135 inter
1127 4095 1188 4135 se
1233 4079 1589 4135 similitudine
1629 4095 1734 4133 non
1784 4078 2002 4147 conjun-

425 4185 645 4243 gnttlttt‘,
677 4180 732 4226 et
767 4172 978 4225 ratione
1010 4171 1259 4226 essentia:
1292 4170 1567 4235 differunt,
1608 4184 1703 4245 per
1734 4170 1917 4225 simile
1948 4179 2005 4225 et

426 4264 720 4327 dissimile,
751 4278 859 4318 non
890 4278 1022 4319 vero
1052 4279 1147 4333 per
1178 4264 1351 4334 majus
1378 4271 1431 4317 et
1465 4262 1641 4317 minus
1670 4261 2001 4317 discernun-

2103 1769 2179 1843 μὴ
2210 1767 2377 1832 άῖδιος
2408 1766 2515 1833 (Iw;
2564 1767 2625 1819 Et
2656 1765 2713 1829 at;
2757 1765 2961 1839 μείζων
2990 1769 3019 1821 ό
3045 1768 3236 1841 Πατὴρ
3265 1768 3358 1835 φῦ
3390 1770 3546 1836 nos,
3583 1769 3683 1824 και

2101 1858 2437 1931 ἐτεροοὺσιος
2466 1856 2572 1928 ἄρα
2608 1856 2744 1929 πρὸς
2768 1856 2954 1913 αὐτόν.

2573 2072 2729 2143 apag
2767 2075 2955 2130 ταῦτα
2989 2078 3191 2143 λύσις.

2190 2188 2405 2260 Ἐχρῆν,
2435 2204 2479 2241 ω
2512 2186 2801 2259 βέλτιστοι,
2834 2188 2911 2258 μὴ
2955 2188 3076 2241 λίαν
3127 2188 3271 2244 οὑτω
3305 2190 3491 2254 κακῶς
3546 2190 3682 2261 μηδὲ

2100 2281 2343 2350 ἀτέχνως
2369 2277 2690 2349 προκεῖσθαι
2716 2276 2776 2330 τὸ
2800 2278 2965 2347 σοφδν
2987 2277 3054 2350 δὴ
3077 2278 3234 2334 τοῦτο
3265 2282 3366 2351 τῆς
3394 2282 3523 2351 ὑμῖν
3546 2300 3680 2353 πρε-

2103 2370 2312 2441 πούσης
2357 2369 2596 2440 ἀμαθίας
2647 2367 2962 2439 πρόϐλημα.
2996 2370 3355 2443 Είσφέροντες
3397 2374 3505 2445 γὰρ
3552 2376 3684 2444 ἡμῖν

2101 2460 2196 2515 ἐπί
2223 2478 2281 2514 τε
2310 2460 2523 2531 Πατρός
2552 2458 2649 2513 καὶ
2678 2458 2809 2514 Υίοῢ
2836 2458 2899 2512 τὸ
2925 2459 3284 2532 ἑτεροούσιον,
3312 2464 3421 2517 ἀπὸ
3448 2464 3541 2518 τοῦ
3568 2465 3686 2535 μεί-

2102 2551 2254 2618 ζονος
2276 2551 2371 2607 καὶ
2401 2549 2494 2604 τοῦ
2529 2550 2811 2614 ἐλάττονος
2837 2549 2936 2622 τὴν
2959 2551 3234 2621 ἀπόδειξιν
3254 2554 3488 2625 ἀμαθῶς
3514 2558 3685 2610 ποιεῖ-

2105 2643 2229 2699 σθαι
2286 2642 2639 2710 σπουδάζετε,
2687 2641 2879 2715 ὥσπερ
2918 2643 3233 2713 ἀναγκαίως
3271 2645 3504 2716 ἐχόντων
3551 2647 3688 2717 πρὸς

2102 2734 2307 2807 ἄλληλα
2333 2735 2431 2805 τὴν
2460 2733 2931 2807 ὲτεροουσιότητα,
2949 2735 3057 2791 τῶν
3085 2735 3185 2790 ὅσα
3212 2734 3415 2801 τούτων
3444 2737 3690 2806 πέφυκεν

2103 2822 2242 2880 εἶναι
2288 2826 2532 2889 δεκτικά.
2566 2826 2760 2893 Καίτοι
2793 2827 2933 2899 ξύλῳ
2974 2827 3074 2899 μὲν
3122 2828 3286 2880 παντὶ
3333 2827 3471 2901 πρὸς
3504 2820 3684 2894 ξύλον,

2104 2918 2199 2971 καὶ¹
2230 2916 2362 2988 λίθῳ
2406 2918 2542 2989 πρὸς
2572 2917 2742 2985 λίθον,
2774 2919 2869 2974 καὶ
2899 2917 3170 2991 ἀνθρώπῳ
3215 2917 3351 2989 πρὸς
3382 2917 3685 2989 ἄνθρωπον,

2103 3010 2203 3078 τῆς
2238 3006 2337 3077 μὲν
2368 3006 2556 3071 οὐσίας
2600 3009 2629 3063 ό
2674 3008 2832 3077 λόγος
2857 3010 2886 3063 6
2910 3007 3094 3075 αὐτός.
3148 3008 3420 3079 Πρόσεστι
3452 3007 3690 3074 δὲὅμως

2109 3100 2206 3152 καὶ
2234 3099 2294 3152 τὸ
2324 3100 2507 3170 μεῖξον
2544 3099 2639 3155 καὶ
2682 3099 2742 3154 τὸ
2769 3100 2989 3157 ἔλαττον
3009 3117 3023 3131 ⁸
3055 3098 3215 3166 ξύλον
3238 3099 3348 3170 γὰρ
3380 3098 3536 3164 ξύλου
3568 3100 3689 3170 μει-

2110 3192 2203 3257 ζον
2256 3192 2398 3246 κατά
2431 3209 2505 3257 τι,
2538 3193 2634 3247 καὶ
2691 3191 2854 3247 πάλιν
2907 3191 3111 3264 ὁμοίως
3165 3192 3384 3246 ἔλαττον
3417 3193 3687 3262 φαίνεται.

2122 3282 2502 3353 Ἐμὸαίνοντος
2531 3283 2709 3337 τοίνυν
2750 3284 2846 3337 καὶ
2887 3284 2982 3337 ἐπὶ
3030 3284 3141 3337 τῶν
3173 3283 3475 3353 ὁμοουσίων
3510 3282 3603 3337 τοῦ
3628 3300 3690 3337 τε

2112 3374 2357 3443 μείζονος
2386 3375 2482 3427 καὶ
2508 3373 2602 3427 τοῦ
2631 3374 2937 3440 ἐλάττονος,
2972 3376 3242 3450 περιττῶς
3276 3377 3436 3446 ὑμεῖς
3459 3376 3552 3429 ἐπὶ
3578 3376 3691 3433 Πα-

2105 3449 2254 3538 τρὸς⁸
2278 3466 2373 3519 καὶ
2405 3464 2535 3519 Υἱοῦ
2574 3466 2780 3539 ταύτην
2806 3449 3082 3535 ἀπόδειξιν
3110 3468 3349 3522 ποιεῖσθε
3373 3466 3467 3520 τοῦ
3501 3467 3686 3539 ἑτερο-

2105 3557 2318 3611 ουσίουο
2352 3557 2446 3611 καὶ
2475 3556 2791 3611 διὰ“τοὺτων
2818 3558 2876 3611 δὲ
2899 3557 3054 3615 οὐδὲν
3082 3575 3245 3629 ηττον
3271 3559 3335 3630 λη
3346 3558 3562 3630 ροῦντες
3594 3559 3687 3611 εὐ-

2110 3649 2534 3720 ρίσκεσθε.’1σος
2569 3649 2680 3719 γὰρ
2725 3647 2988 3720 ὑπάρχων
3035 3650 3066 3703 6
3094 3650 3225 3714 Υίδς
3268 3667 3345 3722 τῳ
3382 3651 3578 3721 “arpi,
3622 3648 3685 3701 τὸ

2108 3745 2329 3803 ἔλαττον
2376 3747 2459 3815 ἐφ’
2486 3742 2679 3799 ἑαυτοῦ
2723 3743 2935 3815 τίθησιν
2969 3745 3348 3817 οἰκονομικῶς,
3385 3745 3474 3818 [ὡς
3518 3744 3691 3801 δέδει-

2114 3854 2257 3889 κται.

2792 3951 2994 4005 ΑΛΛΟ.

2178 4075 2259 4129 Τά
2287 4075 2388 4145 τῆς
2415 4076 2550 4147 πρὸς
2580 4076 2787 4148 ἄλληλα
2831 4079 3069 4150 φυσικῆς
3112 4080 3426 4151 ὁμοιότητος
3458 4082 3685 4152 ἐστερη-

2110 4168 2266 4236 μένα,
2298 4166 2392 4219 καὶ
2426 4166 2566 4221 κατὰ
2591 4167 2684 4221 τὸν
2711 4167 2806 4222 τοῦ
2842 4187 2958 4234 πως
2989 4167 3130 4229 εἶναι
3160 4170 3315 4240 λόγον
3343 4172 3686 4243 διεστηκότα,

2105 4256 2184 4327 τῷ
2212 4258 2384 4339 ὁμοίῳ
2418 4258 2514 4312 καὶ
2536 4257 2614 4329 τῷ
2649 4260 2887 4335 ἀνομοίῳ
2918 4262 3163 4334 κρίνεται
3200 4263 3423 4335 μᾶλλον,
3446 4266 3541 4325 καὶ
3568 4266 3688 4319 οὐδέ

428 4364 533 4406 tur.
558 4352 614 4406 Si
638 4367 767 4422 ergo
791 4368 955 4407 unum
980 4366 1063 4409 est
1088 4353 1246 4410 Pater
1267 4364 1321 4409 et
1344 4353 1512 4408 Filius
1539 4354 1748 4407 ratione
1774 4362 2000 4421 naturae,

2111 4368 2215 4403 που
2260 4350 2339 4422 τῷ
2370 4368 2430 4403 τε
2470 4350 2676 4422 μείζονι
2730 4352 2822 4409 καὶ
2865 4353 2944 4426 τῷ
2989 4354 3255 4409 ἐλάττονι.
3287 4357 3349 4410 Εἰ
3380 4357 3479 4433 μὲν
3508 4353 3600 4412 οὖν
3630 4358 3690 4412 ’ἐν

428 4444 611 4498 dicant
635 4445 793 4500 nobis
815 4446 995 4502 acerbi
1024 4446 1113 4502 isti
1138 4446 1553 4516 disceptatores,
1579 4446 1854 4517 quomodo
1881 4462 1999 4499 ma-

421 4534 511 4601 jus
536 4544 590 4592 et
620 4536 799 4592 minus
826 4537 907 4593 eis
932 4547 1241 4608 competere
1272 4538 1511 4608 poterit?
1537 4536 1592 4591 Si
1624 4551 1752 4591 vero
1780 4537 2003 4593 alterius

426 4628 582 4697 plane
617 4629 955 4700 diversasque
989 4646 1018 4684 a
1056 4630 1218 4684 Patre
1249 4629 1507 4685 essentia:
1542 4630 1737 4684 Filium
1772 4644 1894 4685 esse
1930 4630 2004 4684 di-

426 4721 567 4784 citis,
595 4734 703 4789 quo
728 4729 887 4791 pacto
913 4735 976 4776 ea
1004 4735 1123 4791 quae
1152 4721 1309 4790 plane
1336 4720 1586 4776 essentia:
1615 4721 1825 4776 ratione
1856 4722 1998 4776 inter

426 4826 489 4867 se
523 4813 823 4879 dissident,
863 4816 1170 4886 comparari
1212 4815 1353 4870 inter
1389 4828 1448 4870 se
1487 4815 1781 4885 poterunt?
1817 4814 2004 4885 Neque

427 4905 571 4957 enim
616 4921 720 4959 non
765 4905 1023 4962 ridiculus
1063 4918 1188 4961 esse
1227 4906 1418 4975 possit,
1460 4904 1549 4974 qui
1594 4919 1711 4975 qua:
1750 4903 1893 4959 nulla
1941 4919 2008 4958 ex

427 5005 579 5065 parte
608 4998 932 5057 conveniant
964 4999 1106 5054 inter
1135 5013 1195 5054 se
1226 4996 1575 5066 compararit,
1608 4999 1809 5067 quique
1836 4994 2003 5051 solem

431 5087 573 5154 ligno
616 5088 1033 5167 splendidiorem
1082 5091 1268 5148 dicere
1311 5090 1559 5146 voluerit.
1603 5088 1659 5144 Si
1710 5103 1837 5160 ergo
1890 5103 2008 5158 qua:

431 5180 625 5234 diversi
658 5182 874 5251 generis
900 5192 1046 5245 sunt,
1071 5198 1100 5237 a
1130 5194 1312 5238 mutua
1341 5183 1482 5240 inter
1506 5197 1567 5239 se
1588 5180 2007 5252 comparatione

430 5270 726 5329 abhorrent
758 5294 768 5327 :
802 5273 984 5345 inepta
1022 5286 1169 5332 certe
1202 5288 1286 5332 est
1320 5275 1636 5348 propositio,
1671 5291 1797 5344 quae
1834 5274 2009 5346 majus

429 5371 484 5417 et
517 5363 695 5417 minus
728 5363 873 5431 Patri
911 5375 968 5420 et
1005 5365 1142 5421 Filio
1176 5367 1589 5431 accommodat,
1627 5368 1670 5422 si
1709 5366 1867 5421 modo
1900 5381 2006 5420 nou

430 5454 670 5523 ejusdem
694 5496 707 5517 ,
733 5455 885 5525 juxta
916 5469 1155 5531 vestram
1185 5459 1493 5529 opinionem
1514 5499 1530 5525 ,
1564 5468 1690 5515 sunt
1717 5458 1970 5515 essentia:
1995 5496 2012 5525 ,

435 5555 489 5606 et
510 5560 628 5623 qua:
652 5563 770 5611 eam
796 5550 1047 5605 essentia:
1072 5550 1439 5607 diversitatem
1465 5551 1823 5615 demonstrat,
1846 5564 2011 5621 quam

432 5640 580 5695 nesci
593 5656 624 5695 ο
645 5642 781 5698 unde
799 5640 1162 5719 excogitariut
1179 5644 1243 5698 de
1262 5653 1457 5700 natura
1474 5644 1713 5702 omnium
1732 5655 2007 5713 suprema,

2113 4440 2261 4494 ἐστιν
2286 4442 2314 4494 ό
2341 4441 2528 4514 Πατὴρ
2558 4443 2634 4507 ὡς
2661 4444 2799 4518 πρὸς
2816 4444 3059 4499 τόννΥἱὸν
3085 4448 3227 4501 κατὰ
3246 4446 3338 4509 τὸν
3358 4448 3457 4520 τῆς
3478 4448 3692 4518 φύσεως

2108 4530 2287 4601 λόγον,
2319 4532 2624 4605 λεγέτωσαν
2670 4536 2803 4605 ἡμῖν
2849 4537 2899 4590 οἱ
2947 4538 3135 4608 πικροὶ
3190 4539 3508 4611 συζητηταὶ,
3552 4540 3691 4594 κατὰ

2113 4624 2235 4678 τίνα
2282 4626 2482 4697 τρόπον
2518 4628 2757 4699 χωρήσει
2800 4628 3094 4683 ὲπάὐτῶν
3141 4629 3203 4683 τὸ
3256 4630 3439 4701 μεῖζον
3490 4632 3584 4685 καὶ
3628 4632 3692 4684 τὸ

2114 4714 2352 4785 ἕλαττονς
2370 4715 2434 4771 Ei
2456 4716 2515 4770 δὲ
2534 4718 2710 4789 πάντη
2729 4717 3023 4788 διεστηκὼς
3052 4720 3143 4773 καὶ
3169 4720 3572 4791 κεχωρισμένος
3593 4721 3693 4791 τῆς

2116 4808 2209 4863 τοῦ
2240 4807 2453 4881 Πατρδς
2479 4810 2668 4873 οὐσίας
2691 4810 2719 4862 ό
2748 4810 2875 4885 Υἱὸς
2913 4811 3243 4883 εἰσφέρεται,
3275 4813 3468 4885 ἐτέρας
3497 4831 3557 4867 τε
3589 4812 3692 4884 φύ-

2119 4916 2255 4971 σεως
2277 4899 2608 4972 ὑπείληπται
2631 4903 2761 4979 παρ’
2778 4902 2927 4974 ὑμῖν,
2943 4902 3061 4967 πῶς
3081 4902 3150 4957 τὰ
3173 4904 3349 4978 πάντη
3372 4905 3694 4976 διεστηκότα

2119 4993 2260 5046 κατά
2285 4993 2377 5047 τὸν
2420 4993 2515 5048 τοῦ
2549 5012 2664 5063 πως
2693 4992 2835 5059 εἶναι
2860 4995 3020 5066 λόγον
3045 4996 3142 5069 τὴν
3168 4997 3301 5081 πρὸς
3328 4996 3532 5077 ἄλληλα
3561 4998 3693 5067 σύγ-

2120 5102 2299 5156 κρισιν
2337 5084 2675 5154 ὲπιδέξεται;
2703 5087 2778 5141 Οὐ
2816 5086 2925 5159 γάρ
2962 5087 3028 5158 δή
3077 5106 3161 5167 τις
3203 5087 3307 5163 ἔξω
3352 5088 3696 5159 γελοιότητος

2120 5176 2359 5243 κείσεται
2374 5179 2443 5233 τὰ
2469 5180 2609 5235 κατὰ
2637 5180 2802 5252 μηδὲν
2820 5180 3071 5251 ἀλλήλοις
3092 5177 3449 5245 κοινωνοῦντα
3470 5180 3697 5256 συγκρί-

2121 5287 2247 5336 νων,
2282 5272 2376 5325 καὶ
2406 5272 2556 5343 ἥλιον
2586 5256 2743 5347 ξύλου
2785 5273 2959 5345 λέγων
3004 5270 3143 5329 εἶναι
3191 5272 3591 5349 λαμπρότερον.
3628 5272 3693 5327 Ei

2118 5362 2299 5419 τοίνυν
2331 5363 2399 5429 τὰ
2425 5365 2713 5435 ἑτερογενῆ
2743 5364 2836 5420 καὶ
2866 5364 2962 5435 τὴν
3002 5365 3136 5435 πρὸς
3165 5363 3371 5445 ἄλληλα
3403 5362 3689 5434 σύγκρισιν

2120 5454 2533 5527 παραιτούμενα
2578 5454 2840 5526 φαίνεται,
2873 5456 3194 5521 ἀπαίδευτος
3244 5458 3279 5527 ἡ
3333 5456 3595 5529 πρότασις
3631 5453 3693 5507 τὸ

2128 5547 2308 5618 μεῖζον
2352 5548 2445 5602 καὶ
2477 5548 2539 5600 τὸ
2569 5547 2788 5603 ἔλαττον
2817 5548 2909 5602 ἐπὶ
2956 5548 3086 5603 Υίοῦ
3118 5550 3211 5603 καὶ
3246 5548 3459 5619 Πατρὸς
3507 5544 3689 5614 είσφὲ-

2125 5654 2308 5709 ρουσα,
2340 5638 2496 5711 εἴπερ
2531 5640 2665 5697 εἰσιν
2701 5642 2759 5694 οὐ
2804 5641 2902 5712 τῆς
2930 5640 3102 5713 αὐτῆς
3134 5640 3342 5709 οὐσίας,
3370 5639 3491 5694 καθ’
3518 5640 3685 5710 ὑμᾶς.
