4032 6212
242 305 341 365 1%

1652 313 2098 375 THESAURUS.

3392 335 3494 391 154

240 424 322 479 καὶ
348 421 568 493 ταύτην
595 421 867 487 ἀπόδειξιν
913 426 1207 497 ποιουμένη
1256 429 1352 500 τῆς
1410 426 1814 503 ἑτεροουσιότη-

1922 446 1975 493 ει
2010 438 2062 493 in
2101 453 2263 509 quam
2301 443 2478 498 minus
2512 443 2656 500 nulla
2689 444 2897 502 ratione
2932 448 3132 522 cadere.
3158 456 3362 519 potest,
3399 455 3492 508 sed

239 534 334 579 τος,
363 516 431 584 ἢν
464 515 574 568 οὐκ
608 510 721 568 οἶδα
761 515 927 570 πόθεν
954 518 1259 574 ἐπινοοῦσιν
1292 524 1383 575 ἐπὶ
1410 524 1509 594 τῆς
1539 525 1608 579 τὰ
1635 527 1813 582 πάντα

240 604 637 676 ὑπερκειμένης
667 605 876 673 οὐσίας,
899 608 993 660 καὶ
1018 608 1077 661 τὸ
1098 609 1318 664 ἔλαττον
1357 614 1658 683 οὐδαμόθεν
1702 634 1812 686 χω-

240 699 339 765 ρεῖν
378 696 730 767 δυναμένην
782 696 1122 770 ἀπαιτούσης
1167 701 1225 753 δὲ
1280 703 1481 769 μᾶλλον
1522 705 1620 776 τὴν
1676 706 1811 778 αὐτῇ

240 790 550 858 πρέπουσαν
594 787 928 857 τελειότητα,
964 791 1197 869 ἐπείπερ
1232 792 1385 847 οὐδὲν
1427 793 1646 848 ἔλαττον
1692 796 1812 849 οὐδὲ

238 880 410 943 ἀτελὲς
437 882 501 932 ὲν
531 879 613 952 τῷ
642 883 783 935 κατά
808 881 972 950 φύσιν
1004 882 1144 953 Θεῷ,
1165 886 1302 957 ϐπερ
1328 888 1476 942 ἐστὶν
1506 890 1533 942 ό
1568 888 1718 953 Υἱός.
1773 891 1777 896 ’

918 1017 1117 1075 ΔΛΛΟ.

294 1151 534 1215 Μείζονά
558 1169 725 1220 φασιν
748 1153 794 1205 οἱ
825 1154 1184 1226 χριστομάχοι
1212 1156 1307 1210 τοῦ
1324 1158 1454 1212 Υίοῦ
1474 1158 1566 1213 τὸν
1590 1161 1813 1234 Πατέρα

237 1240 643 1311 ὃυσφημοῦντες
688 1244 1036 1312 ἀφυλάκτως,
1077 1248 1171 1302 καὶ
1234 1248 1310 1320 μὴ
1363 1249 1630 1317 νοοῦντες,
1669 1252 1814 1307 καθά

237 1332 558 1403 γέγραπται,
604 1335 745 1406 μήτε
778 1335 814 1389 ἃ
846 1336 1084 1406 λέγουσι,
1122 1340 1261 1410 μήτε
1293 1342 1423 1412 περὶ
1453 1342 1616 1396 τίνων
1641 1343 1812 1397 διαϐε-

238 1424 523 1477 εαιοῦνται.
565 1426 661 1478 Διὸ
690 1426 755 1496 δὴ
797 1427 960 1481 πάλιν
1010 1431 1129 1492 ταῖς
1171 1430 1400 1486 ἐκείνων
1453 1433 1675 1503 μανίαις
1721 1434 1813 1491 τὸν

236 1515 375 1585 ὀρθὸν
407 1516 939 1586 ἀντιστρατεύοντες
983 1518 1160 1590 λόγον,
1196 1522 1543 1593 ὲρωτήσομεν
1585 1522 1809 1588 αὐτούς’

237 1607 418 1673 Λέγετε
460 1607 636 1661 πάλιν
664 1610 816 1679 ἡμῖν,
855 1604 900 1664 ὦ
932 1603 1098 1675 οὗτοι,
1132 1612 1357 1683 πότερόν
1384 1631 1535 1681 ποτε,
1560 1615 1812 1686 καθάπερ

236 1696 375 1767 ὑμεῖς
401 1714 569 1766 φατε,
612 1700 814 1768 μείζων
846 1695 915 1772 ἦν
941 1701 1027 1754 ἀεὶ
1055 1702 1084 1755 ό
1117 1702 1307 1773 Πατὴρ
1341 1702 1433 1755 τοῦ
1464 1703 1617 1768 Υίοῦ,
1652 1704 1685 1775 ἢ
1719 1704 1811 1771 γέ-

1916 545 2037 598 qua:
2080 532 2259 601 potius
2295 533 2677 603 perfectionem
2719 537 2824 593 sibi
2863 539 3273 596 convenientem
3313 547 3496 613 requi-

1919 623 2008 687 rit,
2036 624 2303 693 siquidem
2344 626 2476 680 nihil
2506 628 2682 689 minus
2711 639 2805 683 aut
2834 629 3209 700 imperfectum
3240 644 3323 689 est
3351 620 3496 693 in‘eo

1916 716 2007 786 qui
2042 717 2365 773 naturaliter
2394 716 2533 775 Deus
2562 730 2669 786 est,
2697 721 2799 778 hoc
2827 730 2911 777 est
2941 724 2994 777 in
3024 721 3184 779 Filio.

2584 1022 2817 1082 ALIUD.

1988 1160 2185 1216 llostes
2214 1160 2416 1216 Christi
2450 1161 2713 1231 majorem
2748 1160 2910 1217 Patre
2939 1161 3132 1217 Filium
3165 1178 3284 1218 esse
3313 1164 3499 1219 dicunt

1915 1254 2152 1323 graviter
2175 1253 2632 1323 blasphemantes,
2657 1263 2711 1308 et
2738 1268 2842 1308 non
2870 1254 3253 1325 intelligentes,
3279 1264 3337 1308 ιιι
3359 1258 3496 1310 scri-

1916 1355 2064 1417 ptum
2095 1353 2179 1399 est
2201 1347 2271 1411 ”,
2300 1360 2476 1415 neque
2502 1360 2563 1398 ea
2596 1360 2715 1413 quae
2747 1346 2963 1409 dicunt,
2996 1361 3169 1413 neque
3198 1361 3316 1413 qua:
3347 1362 3494 1401 asse-

1915 1420 2123 1490 verant.
2160 1435 2427 1501 Quocirca
2467 1451 2655 1490 rursus
2693 1436 2905 1502 illorum
2948 1436 3173 1490 insania:
3208 1437 3493 1491 veritatem

1915 1537 2270 1600 opponentes,
2305 1542 2399 1583 eos
2435 1528 2913 1599 interrogabimus.
2949 1528 3120 1583 Dicite
3156 1528 3334 1595 nobis,
3369 1529 3496 1584 boni

1917 1620 2052 1691 viri,
2087 1618 2282 1675 Fuitne
2329 1634 2545 1690 semper
2573 1619 2763 1689 major,
2795 1628 2854 1674 ut
2894 1635 2989 1681 vos
3021 1619 3329 1691 loquimini,
3360 1618 3501 1674 Filio

1916 1709 2098 1778 Pater,
2131 1726 2195 1766 an
2232 1710 2519 1780 postmodo
2551 1711 2602 1765 id
2638 1708 2816 1766 factus
2848 1711 2971 1765 est?
3000 1708 3133 1764 Nam
3174 1710 3219 1764 si
3256 1719 3500 1777 tempore

237 1806 372 1855 γονεν
393 1790 669 1860 ῦστερον;
706 1792 767 1843 Ei
806 1792 905 1865 μὲν
934 1788 1027 1845 οὖν
1061 1794 1204 1847 κατά
1233 1812 1351 1847 τινα
1378 1795 1570 1866 χρόνον
1607 1794 1810 1864 μείζων

1922 1800 2094 1871 aliquo
2120 1799 2291 1873 major
2310 1799 2447 1855 Filio
2471 1799 2695 1856 eli'ectus
2720 1808 2825 1871 est,
2847 1800 3079 1856 accessit
3107 1801 3272 1870 igitur
3294 1800 3498 1870 aliquid

236 1880 466 1947 ἐφαίνετο
496 1881 598 1934 τοῦ
620 1880 772 1948 Υἱοῦ,
806 1883 1143 1955 προσγέγονέ
1160 1902 1212 1938 τι
1236 1885 1316 1956 τῷ
1339 1885 1456 1958 Θεῷ
1486 1887 1577 1940 καὶ
1599 1886 1773 1959 Πατρί
1792 1904 1806 1917 ·

238 1972 357 2024 καὶὸ
376 1971 451 2042 μὴ
476 1972 754 2051 πρότερον
782 1973 1026 2044 ὑπῆρχεν
1052 1974 1221 2046 αὐτῷ,
1250 1975 1344 2030 νῦν
1369 1976 1507 2047 ἔχων
1536 1977 1806 2046 φαίνεται’

238 2063 337 2125 πῶς
366 2059 455 2115 οὖν
496 2064 716 2127 τέλειος
753 2059 823 2135 ἦν
860 2066 888 2118 ό
926 2064 1113 2118 τούτου
1156 2066 1476 2138 λειπόμενος
1508 2067 1565 2136 ἐξ
1599 2068 1809 2139 ἁρχῆςὶ

250 2154 371 2207 Ἀλλ’
392 2150 459 2229 ἦν
487 2157 587 2209 ἀεὶ
618 2155 845 2222 τέλειος,
877 2156 976 2210 οὐκ
1004 2158 1113 2228 ἄρα
1134 2157 1378 2211 ἐλείπετο
1411 2158 1505 2212 τοῦ
1532 2159 1807 2229 μείζονος·

238 2240 294 2313 ἦν
322 2246 373 2299 δὲ
406 2247 494 2300 ἀεὶ
526 2245 713 2312 τοῦτο,
751 2247 874 2301 καθ’
906 2249 1069 2317 ὑμᾶς.
1090 2247 1251 2312 Ἀλλ’,
1286 2242 1331 2301 ὦ
1362 2248 1650 2318 βέλτιστοι,
1687 2265 1812 2302 σιιν-

240 2338 379 2407 ορᾶτε
424 2338 486 2409 δή
518 2354 649 2413 ,που
703 2338 798 2392 καὶ
845 2338 1003 2408 ὑμεῖς
1034 2339 1115 2393 ὅτι
1148 2338 1235 2395 διὰ
1267 2338 1327 2393 τὸ
1355 2338 1576 2392 ἔλαττον
1612 2339 1705 2393 καὶ
1753 2339 1814 2391 τὸ

241 2429 404 2496 μεῖξον
452 2430 593 2499 ὑμῖν
638 2428 876 2496 εὐλόγως
924 2429 1278 2497 κινδυνεύσει,
1330 2433 1423 2484 καὶ
1472 2430 1815 2501 δειχθήσεται

240 2520 403 2577 λοιπὸν
425 2522 603 2592 Eulog
638 2522 794 2592 ὑμῶν
828 2524 860 2595 ἡ
889 2522 1174 2593 πρότασις.
1206 2523 1280 2576 Τὸ
1309 2523 1418 2591 γὰρ
1461 2523 1645 2595 μεῖζόν
1669 2540 1813 2591 τινος

241 2610 537 2681 λεγόμενον,
571 2613 673 2675 οὐκ
699 2612 766 2667 ἂν
798 2614 883 2685 εἴη
913 2613 1119 2684 μεῖζον,
1155 2615 1229 2686 μὴ
1274 2615 1462 2691 ἐτέρου
1498 2616 1643 2680 τινὸς
1674 2616 1814 2670 πάν-

242 2718 333 2766 τως
362 2704 773 2777 παρακειμένου
804 2705 899 2757 καὶ
924 2704 1226 2769 ἐλάττονος.
1268 2705 1404 2776 πρὸς
1431 2706 1459 2759 ὃ
1491 2706 1555 2778 δὴ
1592 2708 1687 2760 καὶ
1716 2725 1816 2779 με·

244 2794 549 2865 τροὺμενον,
587 2795 774 2866 μεῖζον
808 2796 883 2860 ὡς
912 2797 1048 2868 πρὸς
1080 2797 1214 2851 αὐτὸ
1244 2798 1516 2868 φαίνεται.
1547 2799 1609 2852 El
1636 2799 1817 2853 τοίνυν

242 2886 320 2941 ἀεὶ
361 2888 567 2959 μείζων
601 2885 672 2959 ἦν
703 2891 945 2961 ὁΠατὴρ
982 2889 1078 2944 τοῦ
1106 2890 1255 2957 Υιοῦ,
1289 2891 1504 2964 ἀνάγκη
1549 2894 1703 2948 πᾶσα
1726 2895 1819 2948 τὸν

242 2976 359 3032 Υῐδν
410 2978 859 3052 συνεισφέρεσθαι
902 2980 978 3052 τῷ
1023 2983 1216 3055 Πατρὶ,
1258 2983 1395 3057 πρὸς
1432 2984 1491 3037 ὃν
1540 2985 1635 3053 ὡς,
1687 2987 1821 3041 καθ’

246 3070 399 3140 ὓμᾶς,
426 3072 685 3127 ἐλάττονα
698 3072 830 3125 ὄντα
852 3074 1301 3145 συγκρινόμενος,
1323 3075 1525 3146 μείζων
1542 3077 1816 3147 ἐφαίνετο.

1915 1893 2023 1947 Deo
2059 1908 2122 1947 ac
2159 1890 2306 1953 Patri
2348 1911 2363 1947 :
2404 1902 2456 1962 et
2496 1891 2637 1965 quod
2676 1902 2837 1947 antea
2876 1891 2925 1946 ei
2965 1906 3069 1945 non
3110 1893 3313 1951 inerat.
3355 1906 3501 1945 nunc

1915 1984 2115 2041 habere
2141 1984 2414 2049 cernitur;
2445 1983 2717 2053 quomodo
2746 1982 2911 2050 igitur
2937 1982 3214 2051 perfectus
3243 1991 3381 2046 erat;
3411 1982 3499 2036 cui

1915 2078 1967 2131 id
2010 2079 2076 2131 ab
2119 2077 2275 2131 initio
2310 2074 2532 2129 deerat?
2567 2074 2730 2144 Atqui
2768 2088 2985 2143 semper
3017 2081 3136 2128 erat
3176 2073 3447 2143 perfectus
3483 2089 3498 2125 :

1916 2184 2020 2225 non
2051 2168 2217 2236 igitur
2238 2167 2415 2220 caruit
2441 2164 2688 2235 majore:
2718 2178 2931 2232 semper
2953 2164 3099 2217 enim
3128 2163 3179 2216 id
3206 2171 3322 2217 erat
3344 2162 3501 2232 juxta

1917 2275 2031 2315 vos.
2062 2260 2326 2313 Cmterum
2356 2256 2548 2311 videtis
2579 2255 2740 2313 etiam
2771 2270 2866 2309 vos
2898 2269 2995 2324 per
3024 2254 3204 2309 minus
3236 2264 3290 2309 et
3321 2254 3500 2320 majus

1918 2348 2236 2421 periclitari,
2273 2363 2578 2418 vanamque
2611 2344 2945 2416 deprehendi
2981 2354 3218 2399 vestram
3251 2344 3492 2415 proposi-

1920 2447 2142 2499 tionem.
2184 2441 2337 2510 Quod
2378 2442 2522 2496 enitn
2571 2438 2745 2511 majus
2789 2438 2972 2507 aliquo
3013 2436 3232 2501 dicitur,
3273 2452 3379 2490 non
3431 2437 3505 2489 sit

1919 2536 2125 2613 majus,
2155 2535 2255 2589 nisi
2289 2534 2435 2588 aliud
2463 2532 2740 2604 quidpiam
2769 2530 2912 2603 quod
2944 2529 3123 2583 minus
3154 2528 3224 2583 sit
3256 2542 3497 2599 appona~

1921 2639 2029 2692 tur,
2066 2628 2130 2680 ad
2172 2627 2313 2696 quod
2354 2624 2606 2680 collatum
2647 2622 2818 2690 majus
2854 2636 2919 2677 eo
2956 2628 3236 2689 appareat.
3276 2619 3332 2673 Si
3371 2634 3502 2688 ergo

1919 2713 2078 2768 Pater
2104 2728 2316 2784 semper
2342 2710 2442 2765 fuit
2469 2712 2640 2783 major
2666 2710 2820 2775 Filio,
2851 2710 3221 2767 necessarium
3250 2707 3358 2780 93
3388 2724 3503 2764 om-

1921 2806 2051 2860 nino
2074 2816 2156 2859 est
2180 2814 2240 2859 ut
2260 2820 2364 2857 una
2386 2819 2509 2858 cum
2534 2802 2694 2857 Patre
2716 2801 2983 2856 inferatur
3003 2799 3201 2867 Filius,
3223 2802 3289 2854 ad
3315 2816 3500 2870 quem,

1919 2899 2217 2954 secundum
2257 2907 2498 2952 vestram
2537 2894 2872 2965 opinionem,
2913 2901 3285 2962 comparatus,
3330 2896 3507 2961 major

1921 2990 2190 3062 apparuit.
2220 2988 2279 3044 Si
2311 3004 2463 3060 ergo,
2498 2997 2556 3042 ut
2585 3001 2681 3042 vos
2713 2984 3032 3057 opinamini,
3069 2983 3193 3039 ideo
3228 2980 3391 3037 Pater
3419 2991 3507 3037 est

1922 3082 2097 3151 major
2126 3079 2265 3136 Filio
2284 3123 2298 3146 ,
2332 3080 2458 3151 quia
2489 3078 2578 3133 ille
2606 3079 2674 3132 ab
2704 3086 2910 3132 aeterno
2939 3086 3089 3141 erat,
3120 3074 3210 3130 hic
3237 3088 3367 3130 vero
3397 3088 3502 3129 non

248 3161 306 3213 Εἰ
330 3164 526 3230 τοίνυν,
561 3163 705 3217 κατά
748 3165 848 3233 τὴν
896 3166 1169 3238 ὑμετέραν
1216 3168 1503 3238 πρότασιν,
1532 3169 1621 3223 διὰ
1657 3169 1815 3223 τοῦτο

1922 3175 2071 3239 item,
2101 3189 2224 3229 cum
2255 3173 2367 3243 jatn
2402 3182 2680 3227 ostensum
2711 3170 2784 3224 sit
2814 3183 2939 3223 eum
2972 3182 3188 3237 semper
3244 3181 3368 3221 cum
3405 3164 3503 3219 Pa-

252 3254 445 3322 μείζων
490 3257 637 3309 ἐστὶν
678 3258 707 3310 ό
758 3256 949 3328 Πατὴρ
980 3258 1076 3310 τοῦ
1111 3258 1264 3323 Υίοῦ,
1310 3261 1611 3333 ἐπειδήπερ
1655 3262 1818 3324 αὐτὸς

250 3346 434 3409 ἀῖδίως
469 3347 562 3415 μὲν
591 3343 719 3416 ἧν,ό
743 3347 801 3400 δὲ
829 3347 956 3411 Υἱὸς
982 3349 1081 3418 οὐχ
1109 3348 1303 3413 οὕτως,
1332 3350 1520 3422 ἐπειδὴ
1549 3350 1818 3405 δέδεικται

250 3437 428 3491 συνὼν
455 3438 541 3491 ἀεὶ
559 3439 648 3491 καὶ
675 3441 1033 3513 συνυπάρχων
1060 3439 1137 3510 τῷ
1162 3442 1358 3509 Πατρὶ,
1379 3444 1479 3495 οὐκ
1500 3442 1655 3496 ἔσται
1678 3442 1821 3495 κατά

246 3546 296 3583 τι
324 3529 455 3599 γοῦν
486 3530 735 3594 ἐλάττων,
766 3531 802 3602 ἢ
842 3531 1180 3602 ἑτεροούσιος
1222 3526 1485 3603 αὐτοῦίᾯ
1520 3532 1627 3604 γὰρ
1675 3532 1820 3601 λόγῳ

253 3622 319 3695 μὴ
348 3622 522 3678 συνὼν
545 3624 873 3678 ἀπελείπετο
911 3625 1011 3695 τῆς
1056 3625 1319 3696 ἰσότητος,
1352 3623 1431 3696 τῷ
1468 3624 1617 3695 αὐτῷ
1658 3625 1822 3679 πάλιν

250 3716 335 3769 καὶ
374 3716 435 3784 ἐξ
469 3718 835 3790 ἀντιστροφῆς
865 3716 1029 3788 λόγῳ,
1062 3717 1249 3788 ἐπειδὴ
1288 3718 1646 3789 συνυπάρχει,
1688 3719 1822 3772 κατ’

250 3808 423 3862 οὐδένα
451 3810 656 3881 τρόπον
699 3809 1180 3880 ἀπολειφθήσεται.
1199 3810 1324 3863 Ἐπὶ
1348 3810 1406 3864 δὲ
1435 3809 1547 3864 τῶν
1571 3810 1824 3881 ἀλλήλοις

253 3903 379 3955 ιατά
414 3902 598 3957 πάντα
635 3903 1033 3973 προσεοικότων
1062 3902 1331 3972 φυσικῶς,
1363 3904 1459 3956 καὶ
1488 3902 1710 3973 μεγέθει
1747 3903 1823 3974 μὴ

255 3996 647 4067 μετρουμένων,
677 3994 782 4049 ποῦ
818 3995 1060 4067 χωρήσει
1088 3994 1150 4049 τὸ
1181 3995 1367 4067 μεῖζον
1410 3995 1508 4049 καὶ
1548 3996 1610 4051 τὸ
1663 3994 1791 4049 ἔλατ

252 4101 365 4153 mi

932 4222 1134 4277 AAAO.

312 4360 369 4413 ει
394 4358 604 4431 μείζων
630 4359 660 4411 ό
689 4357 880 4429 Πατὴρ
907 4358 1002 4411 τοῦ
1032 4358 1186 4422 Υίοῦ,
1227 4357 1369 4415 κατὰ
1412 4358 1510 4429 τὴν
1551 4358 1825 4429 ὑμετέραν

254 4451 525 4520 πρότασιν,
578 4444 624 4504 ὧ
663 4448 1040 4521 χριστομάχοι,
1095 4446 1211 4513 πῶς
1254 4447 1403 4518 αὑτῷ
1452 4447 1550 4520 τὴν
1601 4450 1825 4518 ἰσότητα

1921 3274 2005 3321 tre
2034 3265 2305 3320 exsistere
2335 3282 2349 3317 :
2380 3279 2487 3319 non
2517 3262 2623 3317 erit
2652 3270 2799 3316 certe
2829 3262 3127 3315 secundum
3161 3256 3368 3326 aliquid
3402 3256 3505 3309 mi-

1920 3373 2042 3425 nor,
2079 3367 2174 3412 aut
2208 3358 2439 3412 diversae
2474 3355 2543 3409 ab
2577 3369 2642 3409 eo
2677 3351 2952 3408 essentiae.
2990 3348 3190 3404 Eadem
3225 3347 3371 3403 enim
3409 3362 3501 3400 ra-

1920 3452 2070 3505 tione
2097 3465 2204 3519 qua
2236 3450 2522 3520 probatur,
2552 3448 2596 3501 si
2630 3460 2736 3499 una
2766 3459 2891 3499 cum
2923 3440 3086 3496 Patre
3116 3456 3222 3494 non
3252 3438 3500 3498 exsistit,

1919 3541 1990 3595 ab
2025 3539 2335 3607 aequalitate
2369 3537 2604 3592 deiicere
2643 3553 2658 3590 :
2694 3534 2897 3589 eadem.
2920 3530 3087 3586 etiam
3127 3544 3196 3585 ex
3237 3528 3502 3587 adverso.

1921 3634 2049 3703 quia
2085 3647 2191 3686 una
2227 3646 2353 3687 cum
2391 3629 2553 3684 Patre
2584 3626 2824 3688 exsistit,
2859 3622 3008 3679 nullo
3046 3622 3207 3691 plane
3241 3618 3402 3673 modo
3436 3617 3504 3672 ab

1920 3741 1987 3782 eo
2024 3726 2207 3792 dispar
2238 3723 2367 3779 erit.
2402 3720 2461 3775 In
2488 3720 2569 3775 ‘iis
2599 3735 2729 3775 vero
2765 3732 2885 3787 qua:
2920 3731 3019 3786 per
3049 3714 3233 3769 omnia
3270 3712 3412 3766 inter
3444 3725 3506 3765 se

1924 3814 2245 3872 naturaliter
2271 3812 2471 3867 similia
2512 3816 2641 3864 sunt
2662 3849 2681 3875 ,
2709 3817 2767 3862 et
2802 3805 3174 3877 magnitudine
3202 3816 3312 3857 non
3345 3814 3501 3855 men-

1921 3913 2204 3974 surantur,
2234 3915 2396 3975 quem
2431 3899 2610 3955 locum
2644 3895 2865 3953 habebit
2895 3895 3071 3964 majus
3098 3902 3158 3949 et
3191 3888 3434 3960 minusil

2608 4211 2831 4268 ALIUD.

2001 4353 2058 4409 Si
2100 4351 2265 4407 Pater
2300 4348 2476 4417 major
2512 4356 2596 4404 est
2634 4344 2803 4411 Filio,
2839 4343 3136 4400 secundum
3172 4349 3444 4409 vestram,
3474 4356 3509 4393 o

1926 4448 2111 4502 hostes
2140 4442 2375 4507 Christi,
2409 4438 2834 4509 propositionem
2853 4476 2869 4502 ,
2900 4451 3009 4506 quo
3038 4443 3200 4505 pacto
3229 4433 3430 4489 Paulus
3458 4434 3507 4487 ei

258 4543 445 4610 Παῦλος
495 4544 809 4605 ἀποδίδωσι,
841 4543 1046 4612 λέγων’
1082 4545 1213 4606 «⁸ος
1238 4545 1295 4596 ἐν
1330 4544 1513 4612 μορφῇ
1548 4540 1685 4594 Θεοῦ
1718 4542 1815 4594 ὐπ-

1928 4538 2289 4609 aaqualitatem
2337 4534 2556 4597 tribuit,
2600 4532 2783 4588 dicens
2821 4548 2834 4585 :
2885 4548 2904 4581 ι
2949 4529 3053 4596 Qui
3096 4527 3149 4581 in
3195 4526 3369 4582 forma
3416 4527 3508 4581 Dei

258 4635 439 4703 ἅρχων,
473 4637 574 4705 οὐχ
619 4634 911 4706 ἁρπαγμὸν
949 4636 1193 4707 ἡγήσατο
1230 4634 1293 4687 τὸ
1335 4629 1472 4687 εἶναι
1526 4632 1616 4685 ἴσα
1662 4633 1781 4703 Θεῷ
1811 4649 1823 4661 ·

259 4725 353 4778 ἀλλ’
379 4730 576 4782 ἑαυτὸν
605 4728 864 4791 ὲκένωσε,
893 4727 1106 4799 μορφὴν
1137 4726 1323 4781 δούλου
1356 4724 1559 4789 λαϐὼν,
1582 4725 1675 4778 καὶ
1697 4731 1827 4796 σχή-

263 4835 373 4886 ματι
406 4820 662 4892 εὑρεθεὶς
687 4820 763 4884 ὡς
794 4820 1099 4891 ἄνθρωπος,
1135 4818 1499 4872 ἐταπείνωσεν
1538 4816 1764 4881 tau-rev;
1800 4835 1818 4866 ι

260 4906 313 4959 Ei
334 4910 509 4964 τοίνυν
533 4913 564 4963 ὁ
590 4912 690 4981 τῆς
722 4909 1188 4980 ὲνανθρωπήσεως
1212 4908 1412 4978 τρόπος
1441 4908 1537 4979 τὴν
1564 4906 1827 4960 ταπείνω-

260 5013 334 5051 σιν
358 5001 491 5072 ἔχει,
520 5001 614 5054 καὶ
640 5001 740 5072 τὴν
767 5000 1067 5073 λεγομένην
1100 4998 1289 5053 ὲνθάδε
1328 4999 1577 5063 κένωσιν,
1610 4999 1822 5069 ἀνάγκη

259 5091 391 5145 πᾶσα
440 5090 711 5155 σώζεσθαι
740 5091 801 5146 τὺ
824 5092 1028 5145 τέλειον
1052 5091 1130 5163 τῷ
1160 5089 1274 5162 Υίῷ
1306 5092 1428 5144 κατ’
1463 5090 1683 5160 ἰσότητα
1724 5090 1826 5160 τὴν

260 5182 377 5249 πρὸς
407 5185 503 5237 τὸν
531 5183 667 5237 Θεὸν
700 5185 793 5237 καὶ
825 5185 1043 5256 Πατέρα
1074 5183 1181 5255 πρὸ
1210 5184 1311 5254 τῆς
1340 5181 1825 5254 ὲνανθρωπήσεως.

268 5271 538 5329 Ἐντεῦθεν
568 5274 679 5346 γὰρ
707 5277 841 5347 ἡμῖν
866 5279 1115 5344 φανεῖται
1154 5277 1251 5330 καὶ
1296 5277 1329 5347 ἡ
1379 5274 1725 5339 ταπείνωσις.
1763 5275 1826 5328 Ei

259 5362 357 5433 γὰρ
380 5361 451 5436 ἦν
475 5366 714 5421 ὲλάττων
738 5368 799 5434 ἐξ
828 5368 1024 5422 ἑαυτοῦ
1049 5370 1145 5424 καὶ
1166 5370 1272 5440 πρὸ
1296 5368 1396 5440 τῆς
1424 5368 1825 5433 ταπεινώσεως,

261 5458 343 5509 ποῖ
366 5457 430 5529 δὴ
458 5459 570 5531 ἀρα
622 5460 1019 5533 καταϐεϐηκὼς
1043 5462 1359 5535 ὀφθήσεται,
1397 5464 1492 5519 καὶ
1520 5462 1603 5528 τίς
1639 5464 1770 5536 ἡμῖν
1801 5463 1829 5517 ό

261 5547 350 5619 τῆς
377 5552 762 5620 ταπεινώσεως
788 5555 1018 5628 τρόπος

332 5728 372 5759 ³³
407 5728 688 5788 ΙΤίιιιοιιι.
726 5747 764 5801 ι,
796 5733 848 5788 7.
927 5736 973 5768 ⁸³
1001 5733 1233 5805 Philipp.
1262 5750 1322 5804 ιι,
1358 5734 1412 5804 6,
1446 5735 1495 5789 7.

1930 4633 2200 4689 exsisteus
2217 4670 2233 4697 ,
2265 4642 2369 4682 non
2397 4625 2640 4697 rapinam
2669 4623 2965 4679 arbitratus
2988 4629 3071 4675 est
3098 4633 3157 4673 se
3181 4632 3304 4673 esse
3328 4632 3512 4685 aequa-

1932 4728 2037 4780 lem
2066 4723 2209 4788 Deo,
2241 4721 2335 4775 sed
2366 4719 2602 4787 seipsum
2633 4715 2961 4777 exinanivit,
2993 4710 3224 4766 formam
3253 4707 3392 4761 servi
3423 4720 3513 4759 ac-

1930 4816 2170 4885 cipiens,
2199 4822 2363 4881 atque
2392 4808 2580 4864 habitu
2608 4806 2861 4861 inventus
2888 4812 2949 4857 ut
2978 4801 3174 4862 homo,
3206 4794 3514 4851 humiliavit

1932 4909 2167 4977 seipsum
2185 4903 2269 4957 “i
2313 4923 2332 4956 ι
2380 4902 2439 4956 Si
2484 4914 2614 4971 ergo
2652 4893 3041 4954 incarnationis
3082 4889 3296 4945 ratione
3334 4886 3517 4940 humi-

1935 5000 2099 5055 liatus
2132 5007 2293 5065 atque
2327 4993 2639 5050 exinanitus
2669 4989 2888 5053 dicitur,
2923 4995 3146 5040 necesse
3176 4977 3401 5035 omnino
3431 4985 3516 5029 est

1934 5101 1995 5147 ut
2018 5089 2280 5161 perfectio
2305 5084 2427 5141 Filii
2454 5082 2779 5143 retineatur,
2803 5076 3017 5131 ratione
3041 5070 3370 5143 atqualitatis
3397 5082 3514 5135 quae

1933 5187 1981 5242 ei
2013 5198 2136 5240 cum
2172 5181 2280 5237 Deo
2311 5189 2367 5235 et
2396 5177 2556 5232 Patre
2589 5170 2874 5227 intercedit
2904 5176 3030 5224 ante
3063 5162 3516 5222 incarnationem.

1936 5281 2073 5336 llinc
2106 5277 2250 5334 enim
2284 5284 2339 5329 et
2370 5268 2674 5328 hutniliatio
2706 5282 2737 5321 a
2771 5266 2931 5321 nobis
2966 5266 3345 5334 eognoscetur.
3380 5253 3513 5308 Nam

1937 5373 1984 5429 si
2011 5387 2110 5444 per
2137 5384 2196 5425 se
2222 5370 2402 5424 minor
2426 5375 2545 5423 erat
2568 5365 2735 5422 etiam
2762 5369 2889 5417 ante
2914 5352 3380 5447 incarnationem,
3408 5361 3523 5447 quo

1938 5440 2099 5536 pacto
2126 5461 2478 5518 descendisse
2505 5465 2782 5524 cernetur,
2812 5463 2905 5509 aut
2931 5461 3178 5523 quaenam
3208 5442 3315 5502 erit
3340 5440 3522 5497 humi-

1941 5556 2176 5614 liationis
2208 5554 2384 5610 ratio?
