4110 6212
491 355 596 410 155

1167 466 1398 524 ALIUD.

562 582 617 636 Si
655 596 752 651 per
783 583 1093 652 passionem
1129 581 1323 636 mortis
1358 580 1700 636 imminutum
1735 579 1918 635 Jesum
1955 597 2075 637 cer-

492 675 706 735 nimus,
742 672 896 741 juxta
939 673 1088 728 Pauli
1127 687 1312 727 vocem
1337 672 1402 736 “,
1439 686 1568 741 ergo
1602 681 1730 726 ante
1766 675 2074 744 passionem

494 765 673 819 miutts
710 765 762 819 in
804 766 918 835 ipso
957 780 1059 819 non
1097 773 1235 818 erat.
1272 763 1404 817 Cum
1442 779 1569 818 vero
1608 765 1696 819 hic
1732 766 1910 829 dicat,
1950 781 2073 834 per-

492 856 693 910 fectum
719 856 892 927 ipsum
920 872 1039 910 esse
1064 869 1288 909 necesse
1312 863 1415 910 est.
1439 855 1573 911 Cum
1601 866 1778 913 autem
1807 859 2076 927 perfectus

495 948 567 1001 sit
599 947 782 1011 Filius,
814 957 867 1001 et
899 945 1215 1016 perfectioni
1249 945 1428 1002 Patris
1457 947 1790 1017 adaequatus,
1827 961 1976 1004 certe
2007 950 2077 1004 il-

495 1037 588 1094 lud
616 1038 990 1100 haereticorum
1018 1037 1215 1101 minus,
1246 1037 1420 1094 locum
1455 1039 1509 1094 in
1542 1039 1658 1109 ipso
1691 1055 1798 1096 non
1832 1041 2073 1097 habebit.

1169 1239 1397 1296 ALIUD.

560 1373 784 1440 Paulus,
821 1374 1123 1429 testificans
1150 1377 1516 1446 aequalitatem
1536 1393 1655 1448 quae
1674 1379 1813 1436 Filio
1829 1395 1950 1435 cum
1980 1381 2082 1436 Pa-

493 1474 574 1518 tre
619 1465 928 1528 intercedit,
965 1467 1280 1521 alicubi‘ita
1329 1468 1503 1537 inquit
1541 1487 1554 1523 :
1598 1488 1617 1520 (
1658 1470 1758 1537 Qui
1806 1472 1857 1525 in
1905 1473 2076 1527 forma

490 1555 667 1610 Patris
702 1558 969 1611 exsisteus
1005 1574 1109 1612 non
1149 1561 1389 1629 rapinam
1425 1563 1719 1618 arbitratus
1753 1573 1834 1619 est
1869 1578 1926 1618 se
1959 1579 2078 1619 esse

489 1647 753 1716 :equalem
786 1649 914 1704 Deo.
951 1669 967 1702 ι
1005 1651 1144 1705 Dicit
1174 1668 1305 1709 vero
1332 1655 1496 1709 etiam
1526 1655 1700 1724 ipsum
1731 1656 2076 1711 imminutum

492 1741 661 1795 fuisse
707 1758 803 1812 per
838 1745 1140 1813 passionem
1185 1748 1397 1804 mortis.
1435 1749 1569 1804 Cum
1612 1750 1778 1820 igitur
1814 1751 1927 1805 ﬂeri
1971 1767 2076 1808 non

1529 353 1584 407 S.
1629 351 1895 409 CYRIILI
1937 353 2407 412 ALEXANDRINI
2449 357 2767 415 AllClllEP.

2105 477 2152 533 A

3662 359 3762 414 156

2866 475 3068 530 ΔᾹᾹΟ.

2252 584 2312 636 ΕΞ
2340 584 2427 638 διὰ
2459 585 2519 638 τὸ
2552 584 2780 654 πάθημα
2809 586 2904 638 τοῦ
2941 586 3172 640 θανάτου
3214 587 3483 658 βλέπομεν
3519 588 3761 658 ἠλαττω-

2182 675 2339 745 μένον
2370 676 2459 729 τὸν
2503 675 2730 744 Ἰησοῦν,
2765 678 2908 732 κατὰ
2932 679 3032 750 τὴν
3065 679 3158 732 τοῦ
3187 680 3399 733 Παύλου
3437 681 3641 752 φωνὴν,

2178 765 2272 817 τοῦ
2301 764 2508 828 πάθους
2528 765 2637 835 ἄρα
2665 766 2726 818 τὸ
2761 765 2982 820 ἔλαττον
3010 768 3111 821 οὐκ
3135 763 3204 838 ἦν
3227 769 3283 821 ἐν
3316 769 3483 839 αὐτῷ.
3505 770 3762 833 Εἰπόντος

2178 855 2234 907 δέ
2273 854 2563 919 τούτου,τὸ
2583 851 2958 910 εἶναιτέλειον
2991 858 3157 911 αὑτὸν
3185 859 3477 912 εἰσϐαίνειν
3521 861 3760 932 ἀνάγκη.

2180 947 2394 1010 Τέλειος
2431 947 2488 1000 δὲ
2517 948 2593 1000 ῶν
2631 951 2659 1002 6
2694 948 2843 1012 Υἱὸς,
2877 949 2968 1002 καὶ
2991 951 3058 1019 τῇ
3095 949 3188 1002 τοῦ
3230 949 3442 1019 Πατρὸς
3465 950 3761 1021 τελειότητι

2180 1038 2604 1108 παρισούμενος,
2633 1040 2734 1092 οὐκ
2760 1038 3064 1106 ἐπιδέξεται
3098 1039 3342 1110 δηλονότι
3364 1039 3471 1094 τῶν
3490 1041 3760 1111 ἀνομοίων

2179 1129 2241 1182 τὸ
2269 1129 2541 1185 ἔλαττον.

2865 1245 3070 1299 ΛΛΔυ.

2249 1380 2362 1452 Τὴν
2392 1380 2610 1450 ίσότητα
2639 1380 2715 1451 τῷ
2743 1380 2858 1450 Υίῴ
2905 1379 3346 1451 προσμαρτυρῶν
3378 1382 3407 1433 6
3444 1380 3655 1446 Παῦλος
3698 1383 3764 1453 ἢν

2179 1473 2293 1544 ἔχει
2341 1474 2478 1546 πρὸς
2527 1474 2615 1526 τὸν
2660 1473 2910 1543 Πατέρα,
2949 1472 3084 1542 φησί
3121 1489 3222 1524 που
3257 1471 3474 1540 σαφῶς·
3531 1475 3660 1537 (Ὃς
3709 1475 3766 1526 ὲν

2183 1563 2362 1631 μορφῇ
2417 1560 2552 1613 Θεοῦ
2600 1559 2880 1631 ὑπάρχων,
2922 1561 3021 1630 οὐχ
3072 1560 3367 1630 ἁρπαγμὸν
3420 1563 3664 1632 ἡγήσατο
3705 1562 3767 1616 τὸ

2180 1649 2318 1704 εἶναι
2350 1653 2440 1706 ίσα
2464 1652 2603 1722 Θεῷ.
2639 1672 2658 1704 ι
2715 1652 2877 1719 Λέγει
2903 1651 2960 1704 δὲ
2995 1651 3158 1704 αὑτὸν
3189 1652 3281 1704 καὶ
3308 1653 3652 1722 ὴλαττῶσθαι
3679 1653 3767 1708 διὰ

2179 1741 2242 1793 τὸ
2271 1741 2500 1811 πάθημα
2531 1741 2625 1794 τοῦ
2661 1741 2916 1795 θανάτου.
2954 1743 3069 1796 Οὐκ
3105 1744 3455 1813 ἐνδεχομένου
3480 1745 3766 1815 τοιγαροῦν

490 1834 663 1900 possit
704 1844 761 1887 ut
805 1836 870 1888 de
911 1851 1017 1890 uno
1059 1846 1224 1906 atque
1264 1839 1454 1894 eodem
1499 1841 1663 1894 simul
1704 1843 2077 1912 significentur

2184 1832 2260 1902 ἐφ’
2293 1834 2411 1895 ἐνὸς
2449 1835 2545 1888 καὶ
2580 1834 2675 1888 τοῦ
2712 1833 2877 1887 αὑτοῦ
2912 1835 3277 1905 σημαίνεσθαι
3303 1834 3438 1906 ὁμοῦ
3473 1837 3534 1890 τό
3561 1853 3619 1889 τε
3643 1839 3764 1908 μεῖ-

491 1926 664 1995 majus
705 1937 760 1980 et
808 1928 987 1984 minus
1033 1933 1392 1995 naturaliter;
1444 1936 1796 2000 quaarendum
1844 1944 1926 1990 est
1969 1951 2077 2004 quo

489 2027 648 2085 pacto
684 2028 974 2087 utrumque
1009 2021 1061 2074 in
1103 2022 1212 2075 Deo
1247 2023 1424 2077 Verbo
1462 2025 1753 2088 tuebimur,
1790 2036 1844 2080 et
1882 2028 1934 2080 in
1971 2043 2078 2082 uno

488 2123 552 2161 ac
587 2109 702 2162 solo
736 2112 842 2164 duo
877 2112 988 2164 haec
1022 2112 1125 2166 sita
1161 2126 1283 2167 esse
1316 2121 1641 2169 statuemus.
1672 2115 1782 2187 94
1814 2116 2076 2183 Quocirca

487 2209 759 2268 quatenus
795 2210 984 2255 natura
1023 2217 1116 2256 sua
1157 2202 1299 2258 Deus
1331 2213 1434 2268 est,
1467 2206 1696 2275 aqualis
1727 2219 1809 2262 est
1843 2210 1951 2264 Deo
1984 2210 2075 2280 qui

487 2309 610 2346 eum
646 2294 866 2363 genuit;
903 2304 1171 2364 quatenus
1198 2312 1328 2351 vero
1359 2297 1531 2352 factus
1561 2310 1643 2354 est
1672 2300 1864 2366 homo,
1899 2302 2081 2358 immi-

489 2396 652 2440 nutus
675 2400 795 2441 esse
815 2387 1031 2442 dicitur.
1053 2389 1108 2442 Si
1133 2389 1254 2458 quis
1279 2401 1456 2445 autem
1483 2407 1511 2446 a
1539 2394 1770 2447 naturali
1794 2394 1911 2463 ejus
1933 2395 2081 2450 exsi-

490 2476 688 2528 stentia
723 2478 1090 2546 aequalitatem
1124 2482 1351 2546 adimat,
1386 2498 1560 2553 neque
1594 2485 1731 2538 hanc
1763 2485 1814 2538 in
1851 2501 1915 2541 eo
1945 2502 2080 2542 con-

488 2568 692 2620 servari
719 2573 1036 2634 contendat,
1064 2571 1280 2626 ubinam
1312 2574 1476 2643 igitur
1495 2576 1598 2629 sita
1626 2577 1764 2630 erit?
1787 2577 1893 2631 Aut
1917 2593 2076 2648 quem

488 2658 662 2712 locum
702 2660 921 2716 habebit
957 2661 1078 2716 Filii
1115 2665 1468 2733 excellentia,
1504 2682 1625 2721 cum
1665 2671 1777 2724 sola
1816 2670 2077 2725 imminu-

490 2750 564 2804 tio
594 2763 851 2820 anpareat
881 2753 1028 2810 circa
1065 2755 1465 2813 incarnationis
1497 2759 1766 2815 rationem
1791 2761 1812 2814 ’ἶ

490 2877 729 2954 lnjdem
761 2900 779 2936 :
816 2883 967 2947 Quod
1005 2884 1178 2940 Filius
1218 2905 1310 2954 per
1344 2906 1519 2943 omnia
1553 2892 1742 2945 similis
1772 2893 1841 2947 εει
1878 2893 1985 2948 Deo
2016 2912 2080 2950 ac

567 2949 747 3022 Patri,
787 2957 1052 3022 proposito
1085 2967 1132 3009 et
1172 2949 1476 3013 eiaminato
1511 2963 1650 3015 dicto
1682 2963 1772 3015 illo
1805 2979 1822 3016 :
1860 2983 1878 3016 ι
1915 2949 2077 3019 Ameu

565 3019 682 3104 alica
711 3019 1004 3104 υοὸρζιιοιι
1025 3028 1255 3079 surrexit
1281 3029 1411 3081 inter
1429 3042 1580 3084 natos
1604 3031 1880 3088 mulierum
1906 3036 2082 3104 major

560 3084 772 3144 Joanne
801 3090 1061 3162 Baptista,
1099 3114 1117 3146 ι
1151 3107 1258 3151 etc.

949 3293 1188 3364 Objectio
1228 3299 1595 3355 Itwrelicorum

561 3427 630 3480 At
677 3429 966 3498 quomodo,
1019 3432 1292 3501 inquiunt,
1341 3436 1414 3488 sit
1463 3439 1688 3506 aequalis
1739 3451 1831 3494 aut
1883 3443 2076 3497 similis

492 3519 770 3588 Christus,
813 3523 916 3578 hoc
958 3535 1040 3579 est
1086 3525 1282 3592 Filius,
1329 3529 1471 3583 Patri
1516 3533 1946 3601 perfectissimo,
1984 3537 2075 3606 qui

495 3613 693 3667 alicubi
723 3624 906 3683 aperte
931 3617 1050 3670 ait:
1083 3635 1102 3668 ι
1132 3618 1413 3675 Neminem
1443 3622 1585 3679 inter
1611 3636 1762 3680 natos
1791 3628 2075 3684 mulierum

496 3703 755 3772 majorem
792 3704 1000 3760 Joanne
1052 3708 1293 3779 Baptista
1333 3715 1665 3779 surrexisse;
1722 3726 1773 3771 et
1816 3719 2075 3774 minorem

495 3794 549 3845 in
578 3811 740 3864 regno
764 3799 1322 3870 ccelorum.majorcm
1351 3803 1465 3869 ipso
1486 3807 1712 3861 esse"?
1742 3827 1761 3859 ι
1790 3809 1906 3878 Ipse
1928 3812 2074 3865 enim

496 3885 675 3940 minor
702 3890 1000 3959 exsisteus,
1035 3895 1244 3950 ratione
1279 3898 1540 3967 temporis
1569 3916 1678 3970 quo
1710 3911 1866 3958 natus
1895 3917 1978 3959 est
2011 3920 2078 3959 ex

497 3991 686 4033 sancta
719 3981 971 4051 Virgine,
1010 3996 1120 4040 tum
1158 3989 1371 4042 demum
1407 4006 1466 4044 se
1498 3991 1564 4044 ad
1605 4008 1869 4047 summam
1906 3996 2077 4050 virtu-

499 4080 610 4123 tum
637 4087 942 4129 mensuram
967 4087 1349 4146 perventurum
1376 4078 1595 4146 fatetur,
1617 4083 1830 4150 quando
1855 4099 2079 4153 regnum

499 4163 758 4218 Helorum
795 4167 1110 4231 advenerit,
1149 4186 1211 4224 ac
1245 4171 1408 4226 veluti
1447 4176 1750 4228 mercedem
1787 4176 2077 4244 quamdam

501 4263 720 4320 propter
753 4255 1278 4316 administrationem
1318 4273 1514 4318 nostra:
1547 4263 1737 4319 salutis
1777 4275 2082 4334 reportatu-

502 4357 642 4396 rum.
671 4343 772 4409 Qui
800 4361 929 4398 vero
956 4349 1214 4414 ejusmodi
1248 4361 1473 4419 natura,
1501 4369 1608 4422 quo
1639 4365 1798 4422 pacto
1829 4357 1901 4411 sit
1928 4357 2082 4412 sinti-

503 4430 598 4496 lis,
628 4441 721 4487 aut
748 4449 856 4503 quo
888 4447 1045 4504 pacto
1075 4449 1346 4495 statuatur
1371 4441 1596 4513 aequalis
1625 4441 1813 4497 Patri?

1007 4642 1214 4698 Salutio
1252 4645 1578 4716 objectionis.

572 4769 825 4840 imperite
854 4773 1143 4829 admodum
1175 4786 1340 4845 atque
1373 4777 1553 4846 inepte
1581 4780 1671 4848 qui
1707 4779 1776 4833 ita
1809 4781 2082 4847 sentiunt,

501 4877 691 4916 eorum
737 4879 857 4933 qua:
891 4881 922 4920 a
959 4865 1248 4924 Servatore
1305 4882 1490 4926 nostro
1523 4872 1741 4928 Christo
1773 4874 1914 4929 dicta
1961 4884 2088 4929 sunt

504 4955 610 5007 vim
650 4957 1092 5026 interpretantur.
1130 4959 1317 5032 Neque
1349 4964 1494 5017 enim
1532 4975 1590 5018 ut
1623 4965 1895 5034 propriam
1933 4981 2086 5021 suam

507 5055 755 5100 naturam
781 5062 1020 5117 accuset,
1047 5054 1161 5109 haec
1182 5055 1333 5121 dicit,
1361 5071 1534 5126 neque
1556 5067 1810 5127 tanquam
1836 5073 2086 5128 magnunt

502 5144 560 5187 et
592 5137 907 5205 prteclarum
942 5144 1142 5213 aliquid
1177 5147 1370 5201 statuit
1399 5146 1608 5202 Joanne
1643 5147 1900 5216 majorem
1932 5164 2086 5214 esse.

506 5227 599 5296 qui
641 5227 730 5282 Dei
765 5244 829 5284 ac
861 5230 1037 5289 Patris
1069 5237 1328 5306 dignitate
1365 5238 1646 5307 gloriatur,
1679 5247 1731 5292 et
1770 5239 2091 5292 naturaliter

2180 1923 2272 1986 ζον
2304 1923 2396 1976 καὶ
2424 1923 2484 1976 τὸ
2513 1923 2734 1977 ἔλαττον
2776 1926 3044 1993 φυσικῶς,
3086 1926 3344 1996 ζητητέον
3376 1928 3522 1990 ὅπως
3552 1929 3646 1981 ἐπὶ
3672 1928 3765 1980 τοῦ

2178 2013 2314 2066 Θεοῦ
2344 2015 2519 2083 Λόγου
2547 2015 2888 2085 διασώσομεν
2925 2017 3232 2089 ἀμφότερα,
3265 2017 3360 2071 καὶ⁸
3403 2019 3529 2090 περὶ
3551 2018 3641 2072 τὸν
3671 2019 3766 2074 ἕνα

2179 2102 2272 2154 καὶ
2302 2103 2462 2173 μόνον
2495 2104 2563 2158 τὰ
2591 2103 2684 2157 δύο
2715 2104 2928 2158 κεῖσθαι
2956 2105 3224 2175 δώσομεν.
3262 2106 3471 2159 Οὐκοῦν
3500 2108 3633 2161 καθὸ
3661 2107 3765 2176 φύ-

2181 2211 2262 2247 σει
2303 2194 2453 2264 Θεὸς,
2492 2197 2606 2259 ἴσος
2644 2195 2797 2250 ἔσται
2835 2196 2912 2266 τῷ
2963 2197 3281 2268 γεγενηκότι
3332 2195 3484 2267 Θεῷ’
3537 2196 3670 2250 καθὸ
3712 2197 3768 2249 δὲ

2179 2286 2404 2355 γέγονεν
2451 2286 2758 2358 ἄνθρωπος,
2792 2288 3143 2358 ὴλαττῶσθαι
3191 2289 3431 2357 λέγεται.
3469 2289 3532 2341 El
3578 2287 3636 2341 δέ
3681 2305 3768 2352 τις

2178 2377 2369 2448 ἀφέλοι
2391 2379 2489 2450 τῆς
2519 2380 2755 2449 φυσικῆς
2783 2379 3072 2451 ὑπάρξεως
3103 2379 3268 2434 αὑτοῦ
3297 2379 3394 2452 τὴν
3419 2381 3772 2451 ἰσότητα,καὶ

2183 2470 2258 2540 μὴ
2302 2472 2360 2523 ἐν
2403 2470 2578 2541 τούτῳ
2609 2471 2813 2543 ταύτην
2852 2472 3124 2536 σώζεσθαι
3155 2473 3324 2541 λέγοι,
3353 2475 3446 2526 ποῖ
3489 2471 3552 2543 δὴ
3583 2471 3772 2525 λοιπὸν

2180 2563 2456 2629 κείσεται;
2496 2565 2566 2616 Ἢ
2598 2565 2749 2617 ποῖον
2784 2562 2896 2627 ἕξει
2936 2565 3027 2618 τὸν
3060 2564 3223 2618 τόπον
3251 2564 3345 2618 τοῦ
3373 2562 3502 2617 Υίοῦ
3531 2563 3591 2616 τὸ
3621 2562 3771 2629 ἐξαί-

2182 2673 2358 2728 ρετον,
2395 2656 2566 2728 μόνης
2608 2657 2710 2727 τῆς
2761 2656 3113 2720 ἐλαττώσεως
3145 2657 3477 2727 φαινομένης
3520 2655 3648 2726 περὶ
3679 2654 3773 2708 τὸν

2178 2747 2280 2817 τῆς
2310 2747 2468 2801 ἐνανθ
2479 2748 2783 2818 ρωπὴσεως
2811 2747 3014 2817 τρόπον
3033 2763 3045 2810 ;

2186 2883 2306 2934 Ἔτι
2336 2884 2423 2948 εις
2452 2883 2517 2936 τὸ
2548 2883 2700 2936 αὑτό
2718 2900 2732 2915 ο
2765 2883 2892 2934 Ὅτι
2924 2882 3060 2946 ἴσος
3082 2883 3112 2934 ό
3140 2879 3271 2943 Υἱὸς
3301 2876 3448 2948 κατὰ
3473 2877 3668 2948 πάντα
3691 2873 3771 2938 τῷ

2255 2952 2376 3017 Θεῷ
2400 2946 2509 3005 ’καὶ
2541 2952 2744 3018 Πατρὶ,
2782 2952 3177 3018 προκειμένου
3218 2949 3315 3001 καὶ
3347 2946 3771 3018 ἐξεταζομένου

2246 3015 2436 3089 ρηἑοῦ
2464 3036 2476 3048 ⁸
2511 3041 2535 3096 ι
2557 3015 2745 3091 Ἀμὴν
2789 3015 2944 3096 λέγω
2988 3015 3151 3096 tuti-tr,
3175 3021 3316 3096 “oux
3362 3015 3773 3096 ἐγήγερςαι-ἐν

2254 3087 2563 3161 γεννητοῖς
2597 3087 2898 3162 γυναικῶν
2923 3090 3133 3162 usi/{tor
3175 3087 3446 3142 Ἰωάννου
3500 3087 3605 3140 τοῦ
3658 3088 3770 3140 Βα-

2102 3182 2146 3240 c
2247 3159 2522 3227 πτιστοῡ,
2567 3159 2773 3232 [μετὰ
2794 3161 2903 3213 τῶν
2931 3159 3151 3229 ἐφεξῆς.

2409 3299 2725 3364 Ἀντίθεσις
2761 3298 2841 3364 ὠς
2877 3299 2945 3351 ἐκ
2986 3297 3104 3350 τῶν
3141 3295 3215 3350 δι’
3248 3296 3550 3361 ἐναντίας.

2257 3436 2364 3486 Καὶ
2391 3433 2506 3497 πῶς
2537 3434 2602 3487 ἂν
2634 3433 2740 3503 εἴη,
2771 3434 2956 3504 φησιν,
2986 3433 3017 3504 ἢ
3051 3433 3163 3496 ἴσος
3194 3434 3225 3504 ἢ
3257 3435 3443 3503 ὅμοιος
3465 3430 3769 3504 όΧριστδς,

2185 3529 2482 3589 τουτέστιν,
2515 3532 2542 3582 6
2570 3529 2699 3591 Υἱὸς
2726 3527 2802 3598 τῷ
2837 3527 3141 3597 παντελείῳ
3166 3527 3363 3597 Πατρὶ,
3390 3527 3448 3589 ὃς
3486 3544 3549 3594 γε
3585 3526 3774 3595 σαφῶς

2187 3617 2290 3671 που
2325 3635 2490 3690 φησιν
2519 3618 2594 3681 ὡς
2644 3638 2662 3669 ι
2691 3617 2804 3670 Οὐκ
2831 3617 3128 3688 ἐγήγερται
3163 3617 3263 3687 μὲν
3287 3619 3344 3669 ἐν
3371 3618 3644 3686 γεννητοῖς
3672 3633 3774 3684 γυ-

2187 3709 2390 3763 ναικῶν
2430 3710 2676 3764 Ἰωάννου
2713 3706 2915 3777 μείζων
2952 3707 3162 3770 οὐδείς·
3209 3709 3237 3760 6
3265 3706 3321 3760 δέ
3365 3707 3689 3777 μικρότερος
3716 3708 3775 3759 ἐν

2186 3804 2251 3870 τῇ
2308 3800 2555 3871 βασιλείᾳ
2600 3799 2710 3851 τῶν
2753 3798 3023 3868 οὐρανῶν,
3082 3797 3280 3868 μείζων
3334 3799 3500 3852 αὑτοῦ
3549 3801 3714 3852 ἐστιν.
3750 3817 3769 3849 ι

2187 3893 2357 3955 Αὐτὸς
2383 3891 2492 3962 γάρ
2519 3890 2592 3944 ὣν
2616 3892 2644 3942 ὁ
2675 3891 2998 3961 μικρότερος
3030 3891 3172 3945 κατὰ
3198 3892 3288 3946 τὸν
3316 3894 3372 3945 ἐν
3403 3893 3479 3963 τῷ
3510 3892 3775 3962 γεγεννῆ-

2190 3985 2312 4038 σθαι
2350 3983 2541 4053 χρόνον
2565 3983 2653 4036 διὰ
2677 3982 2778 4052 τῆς
2805 3983 2967 4051 ἁγίας
3011 3984 3310 4056 Παρθένου,
3339 3985 3462 4038 τότε
3501 3985 3653 4054 μόλις
3683 3984 3776 4037 καὶ

2187 4075 2247 4126 τὸ
2295 4073 2401 4126 τῶν
2436 4075 2516 4137 είς
2546 4074 2714 4145 ἀκρον
2747 4075 2992 4144 ἡκόντων
3021 4075 3224 4145 ἀρετῆς
3263 4074 3776 4148 ὑπεραναὸήσεσθαι

2192 4164 2391 4235 μέτρον
2413 4164 2603 4218 ἑαυτὸν
2621 4164 2895 4234 ὁμολογεῖ,
2923 4167 3048 4219 ὅταν
3070 4168 3102 4236 ή
3127 4166 3236 4219 τῶν
3263 4166 3508 4237 οὐρανῶν
3531 4165 3777 4235 βασιλεία

2190 4255 2590 4326 παραγένηται,
2618 4257 2807 4326 μισθὸν
2835 4256 3022 4329 ῶσπερ
3047 4258 3167 4313 τινὰ
3194 4259 3382 4312 τοῦτον
3407 4259 3504 4329 τῆς
3528 4259 3606 4320 είς
3629 4258 3778 4328 ἡμᾶς

2188 4345 2458 4410 διακονίας
2482 4347 2982 4417 ἀντικομιζόμενον.
3001 4348 3059 4400 ’0
3084 4347 3138 4401 δέ
3167 4347 3341 4411 οὕτως
3371 4348 3509 4417 ἔχων
3535 4347 3774 4416 φύσεως,

2192 4437 2309 4502 πῶς
2338 4437 2404 4491 ἂν
2437 4433 2504 4507 ἦν
2530 4439 2736 4509 ὅμοιος,
2759 4439 2792 4509 ἢ
2819 4441 2914 4492 καὶ
2943 4439 3001 4494 ἐν
3025 4441 3232 4512 ἰσότητι
3260 4441 3504 4510 φαίνοιτο
3523 4440 3617 4494 τοῦ
3639 4439 3777 4494 Θεοῦ

2114 4561 2157 4615 (ι
2194 4532 2289 4580 καὶ
2318 4529 2534 4599 Πατρός
2552 4546 2567 4596 ;

2538 4641 2695 4710 Πρὸς
2733 4643 2920 4698 ταῦτα
2953 4645 3133 4710 λύσις
3170 4643 3415 4714 ἐφεξῆς.

2275 4774 2538 4846 Ἀνοήτως
2564 4776 2770 4848 σφόδρα
2804 4777 2898 4830 καὶ
2932 4777 3160 4848 ἀμαθῶς
3187 4779 3234 4830 οἱ
3262 4777 3421 4848 τῆσδε
3452 4775 3781 4846 διεσκεμμέ-

2191 4883 2269 4918 νοι
2294 4865 2394 4935 τὴν
2417 4867 2524 4919 τῶν
2553 4868 2858 4938 εἰρημένων
2883 4870 3035 4940 παρά
3059 4869 3153 4922 τοῦ
3185 4870 3434 4940 Σωτῆρος
3464 4870 3495 4938 ή
3506 4867 3620 4938 μῶν
3646 4867 3781 4936 Χρι-

2193 4957 2317 5010 στοῦ
2347 4957 2657 5029 διειλήφασι
2677 4959 2926 5029 δύναμιν.
2953 4962 3028 5014 Οὐ
3046 4961 3153 5032 γὰρ
3178 4962 3265 5015 ἵνα
3288 4965 3382 5030 τῆς
3412 4959 3620 5022 οίκείας
3644 4975 3782 5011 κατ-

2192 5048 2438 5120 ηγορήσῃ
2475 5049 2710 5117 φύσεως,
2738 5050 2807 5102 τά
2837 5051 3064 5105 τοιαῦτά
3097 5069 3280 5123 φησιν,
3299 5052 3418 5104 οὐδὲ
3452 5053 3526 5113 ὡς
3559 5050 3703 5120 μέγα
3726 5066 3782 5102 τι

2193 5141 2287 5194 καὶ
2339 5141 2696 5212 ἀξιοζήλωτον
2745 5146 3003 5214 καύχημα
3058 5143 3400 5215 περιτίθησιν
3451 5141 3627 5211 ἐαυτῷ
3669 5139 3782 5192 τῶν

2207 5235 2453 5288 Ἰωάννου
2486 5236 2700 5307 μέτρων
2727 5236 2825 5308 τὴν
2853 5237 3146 5309 ὑπεροχὴν,
3181 5240 3210 5291 6
3247 5239 3355 5299 τοῖς,
3391 5236 3485 5289 τοῦ
3523 5233 3658 5287 Θεοῦ
3686 5234 3783 5286 καὶ

507 5321 689 5372 omnia
726 5336 845 5390 qua:
885 5325 1058 5381 Patris
1095 5338 1252 5393 sunt,
1294 5329 1346 5384 in
1393 5345 1452 5384 se
1495 5331 1692 5396 habet,
1732 5339 1891 5400 atque
1932 5332 2001 5386 ob
2041 5333 2076 5385 it

2196 5327 2407 5398 Πατρὸς
2441 5327 2835 5398 ἐπικομπάζων
2863 5328 3161 5398 ἀξιώμασι,
3189 5329 3283 5380 καὶ
3324 5326 3502 5380 πάντα
3549 5325 3687 5394 ἔχων
3722 5326 3785 5376 ἐν

509 5409 854 5479 proclamans
879 5432 896 5471 :
927 5435 944 5468 ι
974 5418 1164 5472 Omnia
1189 5436 1308 5490 qua:
1333 5421 1492 5475 habet
1516 5420 1673 5476 Pater
1697 5438 1813 5475 mea
1839 5423 2042 5478 sunt".
2070 5442 2078 5473 ι

2197 5421 2373 5490 ἐαυτῷ
2428 5420 2496 5474 τὰ
2549 5421 2756 5474 ἐκείνου
2818 5422 3082 5490 φυσικῶς,
3132 5421 3223 5475 διά
3278 5438 3340 5489 γε
3397 5420 3553 5473 τοῦτο
3603 5417 3782 5486 βοιῖιν·

514 5501 794 5557 Pet-fectus
825 5519 1002 5562 autem
1035 5521 1118 5565 cst
1149 5511 1339 5568 Pater:
1370 5515 1566 5567 nullius
1594 5515 1773 5582 itaque
1802 5516 2048 5583 indigens
2076 5536 2078 5567 τ

2202 5531 2220 5564 ι
2253 5515 2434 5566 Πάντα
2478 5514 2576 5566 ὅσα
2624 5513 2735 5582 ἔχει
2779 5516 2806 5566 ὀ
2855 5514 3043 5584 Πατὴρ
3082 5514 3190 5584 ἐμά
3237 5514 3403 5578 ἐστιν.
3440 5510 3622 5578 »Ἔχει
3661 5505 3717 5558 δέ
3756 5508 3787 5558 ὁ

514 5593 900 5664 perfectus-que
931 5611 1014 5653 cst
1043 5602 1208 5658 Filéus
1235 5619 1300 5658 cx
1334 5604 1450 5672 ipso
1479 5605 1709 5674 genitus.
1737 5606 1837 5672 Qui
1867 5622 1994 5662 vero
2023 5608 2078 5660 ita

2201 5608 2385 5678 Πατὴρ
2419 5607 2479 5661 τὸ
2514 5608 2825 5663 παντέλειον
2849 5626 2861 5639 °
2900 5608 3201 5679 ἀπροσδεὴς
3230 5608 3336 5678 ἄρα
3373 5604 3466 5659 καὶ
3491 5602 3694 5663 τέλειος
3721 5599 3784 5663 ἐξ

592 5771 638 5802 ⁸⁵
673 5770 830 5830 Hebr.
863 5794 922 5840 ιι,
949 5781 998 5833 7.
1079 5781 1120 5810 ’⁸
1157 5779 1281 5837 Lnr.
1324 5799 1414 5849 ιιι,
1449 5784 1533 5836 23.
1613 5786 1653 5815 “
1686 5782 1838 5838 Juan.
1867 5799 1969 5846 xw,
2009 5783 2088 5836 l5.
