4032 6212
265 363 372 419 157

1699 357 1973 421 ΤΠΕΒΜ]
1984 362 2143 419 BUS.

3458 369 3562 425 153

263 478 433 535 αὐτοῦ
468 480 875 553 γεγεννημένος
898 482 927 535 ὁ
949 481 1097 546 Υἱός.
1116 479 1176 536 '0
1196 480 1253 536 δὲ
1280 479 1454 547 circa);
1488 479 1627 552 ἒχων
1645 480 1861 550 φύσεως

1968 495 2026 537 se
2061 480 2387 536 naturaliter
2421 480 2615 549 habet,
2651 494 2760 551 quo
2792 491 2957 552 pacto
2993 496 3099 539 non
3133 480 3207 539 sit
3236 480 3430 539 similis
3466 498 3561 553 per

260 573 407 626 κατὰ
437 573 531 626 τὸν
558 575 688 644 παρ’
716 574 947 628 ἐκείνων
980 573 1157 642 λόγον,
1185 572 1304 635 πῶς
1343 573 1443 627 οὐκ
1473 571 1540 626 ἂν
1567 574 1653 644 εἰη
1682 572 1861 627 λοιπὸν

1968 571 2150 627 omnia
2179 578 2236 626 et
2266 572 2497 641 aequalis
2527 586 2627 627 suo
2659 571 2850 628 Patri?

262 663 454 733 ὅμοιός
482 680 549 717 τε
580 664 675 717 καὶ
705 663 823 728 ίσος
846 664 992 718 κατὰ
1015 664 1193 719 πάντα
1223 663 1303 736 τῷ
1334 664 1602 735 φύσαντι;

263 777 474 839 ΔΔΛΟ,
511 776 616 831 διὰ
642 774 767 847 rﬁcg
780 778 870 843 εἰς
900 776 1129 832 ἄτοπον
1149 776 1490 847 ἀπαγωγῆς,
1526 776 1747 847 enim
1778 778 1868 845 εἰς

330 848 690 915 ὁμολογίαν,
736 845 827 899 ὅτι
877 847 1169 913 κίϐδηλον
1209 845 1329 900 τῶν
1368 845 1450 901 δι’
1491 845 1771 913 ἐναντίας
1797 847 1866 901 τὸ

331 914 618 986 θεώρημα
639 933 654 948 ο
684 917 782 970 καὶ
817 916 909 971 ὅτι
936 916 1003 970 τὸ
1034 917 1188 971 οὕτω
1220 917 1402 984 νοεῖν,
1425 918 1668 988 ἀμαθές.

331 1028 477 1097 Φησί
508 1046 614 1081 που
644 1029 882 1101 Χριστός
904 1045 918 1061 ·
960 1047 980 1081 ι
1011 1031 1125 1084 Οὐκ
1154 1030 1451 1103 ἐγήγερται
1495 1032 1554 1085 ἐν
1585 1033 1867 1103 γεννητοῖς

264 1116 553 1181 γυναικῶν
588 1116 793 1187 μείζων
834 1118 1085 1173 Ἰωάννου
1109 1119 1204 1173 τοῦ
1235 1120 1547 1174 Βαπτιστοῦ
1572 1136 1586 1150 ’
1632 1123 1662 1176 ὁ
1684 1121 1742 1175 δέ
1776 1139 1865 1192 μι-

267 1208 536 1279 κρότερος
568 1210 630 1261 ἐν
658 1212 723 1281 τῇ
753 1209 1002 1282 βασιλείᾳ
1030 1210 1139 1264 τῶν
1163 1212 1411 1283 οὐρανῶν
1443 1212 1649 1281 μείζων
1691 1213 1858 1267 αὐτοῦ

268 1299 434 1351 ἐστιν.
470 1317 490 1348 ι
514 1297 662 1351 Ἀλλ’
690 1300 849 1371 εἰπερ
893 1300 1110 1371 ἐνεχθὲν
1144 1300 1239 1355 ἐπὶ
1279 1301 1375 1356 τοῦ
1411 1302 1653 1373 Χριστοῦ
1678 1303 1738 1356 τὸ
1776 1321 1865 1373 μιι

269 1389 534 1459 πρότερον
562 1391 663 1460 τὴν
711 1392 770 1443 ἐν
818 1392 997 1464 χρόνῳ
1026 1393 1300 1463 ποσότητα
1331 1395 1608 1465 σημαίνει,
1637 1396 1731 1448 καὶ
1764 1397 1864 1448 ἐπ’

271 1480 435 1533 obs-05
470 1483 744 1553 κρατήσει
780 1481 877 1535 τοῦ
911 1483 1070 1551 ἁγίου
1100 1484 1407 1537 Βαπτιστοῢ
1440 1485 1499 1538 τὸ
1533 1486 1646 1539 ἴσον
1672 1486 1864 1539 ἀναλό-

269 1589 381 1639 γως
406 1574 529 1633 τοῖς
561 1571 905 1643 θεωρήμασι.
938 1573 1203 1644 Σημαίνει
1231 1564 1521 1643 δὲ’ὁμοίως
1554 1574 1644 1627 τὸν
1669 1575 1862 1645 χρόνον

266 1661 347 1723 τὸ,
388 1679 407 1711 ι
437 1661 560 1713 Ούκ
584 1661 884 1732 ἐγήγερται
915 1659 1139 1731 μείζων.
1173 1681 1192 1714 s
1213 1662 1350 1714 Ἀλλ’
1377 1662 1478 1716 οὐκ
1502 1663 1707 1735 ἀληθὴς
1729 1665 1861 1735 ημῖν

267 1755 297 1806 ὁ
316 1752 411 1805 ἐπὶ
432 1751 615 1822 τούτῳ
634 1752 958 1822 λεχθήσεται
990 1753 1167 1822 λόγος,
1201 1754 1629 1826 άντελεγχούσης
1660 1756 1861 1826 τρόπον

271 1843 391 1896 τινὰ
411 1846 519 1914 τῆς
551 1842 704 1907 θείας
736 1843 965 1914 Γραφῖκ
997 1845 1091 1897 καὶ
1127 1843 1319 1915 βιῶναι
1347 1845 1611 1917 λεγούσης
1639 1847 1731 1900 τὸν
1765 1846 1863 1917 μὲν

271 1933 363 1988 τοῦ
396 1934 594 2003 γένους
637 1934 797 2005 ἡμῶν
842 1935 1156 2006 ἀρχηγέτην
1206 1936 1381 2006 Ἀδάμ
1409 1938 1498 2006 ἐφ’
1519 1938 1662 2000 ὅλοις
1690 1937 1867 1989 ἐτεσιν

268 2026 641 2088 ἐννεακοσίοις
687 2026 779 2078 τὸν
828 2026 1063 2097 ἀριθμὸν
1109 2028 1201 2081 καὶ
1248 2029 1615 2097 πεντήκονταο
1646 2029 1865 2099 ἐτέρους

269 2114 325 2169 δέ
360 2115 526 2169 πάλιν
554 2116 751 2188 ἐκείνῳ
782 2117 1025 2190 τιθείσης
1051 2120 1131 2204 εἰς
1160 2119 1434 2190 ποσότητα
1462 2119 1561 2190 τὴν
1601 2123 1658 2173 ἐν
1686 2120 1866 2191 χρόνῳ

271 2205 541 2271 γείτονας,
565 2207 861 2277 γεννητοῦς
883 2207 1043 2272 ὄντας
1068 2209 1133 2262 ἐκ
1159 2209 1454 2277 γυναικῶν,
1485 2210 1626 2264 κατὰ
1650 2210 1750 2280 τὴν
1770 2209 1864 2263 τοῦ

268 2298 527 2371 Σωτῆρος
559 2298 768 2369 φωνὴν,
809 2298 987 2353 καίτοι
1015 2300 1109 2355 τοῦ
1146 2302 1621 2374 προκηρύττοντος
1660 2302 1866 2356 But-ct-

269 2390 396 2443 στοῦ
431 2390 634 2462 κομιδῇ
671 2390 791 2445 νέον
822 2392 915 2446 τὸν
958 2391 1079 2445 καθ’
1108 2395 1256 2464 ἡμᾶς
1303 2393 1668 2459 ἁναλύσαντος
1715 2393 1862 2465 βίον.

268 2481 485 2535 οὐκοῦν
534 2482 597 2534 οὐ
644 2482 737 2535 τὸν
771 2482 964 2553 χρόνον
1007 2483 1097 2537 ἐπ’
1125 2482 1293 2538 αὐτοῦ
1337 2483 1399 2537 τὸ
1449 2485 1654 2556 μείζων
1692 2485 1862 2557 δηλοτ,

271 2571 480 2640 μᾶλλον
502 2570 561 2624 δὲ
587 2571 681 2624 τὸν
708 2572 765 2624 ἐν
790 2572 960 2643 ἀρετῇ
986 2571 1284 2644 κεκτῆσθαι
1312 2572 1372 2625 τδ
1397 2572 1620 2644 ὑψηλὸν,
1645 2575 1739 2626 καὶ
1765 2575 1866 2627 ἐπ’

267 2662 472 2725 αὐτοὺς
506 2662 775 2735 ἀναϐῆναι
816 2662 1004 2717 λοιπὸν
1046 2663 1147 2735 τῆς
1174 2663 1404 2734 ἐνούσης
1436 2662 1749 2736 ἀνθρώποις
1784 2665 1865 2718 διο

269 2752 570 2820 καιοσύνης
598 2753 725 2816 τοὺς
751 2753 915 2823 ὅρους
934 2769 946 2781 ·
972 2753 1184 2818 τούτοις
1212 2754 1520 2818 ἀκολούθως
1539 2755 1636 2807 καί
1654 2755 1746 2808 ἐπὶ
1770 2754 1865 2809 τοῦ

268 2844 526 2915 Σωτῆρος
573 2843 732 2913 ἡμῶν
785 2842 1022 2916 Χριστοῦ
1065 2844 1129 2898 τὸ
1177 2844 1499 2916 μικρότερος
1544 2844 1623 2915 τῷ
1656 2844 1865 2915 μείζονι

269 2935 805 3006 ἀντιπαρακείμενον
844 2935 905 2987 ού
941 2933 1135 3006 χρόνου
1162 2933 1374 2999 δέξεταί
1412 2952 1464 2989 τι
1501 2934 1858 3004 σημαντικόν.

270 3025 377 3095 Εῐη
408 3026 518 3097 γὰρ
550 3026 617 3079 ἂν
649 3025 823 3089 οὕτως
869 3025 963 3079 καὶ
1013 3024 1249 3093 γέλωτος
1290 3025 1439 3093 ἄξιον
1484 3026 1547 3079 τὸ
1594 3026 1653 3078 ἐν
1685 3026 1863 3097 χρόνῳ

275 3116 465 3178 ποσὸν,
494 3117 603 3170 τῶν
633 3116 774 3170 κατὰ
805 3115 1009 3187 ἀρετὴν
1053 3116 1362 3188 ὑψωμάτων
1404 3116 1623 3169 ἔσεσθαι
1677 3116 1861 3186 μεῖζον

1968 771 2208 838 ALIUD,
2252 789 2346 844 per
2385 772 2739 829 reductionem
2789 772 2861 826 ad
2906 770 3230 837 absurdum,
3278 772 3558 844 ostendens

2041 843 2233 913 falsam
2255 842 2382 898 esse
2420 845 2851 897 adversariorum
2889 844 3337 914 propositionem;
3374 851 3424 897 et
3464 842 3557 895 ab-

2040 915 2260 966 surdum
2295 929 2407 968 esse
2436 914 2514 967 ita
2542 914 2757 967 sentire.

2037 1024 2288 1081 Christus
2316 1024 2517 1081 alicubi
2548 1026 2625 1080 ita
2654 1023 2732 1079 ait
2759 1040 2775 1079 :
2810 1041 2831 1076 ι
2864 1021 2982 1077 Non
3010 1021 3248 1078 surrexit
3282 1022 3425 1076 inter
3453 1036 3553 1076 ua-

1969 1125 2055 1172 tos
2084 1116 2373 1171 mulierum
2404 1115 2581 1187 major
2604 1114 2814 1172 Joanne
2842 1113 3083 1185 Baptista
3115 1131 3131 1168 :
3165 1114 3346 1168 minor
3372 1122 3551 1168 autem

1968 1210 2022 1265 in
2059 1224 2224 1279 regno
2253 1211 2517 1265 cmlorum
2564 1208 2740 1279 major
2795 1207 2904 1278 95
2936 1208 3054 1277 ipso
3084 1216 3189 1262 est.
3226 1224 3247 1258 ι
3281 1205 3548 1261 Caeterum

1966 1300 2013 1355 si
2060 1298 2112 1353 id
2155 1298 2301 1369 quod
2338 1296 2565 1353 aﬁ‘ertur
2607 1298 2673 1353 de
2714 1296 2933 1353 Christo
2970 1296 3150 1351 minus
3188 1295 3548 1365 quantitatem

1967 1389 2231 1457 temporis
2267 1387 2575 1457 signiﬁcat,
2607 1387 2801 1441 eadem
2837 1385 3048 1440 ratione
3082 1383 3248 1439 etiam
3284 1383 3550 1439 Joannem

1968 1480 2264 1550 Baptistam
2301 1479 2418 1534 hac
2450 1476 2898 1549 comprehendet.
2931 1475 3221 1548 Signiﬁcat
3254 1486 3434 1531 autem
3470 1476 3550 1531 si-

1968 1572 2175 1626 militer
2204 1580 2439 1640 tempus,
2473 1568 2605 1624 illud
2638 1587 2653 1624 :
2690 1588 2709 1620 ι
2745 1567 2861 1625 Non
2891 1568 3134 1624 surrexit
3162 1566 3359 1636 major.
3391 1586 3412 1620 ι
3442 1568 3547 1622 At-

1965 1662 2056 1732 qui
2101 1664 2204 1718 hoc
2237 1676 2424 1717 verum
2459 1676 2566 1716 non
2598 1669 2705 1726 est,
2740 1675 2864 1716 cum
2906 1661 3024 1731 ipsa
3067 1674 3222 1716 sacra
3264 1658 3549 1729 Scriptura

1967 1761 2250 1822 repugnet,
2276 1760 2329 1807 et
2350 1751 2620 1806 Adamum
2651 1750 2867 1822 generis
2898 1750 3073 1806 nostri
3100 1761 3381 1805 auctorem
3409 1763 3548 1804 non-

1892 1827 1938 1883 Β
1964 1852 2155 1915 gentos
2179 1843 2568 1914 quinquaginta
2597 1858 2771 1899 annos
2796 1843 2999 1898 vixisse
3025 1851 3276 1906 testetur,
3305 1840 3552 1910 aliosque

1971 1945 2251 1992 recenseat
2275 1936 2367 2007 qui
2396 1935 2735 2006 longitudine
2762 1936 2889 1990 vitae
2915 1936 3161 2006 proxime
3186 1935 3254 1989 ad
3282 1935 3551 1989 Adamum

1969 2035 2354 2091 accesserunt,
2383 2034 2439 2081 et
2464 2041 2533 2081 ex
2566 2024 2886 2080 mulieribus
2916 2026 3064 2089 nati,
3096 2034 3155 2078 ut
3184 2024 3439 2080 Christus
3467 2022 3550 2079 lo—

1969 2114 2173 2184 quitur,
2202 2115 2447 2179 fuerant,
2480 2130 2602 2169 cum
2635 2128 2939 2183 prmcursor
2964 2113 3164 2169 Christi
3194 2112 3437 2182 Baptista
3461 2118 3550 2179 ju-

1967 2206 2124 2261 venis
2154 2205 2445 2260 admodum
2480 2220 2510 2259 e
2539 2203 2678 2259 vivis
2709 2205 3025 2259 excesserit.
3062 2202 3187 2257 Haec
3220 2202 3385 2273 igitur
3415 2218 3548 2268 vox,

1969 2294 2165 2364 major,
2198 2311 2307 2351 non
2340 2305 2553 2365 tempus
2581 2292 2890 2364 signiﬁcat,
2922 2292 3016 2348 sed
3048 2292 3228 2362 potius
3256 2292 3401 2362 quod
3434 2291 3551 2346 vir-

1969 2387 2101 2444 tutis
2131 2386 2406 2456 fastigium
2440 2386 2514 2441 sit
2546 2393 2907 2447 consecutus,
2938 2374 2993 2438 et
3022 2382 3088 2436 ad
3126 2382 3299 2448 ipsam
3327 2380 3552 2448 iustitia

1968 2493 2088 2549 qua:
2133 2478 2187 2533 in
2234 2476 2484 2533 homines
2527 2476 2673 2531 cadit
2722 2484 2919 2530 metam
2970 2471 3311 2542 pervenerit;
3357 2472 3546 2527 eadem

1967 2570 2130 2641 plane
2175 2570 2388 2624 ratione
2426 2568 2495 2625 de
2536 2568 2830 2624 Servatore
2877 2575 3061 2621 nostro
3106 2564 3325 2621 Chi-isto
3371 2565 3551 2620 minor

1967 2660 2159 2728 majori
2197 2661 2478 2730 oppositus
2524 2675 2630 2715 non
2676 2668 2890 2727 tempus
2928 2656 3218 2727 signiﬁcat.
3267 2653 3551 2710 Ridiculus

1964 2752 2109 2809 enim
2145 2753 2216 2808 sit
2248 2752 2341 2822 qui
2382 2752 2434 2806 id
2476 2752 2618 2822 quod
2664 2750 2924 2819 temporis
2957 2748 3315 2817 quantitatem
3354 2746 3545 2809 habet,

1966 2845 2184 2899 virtutis
2214 2844 2534 2899 celsitudine
2563 2843 2740 2913 majus
2767 2841 3059 2897 existimet.
3091 2839 3372 2907 Quomodo
3400 2838 3545 2893 enim

1964 2935 2096 2991 talia
2144 2935 2289 2991 inter
2333 2950 2394 2990 se
2443 2933 2746 3004 comparari
2793 2931 3055 3003 possint?
3100 2930 3170 2985 At
3213 2944 3344 2985 vero
3371 2929 3550 2998 potius

1964 3027 2273 3084 necessaria
2309 3025 2522 3082 ratione
2556 3024 2823 3080 minorem
2856 3023 3203 3079 sanctitatem
3236 3020 3548 3092 signiﬁcat.

1965 3127 2024 3171 ut
2060 3118 2162 3173 hoc
2196 3125 2358 3186 pacto
2390 3116 2644 3171 Christus
2676 3114 2800 3169 vitae
2831 3113 3191 3169 sanctimonia
3226 3111 3433 3167 Joanne
3466 3111 3549 3165 in-

272 3207 500 3261 ἐννοείν.
530 3209 666 3261 Ποῖα
703 3204 813 3276 γὰρ
843 3205 981 3269 ὅλως
1008 3205 1074 3259 τὰ
1101 3205 1328 3259 τοιαῦτα
1366 3206 1504 3278 πρὸς
1530 3204 1736 3276 ἄλληλα
1764 3205 1861 3279 τὴν

1968 3207 2138 3264 ferior
2171 3208 2470 3279 iudicetur.
2503 3206 2657 3274 Quod
2700 3221 2823 3260 cum
2866 3220 2966 3277 per
3002 3219 3063 3261 se
3103 3219 3255 3260 suam
3301 3203 3547 3272 blasphe-

277 3295 572 3365 σύγκρισιν
605 3295 934 3360 ἐπιδέξεται;
979 3294 1210 3366 δηλώσει
1249 3296 1305 3350 δὲ
1344 3296 1544 3367 μᾶλλον
1571 3296 1648 3361 ὡς
1675 3295 1735 3362 ἐξ
1765 3298 1856 3352 ἀν-

1964 3300 2130 3355 miam
2156 3299 2431 3363 ostendat.
2462 3298 2659 3354 merito
2686 3311 3064 3352 exsecramur.

276 3388 526 3457 αγκαίου
557 3387 706 3455 λόγου
732 3389 787 3442 τὸ
812 3390 873 3441 ἐν
900 3388 1162 3460 ἁγιασμῷ
1230 3391 1633 3461 μειονέκτημα’
1664 3392 1753 3446 ἵνα
1773 3392 1960 3446 λοιπὸν
2024 3393 2119 3448 καὶ
2183 3394 2280 3465 τῆς
2325 3392 2573 3449 Ἰωάννου
2611 3390 2893 3456 πολιτείας
2956 3390 3216 3462 φαίνηται
3240 3386 3489 3460 δεύτερος
3518 3386 3549 3443 ὁ

273 3481 437 3544 Υἰός.
459 3479 707 3548 Ἐχούσης
726 3478 778 3533 δὲ
794 3477 1009 3533 οἴκοθεν
1030 3480 1129 3548 τῆς
1152 3480 1463 3550 δυσφημίας
1483 3481 1576 3535 τὸν
1603 3480 1844 3553 ἔλεγχον,
1885 3482 1946 3536 τὸ
1976 3482 2121 3538 οὕτω
2151 3485 2295 3538 νοεῖν
2329 3480 2779 3555 παραιτούμεθα.

674 3593 771 3659 Ὠς
804 3593 875 3647 ἐκ
909 3593 1027 3649 τῶν
1062 3592 1137 3648 δι’
1168 3594 1466 3658 ἐναντίας.

336 3707 454 3778 τὴν
499 3706 699 3778 ἁπλῆν,
726 3706 879 3776 φασὶ,
909 3706 1007 3764 καὶ
1038 3704 1504 3779 ἀπεριεργοτέραν
1549 3705 1661 3767 τοῖς
1710 3704 1862 3775 παρὰ

266 3797 361 3850 τοῦ
392 3795 649 3867 Σωτῆρος
688 3794 998 3865 εἰρημένοις
1031 3795 1265 3868 θεωρίαν
1291 3796 1608 3863 ἐπάγοντες,
1641 3793 1861 3865 χαριέν-

268 3906 378 3951 τως
409 3887 575 3941 αὐτὸν
596 3888 880 3959 εἰρηκέναι
902 3887 1228 3958 πιστεύομεν
1252 3887 1444 3960 ὅτιπερ
1473 3889 1503 3941 ὁ
1534 3887 1860 3958 μικρότερος

264 3979 344 4042 ὠς
382 3980 444 4031 ἐν
482 3977 746 4049 ποσότητι
778 3980 969 4050 χρόνου
996 3979 1090 4033 τοῦ
1138 3979 1279 4033 κατά
1328 3979 1429 4050 τὴν
1475 3978 1733 4050 γέννησιν
1758 3979 1859 4051 τὴν

268 4069 413 4138 μετὰ
445 4068 674 4139 σαρκὸς,
697 4068 851 4124 εσται
884 4070 1085 4142 μείζων
1113 4073 1173 4125 ἐν
1196 4073 1262 4142 τῇ
1292 4070 1537 4143 βασιλείᾳ
1564 4070 1673 4125 τῶν
1699 4070 1862 4142 οὐρατ

264 4162 375 4215 νῶν
402 4162 502 4215 καὶ
533 4161 631 4215 τοῦ
661 4161 865 4216 τελείου
896 4162 1035 4234 πρὸς
1076 4162 1175 4233 τὴν
1204 4164 1264 4217 ἐν
1303 4161 1612 4233 ἀνθρώποις
1636 4161 1861 4234 ἀρετήν.

264 4256 479 4309 Οὔκοῦν
504 4253 569 4308 τὸ
597 4255 697 4326 μὲν
720 4257 1042 4329 μικράτερος
1060 4256 1121 4310 τὸ
1140 4254 1420 4328 Κυριακδν
1447 4255 1669 4309 εἰσοίσει
1694 4254 1866 4326 πρόσ-

265 4363 419 4399 ωπον
457 4348 626 4418 ἡμῖν’
674 4347 736 4402 τὸ
767 4347 825 4404 δέ
867 4349 927 4402 ἐν
970 4348 1269 4419 τελειότητι
1314 4349 1379 4419 τῇ
1429 4348 1550 4402 κατ’
1580 4347 1865 4402 εὐσέϐειαν

268 4438 745 4511 ἀνθρωποπρεπεῖ
776 4439 991 4495 κεῖσθαι
1038 4440 1131 4495 τὸν
1188 4439 1344 4509 ἅγιον
1394 4440 1732 4513 Βαπτιστὴν,
1770 4440 1856 4506 τὸ,

282 4532 372 4585 Ἐν
399 4534 683 4602 γεννητοῖς
710 4530 986 4601 γυναικῶν
1012 4530 1088 4604 μὴ
1112 4531 1419 4605 ηγηγέρθαι
1446 4528 1691 4602 μείζονα,
1720 4547 1865 4602 μαρ-

270 4626 465 4693 τορεῖο
497 4623 637 4677 ἀλλὰ
672 4624 768 4678 καὶ
804 4623 897 4678 τὸν
938 4624 1082 4678 οὕτω
1129 4624 1306 4695 μέγαν
1339 4623 1694 4696 ύπεραλείται
1723 4624 1862 4695 Χρι-

272 4717 424 4781 στός.
469 4719 633 4772 Ποῖον
663 4718 725 4772 ἐν
752 4719 963 4782 τούτοις
987 4718 1050 4773 τὸ
1079 4719 1312 4786 ἄτοπονς

755 4830 915 4899 Πρὸς
949 4830 1137 4887 ταῦτα
1173 4832 1375 4899 λύσις.

339 4942 408 4996 Ei
439 4943 611 5013 μηδὲν
643 4945 703 4997 ἐν
728 4944 938 5009 τούτοις
970 4944 1032 4999 τὸ
1057 4946 1279 5009 ἄτοπον,
1310 4945 1409 5016 οὐχ
1438 4945 1625 5011 άπλῶς
1654 4945 1855 5010 εἰπεῖν,

266 5033 408 5087 ἀλλὰ
447 5033 632 5104 ζητεῖν
678 5034 1011 5104 άναγδιιιῖον⁸
1060 5036 1260 5109 χρῆναι
1290 5036 1399 5107 γὰρ
1440 5033 1596 5109 οἶμαι
1638 5035 1855 5108 γοργῶς

266 5133 385 5193 τοῖς
414 5129 580 5193 θείοις
606 5131 1043 5200 ἐπαγωνίζεσθαι
1078 5134 1281 5204 λόγοις,
1307 5135 1370 5189 ού
1413 5135 1633 5198 πάντως
1665 5136 1765 5206 τὴν
1797 5133 1857 5199 ἐξ

268 5221 654 5293 ἁπλουστέρων
685 5222 1059 5297 θεωρημάτων
1103 5226 1375 5298 ἐρανίζειν
1414 5226 1731 5292 διάγνωσιν,
1767 5228 1857 5281 ὅτε

265 5310 331 5379 δὴ
364 5312 601 5379 μάλιστα
632 5314 836 5386 πολλὴν
863 5316 995 5387 ἡμῖν
1025 5317 1328 5388 ἐμποιοῦσα
1358 5317 1457 5391 τὴν
1483 5316 1690 5389 ζημίαν
1720 5319 1853 5389 ὁρᾶ-

267 5403 508 5457 ται.Ἴνα
538 5405 647 5477 γάρ
674 5406 769 5460 καὶ
795 5407 1079 5479 νοήσωμεν
1119 5406 1291 5474 οὕτως
1330 5407 1392 5462 τὸ
1440 5408 1750 5481 εἰρημένον,
1782 5408 1859 5473 ὼς

258 5494 431 5564 ὑμεῖς
474 5514 613 5566 φατε
656 5500 751 5554 καὶ
794 5498 1136 5569 βουλεύεσθε,
1164 5501 1515 5574 ημαινέσθω
1560 5502 1858 5573 χαριέντως

267 5580 359 5636 ιιι
407 5583 503 5637 τοῦ
552 5587 914 5658 Μικρότερος
944 5590 973 5645 ό
1000 5591 1640 5664 Σωτήρ.⁹Υπερκείσεται
1681 5592 1858 5647 τοίνυν

343 5759 387 5790 ’⁷
416 5758 550 5818 Luc.
585 5776 679 5829 vn,
715 5762 803 5820 28.

2391 3592 2634 3664 Objectio
2676 3592 3122 3649 aduersariorum.

2037 3703 2386 3775 Simplicem,
2430 3705 2618 3771 aiunt,
2668 3706 3001 3776 minimeque
3041 3704 3315 3762 curiosam
3357 3717 3548 3759 eorum

1964 3809 2087 3866 qua:
2120 3811 2150 3851 a
2183 3795 2402 3851 Christo
2436 3796 2580 3851 dicta
2614 3805 2742 3851 sunt
2775 3798 3283 3867 interpretationem
3316 3808 3543 3864 sequen-

1966 3896 2068 3951 tes,
2100 3886 2308 3942 urbane
2338 3886 2490 3942 illum
2521 3885 2728 3941 dixisse
2757 3886 3030 3942 credimus
3059 3886 3227 3956 quod,
3259 3885 3437 3939 minor
3463 3885 3548 3938 ni-

1963 3979 2163 4037 mirum
2196 3978 2503 4049 quantitate
2531 3978 2799 4048 temporis
2832 3977 2903 4033 ab
2932 3985 3057 4032 ortu
3090 3977 3388 4032 secundum
3419 3988 3543 4029 car-

1963 4088 2113 4141 nem,
2141 4072 2317 4144 major
2342 4072 2558 4128 futurus
2586 4070 2658 4127 sit
2688 4071 2744 4127 in
2779 4084 2948 4143 regno
2976 4068 3259 4133 caelorum,
3287 4066 3452 4123 etiam
3481 4079 3551 4121 eo

1963 4166 2057 4237 qui
2094 4166 2347 4220 humanm
2378 4165 2599 4221 virtutis
2638 4164 3027 4236 perfectionem
3069 4170 3157 4219 est
3197 4166 3543 4216 consecutus.

1965 4257 2141 4314 Minor
2168 4257 2353 4328 itaque
2382 4271 2670 4328 personam
2705 4256 2917 4313 Domini
2956 4254 3113 4311 nobis
3144 4252 3446 4325 signiﬁcat;
3481 4248 3549 4305 il-

1968 4350 2059 4407 lud
2090 4364 2222 4405 vero
2260 4364 2367 4405 non
2405 4349 2711 4405 surrexisse
2748 4348 3010 4417 majorem
3052 4348 3196 4404 inter
3227 4353 3389 4401 natos
3426 4357 3549 4397 mu—

1968 4440 2196 4509 lierum,
2229 4440 2504 4511 signiﬁcat
2533 4449 2783 4496 sanctum
2818 4438 3119 4511 Baptistam
3152 4434 3545 4508 perfectionem

1967 4530 2187 4602 pietatis
2214 4545 2334 4599 qua:
2361 4532 2416 4586 in
2444 4531 2719 4586 hominem
2744 4529 2945 4586 cadere
2970 4529 3166 4601 possit,
3194 4533 3548 4583 consecutum

1965 4622 2138 4679 fuisse
2170 4638 2186 4679 :
2224 4630 2480 4679 caeterum
2520 4623 2666 4678 hunc
2700 4621 3056 4691 quantumvis
3093 4633 3351 4688 magnum
3387 4613 3549 4670 Chri-

1967 4726 2084 4773 stus
2114 4715 2420 4787 superabit.
2450 4715 2591 4783 Quid
2621 4717 2725 4772 hac
2755 4715 2809 4770 in
2841 4729 2903 4770 re
2932 4722 3018 4769 est
3046 4711 3307 4769 absurdi‘i

2473 4824 2679 4881 Salutio
2713 4824 3041 4897 objectionis.

2031 4940 2113 4995 An
2140 4940 2273 4997 nihil
2299 4942 2353 4997 in
2380 4940 2465 4997 his
2488 4938 2713 4997 absurdi
2736 4939 2830 5006 sit,
2854 4953 2965 4993 non
2991 4932 3320 5004 simpliciter
3341 4933 3545 4999 dicere,

1962 5033 2059 5088 sed
2082 5032 2359 5105 inquirere
2378 5040 2594 5105 oportet
2617 5048 2635 5099 ;
2658 5043 2857 5103 magna
2882 5028 3028 5085 enim
3052 5026 3337 5097 diligentia
3362 5024 3545 5081 divina

1964 5124 2178 5197 Scripta
2210 5123 2623 5196 pervestiganda
2656 5131 2818 5188 sunt,
2850 5134 3030 5193 neque
3062 5119 3285 5175 omnino
3316 5117 3547 5188 simplex
3578 5194 3581 5201 Ι

1956 5231 2022 5273 ac
2056 5217 2211 5274 rudis
2261 5217 2530 5275 sententia
2579 5215 2881 5287 colligenda
2914 5222 3019 5271 est.
3068 5212 3363 5269 Maximum
3399 5212 3544 5268 enim

1960 5310 2220 5368 damnum
2251 5311 2304 5367 id
2335 5309 2490 5367 nobis
2521 5308 2725 5365 inferre
2756 5307 2868 5380 96
2894 5307 3164 5364 cernitur.
3194 5304 3327 5359 Nam
3358 5313 3419 5360 ut
3448 5318 3548 5359 nos

1960 5404 2125 5460 etiam
2154 5405 2229 5461 ita
2262 5404 2464 5460 dictum
2497 5401 2887 5476 intelligamus,
2916 5409 2977 5457 ut
3006 5416 3103 5457 vos
3136 5398 3317 5455 dicitis
3345 5404 3400 5454 et
3431 5407 3546 5453 sta-

1963 5498 2144 5566 tuitis,
2181 5498 2373 5555 demus
2409 5496 2700 5569 signiﬁcari
2741 5496 3090 5553 Servatorem
3126 5508 3225 5563 per
3259 5504 3444 5547 vocem
3480 5487 3548 5544 il-

1964 5591 2092 5662 lam,
2121 5590 2318 5647 Minor.
2346 5588 2592 5659 Quanam
2624 5589 2787 5662 igitur
2814 5588 3029 5648 ratione
3059 5583 3335 5660 superabit
3364 5580 3551 5650 Bapti.
