4110 6212
503 304 525 356 Ι
538 305 606 360 59

1493 301 1552 357 S.
1596 297 1868 355 CYIiILLl
1907 291 2376 348 ALEXANDRINI
2419 293 2742 352 ARCHIEP.

3664 293 3766 350 H30

501 429 639 472 stam
684 419 734 471 in
779 434 947 488 regno
986 419 1269 486 malorum,
1310 428 1404 474 aut
1448 419 1717 488 quomodo
1759 419 1863 473 erit
1906 418 2069 485 major

2180 410 2322 464 κατά
2353 429 2474 467 τινα
2510 412 2710 484 τρόπον
2738 412 2828 466 τὸν
2863 414 3018 481 ἂγιον
3058 410 3371 483 Βαπτιστὴν
3405 410 3464 463 ἐν
3507 413 3572 480 τῇ
3611 410 3763 480 βασι-

499 507 603 560 eo?
647 507 957 572 Quantitate
1003 510 1147 563 enim
1196 511 1454 579 temporis
1493 523 1556 562 ex
1605 523 1713 578 quo
1761 519 1915 563 natus
1957 521 2077 576 est,

503 613 681 660 nemo,
706 607 762 650 ιιι
789 600 1043 663 arbitror,
1069 615 1292 668 compos
1319 601 1513 653 mentis
1539 601 1755 654 dixerit.
1781 601 1898 668 Quo
1920 615 2080 671 pacto

501 690 646 742 enim
699 691 966 759 quispiam
1019 701 1302 759 pranereat
1353 692 1404 745 id
1453 693 1594 761 quod
1644 708 1859 763 semper
1907 697 2078 765 ipsum

503 781 795 848 praecedit,
829 792 991 850 atque
1025 798 1130 835 una
1166 797 1288 836 cum
1332 783 1445 850 ipsa
1488 788 1746 854 temporis
1777 789 2082 844 evolutione

502 881 750 937 raptatur
784 883 946 942 atque
989 875 1293 940 percurrit?
1335 875 1798 941 Quemadmodum
1841 881 1984 933 enim
2028 880 2080 934 in

505 970 743 1015 rotarum
791 963 1156 1032 volutatione,
1205 968 1536 1023 anteriorum
1589 984 1807 1038 semper
1850 972 1908 1025 lit
1958 987 2083 1040 pro-

503 1066 751 1119 gressus,
796 1057 1150 1122 sequentibus
1202 1074 1416 1127 semper
1459 1060 1512 1114 in
1555 1062 1857 1130 posteriore
1901 1065 2005 1116 situ
2050 1079 2081 1118 a

505 1153 656 1211 tergo
695 1145 927 1212 relictis;
969 1149 1037 1202 ita
1074 1150 1234 1203 etiam
1276 1151 1326 1204 in
1367 1167 1653 1220 progressu
1696 1155 1954 1222 temporis
1989 1156 2080 1224 qui

504 1237 650 1300 prior
686 1248 788 1302 est,
827 1241 1217 1310 posterioribus
1268 1243 1440 1312 major
1477 1253 1578 1298 est.
1620 1244 1732 1298 Non
1775 1247 1941 1316 igitur
1980 1247 2082 1302 hoc

503 1329 661 1380 modo
699 1333 939 1399 superari
979 1333 1270 1400 Baptistam
1307 1350 1335 1387 a
1366 1334 1606 1400 Christo,
1643 1339 1735 1391 sed
1776 1339 2082 1394 sanctitatis

502 1418 762 1473 duntaxat
795 1423 1028 1485 ratione,
1055 1438 1190 1490 opus
1218 1434 1303 1478 est
1327 1426 1595 1494 proﬁteri.
1627 1408 1908 1492 Quomodo
1933 1429 2081 1483 enim

501 1511 766 1580 quispiam
801 1513 960 1567 aliter
991 1515 1040 1568 in
1074 1516 1206 1582 ipsis
1240 1516 1418 1585 majus
1454 1518 1750 1589 intelligere
1782 1521 1989 1586 possit?
2018 1522 2086 1576 At

499 1602 542 1654 si
587 1618 706 1654 cum
748 1618 970 1672 regnum
1012 1607 1272 1662 caalorum
1317 1609 1593 1663 advenerit
1639 1610 1810 1679 major
1842 1611 1931 1665 illo
1966 1627 2084 1667 cer-

502 1704 679 1760 uetur,
725 1711 867 1749 nunc
910 1707 1058 1752 certe
1104 1710 1194 1752 aut
1235 1703 1480 1770 :rqualis,
1525 1713 1619 1758 aut
1663 1706 1840 1760 minor
1873 1721 1936 1760 eo
1980 1717 2080 1762 est.

2182 502 2301 573 λείᾳ
2326 503 2436 556 τῶν
2458 504 2724 574 οὐρανῶν,
2751 505 2784 576 ἢ
2813 504 2928 568 πῶς
2958 503 3111 556 ἔσται
3142 502 3343 573 μείζων
3377 500 3544 555 αὐτοῦ
3569 518 3584 566 ;
3609 503 3766 556 Κατὰ

2185 595 2284 664 μὲν
2331 590 2423 648 οὖν
2470 596 2561 648 τὸν
2610 597 2669 648 ἐν
2719 597 2976 665 ποσότητι
3017 594 3112 648 τοῦ
3151 592 3512 664 γεγεννῆσθαι
3551 594 3763 663 χρόνον,

2181 683 2282 736 οὐκ
2307 684 2373 738 ἂν
2403 702 2508 748 τις,
2544 681 2719 758 οἶμαι,
2761 685 3054 758 σωφρονῶν
3082 686 3374 754 ἐννοήσειε.
3409 685 3534 747 Πῶς
3564 685 3671 755 γάρ
3702 685 3764 739 ἄν

2182 794 2266 839 τις
2293 777 2388 830 καὶ
2417 777 2618 846 φθάσαι
2645 778 2705 830 τὸ
2733 779 2821 833 ἀεὶ
2854 776 3175 846 προόαδῑζον
3203 774 3389 839 αὐτοῦ,
3415 776 3509 828 καὶ
3530 778 3649 837 ταῖς
3673 775 3764 828 τοῦ

2182 868 2376 938 χρόνου
2409 870 2679 940 περιόδοις
2725 871 2813 923 ἀεὶ
2868 869 3160 941 συντρέχον
3193 867 3288 921 καὶ
3333 867 3761 937 συνελκόμενον;

2186 958 2396 1028 ὐνπερ
2423 957 2531 1030 γὰρ
2563 958 2762 1030 τρόπον
2788 959 2859 1012 τὰ
2881 959 2939 1012 ἐν
2964 960 3087 1020 ταῖς
3107 957 3212 1010 τῶν
3237 955 3451 1009 κύκλων
3475 973 3765 1028 περιστρο-

2183 1052 2313 1119 φαῖς
2358 1050 2445 1104 ἀεὶ
2495 1051 2632 1121 πρὸς
2680 1051 2742 1104 τὸ
2790 1051 2978 1122 πρόσω
3028 1051 3196 1120 χωρεῖ
3224 1048 3322 1119 τὴν
3349 1047 3444 1102 τοῦ
3478 1048 3763 1111 διώκοντος

2182 1142 2278 1195 καὶ
2323 1141 2552 1194 κατόπιν
2581 1141 2833 1212 κειμένου
2869 1139 3279 1212 παρεκνεύοντα
3305 1137 3474 1202 θέσιν,
3511 1137 3684 1202 οὕτως
3717 1141 3764 1192 οί

2182 1228 2242 1281 τὸ
2271 1230 2328 1281 ἐν
2360 1230 2536 1300 χρόνῳ
2571 1230 2849 1301 τρίϐοντες
2895 1229 3112 1300 μέτρον,
3139 1229 3226 1281 άεὶ
3277 1229 3462 1299 μεῖζον
3509 1231 3567 1282 ἐν
3616 1229 3765 1300 αὐτῷ

2184 1320 2326 1373 κατὰ
2352 1320 2460 1372 τῶν
2490 1319 2718 1391 ὕστερον
2745 1319 3079 1390 κεκτήμεθα.
3121 1319 3329 1374 Οὐκοῦν
3355 1319 3414 1373 οὐ
3444 1320 3582 1374 κατὰ
3606 1320 3765 1373 τοῦτο

2183 1411 2572 1482 πλεονεκτήσει
2615 1411 2845 1480 Χριστὸς
2892 1410 2984 1463 τὸν
3033 1410 3190 1478 ἅγιον
3231 1410 3562 1478 Βαπτιστὴν,
3588 1410 3764 1465 λείπει

2182 1502 2247 1572 δὴ
2276 1501 2460 1554 λοιπὸν
2507 1501 2581 1563 ὡς
2621 1499 2683 1564 ἐξ
2711 1502 2958 1571 ἀνάγκης
2988 1502 3184 1564 εἰπεῖν,
3212 1501 3294 1554 ὅτι
3337 1501 3478 1553 κατὰ
3523 1501 3615 1553 τὸν
3665 1501 3762 1570 τῆς

2183 1592 2470 1662 ἁγιότητος
2493 1591 2717 1661 τρόπον.
2754 1591 2875 1654 Πῶς
2903 1591 3013 1660 γὰρ
3054 1592 3119 1644 ἄν
3148 1609 3233 1654 τις
3262 1591 3465 1662 ἑτέρως
3493 1593 3551 1644 ὲν
3582 1593 3762 1654 αὐτοῖς

2184 1685 2489 1754 ἐπινοήσειε
2537 1683 2598 1735 τὸ
2649 1681 2869 1754 μεῖζον;
2909 1682 3047 1735 Ἀλλ’
3076 1684 3125 1734 εί
3177 1684 3299 1736 τότε
3344 1681 3487 1736 κατὰ
3530 1683 3619 1735 τὸν
3665 1685 3763 1750 τῆς

497 1786 629 1838 Cum
669 1802 800 1841 vero
849 1789 996 1858 impii
1046 1791 1135 1844 isti
1181 1792 1457 1846 Christum
1504 1793 1713 1849 Joanne
1757 1797 2069 1854 inferiorem

2175 1772 2453 1842 βασιλείας
2477 1771 2721 1842 δηλονότι
2748 1772 2942 1843 καιρὸν
2977 1773 3180 1842 μείζων
3203 1771 3521 1844 ὀφθήσεται,
3544 1773 3638 1828 νῦν
3657 1775 3763 1844 ἄρα

497 1875 838 1944 existiment,
882 1882 1246 1948 mqualitatem
1294 1885 1367 1938 illi
1409 1887 1669 1940 tribuent.
1710 1887 1815 1942 Sed
1853 1890 2074 1944 videant

497 1983 718 2035 prorsus
757 1986 916 2039 quam
961 1974 1216 2028 imbecilli
1260 1987 1578 2045 argumento
1619 1981 1876 2032 nitantur.
1915 1981 2073 2047 Quae-

497 2076 618 2111 nam
650 2062 791 2114 enim
823 2064 1104 2132 azqualitas
1136 2067 1440 2121 sanctitatis
1472 2085 1533 2123 ex
1570 2070 1653 2124 his
1685 2075 1940 2126 constitui
1977 2089 2074 2143 po-

499 2152 642 2204 test?
671 2153 780 2206 Aut
811 2169 918 2222 quo
949 2165 1108 2224 pacto
1144 2172 1248 2211 non
1285 2159 1784 2230 incomparabiliter
1813 2181 2073 2232 superare

495 2244 807 2298 censebitur
833 2245 1105 2310 Christus.
1143 2265 1263 2304 cum
1298 2253 1576 2308 videamus
1606 2255 1777 2323 ipsum
1805 2256 2068 2312 Joannem

497 2333 566 2385 ita
597 2336 662 2386 ad
693 2335 968 2392 Christum
1001 2340 1309 2410 loquentem
1343 2361 1357 2396 :
1397 2362 1414 2394 ι
1455 2343 1582 2398 Mihi
1615 2360 1751 2414 Opus
1776 2358 1859 2400 est
1891 2349 1988 2401 abs
2019 2359 2070 2403 te

496 2425 756 2493 baptizari
783 2429 848 2481 "'.
893 2449 912 2481 ι
951 2429 1004 2484 ld
1039 2446 1166 2487 vero
1199 2441 1352 2488 extra
1388 2448 1600 2488 omnem
1643 2440 2066 2492 controversiam

493 2528 610 2583 est,
647 2519 699 2572 id
733 2523 875 2588 quod
914 2525 1091 2580 minus
1130 2535 1215 2581 est
1255 2543 1286 2582 α
1329 2531 1704 2598 ρι’τεειειιιίοτο
1736 2533 1978 2589 benedici
2015 2545 2069 2588 ot

493 2609 840 2667 sanctiﬁcari.

1165 2840 1391 2897 ALIUD.

565 2971 762 3025 Beatus
794 2971 1028 3042 Baptista
1057 2973 1272 3029 Judznos
1304 2976 1374 3029 ita
1407 2977 1702 3046 alloqmtur
1735 2999 1746 3034 :
1782 3001 1800 3031 ι
1839 2982 1948 3052 Ego
1974 2998 2068 3038 vos

492 3063 706 3131 baptizo
745 3063 795 3115 iu
839 3079 1016 3132 aqua:
1055 3065 1148 3119 sed
1187 3075 1304 3134 post
1341 3081 1426 3120 me
1457 3068 1603 3121 venit
1635 3071 1735 3133 vir,
1770 3073 1924 3138 cujus
1960 3089 2064 3127 non

2176 1864 2236 1916 τὸ
2272 1865 2383 1916 ἴσον
2415 1864 2447 1933 ἢ
2473 1862 2778 1933 τὸζέλαττον
2806 1863 2942 1933 ἔχει.
2961 1863 3180 1934 Ἐπειδὴ
3203 1863 3281 1928 δέ,
3308 1864 3383 1927 ὡς
3418 1864 3585 1930 εἰκὸς,
3614 1863 3673 1916 τὸ
3706 1866 3762 1916 ἐν

2176 1954 2422 2006 ἐλάττοσι
2467 1952 2577 2005 τῶν
2617 1953 2866 2007 Ἰωάννου
2920 1953 3134 2008 κεῖσθαι
3175 1954 3410 2024 Χριστὸν
3459 1956 3763 2023 λογιοῦνται

2175 2044 2474 2109 δυσσεϐεῖς,
2504 2045 2879 2098 ἀποδώσουσιν
2923 2046 3032 2116 ἄρα
3071 2045 3130 2098 τὸ
3158 2046 3292 2098 ἴσον.
3311 2047 3452 2098 Ἀλλ’
3481 2048 3762 2117 ὀράτωσαν

2177 2137 2270 2190 καὶ
2293 2135 2478 2190 τοῦτον
2507 2138 2692 2200 αὐτοῖς
2719 2135 3054 2190 ἀσθενοῦντα
3074 2137 3164 2190 τὸν
3190 2137 3469 2206 λογισμόν.
3500 2138 3632 2190 Ποία
3655 2139 3762 2207 γάρ

2180 2228 2360 2296 ἰσότης
2391 2228 2574 2290 αὐτοῖς
2606 2230 2663 2280 ἐν
2699 2225 2957 2296 ἁγιασμῷ
2990 2226 3332 2296 σωθήσεται;
3367 2226 3489 2288 Πῶς
3514 2225 3568 2277 δὲ
3591 2227 3650 2278 ού
3683 2244 3760 2278 νι-

2176 2320 2334 2388 κὴσῑι
2369 2318 2599 2389 Χριστὸς
2622 2319 2977 2388 ἀσυγκρίτοις
3013 2319 3328 2389 ὑπεροχαῖς,
3364 2319 3491 2371 ὅταν
3527 2318 3640 2389 ἴδῃς
3670 2318 3760 2370 τὸν

2177 2410 2443 2479 μακάριον
2459 2410 2710 2480 Ἰωάννην
2730 2410 2957 2478 λέγοντα
2981 2409 3115 2480 πρὸς
3141 2409 3304 2462 αὐτόν
3323 2426 3337 2442 ο
3369 2427 3388 2460 ι
3413 2409 3550 2476 Ἐγὼ
3571 2409 3761 2479 χρείαν

2173 2502 2280 2569 ἔχω
2315 2500 2419 2552 ὑπὸ
2446 2499 2540 2554 σοῦ
2565 2500 2930 2571 βαπτισθῆναι
2954 2519 2968 2565 ;
3000 2519 3018 2552 ι
3045 2501 3231 2572 Χωρὶς
3261 2500 3317 2553 δέ
3350 2500 3529 2571 πάσης
3548 2499 3759 2554 ἀντιλο-

2175 2593 2298 2659 γίας
2333 2592 2392 2645 τὸ
2419 2593 2638 2647 ἔλαττον
2673 2594 2779 2648 ὑπὸ
2828 2593 2922 2646 τοῦ
2976 2593 3288 2664 κρείττονος
3338 2593 3639 2661 εὐλογεῖται
3670 2593 3761 2645 καὶ¹

2175 2683 2486 2751 ἁγιάζεται.

2862 2821 3068 2876 ΑΛΛΟ.

2250 2981 2596 3050 Προσεφώνει
2622 2982 2736 3045 τοῖς
2771 2981 3041 3044 Ἰουδαίοις
3064 2983 3093 3035 6
3125 2982 3394 3053 μακάριος
3426 2981 3756 3052 Βαπτιστής·

2182 3092 2199 3125 ι
2223 3073 2362 3141 Ἐγὼ
2393 3075 2538 3144 ὑμᾶς
2571 3074 2842 3129 ἐϐάπτισα
2871 3075 2929 3127 ἐν
2961 3073 3134 3128 ὕδατι.
3155 3075 3360 3127 Ὀπίσω
3391 3091 3490 3145 μου
3538 3074 3760 3145 ἔρχεται

495 3171 613 3209 sum
647 3155 844 3224 dignus
868 3167 924 3210 ut
950 3173 1154 3226 pronus
1177 3157 1379 3212 solvam
1403 3160 1690 3228 corrigiam
1723 3163 2068 3220 calceamenti

2175 3164 2332 3234 ἀνὴρ.
2354 3159 2413 3218 οὗ
2444 3166 2544 3220 οὐκ
2570 3167 2686 3236 εἰμὶ
2717 3166 2902 3229 ἱκανὸς
2933 3167 3019 3219 ἴνα
3051 3163 3228 3235 κύψας
3261 3165 3407 3220 λύσω
3431 3166 3522 3220 τὸν
3560 3166 3762 3236 ἱμάντα

491 3249 629 3314 ejus.
666 3247 757 3301 Ille
792 3265 888 3301 vos
925 3248 1220 3318 baptizabit
1261 3250 1314 3303 in
1355 3250 1559 3319 Spirilu
1601 3263 1789 3308 sancto
1829 3265 1886 3310 et
1926 3258 2066 3327 igne.

494 3339 658 3408 Cujus
685 3340 1044 3394 ventilabrum
1077 3341 1128 3394 in
1163 3356 1322 3394 manu
1352 3341 1490 3410 ejus,
1521 3351 1575 3396 et
1606 3346 1856 3413 purgabit
1882 3363 2068 3402 aream

493 3446 646 3482 suam
670 3469 685 3492 ,
716 3440 772 3484 et
804 3432 1158 3500 congregabit
1189 3432 1429 3486 triticum
1465 3434 1517 3488 in
1553 3437 1761 3490 horreis
1791 3438 1905 3493 suis
1927 3480 1940 3505 ,
1974 3455 2068 3506 pa-

493 3522 629 3574 leam
671 3537 798 3576 vero
837 3531 1030 3578 exuret
1074 3523 1195 3593 igne
1238 3525 1690 3596 inexstinguibili.
1741 3547 1759 3579 ι
1810 3529 2068 3596 Quaenam

493 3611 654 3680 igitur
683 3611 825 3666 inter
855 3611 955 3669 hos
983 3614 1310 3683 :equalitatis
1344 3617 1482 3672 ratio
1515 3630 1767 3674 constare
1798 3631 1974 3690 potest
1999 3625 2065 3688 ",

489 3702 745 3768 Joannis,
780 3705 1030 3773 inquam,
1061 3715 1114 3758 et
1143 3705 1386 3762 ChriSti?
1416 3707 1661 3764 Nondum
1693 3712 1838 3766 enim
1875 3715 2065 3784 major.

493 3795 538 3849 si
569 3794 860 3864 aliquando
888 3797 1101 3852 l'uturus
1127 3806 1266 3862 erat,
1292 3798 1445 3867 juxta
1479 3800 1703 3856 istorum
1733 3805 2068 3872 opinionem,

491 3903 587 3941 cur
619 3889 857 3958 seipsum
896 3904 1038 3958 aqua
1075 3891 1382 3960 baptizare,
1415 3892 1688 3950 Christum
1727 3908 1905 3952 autem
1949 3899 2070 3966 Spi-

493 3981 627 4034 ritus
655 3979 896 4036 datorem
926 3979 1168 4034 futurum
1200 3982 1474 4035 aﬂirmat?
1501 3984 1679 4053 Atque
1710 3986 1798 4040 hic
1824 3988 2064 4055 quidem,

493 4081 554 4125 ut
585 4071 834 4136 famulus,
865 4088 933 4126 ne
958 4073 1246 4140 corrigiam
1275 4073 1495 4141 quidem
1522 4076 1872 4131 calceamenti
1900 4080 2063 4135 attin-

489 4181 617 4234 gere
657 4168 840 4230 audet,
885 4166 1026 4221 hunc
1062 4183 1192 4221 vero
1234 4183 1374 4223 arcte
1419 4167 1702 4224 Dominum
1748 4187 1872 4228 esse
1914 4174 2061 4228 dicit.

493 4257 604 4312 lloc
623 4259 768 4312 enim
791 4258 1060 4327 signiﬁcat
1080 4258 1234 4325 illud,
1257 4278 1274 4310 ι
1299 4259 1554 4331 Purgabit
1577 4276 1758 4316 aream
1780 4279 1930 4324 suam
1948 4265 2012 4318 ³ο.
2041 4286 2058 4317 ι

493 4350 906 4406 Distributorem
933 4351 1077 4408 enim
1105 4366 1170 4408 ac
1197 4352 1358 4407 veluti
1387 4353 1782 4423 designatorem
1815 4355 1928 4412 fore
1954 4358 2063 4428 97

491 4446 567 4498 ait
591 4459 778 4498 eorum
811 4459 929 4512 quae
957 4445 1186 4513 singulis
1215 4446 1544 4503 conveniunt
1574 4465 1586 4502 :
1618 4447 1688 4502 ita
1719 4457 1776 4504 ut
1799 4449 1976 4517 justos
2002 4468 2063 4507 ac

491 4541 659 4591 bonos
695 4539 868 4593 instar
897 4536 1020 4592 boui
1061 4538 1224 4594 tritici
1263 4540 1316 4593 iu
1349 4539 1600 4596 ctelestes
1633 4542 1938 4598 mansiones
1977 4544 2059 4598 ἰησ-

489 4633 750 4684 ducturus
785 4629 888 4693 sit.
922 4629 1116 4699 impios
1148 4645 1277 4687 vero
1315 4632 1484 4684 instar
1515 4631 1788 4700 palearum
1828 4634 1932 4703 igni
1969 4650 2064 4703 pa-

489 4722 672 4774 bulum
709 4720 1071 4790 projecturus.
1105 4720 1176 4776 At
1211 4721 1256 4776 si
1293 4731 1412 4778 erat
1443 4723 1667 4791 aequalis
1697 4724 1745 4776 ei
1779 4725 1868 4792 qui
1903 4726 2062 4794 paulo

488 4823 606 4882 post
633 4823 749 4867 erat
777 4813 989 4867 futurus
1015 4811 1210 4880 major.
1235 4827 1334 4866 cur
1357 4828 1462 4866 non
1489 4813 1650 4868 etiam
1681 4815 1792 4884 ipse
1819 4815 2059 4886 baptiza-

487 4905 564 4958 vit
601 4906 654 4956 in
699 4905 940 4974 Spiritu,
979 4916 1273 4969 areamque
1311 4918 1464 4957 suam
1501 4907 1842 4976 expurgavit,
1871 4916 1928 4962 et
1957 4906 2059 4961 Do-

488 4995 617 5048 mini
650 4998 964 5065 dignitatem
991 4995 1093 5050 sibi
1121 5011 1403 5066 arrogans,
1425 4997 1686 5065 judicavit
1717 5001 1972 5054 mundum
2006 5002 2056 5055 in

483 5085 730 5151 iustitia?
773 5087 907 5141 Cum
955 5102 1084 5141 vero
1128 5087 1316 5142 beatus
1364 5087 1602 5154 Baptista
1646 5087 1882 5145 Joannes
1925 5091 2058 5144 nihil

487 5180 676 5230 horum
727 5179 1047 5247 praestitisse
1094 5179 1422 5243 inveniatur,
1469 5180 1719 5235 Christus
1768 5192 1949 5236 autem
2002 5184 2053 5237 in

485 5278 745 5338 potestate
778 5271 956 5323 divina
995 5271 1246 5339 prmstitit
1286 5291 1298 5326 :
1342 5288 1446 5324 non
1483 5281 1598 5326 erat
1640 5273 1803 5343 igitur
1833 5275 2056 5346 :equalis

485 5361 556 5414 illi
589 5361 678 5430 qui
717 5371 862 5416 tanto
897 5363 1179 5419 intervallo
1211 5379 1332 5420 eum
1364 5365 1671 5433 superabat.

555 5712 598 5744 ”
626 5711 810 5766 Matth.
853 5729 930 5779 III,
977 5713 1056 5768 Η.
1136 5717 1176 5747 ²⁹
1214 5715 1343 5770 Ibid.
1394 5717 1473 5778 ll.
1515 5719 1594 5771 l'l.
1676 5720 1717 5748 ³ο
1746 5719 1868 5772 Luc.
1907 5739 1983 5778 Ill.
2026 5725 2079 5775 l'

2093 4489 2142 4547 D

2171 3256 2263 3308 τοῦ
2301 3256 2666 3326 ὑποδήματος.
2687 3259 2924 3321 Ἐκεῖνος
2947 3258 3092 3328 ὑμᾶς
3115 3257 3366 3328 βαπτίσει
3393 3258 3448 3310 ἐν
3479 3259 3760 3328 Πνεύματι

2169 3347 2311 3418 ἁγίῳ
2346 3349 2441 3401 καί⁸
2475 3349 2628 3420 πυρί.
2657 3342 2732 3402 Οὖ
2777 3349 2838 3402 τὺ
2880 3349 3048 3402 πτύον
3077 3349 3136 3402 ἐν
3166 3353 3232 3419 τῇ
3261 3350 3405 3420 χειρὶ
3433 3348 3622 3413 αὐτοῦ,
3663 3350 3761 3401 καὶ

2170 3439 2518 3510 διακαθαριεῖ
2555 3441 2655 3511 τὴν
2685 3439 2866 3492 ἅλωνα
2893 3439 3084 3505 αὐτοῦ,
3117 3440 3210 3492 καὶ
3241 3440 3457 3502 συνάξει
3487 3439 3578 3490 τὸν
3613 3441 3760 3492 σῖτον

2171 3534 2252 3597 εἰς
2290 3533 2388 3604 τὴν
2440 3534 2762 3605 ἀποθήκην,
2795 3533 2858 3586 τὸ
2903 3534 2960 3587 δὲ
3003 3534 3204 3604 ἄχυρον
3253 3531 3588 3585 κατακαύσει
3620 3532 3762 3600 negt

2171 3626 2438 3696 ἀσϐέστῳ.
2471 3643 2490 3676 ι
2545 3627 2701 3688 Ποῖος
2756 3620 2847 3678 οὖν
2894 3626 3001 3694 ἄρα
3055 3624 3186 3690 πρὸς
3243 3622 3416 3675 ταῦτα
3466 3621 3761 3690 γενήσεται

2171 3716 2326 3785 λόγος
2368 3720 2478 3780 τοῖς
2529 3720 2585 3770 ἐν
2638 3716 2842 3785 ἰσότητι
2881 3714 2987 3766 τῶν
3032 3714 3276 3766 Ἰωάννου
3313 3713 3526 3784 μέτρων
3559 3711 3758 3766 τιθεῖσι

2170 3809 2262 3861 τὸν
2302 3808 2534 3878 Κύριον;
2569 3806 2740 3860 Οὔπω
2788 3805 2897 3875 γὰρ
2953 3804 3175 3874 μείζων,
3207 3804 3367 3875 εἴπερ
3410 3803 3562 3857 ἔσται
3597 3803 3754 3865 ποτὲ,

2171 3899 2312 3952 κατὰ
2342 3899 2440 3969 τὴν
2472 3898 2696 3951 ἐκείνων
2745 3896 3016 3966 διάληψιν,
3052 3897 3171 3950 ὅτου
3225 3896 3384 3968 χάριν
3433 3896 3624 3950 ἐαυτὸν
3655 3897 3756 3966 μὲν

2171 3988 2323 4041 ὕδατι
2357 3988 2665 4057 βαπτίζειν,
2694 3988 2786 4041 τὸν
2818 3989 2874 4042 δὲ
2907 3988 3002 4042 τοῦ
3035 3989 3354 4061 Πνεύματος
3396 3987 3614 4042 ἔσεσθαι
3665 4006 3755 4058 χο-

2169 4079 2340 4148 ρηγὺν
2384 4079 2811 4151 διῖσχυρίζεται;
2855 4080 2966 4134 Kal.
3016 4080 3176 4144 αὐτὸς
3230 4080 3350 4151 μὲν,
3391 4079 3466 4143 ὼς
3509 4078 3750 4148 οἰκέτης,

2167 4170 2273 4224 οὐδ’
2300 4170 2422 4224 ὅσον
2453 4170 2735 4240 άποθίγειν
2783 4170 2876 4224 τοῦ
2933 4173 3154 4243 ίμάντος
3203 4169 3521 4242 ἀποτολμᾷο
3573 4169 3664 4222 τὸν
3695 4170 3751 4223 δὲ

2167 4263 2265 4330 τῆς
2297 4262 2410 4316 ἅλω
2444 4263 2721 4333 Δεσπότην
2769 4258 2908 4316 εἷναί
2955 4280 3108 4333 φησι.
3144 4264 3315 4317 Τοῦτο
3345 4261 3452 4334 γὰρ
3497 4262 3750 4332 σημαίνει

2166 4353 2247 4420 τὸ,
2281 4373 2298 4407 ι
2319 4354 2679 4426 Διακαθαριεῖ
2701 4355 2800 4426 τὴν
2821 4355 3002 4408 ἅλωνα
3030 4352 3218 4409 αὐτοῦ.
3235 4373 3253 4406 ι
3281 4354 3392 4408 Καὶ
3413 4352 3669 4422 διανομέα
3690 4369 3747 4403 τε

2167 4445 2262 4500 καὶ
2291 4446 2452 4499 οἱονεὶ
2480 4447 2796 4518 σημάντορα
2833 4445 2941 4500 τῶν
2972 4445 3187 4516 ἑκάστῳ
3228 4447 3547 4515 πρεπόντων
3575 4445 3747 4513 ὀφθή-

2170 4535 2360 4590 σεσθαι
2385 4536 2531 4604 λέγει
2552 4553 2566 4566 ο
2598 4535 2673 4600 ὡς
2702 4536 2792 4590 τὸν
2820 4536 2920 4606 μὲν
2939 4535 3145 4589 δίκαιόν
3171 4553 3228 4587 τε
3257 4535 3350 4586 καὶ
3373 4532 3576 4602 ἀγαθὸν
3599 4533 3749 4585 σίτου

2167 4629 2322 4699 δίκην
2367 4631 2488 4691 ταῖς
2535 4629 2806 4700 οὐρανίοις
2859 4628 3196 4696 είσκομίζειν
3249 4627 3461 4689 αὐλαῖς,
3493 4623 3664 4695 πυρὸς
3695 4625 3750 4676 δὲ

2167 4720 2436 4774 ποιεῖσθαι
2480 4720 2686 4792 τροφὴν
2720 4719 2926 4792 ἁχύρου
2957 4720 3158 4791 τρόπον
3198 4719 3629 4789 ἀποτιναχθέντα
3658 4717 3750 4770 τὸν

2164 4813 2368 4865 ἄδικον.
2388 4812 2527 4864 Ἀλλ’
2557 4812 2715 4882 εἴπερ
2742 4808 2809 4881 ἦν
2842 4814 2898 4864 ἐν
2928 4813 3026 4880 ἴσῳ
3061 4811 3243 4882 μέτρῳ
3267 4810 3343 4880 τῷ
3377 4810 3572 4879 μικρὸν
3593 4807 3747 4862 ὔστε-

2165 4919 2257 4973 ρον
2287 4901 2529 4974 ἐσομένῳ
2563 4902 2789 4970 μείζονι,
2815 4901 2868 4954 τί
2912 4900 2988 4972 μὴ
3025 4901 3122 4954 καὶ
3152 4900 3313 4963 αὐτὸς
3362 4897 3611 4969 βαπτίζει
3649 4898 3748 4968 μὲν

2169 4996 2226 5048 ἐν
2261 4995 2398 5064 ἁγίῳ
2429 4994 2705 5064 Πνεύματι
2723 5011 2736 5025 ·
2765 4994 3111 5064 διακαθαίρει
3141 4993 3196 5047 δέ
3222 4993 3319 5064 τὴν
3349 4992 3530 5045 ἅλωνα
3557 4990 3745 5051 αὐτοῦ,

2166 5091 2260 5142 καὶ
2294 5089 2352 5141 τὸ
2386 5087 2708 5142 Δεσποτικὸν
2755 5086 2969 5157 ἀξίωμα
3016 5085 3401 5155 περικείμενος
3437 5083 3612 5153 κρίνει
3647 5083 3746 5151 τὴν

2161 5179 2490 5248 οἰκουμένην
2534 5181 2591 5231 ἐν
2632 5177 2980 5247 δικαιοσύνης
3024 5175 3239 5242 Ἐπειδὴ
3272 5173 3327 5225 δὲ
3357 5172 3567 5224 τούτων
3594 5173 3746 5225 οὐδὲν

2161 5271 2189 5321 6
2214 5271 2482 5341 μακάριος
2503 5270 2811 5340 Βαπτιστὴς
2845 5269 3098 5337 Ἰωάννης
3117 5265 3382 5320 ἐπιτελῶν
3405 5265 3740 5335 εὑρίσκεται.

2164 5364 2391 5433 πράττει
2423 5364 2479 5416 δὲ
2503 5366 2532 5416 6
2556 5364 2787 5434 Χριστὸς
2821 5365 2877 5416 ἐν
2912 5363 3130 5431 ἐξουσίᾳ
3160 5361 3473 5430 θεοπρεπεῖ,
3502 5359 3601 5412 οὐκ
3633 5357 3743 5418 ῖσος

2162 5457 2269 5525 ἄρα
2304 5457 2510 5518 ἐκεῖνος
2555 5456 2634 5524 τῷ
2684 5455 2940 5510 τοσοῦτον
2990 5453 3333 5525 ἐξαλλομένῳ
3384 5455 3477 5507 καὶ
3524 5448 3744 5505 ἀναϐαί-

2159 5541 2321 5598 νοντι.
