4032 6212
213 285 296 341 ιε,
1629 267 1794 325 rues

1899 266 2067 324 τιιυε.

1816 402 1863 457 Δ

887 390 1093 444 ΛΛΔΟ.

263 513 360 583 Τὴν
382 507 475 563 διὰ
507 508 757 571 πίστεως
789 505 986 574 ἄφεσιν
1017 503 1450 574 ὑπισχνούμενος
1480 503 1612 573 ἡμῖν
1642 502 1671 554 6
1694 500 1789 554 τοῦ

210 603 320 657 Θεοῦ
369 601 579 668 Λόγος,
637 598 725 652 διὰ
788 597 886 650 τοῦ
945 597 1227 670 προφήτου
1289 596 1454 667 φησὶν
1526 594 1788 648 Ἡσαΐου·

214 715 227 748 ι
268 693 397 762 Ἐγὼ
422 693 550 761 εἰμι
586 692 618 743 6
637 688 939 757 ὲξαλείφων
968 688 1065 752 τὰς
1095 688 1327 759 ἀνομίας
1356 706 1472 753 σου,
1502 688 1597 741 καὶ
1624 688 1685 741 o6
1715 689 1790 759 μὴ

210 786 607 857 μνησθήσομαι.
646 801 666 834 ι
714 778 939 851 Ἐπειδὴ
970 779 1026 833 δὲ
1057 780 1159 851 ἤδη
1211 780 1413 851 παρῆν,
1446 780 1543 833 καὶ
1577 778 1663 833 διὰ
1691 779 1791 850 τῆς

207 878 340 948 ἁγίας
372 876 659 947 ἐγεννήθη
714 872 1018 943 Παρθένου,
1060 873 1156 925 ἐπὶ
1183 872 1287 944 γῆς
1324 889 1384 926 τε
1415 870 1592 943 ὤφθη,
1645 871 1789 926 καθὰ

207 974 492 1041 γέγραπται
516 1009 535 1032 ,
602 968 700 1021 καὶ
766 968 879 1029 τοῖς
940 962 1251 1037 ἀνθρώποις
1307 952 1789 1037 συνανεστρέφετο,

207 1062 597 1133 κατασημαίνει
640 1062 758 1124 τοῖς
810 1059 1012 1131 ὁρῶσιν
1054 1058 1218 1113 αὐτὸν
1259 1061 1289 1113 6
1315 1058 1488 1131 κήρυξ
1521 1059 1615 1112 καὶ
1649 1059 1788 1130 πρό-

208 1159 397 1227 δρομος,
441 1158 545 1209 καὶ
582 1155 652 1226 δὴ
698 1153 792 1207 καί
841 1170 1005 1224 φησιν
1048 1153 1078 1204 6
1126 1153 1396 1223 μακάριος
1439 1153 1787 1224 Βαπτιστής⁸

212 1268 227 1300 ι
259 1248 354 1301 Ἴδε
377 1250 405 1301 6
436 1247 625 1318 ἀμνὸς
650 1247 750 1300 τοῦ
785 1246 945 1308 Θεοῦ,
979 1248 1008 1300 6
1036 1246 1208 1315 αἴρων
1234 1246 1336 1315 τὴν
1374 1245 1651 1316 ἁμαρτίαν
1690 1244 1787 1298 τοῦ

210 1338 406 1406 κόσμου.
476 1356 496 1388 ι
563 1335 745 1407 Εἴπερ
789 1331 883 1389 οὖν
924 1334 1099 1400 ἔσται,
1154 1336 1297 1390 κατά
1344 1352 1531 1399 τινας,
1589 1335 1789 1405 μείζων

218 1430 439 1483 Ἰωάννου
469 1429 723 1499 Χριστὸς
754 1430 813 1482 ὲν
855 1430 922 1499 τῇ
967 1426 1219 1498 βασιλείᾳ
1250 1428 1360 1481 τῶν
1397 1426 1665 1498 οὐρανῶν,
1695 1427 1789 1481 καὶ

210 1519 339 1573 τοῦτο
380 1521 440 1573 ἐν
468 1520 700 1574 ἐλπίσιν
728 1519 842 1589 ἔχει
887 1520 949 1573 τὸ
976 1520 1165 1591 γέρας,
1189 1515 1258 1591 ἦν
1300 1518 1408 1590 ἄρα
1446 1520 1661 1582 πάντως
1689 1520 1789 1572 οὐκ

209 1614 253 1663 ἐν
276 1611 597 1679 ἐλαττώσει,
622 1614 686 1665 ἐν
715 1612 924 1683 ἰσότητι
955 1612 1035 1677 δὲ,
1056 1611 1199 1665 κατὰ
1223 1611 1283 1665 16
1312 1611 1478 1674 εἰκός.
1508 1606 1647 1664 Εῖτα
1669 1610 1789 1675 πῶς

3377 272 3481 328 162

2570 388 2799 445 ALIUD.

1966 502 2108 557 Deus
2155 516 2257 571 per
2286 501 2610 572 prophetam
2644 504 2841 558 Isaiam
2871 504 3254 564 remissionem
3284 523 3381 578 per
3413 511 3476 566 ll-

1892 594 2015 649 deut
2050 596 2377 665 promittens
2422 612 2437 648 :
2489 613 2507 646 ι
2542 594 2654 664 Ego
2678 638 2691 662 ,
2757 597 2933 666 inquit
2962 638 2978 665 ,
3044 612 3164 653 sum
3196 599 3300 671 qui!
3327 601 3483 657 deleo

1896 686 2216 755 iniquitates
2252 696 2393 753 tuas,
2428 696 2482 740 et
2520 702 2627 740 non
2650 690 2975 744 recordahor
3007 692 3050 724 ³⁸
3075 731 3089 745 .
3133 711 3150 743 ι
3179 691 3319 748 Cum
3347 709 3481 750 vero

1891 793 1958 833 ex
1990 788 2179 833 sancta
2210 772 2437 850 Virgine
2478 791 2640 835 natus
2690 792 2779 836 est
2825 792 2878 837 et
2916 786 2967 838 in
3017 796 3163 841 terra
3203 792 3483 860 apparuit.

1892 871 2034 927 sicut
2061 871 2323 940 scriptum
2358 882 2446 928 est
2467 872 2511 904 "
2536 912 2552 938 ,
2602 888 2834 944 cumque
2880 876 3194 935 hominibus
3223 894 3481 939 versatus

1891 973 1995 1029 est,
2021 962 2259 1019 Joannes
2294 962 2537 1034 Baptista
2565 964 2684 1034 ejus
2734 983 2912 1037 praeco
2953 980 3121 1041 atque
3165 990 3473 1044 praeursor

1890 1057 2129 1112 ostendit
2165 1058 2400 1122 dicens;
2440 1078 2458 1110 ι
2494 1059 2633 1114 Ecce
2679 1059 2868 1129 Agnus
2901 1063 2993 1119 Dei
3026 1066 3119 1135 qui
3168 1069 3310 1124 tellit
3341 1086 3472 1139 pec-

1891 1157 2013 1205 cata
2073 1150 2257 1204 mundi
2316 1151 2385 1205 ³³.
2445 1169 2465 1203 ι
2532 1151 2589 1206 Si
2638 1153 2826 1224 igitur,
2857 1165 2915 1211 ut
2965 1160 3209 1217 nonnulli
3260 1164 3473 1228 volunt,

1891 1240 2143 1297 Christus
2187 1242 2400 1297 futurus
2434 1253 2519 1299 est
2546 1245 2719 1312 major
2771 1246 2985 1306 Joanne
3016 1250 3070 1304 in
3101 1268 3269 1323 regno
3309 1256 3483 1312 caelo!-

1892 1347 2032 1398 rum,
2067 1342 2230 1403 atque
2259 1335 2361 1389 hoc
2393 1338 2674 1405 praemium
2709 1354 2770 1396 se
2804 1354 3231 1401 consecuturum
3268 1362 3481 1418 sperat,

1891 1433 2008 1477 erat
2030 1425 2216 1494 igitur,
2239 1436 2295 1479 ut
2313 1427 2478 1482 verisi
2498 1430 2621 1485 mile
2641 1441 2746 1498 est,
2768 1449 2873 1488 non
2899 1435 3099 1496 minor.
3114 1439 3209 1493 sed
3232 1443 3476 1509 mqualis.

1891 1516 1961 1569 At
2011 1529 2142 1569 vero
2197 1532 2318 1586 quae
2372 1520 2602 1589 aequalia
2644 1534 2795 1588 sunt,
2856 1541 2964 1595 quo
2994 1540 3153 1598 pacto
3201 1534 3482 1602 tantopere

1893 1606 2037 1661 inter
2070 1620 2128 1661 se
2159 1608 2507 1681 discrepant,
2563 1625 2619 1667 ut
2649 1614 2738 1669 hic
2778 1616 2995 1685 quidem
3026 1627 3251 1689 peccata
3294 1625 3481 1677 mundi

210 1702 264 1755 τὰ
286 1705 337 1754 ἐν
370 1704 473 1774 ἴσῳ
513 1701 721 1774 μέτρῳ
746 1701 1003 1757 τοσοῦτον
1030 1701 1099 1756 δι’
1128 1700 1376 1773 ἀλλήλων
1417 1702 1791 1773 ἀπολιμπάνε-

1899 1698 2086 1754 tollere
2121 1701 2313 1769 possit,
2352 1712 2516 1773 atque
2543 1705 2646 1759 hoc
2675 1721 2741 1761 ex
2769 1723 2866 1762 sua
2918 1721 3185 1779 petestate
3218 1725 3480 1783 praestet;

210 1810 300 1857 ται,
333 1794 406 1858 ὡς
440 1794 539 1848 16v
576 1794 683 1865 μὲν
713 1792 976 1849 δύνασθαι
1020 1792 1114 1847 τοῦ
1149 1794 1358 1864 κόσμου
1387 1793 1486 1866 τὴν
1520 1794 1801 1865 ἁμαρτίαν

214 1883 463 1954 ἀφαιρεῖν,
509 1885 615 1937 καὶ
655 1883 818 1937 τοῦτο
844 1884 1086 1955 ἐνεργεῖν
1118 1883 1542 1949 ὲξουσιαστικῶς
1561 1902 1574 1917 ·
1619 1888 1712 1941 16v
1738 1886 1796 1941 δὲ

212 1974 289 2026 τοῦ
329 1974 699 2047 καθαίροντος
733 1976 829 2029 καὶ
858 1974 1176 2043 ἁγιάζοντος
1205 1976 1398 2031 ἐπιδεᾶ
1431 1977 1795 2045 καθεστάναις

220 2084 236 2115 ι
274 2066 464 2137 Χρείαν
493 2067 615 2138 γὰρ
664 2066 796 2134 ἐγὼ,
851 2067 1036 2138 φησὶν,
1073 2066 1182 2138 ἔχω
1217 2066 1323 2120 ὑπὸ
1356 2066 1451 2121 σοῦ
1497 2067 1798 2139 βαπτισθῆ-

216 2173 303 2210 ναι.
332 2176 350 2209 ι
391 2156 625 2227 Ἐπειδὴ
676 2156 733 2210 δὲ
770 2157 872 2211 οὐκ
917 2157 976 2210 ὲν
1018 2160 1133 2221 τοῖς
1165 2175 1311 2222 τινος
1348 2157 1647 2231 δεομένοις,
1681 2161 1795 2214 ἀλλ’

219 2250 263 2302 ἐν
289 2253 393 2313 τοῖς
419 2247 735 2321 χορηγοῦσι
775 2248 838 2301 τὸ
876 2250 1061 2319 μεῖζον
1094 2251 1311 2322 ὁρᾶται,
1347 2254 1443 2305 καὶ
1474 2254 1504 2305 6
1556 2254 1679 2323 μὲν,
1720 2254 1797 2318 ὡς

218 2338 341 2405 Θεὸς,
366 2340 606 2411 ἀφίησιν
652 2339 953 2410 ἁμαρτίας,
993 2343 1023 2393 6
1056 2340 1113 2394 δὲ
1157 2340 1383 2396 δύναται
1421 2342 1583 2397 τοῦτο
1621 2347 1797 2398 ποιεῖν

217 2431 460 2502 οὐδαμῶς,
511 2433 625 2485 οὐκ
669 2432 787 2495 ἴσος
818 2432 927 2503 ἄρα
968 2432 1346 2503 τῷτοσοῦτον
1385 2434 1799 2507 ἐξηλλαγμένῳ.

368 2565 583 2629 AAAO,
627 2563 708 2629 ὡς
740 2563 812 2617 ὲν
841 2561 1097 2633 ἐπιτομῇ
1136 2564 1233 2617 καὶ
1284 2563 1596 2633 ἁπλότητι.

277 2678 333 2730 Εἰ
374 2678 583 2748 μείζων
609 2677 763 2731 ἔσται
791 2676 886 2730 τοῦ
914 2676 1072 2746 ἁγίου
1105 2677 1434 2743 Βαπτιστοῦ,
1458 2676 1601 2733 κατὰ
1622 2695 1794 2744 τινας,

220 2768 242 2818 ὁ
272 2767 453 2839 Σωτὴρ
496 2770 561 2821 ἐν
605 2769 671 2837 τῇ
707 2765 956 2836 βασιλείᾳ
982 2762 1089 2819 τῶν
1117 2765 1390 2837 οὐρανῶν,
1424 2766 1459 2838 ἢ
1486 2766 1622 2832 ἶσος,
1665 2766 1697 2838 ἢ
1738 2768 1799 2820 ἐν

222 2858 492 2912 ἐλαττώσει
527 2859 649 2911 ἐστὶ
674 2858 821 2911 κατὰ
843 2857 935 2911 τὸν
960 2857 1062 2928 τῆς
1090 2857 1556 2929 ἐνανθρωπήσεως
1583 2858 1792 2930 χρόνον.

233 2948 308 3001 Ἐν
330 2950 425 3019 μὲν
449 2946 544 3003 οὖν
564 2946 885 3014 ἐλαττώσει,
904 2946 1180 3019 οὐδαμῶς.
1214 2948 1302 3001 Ἐν
1322 2948 1528 3019 ίσότητι
1552 2949 1611 3002 δέ
1627 2966 1639 2977 ’
1669 2948 1796 3002 τοῦο

221 3056 277 3091 το
288 3040 388 3106 γάρ
406 3041 521 3103 πώς
546 3044 663 3093 ἐστι
687 3040 750 3093 16
770 3039 1238 3111 πρεπωδέστερον.
1274 3040 1415 3093 Ἀλλ’
1432 3041 1591 3114 εἴπερ
1621 3042 1792 3105 ὅντως

220 3132 348 3203 ὁτῆς
364 3134 602 3205 ἰσότητος
621 3132 708 3186 ἐπ’
725 3134 931 3203 ἀμφοῖν
957 3130 1191 3197 σώζεται
1209 3131 1388 3201 λόγος,
1410 3132 1683 3186 καλείσθω
1698 3133 1794 3186 καὶ⁸

232 3222 474 3295 Ἰωάννης
492 3226 652 3294 σοφία
670 3226 768 3279 καὶ
788 3223 1018 3295 δύναμις
1037 3222 1135 3277 τοῦ
1149 3224 1387 3296 Πατρὺς,
1407 3240 1515 3296 χρη
1523 3224 1799 3296 ματιζέτω

223 3313 278 3367 δὲ
309 3333 329 3366 ι
353 3316 514 3369 εἰκὼν
529 3317 937 3391 καὶίχαρακτὴρ,
959 3318 1056 3370 καὶ
1074 3318 1418 3388 ἀπαύγασμα
1434 3319 1533 3389 τῆς
1554 3318 1795 3373 ὑποστά-

226 3422 361 3470 σεως
387 3407 569 3462 αὐτοῦ.
605 3410 814 3481 Φερέτω
839 3409 935 3463 καὶ
963 3408 1127 3473 αὐτὸς
1165 3409 1234 3464 τὰ
1259 3408 1439 3463 πάντα
1472 3409 1551 3480 τῷ
1591 3412 1800 3481 ῥήματι

224 3500 314 3569 τῆς
334 3498 610 3571 δυνάμεως
634 3501 803 3556 αὑτοῦ
826 3517 840 3531 ·
871 3519 890 3553 ι
931 3502 1179 3556 ἀκουέτω
1204 3502 1299 3554 καὶ
1332 3500 1495 3563 αὐτὸς
1521 3502 1677 3571 παρὰ
1702 3500 1798 3553 τοῦ

228 3586 455 3659 Πατρός·
482 3608 505 3645 ι
538 3591 667 3655 Υἱός
698 3608 807 3661 μου
837 3586 888 3645 εἴ
929 3593 1016 3654 σὺ,
1064 3590 1178 3660 ἐγὼ
1219 3591 1463 3660 σήμερον
1492 3587 1801 3657 γεγέννηκά

236 3698 288 3735 σε
311 3700 325 3715 ο
355 3705 373 3736 ι
416 3686 509 3740 καί
537 3703 554 3717 ’
591 3703 609 3737 ι
642 3683 830 3739 Κάθου
859 3685 923 3737 ἐκ
954 3683 1146 3748 δεξιῶν
1192 3699 1313 3753 μου,
1338 3681 1445 3744 ἕως
1484 3678 1551 3733 ἂν
1574 3677 1652 3730 θῶ
1675 3678 1802 3737 τοὺς

230 3772 429 3844 ὶχθροὺς
459 3793 556 3829 σου
587 3775 883 3829 ὑποπόδιον
913 3774 1024 3829 τῶν
1054 3774 1232 3828 ποδῶν
1272 3789 1390 3826 σου.
1430 3791 1450 3824 ι
1480 3769 1802 3839 Εἰσαγέσθω

232 3867 309 3918 καὶ
328 3870 482 3934 αὐτὸς
510 3868 590 3932 ὡς
611 3869 957 3939 πρωτότοκος
992 3868 1075 3931 εἰς
1113 3866 1213 3937 τὴν
1240 3864 1591 3935 οἰκουμένην,
1621 3878 1797 3934 προσ-

230 3960 468 4016 micon)
532 3959 693 4031 παρὰ
750 3958 860 4012 τῶν
913 3958 1086 4027 ἁγίων
1156 3956 1439 4026 ἀγγέλων,
1495 3955 1701 4023 λεγέτω
1744 3953 1801 4007 δὲ

230 4048 557 4124 ἀνεγκλήτως
582 4052 716 4123 περὶ
745 4048 977 4104 ἑαυτοῦ·
1017 4069 1037 4102 ι
1095 4049 1240 4118 Ἐγὼ
1287 4048 1383 4102 καὶ
1432 4049 1462 4100 6
1509 4045 1703 4117 Πατὴρ
1740 4045 1800 4098 ἓν

231 4139 391 4211 ἐσμεν.
431 4144 493 4198 '0
525 4142 789 4214 ἑωρακὼς
817 4142 939 4215 ἐμὲ,
980 4142 1193 4214 ἑώρακε
1224 4140 1316 4194 16v
1344 4138 1565 4211 Πατέρα
1594 4155 1610 4172 ·
1650 4158 1670 4189 ι
1706 4140 1800 4192 καὶ

232 4233 399 4287 πάλιν-
436 4256 455 4288 ι
500 4235 648 4305 Ἐγὼ
674 4237 789 4307 εἰμι
814 4237 848 4306 ή
893 4236 1191 4297 ἀνάστασις
1220 4232 1313 4287 καὶ
1359 4234 1393 4303 ή
1422 4230 1569 4302 ζωή’
1607 4248 1626 4284 ι
1660 4230 1756 4284 καί
1780 4245 1796 4261 ο

240 4342 256 4373 ι
290 4326 416 4396 Ἐγώ
445 4328 565 4399 εἰμι
607 4329 639 4381 6
677 4327 843 4399 ἄρτος
874 4330 903 4381 6
945 4327 1055 4392 ζῶν
1083 4327 1112 4379 ὁ
1140 4328 1204 4380 ἐκ
1231 4322 1328 4379 τοῦ
1361 4321 1594 4395 οὐρανοῦ
1626 4338 1798 4375 κατα-

1900 1790 2039 1847 alter
2060 1807 2190 1849 vero
2208 1807 2474 1865 purgante
2496 1806 2550 1853 et
2580 1800 2959 1858 sanctiﬁcante
2985 1805 3259 1877 indigeat?
3290 1804 3486 1880 c.0pus

1900 1886 2045 1939 enim
2075 1895 2178 1952 est,
2210 1884 2407 1956 inquit,
2442 1896 2502 1943 ut
2539 1891 2637 1945 abs
2675 1900 2727 1947 te
2754 1893 3001 1962 baptizer
3024 1895 3092 1951 “.
3126 1916 3146 1950 ι
3184 1897 3320 1953 Cum
3354 1916 3486 1956 vero

1902 1990 2008 2029 non
2049 1976 2096 2032 is
2124 1978 2215 2047 qui
2242 1979 2427 2049 aliquo
2459 1979 2684 2051 indiget,
2734 1986 2901 2041 sedis
2951 1987 3043 2056 qui
3105 1988 3157 2043 id
3202 2005 3310 2061 quo
3346 1993 3487 2047 alius

1900 2077 2020 2138 eget
2041 2069 2388 2139 suppeditare
2411 2082 2611 2141 potest,
2660 2075 2835 2142 major
2864 2078 2971 2143 sit,
3016 2088 3073 2134 et
3102 2078 3243 2136 Deus
3268 2076 3485 2151 quideiu

1901 2161 2149 2215 remittat
2198 2174 2460 2233 peccata,
2517 2166 2607 2222 hic
2652 2181 2783 2223 vero
2833 2170 2981 2225 nullo
3038 2180 3199 2240 pacto
3248 2176 3298 2229 id
3347 2190 3486 2245 prae-

1900 2261 2049 2309 stare
2082 2265 2248 2324 queat
2279 2271 2293 2310 :
2328 2272 2435 2314 non
2463 2268 2547 2314 est
2598 2260 2764 2328 igitur
2792 2263 3019 2332 aqualis
3068 2264 3141 2319 illi
3173 2280 3203 2320 a
3226 2278 3335 2336 quo
3365 2276 3485 2322 tau-

1902 2355 2089 2415 t0pere
2111 2359 2423 2418 superatur.

2249 2560 2481 2631 ALIUD,
2506 2570 2768 2624 succincte
2796 2580 2844 2623 et
2893 2570 3116 2624 rudiler.

1971 2673 2028 2730 Si
2064 2675 2345 2748 Servator,
2398 2692 2459 2736 ut
2510 2683 2755 2737 nonnulli
2814 2687 3133 2755 opinantur,
3189 2686 3364 2757 major
3399 2696 3486 2743 est

1897 2767 2107 2828 Joanne
2135 2773 2376 2844 Baptista
2411 2774 2465 2829 in
2506 2790 2673 2844 regno
2696 2775 2959 2831 calorum
2982 2816 2998 2842 ,
3048 2786 3200 2834 certe
3241 2793 3310 2835 eo
3340 2792 3482 2836 tent-

1898 2883 2029 2938 pore
2058 2883 2165 2937 quo
2197 2869 2341 2923 inter
2375 2870 2625 2924 holuines
2649 2878 2898 2926 versatus
2942 2880 3049 2936 est,
3097 2873 3203 2941 {aut
3234 2873 3489 2943 aqualis,

1898 2969 1993 3013 aut
2012 2959 2191 3013 minor
2205 2973 2272 3013 eo
2294 2959 2417 3015 fuit.
2442 2958 2617 3014 Minor
2638 2970 2819 3016 autem
2840 2961 2985 3015 nulla
3010 2963 3247 3020 ratione.
3277 2963 3484 3035 Equa-

1899 3050 1964 3107 lis
1995 3052 2181 3122 igitur.
2239 3051 2350 3108 lloc
2386 3053 2528 3108 enim
2560 3064 2643 3108 est
2672 3054 3105 3110 convenientius.
3136 3058 3205 3109 At
3233 3057 3279 3111 si
3305 3072 3487 3128 aequa-

1900 3147 1979 3202 les
2014 3146 2237 3202 omnino
2266 3147 2410 3201 inter
2438 3163 2497 3202 se
2525 3146 2771 3211 fuerunt,
2801 3158 3032 3203 vocetur
3052 3149 3217 3204 etiam
3243 3147 3484 3206 Joannes

1899 3238 2163 3309 sapientia
2184 3247 2240 3291 et
2258 3239 2497 3309 potentia
2522 3237 2701 3293 Patris
2723 3238 2791 3306 '1';
2809 3248 3033 3295 vocetur
3054 3241 3219 3295 etiam
3252 3260 3272 3294 ι
3305 3242 3485 3311 imago

1896 3340 1952 3385 et
1985 3330 2293 3396 character,
2328 3346 2392 3386 ac
2424 3331 2681 3399 splendor
2706 3332 3043 3386 exsisteutiae
3070 3332 3271 3403 ipsius:
3300 3332 3486 3394 Portet

1898 3423 2064 3477 etiam
2118 3423 2305 3477 omnia
2351 3422 2536 3493 verbo}
2570 3424 2828 3492 potentiae
2877 3438 2990 3478 sua:
3024 3423 3095 3489 “,
3135 3444 3154 3476 ι
3203 3425 3392 3480 audiat
3430 3438 3487 3480 et

1900 3513 2015 3581 ipse
2048 3526 2077 3565 a
2111 3513 2274 3567 Patre
2302 3532 2314 3568 :
2353 3533 2371 3565 ι
2412 3514 2581 3567 Filius
2612 3530 2765 3570 meus
2812 3530 2872 3571 es
2900 3526 2976 3580 tu,
2999 3530 3099 3584 ego
3130 3515 3291 3571 hodie
3326 3520 3490 3588 genui

1900 3612 1956 3657 te
1981 3603 2050 3669 ";
2084 3625 2103 3656 ι
2135 3603 2250 3674 98
2275 3615 2329 3659 et
2361 3623 2379 3655 ‹
2422 3606 2562 3660 Sede
2588 3621 2617 3659 a
2647 3607 2855 3663 dextris
2890 3607 3045 3671 meis,
3075 3606 3249 3662 donec
3288 3623 3489 3677 ponant

1901 3696 2150 3750 inimicos
2190 3707 2310 3751 tuos
2342 3696 2637 3751 scabellum
2679 3700 2876 3766 pedum
2921 3708 3137 3752 tuorum
3163 3698 3229 3752 ³⁸.
3258 3717 3278 3750 ι
3314 3697 3481 3755 Intro-

1900 3789 2128 3843 ducatur
2162 3789 2324 3843 etiam
2356 3789 2473 3857 ipse
2498 3789 2549 3842 in
2574 3792 2760 3842 orbem
2792 3798 3061 3843 terrarum
3089 3800 3347 3859 tanquam
3366 3794 3479 3861 pri-

1902 3881 2247 3952 mogenitus;
2282 3880 2545 3936 adoretur
2596 3898 2625 3935 a
2673 3880 2879 3936 sanctis
2921 3880 3168 3950 angelis,
3222 3893 3490 3952 recteque

1902 3977 1969 4031 de
1997 3974 2181 4047 scipso
2212 3975 2357 4029 dicat
2391 3991 2404 4028 :
2446 3994 2464 4028 ι
2523 3974 2637 4046 Ego
2667 3984 2723 4030 et
2749 3973 2914 4030 Pater
2946 3989 3113 4029 unum
3139 3989 3348 4030 sumus.
3382 3973 3491 4042 Qui

1901 4068 2034 4123 vidit
2067 4085 2172 4136 me,
2204 4067 2338 4122 vidit
2366 4078 2420 4122 et
2448 4067 2663 4123 Patrem
2684 4068 2727 4101 ”
2748 4085 2795 4135 ;ι
2833 4077 2888 4123 et
2916 4082 3131 4123 rursum
3159 4085 3174 4125 :
3200 4066 3344 4139 «Ego
3366 4084 3491 4124 sunt

1900 4162 2231 4218 resurrectio
2264 4172 2319 4217 et
2345 4162 2450 4216 vita
2477 4179 2493 4230 ;
2523 4161 2567 4193 ⁸ο
2607 4182 2626 4215 ι
2659 4171 2713 4217 et
2748 4181 2766 4213 ι
2804 4161 2914 4232 Ego
2946 4178 3065 4217 sum
3097 4162 3255 4233 panis
3297 4162 3489 4216 vivens

1901 4256 1993 4327 qui
2028 4272 2058 4310 e
2107 4255 2248 4311 cmlo
2284 4257 2563 4324 descendi,
2617 4264 2672 4312 et
2714 4257 2881 4310 vitam
2934 4257 3069 4311 dans
3108 4256 3311 4311 mundo
3344 4256 3412 4312 ".
3458 4274 3482 4307 ι

1904 4345 1960 4402 Si
1997 4362 2127 4404 vero
2158 4349 2272 4403 hzec
2299 4349 2480 4403 omnia
2516 4358 2600 4403 est
2620 4346 2896 4414 Christus,
2919 4360 3025 4401 non
3055 4359 3239 4402 autem
3272 4348 3362 4401 ille
3390 4350 3485 4417 qui

235 4413 331 4480 θὲς,
363 4423 454 4474 καὶ
480 4419 630 4491 ζωὴν
663 4418 839 4484 διδοὺς
864 4418 943 4488 τῷ
969 4418 1182 4487 κόσμῳ.
1226 4435 1244 4469 ι
1298 4414 1363 4469 Εί
1407 4414 1466 4468 δὲ
1493 4412 1667 4467 ταῦτα
1696 4412 1794 4483 μὲν

1901 4438 2151 4508 imperite
2182 4438 2408 4507 aequalis
2438 4454 2562 4494 esse
2612 4439 2813 4493 dicitur
2846 4412 3007 4507 :vquo
3050 4451 3214 4508 pacto
3238 4453 3347 4493 non
3379 4412 3483 4491 ah-

234 4506 327 4561 εστι
362 4512 541 4566 πάντα
589 4511 847 4582 Χριστὸς,
889 4509 1072 4564 οὐκέτι
1112 4508 1169 4562 δὲ
1200 4508 1296 4562 καὶ
1327 4509 1356 4561 6
1386 4506 1524 4577 πρὸς
1574 4504 1793 4572 ἰσότητα

235 4597 312 4668 τὴν
342 4604 472 4674 πρὸς
522 4604 688 4657 αὐτὸν
736 4602 1072 4673 καλούμενος
1104 4598 1354 4672 ἀμαθῶς,
1411 4597 1531 4661 πῶς
1572 4596 1635 4649 οὐ
1672 4595 1793 4649 λίαν

235 4686 534 4748 ἀπαίδευτον
552 4694 712 4748 παντί
734 4711 813 4765 τῳ
835 4695 1085 4764 φανεῖται
1106 4692 1314 4756 λοιπὸν,
1334 4689 1395 4744 16
1420 4688 1644 4762 μείζονά
1662 4704 1793 4742 ποτε

236 4783 538 4854 γενήσεσθαι
564 4786 810 4859 νομίζειν
837 4786 1029 4853 αὑτοῦ,
1054 4787 1146 4841 τὸν
1183 4785 1271 4840 ἀεὶ
1298 4783 1457 4840 τοῦτο
1481 4782 1795 4855 ὑπάρχοντα

238 4876 476 4943 φυσικῶς,
508 4876 584 4941 ὡς
608 4876 744 4930 Θεόν
766 4893 782 4942 ;

900 4994 1108 5048 AAAO.

290 5098 346 5155 Εί
384 5106 441 5157 ἐν
468 5105 549 5176 τῷ
594 5105 727 5161 ποτὲ
771 5104 872 5177 τὴν
912 5104 1164 5159 Ἷωὶὶννου
1210 5104 1628 5175 πλεονεκτήσειν
1670 5103 1799 5175 ἀρε-

234 5187 314 5259 τὴν
335 5193 659 5263 ἀξιάγαστος
682 5196 979 5268 ὀφθήσεται
1010 5196 1266 5267 Χριστὸς,
1290 5195 1442 5248 οὐδὲν
1464 5195 1523 5247 ὲν
1555 5192 1705 5265 αὐτῷ
1739 5193 1801 5247 16

1905 4532 2131 4585 surdum
2162 4530 2310 4585 dictu
2355 4530 2567 4587 censeri
2611 4529 2841 4591 debeat.
2869 4528 3148 4585 Christum
3192 4529 3489 4599 aliquando

1900 4620 2111 4679 Joanne
2158 4621 2417 4691 majorem
2462 4621 2727 4689 futurum,
2760 4623 2853 4692 qui
2893 4630 3086 4690 suapte
3115 4629 3315 4675 natura
3338 4633 3485 4674 seui-

1901 4730 2000 4786 per
2030 4713 2206 4786 major
2235 4714 2359 4782 fuit,
2396 4715 2653 4770 nimirum
2679 4712 2825 4770 Deus
2848 4714 2873 4769 2

2574 4978 2809 5036 ALIUD.

1977 5095 2034 5152 Si
2067 5095 2122 5151 in
2152 5094 2338 5151 luturo
2363 5090 2562 5148 saeculo
2595 5099 2807 5145 tanlum
2835 5086 3087 5144 Christus
3119 5086 3347 5143 Joannis
3375 5087 3483 5142 vir-

1902 5198 2070 5246 tutem
2101 5196 2461 5257 superaturus
2492 5193 2595 5248 est,
2627 5192 2779 5239 certe
2817 5180 3031 5261 “nihilin
3054 5182 3175 5252 ipso
3221 5196 3481 5253 magnum

237 5281 385 5351 μέγα’
413 5289 534 5343 ἐπεὶ
558 5290 655 5343 καὶ
678 5289 901 5359 ἄγγελοι
927 5288 1214 5361 κρείττους
1245 5285 1414 5343 αὑτοῦ
1447 5287 1591 5341 κατά
1619 5302 1683 5356 γε
1710 5286 1794 5340 τὸν

1904 5293 1989 5341 est
2027 5301 2042 5337 :
2084 5297 2206 5338 cum
2238 5290 2293 5335 et
2332 5278 2513 5350 angell
2557 5277 2811 5333 meliores
2858 5274 3375 5346 praestantioresque
3415 5290 3485 5330 eo

234 5373 367 5445 λάτον
400 5382 501 5453 τῆς
536 5383 747 5447 οἰκείας
791 5383 1032 5454 φύσεως,
1082 5384 1179 5437 καὶ
1215 5382 1314 5453 τῆς
1354 5383 1435 5446 είς
1468 5379 1602 5433 Θεὸν
1646 5379 1794 5433 εὐσε-

1914 5377 2026 5434 sint
2070 5375 2309 5446 propria;
2338 5389 2451 5427 suae
2492 5382 2702 5427 natum
2735 5370 2947 5424 ratione
2967 5408 2982 5433 ,
3018 5374 3073 5422 et
3103 5367 3323 5437 pietatis
3353 5383 3483 5438 erga

235 5470 363 5540 θείας
382 5479 480 5549 τὴν
512 5478 810 5550 ὑπεροχήν.
846 5473 982 5533 Εἶτα
1014 5478 1108 5531 ποτ
1140 5493 1271 5530 ποτε
1302 5474 1567 5546 βαδιεῖται
1592 5472 1794 5536 Παῦλος

1907 5469 2077 5525 Deum
2092 5466 2444 5525 excellentia.
2472 5463 2675 5520 Deinde
2692 5460 2824 5532 quid
2846 5462 2910 5516 de
2923 5457 3312 5530 sapientissimi
3338 5457 3484 5513 illius

293 5650 330 5681 ³¹
356 5652 453 5710 lsa.
479 5670 635 5719 mn,
676 5655 770 5710 25.
848 5656 895 5693 ³²
927 5654 1138 5709 Baruch
1173 5667 1259 5712 ut.
1297 5652 1388 5708 38.
1467 5653 1511 5685 ³³
1544 5649 1702 5708 Joan.
1734 5664 1773 5714 ι,

1899 5693 1900 5696 γ
1977 5643 2484 5719 “Matth.t_t_t,_l4.
2561 5640 2607 5674 ιε
2646 5639 2820 5719 [ρον.
2852 5657 2889 5707 1,
2921 5637 3013 5694 ει.
3092 5628 3477 5700 attenuas

241 5715 273 5749 ⁸¹
301 5719 431 5780 l’sal.
459 5742 516 5796 ιι,
556 5712 634 5782 7.’
700 5727 744 5759 ³⁸
772 5725 917 5786 Psal.
958 5740 1066 5794 eux,
1096 5727 1147 5779 i.
1224 5725 1266 5756 ”
1293 5722 1446 5780 Joau.
1481 5737 1589 5789 ιιιν,
1632 5721 1684 5777 9.
1762 5712 1794 5752 "

1900 5734 1988 5774 an.
2022 5732 2099 5787 xl,
2126 5717 2216 5773 25.
2292 5717 2335 5748 “
2371 5715 2525 5771 Joan.
2554 5728 2627 5777 v1,
2661 5712 2748 5766 35.
