4032 6212
406 301 510 353 1ϋῦ

1427 291 1484 343 S.
1524 289 1804 344 CYRII.”
1847 287 2319 343 ALEXANDRINI
2362 288 2684 344 ARCHIEP.

3566 281 3668 340 Ιῦι

404 407 551 462 Pauli
587 404 898 460 testimonio
921 413 1185 466 statuent,
1233 405 1325 472 qui
1373 402 1651 455 Christum
1686 408 1839 454 tanto
1886 414 1981 453 su»

2095 400 2219 470 ἡμῖν
2247 403 2275 453 6
2301 400 2612 469 σοφώτατος
2647 399 2904 454 τοσοῦτον
2946 397 3194 466 ἀγγέλων
3227 395 3534 466 ὑπερτιθεκ
3571 397 3663 449 τὸν

406 498 674 566 pet-iorem
713 492 922 566 an'gelis
961 510 1082 550 esse
1131 502 1357 548 testatur
1385 532 1399 554 ,
1447 499 1653 560 quanto
1680 489 1858 543 divina
1889 503 1985 542 na-

409 599 525 642 tura
560 596 746 642 creata
775 585 1097 642 antecellit?
1132 603 1151 635 ι
1200 583 1298 636 Cui
1337 581 1504 643 enim,
1535 579 1709 647 inquit
1742 577 1942 633 Paulus
1967 619 1982 645 ,

407 679 722 748 angelorum
768 693 1009 747 unquam
1047 664 1187 730 dixit
1231 687 1244 723 :
1281 671 1423 726 Sede
1477 685 1506 723 a
1547 671 1754 724 dextris
1804 669 1988 724 meis?

408 769 598 825 Nonne
622 785 811 824 omnes
850 776 976 822 sunt
1003 763 1459 820 administratorii
1484 761 1747 832 spiritus,
1799 762 1852 815 in
1885 763 1988 815 mi-

408 861 692 918 nisterium
746 860 897 915 missi
954 855 1052 910 "?
1107 873 1126 906 ›
1183 853 1303 920 Quo
1359 863 1529 924 pacto
1581 853 1745 923 igitur
1803 853 1850 908 is
1894 855 1985 922 qui

409 965 560 1009 tanto
592 962 677 1009 est
703 951 910 1022 angelis
950 948 1302 1018 praestantior
1340 946 1512 1002 Filius
1543 985 1560 1012 ,
1618 955 1676 1002 ut
1703 955 1757 1002 et
1804 945 1988 1001 Patris

405 1047 562 1101 sedili
612 1055 666 1100 et
715 1040 1065 1098 tabernaculo
1114 1039 1460 1111 adiungatur,
1504 1039 1662 1108 quasi
1720 1053 1982 1109 magnum

408 1136 612 1206 aliquid
677 1144 733 1189 et
789 1135 1117 1204 praeclarum
1170 1131 1236 1186 de
1279 1146 1338 1186 se
1397 1130 1675 1201 praedicet,
1728 1129 1988 1200 majorem

406 1229 613 1286 Joanne
639 1225 878 1295 Baptista
909 1224 964 1278 in
995 1238 1162 1294 regno
1193 1222 1457 1279 ctelorum
1485 1222 1629 1288 fore,
1679 1235 1806 1277 cum
1837 1235 1988 1278 sem-

407 1335 502 1387 per
535 1317 706 1386 major
734 1316 844 1372 sit?
874 1314 1156 1382 Quomodo
1190 1314 1336 1368 enim
1365 1327 1473 1370 non
1522 1313 1596 1370 sit
1635 1311 1845 1385 major,
1895 1311 1989 1383 qui

407 1409 520 1464 Deo
547 1423 613 1464 ac
641 1407 788 1462 Patri
812 1405 1037 1476 aequalis
1071 1413 1158 1460 est
1190 1405 1214 1458 ?

1065 1515 1297 1574 ALIUD.

475 1636 532 1690 Si
563 1633 800 1688 Joannes
824 1631 1067 1701 Baptista
1096 1639 1215 1686 erat
1257 1629 1480 1685 lucerna
1505 1667 1522 1694 ,
1572 1627 1822 1686 Christus
1861 1642 1994 1685 vero

2087 492 2338 561 Χριστὸν,
2370 493 2492 545 ὅσον
2519 494 2551 562 ἡ
2587 491 2705 544 Οεία
2743 490 2902 560 φύσις
2931 490 3027 560 τὴν
3053 488 3287 558 γενητὴν
3319 485 3664 557 ύπερτρέχει.

2095 601 2114 635 ι
2139 584 2256 636 Τίνι
2281 584 2410 654 γὰρ,
2436 583 2580 647 εἶπε,
2610 583 2740 636 ποτέ
2767 582 2873 636 τῶν
2900 581 3167 649 ἀγγέλων,
3199 580 3331 648 φησί
3357 595 3368 607 ·
3397 578 3580 632 Κάθου
3603 580 3667 632 ἐκ

2085 673 2274 738 δεξιῶν
2307 691 2440 744 μου;
2485 673 2618 742 Οὐχὶ
2647 673 2847 735 πάντες
2873 672 2978 724 εἰσὶ
3007 669 3355 738 λειτουργικὰ
3384 669 3669 739 πνεύματα

2089 766 2168 827 είς
2198 765 2472 820 διακονίαν
2505 764 2978 834 ἀποστελλόμενα;
3015 780 3035 814 ν
3073 761 3200 823 Πῶς
3233 755 3325 812 οῦν
3352 760 3380 811 ὁ
3417 759 3670 812 τοσοῦτον

2087 856 2214 920 τοὺς
2263 857 2513 910 Ἰωάννου
2563 857 2816 927 μείζονας
2858 853 3123 923 ἀγγέλους
3169 851 3478 906 ἀναϐαίνων
3520 852 3669 914 Υίὸς,

2088 947 2165 1010 ὡς
2199 949 2290 1002 καὶ
2316 951 2426 1011 τοῖς
2450 947 2543 1001 τοῦ
2570 947 2782 1018 Πατρὸς
2827 945 3136 1015 ἐνιδρύσΘαι
3167 944 3382 1007 Θώκοις,
3413 944 3488 1006 ὡς
3529 943 3674 1013 μέγα

2087 1055 2140 1092 τι
2169 1040 2262 1092 καὶ
2290 1037 2599 1104 ἀξιόπιστον
2625 1038 2709 1107 ἐφ’
2738 1037 2917 1108 ἐαυτῷ
2957 1037 3143 1108 φησὶν,
3181 1035 3258 1098 ὡς
3286 1034 3438 1087 ἔσται
3469 1034 3675 1104 μείζων

2089 1130 2256 1184 αὑτοῦ
2283 1129 2424 1183 κατὰ
2449 1130 2538 1183 τὸν
2555 1129 2653 1200 τῆς
2672 1128 2948 1200 βασιλείας
2965 1127 3177 1198 καιρὸν,
3201 1124 3377 1178 καίτοι
3400 1123 3462 1176 τὸ
3489 1123 3674 1194 μεῖζον

2090 1223 2229 1294 ἔχων
2251 1222 2372 1287 ἀεί;
2416 1221 2541 1286 Πῶς
2568 1221 2676 1292 γὰρ
2702 1220 2800 1292 οὐχ
2827 1220 2999 1283 οὕτως
3027 1221 3056 1272 6
3079 1220 3136 1272 ἐν
3179 1217 3384 1287 ἰσότητι
3414 1214 3505 1268 τοῦ
3535 1213 3674 1266 Θεοῦ

2091 1314 2187 1367 καὶ
2216 1313 2430 1384 Πατρός
2450 1328 2466 1378 ;

2775 1516 2979 1570 AAAO.

2164 1635 2228 1689 Ei
2271 1632 2464 1705 λύχνος
2506 1629 2576 1704 ἦν
2615 1632 2644 1685 6
2693 1631 2964 1702 μακάριος
3008 1623 3342 1695 Βαπτιστὴς,
3389 1623 3502 1692 φῶς
3539 1621 3594 1675 δέ
3642 1622 3675 1674 6

408 1731 611 1790 lumen,
641 1741 747 1794 quo
789 1734 946 1794 pacto
977 1723 1084 1778 erit
1129 1721 1339 1791 aequale
1382 1735 1505 1776 cum
1548 1719 1772 1776 lucerna
1799 1720 1984 1775 lumen

2095 1724 2348 1797 Χριστὸς,
2377 1723 2494 1785 πῶς
2517 1725 2575 1776 ἐν
2618 1721 2821 1792 ίσὸτητι
2851 1720 3093 1773 κείσεται
3116 1719 3184 1787 τῇ
3223 1716 3404 1786 λύχνῳ
3431 1713 3492 1766 τὸ
3531 1712 3671 1802 φῶς»,

410 1821 584 1890 ipsum
624 1817 692 1882 “,
723 1825 817 1869 aut
845 1816 897 1869 id
935 1814 1078 1884 quod
1109 1813 1454 1867 illuntinandi
1487 1813 1594 1866 vim
1624 1812 1807 1877 habet,
1861 1825 1987 1866 cum

2095 1816 2189 1869 καὶ
2220 1814 2281 1867 τὸ
2320 1811 2574 1882 φωτίζειν
2603 1810 2841 1879 πεφυκὸς
2876 1807 2954 1878 τῷ
2994 1808 3170 1878 φωτὸς
3201 1804 3472 1876 δεομένῳ;
3517 1801 3590 1854 Τδ
3614 1800 3675 1854 δὲ

407 1933 470 1971 eo
519 1913 660 1985 quod
705 1911 1098 1966 illuminatione
1148 1907 1398 1976 indiget?
1448 1906 1604 1973 Quod
1647 1920 1778 1961 vero
1831 1913 1985 1959 tanto

409 2004 691 2060 intervallo
723 2011 942 2071 superat
964 2040 979 2066 ,
1014 2013 1252 2068 quonam
1287 2010 1446 2067 pacto
1475 1998 1658 2052 minus
1692 1997 1988 2060 exsistens,

408 2097 582 2166 majus
605 2093 698 2147 liat
727 2093 750 2145 ?

1068 2179 1301 2236 ALIUD.

486 2298 542 2354 Si
575 2298 621 2353 is
647 2297 736 2367 qui
773 2295 936 2350 habet
985 2307 1264 2362 sponsam,
1290 2305 1524 2361 sponsus
1580 2300 1710 2357 est,
1759 2291 1862 2346 hoc
1907 2298 1993 2346 est

406 2391 677 2453 Christus,
704 2386 915 2442 amicus
969 2392 1152 2438 autem
1202 2383 1390 2452 sponsi
1441 2383 1532 2452 qui
1583 2391 1694 2436 stat
1739 2392 1794 2437 et
1841 2381 1994 2437 audit

409 2483 607 2550 ipsum,
641 2481 743 2534 hnc
798 2487 884 2532 est
915 2477 1108 2530 beatus
1150 2472 1392 2530 Joannes
1424 2473 1689 2542 Baptista,
1738 2473 1991 2528 diversus

409 2575 595 2643 itaque
628 2570 697 2624 ab
724 2571 842 2640 ipso
891 2576 978 2622 est
1047 2581 1155 2621 non
1200 2565 1374 2621 solum
1410 2580 1639 2621 numero
1675 2564 1987 2630 distinctus,

410 2680 595 2718 rerum
624 2663 790 2716 etiam
822 2658 1136 2728 aequalitate
1173 2657 1456 2728 dignitatis
1504 2667 1558 2712 et
1608 2657 1831 2712 honoris
1891 2657 1990 2712 de-

407 2754 652 2808 stitutus.
692 2749 969 2819 Siquidem
996 2748 1087 2803 hic
1113 2762 1304 2801 revera
1332 2746 1531 2803 festum
1564 2747 1708 2803 diem
1747 2746 1990 2811 inchoat,

410 2845 501 2898 ille
516 2857 647 2898 vero
678 2842 906 2897 alterius
922 2840 1235 2896 festivitatis
1259 2849 1341 2895 est
1361 2839 1656 2910 particeps,
1684 2853 1749 2894 ac
1769 2839 1993 2909 proinde

411 2934 700 2990 illustrior.

1078 3038 1311 3097 ALIUD.

479 3155 719 3210 Joannes
756 3153 998 3224 Baptista
1033 3153 1107 3210 ita
1133 3154 1332 3211 alicubi
1376 3155 1442 3211 de
1477 3155 1772 3212 Servatore
1804 3165 1993 3213 nostro

414 3250 546 3303 dicit
579 3265 592 3300 :
627 3265 647 3298 ι
684 3248 786 3314 Qui
817 3249 883 3302 de
907 3263 1122 3304 sursum
1147 3249 1317 3314 venit,
1354 3264 1518 3318 super
1542 3263 1733 3304 omnes
1764 3260 1847 3304 est
1877 3250 1941 3303 “.
1970 3269 1989 3302 ι

409 3339 522 3410 99
570 3339 770 3394 Deinde
816 3355 971 3392 suam
1043 3340 1204 3394 etiam
1249 3341 1614 3395 conditionem
1665 3343 1991 3411 explicans:

417 3449 434 3480 ι
480 3431 582 3496 Qui
611 3431 677 3482 de
715 3441 858 3484 terra
908 3439 1013 3497 est,
1059 3431 1255 3499 inquit,
1311 3441 1525 3485 terrena
1573 3431 1812 3500 loquitur
1842 3433 1910 3488 ⁸⁵.
1967 3453 1986 3484 ι

414 3521 469 3575 Si
497 3535 626 3590 ergo
657 3520 920 3575 Servator
967 3522 1014 3575 ei
1032 3523 1260 3590 aequalis
1282 3534 1388 3586 est,
1419 3524 1615 3594 quippe
1646 3526 1736 3595 qui
1761 3526 1993 3580 nondum

411 3613 588 3682 majus
637 3612 891 3682 accepit,
949 3613 1106 3680 nihil,
1139 3623 1197 3666 ut
1243 3615 1542 3669 verisimile
1571 3628 1673 3680 cst,
1721 3618 1999 3674 obstiterit

411 3704 702 3774 quominus
733 3703 784 3758 id
816 3705 958 3774 quod
995 3709 1274 3775 proprium
1339 3709 1590 3761 alterutri
1635 3719 1759 3773 est,
1823 3710 1874 3763 in
1913 3711 1990 3763 al-

412 3810 584 3849 terum
613 3789 874 3861 transeat,
929 3797 1000 3849 ita
1026 3807 1082 3849 ut
1106 3796 1346 3866 Baptista
1379 3798 1664 3853 desursum
1722 3802 1994 3855 omnium-

410 3902 515 3954 que
540 3903 828 3956 supremus
869 3901 1187 3954 censeatur,
1241 3888 1496 3945 Christus
1532 3906 1662 3946 vero
1720 3902 1990 3947 terrenus.

411 3979 518 4034 Sed
552 3979 654 4033 hoc
707 3977 1004 4033 absurdum
1057 3990 1160 4034 est.
1201 3979 1300 4035 Hic
1341 3983 1508 4042 cnim.
1563 3990 1622 4034 ut
1670 3984 1995 4037 naturaliter

413 4074 574 4137 heus,
599 4085 763 4140 super
784 4085 974 4125 omnes
997 4080 1080 4126 est
1112 4092 1122 4125 :
1151 4072 1237 4124 illc
1268 4086 1397 4124 vero
1426 4088 1493 4127 ex
1520 4075 1778 4126 inferiore
1800 4084 1854 4127 ct
1885 4074 1993 4128 Dco

414 4163 656 4231 subjecta
706 4171 957 4215 creatura
995 4173 1239 4216 terrenus
1281 4173 1383 4217 est.
1415 4163 1530 4216 Non
1576 4179 1706 4234 ergo
1738 4166 1984 4233 aequalis,

411 4251 542 4318 qui}.
568 4251 750 4318 potius
782 4251 1192 4321 incomparabili
1227 4254 1546 4308 excellentia
1578 4270 1606 4306 a
1643 4255 1861 4310 Christo
1898 4273 1991 4310 su-

414 4350 652 4409 peratur.
704 4341 821 4407 Quo
845 4352 1002 4412 pacto
1032 4345 1197 4414 igitur
1223 4346 1435 4399 censeri
1485 4356 1663 4414 potest
1703 4347 1991 4416 aliquando

413 4433 625 4486 l'uturus
664 4433 856 4502 major,
887 4435 975 4502 qui
1009 4452 1224 4506 semper
1260 4446 1542 4507 tautOpere
1571 4439 1878 4495 excelluit?

1083 4639 1241 4696 ALIU
1256 4642 1315 4695 D.

482 4747 741 4806 Servator
783 4759 904 4821 post
936 4756 1391 4810 resurrectionem
1423 4773 1452 4811 a
1502 4763 1737 4816 mortuis
1776 4761 1988 4816 instau-

414 4856 547 4914 rans
569 4843 622 4894 in
655 4843 812 4896 nobis
847 4843 1083 4913 priscam
1119 4843 1358 4915 Spiritus
1393 4850 1646 4920 gratiam,
1701 4852 1990 4921 inspiravit

411 4935 698 5000 apostolis,
731 4936 919 4991 dicens
945 4952 959 4988 :
985 4955 1002 4988 ι
1041 4938 1284 5007 Accipite
1311 4939 1572 5011 Spiritum
1598 4955 1843 4999 sanctum
1875 4946 1937 4999 “.
1965 4967 1982 4996 ι

413 5023 480 5076 Et
512 5038 724 5077 rursum
775 5027 889 5095 ipse
919 5029 986 5081 de
1035 5029 1236 5097 Spiritu
1283 5032 1355 5086 ita
1391 5036 1465 5087 ait
1503 5053 1516 5087 :
1564 5054 1582 5086 ι
1621 5036 1754 5102 Quia
1783 5039 1848 5092 de
1872 5053 1990 5093 meo

412 5114 641 5181 accipiet
669 5116 733 5168 ".
780 5136 798 5167 ι
838 5119 943 5173 Sed
971 5131 1026 5174 et
1056 5121 1295 5190 Spiritus
1336 5124 1539 5180 Christi
1581 5127 1818 5196 Spiritus
1859 5145 1988 5183 san-

413 5211 534 5256 ctus
572 5219 601 5257 a
660 5220 813 5262 sacra
853 5208 1135 5280 Scriptura
1166 5215 1504 5283 appellatur,
1561 5228 1619 5272 ut
1664 5220 1714 5272 in
1764 5221 1990 5276 Actibus

411 5297 775 5362 aposmlorum
798 5300 996 5371 legitur
1025 5324 1036 5358 :
1077 5325 1092 5356 ι
1129 5307 1263 5360 Cum
1292 5324 1418 5362 vero
1447 5312 1776 5365 transissent
1805 5314 1988 5367 Asiam

411 5398 466 5440 et
502 5388 726 5446 Galatia:
786 5395 1097 5465 regionem,
1158 5407 1441 5454 tentarunt
1487 5404 1762 5469 prolicisci
1813 5404 1864 5457 in
1906 5404 1991 5458 Bi-

415 5477 688 5546 thyniam,
722 5490 776 5534 et
819 5499 924 5538 non
979 5489 1225 5556 permisit
1270 5505 1365 5544 eos
1412 5491 1648 5560 Spiritus
1693 5491 1819 5547 Jcsu
1853 5495 1920 5546 ⁸⁸.
1963 5515 1981 5547 ›

481 5630 1069 5709 ῠιὴὺηι,15,ιι.
1147 5641 1609 5709 "JoMLv,54i

412 5699 460 5732 “
483 5702 598 5759 Act.
641 5718 753 5774 xrt,
787 5705 836 5759 7.

1690 5647 1732 5676 “
1765 5645 1917 5702 Joan.
1961 5665 2038 5714 lll,
2075 5649 2164 5704 51.
2242 5647 2285 5679 ⁸⁵
2317 5646 2445 5700 ibid.

2091 1906 2342 1960 τοσοῦτον
2372 1905 2461 1958 ἀεὶ
2486 1901 2863 1967 πλεονεκτοῦν,
2901 1899 3018 1964 πῶς
3057 1900 3113 1953 ἐν
3142 1896 3433 1952 ἐλαττώσει
3470 1894 3552 1959 ὃν,
3581 1892 3677 1946 ἐπὶ

2089 2001 2153 2052 τὸ
2182 1998 2368 2070 μεῖζον
2396 1996 2731 2066 ἀναϐήσεται
2753 2010 2767 2059 ;

2763 2175 2979 2244 ζΑΑΑο.

2166 2295 2227 2348 Ei
2256 2296 2284 2348 6
2309 2294 2447 2364 ἔχων
2492 2293 2591 2364 τὴν
2631 2293 2850 2363 νύμφην
2883 2287 3115 2359 νυμφίος
3171 2286 3310 2350 ἐστὶ,
3338 2284 3616 2338 τουτέστιν
3645 2285 3678 2338 6

2092 2385 2347 2456 Χριστὸς,
2367 2385 2395 2438 ὁ
2414 2385 2469 2438 δέ
2492 2383 2642 2454 φίλος
2662 2382 2756 2436 τοῦ
2780 2381 3014 2452 νυμφίου
3037 2382 3065 2433 6
3087 2379 3330 2448 ἐστηκὼς
3349 2379 3442 2431 καὶ
3461 2377 3680 2431 ἀκούων

2093 2476 2280 2540 αὑτοῦ,
2307 2475 2586 2528 τουτέστιν
2610 2477 2638 2528 6
2667 2474 2936 2545 μακάριος
2978 2471 3313 2541 Βαπτιστὴς,
3339 2470 3526 2540 ἕτερος
3567 2470 3679 2540 ἄρα

2095 2571 2225 2640 παρ’
2253 2568 2414 2622 αὐτόν
2455 2570 2602 2621 ἐστιν
2644 2566 2705 2619 ού
2747 2565 2906 2636 μόνον
2945 2563 3186 2635 δηλονότι
3236 2562 3681 2633 διαστελλόμενος

2095 2659 2333 2732 ἀριθμῷ,
2358 2658 2493 2713 ἀλλά
2514 2657 2708 2710 τὸοῖσον
2735 2657 2836 2709 ούκ
2863 2655 3000 2726 ἔχων
3025 2656 3080 2708 ἐν
3106 2654 3374 2725 ἀξιώματι
3407 2656 3497 2707 καὶ
3518 2657 3678 2724 τιμῇ.

2095 2757 2266 2823 Εἴπερ
2312 2755 2339 2806 6
2389 2753 2490 2824 μέν
2534 2751 2651 2803 ἐστι
2683 2747 3118 2820 πανηγυράρχης
3155 2747 3390 2817 ἀληθῶς,
3426 2749 3453 2800 6
3481 2747 3535 2799 δέ
3577 2747 3680 2817 τῆς

2096 2847 2282 2916 ἐτέρου
2318 2843 2677 2914 πανηγύρεως
2711 2842 2958 2914 μέτοχος,
2985 2841 3080 2894 καὶ
3118 2840 3207 2894 διὰ
3232 2839 3389 2893 τοῦτο
3427 2839 3682 2912 λαμπρύ-

2094 2957 2271 3011 τερος.
3085 2931 3094 2942 ’

2781 3049 2966 3102 AAAO
2977 3087 2989 3100 .

2169 3166 2341 3230 Αυτός
2368 3165 2472 3218 πού
2500 3180 2662 3235 φησιν
2690 3163 2718 3214 6
2763 3164 3036 3232 μακάριος
3075 3156 3384 3226 Βαπτιστὴς
3425 3155 3554 3225 περὶ
3583 3155 3680 3208 τοῦ

2098 3257 2350 3328 Σωτῆρος
2404 3255 2560 3327 ἡμῶν
2609 3251 2848 3324 Χριστοῦ
2879 3271 2894 3287 ο
2947 3267 2965 3303 t
3026 3251 3083 3303 ὐ
3133 3248 3341 3302 ἀνωθεν
3385 3249 3684 3319 ἐρχόμενος

2097 3351 2281 3404 ἐπάνω
2313 3348 2530 3401 πάντων
2555 3346 2722 3400 ἐστίν.
2758 3365 2776 3396 ι
2833 3339 2969 3396 Εἶτα
2997 3343 3057 3395 τὸ
3093 3342 3290 3394 οἰκεῖον
3323 3340 3682 3394 ἐκκαλύπτων

2100 3442 2327 3512 μέτρον⁹
2364 3458 2381 3491 ι
2430 3440 2488 3491 Ὀ
2515 3437 2589 3490 ῶν
2619 3439 2683 3489 ἐκ
2708 3437 2806 3506 τῆς
2838 3436 2962 3504 γῆς,
3001 3435 3187 3504 φησιν,
3214 3436 3283 3487 τά
3320 3433 3420 3502 τῆς
3453 3434 3556 3502 γῆς
3584 3433 3683 3488 λα·

2095 3536 2195 3588 λεῖ.
2234 3553 2251 3585 ι
2297 3533 2466 3602 Εἴπερ
2489 3526 2580 3583 οὖν
2613 3531 2672 3582 ἐν
2703 3529 2906 3599 ἰσότητι
2932 3527 3175 3580 κείσεται
3205 3529 3272 3597 τῇ
3300 3525 3434 3594 πρὸς
3459 3523 3622 3578 αὐτὸν
3651 3528 3682 3578 6

2097 3627 2306 3698 Σωτὴρ,
2340 3625 2413 3688 ὼς
2455 3623 2607 3677 οὔπω
2634 3623 2694 3674 τδ
2727 3621 2908 3691 μεῖζον
2947 3619 3254 3683 ἀπολαϐὼν,
3289 3618 3459 3680 οὐδὲν,
3496 3618 3571 3680 ὠς
3602 3619 3683 3669 εί-

2097 3719 2212 3782 κδς,
2245 3715 2566 3771 διακωλύσει
2599 3713 2692 3766 καὶ
2723 3711 2784 3764 τὸ
2825 3712 3070 3783 ἐκατέρῳ
3103 3710 3304 3781 κυρίως
3341 3710 3543 3778 προσὸν
3579 3726 3681 3780 με-

2095 3810 2372 3864 ταϐαίνειν
2417 3809 2508 3859 ἐπί
2540 3805 2630 3858 τὸν
2673 3804 2892 3874 ἕτερον·
2931 3805 3006 3868 ὡς
3033 3804 3270 3857 νοεῖσθαι
3302 3801 3423 3872 μὲν,
3468 3803 3681 3858 ἄνωθέν

2094 3919 2152 3954 τε
2185 3901 2276 3952 καὶ
2309 3898 2493 3950 ἐπάνω
2535 3896 2752 3949 πάντων
2782 3895 2873 3948 τὸν
2905 3895 3060 3963 ἅγιον
3100 3894 3429 3966 Βαπτιστῆν,
3473 3895 3583 3948 ἀπὸ
3621 3894 3679 3948 δὲ

2094 3992 2194 4058 τῆς
2235 3989 2340 4057 γῆς
2380 3987 2469 4039 τὸν
2502 3986 2725 4056 Κύριον.
2785 3984 2947 4038 Ἀλλά
2990 3985 3148 4039 τοῦτο
3190 3987 3409 4040 ἄτοπον.
3470 3987 3530 4038 ’0
3578 3985 3678 4054 μὲν

2094 4081 2222 4150 γὰρ,
2265 4080 2339 4142 ὡς
2370 4081 2512 4132 κατὰ
2543 4078 2705 4147 φύσιν
2750 4078 3012 4148 ὑπάρχων
3045 4077 3196 4140 Θεὸς,
3233 4079 3417 4132 ἐπάνω
3461 4079 3678 4132 πάντων

2095 4169 2241 4222 ἐστίν
2263 4181 2276 4194 ·
2305 4169 2332 4220 6
2359 4168 2414 4220 δὲ
2443 4168 2540 4238 τῆς
2577 4169 2726 4221 κάτω
2768 4169 2862 4220 καὶ
2907 4169 3269 4238 ὑποκειμένης
3302 4169 3378 4238 τῷ
3408 4169 3526 4240 Θεῷ
3559 4173 3677 4224 κτί-

2096 4277 2233 4322 σεως
2283 4257 2608 4326 ἐκπεφυκὼς
2645 4261 2709 4311 ἐκ
2741 4259 2840 4329 τῆς
2873 4259 2978 4328 γῆς
3021 4260 3187 4312 ἐστιν.
3243 4260 3358 4312 Ούκ
3395 4263 3506 4325 [σος
3543 4262 3675 4332 ἄρα,

2099 4352 2296 4422 μᾶλλον
2327 4351 2384 4402 δέ
2431 4350 2784 4420 ἀσυγκρίτοις
2833 4351 3125 4422 ὑπεροχαῖς
3172 4355 3562 4422 παραχωρήσει
3614 4355 3679 4406 τὸ

2011 4452 2064 4513 D
2089 4446 2245 4515 νικᾷν
2280 4443 2357 4514 τῷ
2388 4441 2631 4513 Χριστῷ.
2669 4443 2792 4505 Πῶς
2833 4439 2925 4495 οὖν
2953 4441 3170 4496 ἔσεσθαί
3204 4459 3333 4496 ποτε
3367 4443 3676 4514 προσδοκη-

2098 4535 2324 4604 Θήσεται
2362 4533 2563 4605 μείζων
2592 4535 2620 4585 ὁ
2647 4533 2733 4586 ἀεὶ
2764 4531 3018 4585 τοσοῦτον
3049 4533 3442 4603 ὑπερκείμενος

2779 4645 2985 4700 ΑΛΛΟ.

2166 4759 2321 4814 Μετὰ
2361 4758 2460 4830 τὴν
2503 4760 2565 4812 ἐκ
2619 4759 2826 4828 νεκρῶν
2880 4757 3174 4812 ἀναϐίωσιν
3221 4760 3584 4824 ἀνακαινίζων
3616 4761 3680 4812 ἐν

2097 4852 2228 4922 ἡμῖν
2250 4851 2278 4901 6
2303 4849 2494 4920 Σωτὴρ
2522 4847 2619 4919 τὴν
2646 4848 3010 4917 ἀρχαιοτάτην
3036 4847 3128 4901 τοῦ
3159 4849 3298 4903 Πνεύ
3307 4867 3474 4920 ματος
3495 4850 3675 4921 χάριν,

2099 4939 2400 5010 ἐνεφύσησε
2434 4941 2543 5004 τοῖς
2582 4939 2854 5008 μαθηταῖς
2902 4939 3109 5008 λέγων·
3155 4959 3176 4994 ι
3213 4942 3418 4995 Λάϐετε
3452 4941 3678 5012 Πνεῦμα

2096 5035 2272 5102 ἅγιον.
2313 5052 2332 5084 ι
2370 5032 2478 5086 Καὶ
2519 5031 2680 5085 πάλιν
2715 5030 2878 5095 αὐτὸς
2913 5034 3016 5086 πού
3057 5051 3188 5105 φησι
3222 5036 3348 5106 περὶ
3381 5035 3474 5088 τοῦ
3507 5036 3682 5088 Ilvati-

2102 5142 2302 5198 ματοςο
2341 5145 2359 5176 ι
2402 5125 2523 5178 Ὅτι
2558 5126 2622 5178 ἐκ
2653 5123 2744 5177 τοῦ
2789 5123 2923 5196 ἐμοῦ
2969 5125 3256 5196 λαμϐάνει.
3312 5147 3330 5178 ι
3391 5127 3551 5180 ’Λλλά
3583 5130 3681 5181 καὶ

2100 5220 2323 5290 Πνεῦμα
2369 5218 2606 5289 Χριστοῦ
2645 5218 2706 5271 τὸ
2755 5219 2908 5286 ἅγιον
2947 5219 3171 5289 Πνεῦμα
3228 5219 3474 5273 καλεῖται
3526 5223 3685 5290 παρὰ

2098 5314 2216 5373 ταῖς
2243 5311 2414 5372 θείαις
2456 5311 2716 5380 Γραφαῖς,
2758 5311 2899 5364 κατά
2945 5311 3006 5362 τὸ
3031 5313 3089 5364 ἐν
3130 5313 3250 5374 ταῖς
3286 5312 3528 5381 Πράξεσι
3570 5313 3683 5366 τῶν

2098 5403 2410 5456 ἀποστόλων
2437 5403 2686 5472 κείμενον
2712 5417 2724 5429 ·
2761 5421 2777 5453 ι
2811 5401 3118 5466 Διελθόντες
3138 5402 3194 5455 δέ
3231 5402 3420 5456 Ἀσίαν
3459 5403 3553 5457 καὶ
3580 5402 3682 5473 τὴν

2099 5495 2401 5564 Γαλατικὴν
2429 5493 2631 5563 χώραν,
2658 5494 2946 5562 ἐπείραζον
2985 5497 3065 5557 είς
3101 5493 3200 5565 τὴν
3228 5493 3481 5547 Βιθυνίαν
3503 5494 3679 5547 ἀπελ-

2525 5647 2567 5674 ⁸⁸
2596 5643 2749 5699 Joau.
2785 5661 2872 5712 xx,
2905 5646 2995 5700 ‘22.
3113 5649 3153 5679 ⁸⁷
3184 5646 3339 5707 Joan.
3371 5663 3484 5715 xw,
3516 5647 3601 5703 Η.
