4110 6212
340 322 448 377 165
1752 314 2195 364 ἰλιιιιδιιυιιυδ
3493 324 3601 378 εδδ

336 442 471 502 θεῖν,
511 440 609 493 καὶ
640 439 741 492 οὐκ
786 438 965 492 εῐασεν
1012 438 1212 501 αὐτοὺς
1260 436 1321 490 τὸ
1364 434 1588 506 Πνεῦμα
1638 430 1835 503 Ἰησοῦ.
1894 449 1895 479 :

2025 428 2081 483 Si
2112 443 2244 499 ergo
2268 428 2517 487 Christus
2538 441 2597 488 ut
2633 432 2929 504 aliquando
2953 438 3169 494 iuturus
3189 439 3362 508 major
3382 439 3598 501 Joanne

335 530 513 599 Εἴπερ
547 523 641 581 οὖν
677 527 756 593 ὡς
795 526 1056 596 ἐσόμενος
1087 542 1215 579 ποτε
1251 524 1452 595 μείζων
1498 523 1745 577 Ἰωάννου
1775 521 1895 591 Χρι¹

2022 517 2249 588 aequalis
2276 520 2486 577 interea
2513 525 2562 577 ei
2590 523 2719 592 fuit,
2762 526 3032 584 instauret
3067 530 3232 585 etiam
3265 530 3503 589 Joannes
3541 536 3595 590 iu

337 620 482 684 πὸς,
521 621 580 673 ἐν
614 618 821 689 ἰσότητι
862 618 1003 680 τέως
1033 619 1100 687 τῇ
1149 616 1285 687 πρὸς
1332 614 1495 668 αὑτὸν
1536 612 1890 684 εὑρεθήσεται

2022 608 2181 664 nobis
2210 611 2443 680 gratiam
2478 612 2735 683 Spiritus,
2780 618 3053 689 ducatque
3080 621 3247 675 etiam
3303 623 3419 693 ipse
3469 640 3594 691 nos,

330 710 645 767 ἀνανεούτω
672 710 926 771 κάκεῖνος
952 709 1013 762 ὲν
1042 708 1173 778 ήμίν
1203 705 1301 777 τήν
1344 703 1440 757 τοῦ
1477 703 1791 772 Πνεύματος
1818 700 1895 769 χά·

2023 708 2081 754 ut
2112 698 2245 755 fecit
2270 701 2548 770 Christus;
2572 707 2783 762 dicatur
2810 710 3053 779 egipsius
3083 726 3205 769 esse
3235 712 3476 783 Spiritus
3498 716 3592 772 Dei

333 817 440 871 ριν,
470 800 568 854 καὶ
597 798 902 870 χορηγείτω
920 797 1014 850 καὶ
1042 795 1224 859 αὐτὸς,
1245 793 1436 863 ὥσπερ
1463 786 1556 846 οῦν
1586 790 1758 844 ἐποίει
1786 790 1895 862 Χρι·

2020 804 2084 845 ac
2113 791 2292 848 Patris
2326 812 2342 850 :
2376 795 2576 851 clamet
2625 799 2788 853 etiam
2842 801 2960 870 ipse
2990 807 3057 859 de
3086 802 3291 875 Spiritu
3336 823 3353 865 :
3401 825 3421 861 ι
3454 806 3591 875 Quia

332 889 479 954 σοὺς,
514 887 759 957 λεγέσθω
782 886 840 938 δὲ
868 886 963 939 καὶ
993 883 1157 938 αὐτοῦ
1193 881 1418 952 Πνεῦμα
1457 879 1523 933 τὸ
1565 881 1623 933 ὲν
1658 878 1777 948 Θεῷ
1818 877 1895 930 κα¹

2016 881 2085 936 de
2111 897 2235 939 meo
2266 883 2517 953 accipiet.
2554 904 2573 938 ι
2593 886 2865 945 Caeterum
2892 892 2996 947 hoc
3011 894 3094 949 vel
3122 894 3233 951 sola
3259 895 3591 965 cogitatione

332 978 532 1050 Πατρὶ,
566 977 746 1047 βοάτω
766 976 861 1030 καὶ
880 974 1044 1038 αὐτὸς
1070 972 1201 1044 περὶ
1218 971 1320 1059 τοῦ
1350 969 1700 1059 Ιξνεύματοςμ·
1734 984 1751 1017 ι
1790 966 1895 1059 "De

2016 972 2242 1042 impium
2276 983 2381 1028 cst.
2406 974 2523 1030 Non
2553 988 2637 1032 est
2671 979 2837 1050 igitur
2881 983 3107 1051 aequalis
3135 984 3378 1052 Christo,
3412 1003 3591 1059 neque

332 1069 397 1120 ἐκ
421 1065 523 1120 τοῦ
569 1063 704 1135 ἐμοῦ
734 1060 1023 1133 λαμὸάνει.
1061 1078 1079 1109 ι
1122 1058 1285 1112 ’Λλλά
1313 1056 1472 1111 τοῦτο
1501 1056 1595 1110 καὶ
1627 1055 1784 1126 μόνον
1822 1054 1911 1106 ὲν-

2017 1061 2069 1117 in
2096 1060 2280 1117 futuro
2307 1064 2510 1119 saeculo
2547 1066 2761 1123 desinet
2795 1084 2919 1125 esse
2963 1070 3159 1140 major,
3201 1087 3325 1128 cum
3377 1090 3591 1147 semper

330 1159 497 1221 νοεῖν,
532 1154 750 1219 ἀσεϐές.
786 1153 901 1208 Οὐκ
935 1151 1043 1222 ἀρα
1075 1149 1190 1213 ἴσος
1235 1149 1354 1202 ἐστὶ
1391 1148 1471 1219 τῷ
1484 1144 1772 1249 ’Χριστῷζ
1790 1143 1895 1197 οὐδὲ

2012 1151 2194 1209 minor
2222 1152 2409 1222 fuerit,
2435 1164 2697 1227 tantoque
2723 1158 2971 1229 inferior,
2995 1170 3055 1219 ut
3080 1164 3243 1222 homo
3272 1163 3407 1249 Dgo.

329 1248 431 1319 ὀψὲ
477 1245 873 1317 παραχωρήσει
903 1242 965 1295 τὸ
1005 1241 1207 1312 μεῖζον,
1251 1239 1340 1293 ἀεὶ
1388 1239 1451 1292 τὸ
1482 1237 1704 1293 ἔλαττον
1747 1234 1910 1306 ἔχων,

332 1338 430 1392 καὶ
448 1335 707 1392 τοσοῦτον
734 1333 1069 1407 ἡττώμενος,
1101 1333 1226 1386 ὅσον
1257 1329 1544 1401 ἄνθρωπος
1571 1326 1732 1382 Θεοῦ.

978 1418 983 1423 δ
1017 1445 1239 1501 AAAO.'

403 1562 539 1616 Θεὸν
574 1562 700 1615 ὄντα
730 1559 871 1614 κατά
898 1560 1057 1629 φύσιν
1093 1554 1447 1610 ἐπιδεικνύων
1475 1554 1669 1610 ἑαυτὸν
1692 1555 1722 1608 ό
1754 1553 1905 1620 Υίδς,

2671 1434 2900 1491 ALIUD.

2076 1543 2251 1601 Filius
2285 1547 2453 1602 Deum
2496 1561 2555 1604 se
2606 1550 2932 1605 naturaliter
2970 1563 3091 1605 esse
3130 1552 3446 1621 ostendens,
3488 1570 3586 1626 op-

330 1650 748 1708 ἀντιδιαστέλλει
779 1653 845 1721 τῇ
874 1650 1071 1713 κτίσει,
1098 1646 1194 1700 καί
1225 1663 1392 1718 φησιν
1415 1662 1430 1677 ο
1468 1665 1486 1699 ι
1537 1643 1678 1715 Ἐγὼ
1706 1646 1772 1699 ὲκ
1796 1642 1895 1700 τῶν

2005 1638 2156 1705 ponit
2177 1652 2238 1693 se
2259 1648 2524 1694 creatura:
2552 1639 2738 1696 dicens
2765 1640 2935 1711 :«Ego
2951 1654 3020 1695 ex
3048 1643 3301 1713 supernis
3323 1660 3463 1712 sum,
3487 1663 3585 1703 vos

328 1745 441 1797 ἀνω
468 1742 607 1813 εἰμὶ,
638 1742 797 1812 ὑμεῖς
822 1741 885 1792 ὲκ
910 1737 1017 1792 τῶν
1046 1736 1197 1790 κάτω
1224 1736 1369 1792 ἐστέ.
1406 1754 1425 1788 ι
1465 1735 1673 1789 Οὐκοῦν
1699 1735 1895 1805 λεγέτω

2002 1743 2069 1785 ex
2096 1730 2322 1786 infernis
2348 1732 2481 1788 estis
2506 1731 2573 1785 δ’.
2607 1749 2626 1784 ι
2654 1733 2990 1805 Dicatigitur
3006 1736 3170 1789 etiam
3207 1737 3311 1791 hoc
3338 1736 3578 1795 Joannes

328 1833 486 1887 τοῦτο
511 1832 604 1886 καὶ
629 1834 660 1884 ὀ
688 1829 955 1901 μακάριος
980 1826 1310 1897 Βαπτιστὴς,
1342 1825 1418 1890 ὡς
1445 1824 1596 1879 οὔπω
1620 1826 1680 1878 τὸ
1701 1826 1760 1878 ὲν
1783 1825 1902 1895 μεί-

329 1925 477 1989 ζοσιν
503 1917 642 1975 εἶναι
668 1917 1012 1991 παραχωρῶν
1030 1916 1109 1987 τῷ
1129 1915 1368 1988 Χριστῷ,
1395 1916 1553 1987 εῐπερ
1572 1916 1722 1970 ἔσται
1742 1914 1900 1970 τοῦτό

328 2029 481 2075 me,
528 2008 673 2063 κατά
701 2009 801 2079 τήν
829 2023 992 2060 τινων
1022 2006 1299 2059 ὑπόνοιαν.
1358 2005 1521 2059 Ἀλλά
1556 2004 1663 2076 μὴν
1685 2005 1750 2059 ἐκ
1790 2005 1893 2075 τῆς

326 2104 434 2173 γῆς
466 2098 606 2155 εἷναί
632 2117 797 2172 φησιν
826 2097 1041 2164 ἑαυτὸν,
1072 2097 1253 2151 καὶτὸ
1284 2098 1480 2151 οίκεῖον
1517 2098 1618 2151 οὐκ
1662 2098 1899 2168 ἠγνόησε

329 2194 549 2265 μέτρον.
584 2193 799 2259 Μείζων
845 2194 955 2264 ἄρα
1008 2194 1262 2265 Χριστὸς,
1303 2193 1404 2247 οὐκ
1445 2193 1701 2263 ἐσόμενος
1744 2192 1901 2246 τοῦτο

328 2284 478 2352 ποτὲ,
524 2284 639 2338 ἀλλ’
671 2284 809 2356 ἔχων
857 2285 947 2337 ἀεὶ
990 2285 1055 2338 τὸ
1104 2284 1268 2338 πλέον
1315 2284 1391 2347 ὡς
1437 2283 1569 2348 Θεὸς
1612 2286 1677 2339 ὲκ
1723 2283 1860 2338 Θεοῦ
1881 2298 1897 2314 ·

325 2373 479 2427 τοῦτο
511 2374 618 2445 γὰρ
648 2374 905 2443 σημαίνει
934 2373 1016 2441 τὺ,
1057 2392 1076 2425 ι
1121 2375 1215 2428 Ἐκ
1254 2374 1363 2429 τῶν
1392 2374 1503 2428 ἄνω
1531 2374 1666 2443 εἰμί.
1714 2392 1736 2426 ι

1007 2484 1214 2539 ΑΔΛΟ.

403 2595 461 2647 '0
520 2593 789 2665 μακάριος
848 2594 1243 2666 εὖαγγελιστὴς
1316 2596 1568 2667 Ἰωάννης
1620 2596 1680 2651 τὸ
1737 2596 1896 2668 φύσει

325 2685 523 2757 προσὸν
557 2686 777 2756 ἀξίωμα
822 2684 901 2757 τῷ
939 2684 1060 2756 Υιῷ
1095 2685 1464 2758 διερμηνεύων
1500 2687 1760 2759 ἀκριϐῶς,
1799 2690 1896 2743 καὶ

320 2777 383 2829 τὸ
432 2777 677 2831 Ἰωάννου
714 2778 913 2849 μέτρον
944 2778 1019 2843 ὡς
1058 2779 1267 2833 οἰκέτου
1297 2780 1522 2851 γνησίου
1550 2781 1892 2853 παρατιθεὶς,

318 2866 458 2920 οὕτω
496 2868 697 2938 φησίν·
764 2886 784 2919 ι
856 2868 1104 2936 Ἐγένετο
1155 2868 1439 2940 ἄνθρωπος
1487 2871 1895 2943 ἀπεσταλμένος

319 2958 468 3031 παρὰ
503 2958 663 3027 Θεοῦ,
700 2958 872 3031 ὄνομα
905 2960 1057 3032 αὐτῷ
1107 2959 1389 3033 Ἰωάννηςσ
1433 2955 1584 3027 οὗτος
1618 2958 1780 3035 ἦλθεν
1814 2964 1895 3026 είς

322 3050 647 3120 μαρτυρίαν,
682 3053 768 3105 ⁴ίνα
809 3053 1137 3123 μαρτυρήσῃ
1168 3053 1296 3123 περὶ
1331 3053 1427 3106 τοῦ
1458 3055 1650 3122 φωτός.
1692 3048 1801 3107 Ἦν
1831 3054 1893 3108 τὸ

323 3106 443 3209 φῶς
481 3106 543 3193 ἑδ
582 3106 845 3212 ἀληθινὸν,
946 3106 1167 3212 eam}.
1209 3106 1385 3198 πάντα
1416 3106 1699 3215 ἄνθρωπον
1733 3106 1891 3216 ὲρχόξ
1918 3106 1962 3167 c

330 3249 495 3303 μενον
522 3234 602 3295 εῑς
634 3233 721 3287 τὸν
759 3236 979 3306 κόσμον.
1026 3256 1045 3288 ι
1085 3238 1184 3289 Ποῖ
1212 3253 1341 3290 ποτε
1370 3232 1462 3289 οῦν
1495 3236 1601 3308 ἄρα
1629 3238 1894 3309 προκόψει

326 3320 569 3391 Χριστὸς
610 3324 718 3384 τοῖς
766 3324 1004 3379 Ἰωάννου
1039 3326 1462 3397 συγκρινόμενος
1514 3326 1766 3398 μέτροις;
1821 3328 1894 3383 Ἦ

324 3410 449 3473 πῶς
477 3411 539 3463 οὐ
571 3412 754 3481 μεῖζον
789 3413 876 3466 ἀεὶ
900 3414 958 3467 τὸ
990 3415 1245 3487 φωτίζειν
1278 3416 1417 3480 είδὸς
1450 3416 1543 3469 καὶ
1574 3417 1891 3489 δυνάμενον,

316 3502 419 3555 τοῦ
457 3502 717 3574 δεομένου
748 3504 1085 3574 φωτίζεσθαι,
1122 3507 1217 3562 καὶ
1248 3507 1347 3579 τῆς
1376 3508 1484 3562 ἀπὸ
1515 3509 1609 3563 τοῦ
1638 3510 1892 3583 λαμπρύ-

314 3611 502 3658 νοντος
542 3594 838 3666 χρῄζοντος
874 3600 1173 3670 χορηγίας;
1212 3598 1337 3663 Πῶς
1364 3599 1423 3653 δὲ
1465 3599 1587 3671 οὐχὶ
1614 3600 1835 3665 πάντως
1864 3604 1894 3657 ὁ

315 3685 453 3754 πρὸς
482 3686 655 3757 μόνην
695 3688 1003 3760 μαρτυρίαν
1041 3690 1417 3760 παραληφθεὶς
1446 3690 1543 3744 καὶ
1570 3689 1727 3745 τοῦτο
1740 3675 1891 3763 ἷχων

314 3775 556 3845 ἀξίωμα,
588 3780 981 3849 παραχωρήσει
1018 3781 1079 3833 τὸ
1118 3780 1301 3852 μεῖζον
1332 3782 1419 3836 ἀεὶ
1455 3781 1531 3853 τῷ
1559 3783 1626 3837 δι’
1655 3783 1713 3836 ὃν
1746 3785 1892 3838 ἐστιν

314 3864 596 3936 ἐξαίρετος
615 3884 631 3932 ;

1004 4072 1209 4125 ΔΛΛΟ.

404 4176 823 4249 ’Δναλεγόμενός
850 4197 983 4234 ποτε
1005 4183 1116 4244 τοῖς
1152 4181 1425 4246 Ἰουδαίοις
1463 4182 1662 4253 ἔφησεν
1697 4186 1727 4239 ό
1759 4186 1893 4258 Χρι-

314 4268 473 4331 ιιντός⁸
511 4287 531 4320 ι
585 4270 771 4339 Ὑμεῖς
795 4270 1172 4325 ἀπεστάλκατε
1194 4271 1331 4341 πρὸς
1372 4272 1644 4343 Ἰωάννην,
1680 4274 1775 4327 καὶ
1797 4292 1892 4345 με-

2004 1821 2263 1893 Baptista,
2292 1832 2351 1878 ut
2372 1822 2466 1892 qui
2493 1824 2732 1879 nondum
2754 1823 3148 1895 majoritatem,
3177 1836 3236 1882 ut
3270 1827 3347 1883 ita
3378 1830 3580 1899 dicam,

1998 1912 2113 1969 sive
2142 1913 2516 1970 excellentiam
2550 1929 2702 1971 suam
2730 1915 2947 1972 Christo
2973 1917 3204 1973 cesserit
3235 1960 3252 1987 ,
3312 1934 3571 1976 cessurus

1998 2019 2119 2061 eam
2150 2005 2203 2059 in
2234 2004 2419 2060 futuro
2451 2007 2678 2071 saeculo,
2702 2015 2762 2062 ut
2792 2008 3042 2063 nonnulli
3069 2010 3384 2079 opinantur.
3417 2011 3581 2081 Atqui

2000 2097 2116 2167 ipse
2139 2111 2198 2153 se
2231 2107 2507 2153 terrenum
2546 2112 2669 2154 esse
2699 2099 2796 2164 ait,
2828 2113 3006 2168 neque
3029 2115 3186 2155 suam
3209 2102 3579 2157 conditionem

2000 2187 2231 2259 ignorat.
2268 2187 2439 2259 Major
2465 2190 2648 2259 itaque
2672 2198 2754 2245 est
2783 2190 3057 2257 Christus,
3082 2206 3190 2246 non
3228 2192 3281 2247 id
3312 2193 3570 2264 aliquan-

1998 2278 2069 2334 do
2098 2279 2340 2347 futurus,
2371 2283 2464 2336 sed
2499 2295 2716 2350 semper
2747 2280 3018 2351 superior,
3054 2290 3114 2336 ut
3143 2283 3285 2339 Deus
3315 2299 3383 2339 ex
3420 2286 3531 2340 Deo
3556 2301 3572 2336 :

2000 2371 2105 2427 hoc
2129 2371 2276 2427 enim
2308 2372 2588 2443 signiﬁcat
2617 2374 2772 2441 illud,
2804 2376 2825 2425 ὅ
2860 2372 2973 2444 Ego
3001 2387 3069 2429 ex
3092 2377 3345 2444 supernis
3369 2391 3513 2433 sum.
3548 2395 3571 2431 ι

2671 2484 2902 2542 ALIUD.

2069 2598 2268 2655 Beatus
2346 2599 2679 2671 evangelista
2762 2600 3001 2659 Joannes
3074 2601 3394 2672 dignitatem
3455 2616 3577 2673 quae

1996 2689 2135 2745 Filio
2168 2690 2488 2745 naturaliter
2516 2693 2674 2757 inest,
2727 2702 2917 2762 aperte
2950 2691 3250 2761 explicans,
3304 2691 3464 2762 100
3517 2701 3574 2745 et

2003 2781 2231 2838 Joannis
2259 2782 2623 2837 conditionem
2650 2791 2709 2838 ut
2734 2784 2883 2840 servi
2907 2783 3081 2838 ﬁdelis
3117 2784 3457 2849 describens,
3499 2786 3575 2839 ita

1996 2873 2111 2928 ait:
2153 2892 2171 2925 ι
2208 2871 2340 2926 Erat
2387 2873 2550 2928 homo
2592 2874 2791 2929 missus
2832 2888 2864 2929 a
2896 2874 3028 2939 Deo,
3077 2874 3165 2929 cui
3216 2887 3411 2929 nomen
3457 2886 3578 2931 erat

1994 2959 2238 3018 Joannes
2274 2961 2409 3017 :hic
2438 2963 2585 3017 venit
2639 2962 2695 3017 in
2756 2964 3169 3029 testimonium,
3221 2971 3280 3017 ut
3334 2963 3577 3017 testimo-

1995 3051 2142 3107 nium
2172 3051 2481 3122 perhiberet
2506 3052 2575 3108 de
2602 3050 2827 3115 lumine,
2854 3058 2913 3102 ut
2936 3063 3128 3106 omnes
3150 3049 3440 3103 crederent
3471 3063 3568 3118 per

1996 3143 2194 3215 ipsum.
2239 3145 2369 3199 Erat
2394 3146 2484 3200 lux
2510 3159 2639 3200 vera
2670 3158 2790 3212 quae
2820 3141 3087 3197 illuminat
3129 3156 3347 3197 omnem
3394 3140 3575 3197 homi-

1996 3250 2118 3291 nem
2155 3237 2457 3292 venientem
2500 3235 2555 3290 in
2600 3234 2742 3290 hunc
2789 3234 3052 3289 mundum
3100 3234 3170 3288 ⁸ο.
3215 3253 3234 3287 ι
3266 3232 3383 3300 Quo
3415 3243 3577 3304 pacto

1995 3325 2160 3394 igitur
2191 3326 2604 3395 promovebitur
2650 3324 2901 3381 Christus
2934 3321 3131 3378 Joanni
3174 3333 3523 3393 comparatus
3552 3325 3579 3376 ?

1993 3417 2102 3472 Aut
2132 3420 2400 3487 quomodo
2459 3432 2568 3473 non
2623 3430 2840 3487 semper
2898 3415 3073 3485 major
3112 3415 3575 3485 praestautiorque

1995 3512 2104 3567 erit
2142 3511 2235 3581 qui
2279 3513 2585 3568 illuminare
2626 3512 2775 3566 novit
2821 3520 2876 3565 et
2919 3518 3099 3580 potest
3140 3523 3205 3564 eo
3247 3509 3339 3579 qui
3372 3508 3573 3563 illumi-

1996 3604 2219 3659 natione
2248 3604 2498 3675 indiget?
2526 3603 2804 3670 Quomodo
2850 3617 2980 3657 vero
3010 3616 3117 3656 non
3153 3602 3373 3658 omnino
3401 3601 3447 3657 is
3475 3602 3569 3671 qui

1995 3692 2169 3749 solum
2207 3694 2273 3748 ad
2331 3693 2710 3749 testimonium
2762 3692 3157 3762 perhibendum
3194 3701 3438 3761 sumptus
3467 3702 3571 3753 est,

1994 3798 2169 3853 eaque
2223 3784 2339 3838 sola
2386 3784 2647 3853 dignitate
2706 3799 2771 3838 ac
2813 3796 3040 3836 munere
3088 3781 3359 3853 fungitur,
3414 3783 3575 3836 cedat

1993 3892 2149 3932 suam
2205 3873 2581 3929 excellentiam
2641 3873 2755 3927 sive
2822 3872 3183 3940 majoritatem
3236 3872 3307 3926 illi
3353 3883 3575 3941 propter

1994 3981 2156 4038 quem
2199 3966 2407 4022 electus
2437 3964 2557 4018 est?

2665 4072 2897 4133 ALIUD.

2063 4186 2313 4244 Christus
2337 4198 2459 4241 cum
2516 4182 2719 4239 Judaeis
2769 4184 3083 4248 disserens,
3131 4181 3205 4237 ita
3257 4179 3459 4236 alicubi
3491 4178 3571 4234 in-

1990 4278 2147 4348 quit:
2179 4294 2198 4328 ι
2233 4274 2346 4330 Vos
2395 4273 2623 4329 misistis
2653 4273 2719 4327 ad
2767 4271 3051 4337 Joannem,
3100 4280 3156 4328 et
3192 4270 3282 4326 ille
3322 4271 3575 4327 testimo-

316 4360 640 4432 μαρτύρηκε
672 4363 739 4431 τῇ
772 4360 1020 4431 ἀληθεία.
1074 4360 1214 4430 Ἐγὼ
1238 4361 1295 4414 δὲ
1333 4361 1394 4415 οὗ
1428 4363 1578 4433 παρά
1602 4363 1889 4435 ἀνθρώπου

1996 4372 2141 4425 nium
2172 4367 2450 4437 perhibuit
2485 4364 2724 4419 veritati.
2751 4362 2866 4433 Ego
2889 4373 3071 4419 autem
3104 4378 3210 4419 non
3246 4363 3315 4419 ab
3344 4362 3567 4420 homine

311 4450 415 4521 τὴν
435 4451 743 4522 μαρτυρίαν
774 4450 1058 4521 λαμϐάνω.
1102 4470 1122 4505 ι
1168 4451 1307 4504 Ἀλλ’
1334 4452 1492 4523 εἴπερ
1524 4454 1640 4507 ἐστὶ
1671 4434 1764 4508 καὶ
1790 4456 1891 4526 τῆς

1999 4434 2368 4515 testimonium
2395 4455 2607 4526 accipio
2626 4455 2695 4509 “.
2720 4472 2739 4506 ι
2762 4454 2925 4524 Atqui
2948 4453 3322 4524 si,testimonio
3341 4453 3568 4510 Joannis

329 4542 574 4597 Ἰωάννου
640 4540 950 4612 μαρτυρίας
996 4542 1259 4611 κρείττων
1307 4544 1336 4596 ὁ
1384 4542 1595 4614 Σωτὴρ,
1634 4545 1735 4598 οὐκ
1779 4544 1889 4616 ἄρα

316 4631 449 4696 ἶσος,
476 4631 615 4685 ἀλλά
641 4632 842 4702 μείζων
859 4632 948 4686 ἀεὶ
972 4633 1065 4686 καὶ
1083 4632 1521 4705 ἀξιολογώτερος.
1555 4636 1615 4686 ὐ
1639 4635 1696 4689 δὲ
1716 4636 1889 4701 οὕτως

312 4722 454 4791 ιχων
490 4724 583 4774 ποῖ
620 4738 749 4775 ποτε
804 4723 913 4793 ἄρα
957 4722 1312 4794 προσήσεται,
1347 4724 1380 4793 ἢ
1422 4724 1559 4793 πρὸς
1608 4726 1760 4778 ποῖον
1804 4725 1886 4781 ἔτι

313 4810 499 4881 μεῖζον
524 4812 859 4883 ἀναϐήσεται
882 4831 897 4876 ;

997 4924 1202 4978 ΑΛΔΟ.

395 5032 453 5085 ’0
504 5035 774 5105 μακάριος
820 5034 1093 5103 Ζαχαρίας
1137 5034 1166 5086 ὁ
1204 5031 1301 5086 τοῦ
1349 5032 1505 5102 ἁγίου
1550 5034 1883 5103 Βαπτιστοῦ,

305 5126 449 5177 κατὰ
483 5125 665 5197 σάρκα
716 5124 919 5196 πατὴρ,
948 5125 1037 5177 ὅτε
1083 5125 1181 5195 τὴν
1220 5124 1362 5197 ὑπὲρ
1402 5123 1567 5179 αὐτοῦ
1610 5126 1885 5197 προσῆγεν

304 5216 662 5289 εὐχαριστίαν
715 5219 834 5280 ταῖς
895 5220 960 5270 ὲκ
1031 5215 1365 5288 προφητείας
1431 5216 1887 5288 ἀναμεμιγμένην

302 5311 539 5379 φωναῖς,
568 5307 982 5378 ἀπεφθέγγετο·
1013 5327 1030 5360 ι
1067 5308 1181 5363 Καὶ
1221 5308 1308 5376 σὺ,
1338 5307 1571 5373 παιδίον,
1602 5309 1888 5380 προφήτης

307 5400 532 5469 ὑψίστου
574 5399 860 5473 κληθήσῃσ
910 5399 1261 5473 προπορεύσῃ
1300 5398 1409 5471 γὰρ
1455 5399 1562 5473 πρὸ
1592 5400 1885 5472 προσώπου

304 5491 515 5560 Κυρίου
563 5491 853 5561 ἑτοιμάσαι
899 5490 1045 5562 αὐτῷ
1091 5491 1218 5546 λαὸν
1277 5489 1802 5560 κατεσκευασμένον.
1861 5507 1880 5541 ι

1992 4547 2243 4618 superior
2269 4556 2354 4602 est
2379 4545 2661 4609 Senator,
2692 4557 2797 4599 non
2820 4542 2989 4613 igitur
3010 4542 3260 4612 aequalis,
3277 4542 3373 4598 sed
3390 4544 3567 4611 major

1991 4653 2207 4709 semper
2225 4647 2282 4692 et
2303 4637 2536 4706 dignior.
2566 4634 2666 4702 Qui
2698 4649 2827 4690 vero
2859 4634 2934 4689 ita
2972 4648 3032 4687 se
3056 4631 3243 4699 habet,
3269 4646 3380 4701 quo
3404 4642 3571 4701 pacto

1988 4728 2420 4800 promovebitur,
2442 4735 2536 4781 aut
2560 4727 2629 4781 ad
2655 4725 2819 4795 quale
2853 4725 3029 4795 majus
3054 4722 3358 4780 ereheturl

2670 4915 2902 4974 ALIUD.

2061 5037 2261 5093 Beatus
2309 5030 2602 5089 Zacharias
2628 5071 2644 5098 ,
2700 5029 2876 5087 sancti
2942 5027 3197 5098 Baptistae
3256 5026 3555 5082 secundum

1993 5142 2211 5184 carnem
2246 5133 2420 5197 pater,
2450 5137 2573 5178 cum
2596 5122 2895 5193 gratiarum
2940 5118 3204 5173 actionem
3230 5131 3329 5185 pro
3370 5131 3437 5172 eo
3479 5115 3562 5168 or-

1999 5219 2192 5281 ferret,
2248 5214 2511 5286 ejusmodi
2540 5227 2726 5269 vocem
2762 5210 3076 5282 prophetico
3104 5208 3298 5277 spiritu
3347 5208 3561 5277 plenam

1992 5311 2161 5367 edidit
2194 5326 2209 5364 :
2246 5327 2266 5360 ι
2299 5308 2364 5363 Et
2392 5317 2470 5371 tu,
2492 5321 2646 5375 puer,
2672 5302 2932 5374 propheta
2948 5299 3211 5355 Altissimi
3238 5298 3561 5353 vocaberis:

1994 5398 2210 5470 praeibis
2238 5398 2382 5453 enim
2421 5406 2547 5450 ante
2580 5395 2775 5450 faciem
2827 5388 3040 5447 Domini
3076 5388 3144 5444 ad
3180 5388 3480 5457 parandum
3512 5388 3561 5441 ei

1994 5490 2247 5561 populum
2280 5487 2692 5543 instructum".
2728 5505 2745 5538 ι
2791 5484 2909 5555 ipse
2954 5480 3119 5539 etiam
3163 5493 3193 5535 a
3235 5478 3434 5537 Judais
3476 5478 3575 5535 in--

379 5696 421 5727 ”
446 5694 607 5751 Joan.
638 5709 762 5758 vnt,
782 5693 872 5751 23.
947 5697 995 5729 '°
1017 5694 1173 5752 Joan.
1218 5712 1257 5760 ι,
1287 5697 1340 5748 6ο
1362 5696 1414 5752 9.
1490 5697 1532 5728 ⁸⁸
1562 5696 1718 5753 Joan.
1748 5710 1797 5761 ν,
1822 5694 1892 5749 35

1996 5696 2026 5749 ί.
2102 5695 2148 5725 ⁵⁸
2182 5693 2312 5750 Luc.
2348 5707 2387 5757 ι,
2416 5690 2502 5746 76.
