4110 6212
485 316 586 371 167

1518 312 1574 365 s.
1614 306 1893 364 CYBILLI
1934 276 2768 359 ALEXANnnINI'AucmEr.

3649 305 3748 360 168

487 440 791 502 terrogatus
818 431 1069 500 quisnam
1100 439 1243 485 esset
1270 447 1282 482 :
1330 447 1349 481 ι
1402 428 1535 501 Ego,
1567 429 1763 497 inquit.
1796 441 1914 481 sum
1958 440 2057 478 vox

2175 426 2271 477 Kal.
2305 424 2467 487 αὐτὸς
2501 423 2559 477 δέ
2599 441 2705 478 που
2732 420 2882 493 παρά
2908 421 3018 475 τῶν
3062 422 3330 477 Ἰουδαίων
3362 421 3425 475 τὸ
3457 423 3539 487 τίς
3568 423 3634 477 ἂν
3662 428 3749 497 εἴη

483 525 766 581 clamantis
794 524 845 577 in
871 523 1091 578 deserto
1120 540 1135 577 :
1175 523 1483 592 Praeparate
1510 520 1651 573 viam
1685 516 1904 571 Domini
1938 516 2007 570 ".
2041 534 2061 567 ι

488 616 657 671 Dicite
688 614 854 683 igitur
885 612 1040 667 nobis
1069 612 1161 680 qui
1187 611 1435 680 imperite
1466 606 1751 663 Christum
1777 606 2068 676 aliquando

489 706 918 774 promerendum
992 703 1335 773 opinamini,
1403 707 1460 754 et
1502 698 1749 753 Joannis"
1811 699 2066 752 virtutem

486 799 703 852 vixdum
734 798 784 850 in
828 796 1013 850 futuro
1038 794 1239 849 saeculo
1267 801 1670 861 superaturum,
1702 794 1918 860 quando
1941 805 2068 860 pro-

486 892 645 955 pheta
674 889 937 941 Altissimi
968 896 1073 940 non
1106 884 1309 938 merito
1335 883 1514 938 minor
1540 884 1753 939 censeri
1781 882 2070 937 delmerit?

485 980 713 1045 Quando
765 986 901 1030 vero
946 982 1123 1045 praeco
1184 983 1239 1027 et
1289 986 1594 1043 prmcursor
1620 1013 1635 1038 ,
1675 975 1881 1043 quique
1921 972 2065 1028 servi

486 1068 660 1123 nﬂicio
690 1068 949 1135 fungitur,
991 1064 1219 1132 aqualis
1241 1064 1511 1120 habeatur
1544 1065 1593 1120 ei
1617 1065 1711 1134 qui
1741 1063 2068 1118 naturaliter

492 1159 771 1223 Dominus,
803 1155 922 1211 est?
974 1153 1146 1222 Quam
1188 1156 1404 1225 quidem
1465 1170 1576 1211 rem
1629 1157 1887 1211 omnibus
1934 1156 2069 1210 satis

490 1248 758 1317 cognitam
788 1262 910 1301 esse
950 1246 1209 1300 arbitror.
1238 1247 1519 1312 Quomodo
1542 1246 1709 1314 igitur
1732 1247 1822 1316 qui
1854 1259 2069 1315 semper

492 1340 661 1407 major
696 1336 819 1402 fuit,
862 1346 1163 1406 temporum
1200 1337 1510 1390 evolutione
1549 1337 1668 1391 talis
1694 1337 1801 1403 ﬁet,
1843 1337 1887 1391 si
1913 1335 2070 1391 Chri-

490 1440 605 1483 stus
662 1437 918 1495 tanquam
977 1428 1193 1481 iuturus
1230 1427 1407 1496 major
1453 1425 1661 1485 Joanne
1708 1429 1947 1498 Baptista
1997 1430 2069 1484 ita

492 1521 566 1575 ait
621 1537 633 1572 :
695 1537 712 1570 ι
765 1517 938 1573 Minor
999 1518 1055 1572 in
1133 1532 1304 1588 regno
1362 1517 1622 1575 malorum
1704 1522 1880 1592 major
1952 1521 2070 1590 ipso

490 1609 597 1664 erit
630 1607 716 1661 ⁸δῖ
754 1628 772 1659 ι

2167 514 2605 586 διερωτώμενος·
2644 532 2663 564 ι
2713 511 2855 577 Ἐγὼ
2881 511 3033 582 φωνὴ
3068 511 3299 581 βοῶντος
3340 514 3399 565 ἓν
3427 516 3492 583 τῇ
3536 514 3749 585 ἐρήμῳο

2168 604 2332 675 φησίν
2351 621 2364 634 ·
2429 604 2784 673 Ἑτοιμάσατε
2812 604 2915 672 τὴν
2944 602 3061 655 ὁδὸν
3089 601 3316 671 Κυρίου.
3353 620 3373 653 ι
3409 603 3610 670 Λέγετε
3641 605 3750 657 τοί-

2168 712 2262 750 νυν
2301 697 2432 766 ἡμῖν
2460 696 2511 747 oi.
2546 692 2956 764 προϐεϐλῆσθαι
2987 710 3119 747 ποτε
3153 693 3246 747 τὸν
3284 694 3522 764 Χριστὸν
3552 696 3644 748 ἐπὶ
3687 696 3751 750 τὸ

2171 784 2355 856 μεῖζον
2400 778 2626 855 ἀμαθῶς
2656 784 3077 849 ὑποπτεύοντες,
3125 785 3221 837 καὶ
3263 783 3331 837 τὸ
3369 784 3615 839 Ἰωάννου
3650 786 3750 855 μέ-

2166 894 2296 947 τρον
2329 874 2717 947 ὑπεραλεῖσθαι
2750 876 2904 947 μόλις
2936 870 2995 929 ἐν
3033 879 3099 947 τῇ
3146 875 3395 947 βασιλείᾳ
3433 876 3544 930 τῶν
3581 878 3749 946 οὐρα-

2167 970 2295 1032 νῶν,
2343 968 2475 1021 πότε
2504 967 2603 1021 τοῦ·
2650 962 2907 1037 Ὑψίστου
2956 968 3243 1039 προφήτης
3278 969 3383 1021 οὐκ
3416 966 3487 1022 ὢν
3514 968 3750 1024 ἐλάττων

2168 1061 2342 1114 νοοῖτο
2363 1059 2589 1123 δικαίως
2612 1076 2627 1123 ς
2660 1060 2798 1114 Πότε
2820 1059 2878 1113 δὲ
2924 1061 2953 1112 6
2977 1059 3152 1131 κήρυξ
3180 1060 3278 1113 καὶ
3300 1053 3609 1131 πρόδρομος
3652 1061 3750 1114 καὶ

2167 1148 2267 1219 τὴν
2293 1149 2479 1221 οἰκέτῃ
2518 1150 2839 1219 πρέπουσαν
2872 1148 3145 1203 διακονίαν
3188 1148 3547 1220 ἀποπληρῶν,
3577 1150 3657 1212 εις
3686 1150 3749 1204 οδ

2171 1242 2284 1294 ῖσον
2316 1240 2591 1295 ἀναϐαίνει
2623 1241 2821 1313 μέτρον
2847 1240 2925 1311 τῷ
2955 1240 3096 1295 κατὰ
3122 1240 3289 1310 ιρύσιν
3316 1240 3546 1312 Κυρίῳξ
3584 1239 3747 1304 Ἀλλ’,

2168 1327 2343 1403 οἶμαι,
2390 1332 2561 1385 πᾶσίν
2597 1332 2746 1386 ἐστιν
2773 1334 2803 1386 6
2846 1332 3002 1400 λόγος
3045 1332 3393 1397 εὐσύνοπτος.
3438 1326 3565 1395 Πῶς
3595 1327 3691 1385 οὖν
3719 1331 3749 1383 6

2172 1425 2375 1496 μείζων
2400 1425 2508 1489 ἀεὶ,
2536 1423 2694 1476 τοῦτο
2714 1422 2867 1476 ἔσται
2900 1423 3042 1477 κατὰ
3064 1424 3308 1497 καιροὺς,
3330 1422 3489 1494 εἴπερ
3521 1422 3597 1487 ὡς
3623 1422 3744 1476 ἐσό-

2173 1533 2334 1588 μενος
2366 1512 2568 1587 μείζων
2624 1514 2869 1568 Ἰωάννου
2913 1515 3168 1586 Χριστὸς,
3212 1533 3232 1567 t
3295 1515 3356 1567 '0
3400 1514 3743 1587 μικρότερος,

2170 1610 2353 1680 φησὶν,
2400 1608 2458 1661 ὲν
2499 1609 2564 1678 τῇ
2607 1605 2852 1677 βασιλείᾳ
2892 1606 3002 1661 τῶν
3036 1607 3302 1679 οὐρανῶν,
3337 1604 3535 1678 μείζων
3580 1603 3743 1659 αὐτοῦ

2172 1703 2320 1755 ἐστιν
2344 1718 2360 1767 ;
2404 1720 2421 1751 ι

497 1806 595 1864 Pin
636 1808 795 1863 totius
834 1805 1654 1893 sopitis“capticatiot'semum
1697 1808 1805 1863 sive
1849 1816 2066 1877 scopum

2180 1809 2786 1893 'EErjma'tgeiw'sﬁjc
2824 1807 3110 1893 ἄρου-τοῦ
3142 1809 3496 1889 κεφαελαιου,
3533 1807 3640 1888 to}
3673 1806 3744 1859 ἐν

845 1878 993 1932 illius
1026 1876 1155 1931 dicti
1185 1885 1435 1932 accurate
1457 1876 1754 1935 declarans.

561 1988 700 2043 Cum
747 1987 865 2055 jam
912 1987 1055 2042 satis
1101 2001 1200 2054 pro
1252 2001 1375 2041 nteo
1419 1986 1735 2051 intellectu,
1778 1987 2070 2057 propesita

494 2077 819 2148 quaestionis
836 2076 1109 2130 rationem
1124 2076 1590 2145 investigaverim,
1620 2075 1773 2144 101
1804 2077 2071 2147 singulas-

492 2182 598 2235 que
627 2165 745 2237 ejus
782 2174 964 2236 partes
984 2172 1249 2219 accurate
1294 2165 1677 2232 pertractarim
1705 2203 1724 2229 ,
1768 2174 1824 2221 et
1872 2167 2072 2221 adver-

490 2258 763 2312 sariorum
807 2254 1095 2325 opiniones
1139 2262 1199 2308 ut
1238 2254 1407 2309 falsas
1445 2253 1727 2310 reintarim
1754 2295 1773 2321 ,
1822 2264 2073 2325 superest

495 2358 554 2402 ut
618 2362 806 2402 verum
869 2344 1037 2411 bujus-
1086 2344 1219 2400 dicti
1263 2360 1483 2401 sensum
1532 2345 1818 2416 explicem.
1887 2345 2077 2415 Neque

378 2460 381 2463 λ
492 2440 638 2495 enim
674 2438 913 2493 arbitror
943 2437 1192 2494 suﬁicere
1216 2478 1233 2503 ,
1282 2446 1343 2492 ut
1372 2451 1467 2493 eos
1497 2440 1588 2508 qui
1640 2439 1778 2492 male
1828 2439 2072 2494 sentiunt

494 2534 820 2603 (statuentes
878 2530 1133 2584 nimirum
1193 2528 1471 2585 Christum
1530 2529 1761 2598 quodam
1826 2538 2071 2599 tempore

496 2620 759 2691 majorem
788 2616 999 2674 Joanne
1035 2618 1324 2687 futurum),
1354 2619 1815 2689 reprehendamus
1837 2659 1852 2684 ,
1883 2634 2069 2673 verum

496 2708 664 2763 etiam
686 2706 1051 2762 necessarium
1086 2720 1209 2761 esse
1265 2715 1344 2772 ut,
1380 2708 1542 2761 allata
1575 2709 1627 2761 in
1673 2708 1908 2761 medium
1941 2716 2068 2760 vera

495 2800 787 2866 sententia,
816 2797 1148 2868 intelligatur
1198 2810 1304 2853 non
1350 2807 1553 2853 temere
1586 2813 1683 2853 nos
1729 2797 1796 2853 ad
1840 2808 1934 2853 eos
1988 2808 2072 2853 re—

497 2889 909 2962 prehendendos
967 2887 1285 2943 accessisse.
1361 2889 1474 2958 Age
1521 2887 1689 2958 igitur
1732 2896 1892 2941 totam
1958 2897 2069 2942 rem

497 2982 673 3038 denuo
703 2980 1015 3046 recitemus,
1066 2987 1121 3033 et
1150 2992 1338 3033 eorum
1399 2993 1521 3046 quae
1581 2993 1609 3030 a
1658 2976 1875 3032 Christo
1928 2977 2077 3031 dicta

496 3081 622 3130 sunt
643 3086 864 3127 causam
888 3070 1126 3126 breviter
1159 3076 1503 3124 recensentes
1531 3108 1546 3133 ,
1596 3068 1887 3123 doceamus
1920 3067 2072 3121 audi-

500 3178 684 3231 tores,
746 3164 1001 3236 quisnam
1050 3163 1122 3218 sit
1150 3162 1307 3231 hujus
1365 3161 1492 3217 dicti
1538 3170 1752 3229 Scopus.
1807 3154 2070 3225 Quocirca
2100 3154 2141 3210 C

498 3261 644 3329 (nam
676 3258 800 3313 inde
821 3256 1033 3312 initium
1060 3252 1354 3317 faciemus,
1373 3268 1495 3308 cum
1517 3253 1567 3306 in
1595 3267 1816 3307 carcere
1838 3250 2073 3307 Joannes

500 3345 759 3403 t'ntracula
789 3345 994 3402 Christi
1037 3343 1376 3404 audivisset,
1426 3342 1605 3396 missis
1659 3340 1868 3395 duobus
1910 3341 2073 3395 discie

498 3439 639 3505 pulis
667 3438 781 3493 suis
825 3436 965 3491 dixit
1008 3436 1055 3491 ei
1095 3450 1105 3481 :
1147 3454 1164 3484 ι
1210 3433 1288 3488 Τυ
1346 3448 1405 3488 cs
1452 3433 1543 3502 qui
1600 3442 1858 3486 venturus
1883 3442 1963 3497 es,
2002 3440 2077 3485 an

506 3529 672 3584 alium
709 3526 1135 3597 exspectamus?
1161 3545 1178 3577 ι
1213 3526 1294 3579 Ad
1330 3524 1433 3579 hoc
1468 3523 1721 3578 Chrisms
1750 3521 2025 3592 respondit
2056 3538 2068 3575 :

505 3640 526 3674 t
556 3620 756 3675 Euutes
788 3619 952 3673 dicite
978 3616 1170 3672 Joauni
1202 3630 1322 3687 qua!
1353 3612 1583 3670 audistis
1605 3626 1660 3670 et
1682 3612 1895 3670 vidistis
1939 3612 2006 3680 ⁸⁸,
2046 3632 2065 3666 ι

501 3720 556 3764 et
588 3709 850 3780 praeclara
889 3707 1145 3762 miracula
1175 3710 1270 3762 abs
1300 3719 1361 3761 se
1404 3706 1549 3761 edita
1578 3716 1883 3761 enumerat.
1939 3705 2071 3760 Cum

504 3815 633 3856 vero
659 3799 904 3869 discipuli
952 3799 1018 3852 ad
1053 3795 1318 3852 Joannem
1371 3797 1681 3862 rediissem,
1720 3796 1969 3852 Christus
1999 3798 2071 3851 ita

503 3893 571 3948 ad
619 3891 1002 3947 circumfusam
1056 3888 1368 3944 Judaeorum
1431 3888 1643 3943 turbam
1690 3889 1901 3944 locutus
1945 3899 2070 3944 est:

508 4002 528 4036 ι
568 3983 706 4051 Quid
771 3984 962 4038 existis
1013 3984 1065 4035 in
1128 3981 1403 4035 desertum
1458 3980 1639 4034 videre
1672 4019 1687 4042 .
1751 3981 2072 4033 arundinem

501 4086 667 4132 vento
702 4074 1002 4146 agitatam?
1033 4089 1100 4126 an
1134 4071 1408 4126 hominem
1442 4071 1693 4124 mollibus
1736 4068 2076 4123 vestimentis

504 4168 749 4222 indutum
772 4165 795 4217 ἲ
817 4181 885 4217 an
913 4161 1268 4233 prophetam?
1313 4170 1462 4214 certe
1505 4159 1633 4214 dico
1658 4160 1811 4214 vobis
1868 4168 1922 4215 et
1956 4159 2076 4228 plus

506 4273 671 4328 quam
711 4256 1056 4324 prophetam.
1094 4253 1193 4308 Hic
1230 4253 1376 4307 enim
1427 4259 1509 4306 est
1559 4251 1628 4307 de
1674 4266 1782 4321 quo
1813 4254 2073 4322 scriptum

502 4359 589 4405 cst
619 4363 635 4402 :
670 4348 810 4402 Ecce
841 4361 941 4415 ego
974 4346 1183 4399 mittam
1214 4342 1461 4412 angelum
1500 4356 1679 4397 meum
1710 4353 1839 4399 ante
1880 4343 2074 4399 faciem

2238 1876 2666 1951 té'oéwpqpan
2694 1876 2933 1934 σκοπὸν
2967 1876 3403 1949 ἀπογυμνοῦσα
3430 1876 3671 1949 γορτῶς.

2255 1994 2658 2066 Ἐξαρκούντως
2684 1993 2786 2064 ήδη
2813 1992 2956 2047 κατά
2982 2009 3048 2061 γε
3080 1992 3172 2045 τὸν
3206 1992 3474 2062 ἡμέτερον
3494 1989 3619 2044 νοῦν
3653 1989 3746 2043 τὸν

2169 2085 2230 2139 ἐν
2256 2086 2369 2147 τοῖς
2391 2083 2720 2155 προλαϐοῦσι
2747 2082 3136 2154 βασανίσαντες
3154 2081 3332 2149 λόγον,
3358 2081 3453 2136 καὶ
3480 2080 3590 2134 τῶν
3613 2080 3746 2134 θεω-

2174 2177 2435 2248 ρημάτων
2464 2175 2693 2229 ἕκαστον
2722 2175 2862 2245 μετά
2894 2174 2996 2244 τῆς
3032 2174 3259 2245 δεούσης
3289 2172 3573 2245 ἀκριϐείας
3609 2172 3746 2224 διευ-

2171 2268 2560 2340 κρινησάμενοι
2619 2266 2713 2319 τόν
2742 2274 2798 2317 τε
2838 2264 2950 2318 τῶν
2975 2265 3043 2317 δι’
3085 2265 3328 2326 ἐναντίας
3375 2263 3455 2327 ὡς’
3489 2262 3590 2315 οὐκ
3632 2260 3745 2329 ἔχοι

2172 2358 2351 2421 καλῶς
2373 2355 2749 2425 διελέγξαντες
2781 2354 3002 2415 σκοπὸν.
3032 2356 3118 2407 ἐπ’
3139 2354 3275 2406 αὐτὰ
3309 2352 3373 2423 δὴ
3397 2351 3582 2405 λοιπὸν
3607 2350 3745 2403 ἱέναι

2173 2451 2470 2522 προσήκειν
2512 2448 2875 2519 ἐνενοήσαμεν
2914 2446 2986 2500 τὰ
3017 2445 3077 2511 ἐξ
3112 2444 3361 2515 ἀληθείας
3414 2442 3745 2512 θεωρήματα

2171 2542 2266 2596 καὶ
2318 2541 2417 2610 τὴν
2449 2540 2507 2593 ὲν
2540 2538 2618 2610 τῷ
2670 2538 3017 2610 παροισθέντι
3057 2535 3203 2607 ρητῷ
3235 2534 3583 2588 διαπτύσσειν
3630 2531 3747 2585 διά-

2172 2648 2340 2684 νοιαν.
2374 2630 2448 2684 Οὐ
2476 2627 2585 2700 γάρ
2607 2620 2759 2699 οἶμαι
2791 2627 2921 2690 δεῖν,
2953 2626 3029 2689 ὡς
3056 2626 3155 2678 οὐκ
3187 2624 3385 2696 ἄριστα
3412 2620 3612 2684 νοοῦσι,
3652 2620 3747 2690 μό·-

2172 2740 2260 2776 νον
2292 2716 2550 2791 ἐπιτιμᾷν
2579 2718 2689 2783 τοῖς
2711 2718 2791 2772 ὅτι
2820 2712 3021 2789 μείζων
3052 2716 3203 2769 ἔσται
3232 2714 3465 2786 Χριστὸς
3498 2712 3743 2766 Ἰωάννου

2172 2813 2314 2867 κατά
2329 2824 2449 2866 τινα
2467 2812 2656 2883 χρόνον
2679 2810 3030 2882 διειληφόσιν,
3054 2807 3188 2862 ἀλλὰ
3206 2807 3300 2861 καὶ
3325 2807 3462 2875 αὐτῇ
3482 2800 3547 2875 τῇ
3570 2820 3757 2875 παρα-η

2174 2906 2320 2960 θέσει
2360 2903 2470 2958 τῶν
2518 2902 2894 2975 ἁληθεστέρων
2942 2897 3159 2956 ἐννοιῶν
3211 2896 3612 2969 ἀποκρούεσθαι
3668 2892 3747 2965 τῷ

2177 2994 2251 3067 μὴ
2282 2996 2459 3050 δοκεῖν
2509 2994 2571 3047 οὐ
2613 2994 2841 3057 δεόντως
2883 2988 3244 3063 ἐπισκήπτειν
3272 2991 3474 3052 αὐτοῖς.
3506 2987 3639 3056 Φέρε
3681 2984 3746 3054 δή

2173 3080 2267 3137 οῦν
2299 3085 2383 3137 ἐπ’
2416 3081 2547 3138 αὐτὸ
2591 3081 2777 3135 λοιπὸν
2812 3080 2979 3152 τωμεν
3024 3079 3085 3134 τὸ
3120 3078 3474 3149 ἀνάγνωσμα,
3516 3075 3610 3129 καί⁸
3641 3072 3755 3126 τῶν

2176 3170 2482 3243 εἰρημένων
2531 3171 2682 3243 παρὰ
2732 3166 2827 3223 τοῦ
2865 3169 3120 3241 Σωτῆρος
3169 3160 3328 3239 ἡμῶν
3367 3162 3604 3238 Χριστοῦ
3651 3163 3750 3235 τήν

2175 3262 2355 3317 αἰτίαν
2399 3262 2979 3333 ἀναηφαλαιούμενοι,
3028 3262 3154 3324 τοὺς
3181 3258 3568 3331 ἀκροωμένους
3607 3252 3752 3310 διδά-

2175 3364 2416 3426 σκωμεν,
2448 3355 2532 3418 τίς
2562 3354 2630 3409 ἂν
2660 3354 2745 3427 εῖη
2775 3348 2961 3408 λοιπὸν
2981 3354 3009 3406 6
3044 3348 3140 3406 τοῦ
3164 3350 3322 3421 λόγου
3347 3351 3567 3413 σκοπός.
3598 3350 3745 3402 Οὐκ-

2174 3438 2288 3510 οῦν,
2338 3438 2586 3497 ἐντεῦθεν
2634 3441 2743 3513 γὰρ
2788 3441 2890 3513 ήδη
2943 3441 3040 3513 τὴν
3094 3439 3269 3512 ἀρχὴν
3323 3437 3679 3509 ποιησόμεθα,
3718 3437 3748 3489 6

2187 3530 2441 3608 Ἰωάννης
2471 3536 2529 3589 ἐν
2575 3534 2653 3606 τῷ
2698 3533 3055 3607 δεσμωτηρίῳ
3102 3531 3338 3596 ἀκούσας
3369 3530 3435 3585 τά
3472 3528 3610 3600 ἔργα
3650 3527 3744 3581 τοῦ

2176 3622 2447 3698 Χριστοῦ,
2494 3622 2719 3697 πέμψας
2777 3618 2870 3677 δύο
2920 3624 3028 3677 τῶν
3078 3622 3334 3695 μαθητῶν
3388 3618 3551 3675 αὐτοῦ
3593 3614 3748 3673 εἶπεν

2177 3719 2325 3790 αὐτῷ
2342 3734 2355 3748 '
2386 3740 2403 3770 ι
2434 3719 2505 3771 Σὺ
2529 3708 2579 3771 εἴ
2604 3718 2632 3769 6
2657 3717 2970 3787 ἐρχόμενος,
2997 3715 3030 3787 ἦ
3062 3714 3247 3786 ἕτερον
3275 3708 3695 3785 προσδοκῶμεν;
3722 3728 3739 3761 ι

2180 3810 2321 3881 Πρὸς
2352 3809 2523 3862 ταῦτα
2552 3807 2781 3876 Χριστὸς
2815 3805 3146 3876 ἀπεκρίνατο
3165 3824 3179 3835 -
3220 3824 3239 3857 ι
3274 3798 3636 3875 Πορευθέντες
3666 3801 3747 3853 εἴ·

2179 3917 2316 3952 πατε
2359 3899 2581 3969 Ἰωάννῃ
2622 3897 2658 3950 ἃ
2693 3896 2963 3966 ἠκούσατε
3010 3898 3102 3950 καὶ
3130 3896 3376 3967 βλέπετε,
3437 3914 3456 3946 ι
3509 3894 3602 3947 καὶ
3649 3894 3749 3963 τὴν

2177 3989 2284 4042 τῶν
2327 3987 2569 4059 σημείων
2615 3987 2906 4054 καταλέγει
2958 3988 3378 4058 μεγαλουργίαν.
3432 3986 3648 4057 Ἐπειδὴ
3690 3986 3749 4038 δὲ

2178 4077 2315 4147 πρὸς
2350 4080 2442 4130 τὸν
2491 4077 2760 4148 μακάριον
2801 4077 3112 4149 Βαπτιστὴν
3161 4077 3324 4132 πάλιν
3367 4077 3749 4147 ἀνεκομίζοντο

2178 4173 2228 4224 oi.
2256 4171 2512 4241 μαθηταὶ,
2544 4170 2693 4239 λέγει
2720 4168 2854 4241 πρὸς
2883 4171 2981 4241 τὴν
3013 4170 3380 4241 περιεστῶσαν
3407 4149 3613 4240 πληθῦν
3641 4169 3749 4222 τῶν

2192 4261 2453 4315 Ἰουδαίων
2498 4264 2527 4316 6
2563 4261 2786 4333 Σωτήρ’
2838 4278 2861 4313 ι
2890 4261 2954 4313 Τί
2984 4259 3239 4331 ἐξήλθετε
3269 4262 3350 4324 εἰς
3401 4259 3497 4331 τὴν
3545 4259 3752 4330 ἔρημον

2184 4353 2329 4418 ἰδεῖν,
2378 4352 2623 4423 κάλαμον
2673 4352 2777 4405 ὐπὸ
2829 4351 3030 4421 ἀνέμου
3082 4351 3477 4421 σαλευόμενον;
3525 4349 3641 4403 ἀλλ’
3693 4351 3753 4401 ἐν

509 4452 679 4506 tuam,
739 4442 829 4510 qui
890 4440 1216 4509 praeparabit
1263 4438 1404 4492 viam
1465 4447 1617 4491 tuam
1660 4445 1785 4489 ante
1837 4434 1981 4489 te".
2051 4454 2073 4487 ι

2187 4444 2447 4515 μαλακοῖς
2472 4444 2704 4514 ἱματίοις
2724 4442 3006 4515 ἄνθρωπον
3026 4442 3427 4514 ἠμφιεσμένους
3454 4440 3588 4495 ἀλλὰ
3613 4457 3752 4511 προ-

510 4535 717 4588 ικιωιε»
743 4533 891 4587 addit
921 4532 982 4585 ιιι
1006 4532 1580 4600 quodiuterrogatur:
1616 4546 1636 4580 ι
1669 4529 1837 4582 Amen
1858 4566 1879 4593 τ
1918 4544 2073 4583 amen

2182 4537 2394 4607 φήτηνς
2423 4536 2529 4588 Ναὶ
2559 4535 2701 4603 λέγω
2734 4536 2862 4605 ὑμῖν
2890 4534 2983 4588 καὶ
3019 4535 3401 4606 περισσοτέραν
3433 4533 3714 4603 προφήτου
3732 4544 3751 4564 ⁸

507 4628 632 4683 dico
689 4624 863 4687 vobis,
911 4637 1021 4677 non
1062 4624 1300 4677 surrexit
1355 4623 1497 4677 inter
1539 4631 1695 4677 natos
1736 4621 2023 4676 mulierum
2060 4658 2077 4684 ,

508 4718 679 4788 major
711 4714 922 4770 Joanne
949 4714 1219 4783 Baptista,
1270 4718 1366 4767 sed
1403 4715 1583 4768 minor
1612 4714 1671 4768 in
1705 4728 1871 4784 regno
1910 4716 2079 4768 ctelo-

508 4826 626 4866 rum
663 4808 832 4877 major
870 4807 985 4876 ipso
1012 4815 1099 4861 est
1140 4805 1210 4859 ".
1247 4824 1266 4857 ι
1315 4805 1501 4876 Neque
1532 4806 1619 4860 hic
1673 4806 1834 4860 tinem
1879 4805 2077 4861 verbo-

509 4918 627 4957 rum
658 4900 812 4955 fecit.
845 4899 1006 4953 Addit
1034 4898 1180 4953 enim
1217 4898 1405 4953 statim
1439 4914 1455 4954 :
1494 4917 1512 4950 ι
1571 4898 1614 4951 Α
1661 4899 1853 4953 diebus
1896 4910 2075 4952 autem

466 5057 470 5061 ι
506 4992 734 5048 Joannis
763 5006 934 5060 usque
967 5006 1112 5045 nunc
1135 5004 1357 5060 regnum
1394 4990 1657 5044 oculorum
1703 4990 1807 5043 vim
1855 4991 2076 5059 patitur,

508 5089 565 5135 et
594 5081 817 5136 violenti
844 5082 1057 5150 rapiunt
1088 5081 1217 5135 illud
1246 5081 1316 5134 ⁸³.
1346 5099 1365 5132 ι
1396 5081 1573 5149 Atque
1619 5082 1732 5135 hare
1754 5082 1972 5149 quidem
1998 5091 2081 5136 est

513 5174 677 5229 totius
707 5173 902 5240 capitis
930 5189 1163 5229 summa.
1197 5173 1347 5227 Nunc
1378 5189 1507 5228 vero
1536 5184 1749 5242 oportet
1783 5184 1839 5228 ut
1866 5175 2079 5244 singula

512 5272 894 5332 percurrentes
938 5262 1204 5327 dicamus,
1254 5277 1413 5328 quant
1464 5264 1534 5316 ob
1590 5278 1805 5317 causam
1843 5261 2079 5319 Joannes

510 5352 751 5422 Baptista
786 5354 839 5408 itt
871 5368 1145 5408 carcerem
1177 5354 1457 5421 conjectus
1490 5354 1690 5420 fuerit;
1726 5357 2079 5422 quamobrem

510 5444 676 5499 etiam
733 5457 832 5512 per
864 5442 1158 5513 discipulos
1194 5457 1321 5498 suos
1369 5441 1642 5496 Christum
1695 5445 2075 5513 interrogarit,

512 5543 692 5591 utrum
725 5536 838 5605 ipse
863 5536 1084 5589 omnino
1120 5541 1266 5590 esset
1287 5535 1378 5604 qui
1412 5543 1671 5590 venturus
1697 5546 1852 5602 erat;
1885 5536 2079 5591 deinde

2183 4620 2351 4689 Οὗτος
2378 4627 2488 4696 γάρ
2526 4627 2639 4678 ἐστι
2668 4638 2735 4677 πε
2745 4625 2795 4696 pi
2817 4619 2878 4679 οὗ
2908 4625 3218 4695 γέγραπται
3237 4640 3250 4655 ⁸
3306 4623 3435 4677 Ἰδοὺ
3469 4620 3754 4677 ἀποστελῶ

2181 4718 2272 4772 τὸν
2299 4717 2528 4787 ἀγγελόν
2553 4733 2653 4788 μου
2676 4717 2782 4786 πρὸ
2810 4715 3103 4785 προσώπου
3129 4730 3243 4779 σου,
3271 4714 3329 4777 ὃς
3354 4712 3753 4767 κατασκευάσει

2180 4810 2278 4881 τὴν
2310 4809 2429 4862 ὁδόν
2461 4825 2554 4861 σου
2602 4806 2911 4878 ἔμπροσθέν
2952 4822 3069 4859 σου.
3122 4825 3139 4857 ι
3192 4803 3327 4861 Εἶτα
3377 4808 3513 4879 πρὸς
3544 4807 3754 4869 τούτοις

2182 4903 2316 4973 φησι
2349 4900 2706 4970 ζητούμενονο
2760 4915 2778 4949 t
2830 4897 3023 4966 ’Δμὴν,
3074 4897 3223 4967 ἀμὴν
3258 4897 3404 4967 λέγω
3453 4897 3602 4968 ὑμῖν,
3652 4897 3753 4949 οὐκ

2183 4993 2480 5061 ἐγήγερται
2526 4992 2583 5042 ἐν
2628 4990 2905 5058 γεννητοῖς
2943 4987 3215 5056 γυναικῶν
3258 4988 3458 5059 μείζων
3506 4987 3753 5041 Ἰωάννου

2182 5081 2277 5136 τοῦ
2316 5079 2618 5136 Βαπτιστοῦ
2638 5096 2651 5109 °
2694 5081 2722 5131 6
2747 5079 2803 5132 δὲ
2844 5077 3164 5150 μικρότερος
3188 5081 3246 5133 ὲν
3271 5084 3337 5153 τῇ
3369 5079 3612 5151 βασιλεία
3646 5078 3755 5131 τῶν

2180 5173 2449 5248 οὐρανῶν,
2478 5170 2677 5243 μείζων
2707 5170 2869 5226 αὐτοῦ
2905 5173 3043 5226 ἐστι.
3083 5190 3101 5223 ι
3140 5171 3244 5225 Καὶ
3271 5172 3329 5224 οὐ
3360 5171 3521 5241 μέχρι
3549 5170 3756 5226 τούτων

2180 5266 2209 5317 6
2242 5264 2418 5332 λόγος.
2450 5262 2729 5333 Ἐπιφέρει
2753 5260 2861 5333 γὰρ
2877 5260 3072 5324 εὐθύς⁶
3104 5278 3123 5311 ι
3168 5260 3297 5311 Ἀπὸ
3319 5250 3377 5311 δὲ
3403 5258 3512 5313 τῶν
3533 5259 3756 5329 ἡμερῶν

2194 5355 2439 5410 Ἰωάννου
2473 5354 2567 5407 τοῦ
2609 5351 2915 5406 Βαπκτιστοῦ
2967 5352 3074 5415 ἕως
3107 5350 3230 5423 ἄρτι
3274 5352 3311 5422 ή
3355 5342 3604 5420 βασιλεία
3647 5348 3757 5409 τῶν

2182 5446 2424 5516 οὐρανῶν
2461 5438 2728 5516 βιάζεται,
2762 5443 3104 5519 καὶιβιασταὶ
3134 5442 3469 5513 ἁρπάζουσιν
3504 5442 3695 5511 αὐτήν.
3733 5460 3753 5492 ι

2184 5536 2344 5591 Ὀλον
2375 5539 2432 5590 ἐν
2470 5535 2699 5601 τούτοις,
2732 5535 2806 5598 ὡς
2852 5535 2978 5599 ἔπος
3007 5535 3200 5598 εἰπεῖν,
3231 5533 3293 5587 τὸ
3334 5533 3630 5603 κεφάλαιον
3658 5532 3758 5603 τὴν

587 5688 633 5721 ³³
658 5685 791 5745 Luc.
825 5701 911 5754 ιιι,
936 5684 1008 5752 ι;
1042 5683 1142 5740 lsa.
1171 5700 1258 5753 χι,
1285 5686 1339 5741 5.
1420 5687 1466 5720 “
1492 5687 1624 5745 Luc.
1654 5703 1751 5757 vn,
1777 5689 1869 5745 ΞΒ.
1947 5688 1992 5721 ’⁸
2016 5688 2207 5745 Matth.
2248 5706 2328 5757 ιιι,
2360 5690 2413 5757 5,
2445 5688 2498 5743 6.
2577 5689 2623 5721 “
2645 5688 2777 5744 Ibid.
2813 5688 2961 5742 7-10.
3040 5691 3084 5721 "
3118 5688 3248 5746 ibid.
3281 5692 3359 5749 ll.
3442 5691 3641 5747 "ibid.
3672 5689 3752 5745 12.
