4032 6212
231 270 327 325 169
1658 256 2105 316 THESAL‘RUS.
3391 258 3495 314 l70

234 381 623 454 συμπλήρωσιν
666 381 801 449 ἔχει.
853 378 1066 449 Κρῆναι
1103 376 1161 431 δὶ
1194 373 1347 448 οἶμαι
1387 378 1495 431 τῶν
1530 378 1820 449 νοημάτων

1925 378 2055 447 quid
2079 384 2253 431 e-tcur
2277 373 2332 429 id
2362 372 2616 429 Christus
2646 372 2822 428 turbis
2854 373 3213 443 responderit.
3259 372 3494 428 Praeter-

232 476 453 526 εκαστον
486 471 862 542 ἐπιδρομάδην
894 470 1184 534 διεξιόντας
1210 472 1408 536 εἰπεῖν,
1432 471 1516 534 τίς
1543 472 1642 541 μὲν
1665 470 1812 523 αίτία

1925 483 1983 523 ει
2011 467 2142 539 quid
2185 466 2335 519 illum
2390 467 2622 519 moverit
2665 475 2723 518 ut
2771 464 2996 527 diceret,
3040 480 3145 518 non
3193 465 3494 519 surrexisse

228 564 509 635 δεσμώτην
538 563 710 616 ἐποίει
736 561 826 615 τὸν
850 561 1005 631 ἅγιον
1041 562 1372 632 Βαπτιστὴν,
1412 563 1536 615 ὅτου
1563 562 1618 615 δέ
1652 561 1813 632 χάριν

1925 575 1955 616 e
2008 558 2148 613 natis
2205 558 2492 612 mulierum
2543 556 2801 623 maiorem
2857 555 3064 611 Jonnue
3119 555 3403 624 Baptista,
3441 564 3496 611 et

227 653 626 706 ἀνεπυνθάνετο
645 650 741 705 τοῦ
771 651 1009 722 Χριστοῦ
1041 651 1132 704 διὰ
1160 651 1269 705 τῶν
1291 652 1505 705 οἰκείων
1527 650 1809 723 μαθητῶν,

1925 662 2102 707 tamen
2135 651 2393 719 majorem
2435 663 2499 703 eo
2557 662 2678 703 esse
2720 664 2843 703 eum
2884 652 2974 716 qui
3020 651 3073 701 in
3122 663 3288 717 regno
3327 648 3494 700 cmin-

227 744 368 812 εἰπερ
400 743 493 811 εἴη
538 742 726 809 σαφῶς
752 741 916 805 αὐτὸς
945 744 974 795 ό
1000 741 1293 812 ἐρχόμενος
1315 757 1329 770 ’
1362 742 1455 795 καὶ
1484 742 1566 804 τίς
1591 740 1624 811 ἢ
1649 741 1809 795 πόθεν

1925 758 2043 798 rum
2094 743 2275 796 minor
2320 749 2483 796 esset.
2540 740 2916 795 Accetletulum
2973 740 3160 806 itaque
3215 738 3370 792 nobis
3424 735 3493 789 ad

190 816 412 903 (ἠπρὸς
442 836 589 898 τοὺς
622 834 822 904 δχλους
864 835 1160 905 ἀπόκρισις
1187 834 1379 902 γέγονε
1414 834 1507 887 τοῦ
1545 831 1807 902 Χριστοῦ.

1925 849 2108 889 eorum
2138 848 2259 903 quae
2290 832 2565 903 proposita
2598 840 2723 886 sunt
2754 832 2905 885 nobis
2928 832 3369 897 explicationem.

225 927 287 979 Ἠ
313 926 366 978 τί
405 927 473 980 τὸ
503 927 769 991 πεπεικὸς
791 927 868 990 ὡς
908 928 1236 999 Ἔγήγερται
1278 930 1377 1000 μὲν
1446 929 1621 991 οὐδεὶς
1675 930 1733 980 ἐν
1792 930 2071 999 γεννητοῖς
2120 927 2393 997 γυναικῶν
2453 926 2655 998 μείζων
2689 926 2933 979 Ἰωάννου
3003 925 3203 993 λέγειν,
3250 921 3390 976 εἷναί
3428 935 3496 987 γε

224 1020 322 1087 μὴν
352 1018 452 1071 τοῦ
494 1017 752 1070 τοσούτου
799 1016 1019 1086 μείζονα
1066 1019 1157 1072 τὸν
1202 1020 1261 1071 ἐν
1312 1022 1377 1089 τῇ
1440 1020 1688 1090 βασιλείᾳ
1758 1018 1869 1072 τῶν
1906 1019 2155 1092 οὐρανῶν
2200 1018 2561 1090 μικρότερον;
2610 1015 2816 1070 Ούκοῦν
2865 1016 2950 1070 ἐπ’
3000 1014 3168 1085 αὐτὴν
3217 1015 3354 1066 ίτέον
3396 1012 3495 1081 τὴν

224 1111 317 1161 τῶν
340 1108 732 1177 προτεθέντων
761 1108 1039 1178 ἐξήγησιν.

285 1197 607 1270 Παράδοξον
622 1215 747 1275 τινα
776 1198 872 1251 καὶ
901 1198 1058 1268 ξένην
1089 1200 1449 1271 ἐπιτηδεύσας
1471 1204 1742 1259 πολιτείαν
1773 1209 1802 1260 ὁ

1985 1200 2146 1270 102
2172 1198 2369 1253 Beatus
2399 1196 2665 1264 Baptista,
2699 1195 2996 1251 inauditum
3020 1195 3287 1264 quoddam
3318 1205 3371 1249 et
3412 1198 3494 1250 in-

226 1295 495 1362 μαγάριος
531 1288 862 1360 Βαπτιστὴς,
892 1291 985 1342 καὶ
1003 1290 1119 1360 βίου
1139 1292 1323 1363 τρίϐον
1351 1294 1549 1360 ἐλάσας
1564 1298 1807 1369 ἀσυνήθη

1925 1292 2161 1348 tsitatum
2209 1291 2334 1343 vita:
2391 1303 2564 1359 genus
2593 1288 2837 1353 ducens,
2887 1288 3137 1356 quodque
3164 1287 3252 1339 alii
3291 1287 3491 1341 imitari

224 1386 328 1445 τοῖς
366 1383 561 1445 ἄλλοις
602 1382 697 1435 καὶ
734 1382 798 1433 ού
828 1384 940 1445 τοῖς
974 1382 1197 1452 τυχοῦσι
1232 1385 1422 1456 βατὴν,
1469 1386 1813 1458 ἐθαυμάζετο

1925 1397 2016 1438 ton
2061 1388 2320 1451 possent,
2383 1393 2633 1447 magnam
2688 1376 2885 1431 merito
2928 1377 3013 1431 sui
3069 1376 3493 1429 admirationem

226 1474 337 1542 μὲν,
373 1474 475 1525 καὶ
508 1472 631 1525 λίαν
675 1472 919 1535 εἰκότως,
952 1474 1102 1544 παρὰ
1148 1474 1255 1527 τῶν
1294 1477 1589 1533 Ἰουδαίων·
1633 1481 1724 1534 τὸν
1754 1482 1813 1535 δὲ

1925 1475 2050 1543 apud
2077 1471 2292 1526 Judros
2322 1469 2599 1535 excitavit,
2626 1477 2680 1522 et
2706 1467 2982 1522 Christum
3010 1469 3100 1537 qui
3133 1476 3342 1520 tantum
3385 1482 3489 1521 non

224 1567 337 1617 ὅσον
360 1564 607 1625 οὐδέπω,
640 1562 841 1633 μᾶλλον
862 1562 921 1615 δέ
948 1564 1050 1634 ήδη
1080 1565 1344 1635 παρόντα,
1371 1568 1654 1641 κηρύττων
1686 1572 1811 1643 Χριο

1925 1565 2174 1630 venisset,
2203 1563 2311 1617 imo
2333 1564 2444 1630 iam
2468 1559 2797 1626 advenisset,
2835 1557 3160 1627 praedicans,
3196 1557 3488 1627 digitoque

227 1656 361 1718 στὸν,
402 1656 697 1725 μονονουχὶ
726 1656 818 1708 καὶ
844 1657 1009 1727 χεῖρα
1040 1658 1312 1728 προτείνει
1345 1660 1519 1730 λέγων
1539 1678 1557 1695 ο
1594 1682 1613 1716 ι
1648 1665 1755 1718 Ἴδε
1784 1668 1812 1719 δ

1925 1658 2065 1712 illum
2092 1664 2563 1716 commonstrans,
2614 1652 2689 1705 ait
2723 1674 2734 1707 :
2772 1667 2792 1701 ι
2840 1650 2979 1705 Ecce
3007 1652 3191 1719 Agnus
3253 1648 3374 1712 Dei,
3401 1650 3494 1718 qui

237 1746 426 1815 Ἀμνὺς
440 1745 541 1798 τοῦ
558 1744 715 1808 Θεοῦ,
736 1747 765 1798 δ
790 1747 959 1816 αἴρων
988 1746 1088 1818 τὴν
1116 1748 1392 1820 ἁμαρτίαν
1420 1752 1512 1806 τοῦ
1543 1754 1803 1825 κόσμου»,

1925 1746 2058 1801 ιοΙΙίι
2096 1754 2377 1814 peccatqu
2412 1743 2593 1797 mundi
2624 1743 2692 1795 ".
2734 1760 2752 1793 ι
2789 1740 2927 1796 Cum
2964 1754 3091 1793 vero
3123 1739 3403 1802 Dominus,
3430 1739 3497 1793 de

237 1836 452 1908 Ἐπειδὴ
491 1837 555 1890 δὲ
600 1838 630 1889 δ
661 1837 790 1906 παρ’
835 1836 999 1890 αὑτοῦ
1056 1840 1505 1911 μαρτυρούμενος
1569 1843 1807 1917 Κύριος,

1925 1853 2026 1908 quo
2072 1836 2438 1891 testimonium
2502 1833 2853 1903 perhibuerat
2886 1873 2902 1898 ,
2951 1833 3168 1886 deserto
3232 1829 3379 1884 cultu
3425 1829 3503 1883 le-

228 1924 395 1980 λιπεῖν
436 1926 620 1980 ἐδόκει
651 1926 753 1995 τὴν
795 1926 859 1979 ἐκ
902 1927 1070 1997 νόμου
1100 1928 1189 1982 διὰ
1235 1932 1481 1996 Μωσέως
1528 1933 1808 2005 λατρείαν,

1925 1929 2021 1999 gali
2056 1943 2152 1996 per
2179 1926 2358 1980 Mosen
2411 1925 2750 1995 presseripto,
2786 1923 2907 1978 loco
2954 1922 3096 1977 illius
3122 1921 3497 1990 evangelicam

229 2016 319 2088 τὴν
377 2017 754 2087 εύαγγελικὴν
816 2018 932 2070 ἀντ’
999 2019 1215 2090 ἐκείνης
1283 2022 1563 2078 πολιτείαν
1626 2027 1812 2095 είσφέ-

1925 2023 2088 2075 vitam
2131 2020 2438 2082 induceret,
2473 2027 2526 2071 et
2556 2031 2680 2084 quae
2711 2017 2763 2070 in
2796 2026 2924 2085 typo
2964 2027 3129 2084 atque
3175 2018 3367 2068 umbra
3406 2014 3494 2067 in-

234 2126 366 2179 pm,
401 2110 615 2181 μᾶλλον
649 2109 708 2161 δὲ
740 2109 810 2164 τὰ
862 2111 920 2162 ἐν
957 2108 1114 2181 τύπῳ
1161 2113 1257 2166 καὶ
1306 2116 1434 2185 σκιᾷ
1470 2118 1812 2189 μεταρυθμί-

236 2200 332 2262 ζων
354 2203 434 2264 είς
461 2202 749 2272 ἀληθειαν,
777 2202 878 2254 οὐκ
903 2200 1007 2265 ἔξω
1039 2205 1259 2274 μομφῆς
1283 2207 1314 2258 ό
1346 2207 1614 2279 μακάριος
1635 2210 1813 2263 ἔκειτο

236 2292 576 2363 Βαπτιστὴς,
615 2293 713 2347 an
746 2292 811 2364 δὴ
850 2297 1166 2365 συνηγορεῖν
1234 2299 1703 2372 άναπεπεισμένος
1733 2302 1813 2373 τῷ

234 2384 323 2450 τὴν
348 2384 588 2453 νομικὴν
639 2384 996 2453 άνατρέποντι
1051 2387 1351 2455 παίδευσιν,
1390 2390 1535 2444 κατά
1579 2408 1646 2459 γε
1686 2394 1813 2459 τοὺς

234 2472 330 2525 τῶν
370 2475 622 2543 ἀνοήτων
664 2472 878 2540 λόγους.
925 2475 988 2528 Ei
1022 2475 1130 2547 γὰρ
1171 2473 1242 2548 ἦν
1277 2473 1433 2543 οὗτος
1465 2482 1617 2552 παρὰ
1651 2482 1810 2549 Θεοῦ,

236 2563 486 2633 ἔφασκον,
508 2567 539 2618 δ
576 2564 886 2636 ἂνθρωπος,
917 2566 1019 2619 οὐκ
1050 2566 1117 2620 ἂν
1147 2566 1268 2620 me
1305 2568 1368 2622 τὸ
1412 2570 1710 2628 Σάϐϐατον.
1747 2574 1814 2627 Τί

235 2650 319 2709 οὖν
354 2657 466 2728 ἄρα
516 2658 825 2728 μηχανᾶται
858 2656 996 2729 πρὸς
1032 2656 1218 2723 nam;
1251 2660 1364 2725 Τάς
1406 2661 1515 2716 τῶν
1548 2662 1814 2719 Ἰουδαίων

238 2745 296 2801 οὔ
321 2749 543 2811 πάντως
569 2750 1031 2822 άποκρουόμενος,
1054 2749 1193 2815 ἀλλ’,
1222 2751 1289 2804 ἶν’
1313 2751 1487 2817 οὕτως
1514 2754 1673 2822 είπω,
1698 2756 1815 2810 δια-

240 2839 513 2909 χλευάζων
565 2843 810 2910 ἐννοίας,
866 2845 1247 2915 συναγορεύειν
1300 2851 1681 2918 προσποιεῖται
1736 2848 1816 2921 τῷ

242 2929 401 3001 νόμῳ,
429 2932 528 2985 καὶ
558 2932 871 2987 Μωσαῖκῶν
912 2933 1419 3013 ύπεραγωνίζεσθαι
1458 2938 1815 3010 προσταγμά-

1918 2111 2101 2167 voluta
2146 2118 2346 2172 erant,
2389 2108 2457 2162 ad
2507 2107 2789 2160 veritatem
2838 2104 3192 2168 transferret,
3253 2103 3493 2173 Baptista

1921 2201 2399 2274 reprehensionem
2424 2198 2678 2262 incurrit,
2707 2197 2907 2266 quippe
2932 2197 3024 2265 qui
3058 2197 3497 2264 patrocinaretur

1920 2295 2026 2359 illi,
2067 2294 2160 2365 qui
2186 2292 2411 2362 legalem
2446 2291 2785 2353 doctrinam,
2827 2289 2979 2358 juxta
3010 2292 3247 2356 ipsorum
3284 2302 3494 2342 sermo-

1919 2401 2067 2453 nem,
2116 2394 2409 2441 everteret.
2446 2383 2505 2438 Si
2535 2383 2682 2437 enim
2744 2382 2908 2436 homo
2935 2380 3023 2434 hic
3064 2418 3080 2442 ,
3116 2379 3369 2432 dicebant
3393 2416 3410 2441 ,
3461 2391 3496 2431 a

1924 2479 2033 2533 Deo
2063 2484 2232 2540 esset,
2270 2476 2693 2544 haudquaquam
2748 2470 3074 2527 dissolveret
3097 2468 3397 2525 Sabbatum
3424 2468 3495 2522 ".

1918 2566 2062 2633 Quid
2129 2567 2293 2636 igitur
2349 2568 2612 2619 adversus
2673 2562 2787 2617 hac
2845 2562 3114 2631 excogitat
3171 2569 3229 2614 et
3276 2558 3499 2612 iitolitur

1920 2658 2203 2729 Baptista?
2234 2659 2545 2715 Judasorum
2561 2655 2871 2726 opinionem
2896 2670 3001 2707 non
3022 2655 3179 2722 plane
3211 2651 3496 2722 rejiciens,

1922 2751 2041 2818 sed,
2068 2761 2128 2807 ut
2163 2752 2238 2806 ita
2288 2751 2466 2804 dicant
2492 2787 2508 2813 ,
2573 2748 2828 2808 irridens,
2861 2744 3218 2814 patrocinium
3260 2744 3394 2812 legis
3442 2753 3500 2796 et

1922 2844 2285 2899 Mosaicornm
2316 2851 2710 2911 praceptorum
2733 2834 3221 2907 propugnationem
3249 2832 3492 2887 simulat.

1922 2936 2059 2991 Cum
2118 2935 2265 2990 enim
2321 2942 2449 2987 tunc
2496 2930 2758 3000 temporis
2803 2928 2971 2983 variis
3019 2928 3195 2981 modis
3232 2927 3286 2979 iu
3323 2926 3496 2995 legem

241 3038 365 3076 των.
393 3023 612 3078 Πολλῶν
639 3025 747 3095 γὰρ
771 3023 851 3095 τῷ
877 3026 1131 3097 τηνικάδε
1161 3026 1305 3079 κατὰ
1333 3028 1613 3092 ποικίλους
1643 3046 1820 3101 παρα-

1927 3035 2264 3097 peccaretur,
2297 3021 2470 3078 solum
2502 3020 2767 3075 Herodem
2800 3018 3229 3088 reprehensurns
3265 3018 3496 3081 accedit,

245 3114 544 3183 νομούντων
596 3117 865 3188 τρόπους,
917 3117 1168 3188 πρόσεισι
1220 3118 1384 3188 μόνον
1425 3116 1518 3172 τὸν
1570 3120 1819 3192 Ἡρώδην

242 3204 549 3277 διελέγχων,
593 3208 689 3261 καὶ
743 3207 1129 3279 ῥιψοκινδύνως
1181 3210 1313 3281 περὶ
1351 3210 1453 3281 τῆς
1492 3211 1819 3283 Ἡρωδιάδος

200 3309 204 3312 ‘
250 3294 418 3366 βοῶν’
455 3316 475 3350 ι
499 3300 610 3352 οὐκ
651 3299 826 3365 ἒξεστί
865 3318 947 3355 σοι
981 3300 1128 3372 ἔχειν
1174 3302 1381 3374 αὐτήνο
1416 3321 1435 3355 ι
1480 3304 1668 3357 οὐδένα
1710 3305 1819 3375 γάρ

246 3387 387 3453 ὅλως
409 3390 502 3444 τοῦ
535 3391 716 3447 παθεῖν
745 3394 982 3447 ἐποιεῖτο
1009 3393 1189 3462 λόγον,
1216 3394 1377 3465 ἄχρις
1406 3394 1474 3449 ἂν
1500 3396 1648 3467 αὐτῷ
1678 3396 1822 3450 κατά

247 3476 339 3532 τὸν
368 3479 694 3551 προτεθέντα
723 3481 928 3536 σκοπὸν
952 3481 1137 3546 διεξίοι
1163 3480 1233 3535 τὰ
1257 3480 1576 3552 πράγματα.
1601 3478 1823 3550 Δεσμώ-

250 3584 340 3640 ﬁt;
371 3572 552 3626 τοίνυν
573 3574 604 3626 δ
637 3572 846 3636 δίκαιος
871 3575 936 3628 ἐκ
967 3571 1307 3644 τυραννικῶν
1346 3569 1557 3639 ἐγίνετο
1587 3587 1823 3641 προστα-

252 3663 487 3731 γμάτων,
526 3666 626 3719 καὶ
662 3665 725 3719 τὸ
758 3665 931 3728 πάθος
954 3664 1244 3719 ⁸ἐδυσώειτει
1272 3663 1366 3717 τὸν
1414 3661 1823 3733 φιλεγκλήμονα

250 3751 349 3806 τῶν
380 3755 652 3810 Ἰουδαίων
681 3756 831 3811 λαόν.
874 3758 964 3820 Ὠς
995 3754 1105 3828 γὰρ
1150 3755 1291 3827 ὑπὲρ
1341 3753 1509 3825 νόμου
1543 3753 1823 3823 πάσχοντα

254 3842 445 3913 loud",
469 3848 690 3920 ἀγαπᾷν
715 3849 1078 3919 ἠναγκάζετο,
1125 3847 1471 3920 ἑτοιμότερος
1497 3861 1556 3900 τε
1580 3845 1682 3918 ἤδη
1710 3846 1823 3911 τοῖς

253 3936 373 4008 παρ’
396 3939 565 3993 αὐτού
591 3941 1014 4013 κηρυττομένοις
1039 3941 1177 4012 πρὸς
1200 3939 1261 3992 τὸ
1290 3938 1565 3993 πιστεύειν
1593 3938 1821 4007 ἐγίνετο.

253 4027 450 4084 Οὐκοῦν
495 4032 599 4095 τὰς
643 4031 755 4085 τῶν
803 4032 1071 4087 Ἰουδαίων
1132 4030 1376 4098 εὐνοίας,
1423 4031 1522 4085 καὶ
1570 4029 1669 4101 τὴν
1715 4030 1825 4083 τῶν

1924 3129 1982 3173 et
2003 3118 2263 3172 audacter
2302 3116 2372 3170 de
2421 3114 2725 3170 Herodiade
2763 3110 3005 3165 clamans
3049 3126 3066 3163 :
3118 3125 3137 3160 ι
3183 3106 3298 3162 Non
3346 3107 3498 3169 licet.

1921 3210 2115 3280 inquit,
2140 3207 2234 3262 tibi
2256 3221 2375 3262 eam
2406 3205 2607 3261 habere
2632 3204 2713 3269 ‘l;
2740 3219 2759 3254 ι
2788 3208 3100 3269 contempto
3126 3198 3283 3269 plane
3305 3198 3499 3252 mortis

1920 3300 2185 3372 periculo,
2210 3299 2336 3354 dum
2359 3298 2407 3353 ei
2431 3298 2496 3352 ad
2519 3296 2880 3366 prastitutum
2907 3307 3127 3362 scopum
3159 3305 3249 3346 res
3268 3304 3497 3361 ageren-

1926 3403 2033 3449 tur.
2076 3391 2314 3464 Tyranni
2347 3392 2530 3459 itaque
2558 3388 2712 3457 jussu
2744 3387 2799 3441 in
2832 3385 3046 3442 vincula
3069 3381 3372 3451 coniectus,
3398 3381 3497 3436 Ju-

1920 3485 2065 3540 daeos
2081 3484 2147 3538 ad
2164 3482 2522 3539 accusandum
2544 3494 2742 3549 pronos
2756 3478 2855 3533 sibi
2874 3476 3199 3533 conciliavit.
3214 3473 3351 3528 Nam
3370 3473 3498 3543 quia

1921 3589 2022 3646 pro
2054 3573 2169 3643 lege
2202 3574 2524 3644 patiebatur,
2553 3586 2735 3626 amare
2757 3585 2880 3626 eum
2914 3572 3276 3640 cogebantur,
3316 3581 3500 3637 prom-

1922 3666 2233 3732 ptioresque
2277 3667 2343 3717 ad
2376 3663 2736 3717 adhibendum
2770 3661 3141 3732 praedicationi
3179 3659 3300 3728 ejus
3338 3660 3496 3713 ﬁdem

1923 3751 2310 3807 reddebantur.
2354 3749 2659 3803 Iudaeorum
2716 3750 2895 3817 itaque
2938 3750 3403 3810 benevolentiam,
3444 3759 3500 3802 et

1926 3845 2202 3901 duriorum
2251 3840 2683 3896 incredulitatem
2732 3849 2907 3893 morte
2960 3854 3054 3892 sua
3096 3836 3499 3905 quodaminodo

1927 3934 2157 3991 mercari
2194 3933 2437 4005 Baptista
2471 3931 2662 3987 voluit.
2710 3932 2846 3987 Cum
2880 3944 3011 3985 vero
3045 3928 3283 3997 Spiritus
3316 3928 3492 3981 sancti

1936 4027 2210 4100 particeps
2234 4036 2285 4080 et
2316 4026 2631 4095 prophetica
2663 4027 2837 4094 gratia
2869 4038 2932 4077 ex
2971 4032 3128 4075 utero
3161 4021 3351 4073 matris
3387 4031 3499 4071 sua:

254 4120 623 4193 σκληροτέρων
663 4123 947 4178 ἀπείθειαν
992 4122 1283 4195 ἀγοράζειν
1322 4122 1512 4194 ὥσπερ
1551 4123 1580 4176 ὁ
1622 4121 1820 4175 Βαπτι-

1928 4120 2119 4189 plenus
2147 4128 2316 4185 esset,
2369 4116 2825 4188 lyraunicumqne
2863 4128 3048 4169 ensem
3091 4112 3202 4181 jam
3241 4111 3496 4166 strictum

257 4213 369 4284 στὴς
418 4214 509 4268 διὰ
557 4212 654 4268 τοῦ
698 4215 934 4285 πάσχειν
977 4216 1253 4285 ἠπείγετο.
1301 4215 1519 4285 Ἐπειδὴ
1556 4214 1613 4267 δὲ
1648 4212 1825 4267 ’Πνεύ-

260 4319 412 4372 ματος
459 4306 619 4374 ἁγίου
667 4306 894 4377 μέτοχος
940 4305 1037 4373 ὢν,
1088 4307 1181 4360 καὶ
1227 4307 1575 4376 προφητικῆς
1622 4304 1827 4356 ἀναπε-

1928 4219 1982 4263 et
2014 4209 2214 4264 cervici
2251 4224 2362 4262 suae
2396 4206 2768 4261 imminentem
2798 4205 3159 4274 pmvidisset,
3200 4201 3500 4272 discipulos

1930 4316 2056 4356 suos
2088 4302 2141 4354 in
2175 4300 2279 4354 title
2313 4310 2441 4367 erga
2469 4297 2743 4352 Christum
2775 4295 3121 4351 Servatorem
3172 4293 3501 4348 conﬁrmare

256 4392 557 4466 πλφμενος
586 4396 808 4467 χάριτος
839 4395 919 4449 ἐτι
956 4397 1022 4449 ἐκ
1057 4395 1258 4459 κοιλίας
1302 4393 1507 4466 μητρὸς
1543 4393 1730 4458 αὐτοῦ,
1763 4392 1820 4446 τὸ

1930 4409 1994 4448 ac
2038 4393 2283 4449 stabilire
2317 4391 2507 4455 voluit,
2547 4400 2713 4457 utque
2746 4388 2798 4441 id
2828 4388 2962 4442 citra
3021 4400 3239 4441 omnem
3286 4384 3502 4439 dubita-

256 4485 564 4555 τυραννικὸν
595 4485 821 4557 ἐθεώρει
852 4485 1003 4555 ξίφος
1045 4485 1523 4556 ἁπογυμνούμενον
1558 4485 1692 4557 ήδη,
1733 4485 1826 4538 καὶ

257 4571 335 4625 τὸν
362 4574 465 4627 τού
506 4573 758 4644 σώματος
783 4576 1178 4646 ἀπαστράπτον
1213 4574 1464 4639 θάνατον,
1487 4572 1670 4645 ἐζήτει
1694 4573 1823 4638 τοὺς

257 4663 479 4728 οίκείους
529 4665 778 4737 μαθητάς
828 4666 1122 4737 βεϐαιῶσαι
1167 4666 1303 4730 πρὸς
1346 4665 1447 4735 τὴν
1498 4665 1681 4718 πίστιν
1723 4663 1824 4734 τὴν

260 4754 337 4809 ἐπὶ
367 4756 447 4826 τῷ
476 4757 690 4829 Σωτῆρι
728 4758 949 4829 Χριστῷ
969 4775 984 4789 ο
1016 4758 1213 4811 εἰδέναι
1240 4773 1298 4809 τε
1331 4758 1425 4809 καὶ
1459 4756 1605 4825 μάλα
1638 4755 1826 4822 σαφῶς

257 4844 513 4920 ἐπεθύμει
534 4850 654 4903 κατ’
677 4849 828 4902 οὐδὲν
852 4849 1244 4914 ἐνδοιάζοντας,
1273 4848 1463 4917 ὅτιπερ
1484 4846 1649 4910 αύτός
1679 4848 1824 4899 ἐστιν

257 4939 395 4995 bini.
427 4941 675 5013 σωτηρίᾳ
707 4942 923 4997 πάντων
963 4942 1113 5013 ἥξειν
1144 4940 1611 5014 προσδοκώμενος.
1644 4940 1824 5010 Προσ-

259 5032 479 5084 ποιεῖται
504 5032 684 5084 τοίνυν
710 5032 1068 5102 οίκονομικῶς
1096 5033 1330 5100 ἀγνοεῖν,
1355 5031 1444 5085 ἵνα
1474 5029 1825 5083 πιστεύσαντι

259 5121 535 5195 σύνδρομοι
571 5125 730 5179 πάλιν
756 5126 805 5177 οί
842 5123 1081 5196 μαθηταὶ
1128 5124 1268 5198 πρὸς
1304 5124 1367 5178 τὸ
1408 5123 1687 5178 πιστεύειν
1732 5123 1823 5175 εύ-

258 5211 535 5278 ρίπιοιντο.
558 5210 668 5267 ἾΙν
706 5214 817 5287 γάρ
838 5216 903 5287 δὴ
934 5217 1027 5269 καὶ
1062 5217 1410 5287 φρονήματος
1436 5215 1497 5269 ού
1530 5214 1732 5285 μικρὰν
1767 5215 1824 5267 ἐν

257 5302 422 5375 ἐαυτῷ
451 5305 552 5377 τὴν
584 5304 902 5370 ἀλαζονείαν
936 5307 1235 5372 ὼδίνοντος,
1273 5307 1348 5379 μὴ
1390 5309 1509 5368 ταῖς
1538 5303 1630 5358 τοῦ
1676 5303 1822 5357 διδα-

490 5396 712 5467 μᾶλλον,
742 5399 877 5452 ἀλλὰ
918 5403 1037 5463 ταῖς
1080 5401 1307 5462 οἰκείαις
1353 5394 1822 5464 παιδαγωγεῖσθαι

256 5482 481 5551 βουλαῖς.
534 5489 741 5543 Οὐκοῦν
779 5491 1170 5563 οίκονομικῶς,
1215 5494 1308 5545 καὶ
1341 5492 1408 5545 ἵν’
1449 5489 1621 5552 οὕτως
1654 5488 1820 5541 εῖπωο

312 5664 355 5695 ⁵³
382 5662 542 5718 Joau.
574 5679 613 5727 ι,
645 5663 737 5718 29.
814 5664 858 5698 ⁸ο
881 5667 1035 5719 Joau.
1064 5682 1137 5729 ix,
1173 5667 1258 5720 16.
1335 5666 1377 5696 ⁶¹
1405 5665 1588 5720 Matth.
1624 5679 1735 5730 xlv,
1764 5663 1816 5717 4.

586 5763 857 5824 Pyrum“
895 5764 1011 5823 Gtt.
1050 5764 1288 5826 LXXV.

1934 4483 2134 4536 tionem
2163 4495 2477 4550 persuasum
2528 4480 2811 4542 haberent,
2862 4475 3134 4544 cupiebat,
3189 4474 3330 4542 quod
3386 4472 3502 4539 ipse

1924 4583 2069 4628 esset
2089 4574 2179 4641 qui
2218 4587 2314 4641 pro
2345 4571 2517 4623 salute
2538 4570 2779 4623 omnium
2827 4578 3087 4621 venturus
3132 4578 3253 4618 esse
3300 4575 3500 4628 exspe-

1927 4667 2194 4719 ctabatur.
2228 4662 2391 4716 Certo
2422 4663 2606 4732 itaque
2637 4658 2871 4715 consilio
2904 4657 3123 4712 simulat
3153 4671 3212 4710 se
3251 4656 3458 4709 nescire
3480 4691 3498 4715 ,

1929 4767 1987 4809 ut
2051 4754 2297 4810 credenti
2356 4753 2455 4823 ipsi
2531 4751 2921 4820 discipulorum
2990 4748 3123 4803 ﬁdes
3179 4758 3499 4816 aggregare-

1929 4844 2037 4901 tur.
2096 4844 2377 4915 Regnabat
2434 4845 2579 4899 enim
2626 4858 2733 4897 non
2794 4844 2987 4911 exigua
3045 4843 3099 4894 in
3164 4836 3361 4893 animis
3415 4850 3502 4890 co-

1932 4953 2051 4994 rum
2108 4938 2461 5006 arrogantia,
2536 4950 2712 5007 neque
2771 4951 2831 4989 se
2875 4945 2983 4987 tam
3038 4931 3283 5003 magistri
3338 4945 3499 4998 quam

1940 5032 2054 5085 suis
2114 5030 2352 5099 ipsorum
2398 5029 2641 5084 consiliis
2697 5027 2984 5098 gubernari
3024 5026 3291 5081 volebant.
3344 5021 3501 5092 103

1931 5124 2093 5177 Certo
2131 5122 2291 5192 igitur
2340 5121 2594 5183 consilio,
2648 5131 2840 5189 atque,
2896 5128 2953 5171 ut
3011 5117 3084 5171 ita
3135 5117 3352 5181 dicam,
3390 5113 3501 5165 vel—

1932 5215 2006 5268 uti
2053 5214 2105 5269 in
2138 5229 2295 5269 scena
2324 5213 2685 5284 ignorantium
2732 5225 3016 5283 personam
3052 5209 3300 5271 indueus,
3339 5206 3504 5260 tnittit

1931 5319 1996 5361 ex
2024 5305 2138 5361 suis
2164 5305 2449 5375 discipulis
2478 5306 2613 5360 duos
2636 5303 2863 5374 reliquis
2894 5301 3365 5371 iutelligcutiores,
3397 5297 3504 5352 eis-

1929 5413 2035 5468 que
2080 5398 2237 5469 jubet
2282 5407 2343 5452 ut
2393 5397 2758 5461 sciscitentur,
2804 5404 2859 5451 et
2918 5410 2985 5450 ex
3034 5393 3155 5448 viva
3197 5387 3502 5447 Servatoris

1931 5504 2061 5543 voce
2086 5496 2435 5559 cognoscant,
2462 5503 2531 5543 an
2557 5488 2670 5558 ipse
2697 5487 2765 5541 sit
2793 5487 2839 5541 is
2866 5486 2955 5558 qui
2980 5492 3343 5555 exspectatur.
3367 5477 3499 5533 Cum

3146 5747 3183 5804 ϐ
