  <div class='ocr_page' id='page_1' title='image "/cluster/home/n/w/nwhite01/storage/ocr_20150623/75/hvd.32044073502031/091.png"; bbox 0 0 4032 6212; ppageno 0'>
   <div class='ocr_carea' id='block_1_1' title="bbox 465 317 576 382">
    <p class='ocr_par' dir='ltr' id='par_1_1' title="bbox 465 317 576 382">
     <span class='ocr_line' id='line_1_1' title="bbox 465 317 576 382; baseline -0.018 0"><span class='ocrx_word' id='word_1_1' title='bbox 465 317 576 382; x_wconf 70' lang='lat' dir='ltr'><strong>‘l&#39;lt</strong></span> 
     </span>
    </p>
   </div>
   <div class='ocr_carea' id='block_1_2' title="bbox 1459 307 2690 367">
    <p class='ocr_par' dir='ltr' id='par_1_2' title="bbox 1459 307 2690 367">
     <span class='ocr_line' id='line_1_2' title="bbox 1459 307 2690 367; baseline -0.001 1"><span class='ocrx_word' id='word_1_2' title='bbox 1459 313 1515 367; x_wconf 89' lang='lat' dir='ltr'><strong>s.</strong></span> <span class='ocrx_word' id='word_1_3' title='bbox 1559 310 1827 366; x_wconf 82' lang='lat' dir='ltr'><strong>CYItlLLI</strong></span> <span class='ocrx_word' id='word_1_4' title='bbox 1873 307 2333 363; x_wconf 72' lang='lat' dir='ltr'><strong>ALEXANDRINI</strong></span> <span class='ocrx_word' id='word_1_5' title='bbox 2377 309 2690 367; x_wconf 77' lang='lat' dir='ltr'><strong>ARClllEP.</strong></span> 
     </span>
    </p>
   </div>
   <div class='ocr_carea' id='block_1_3' title="bbox 3608 307 3706 366">
    <p class='ocr_par' dir='ltr' id='par_1_3' title="bbox 3608 307 3706 366">
     <span class='ocr_line' id='line_1_3' title="bbox 3608 307 3706 366; baseline 0.02 -3"><span class='ocrx_word' id='word_1_6' title='bbox 3608 307 3706 366; x_wconf 71' lang='grc' dir='ltr'><strong>ΓΙΞ</strong></span> 
     </span>
    </p>
   </div>
   <div class='ocr_carea' id='block_1_4' title="bbox 476 429 2051 502">
    <p class='ocr_par' dir='ltr' id='par_1_4' title="bbox 476 430 2048 500">
     <span class='ocr_line' id='line_1_4' title="bbox 476 430 2048 500; baseline -0.007 -5"><span class='ocrx_word' id='word_1_7' title='bbox 476 458 606 497; x_wconf 88' lang='lat' dir='ltr'><strong>vero</strong></span> <span class='ocrx_word' id='word_1_8' title='bbox 658 441 693 494; x_wconf 87' lang='lat' dir='ltr'><strong>ii</strong></span> <span class='ocrx_word' id='word_1_9' title='bbox 742 440 808 493; x_wconf 86' lang='lat' dir='ltr'><strong>ad</strong></span> <span class='ocrx_word' id='word_1_10' title='bbox 859 437 1134 493; x_wconf 77' lang='lat' dir='ltr'><strong>Christum</strong></span> <span class='ocrx_word' id='word_1_11' title='bbox 1189 434 1497 497; x_wconf 88' lang='lat' dir='ltr'><strong>venissent,</strong></span> <span class='ocrx_word' id='word_1_12' title='bbox 1554 432 1658 486; x_wconf 89' lang='lat' dir='ltr'><strong>hoc</strong></span> <span class='ocrx_word' id='word_1_13' title='bbox 1705 430 2048 500; x_wconf 69' lang='lat' dir='ltr'><strong>intelligens,</strong></span> 
     </span>
    </p>
   </div>
   <div class='ocr_carea' id='block_1_5' title="bbox 2155 429 3709 502">
    <p class='ocr_par' dir='ltr' id='par_1_5' title="bbox 2155 429 3709 502">
     <span class='ocr_line' id='line_1_5' title="bbox 2155 429 3709 502; baseline 0.001 -21"><span class='ocrx_word' id='word_1_14' title='bbox 2155 448 2269 499; x_wconf 88' lang='grc' dir='ltr'>μεν,</span> <span class='ocrx_word' id='word_1_15' title='bbox 2300 430 2488 502; x_wconf 83' lang='grc' dir='ltr'>ῶσπερ</span> <span class='ocrx_word' id='word_1_16' title='bbox 2536 432 2625 484; x_wconf 72' lang='grc' dir='ltr'><strong>ἐπὶ</strong></span> <span class='ocrx_word' id='word_1_17' title='bbox 2665 431 2868 500; x_wconf 79' lang='grc' dir='ltr'><strong>σκηνῆς</strong></span> <span class='ocrx_word' id='word_1_18' title='bbox 2906 430 2964 481; x_wconf 67' lang='grc' dir='ltr'>το</span> <span class='ocrx_word' id='word_1_19' title='bbox 3000 429 3100 481; x_wconf 77' lang='grc' dir='ltr'><strong>τῶν</strong></span> <span class='ocrx_word' id='word_1_20' title='bbox 3149 429 3483 497; x_wconf 72' lang='grc' dir='ltr'><strong>ἀγνοούντων</strong></span> <span class='ocrx_word' id='word_1_21' title='bbox 3539 446 3709 498; x_wconf 82' lang='grc' dir='ltr'>προσ-</span> 
     </span>
    </p>
   </div>
   <div class='ocr_carea' id='block_1_6' title="bbox 477 522 2042 604">
    <p class='ocr_par' dir='ltr' id='par_1_6' title="bbox 477 522 2042 604">
     <span class='ocr_line' id='line_1_6' title="bbox 477 522 2042 604; baseline -0.006 -18"><span class='ocrx_word' id='word_1_22' title='bbox 477 535 675 604; x_wconf 85' lang='lat' dir='ltr'><strong>quippe</strong></span> <span class='ocrx_word' id='word_1_23' title='bbox 708 532 797 601; x_wconf 91' lang='lat' dir='ltr'><strong>qui</strong></span> <span class='ocrx_word' id='word_1_24' title='bbox 827 544 986 584; x_wconf 83' lang='lat' dir='ltr'><strong>verus</strong></span> <span class='ocrx_word' id='word_1_25' title='bbox 1012 528 1153 582; x_wconf 87' lang='lat' dir='ltr'><strong>Deus</strong></span> <span class='ocrx_word' id='word_1_26' title='bbox 1180 536 1315 591; x_wconf 89' lang='lat' dir='ltr'><strong>crat,</strong></span> <span class='ocrx_word' id='word_1_27' title='bbox 1341 523 1683 593; x_wconf 62' lang='lat' dir='ltr'><strong>prterlariora</strong></span> <span class='ocrx_word' id='word_1_28' title='bbox 1707 522 1848 575; x_wconf 88' lang='lat' dir='ltr'><strong>circa</strong></span> <span class='ocrx_word' id='word_1_29' title='bbox 1881 536 2042 590; x_wconf 44' lang='lat' dir='ltr'><strong>aegro.</strong></span> 
     </span>
    </p>
   </div>
   <div class='ocr_carea' id='block_1_7' title="bbox 480 616 2041 691">
    <p class='ocr_par' dir='ltr' id='par_1_7' title="bbox 480 616 2041 691">
     <span class='ocr_line' id='line_1_7' title="bbox 480 616 2041 691; baseline -0.008 -13"><span class='ocrx_word' id='word_1_30' title='bbox 480 634 563 678; x_wconf 88' lang='lat' dir='ltr'><strong>tos</strong></span> <span class='ocrx_word' id='word_1_31' title='bbox 614 636 776 691; x_wconf 80' lang='lat' dir='ltr'><strong>opera</strong></span> <span class='ocrx_word' id='word_1_32' title='bbox 832 620 1196 685; x_wconf 83' lang='lat' dir='ltr'><strong>miraeulaque</strong></span> <span class='ocrx_word' id='word_1_33' title='bbox 1247 616 1480 677; x_wconf 86' lang='lat' dir='ltr'><strong>edebat,</strong></span> <span class='ocrx_word' id='word_1_34' title='bbox 1534 627 1694 682; x_wconf 86' lang='lat' dir='ltr'><strong>quam</strong></span> <span class='ocrx_word' id='word_1_35' title='bbox 1746 621 1932 679; x_wconf 89' lang='lat' dir='ltr'><strong>antea;</strong></span> <span class='ocrx_word' id='word_1_36' title='bbox 1977 626 2041 667; x_wconf 89' lang='lat' dir='ltr'><strong>ea</strong></span> 
     </span>
    </p>
   </div>
   <div class='ocr_carea' id='block_1_8' title="bbox 483 704 2043 777">
    <p class='ocr_par' dir='ltr' id='par_1_8' title="bbox 483 704 2043 777">
     <span class='ocr_line' id='line_1_8' title="bbox 483 704 2043 777; baseline -0.008 -10"><span class='ocrx_word' id='word_1_37' title='bbox 483 729 608 767; x_wconf 84' lang='lat' dir='ltr'><strong>vero</strong></span> <span class='ocrx_word' id='word_1_38' title='bbox 640 722 787 767; x_wconf 90' lang='lat' dir='ltr'><strong>certo</strong></span> <span class='ocrx_word' id='word_1_39' title='bbox 809 710 1036 765; x_wconf 92' lang='lat' dir='ltr'><strong>consilio</strong></span> <span class='ocrx_word' id='word_1_40' title='bbox 1065 722 1163 777; x_wconf 89' lang='lat' dir='ltr'><strong>per</strong></span> <span class='ocrx_word' id='word_1_41' title='bbox 1193 706 1319 759; x_wconf 89' lang='lat' dir='ltr'><strong>illud</strong></span> <span class='ocrx_word' id='word_1_42' title='bbox 1350 714 1558 773; x_wconf 88' lang='lat' dir='ltr'><strong>tempus</strong></span> <span class='ocrx_word' id='word_1_43' title='bbox 1585 704 1893 771; x_wconf 62' lang='lat' dir='ltr'><strong>praestabat,</strong></span> <span class='ocrx_word' id='word_1_44' title='bbox 1924 716 2043 770; x_wconf 74' lang='lat' dir='ltr'><strong>qu:e</strong></span> 
     </span>
    </p>
   </div>
   <div class='ocr_carea' id='block_1_9' title="bbox 481 792 2041 874">
    <p class='ocr_par' dir='ltr' id='par_1_9' title="bbox 481 792 2041 874">
     <span class='ocr_line' id='line_1_9' title="bbox 481 792 2041 874; baseline -0.008 -16"><span class='ocrx_word' id='word_1_45' title='bbox 481 806 678 874; x_wconf 91' lang='lat' dir='ltr'><strong>ipsum,</strong></span> <span class='ocrx_word' id='word_1_46' title='bbox 715 818 837 856; x_wconf 87' lang='lat' dir='ltr'><strong>cum</strong></span> <span class='ocrx_word' id='word_1_47' title='bbox 869 803 932 854; x_wconf 89' lang='lat' dir='ltr'><strong>ad</strong></span> <span class='ocrx_word' id='word_1_48' title='bbox 963 813 1058 853; x_wconf 92' lang='lat' dir='ltr'><strong>nos</strong></span> <span class='ocrx_word' id='word_1_49' title='bbox 1089 797 1343 857; x_wconf 87' lang='lat' dir='ltr'><strong>venisset,</strong></span> <span class='ocrx_word' id='word_1_50' title='bbox 1381 795 1653 863; x_wconf 72' lang='lat' dir='ltr'><strong>prOphette</strong></span> <span class='ocrx_word' id='word_1_51' title='bbox 1682 792 2041 860; x_wconf 79' lang='lat' dir='ltr'><strong>pra-stitnrunt</strong></span> 
     </span>
    </p>
   </div>
   <div class='ocr_carea' id='block_1_10' title="bbox 434 882 2045 965">
    <p class='ocr_par' dir='ltr' id='par_1_10' title="bbox 434 882 2045 965">
     <span class='ocr_line' id='line_1_10' title="bbox 434 882 2045 965; baseline -0.009 -16"><span class='ocrx_word' id='word_1_52' title='bbox 434 934 447 959; x_wconf 52' lang='grc' dir='ltr'><strong>ε</strong></span> <span class='ocrx_word' id='word_1_53' title='bbox 482 896 855 965; x_wconf 75' lang='lat' dir='ltr'><strong>praedixerant.</strong></span> <span class='ocrx_word' id='word_1_54' title='bbox 890 890 1257 956; x_wconf 83' lang='lat' dir='ltr'><strong>Interrogatus</strong></span> <span class='ocrx_word' id='word_1_55' title='bbox 1291 888 1471 953; x_wconf 81' lang='lat' dir='ltr'><strong>itaque</strong></span> <span class='ocrx_word' id='word_1_56' title='bbox 1518 901 1623 937; x_wconf 94' lang='lat' dir='ltr'><strong>non</strong></span> <span class='ocrx_word' id='word_1_57' title='bbox 1664 885 1846 937; x_wconf 86' lang='lat' dir='ltr'><strong>statim</strong></span> <span class='ocrx_word' id='word_1_58' title='bbox 1878 882 2045 950; x_wconf 84' lang='lat' dir='ltr'><strong>proli-</strong></span> 
     </span>
    </p>
   </div>
   <div class='ocr_carea' id='block_1_11' title="bbox 432 966 2040 1047">
    <p class='ocr_par' dir='ltr' id='par_1_11' title="bbox 432 966 2040 1047">
     <span class='ocr_line' id='line_1_11' title="bbox 432 966 2040 1047; baseline -0.007 -10"><span class='ocrx_word' id='word_1_59' title='bbox 432 966 447 1047; x_wconf 55' lang='grc'>,’</span> <span class='ocrx_word' id='word_1_60' title='bbox 483 996 623 1037; x_wconf 87' lang='lat' dir='ltr'><strong>tetur</strong></span> <span class='ocrx_word' id='word_1_61' title='bbox 661 996 721 1036; x_wconf 89' lang='lat' dir='ltr'><strong>se</strong></span> <span class='ocrx_word' id='word_1_62' title='bbox 754 982 901 1034; x_wconf 82' lang='lat' dir='ltr'><strong>illuni</strong></span> <span class='ocrx_word' id='word_1_63' title='bbox 949 991 1086 1041; x_wconf 87' lang='lat' dir='ltr'><strong>esse,</strong></span> <span class='ocrx_word' id='word_1_64' title='bbox 1117 977 1212 1030; x_wconf 88' lang='lat' dir='ltr'><strong>sed</strong></span> <span class='ocrx_word' id='word_1_65' title='bbox 1246 975 1573 1045; x_wconf 83' lang='lat' dir='ltr'><strong>propheticis</strong></span> <span class='ocrx_word' id='word_1_66' title='bbox 1600 973 2040 1043; x_wconf 56' lang='lat' dir='ltr'><strong>praedictionibus</strong></span> 
     </span>
    </p>
   </div>
   <div class='ocr_carea' id='block_1_12' title="bbox 481 1064 2041 1134">
    <p class='ocr_par' dir='ltr' id='par_1_12' title="bbox 481 1064 2041 1134">
     <span class='ocr_line' id='line_1_12' title="bbox 481 1064 2041 1134; baseline -0.006 -10"><span class='ocrx_word' id='word_1_67' title='bbox 481 1074 745 1124; x_wconf 78' lang='lat' dir='ltr'><strong>factorum</strong></span> <span class='ocrx_word' id='word_1_68' title='bbox 783 1079 836 1122; x_wconf 92' lang='lat' dir='ltr'><strong>et</strong></span> <span class='ocrx_word' id='word_1_69' title='bbox 869 1067 1247 1121; x_wconf 84' lang='lat' dir='ltr'><strong>miraculorum</strong></span> <span class='ocrx_word' id='word_1_70' title='bbox 1285 1065 1707 1134; x_wconf 85' lang='lat' dir='ltr'><strong>ntagnitndinettt</strong></span> <span class='ocrx_word' id='word_1_71' title='bbox 1742 1064 2041 1130; x_wconf 85' lang='lat' dir='ltr'><strong>adaptatis:</strong></span> 
     </span>
    </p>
   </div>
   <div class='ocr_carea' id='block_1_13' title="bbox 486 1152 2047 1228">
    <p class='ocr_par' dir='ltr' id='par_1_13' title="bbox 486 1152 2047 1228">
     <span class='ocr_line' id='line_1_13' title="bbox 486 1152 2047 1228; baseline -0.007 -14"><span class='ocrx_word' id='word_1_72' title='bbox 486 1181 502 1213; x_wconf 78' lang='grc' dir='ltr'><strong>ι</strong></span> <span class='ocrx_word' id='word_1_73' title='bbox 540 1163 637 1223; x_wconf 87' lang='lat' dir='ltr'><strong>lte,</strong></span> <span class='ocrx_word' id='word_1_74' title='bbox 683 1158 879 1228; x_wconf 85' lang='lat' dir='ltr'><strong>inquit,</strong></span> <span class='ocrx_word' id='word_1_75' title='bbox 930 1168 984 1211; x_wconf 94' lang='lat' dir='ltr'><strong>et</strong></span> <span class='ocrx_word' id='word_1_76' title='bbox 1015 1157 1321 1211; x_wconf 83' lang='lat' dir='ltr'><strong>renuntiate</strong></span> <span class='ocrx_word' id='word_1_77' title='bbox 1353 1154 1545 1208; x_wconf 89' lang='lat' dir='ltr'><strong>Joanni</strong></span> <span class='ocrx_word' id='word_1_78' title='bbox 1572 1170 1689 1222; x_wconf 69' lang='lat' dir='ltr'><strong>quae</strong></span> <span class='ocrx_word' id='word_1_79' title='bbox 1734 1152 1962 1206; x_wconf 79' lang='lat' dir='ltr'><strong>audistis</strong></span> <span class='ocrx_word' id='word_1_80' title='bbox 1994 1160 2047 1203; x_wconf 84' lang='lat' dir='ltr'><strong>et</strong></span> 
     </span>
    </p>
   </div>
   <div class='ocr_carea' id='block_1_14' title="bbox 480 1246 2044 1317">
    <p class='ocr_par' dir='ltr' id='par_1_14' title="bbox 480 1246 2044 1317">
     <span class='ocr_line' id='line_1_14' title="bbox 480 1246 2044 1317; baseline -0.004 -13"><span class='ocrx_word' id='word_1_81' title='bbox 480 1253 727 1317; x_wconf 77' lang='lat' dir='ltr'><strong>vidistis;</strong></span> <span class='ocrx_word' id='word_1_82' title='bbox 770 1269 788 1302; x_wconf 71' lang='grc' dir='ltr'><strong>ι</strong></span> <span class='ocrx_word' id='word_1_83' title='bbox 826 1250 1055 1304; x_wconf 84' lang='lat' dir='ltr'><strong>audistis</strong></span> <span class='ocrx_word' id='word_1_84' title='bbox 1081 1249 1223 1303; x_wconf 88' lang='lat' dir='ltr'><strong>enim</strong></span> <span class='ocrx_word' id='word_1_85' title='bbox 1252 1263 1345 1316; x_wconf 90' lang='lat' dir='ltr'><strong>per</strong></span> <span class='ocrx_word' id='word_1_86' title='bbox 1376 1248 1683 1316; x_wconf 81' lang='lat' dir='ltr'><strong>prephetas,</strong></span> <span class='ocrx_word' id='word_1_87' title='bbox 1714 1246 1925 1299; x_wconf 84' lang='lat' dir='ltr'><strong>vidistis</strong></span> <span class='ocrx_word' id='word_1_88' title='bbox 1948 1258 2044 1299; x_wconf 79' lang='lat' dir='ltr'><strong>su-</strong></span> 
     </span>
    </p>
   </div>
   <div class='ocr_carea' id='block_1_15' title="bbox 485 1338 2048 1411">
    <p class='ocr_par' dir='ltr' id='par_1_15' title="bbox 485 1338 2048 1411">
     <span class='ocr_line' id='line_1_15' title="bbox 485 1338 2048 1411; baseline -0.003 -16"><span class='ocrx_word' id='word_1_89' title='bbox 485 1354 717 1411; x_wconf 87' lang='lat' dir='ltr'><strong>temper</strong></span> <span class='ocrx_word' id='word_1_90' title='bbox 747 1356 833 1395; x_wconf 87' lang='lat' dir='ltr'><strong>me</strong></span> <span class='ocrx_word' id='word_1_91' title='bbox 876 1341 1115 1408; x_wconf 86' lang='lat' dir='ltr'><strong>impleta.</strong></span> <span class='ocrx_word' id='word_1_92' title='bbox 1156 1339 1291 1391; x_wconf 85' lang='lat' dir='ltr'><strong>Cum</strong></span> <span class='ocrx_word' id='word_1_93' title='bbox 1343 1339 1524 1407; x_wconf 81' lang='lat' dir='ltr'><strong>itaque</strong></span> <span class='ocrx_word' id='word_1_94' title='bbox 1570 1339 1621 1391; x_wconf 87' lang='lat' dir='ltr'><strong>hi</strong></span> <span class='ocrx_word' id='word_1_95' title='bbox 1670 1338 1953 1401; x_wconf 89' lang='lat' dir='ltr'><strong>ahiissent,</strong></span> <span class='ocrx_word' id='word_1_96' title='bbox 1990 1346 2048 1391; x_wconf 91' lang='lat' dir='ltr'><strong>ut</strong></span> 
     </span>
    </p>
   </div>
   <div class='ocr_carea' id='block_1_16' title="bbox 479 1428 2045 1503">
    <p class='ocr_par' dir='ltr' id='par_1_16' title="bbox 479 1428 2045 1503">
     <span class='ocr_line' id='line_1_16' title="bbox 479 1428 2045 1503; baseline -0.003 -18"><span class='ocrx_word' id='word_1_97' title='bbox 479 1432 808 1503; x_wconf 79' lang='lat' dir='ltr'><strong>evangelista</strong></span> <span class='ocrx_word' id='word_1_98' title='bbox 849 1433 962 1498; x_wconf 88' lang='lat' dir='ltr'><strong>ipse</strong></span> <span class='ocrx_word' id='word_1_99' title='bbox 993 1438 1243 1497; x_wconf 82' lang='lat' dir='ltr'><strong>testatur,</strong></span> <span class='ocrx_word' id='word_1_100' title='bbox 1280 1432 1443 1499; x_wconf 66' lang='lat' dir='ltr'><strong>coepit</strong></span> <span class='ocrx_word' id='word_1_101' title='bbox 1475 1430 1721 1484; x_wconf 83' lang='lat' dir='ltr'><strong>Christus</strong></span> <span class='ocrx_word' id='word_1_102' title='bbox 1753 1428 1896 1497; x_wconf 93' lang='lat' dir='ltr'><strong>loqui</strong></span> <span class='ocrx_word' id='word_1_103' title='bbox 1933 1438 2045 1481; x_wconf 84' lang='lat' dir='ltr'><strong>tur—</strong></span> 
     </span>
    </p>
   </div>
   <div class='ocr_carea' id='block_1_17' title="bbox 484 1518 2049 1586">
    <p class='ocr_par' dir='ltr' id='par_1_17' title="bbox 484 1518 2049 1586">
     <span class='ocr_line' id='line_1_17' title="bbox 484 1518 2049 1586; baseline -0.003 -11"><span class='ocrx_word' id='word_1_104' title='bbox 484 1526 566 1577; x_wconf 87' lang='lat' dir='ltr'><strong>his</strong></span> <span class='ocrx_word' id='word_1_105' title='bbox 616 1525 682 1575; x_wconf 87' lang='lat' dir='ltr'><strong>de</strong></span> <span class='ocrx_word' id='word_1_106' title='bbox 736 1519 984 1576; x_wconf 90' lang='lat' dir='ltr'><strong>Joanne:</strong></span> <span class='ocrx_word' id='word_1_107' title='bbox 1024 1540 1041 1571; x_wconf 78' lang='grc' dir='ltr'><strong>ι</strong></span> <span class='ocrx_word' id='word_1_108' title='bbox 1080 1520 1217 1586; x_wconf 79' lang='lat' dir='ltr'><strong>Quid</strong></span> <span class='ocrx_word' id='word_1_109' title='bbox 1262 1519 1455 1573; x_wconf 83' lang='lat' dir='ltr'><strong>existis</strong></span> <span class='ocrx_word' id='word_1_110' title='bbox 1502 1518 1721 1572; x_wconf 83' lang='lat' dir='ltr'><strong>videre?</strong></span> <span class='ocrx_word' id='word_1_111' title='bbox 1750 1536 1767 1567; x_wconf 77' lang='grc' dir='ltr'><strong>ι</strong></span> <span class='ocrx_word' id='word_1_112' title='bbox 1825 1526 1880 1571; x_wconf 90' lang='lat' dir='ltr'><strong>et</strong></span> <span class='ocrx_word' id='word_1_113' title='bbox 1929 1532 2049 1584; x_wconf 62' lang='lat' dir='ltr'><strong>quae.</strong></span> 
     </span>
    </p>
   </div>
   <div class='ocr_carea' id='block_1_18' title="bbox 482 1605 2045 1680">
    <p class='ocr_par' dir='ltr' id='par_1_18' title="bbox 482 1605 2045 1680">
     <span class='ocr_line' id='line_1_18' title="bbox 482 1605 2045 1680; baseline -0.004 -16"><span class='ocrx_word' id='word_1_114' title='bbox 482 1613 734 1680; x_wconf 72' lang='lat' dir='ltr'><strong>deinceps</strong></span> <span class='ocrx_word' id='word_1_115' title='bbox 779 1620 1104 1679; x_wconf 85' lang='lat' dir='ltr'><strong>sequuntur.</strong></span> <span class='ocrx_word' id='word_1_116' title='bbox 1146 1607 1519 1662; x_wconf 79' lang='lat' dir='ltr'><strong>Necessarium</strong></span> <span class='ocrx_word' id='word_1_117' title='bbox 1558 1620 1691 1661; x_wconf 84' lang='lat' dir='ltr'><strong>vero</strong></span> <span class='ocrx_word' id='word_1_118' title='bbox 1728 1605 1885 1673; x_wconf 87' lang='lat' dir='ltr'><strong>plane</strong></span> <span class='ocrx_word' id='word_1_119' title='bbox 1925 1605 2045 1669; x_wconf 80' lang='lat' dir='ltr'><strong>fuit,</strong></span> 
     </span>
    </p>
   </div>
   <div class='ocr_carea' id='block_1_19' title="bbox 483 1694 2047 1754">
    <p class='ocr_par' dir='ltr' id='par_1_19' title="bbox 483 1694 2047 1754">
     <span class='ocr_line' id='line_1_19' title="bbox 483 1694 2047 1754; baseline -0.003 -1"><span class='ocrx_word' id='word_1_120' title='bbox 483 1712 539 1754; x_wconf 90' lang='lat' dir='ltr'><strong>ut</strong></span> <span class='ocrx_word' id='word_1_121' title='bbox 565 1700 814 1754; x_wconf 78' lang='lat' dir='ltr'><strong>Christus</strong></span> <span class='ocrx_word' id='word_1_122' title='bbox 844 1699 908 1752; x_wconf 92' lang='lat' dir='ltr'><strong>de</strong></span> <span class='ocrx_word' id='word_1_123' title='bbox 932 1696 1138 1751; x_wconf 89' lang='lat' dir='ltr'><strong>Joanne</strong></span> <span class='ocrx_word' id='word_1_124' title='bbox 1166 1712 1469 1751; x_wconf 82' lang='lat' dir='ltr'><strong>sermonem</strong></span> <span class='ocrx_word' id='word_1_125' title='bbox 1504 1694 1882 1750; x_wconf 67' lang='lat' dir='ltr'><strong>faceret.€um</strong></span> <span class='ocrx_word' id='word_1_126' title='bbox 1903 1696 2047 1749; x_wconf 90' lang='lat' dir='ltr'><strong>enim</strong></span> 
     </span>
    </p>
   </div>
   <div class='ocr_carea' id='block_1_20' title="bbox 2142 521 3712 594">
    <p class='ocr_par' dir='ltr' id='par_1_20' title="bbox 2142 521 3712 594">
     <span class='ocr_line' id='line_1_20' title="bbox 2142 521 3712 594; baseline 0.001 -20"><span class='ocrx_word' id='word_1_127' title='bbox 2142 526 2340 575; x_wconf 89' lang='grc' dir='ltr'>ωπεῖον</span> <span class='ocrx_word' id='word_1_128' title='bbox 2385 523 2560 592; x_wconf 79' lang='grc' dir='ltr'>ἐαυτῷ</span> <span class='ocrx_word' id='word_1_129' title='bbox 2595 523 2858 592; x_wconf 77' lang='grc' dir='ltr'>περιθεὶς,</span> <span class='ocrx_word' id='word_1_130' title='bbox 2898 522 3103 591; x_wconf 82' lang='grc' dir='ltr'>πέμπει</span> <span class='ocrx_word' id='word_1_131' title='bbox 3134 521 3242 572; x_wconf 79' lang='grc' dir='ltr'><strong>τῶν</strong></span> <span class='ocrx_word' id='word_1_132' title='bbox 3274 522 3487 573; x_wconf 87' lang='grc' dir='ltr'>οἰκείων</span> <span class='ocrx_word' id='word_1_133' title='bbox 3532 524 3712 594; x_wconf 81' lang='grc' dir='ltr'>μαθη-</span> 
     </span>
    </p>
   </div>
   <div class='ocr_carea' id='block_1_21' title="bbox 2141 609 3710 684">
    <p class='ocr_par' dir='ltr' id='par_1_21' title="bbox 2141 609 3710 684">
     <span class='ocr_line' id='line_1_21' title="bbox 2141 609 3710 684; baseline 0.001 -20"><span class='ocrx_word' id='word_1_134' title='bbox 2141 612 2271 677; x_wconf 87' lang='grc' dir='ltr'>τῶν,</span> <span class='ocrx_word' id='word_1_135' title='bbox 2297 612 2456 683; x_wconf 76' lang='grc' dir='ltr'>οἵπερ</span> <span class='ocrx_word' id='word_1_136' title='bbox 2495 609 2632 684; x_wconf 80' lang='grc' dir='ltr'>ἦσαν</span> <span class='ocrx_word' id='word_1_137' title='bbox 2673 612 3056 680; x_wconf 79' lang='grc' dir='ltr'>συνετώτεροι,</span> <span class='ocrx_word' id='word_1_138' title='bbox 3098 612 3186 663; x_wconf 51' lang='grc' dir='ltr'><strong>καλ</strong></span> <span class='ocrx_word' id='word_1_139' title='bbox 3236 611 3423 681; x_wconf 75' lang='grc' dir='ltr'>δήκαὶ</span> <span class='ocrx_word' id='word_1_140' title='bbox 3470 613 3710 665; x_wconf 82' lang='grc' dir='ltr'>ἀναπυν-</span> 
     </span>
    </p>
   </div>
   <div class='ocr_carea' id='block_1_22' title="bbox 2144 698 3714 769">
    <p class='ocr_par' dir='ltr' id='par_1_22' title="bbox 2144 698 3714 769">
     <span class='ocr_line' id='line_1_22' title="bbox 2144 698 3714 769; baseline -0.001 -16"><span class='ocrx_word' id='word_1_141' title='bbox 2144 700 2401 753; x_wconf 86' lang='grc' dir='ltr'>θάνεσθαι</span> <span class='ocrx_word' id='word_1_142' title='bbox 2432 701 2661 762; x_wconf 80' lang='grc' dir='ltr'>κελεύει,</span> <span class='ocrx_word' id='word_1_143' title='bbox 2696 700 2789 752; x_wconf 71' lang='grc' dir='ltr'><strong>καὶ</strong></span> <span class='ocrx_word' id='word_1_144' title='bbox 2816 700 2901 751; x_wconf 67' lang='grc' dir='ltr'><strong>διὰ</strong></span> <span class='ocrx_word' id='word_1_145' title='bbox 2930 698 3107 768; x_wconf 75' lang='grc' dir='ltr'>ζώσης</span> <span class='ocrx_word' id='word_1_146' title='bbox 3135 700 3225 750; x_wconf 82' lang='grc' dir='ltr'>τοῦ</span> <span class='ocrx_word' id='word_1_147' title='bbox 3256 699 3504 768; x_wconf 77' lang='grc' dir='ltr'><strong>Σωτῆρος</strong></span> <span class='ocrx_word' id='word_1_148' title='bbox 3532 700 3714 769; x_wconf 70' lang='grc' dir='ltr'>φωνῆς</span> 
     </span>
    </p>
   </div>
   <div class='ocr_carea' id='block_1_23' title="bbox 2143 788 3713 859">
    <p class='ocr_par' dir='ltr' id='par_1_23' title="bbox 2143 788 3713 859">
     <span class='ocr_line' id='line_1_23' title="bbox 2143 788 3713 859; baseline -0.001 -18"><span class='ocrx_word' id='word_1_149' title='bbox 2143 790 2421 859; x_wconf 78' lang='grc' dir='ltr'><strong>ἐκμαθεῖν,</strong></span> <span class='ocrx_word' id='word_1_150' title='bbox 2472 793 2520 842; x_wconf 81' lang='grc' dir='ltr'>εἰ</span> <span class='ocrx_word' id='word_1_151' title='bbox 2574 791 2736 851; x_wconf 82' lang='grc' dir='ltr'>αὑτός</span> <span class='ocrx_word' id='word_1_152' title='bbox 2785 790 2930 840; x_wconf 75' lang='grc' dir='ltr'>ἐστιν</span> <span class='ocrx_word' id='word_1_153' title='bbox 2984 788 3449 857; x_wconf 79' lang='grc' dir='ltr'>προσδοκώμενος.</span> <span class='ocrx_word' id='word_1_154' title='bbox 3498 790 3713 859; x_wconf 72' lang='grc' dir='ltr'>Ἐπειδὴ</span> 
     </span>
    </p>
   </div>
   <div class='ocr_carea' id='block_1_24' title="bbox 2142 874 3716 948">
    <p class='ocr_par' dir='ltr' id='par_1_24' title="bbox 2142 874 3716 948">
     <span class='ocr_line' id='line_1_24' title="bbox 2142 874 3716 948; baseline -0.001 -19"><span class='ocrx_word' id='word_1_155' title='bbox 2142 878 2196 929; x_wconf 78' lang='grc' dir='ltr'>δὲ</span> <span class='ocrx_word' id='word_1_156' title='bbox 2225 874 2359 948; x_wconf 84' lang='grc' dir='ltr'>ἧκον</span> <span class='ocrx_word' id='word_1_157' title='bbox 2385 878 2483 948; x_wconf 76' lang='grc' dir='ltr'><strong>ήδη</strong></span> <span class='ocrx_word' id='word_1_158' title='bbox 2513 878 2647 947; x_wconf 80' lang='grc' dir='ltr'>πρὸς</span> <span class='ocrx_word' id='word_1_159' title='bbox 2681 877 2770 928; x_wconf 80' lang='grc' dir='ltr'><strong>τὸν</strong></span> <span class='ocrx_word' id='word_1_160' title='bbox 2805 875 3009 945; x_wconf 80' lang='grc' dir='ltr'><strong>Ἰησοῦν</strong></span> <span class='ocrx_word' id='word_1_161' title='bbox 3038 876 3085 927; x_wconf 83' lang='grc' dir='ltr'>οἱ</span> <span class='ocrx_word' id='word_1_162' title='bbox 3116 874 3530 945; x_wconf 79' lang='grc' dir='ltr'>ἀπεσταλμένοι,</span> <span class='ocrx_word' id='word_1_163' title='bbox 3557 876 3716 928; x_wconf 83' lang='grc' dir='ltr'>τοῦτο</span> 
     </span>
    </p>
   </div>
   <div class='ocr_carea' id='block_1_25' title="bbox 2146 965 3716 1038">
    <p class='ocr_par' dir='ltr' id='par_1_25' title="bbox 2146 965 3716 1038">
     <span class='ocr_line' id='line_1_25' title="bbox 2146 965 3716 1038; baseline -0.003 -17"><span class='ocrx_word' id='word_1_164' title='bbox 2146 970 2352 1035; x_wconf 78' lang='grc' dir='ltr'>συνεὶς,</span> <span class='ocrx_word' id='word_1_165' title='bbox 2399 969 2496 1021; x_wconf 78' lang='grc' dir='ltr'>ἆτε</span> <span class='ocrx_word' id='word_1_166' title='bbox 2538 968 2602 1038; x_wconf 79' lang='grc' dir='ltr'>δὴ</span> <span class='ocrx_word' id='word_1_167' title='bbox 2630 967 2776 1031; x_wconf 81' lang='grc' dir='ltr'>Θεὸς</span> <span class='ocrx_word' id='word_1_168' title='bbox 2828 966 3084 1034; x_wconf 80' lang='grc' dir='ltr'>ὑπάρχων</span> <span class='ocrx_word' id='word_1_169' title='bbox 3132 965 3401 1035; x_wconf 76' lang='grc' dir='ltr'>ἀληθινὸς,</span> <span class='ocrx_word' id='word_1_170' title='bbox 3449 965 3716 1018; x_wconf 82' lang='grc' dir='ltr'>πλουσιω-</span> 
     </span>
    </p>
   </div>
   <div class='ocr_carea' id='block_1_26' title="bbox 2144 1056 3717 1131">
    <p class='ocr_par' dir='ltr' id='par_1_26' title="bbox 2144 1056 3717 1131">
     <span class='ocr_line' id='line_1_26' title="bbox 2144 1056 3717 1131; baseline -0.003 -19"><span class='ocrx_word' id='word_1_171' title='bbox 2144 1061 2199 1112; x_wconf 81' lang='grc' dir='ltr'><em>τέ</em></span> <span class='ocrx_word' id='word_1_172' title='bbox 2212 1078 2306 1131; x_wconf 91' lang='grc' dir='ltr'><strong>ραν</strong></span> <span class='ocrx_word' id='word_1_173' title='bbox 2334 1062 2567 1112; x_wconf 78' lang='grc' dir='ltr'>ἐποιεῖτο</span> <span class='ocrx_word' id='word_1_174' title='bbox 2592 1060 2689 1128; x_wconf 79' lang='grc' dir='ltr'>τὴν</span> <span class='ocrx_word' id='word_1_175' title='bbox 2713 1060 2805 1110; x_wconf 74' lang='grc' dir='ltr'>ἐπὶ</span> <span class='ocrx_word' id='word_1_176' title='bbox 2830 1060 2939 1119; x_wconf 89' lang='grc' dir='ltr'>τοῖς</span> <span class='ocrx_word' id='word_1_177' title='bbox 2967 1056 3231 1124; x_wconf 77' lang='grc' dir='ltr'>κάμνουσι</span> <span class='ocrx_word' id='word_1_178' title='bbox 3266 1056 3594 1125; x_wconf 74' lang='grc' dir='ltr'><strong>φιλοτιμίαν,</strong></span> <span class='ocrx_word' id='word_1_179' title='bbox 3624 1058 3717 1109; x_wconf 78' lang='grc' dir='ltr'>καὶ</span> 
     </span>
    </p>
   </div>
   <div class='ocr_carea' id='block_1_27' title="bbox 2149 1146 3719 1221">
    <p class='ocr_par' dir='ltr' id='par_1_27' title="bbox 2149 1146 3719 1221">
     <span class='ocr_line' id='line_1_27' title="bbox 2149 1146 3719 1221; baseline -0.001 -20"><span class='ocrx_word' id='word_1_180' title='bbox 2149 1150 2466 1221; x_wconf 80' lang='grc' dir='ltr'>παραδόξων</span> <span class='ocrx_word' id='word_1_181' title='bbox 2510 1150 2800 1219; x_wconf 71' lang='grc' dir='ltr'>ηὑρίσκετο</span> <span class='ocrx_word' id='word_1_182' title='bbox 2834 1147 3062 1216; x_wconf 80' lang='grc' dir='ltr'>ποιητὴς</span> <span class='ocrx_word' id='word_1_183' title='bbox 3093 1146 3211 1197; x_wconf 86' lang='grc' dir='ltr'>τότε</span> <span class='ocrx_word' id='word_1_184' title='bbox 3268 1146 3465 1214; x_wconf 82' lang='grc' dir='ltr'>μᾶλλον</span> <span class='ocrx_word' id='word_1_185' title='bbox 3512 1147 3544 1216; x_wconf 81' lang='grc' dir='ltr'>ἢ</span> <span class='ocrx_word' id='word_1_186' title='bbox 3583 1148 3719 1217; x_wconf 84' lang='grc' dir='ltr'>πρό-</span> 
     </span>
    </p>
   </div>
   <div class='ocr_carea' id='block_1_28' title="bbox 2146 1238 3721 1313">
    <p class='ocr_par' dir='ltr' id='par_1_28' title="bbox 2146 1238 3721 1313">
     <span class='ocr_line' id='line_1_28' title="bbox 2146 1238 3721 1313; baseline -0.001 -17"><span class='ocrx_word' id='word_1_187' title='bbox 2146 1258 2334 1313; x_wconf 84' lang='grc' dir='ltr'>τερον·</span> <span class='ocrx_word' id='word_1_188' title='bbox 2369 1244 2552 1294; x_wconf 79' lang='grc' dir='ltr'>ἐκεῖνα</span> <span class='ocrx_word' id='word_1_189' title='bbox 2582 1242 2637 1293; x_wconf 82' lang='grc' dir='ltr'><strong>δὲ</strong></span> <span class='ocrx_word' id='word_1_190' title='bbox 2674 1238 3029 1310; x_wconf 79' lang='grc' dir='ltr'>οἰκονομικῶς</span> <span class='ocrx_word' id='word_1_191' title='bbox 3072 1238 3355 1307; x_wconf 80' lang='grc' dir='ltr'>εἰργάζετο</span> <span class='ocrx_word' id='word_1_192' title='bbox 3398 1240 3518 1290; x_wconf 83' lang='grc' dir='ltr'>κατ’</span> <span class='ocrx_word' id='word_1_193' title='bbox 3545 1242 3721 1293; x_wconf 75' lang='grc' dir='ltr'>ἐκεῖνο</span> 
     </span>
    </p>
   </div>
   <div class='ocr_carea' id='block_1_29' title="bbox 2152 1326 3719 1405">
    <p class='ocr_par' dir='ltr' id='par_1_29' title="bbox 2152 1326 3719 1405">
     <span class='ocr_line' id='line_1_29' title="bbox 2152 1326 3719 1405; baseline -0.002 -21"><span class='ocrx_word' id='word_1_194' title='bbox 2152 1333 2384 1405; x_wconf 86' lang='grc' dir='ltr'>μάλιστα</span> <span class='ocrx_word' id='word_1_195' title='bbox 2438 1329 2819 1400; x_wconf 71' lang='grc' dir='ltr'>καιροῦ,ἆπερ</span> <span class='ocrx_word' id='word_1_196' title='bbox 2864 1327 3022 1379; x_wconf 84' lang='grc' dir='ltr'>αὑτὸν</span> <span class='ocrx_word' id='word_1_197' title='bbox 3062 1326 3413 1392; x_wconf 75' lang='grc' dir='ltr'>ἐπιτελέσειν,</span> <span class='ocrx_word' id='word_1_198' title='bbox 3440 1328 3565 1379; x_wconf 74' lang='grc' dir='ltr'>ἰταν</span> <span class='ocrx_word' id='word_1_199' title='bbox 3591 1329 3719 1397; x_wconf 70' lang='grc' dir='ltr'>ἥκοι</span> 
     </span>
    </p>
   </div>
   <div class='ocr_carea' id='block_1_30' title="bbox 2148 1418 3719 1493">
    <p class='ocr_par' dir='ltr' id='par_1_30' title="bbox 2148 1418 3719 1493">
     <span class='ocr_line' id='line_1_30' title="bbox 2148 1418 3719 1493; baseline -0.003 -18"><span class='ocrx_word' id='word_1_200' title='bbox 2148 1423 2286 1493; x_wconf 75' lang='grc' dir='ltr'>πρὸς</span> <span class='ocrx_word' id='word_1_201' title='bbox 2326 1423 2494 1491; x_wconf 74' lang='grc' dir='ltr'>ἡμᾶς,</span> <span class='ocrx_word' id='word_1_202' title='bbox 2543 1422 2591 1472; x_wconf 81' lang='grc' dir='ltr'>οἱ</span> <span class='ocrx_word' id='word_1_203' title='bbox 2628 1419 2905 1489; x_wconf 79' lang='grc' dir='ltr'>προφῆται</span> <span class='ocrx_word' id='word_1_204' title='bbox 2950 1418 3280 1488; x_wconf 77' lang='grc' dir='ltr'>διήγγελλον.</span> <span class='ocrx_word' id='word_1_205' title='bbox 3337 1419 3719 1487; x_wconf 65' lang='grc' dir='ltr'>Ἰέρωτώμενος</span> 
     </span>
    </p>
   </div>
   <div class='ocr_carea' id='block_1_31' title="bbox 2146 1508 3717 1580">
    <p class='ocr_par' dir='ltr' id='par_1_31' title="bbox 2146 1508 3717 1580">
     <span class='ocr_line' id='line_1_31' title="bbox 2146 1508 3717 1580; baseline -0.005 -11"><span class='ocrx_word' id='word_1_206' title='bbox 2146 1517 2348 1579; x_wconf 81' lang='grc' dir='ltr'>τοίνυν,</span> <span class='ocrx_word' id='word_1_207' title='bbox 2382 1514 2481 1566; x_wconf 84' lang='grc' dir='ltr'><strong>οὑκ</strong></span> <span class='ocrx_word' id='word_1_208' title='bbox 2517 1512 2674 1575; x_wconf 75' lang='grc' dir='ltr'>εὐθὺς</span> <span class='ocrx_word' id='word_1_209' title='bbox 2722 1511 2934 1580; x_wconf 79' lang='grc' dir='ltr'>ὑπαντᾷ</span> <span class='ocrx_word' id='word_1_210' title='bbox 2965 1510 3055 1562; x_wconf 88' lang='grc' dir='ltr'><strong>καί</strong></span> <span class='ocrx_word' id='word_1_211' title='bbox 3102 1526 3232 1579; x_wconf 75' lang='grc' dir='ltr'>φησι</span> <span class='ocrx_word' id='word_1_212' title='bbox 3263 1509 3346 1572; x_wconf 86' lang='lat'><strong>1:6,</strong></span> <span class='ocrx_word' id='word_1_213' title='bbox 3382 1508 3522 1576; x_wconf 82' lang='grc' dir='ltr'><strong>Ἐγώ</strong></span> <span class='ocrx_word' id='word_1_214' title='bbox 3554 1512 3671 1579; x_wconf 86' lang='grc' dir='ltr'>εἰμι</span> <span class='ocrx_word' id='word_1_215' title='bbox 3702 1550 3717 1571; x_wconf 84' lang='grc'><strong>,</strong></span> 
     </span>
    </p>
   </div>
   <div class='ocr_carea' id='block_1_32' title="bbox 2148 1598 3723 1674">
    <p class='ocr_par' dir='ltr' id='par_1_32' title="bbox 2148 1598 3723 1674">
     <span class='ocr_line' id='line_1_32' title="bbox 2148 1598 3723 1674; baseline -0.006 -16"><span class='ocrx_word' id='word_1_216' title='bbox 2148 1604 2283 1659; x_wconf 83' lang='grc' dir='ltr'>ἀλλὰ</span> <span class='ocrx_word' id='word_1_217' title='bbox 2314 1606 2426 1666; x_wconf 85' lang='grc' dir='ltr'>τοῖς</span> <span class='ocrx_word' id='word_1_218' title='bbox 2454 1603 2808 1674; x_wconf 78' lang='grc' dir='ltr'>προφητικοῖς</span> <span class='ocrx_word' id='word_1_219' title='bbox 2834 1599 3160 1669; x_wconf 82' lang='grc' dir='ltr'>κηρύγμασι</span> <span class='ocrx_word' id='word_1_220' title='bbox 3188 1598 3285 1667; x_wconf 87' lang='grc' dir='ltr'>τὴν</span> <span class='ocrx_word' id='word_1_221' title='bbox 3314 1599 3370 1650; x_wconf 80' lang='grc' dir='ltr'>ὲν</span> <span class='ocrx_word' id='word_1_222' title='bbox 3391 1600 3498 1659; x_wconf 89' lang='grc' dir='ltr'>τοῖς</span> <span class='ocrx_word' id='word_1_223' title='bbox 3526 1599 3723 1650; x_wconf 85' lang='grc' dir='ltr'>ἀποτε-</span> 
     </span>
    </p>
   </div>
   <div class='ocr_carea' id='block_1_33' title="bbox 2149 1687 3721 1763">
    <p class='ocr_par' dir='ltr' id='par_1_33' title="bbox 2149 1687 3721 1763">
     <span class='ocr_line' id='line_1_33' title="bbox 2149 1687 3721 1763; baseline -0.005 -16"><span class='ocrx_word' id='word_1_224' title='bbox 2149 1696 2384 1749; x_wconf 87' lang='grc' dir='ltr'>λεσθεῖσι</span> <span class='ocrx_word' id='word_1_225' title='bbox 2410 1693 2673 1763; x_wconf 72' lang='grc' dir='ltr'>παραθεὶς</span> <span class='ocrx_word' id='word_1_226' title='bbox 2700 1691 3097 1760; x_wconf 84' lang='grc' dir='ltr'>μεγαλουργίαν</span> <span class='ocrx_word' id='word_1_227' title='bbox 3115 1705 3127 1718; x_wconf 87' lang='grc'><strong>·</strong></span> <span class='ocrx_word' id='word_1_228' title='bbox 3165 1710 3182 1739; x_wconf 78' lang='grc' dir='ltr'><strong>ι</strong></span> <span class='ocrx_word' id='word_1_229' title='bbox 3216 1687 3594 1757; x_wconf 80' lang='grc' dir='ltr'>Πορευθέντες,</span> <span class='ocrx_word' id='word_1_230' title='bbox 3624 1706 3721 1758; x_wconf 75' lang='grc' dir='ltr'><strong>φη-</strong></span> 
     </span>
    </p>
   </div>
   <div class='ocr_carea' id='block_1_34' title="bbox 482 1780 2051 1855">
    <p class='ocr_par' dir='ltr' id='par_1_34' title="bbox 482 1785 2049 1855">
     <span class='ocr_line' id='line_1_34' title="bbox 482 1785 2049 1855; baseline -0.005 -9"><span class='ocrx_word' id='word_1_231' title='bbox 482 1790 808 1846; x_wconf 74' lang='lat' dir='ltr'><strong>circutnfusa</strong></span> <span class='ocrx_word' id='word_1_232' title='bbox 862 1790 1169 1842; x_wconf 89' lang='lat' dir='ltr'><strong>auditorum</strong></span> <span class='ocrx_word' id='word_1_233' title='bbox 1209 1787 1364 1849; x_wconf 72' lang='lat' dir='ltr'><strong>turba</strong></span> <span class='ocrx_word' id='word_1_234' title='bbox 1406 1788 1768 1855; x_wconf 85' lang='lat' dir='ltr'><strong>cognovisset,</strong></span> <span class='ocrx_word' id='word_1_235' title='bbox 1816 1785 2049 1854; x_wconf 75' lang='lat' dir='ltr'><strong>discipu-</strong></span> 
     </span>
    </p>
   </div>
   <div class='ocr_carea' id='block_1_35' title="bbox 2155 1780 3717 1855">
    <p class='ocr_par' dir='ltr' id='par_1_35' title="bbox 2155 1780 3717 1853">
     <span class='ocr_line' id='line_1_35' title="bbox 2155 1780 3717 1853; baseline -0.006 -13"><span class='ocrx_word' id='word_1_236' title='bbox 2155 1789 2256 1851; x_wconf 65' lang='grc' dir='ltr'>σίν,</span> <span class='ocrx_word' id='word_1_237' title='bbox 2291 1785 2662 1853; x_wconf 77' lang='grc' dir='ltr'>ἀπαγγείλατε</span> <span class='ocrx_word' id='word_1_238' title='bbox 2700 1782 2917 1851; x_wconf 81' lang='grc' dir='ltr'>Ἰωάννῃ</span> <span class='ocrx_word' id='word_1_239' title='bbox 2944 1781 2982 1834; x_wconf 72' lang='grc' dir='ltr'>ἃ</span> <span class='ocrx_word' id='word_1_240' title='bbox 3011 1781 3179 1833; x_wconf 68' lang='grc' dir='ltr'>εἴδετε</span> <span class='ocrx_word' id='word_1_241' title='bbox 3229 1780 3320 1832; x_wconf 67' lang='grc' dir='ltr'><strong>κα)⁸</strong></span> <span class='ocrx_word' id='word_1_242' title='bbox 3362 1781 3630 1849; x_wconf 70' lang='grc' dir='ltr'>ἠκούσατε</span> <span class='ocrx_word' id='word_1_243' title='bbox 3653 1795 3664 1807; x_wconf 90' lang='grc'><strong>·</strong></span> <span class='ocrx_word' id='word_1_244' title='bbox 3698 1799 3717 1830; x_wconf 78' lang='lat' dir='ltr'><strong>t</strong></span> 
     </span>
    </p>
   </div>
   <div class='ocr_carea' id='block_1_36' title="bbox 484 1875 2047 1947">
    <p class='ocr_par' dir='ltr' id='par_1_36' title="bbox 484 1875 2047 1947">
     <span class='ocr_line' id='line_1_36' title="bbox 484 1875 2047 1947; baseline -0.003 -13"><span class='ocrx_word' id='word_1_245' title='bbox 484 1884 563 1936; x_wconf 87' lang='lat' dir='ltr'><strong>los</strong></span> <span class='ocrx_word' id='word_1_246' title='bbox 596 1879 822 1935; x_wconf 87' lang='lat' dir='ltr'><strong>Joannis</strong></span> <span class='ocrx_word' id='word_1_247' title='bbox 849 1894 990 1942; x_wconf 88' lang='lat' dir='ltr'><strong>esse,</strong></span> <span class='ocrx_word' id='word_1_248' title='bbox 1030 1879 1119 1947; x_wconf 88' lang='lat' dir='ltr'><strong>qui</strong></span> <span class='ocrx_word' id='word_1_249' title='bbox 1152 1878 1630 1946; x_wconf 76' lang='lat' dir='ltr'><strong>interrogationem</strong></span> <span class='ocrx_word' id='word_1_250' title='bbox 1659 1877 1805 1929; x_wconf 85' lang='lat' dir='ltr'><strong>illaut</strong></span> <span class='ocrx_word' id='word_1_251' title='bbox 1831 1875 2047 1930; x_wconf 86' lang='lat' dir='ltr'><strong>Christo</strong></span> 
     </span>
    </p>
   </div>
   <div class='ocr_carea' id='block_1_37' title="bbox 466 1968 2047 2041">
    <p class='ocr_par' dir='ltr' id='par_1_37' title="bbox 466 1968 2047 2041">
     <span class='ocr_line' id='line_1_37' title="bbox 466 1968 2047 2041; baseline -0.005 -14"><span class='ocrx_word' id='word_1_252' title='bbox 466 1973 908 2041; x_wconf 65' lang='lat' dir='ltr'><strong>proposuissent,</strong></span> <span class='ocrx_word' id='word_1_253' title='bbox 939 1983 1169 2038; x_wconf 87' lang='lat' dir='ltr'><strong>cumque</strong></span> <span class='ocrx_word' id='word_1_254' title='bbox 1204 1968 1303 2035; x_wconf 88' lang='lat' dir='ltr'><strong>ipsi</strong></span> <span class='ocrx_word' id='word_1_255' title='bbox 1335 1982 1441 2020; x_wconf 90' lang='lat' dir='ltr'><strong>non</strong></span> <span class='ocrx_word' id='word_1_256' title='bbox 1474 1974 1533 2020; x_wconf 91' lang='lat' dir='ltr'><strong>ut</strong></span> <span class='ocrx_word' id='word_1_257' title='bbox 1561 1981 1656 2021; x_wconf 90' lang='lat' dir='ltr'><strong>sua</strong></span> <span class='ocrx_word' id='word_1_258' title='bbox 1682 1968 1921 2034; x_wconf 86' lang='lat' dir='ltr'><strong>ipsorum</strong></span> <span class='ocrx_word' id='word_1_259' title='bbox 1943 1968 2047 2019; x_wconf 90' lang='lat' dir='ltr'><strong>du-</strong></span> 
     </span>
    </p>
   </div>
   <div class='ocr_carea' id='block_1_38' title="bbox 472 2057 2047 2120">
    <p class='ocr_par' dir='ltr' id='par_1_38' title="bbox 472 2057 2047 2120">
     <span class='ocr_line' id='line_1_38' title="bbox 472 2057 2047 2120; baseline -0.004 -2"><span class='ocrx_word' id='word_1_260' title='bbox 472 2064 747 2118; x_wconf 70' lang='lat' dir='ltr'><strong>bitatione</strong></span> <span class='ocrx_word' id='word_1_261' title='bbox 804 2075 926 2115; x_wconf 90' lang='lat' dir='ltr'><strong>sese</strong></span> <span class='ocrx_word' id='word_1_262' title='bbox 980 2060 1297 2120; x_wconf 85' lang='lat' dir='ltr'><strong>liberarent,</strong></span> <span class='ocrx_word' id='word_1_263' title='bbox 1333 2058 1626 2120; x_wconf 77' lang='lat' dir='ltr'><strong>venissent,</strong></span> <span class='ocrx_word' id='word_1_264' title='bbox 1672 2058 1769 2111; x_wconf 85' lang='lat' dir='ltr'><strong>sed</strong></span> <span class='ocrx_word' id='word_1_265' title='bbox 1819 2057 1968 2113; x_wconf 89' lang='lat' dir='ltr'><strong>illum</strong></span> <span class='ocrx_word' id='word_1_266' title='bbox 2017 2074 2047 2111; x_wconf 88' lang='lat' dir='ltr'><strong>a</strong></span> 
     </span>
    </p>
   </div>
   <div class='ocr_carea' id='block_1_39' title="bbox 462 2147 2051 2225">
    <p class='ocr_par' dir='ltr' id='par_1_39' title="bbox 462 2147 2051 2225">
     <span class='ocr_line' id='line_1_39' title="bbox 462 2147 2051 2225; baseline -0.004 -17"><span class='ocrx_word' id='word_1_267' title='bbox 462 2170 590 2225; x_wconf 52' lang='grc' dir='ltr'>διιυο</span> <span class='ocrx_word' id='word_1_268' title='bbox 620 2153 769 2208; x_wconf 88' lang='lat' dir='ltr'><strong>missi</strong></span> <span class='ocrx_word' id='word_1_269' title='bbox 793 2160 966 2213; x_wconf 82' lang='lat' dir='ltr'><strong>erant,</strong></span> <span class='ocrx_word' id='word_1_270' title='bbox 991 2150 1190 2218; x_wconf 79' lang='lat' dir='ltr'><strong>quique</strong></span> <span class='ocrx_word' id='word_1_271' title='bbox 1215 2149 1296 2202; x_wconf 85' lang='lat' dir='ltr'><strong>eis</strong></span> <span class='ocrx_word' id='word_1_272' title='bbox 1323 2157 1382 2201; x_wconf 92' lang='lat' dir='ltr'><strong>ut</strong></span> <span class='ocrx_word' id='word_1_273' title='bbox 1416 2147 1467 2201; x_wconf 89' lang='lat' dir='ltr'><strong>id</strong></span> <span class='ocrx_word' id='word_1_274' title='bbox 1495 2147 1931 2213; x_wconf 78' lang='lat' dir='ltr'><strong>sciscitarentur,</strong></span> <span class='ocrx_word' id='word_1_275' title='bbox 1968 2149 2051 2203; x_wconf 87' lang='lat' dir='ltr'><strong>in-</strong></span> 
     </span>
    </p>
   </div>
   <div class='ocr_carea' id='block_1_40' title="bbox 453 2239 2049 2315">
    <p class='ocr_par' dir='ltr' id='par_1_40' title="bbox 453 2239 2049 2315">
     <span class='ocr_line' id='line_1_40' title="bbox 453 2239 2049 2315; baseline -0.005 -14"><span class='ocrx_word' id='word_1_276' title='bbox 453 2248 763 2315; x_wconf 79' lang='lat' dir='ltr'><strong>.‘junxerat;</strong></span> <span class='ocrx_word' id='word_1_277' title='bbox 823 2240 1090 2296; x_wconf 81' lang='lat' dir='ltr'><strong>intellexit</strong></span> <span class='ocrx_word' id='word_1_278' title='bbox 1140 2240 1323 2294; x_wconf 86' lang='lat' dir='ltr'><strong>statim</strong></span> <span class='ocrx_word' id='word_1_279' title='bbox 1370 2239 1651 2303; x_wconf 83' lang='lat' dir='ltr'><strong>Christus,</strong></span> <span class='ocrx_word' id='word_1_280' title='bbox 1712 2242 1912 2309; x_wconf 85' lang='lat' dir='ltr'><strong>quippe</strong></span> <span class='ocrx_word' id='word_1_281' title='bbox 1958 2240 2049 2309; x_wconf 90' lang='lat' dir='ltr'><strong>qui</strong></span> 
     </span>
    </p>
   </div>
   <div class='ocr_carea' id='block_1_41' title="bbox 466 2330 2051 2403">
    <p class='ocr_par' dir='ltr' id='par_1_41' title="bbox 466 2330 2051 2403">
     <span class='ocr_line' id='line_1_41' title="bbox 466 2330 2051 2403; baseline -0.005 -12"><span class='ocrx_word' id='word_1_282' title='bbox 466 2338 647 2391; x_wconf 51' lang='lat' dir='ltr'><strong>‘curda</strong></span> <span class='ocrx_word' id='word_1_283' title='bbox 705 2344 760 2389; x_wconf 90' lang='lat' dir='ltr'><strong>et</strong></span> <span class='ocrx_word' id='word_1_284' title='bbox 808 2332 1164 2403; x_wconf 75' lang='lat' dir='ltr'><strong>cogitationes</strong></span> <span class='ocrx_word' id='word_1_285' title='bbox 1209 2330 1484 2384; x_wconf 90' lang='lat' dir='ltr'><strong>hominum</strong></span> <span class='ocrx_word' id='word_1_286' title='bbox 1531 2330 1769 2397; x_wconf 84' lang='lat' dir='ltr'><strong>novit“,</strong></span> <span class='ocrx_word' id='word_1_287' title='bbox 1811 2331 2051 2384; x_wconf 87' lang='lat' dir='ltr'><strong>dicturos</strong></span> 
     </span>
    </p>
   </div>
   <div class='ocr_carea' id='block_1_42' title="bbox 462 2419 2048 2488">
    <p class='ocr_par' dir='ltr' id='par_1_42' title="bbox 462 2419 2048 2488">
     <span class='ocr_line' id='line_1_42' title="bbox 462 2419 2048 2488; baseline -0.004 -7"><span class='ocrx_word' id='word_1_288' title='bbox 462 2441 606 2481; x_wconf 60' lang='lat' dir='ltr'><strong>vesse</strong></span> <span class='ocrx_word' id='word_1_289' title='bbox 646 2423 953 2484; x_wconf 83' lang='lat' dir='ltr'><strong>nonnullos,</strong></span> <span class='ocrx_word' id='word_1_290' title='bbox 997 2431 1089 2474; x_wconf 90' lang='lat' dir='ltr'><strong>aut</strong></span> <span class='ocrx_word' id='word_1_291' title='bbox 1117 2420 1318 2488; x_wconf 86' lang='lat' dir='ltr'><strong>alioqui</strong></span> <span class='ocrx_word' id='word_1_292' title='bbox 1369 2434 1551 2474; x_wconf 86' lang='lat' dir='ltr'><strong>secum</strong></span> <span class='ocrx_word' id='word_1_293' title='bbox 1584 2421 1913 2488; x_wconf 69' lang='lat' dir='ltr'><strong>cogitaturos</strong></span> <span class='ocrx_word' id='word_1_294' title='bbox 1943 2437 1957 2473; x_wconf 91' lang='lat'><strong>:</strong></span> <span class='ocrx_word' id='word_1_295' title='bbox 1991 2419 2048 2474; x_wconf 89' lang='lat' dir='ltr'><strong>Si</strong></span> 
     </span>
    </p>
   </div>
   <div class='ocr_carea' id='block_1_43' title="bbox 468 2508 2048 2581">
    <p class='ocr_par' dir='ltr' id='par_1_43' title="bbox 468 2508 2048 2581">
     <span class='ocr_line' id='line_1_43' title="bbox 468 2508 2048 2581; baseline -0.004 -11"><span class='ocrx_word' id='word_1_296' title='bbox 468 2517 540 2570; x_wconf 81' lang='lat' dir='ltr'><strong>~in</strong></span> <span class='ocrx_word' id='word_1_297' title='bbox 570 2516 713 2569; x_wconf 92' lang='lat' dir='ltr'><strong>hunc</strong></span> <span class='ocrx_word' id='word_1_298' title='bbox 750 2525 918 2581; x_wconf 89' lang='lat' dir='ltr'><strong>usque</strong></span> <span class='ocrx_word' id='word_1_299' title='bbox 948 2512 1089 2563; x_wconf 88' lang='lat' dir='ltr'><strong>diem</strong></span> <span class='ocrx_word' id='word_1_300' title='bbox 1114 2508 1351 2563; x_wconf 85' lang='lat' dir='ltr'><strong>Joannes</strong></span> <span class='ocrx_word' id='word_1_301' title='bbox 1377 2508 1613 2578; x_wconf 85' lang='lat' dir='ltr'><strong>Baptista</strong></span> <span class='ocrx_word' id='word_1_302' title='bbox 1642 2508 1918 2563; x_wconf 82' lang='lat' dir='ltr'><strong>Christum</strong></span> <span class='ocrx_word' id='word_1_303' title='bbox 1944 2525 2048 2563; x_wconf 91' lang='lat' dir='ltr'><strong>non</strong></span> 
     </span>
    </p>
   </div>
   <div class='ocr_carea' id='block_1_44' title="bbox 468 2598 2050 2673">
    <p class='ocr_par' dir='ltr' id='par_1_44' title="bbox 468 2598 2050 2673">
     <span class='ocr_line' id='line_1_44' title="bbox 468 2598 2050 2673; baseline -0.004 -12"><span class='ocrx_word' id='word_1_304' title='bbox 468 2605 657 2670; x_wconf 54' lang='lat' dir='ltr'><strong>\novit,</strong></span> <span class='ocrx_word' id='word_1_305' title='bbox 681 2618 790 2673; x_wconf 91' lang='lat' dir='ltr'><strong>quo</strong></span> <span class='ocrx_word' id='word_1_306' title='bbox 814 2610 972 2671; x_wconf 88' lang='lat' dir='ltr'><strong>pacto</strong></span> <span class='ocrx_word' id='word_1_307' title='bbox 996 2600 1150 2653; x_wconf 85' lang='lat' dir='ltr'><strong>nobis</strong></span> <span class='ocrx_word' id='word_1_308' title='bbox 1174 2598 1319 2651; x_wconf 89' lang='lat' dir='ltr'><strong>illunt</strong></span> <span class='ocrx_word' id='word_1_309' title='bbox 1343 2598 1581 2652; x_wconf 90' lang='lat' dir='ltr'><strong>ostendit</strong></span> <span class='ocrx_word' id='word_1_310' title='bbox 1605 2598 1828 2651; x_wconf 87' lang='lat' dir='ltr'><strong>dicens:</strong></span> <span class='ocrx_word' id='word_1_311' title='bbox 1859 2616 1878 2651; x_wconf 81' lang='grc' dir='ltr'><strong>ι</strong></span> <span class='ocrx_word' id='word_1_312' title='bbox 1912 2599 2050 2654; x_wconf 83' lang='lat' dir='ltr'><strong>Ecce</strong></span> 
     </span>
    </p>
   </div>
   <div class='ocr_carea' id='block_1_45' title="bbox 470 2689 2049 2766">
    <p class='ocr_par' dir='ltr' id='par_1_45' title="bbox 470 2689 2049 2766">
     <span class='ocr_line' id='line_1_45' title="bbox 470 2689 2049 2766; baseline 0.003 -25"><span class='ocrx_word' id='word_1_313' title='bbox 470 2701 670 2766; x_wconf 70' lang='lat' dir='ltr'><strong>.Agnus</strong></span> <span class='ocrx_word' id='word_1_314' title='bbox 700 2694 813 2761; x_wconf 87' lang='lat' dir='ltr'><strong>Lei,</strong></span> <span class='ocrx_word' id='word_1_315' title='bbox 838 2692 926 2763; x_wconf 89' lang='lat' dir='ltr'><strong>qui</strong></span> <span class='ocrx_word' id='word_1_316' title='bbox 955 2689 1093 2744; x_wconf 82' lang='lat' dir='ltr'><strong>tollit</strong></span> <span class='ocrx_word' id='word_1_317' title='bbox 1118 2698 1399 2760; x_wconf 74' lang='lat' dir='ltr'><strong>peccaturo</strong></span> <span class='ocrx_word' id='word_1_318' title='bbox 1433 2689 1657 2744; x_wconf 85' lang='lat' dir='ltr'><strong>mundi?</strong></span> <span class='ocrx_word' id='word_1_319' title='bbox 1688 2710 1707 2740; x_wconf 73' lang='grc' dir='ltr'><strong>ι</strong></span> <span class='ocrx_word' id='word_1_320' title='bbox 1746 2689 1810 2744; x_wconf 84' lang='lat' dir='ltr'><strong>Et</strong></span> <span class='ocrx_word' id='word_1_321' title='bbox 1835 2691 2049 2760; x_wconf 88' lang='lat' dir='ltr'><strong>quidem</strong></span> 
     </span>
    </p>
   </div>
   <div class='ocr_carea' id='block_1_46' title="bbox 472 2782 2051 2850">
    <p class='ocr_par' dir='ltr' id='par_1_46' title="bbox 472 2782 2051 2850">
     <span class='ocr_line' id='line_1_46' title="bbox 472 2782 2051 2850; baseline -0.002 -10"><span class='ocrx_word' id='word_1_322' title='bbox 472 2790 781 2842; x_wconf 65' lang='lat' dir='ltr'><strong>verendum</strong></span> <span class='ocrx_word' id='word_1_323' title='bbox 822 2793 940 2839; x_wconf 85' lang='lat' dir='ltr'><strong>erat</strong></span> <span class='ocrx_word' id='word_1_324' title='bbox 993 2798 1061 2838; x_wconf 91' lang='lat' dir='ltr'><strong>ne</strong></span> <span class='ocrx_word' id='word_1_325' title='bbox 1113 2798 1215 2837; x_wconf 92' lang='lat' dir='ltr'><strong>non</strong></span> <span class='ocrx_word' id='word_1_326' title='bbox 1265 2798 1451 2850; x_wconf 88' lang='lat' dir='ltr'><strong>parum</strong></span> <span class='ocrx_word' id='word_1_327' title='bbox 1479 2782 1658 2837; x_wconf 88' lang='lat' dir='ltr'><strong>damni</strong></span> <span class='ocrx_word' id='word_1_328' title='bbox 1697 2783 1818 2838; x_wconf 90' lang='lat' dir='ltr'><strong>inde</strong></span> <span class='ocrx_word' id='word_1_329' title='bbox 1850 2784 1901 2837; x_wconf 83' lang='lat' dir='ltr'><strong>in</strong></span> <span class='ocrx_word' id='word_1_330' title='bbox 1939 2793 2051 2837; x_wconf 88' lang='lat' dir='ltr'><strong>tur-</strong></span> 
     </span>
    </p>
   </div>
   <div class='ocr_carea' id='block_1_47' title="bbox 465 2872 2049 2940">
    <p class='ocr_par' dir='ltr' id='par_1_47' title="bbox 465 2872 2049 2940">
     <span class='ocr_line' id='line_1_47' title="bbox 465 2872 2049 2940; baseline -0.003 -10"><span class='ocrx_word' id='word_1_331' title='bbox 465 2879 610 2930; x_wconf 82' lang='lat' dir='ltr'><strong>-ham</strong></span> <span class='ocrx_word' id='word_1_332' title='bbox 653 2874 973 2940; x_wconf 89' lang='lat' dir='ltr'><strong>perveniret.</strong></span> <span class='ocrx_word' id='word_1_333' title='bbox 1008 2873 1396 2938; x_wconf 84' lang='lat' dir='ltr'><strong>Quamobrem,</strong></span> <span class='ocrx_word' id='word_1_334' title='bbox 1439 2880 1497 2925; x_wconf 90' lang='lat' dir='ltr'><strong>ut</strong></span> <span class='ocrx_word' id='word_1_335' title='bbox 1542 2872 1853 2940; x_wconf 86' lang='lat' dir='ltr'><strong>scrupulum</strong></span> <span class='ocrx_word' id='word_1_336' title='bbox 1906 2872 2049 2926; x_wconf 73' lang='lat' dir='ltr'><strong>illum</strong></span> 
     </span>
    </p>
   </div>
   <div class='ocr_carea' id='block_1_48' title="bbox 470 2960 2049 3029">
    <p class='ocr_par' dir='ltr' id='par_1_48' title="bbox 470 2960 2049 3029">
     <span class='ocr_line' id='line_1_48' title="bbox 470 2960 2049 3029; baseline -0.002 -12"><span class='ocrx_word' id='word_1_337' title='bbox 470 2965 684 3018; x_wconf 74' lang='lat' dir='ltr'><strong>animis</strong></span> <span class='ocrx_word' id='word_1_338' title='bbox 722 2977 908 3016; x_wconf 90' lang='lat' dir='ltr'><strong>eorum</strong></span> <span class='ocrx_word' id='word_1_339' title='bbox 952 2962 1217 3016; x_wconf 81' lang='lat' dir='ltr'><strong>eximeret</strong></span> <span class='ocrx_word' id='word_1_340' title='bbox 1250 2969 1305 3011; x_wconf 88' lang='lat' dir='ltr'><strong>et</strong></span> <span class='ocrx_word' id='word_1_341' title='bbox 1352 2960 1590 3013; x_wconf 77' lang='lat' dir='ltr'><strong>scaudali</strong></span> <span class='ocrx_word' id='word_1_342' title='bbox 1641 2976 1828 3014; x_wconf 85' lang='lat' dir='ltr'><strong>ansam</strong></span> <span class='ocrx_word' id='word_1_343' title='bbox 1862 2962 2049 3029; x_wconf 58' lang='lat' dir='ltr'><strong>praeri-</strong></span> 
     </span>
    </p>
   </div>
   <div class='ocr_carea' id='block_1_49' title="bbox 468 3048 2050 3124">
    <p class='ocr_par' dir='ltr' id='par_1_49' title="bbox 468 3048 2050 3124">
     <span class='ocr_line' id='line_1_49' title="bbox 468 3048 2050 3124; baseline -0.003 -15"><span class='ocrx_word' id='word_1_344' title='bbox 468 3064 659 3124; x_wconf 72' lang='lat' dir='ltr'><strong>.pcret,</strong></span> <span class='ocrx_word' id='word_1_345' title='bbox 705 3055 778 3106; x_wconf 91' lang='lat' dir='ltr'><strong>ita</strong></span> <span class='ocrx_word' id='word_1_346' title='bbox 816 3054 883 3106; x_wconf 91' lang='lat' dir='ltr'><strong>ad</strong></span> <span class='ocrx_word' id='word_1_347' title='bbox 931 3066 1025 3106; x_wconf 90' lang='lat' dir='ltr'><strong>eos</strong></span> <span class='ocrx_word' id='word_1_348' title='bbox 1054 3052 1166 3105; x_wconf 85' lang='lat' dir='ltr'><strong>ait:</strong></span> <span class='ocrx_word' id='word_1_349' title='bbox 1208 3069 1226 3100; x_wconf 76' lang='grc' dir='ltr'><strong>ι</strong></span> <span class='ocrx_word' id='word_1_350' title='bbox 1255 3048 1392 3115; x_wconf 87' lang='lat' dir='ltr'><strong>Quid</strong></span> <span class='ocrx_word' id='word_1_351' title='bbox 1442 3050 1632 3104; x_wconf 78' lang='lat' dir='ltr'><strong>existis</strong></span> <span class='ocrx_word' id='word_1_352' title='bbox 1679 3051 1733 3103; x_wconf 87' lang='lat' dir='ltr'><strong>itt</strong></span> <span class='ocrx_word' id='word_1_353' title='bbox 1780 3052 2050 3112; x_wconf 71' lang='lat' dir='ltr'><strong>desertum</strong></span> 
     </span>
    </p>
   </div>
   <div class='ocr_carea' id='block_1_50' title="bbox 2155 1869 3726 1947">
    <p class='ocr_par' dir='ltr' id='par_1_50' title="bbox 2155 1869 3726 1947">
     <span class='ocr_line' id='line_1_50' title="bbox 2155 1869 3726 1947; baseline -0.006 -16"><span class='ocrx_word' id='word_1_354' title='bbox 2155 1878 2421 1947; x_wconf 74' lang='grc' dir='ltr'>ἠκούσατε</span> <span class='ocrx_word' id='word_1_355' title='bbox 2455 1875 2682 1944; x_wconf 76' lang='grc' dir='ltr'>μὲνγὰρ</span> <span class='ocrx_word' id='word_1_356' title='bbox 2704 1872 2799 1925; x_wconf 82' lang='grc' dir='ltr'>διὰ</span> <span class='ocrx_word' id='word_1_357' title='bbox 2821 1872 2930 1924; x_wconf 85' lang='grc' dir='ltr'><strong>τῶν</strong></span> <span class='ocrx_word' id='word_1_358' title='bbox 2962 1869 3278 1941; x_wconf 79' lang='grc' dir='ltr'>προφητῶν,</span> <span class='ocrx_word' id='word_1_359' title='bbox 3313 1870 3478 1923; x_wconf 82' lang='grc' dir='ltr'>εἴδετε</span> <span class='ocrx_word' id='word_1_360' title='bbox 3506 1870 3563 1923; x_wconf 71' lang='grc' dir='ltr'>δὲ</span> <span class='ocrx_word' id='word_1_361' title='bbox 3595 1871 3726 1940; x_wconf 87' lang='grc' dir='ltr'>πλη-</span> 
     </span>
    </p>
   </div>
   <div class='ocr_carea' id='block_1_51' title="bbox 2157 1961 3725 2037">
    <p class='ocr_par' dir='ltr' id='par_1_51' title="bbox 2157 1961 3725 2037">
     <span class='ocr_line' id='line_1_51' title="bbox 2157 1961 3725 2037; baseline -0.003 -18"><span class='ocrx_word' id='word_1_362' title='bbox 2157 1967 2394 2037; x_wconf 85' lang='grc' dir='ltr'>ρωθέντα</span> <span class='ocrx_word' id='word_1_363' title='bbox 2422 1966 2490 2018; x_wconf 81' lang='grc' dir='ltr'>δι’</span> <span class='ocrx_word' id='word_1_364' title='bbox 2528 1964 2683 2033; x_wconf 75' lang='grc' dir='ltr'>ἐμοῦ.</span> <span class='ocrx_word' id='word_1_365' title='bbox 2737 1962 2900 2015; x_wconf 79' lang='grc' dir='ltr'>Ἀλλὰ</span> <span class='ocrx_word' id='word_1_366' title='bbox 2942 1962 3147 2015; x_wconf 67' lang='grc' dir='ltr'>τούτων</span> <span class='ocrx_word' id='word_1_367' title='bbox 3198 1961 3595 2031; x_wconf 75' lang='grc' dir='ltr'>πορευομένων,</span> <span class='ocrx_word' id='word_1_368' title='bbox 3649 1963 3725 2025; x_wconf 81' lang='grc' dir='ltr'>ὡς</span> 
     </span>
    </p>
   </div>
   <div class='ocr_carea' id='block_1_52' title="bbox 2154 2053 3725 2126">
    <p class='ocr_par' dir='ltr' id='par_1_52' title="bbox 2154 2053 3725 2126">
     <span class='ocr_line' id='line_1_52' title="bbox 2154 2053 3725 2126; baseline -0.003 -15"><span class='ocrx_word' id='word_1_369' title='bbox 2154 2060 2315 2119; x_wconf 76' lang='grc' dir='ltr'>αὑτός</span> <span class='ocrx_word' id='word_1_370' title='bbox 2342 2074 2507 2126; x_wconf 78' lang='grc' dir='ltr'>φησιν</span> <span class='ocrx_word' id='word_1_371' title='bbox 2527 2058 2554 2108; x_wconf 93' lang='lat'><strong>6</strong></span> <span class='ocrx_word' id='word_1_372' title='bbox 2582 2055 2991 2123; x_wconf 66' lang='grc' dir='ltr'>εὑαγγελιστῆς,</span> <span class='ocrx_word' id='word_1_373' title='bbox 3013 2053 3212 2125; x_wconf 67' lang='grc' dir='ltr'>ἤρξατο</span> <span class='ocrx_word' id='word_1_374' title='bbox 3236 2056 3263 2107; x_wconf 88' lang='lat'><strong>6</strong></span> <span class='ocrx_word' id='word_1_375' title='bbox 3290 2054 3521 2124; x_wconf 78' lang='grc' dir='ltr'>Χριστὸς</span> <span class='ocrx_word' id='word_1_376' title='bbox 3547 2054 3725 2123; x_wconf 82' lang='grc' dir='ltr'>λέγειν</span> 
     </span>
    </p>
   </div>
   <div class='ocr_carea' id='block_1_53' title="bbox 2156 2146 3725 2219">
    <p class='ocr_par' dir='ltr' id='par_1_53' title="bbox 2156 2146 3725 2219">
     <span class='ocr_line' id='line_1_53' title="bbox 2156 2146 3725 2219; baseline -0.002 -16"><span class='ocrx_word' id='word_1_377' title='bbox 2156 2153 2264 2213; x_wconf 83' lang='grc' dir='ltr'>τοῖς</span> <span class='ocrx_word' id='word_1_378' title='bbox 2291 2150 2466 2219; x_wconf 77' lang='grc' dir='ltr'>ὄχλοις</span> <span class='ocrx_word' id='word_1_379' title='bbox 2491 2148 2618 2217; x_wconf 73' lang='grc' dir='ltr'>περὶ</span> <span class='ocrx_word' id='word_1_380' title='bbox 2654 2147 2898 2201; x_wconf 84' lang='grc' dir='ltr'>Ἰωάννου</span> <span class='ocrx_word' id='word_1_381' title='bbox 2917 2163 2929 2176; x_wconf 82' lang='grc'><em>’</em></span> <span class='ocrx_word' id='word_1_382' title='bbox 2963 2166 2980 2196; x_wconf 78' lang='lat' dir='ltr'><strong>t</strong></span> <span class='ocrx_word' id='word_1_383' title='bbox 3011 2148 3074 2198; x_wconf 90' lang='grc' dir='ltr'>Τί</span> <span class='ocrx_word' id='word_1_384' title='bbox 3107 2146 3357 2216; x_wconf 70' lang='grc' dir='ltr'>ἐξήλθετε</span> <span class='ocrx_word' id='word_1_385' title='bbox 3389 2146 3550 2211; x_wconf 84' lang='grc' dir='ltr'><strong>ἰδεῖν;</strong></span> <span class='ocrx_word' id='word_1_386' title='bbox 3578 2165 3594 2195; x_wconf 71' lang='grc' dir='ltr'><strong>ι</strong></span> <span class='ocrx_word' id='word_1_387' title='bbox 3633 2152 3725 2200; x_wconf 69' lang='grc' dir='ltr'>καὶ</span> 
     </span>
    </p>
   </div>
   <div class='ocr_carea' id='block_1_54' title="bbox 2154 2237 3723 2308">
    <p class='ocr_par' dir='ltr' id='par_1_54' title="bbox 2154 2237 3723 2308">
     <span class='ocr_line' id='line_1_54' title="bbox 2154 2237 3723 2308; baseline -0.001 -17"><span class='ocrx_word' id='word_1_388' title='bbox 2154 2242 2223 2293; x_wconf 70' lang='grc' dir='ltr'>τὰ</span> <span class='ocrx_word' id='word_1_389' title='bbox 2252 2241 2460 2301; x_wconf 80' lang='grc' dir='ltr'>τούτοις</span> <span class='ocrx_word' id='word_1_390' title='bbox 2494 2239 2688 2308; x_wconf 77' lang='grc' dir='ltr'>ἐφεξῆς</span> <span class='ocrx_word' id='word_1_391' title='bbox 2728 2238 2980 2307; x_wconf 72' lang='grc' dir='ltr'>κείμεναι</span> <span class='ocrx_word' id='word_1_392' title='bbox 3015 2238 3333 2304; x_wconf 79' lang='grc' dir='ltr'>Ἀναγκαῖον</span> <span class='ocrx_word' id='word_1_393' title='bbox 3358 2238 3413 2290; x_wconf 79' lang='grc' dir='ltr'>δὲ</span> <span class='ocrx_word' id='word_1_394' title='bbox 3442 2237 3600 2290; x_wconf 85' lang='grc' dir='ltr'>πάλιν</span> <span class='ocrx_word' id='word_1_395' title='bbox 3629 2240 3723 2290; x_wconf 80' lang='grc' dir='ltr'><strong>καὶ</strong></span> 
     </span>
    </p>
   </div>
   <div class='ocr_carea' id='block_1_55' title="bbox 2155 2327 3725 2400">
    <p class='ocr_par' dir='ltr' id='par_1_55' title="bbox 2155 2327 3725 2400">
     <span class='ocr_line' id='line_1_55' title="bbox 2155 2327 3725 2400; baseline -0.002 -18"><span class='ocrx_word' id='word_1_396' title='bbox 2155 2331 2245 2383; x_wconf 76' lang='grc' dir='ltr'>τὸν</span> <span class='ocrx_word' id='word_1_397' title='bbox 2288 2330 2416 2400; x_wconf 76' lang='grc' dir='ltr'>περὶ</span> <span class='ocrx_word' id='word_1_398' title='bbox 2456 2327 2646 2381; x_wconf 86' lang='grc' dir='ltr'>τούτου</span> <span class='ocrx_word' id='word_1_399' title='bbox 2682 2327 2836 2395; x_wconf 82' lang='grc' dir='ltr'>λόγον</span> <span class='ocrx_word' id='word_1_400' title='bbox 2877 2328 3171 2397; x_wconf 80' lang='grc' dir='ltr'>ἐποιήσατο</span> <span class='ocrx_word' id='word_1_401' title='bbox 3217 2328 3462 2397; x_wconf 85' lang='grc' dir='ltr'>Χριστός.</span> <span class='ocrx_word' id='word_1_402' title='bbox 3506 2328 3725 2397; x_wconf 76' lang='grc' dir='ltr'>Ἐπειδὴ</span> 
     </span>
    </p>
   </div>
   <div class='ocr_carea' id='block_1_56' title="bbox 2156 2418 3726 2491">
    <p class='ocr_par' dir='ltr' id='par_1_56' title="bbox 2156 2418 3726 2491">
     <span class='ocr_line' id='line_1_56' title="bbox 2156 2418 3726 2491; baseline -0.005 -16"><span class='ocrx_word' id='word_1_403' title='bbox 2156 2421 2263 2491; x_wconf 78' lang='grc' dir='ltr'><strong>γὰρ</strong></span> <span class='ocrx_word' id='word_1_404' title='bbox 2295 2420 2593 2490; x_wconf 75' lang='grc' dir='ltr'>ἐμάνθανεν</span> <span class='ocrx_word' id='word_1_405' title='bbox 2625 2420 2657 2489; x_wconf 82' lang='grc' dir='ltr'>ἡ</span> <span class='ocrx_word' id='word_1_406' title='bbox 2693 2419 3039 2488; x_wconf 82' lang='grc' dir='ltr'>περιεστῶσα</span> <span class='ocrx_word' id='word_1_407' title='bbox 3066 2418 3173 2470; x_wconf 89' lang='grc' dir='ltr'><strong>τῶν</strong></span> <span class='ocrx_word' id='word_1_408' title='bbox 3199 2419 3561 2488; x_wconf 72' lang='grc' dir='ltr'>ἀκροωμένων</span> <span class='ocrx_word' id='word_1_409' title='bbox 3589 2419 3726 2486; x_wconf 76' lang='grc' dir='ltr'>πλη-</span> 
     </span>
    </p>
   </div>
   <div class='ocr_carea' id='block_1_57' title="bbox 2157 2507 3725 2581">
    <p class='ocr_par' dir='ltr' id='par_1_57' title="bbox 2157 2507 3725 2581">
     <span class='ocr_line' id='line_1_57' title="bbox 2157 2507 3725 2581; baseline -0.002 -18"><span class='ocrx_word' id='word_1_410' title='bbox 2157 2512 2287 2577; x_wconf 78' lang='grc' dir='ltr'>θὺς,</span> <span class='ocrx_word' id='word_1_411' title='bbox 2338 2511 2414 2575; x_wconf 83' lang='grc' dir='ltr'>ὡς</span> <span class='ocrx_word' id='word_1_412' title='bbox 2449 2507 2587 2581; x_wconf 78' lang='grc' dir='ltr'>ἦσαν</span> <span class='ocrx_word' id='word_1_413' title='bbox 2626 2511 2736 2580; x_wconf 80' lang='grc' dir='ltr'>,μὲν</span> <span class='ocrx_word' id='word_1_414' title='bbox 2790 2509 2897 2561; x_wconf 84' lang='grc' dir='ltr'><strong>τῶν</strong></span> <span class='ocrx_word' id='word_1_415' title='bbox 2932 2508 3176 2562; x_wconf 81' lang='grc' dir='ltr'>Ἰωάννου</span> <span class='ocrx_word' id='word_1_416' title='bbox 3232 2509 3486 2579; x_wconf 80' lang='grc' dir='ltr'>μαθητῶν</span> <span class='ocrx_word' id='word_1_417' title='bbox 3525 2511 3575 2561; x_wconf 83' lang='lat' dir='ltr'><strong>oi</strong></span> <span class='ocrx_word' id='word_1_418' title='bbox 3628 2509 3725 2580; x_wconf 73' lang='grc' dir='ltr'><strong>τήν</strong></span> 
     </span>
    </p>
   </div>
   <div class='ocr_carea' id='block_1_58' title="bbox 2158 2596 3727 2673">
    <p class='ocr_par' dir='ltr' id='par_1_58' title="bbox 2158 2596 3727 2673">
     <span class='ocr_line' id='line_1_58' title="bbox 2158 2596 3727 2673; baseline -0.001 -19"><span class='ocrx_word' id='word_1_419' title='bbox 2158 2602 2348 2655; x_wconf 73' lang='grc' dir='ltr'>πεῦσιν</span> <span class='ocrx_word' id='word_1_420' title='bbox 2372 2596 2912 2673; x_wconf 55' lang='grc' dir='ltr'>προσάΥοντεςᾸγκον</span> <span class='ocrx_word' id='word_1_421' title='bbox 2934 2600 2991 2653; x_wconf 83' lang='grc' dir='ltr'>δὲ</span> <span class='ocrx_word' id='word_1_422' title='bbox 3014 2600 3114 2652; x_wconf 86' lang='grc' dir='ltr'><strong>οὑκ</strong></span> <span class='ocrx_word' id='word_1_423' title='bbox 3139 2600 3272 2662; x_wconf 80' lang='grc' dir='ltr'>ἰδίας</span> <span class='ocrx_word' id='word_1_424' title='bbox 3296 2600 3482 2672; x_wconf 82' lang='grc' dir='ltr'>ὥσπερ</span> <span class='ocrx_word' id='word_1_425' title='bbox 3505 2601 3727 2669; x_wconf 78' lang='grc' dir='ltr'>ἀγνοίας</span> 
     </span>
    </p>
   </div>
   <div class='ocr_carea' id='block_1_59' title="bbox 2159 2690 3726 2763">
    <p class='ocr_par' dir='ltr' id='par_1_59' title="bbox 2159 2690 3726 2763">
     <span class='ocr_line' id='line_1_59' title="bbox 2159 2690 3726 2763; baseline 0 -19"><span class='ocrx_word' id='word_1_426' title='bbox 2159 2693 2444 2763; x_wconf 80' lang='grc' dir='ltr'>ζητοῦντες</span> <span class='ocrx_word' id='word_1_427' title='bbox 2485 2691 2825 2763; x_wconf 78' lang='grc' dir='ltr'>ἀπαλλαγὴν,</span> <span class='ocrx_word' id='word_1_428' title='bbox 2857 2690 2995 2749; x_wconf 78' lang='grc' dir='ltr'>ἀλλὰ</span> <span class='ocrx_word' id='word_1_429' title='bbox 3026 2690 3126 2759; x_wconf 78' lang='grc' dir='ltr'>τῆς</span> <span class='ocrx_word' id='word_1_430' title='bbox 3168 2692 3331 2744; x_wconf 75' lang='grc' dir='ltr'>αὑτοῦ</span> <span class='ocrx_word' id='word_1_431' title='bbox 3380 2694 3726 2762; x_wconf 58' lang='grc' dir='ltr'>πεπομφότος</span> 
     </span>
    </p>
   </div>
   <div class='ocr_carea' id='block_1_60' title="bbox 2159 2761 3727 2853">
    <p class='ocr_par' dir='ltr' id='par_1_60' title="bbox 2159 2761 3727 2853">
     <span class='ocr_line' id='line_1_60' title="bbox 2159 2761 3727 2853; baseline 0 -18"><span class='ocrx_word' id='word_1_432' title='bbox 2159 2761 2253 2836; x_wconf 74' lang='grc' dir='ltr'>καὶ</span> <span class='ocrx_word' id='word_1_433' title='bbox 2282 2782 2542 2853; x_wconf 78' lang='grc' dir='ltr'>διερωτᾷν</span> <span class='ocrx_word' id='word_1_434' title='bbox 2583 2761 2995 2845; x_wconf 74' lang='grc' dir='ltr'>ἀναπείθοντος,</span> <span class='ocrx_word' id='word_1_435' title='bbox 3041 2783 3366 2850; x_wconf 80' lang='grc' dir='ltr'>κατενόησεν</span> <span class='ocrx_word' id='word_1_436' title='bbox 3408 2781 3504 2834; x_wconf 61' lang='lat' dir='ltr'><strong>an</strong></span> <span class='ocrx_word' id='word_1_437' title='bbox 3536 2782 3599 2852; x_wconf 81' lang='grc' dir='ltr'>δὴ</span> <span class='ocrx_word' id='word_1_438' title='bbox 3634 2786 3727 2835; x_wconf 78' lang='grc' dir='ltr'><strong>καὶ</strong></span> 
     </span>
    </p>
   </div>
   <div class='ocr_carea' id='block_1_61' title="bbox 2158 2872 3723 2947">
    <p class='ocr_par' dir='ltr' id='par_1_61' title="bbox 2158 2872 3723 2947">
     <span class='ocr_line' id='line_1_61' title="bbox 2158 2872 3723 2947; baseline -0.001 -20"><span class='ocrx_word' id='word_1_439' title='bbox 2158 2874 2384 2944; x_wconf 82' lang='grc' dir='ltr'>καρδίας</span> <span class='ocrx_word' id='word_1_440' title='bbox 2428 2872 2601 2937; x_wconf 81' lang='grc' dir='ltr'>εἰδὼς,</span> <span class='ocrx_word' id='word_1_441' title='bbox 2634 2873 2728 2925; x_wconf 76' lang='grc' dir='ltr'>καὶ</span> <span class='ocrx_word' id='word_1_442' title='bbox 2767 2872 2835 2925; x_wconf 81' lang='grc' dir='ltr'>τὰ</span> <span class='ocrx_word' id='word_1_443' title='bbox 2864 2874 2919 2924; x_wconf 81' lang='grc' dir='ltr'>ὲν</span> <span class='ocrx_word' id='word_1_444' title='bbox 2957 2872 3035 2942; x_wconf 82' lang='grc' dir='ltr'>τῷ</span> <span class='ocrx_word' id='word_1_445' title='bbox 3070 2872 3349 2947; x_wconf 77' lang='grc' dir='ltr'>ἀνθρώπῳ</span> <span class='ocrx_word' id='word_1_446' title='bbox 3383 2875 3723 2941; x_wconf 82' lang='grc' dir='ltr'>γιγνώσκων,</span> 
     </span>
    </p>
   </div>
   <div class='ocr_carea' id='block_1_62' title="bbox 2158 2962 3723 3033">
    <p class='ocr_par' dir='ltr' id='par_1_62' title="bbox 2158 2962 3723 3033">
     <span class='ocr_line' id='line_1_62' title="bbox 2158 2962 3723 3033; baseline 0.002 -17"><span class='ocrx_word' id='word_1_447' title='bbox 2158 2965 2238 3017; x_wconf 80' lang='grc' dir='ltr'>ὅτι</span> <span class='ocrx_word' id='word_1_448' title='bbox 2276 2965 2490 3025; x_wconf 85' lang='grc' dir='ltr'>πάντως</span> <span class='ocrx_word' id='word_1_449' title='bbox 2530 2962 2715 3033; x_wconf 77' lang='grc' dir='ltr'>ὲροῦσί</span> <span class='ocrx_word' id='word_1_450' title='bbox 2757 2980 2906 3026; x_wconf 82' lang='grc' dir='ltr'>,τινες</span> <span class='ocrx_word' id='word_1_451' title='bbox 2953 2964 3045 3015; x_wconf 61' lang='grc' dir='ltr'><strong>καλ⁸</strong></span> <span class='ocrx_word' id='word_1_452' title='bbox 3095 2963 3398 3032; x_wconf 83' lang='grc' dir='ltr'>λογιοῦνται</span> <span class='ocrx_word' id='word_1_453' title='bbox 3443 2966 3563 3018; x_wconf 80' lang='grc' dir='ltr'>καθ’</span> <span class='ocrx_word' id='word_1_454' title='bbox 3589 2969 3723 3019; x_wconf 69' lang='grc' dir='ltr'>ἑαυ-</span> 
     </span>
    </p>
   </div>
   <div class='ocr_carea' id='block_1_63' title="bbox 2159 3052 3730 3125">
    <p class='ocr_par' dir='ltr' id='par_1_63' title="bbox 2159 3052 3730 3125">
     <span class='ocr_line' id='line_1_63' title="bbox 2159 3052 3730 3125; baseline 0.003 -21"><span class='ocrx_word' id='word_1_455' title='bbox 2159 3052 2316 3115; x_wconf 80' lang='grc' dir='ltr'>τούς·</span> <span class='ocrx_word' id='word_1_456' title='bbox 2366 3053 2427 3104; x_wconf 85' lang='grc' dir='ltr'>Εί</span> <span class='ocrx_word' id='word_1_457' title='bbox 2475 3052 2633 3121; x_wconf 81' lang='grc' dir='ltr'>μέχρι</span> <span class='ocrx_word' id='word_1_458' title='bbox 2686 3053 2922 3122; x_wconf 84' lang='grc' dir='ltr'>σήμερον</span> <span class='ocrx_word' id='word_1_459' title='bbox 2973 3053 3155 3120; x_wconf 82' lang='grc' dir='ltr'>ἀγνοεῖ</span> <span class='ocrx_word' id='word_1_460' title='bbox 3205 3053 3293 3105; x_wconf 79' lang='grc' dir='ltr'><strong>τὸν</strong></span> <span class='ocrx_word' id='word_1_461' title='bbox 3327 3054 3531 3123; x_wconf 72' lang='grc' dir='ltr'>Ἰησοῦν</span> <span class='ocrx_word' id='word_1_462' title='bbox 3564 3057 3592 3107; x_wconf 97' lang='lat'><strong>6</strong></span> <span class='ocrx_word' id='word_1_463' title='bbox 3627 3076 3730 3125; x_wconf 81' lang='grc' dir='ltr'>μα-</span> 
     </span>
    </p>
   </div>
   <div class='ocr_carea' id='block_1_64' title="bbox 486 3142 2051 3214">
    <p class='ocr_par' dir='ltr' id='par_1_64' title="bbox 486 3142 2050 3206">
     <span class='ocr_line' id='line_1_64' title="bbox 486 3142 2050 3206; baseline -0.002 -5"><span class='ocrx_word' id='word_1_464' title='bbox 486 3147 711 3201; x_wconf 82' lang='lat' dir='ltr'><strong>videre?</strong></span> <span class='ocrx_word' id='word_1_465' title='bbox 775 3146 1108 3198; x_wconf 85' lang='lat' dir='ltr'><strong>Arundinetn</strong></span> <span class='ocrx_word' id='word_1_466' title='bbox 1162 3153 1322 3197; x_wconf 87' lang='lat' dir='ltr'><strong>vento</strong></span> <span class='ocrx_word' id='word_1_467' title='bbox 1378 3142 1673 3206; x_wconf 70' lang='lat' dir='ltr'><strong>agitatam?</strong></span> <span class='ocrx_word' id='word_1_468' title='bbox 1709 3162 1727 3194; x_wconf 74' lang='grc' dir='ltr'><strong>ι</strong></span> <span class='ocrx_word' id='word_1_469' title='bbox 1786 3144 2050 3198; x_wconf 80' lang='lat' dir='ltr'><strong>Admirati</strong></span> 
     </span>
    </p>
   </div>
   <div class='ocr_carea' id='block_1_65' title="bbox 2155 3142 3726 3214">
    <p class='ocr_par' dir='ltr' id='par_1_65' title="bbox 2156 3142 3726 3214">
     <span class='ocr_line' id='line_1_65' title="bbox 2156 3142 3726 3214; baseline 0.003 -19"><span class='ocrx_word' id='word_1_470' title='bbox 2156 3144 2345 3213; x_wconf 84' lang='grc' dir='ltr'>κάριος</span> <span class='ocrx_word' id='word_1_471' title='bbox 2380 3143 2663 3212; x_wconf 79' lang='grc' dir='ltr'>Ἰωάννης,</span> <span class='ocrx_word' id='word_1_472' title='bbox 2712 3142 2828 3204; x_wconf 80' lang='grc' dir='ltr'><strong>πῶς</strong></span> <span class='ocrx_word' id='word_1_473' title='bbox 2872 3145 3003 3211; x_wconf 76' lang='grc' dir='ltr'>ἡμῖν</span> <span class='ocrx_word' id='word_1_474' title='bbox 3037 3143 3197 3195; x_wconf 81' lang='grc' dir='ltr'>αὑτὸν</span> <span class='ocrx_word' id='word_1_475' title='bbox 3247 3144 3484 3199; x_wconf 76' lang='grc' dir='ltr'>ἐδείκνυε</span> <span class='ocrx_word' id='word_1_476' title='bbox 3528 3147 3726 3214; x_wconf 77' lang='grc' dir='ltr'>λέγων’</span> 
     </span>
    </p>
   </div>
   <div class='ocr_carea' id='block_1_66' title="bbox 473 3232 2056 3307">
    <p class='ocr_par' dir='ltr' id='par_1_66' title="bbox 473 3232 2056 3307">
     <span class='ocr_line' id='line_1_66' title="bbox 473 3232 2056 3307; baseline -0.003 -16"><span class='ocrx_word' id='word_1_477' title='bbox 473 3236 645 3300; x_wconf 66' lang='lat' dir='ltr'><strong>estis,</strong></span> <span class='ocrx_word' id='word_1_478' title='bbox 703 3236 907 3303; x_wconf 90' lang='lat' dir='ltr'><strong>inqult,</strong></span> <span class='ocrx_word' id='word_1_479' title='bbox 952 3232 1215 3307; x_wconf 77' lang='lat' dir='ltr'><strong>Joannem</strong></span> <span class='ocrx_word' id='word_1_480' title='bbox 1254 3232 1587 3300; x_wconf 78' lang='lat' dir='ltr'><strong>Baptistam,</strong></span> <span class='ocrx_word' id='word_1_481' title='bbox 1645 3243 1697 3286; x_wconf 91' lang='lat' dir='ltr'><strong>et</strong></span> <span class='ocrx_word' id='word_1_482' title='bbox 1751 3234 2056 3303; x_wconf 73' lang='lat' dir='ltr'><strong>frequenter</strong></span> 
     </span>
    </p>
   </div>
   <div class='ocr_carea' id='block_1_67' title="bbox 490 3322 2054 3394">
    <p class='ocr_par' dir='ltr' id='par_1_67' title="bbox 490 3322 2054 3394">
     <span class='ocr_line' id='line_1_67' title="bbox 490 3322 2054 3394; baseline 0 -16"><span class='ocrx_word' id='word_1_483' title='bbox 490 3327 645 3394; x_wconf 76' lang='lat' dir='ltr'><strong>longa</strong></span> <span class='ocrx_word' id='word_1_484' title='bbox 700 3339 796 3394; x_wconf 90' lang='lat' dir='ltr'><strong>per</strong></span> <span class='ocrx_word' id='word_1_485' title='bbox 835 3325 1180 3379; x_wconf 87' lang='lat' dir='ltr'><strong>solitudinem</strong></span> <span class='ocrx_word' id='word_1_486' title='bbox 1231 3322 1566 3393; x_wconf 81' lang='lat' dir='ltr'><strong>profectione</strong></span> <span class='ocrx_word' id='word_1_487' title='bbox 1614 3323 1761 3376; x_wconf 88' lang='lat' dir='ltr'><strong>illuttt</strong></span> <span class='ocrx_word' id='word_1_488' title='bbox 1809 3325 2054 3389; x_wconf 84' lang='lat' dir='ltr'><strong>adiistis,</strong></span> 
     </span>
    </p>
   </div>
   <div class='ocr_carea' id='block_1_68' title="bbox 477 3413 2060 3482">
    <p class='ocr_par' dir='ltr' id='par_1_68' title="bbox 477 3413 2060 3482">
     <span class='ocr_line' id='line_1_68' title="bbox 477 3413 2060 3482; baseline -0.001 -13"><span class='ocrx_word' id='word_1_489' title='bbox 477 3416 675 3470; x_wconf 73' lang='lat' dir='ltr'><strong>multis</strong></span> <span class='ocrx_word' id='word_1_490' title='bbox 707 3415 981 3468; x_wconf 82' lang='lat' dir='ltr'><strong>laboribus</strong></span> <span class='ocrx_word' id='word_1_491' title='bbox 1008 3413 1315 3477; x_wconf 85' lang='lat' dir='ltr'><strong>utilitatem,</strong></span> <span class='ocrx_word' id='word_1_492' title='bbox 1352 3429 1515 3481; x_wconf 83' lang='lat' dir='ltr'><strong>quant</strong></span> <span class='ocrx_word' id='word_1_493' title='bbox 1548 3413 1674 3468; x_wconf 84' lang='lat' dir='ltr'><strong>inde</strong></span> <span class='ocrx_word' id='word_1_494' title='bbox 1708 3416 2060 3482; x_wconf 83' lang='lat' dir='ltr'><strong>exspectaba-</strong></span> 
     </span>
    </p>
   </div>
   <div class='ocr_carea' id='block_1_69' title="bbox 486 3503 2058 3573">
    <p class='ocr_par' dir='ltr' id='par_1_69' title="bbox 486 3503 2058 3573">
     <span class='ocr_line' id='line_1_69' title="bbox 486 3503 2058 3573; baseline 0.001 -16"><span class='ocrx_word' id='word_1_495' title='bbox 486 3505 582 3569; x_wconf 62' lang='grc' dir='ltr'>εἰς,</span> <span class='ocrx_word' id='word_1_496' title='bbox 615 3504 962 3558; x_wconf 87' lang='lat' dir='ltr'><strong>redimetttes.</strong></span> <span class='ocrx_word' id='word_1_497' title='bbox 990 3503 1260 3557; x_wconf 70' lang='lat' dir='ltr'><strong>Caztetunt</strong></span> <span class='ocrx_word' id='word_1_498' title='bbox 1290 3504 1578 3558; x_wconf 87' lang='lat' dir='ltr'><strong>temerarie</strong></span> <span class='ocrx_word' id='word_1_499' title='bbox 1619 3503 1859 3573; x_wconf 79' lang='lat' dir='ltr'><strong>profecto</strong></span> <span class='ocrx_word' id='word_1_500' title='bbox 1885 3506 2058 3559; x_wconf 60' lang='lat' dir='ltr'><strong>nulla-</strong></span> 
     </span>
    </p>
   </div>
   <div class='ocr_carea' id='block_1_70' title="bbox 486 3593 2056 3661">
    <p class='ocr_par' dir='ltr' id='par_1_70' title="bbox 486 3593 2056 3661">
     <span class='ocr_line' id='line_1_70' title="bbox 486 3593 2056 3661; baseline 0.002 -16"><span class='ocrx_word' id='word_1_501' title='bbox 486 3609 597 3661; x_wconf 81' lang='lat' dir='ltr'><strong>que</strong></span> <span class='ocrx_word' id='word_1_502' title='bbox 629 3593 821 3647; x_wconf 88' lang='lat' dir='ltr'><strong>idonea</strong></span> <span class='ocrx_word' id='word_1_503' title='bbox 860 3596 925 3648; x_wconf 89' lang='lat' dir='ltr'><strong>de</strong></span> <span class='ocrx_word' id='word_1_504' title='bbox 965 3608 1126 3648; x_wconf 88' lang='lat' dir='ltr'><strong>causa</strong></span> <span class='ocrx_word' id='word_1_505' title='bbox 1175 3594 1323 3646; x_wconf 91' lang='lat' dir='ltr'><strong>illum</strong></span> <span class='ocrx_word' id='word_1_506' title='bbox 1358 3595 1607 3647; x_wconf 88' lang='lat' dir='ltr'><strong>admirati</strong></span> <span class='ocrx_word' id='word_1_507' title='bbox 1655 3595 1809 3657; x_wconf 87' lang='lat' dir='ltr'><strong>estis,</strong></span> <span class='ocrx_word' id='word_1_508' title='bbox 1845 3596 1889 3650; x_wconf 90' lang='lat' dir='ltr'><strong>si</strong></span> <span class='ocrx_word' id='word_1_509' title='bbox 1934 3612 2056 3649; x_wconf 71' lang='lat' dir='ltr'><strong>eum</strong></span> 
     </span>
    </p>
   </div>
   <div class='ocr_carea' id='block_1_71' title="bbox 485 3685 2055 3754">
    <p class='ocr_par' dir='ltr' id='par_1_71' title="bbox 485 3685 2055 3754">
     <span class='ocr_line' id='line_1_71' title="bbox 485 3685 2055 3754; baseline 0.001 -16"><span class='ocrx_word' id='word_1_510' title='bbox 485 3689 626 3740; x_wconf 58' lang='lat' dir='ltr'><strong>“adeo</strong></span> <span class='ocrx_word' id='word_1_511' title='bbox 673 3686 845 3740; x_wconf 86' lang='lat' dir='ltr'><strong>levem</strong></span> <span class='ocrx_word' id='word_1_512' title='bbox 898 3685 1247 3749; x_wconf 83' lang='lat' dir='ltr'><strong>existimatis,</strong></span> <span class='ocrx_word' id='word_1_513' title='bbox 1289 3694 1346 3737; x_wconf 92' lang='lat' dir='ltr'><strong>ut</strong></span> <span class='ocrx_word' id='word_1_514' title='bbox 1386 3685 1640 3738; x_wconf 87' lang='lat' dir='ltr'><strong>arundini</strong></span> <span class='ocrx_word' id='word_1_515' title='bbox 1692 3696 2055 3754; x_wconf 87' lang='lat' dir='ltr'><strong>comparetur,</strong></span> 
     </span>
    </p>
   </div>
   <div class='ocr_carea' id='block_1_72' title="bbox 492 3776 2055 3846">
    <p class='ocr_par' dir='ltr' id='par_1_72' title="bbox 492 3776 2055 3846">
     <span class='ocr_line' id='line_1_72' title="bbox 492 3776 2055 3846; baseline 0.001 -17"><span class='ocrx_word' id='word_1_516' title='bbox 492 3792 611 3843; x_wconf 67' lang='lat' dir='ltr'><strong>quae</strong></span> <span class='ocrx_word' id='word_1_517' title='bbox 647 3776 901 3829; x_wconf 77' lang='lat' dir='ltr'><strong>facillime</strong></span> <span class='ocrx_word' id='word_1_518' title='bbox 934 3778 985 3828; x_wconf 87' lang='lat' dir='ltr'><strong>itt</strong></span> <span class='ocrx_word' id='word_1_519' title='bbox 1016 3776 1264 3843; x_wconf 77' lang='lat' dir='ltr'><strong>quamvis</strong></span> <span class='ocrx_word' id='word_1_520' title='bbox 1304 3786 1510 3843; x_wconf 82' lang='lat' dir='ltr'><strong>partem</strong></span> <span class='ocrx_word' id='word_1_521' title='bbox 1546 3786 1705 3839; x_wconf 80' lang='lat' dir='ltr'><strong>vento</strong></span> <span class='ocrx_word' id='word_1_522' title='bbox 1749 3776 2055 3846; x_wconf 86' lang='lat' dir='ltr'><strong>impellitur.</strong></span> 
     </span>
    </p>
   </div>
   <div class='ocr_carea' id='block_1_73' title="bbox 493 3863 2056 3936">
    <p class='ocr_par' dir='ltr' id='par_1_73' title="bbox 493 3863 2056 3936">
     <span class='ocr_line' id='line_1_73' title="bbox 493 3863 2056 3936; baseline 0 -16"><span class='ocrx_word' id='word_1_523' title='bbox 493 3867 769 3933; x_wconf 80' lang='lat' dir='ltr'><strong>Quomodo</strong></span> <span class='ocrx_word' id='word_1_524' title='bbox 794 3863 952 3936; x_wconf 68' lang='grc'><strong>104</strong></span> <span class='ocrx_word' id='word_1_525' title='bbox 978 3868 1121 3919; x_wconf 89' lang='lat' dir='ltr'><strong>enim</strong></span> <span class='ocrx_word' id='word_1_526' title='bbox 1165 3882 1269 3919; x_wconf 91' lang='lat' dir='ltr'><strong>tton</strong></span> <span class='ocrx_word' id='word_1_527' title='bbox 1290 3865 1563 3933; x_wconf 85' lang='lat' dir='ltr'><strong>ejusmodi</strong></span> <span class='ocrx_word' id='word_1_528' title='bbox 1603 3882 1724 3922; x_wconf 86' lang='lat' dir='ltr'><strong>esse</strong></span> <span class='ocrx_word' id='word_1_529' title='bbox 1756 3868 2056 3934; x_wconf 88' lang='lat' dir='ltr'><strong>deprehen-</strong></span> 
     </span>
    </p>
   </div>
   <div class='ocr_carea' id='block_1_74' title="bbox 493 3956 2060 4025">
    <p class='ocr_par' dir='ltr' id='par_1_74' title="bbox 493 3956 2060 4025">
     <span class='ocr_line' id='line_1_74' title="bbox 493 3956 2060 4025; baseline 0 -14"><span class='ocrx_word' id='word_1_530' title='bbox 493 3961 671 4020; x_wconf 86' lang='lat' dir='ltr'><strong>datur,</strong></span> <span class='ocrx_word' id='word_1_531' title='bbox 728 3957 797 4022; x_wconf 88' lang='lat' dir='ltr'><strong>si,</strong></span> <span class='ocrx_word' id='word_1_532' title='bbox 845 3973 953 4024; x_wconf 71' lang='lat' dir='ltr'><strong>pra:</strong></span> <span class='ocrx_word' id='word_1_533' title='bbox 986 3971 1179 4024; x_wconf 76' lang='lat' dir='ltr'><strong>magna</strong></span> <span class='ocrx_word' id='word_1_534' title='bbox 1228 3958 1391 4009; x_wconf 87' lang='lat' dir='ltr'><strong>animi</strong></span> <span class='ocrx_word' id='word_1_535' title='bbox 1426 3956 1670 4019; x_wconf 82' lang='lat' dir='ltr'><strong>levitate,</strong></span> <span class='ocrx_word' id='word_1_536' title='bbox 1703 3973 1862 4025; x_wconf 89' lang='lat' dir='ltr'><strong>quem</strong></span> <span class='ocrx_word' id='word_1_537' title='bbox 1910 3958 2060 4011; x_wconf 89' lang='lat' dir='ltr'><strong>novit</strong></span> 
     </span>
    </p>
   </div>
   <div class='ocr_carea' id='block_1_75' title="bbox 485 4046 2057 4111">
    <p class='ocr_par' dir='ltr' id='par_1_75' title="bbox 485 4046 2057 4111">
     <span class='ocr_line' id='line_1_75' title="bbox 485 4046 2057 4111; baseline 0.001 -10"><span class='ocrx_word' id='word_1_538' title='bbox 485 4061 651 4101; x_wconf 72' lang='lat' dir='ltr'><strong>nosse</strong></span> <span class='ocrx_word' id='word_1_539' title='bbox 677 4062 736 4100; x_wconf 91' lang='lat' dir='ltr'><strong>se</strong></span> <span class='ocrx_word' id='word_1_540' title='bbox 759 4046 1066 4100; x_wconf 80' lang='lat' dir='ltr'><strong>inﬁciatur?</strong></span> <span class='ocrx_word' id='word_1_541' title='bbox 1098 4048 1169 4098; x_wconf 85' lang='lat' dir='ltr'><strong>At</strong></span> <span class='ocrx_word' id='word_1_542' title='bbox 1197 4061 1300 4098; x_wconf 90' lang='lat' dir='ltr'><strong>non</strong></span> <span class='ocrx_word' id='word_1_543' title='bbox 1331 4047 1645 4099; x_wconf 80' lang='lat' dir='ltr'><strong>arundinem</strong></span> <span class='ocrx_word' id='word_1_544' title='bbox 1671 4056 1841 4100; x_wconf 91' lang='lat' dir='ltr'><strong>certe.</strong></span> <span class='ocrx_word' id='word_1_545' title='bbox 1871 4066 1889 4098; x_wconf 74' lang='grc' dir='ltr'><strong>ι</strong></span> <span class='ocrx_word' id='word_1_546' title='bbox 1921 4046 2057 4111; x_wconf 85' lang='lat' dir='ltr'><strong>Quid</strong></span> 
     </span>
    </p>
   </div>
   <div class='ocr_carea' id='block_1_76' title="bbox 497 4130 2056 4187">
    <p class='ocr_par' dir='ltr' id='par_1_76' title="bbox 497 4130 2056 4187">
     <span class='ocr_line' id='line_1_76' title="bbox 497 4130 2056 4187; baseline -0.003 -1"><span class='ocrx_word' id='word_1_547' title='bbox 497 4143 677 4187; x_wconf 84' lang='lat' dir='ltr'><strong>tamen</strong></span> <span class='ocrx_word' id='word_1_548' title='bbox 735 4134 925 4187; x_wconf 67' lang='lat' dir='ltr'><strong>existis</strong></span> <span class='ocrx_word' id='word_1_549' title='bbox 957 4132 1174 4186; x_wconf 83' lang='lat' dir='ltr'><strong>videre?</strong></span> <span class='ocrx_word' id='word_1_550' title='bbox 1205 4131 1560 4185; x_wconf 79' lang='lat' dir='ltr'><strong>Hominemne</strong></span> <span class='ocrx_word' id='word_1_551' title='bbox 1611 4130 1859 4185; x_wconf 84' lang='lat' dir='ltr'><strong>mollibus</strong></span> <span class='ocrx_word' id='word_1_552' title='bbox 1891 4130 2056 4185; x_wconf 81' lang='lat' dir='ltr'><strong>vesti-</strong></span> 
     </span>
    </p>
   </div>
   <div class='ocr_carea' id='block_1_77' title="bbox 498 4220 2057 4291">
    <p class='ocr_par' dir='ltr' id='par_1_77' title="bbox 498 4220 2057 4291">
     <span class='ocr_line' id='line_1_77' title="bbox 498 4220 2057 4291; baseline 0 -15"><span class='ocrx_word' id='word_1_553' title='bbox 498 4227 694 4278; x_wconf 88' lang='lat' dir='ltr'><strong>mentis</strong></span> <span class='ocrx_word' id='word_1_554' title='bbox 726 4225 1014 4278; x_wconf 86' lang='lat' dir='ltr'><strong>indutum?</strong></span> <span class='ocrx_word' id='word_1_555' title='bbox 1048 4224 1187 4279; x_wconf 85' lang='lat' dir='ltr'><strong>Ecce</strong></span> <span class='ocrx_word' id='word_1_556' title='bbox 1231 4223 1321 4291; x_wconf 90' lang='lat' dir='ltr'><strong>qui</strong></span> <span class='ocrx_word' id='word_1_557' title='bbox 1369 4222 1617 4276; x_wconf 89' lang='lat' dir='ltr'><strong>mollibus</strong></span> <span class='ocrx_word' id='word_1_558' title='bbox 1647 4220 1960 4287; x_wconf 77' lang='lat' dir='ltr'><strong>induuntur,</strong></span> <span class='ocrx_word' id='word_1_559' title='bbox 2005 4222 2057 4276; x_wconf 90' lang='lat' dir='ltr'><strong>itt</strong></span> 
     </span>
    </p>
   </div>
   <div class='ocr_carea' id='block_1_78' title="bbox 496 4312 2056 4382">
    <p class='ocr_par' dir='ltr' id='par_1_78' title="bbox 496 4312 2056 4382">
     <span class='ocr_line' id='line_1_78' title="bbox 496 4312 2056 4382; baseline 0.001 -17"><span class='ocrx_word' id='word_1_560' title='bbox 496 4313 751 4367; x_wconf 88' lang='lat' dir='ltr'><strong>domibus</strong></span> <span class='ocrx_word' id='word_1_561' title='bbox 786 4328 967 4380; x_wconf 74' lang='lat' dir='ltr'><strong>regunt</strong></span> <span class='ocrx_word' id='word_1_562' title='bbox 1012 4323 1161 4368; x_wconf 86' lang='lat' dir='ltr'><strong>sunt.</strong></span> <span class='ocrx_word' id='word_1_563' title='bbox 1196 4331 1215 4366; x_wconf 77' lang='grc' dir='ltr'><strong>ι</strong></span> <span class='ocrx_word' id='word_1_564' title='bbox 1252 4313 1429 4380; x_wconf 86' lang='lat' dir='ltr'><strong>Atque</strong></span> <span class='ocrx_word' id='word_1_565' title='bbox 1479 4312 1546 4367; x_wconf 86' lang='lat' dir='ltr'><strong>iis</strong></span> <span class='ocrx_word' id='word_1_566' title='bbox 1586 4312 1824 4380; x_wconf 85' lang='lat' dir='ltr'><strong>quidem,</strong></span> <span class='ocrx_word' id='word_1_567' title='bbox 1859 4312 2056 4382; x_wconf 88' lang='lat' dir='ltr'><strong>inquit,</strong></span> 
     </span>
    </p>
   </div>
   <div class='ocr_carea' id='block_1_79' title="bbox 495 4402 2057 4461">
    <p class='ocr_par' dir='ltr' id='par_1_79' title="bbox 495 4402 2057 4461">
     <span class='ocr_line' id='line_1_79' title="bbox 495 4402 2057 4461; baseline 0.004 -6"><span class='ocrx_word' id='word_1_568' title='bbox 495 4402 902 4456; x_wconf 87' lang='lat' dir='ltr'><strong>convenientius</strong></span> <span class='ocrx_word' id='word_1_569' title='bbox 917 4403 989 4457; x_wconf 86' lang='lat' dir='ltr'><strong>sit</strong></span> <span class='ocrx_word' id='word_1_570' title='bbox 1017 4403 1236 4459; x_wconf 84' lang='lat' dir='ltr'><strong>levitate</strong></span> <span class='ocrx_word' id='word_1_571' title='bbox 1255 4404 1419 4457; x_wconf 89' lang='lat' dir='ltr'><strong>animi</strong></span> <span class='ocrx_word' id='word_1_572' title='bbox 1448 4403 1715 4460; x_wconf 87' lang='lat' dir='ltr'><strong>laborare.</strong></span> <span class='ocrx_word' id='word_1_573' title='bbox 1740 4403 1892 4461; x_wconf 86' lang='lat' dir='ltr'><strong>Unde</strong></span> <span class='ocrx_word' id='word_1_574' title='bbox 1914 4408 2057 4461; x_wconf 88' lang='lat' dir='ltr'><strong>enim</strong></span> 
     </span>
    </p>
   </div>
   <div class='ocr_carea' id='block_1_80' title="bbox 2162 3230 3728 3307">
    <p class='ocr_par' dir='ltr' id='par_1_80' title="bbox 2162 3230 3728 3307">
     <span class='ocr_line' id='line_1_80' title="bbox 2162 3230 3728 3307; baseline 0.006 -25"><span class='ocrx_word' id='word_1_575' title='bbox 2162 3250 2179 3280; x_wconf 74' lang='grc' dir='ltr'><strong>ι</strong></span> <span class='ocrx_word' id='word_1_576' title='bbox 2214 3232 2317 3283; x_wconf 85' lang='grc' dir='ltr'>Ἴδε</span> <span class='ocrx_word' id='word_1_577' title='bbox 2345 3233 2374 3282; x_wconf 90' lang='lat'><strong>6</strong></span> <span class='ocrx_word' id='word_1_578' title='bbox 2394 3232 2584 3301; x_wconf 77' lang='grc' dir='ltr'>Ἀμνδς</span> <span class='ocrx_word' id='word_1_579' title='bbox 2614 3230 2708 3283; x_wconf 81' lang='grc' dir='ltr'>τοῦ</span> <span class='ocrx_word' id='word_1_580' title='bbox 2746 3230 2902 3295; x_wconf 76' lang='grc' dir='ltr'>Θεοῦ,</span> <span class='ocrx_word' id='word_1_581' title='bbox 2930 3232 2958 3283; x_wconf 91' lang='lat'><strong>6</strong></span> <span class='ocrx_word' id='word_1_582' title='bbox 2990 3233 3157 3301; x_wconf 82' lang='grc' dir='ltr'>αἴρων</span> <span class='ocrx_word' id='word_1_583' title='bbox 3202 3235 3301 3301; x_wconf 76' lang='grc' dir='ltr'>τὴν</span> <span class='ocrx_word' id='word_1_584' title='bbox 3337 3236 3612 3307; x_wconf 82' lang='grc' dir='ltr'>ἁμαρτίαν</span> <span class='ocrx_word' id='word_1_585' title='bbox 3635 3238 3728 3290; x_wconf 81' lang='grc' dir='ltr'><strong>τοῦ</strong></span> 
     </span>
    </p>
   </div>
   <div class='ocr_carea' id='block_1_81' title="bbox 2157 3317 3728 3392">
    <p class='ocr_par' dir='ltr' id='par_1_81' title="bbox 2157 3317 3728 3392">
     <span class='ocr_line' id='line_1_81' title="bbox 2157 3317 3728 3392; baseline 0.004 -19"><span class='ocrx_word' id='word_1_586' title='bbox 2157 3322 2393 3391; x_wconf 73' lang='grc' dir='ltr'>κόσμους</span> <span class='ocrx_word' id='word_1_587' title='bbox 2426 3340 2443 3371; x_wconf 83' lang='lat' dir='ltr'><strong>t</strong></span> <span class='ocrx_word' id='word_1_588' title='bbox 2490 3322 2600 3375; x_wconf 79' lang='grc' dir='ltr'>Καὶ</span> <span class='ocrx_word' id='word_1_589' title='bbox 2658 3317 2726 3392; x_wconf 82' lang='grc' dir='ltr'>ἦν</span> <span class='ocrx_word' id='word_1_590' title='bbox 2770 3323 2831 3374; x_wconf 88' lang='grc' dir='ltr'><strong>οὑ</strong></span> <span class='ocrx_word' id='word_1_591' title='bbox 2886 3324 3091 3392; x_wconf 70' lang='grc' dir='ltr'>μικρὸν</span> <span class='ocrx_word' id='word_1_592' title='bbox 3131 3324 3381 3379; x_wconf 82' lang='grc' dir='ltr'>ἐντεῦθεν</span> <span class='ocrx_word' id='word_1_593' title='bbox 3442 3328 3728 3382; x_wconf 76' lang='grc' dir='ltr'>ὑπολαϐεῖν</span> 
     </span>
    </p>
   </div>
   <div class='ocr_carea' id='block_1_82' title="bbox 2157 3410 3731 3488">
    <p class='ocr_par' dir='ltr' id='par_1_82' title="bbox 2157 3410 3731 3488">
     <span class='ocr_line' id='line_1_82' title="bbox 2157 3410 3731 3488; baseline 0.006 -27"><span class='ocrx_word' id='word_1_594' title='bbox 2157 3410 2374 3462; x_wconf 75' lang='grc' dir='ltr'>ἔσεσθαι</span> <span class='ocrx_word' id='word_1_595' title='bbox 2396 3414 2504 3474; x_wconf 84' lang='grc' dir='ltr'>τοῖς</span> <span class='ocrx_word' id='word_1_596' title='bbox 2530 3411 2706 3481; x_wconf 75' lang='grc' dir='ltr'>ὄχλοις</span> <span class='ocrx_word' id='word_1_597' title='bbox 2730 3411 2791 3463; x_wconf 72' lang='grc' dir='ltr'>τὸ</span> <span class='ocrx_word' id='word_1_598' title='bbox 2823 3411 3034 3482; x_wconf 75' lang='grc' dir='ltr'>βλάϐος.</span> <span class='ocrx_word' id='word_1_599' title='bbox 3062 3413 3269 3466; x_wconf 74' lang='grc' dir='ltr'>Οὐκοῦν</span> <span class='ocrx_word' id='word_1_600' title='bbox 3297 3415 3357 3467; x_wconf 86' lang='grc' dir='ltr'><strong>τὸ</strong></span> <span class='ocrx_word' id='word_1_601' title='bbox 3386 3417 3731 3488; x_wconf 80' lang='grc' dir='ltr'>συμϐεὸηκὺς</span> 
     </span>
    </p>
   </div>
   <div class='ocr_carea' id='block_1_83' title="bbox 2158 3500 3729 3572">
    <p class='ocr_par' dir='ltr' id='par_1_83' title="bbox 2158 3500 3729 3572">
     <span class='ocr_line' id='line_1_83' title="bbox 2158 3500 3729 3572; baseline 0.005 -20"><span class='ocrx_word' id='word_1_602' title='bbox 2158 3500 2339 3562; x_wconf 79' lang='grc' dir='ltr'>αὑτοῖς</span> <span class='ocrx_word' id='word_1_603' title='bbox 2376 3500 2691 3571; x_wconf 82' lang='grc' dir='ltr'>θεραπεύων</span> <span class='ocrx_word' id='word_1_604' title='bbox 2726 3501 2916 3565; x_wconf 82' lang='grc' dir='ltr'>πάθος,</span> <span class='ocrx_word' id='word_1_605' title='bbox 2949 3504 3043 3555; x_wconf 75' lang='grc' dir='ltr'><strong>καὶ</strong></span> <span class='ocrx_word' id='word_1_606' title='bbox 3087 3503 3184 3572; x_wconf 80' lang='grc' dir='ltr'><strong>τήν</strong></span> <span class='ocrx_word' id='word_1_607' title='bbox 3215 3505 3324 3557; x_wconf 87' lang='grc' dir='ltr'><strong>ἀπὸ</strong></span> <span class='ocrx_word' id='word_1_608' title='bbox 3357 3506 3449 3557; x_wconf 84' lang='grc' dir='ltr'>τοῦ</span> <span class='ocrx_word' id='word_1_609' title='bbox 3500 3509 3729 3560; x_wconf 74' lang='grc' dir='ltr'>σκανδά-</span> 
     </span>
    </p>
   </div>
   <div class='ocr_carea' id='block_1_84' title="bbox 2157 3591 3728 3664">
    <p class='ocr_par' dir='ltr' id='par_1_84' title="bbox 2157 3591 3728 3664">
     <span class='ocr_line' id='line_1_84' title="bbox 2157 3591 3728 3664; baseline 0.003 -20"><span class='ocrx_word' id='word_1_610' title='bbox 2157 3593 2269 3661; x_wconf 65' lang='grc' dir='ltr'>λουξ</span> <span class='ocrx_word' id='word_1_611' title='bbox 2304 3591 2506 3662; x_wconf 79' lang='grc' dir='ltr'>ζημίαν</span> <span class='ocrx_word' id='word_1_612' title='bbox 2554 3591 2886 3663; x_wconf 73' lang='grc' dir='ltr'>άπορριζῶν,</span> <span class='ocrx_word' id='word_1_613' title='bbox 2944 3592 3091 3660; x_wconf 82' lang='grc' dir='ltr'>λέγει</span> <span class='ocrx_word' id='word_1_614' title='bbox 3139 3595 3273 3664; x_wconf 80' lang='grc' dir='ltr'>πρὸς</span> <span class='ocrx_word' id='word_1_615' title='bbox 3328 3596 3555 3660; x_wconf 83' lang='grc' dir='ltr'>αὐτούς·</span> <span class='ocrx_word' id='word_1_616' title='bbox 3593 3619 3610 3647; x_wconf 74' lang='grc' dir='ltr'><strong>ι</strong></span> <span class='ocrx_word' id='word_1_617' title='bbox 3663 3600 3706 3649; x_wconf 83' lang='lat' dir='ltr'><strong>&#39;l‘</strong></span> <span class='ocrx_word' id='word_1_618' title='bbox 3711 3598 3728 3649; x_wconf 91' lang='grc' dir='ltr'><strong>ί</strong></span> 
     </span>
    </p>
   </div>
   <div class='ocr_carea' id='block_1_85' title="bbox 2159 3681 3727 3755">
    <p class='ocr_par' dir='ltr' id='par_1_85' title="bbox 2159 3681 3727 3755">
     <span class='ocr_line' id='line_1_85' title="bbox 2159 3681 3727 3755; baseline 0.004 -22"><span class='ocrx_word' id='word_1_619' title='bbox 2159 3682 2408 3750; x_wconf 75' lang='grc' dir='ltr'>ἐξήλθετε</span> <span class='ocrx_word' id='word_1_620' title='bbox 2440 3684 2520 3746; x_wconf 87' lang='grc' dir='ltr'><strong>είς</strong></span> <span class='ocrx_word' id='word_1_621' title='bbox 2550 3681 2648 3752; x_wconf 78' lang='grc' dir='ltr'>τὴν</span> <span class='ocrx_word' id='word_1_622' title='bbox 2679 3682 2881 3752; x_wconf 79' lang='grc' dir='ltr'>ἔρημον</span> <span class='ocrx_word' id='word_1_623' title='bbox 2920 3682 3082 3747; x_wconf 83' lang='grc' dir='ltr'>ίδεῖν;</span> <span class='ocrx_word' id='word_1_624' title='bbox 3112 3684 3356 3754; x_wconf 86' lang='grc' dir='ltr'>κάλαμον</span> <span class='ocrx_word' id='word_1_625' title='bbox 3389 3685 3493 3738; x_wconf 83' lang='grc' dir='ltr'><strong>ὑπὸ</strong></span> <span class='ocrx_word' id='word_1_626' title='bbox 3526 3687 3727 3755; x_wconf 79' lang='grc' dir='ltr'>ἀνέμου</span> 
     </span>
    </p>
   </div>
   <div class='ocr_carea' id='block_1_86' title="bbox 2162 3772 3730 3845">
    <p class='ocr_par' dir='ltr' id='par_1_86' title="bbox 2162 3772 3730 3845">
     <span class='ocr_line' id='line_1_86' title="bbox 2162 3772 3730 3845; baseline 0.003 -20"><span class='ocrx_word' id='word_1_627' title='bbox 2162 3774 2554 3843; x_wconf 83' lang='grc' dir='ltr'>σαλευόμενον;</span> <span class='ocrx_word' id='word_1_628' title='bbox 2588 3792 2605 3823; x_wconf 74' lang='grc' dir='ltr'><strong>ι</strong></span> <span class='ocrx_word' id='word_1_629' title='bbox 2653 3772 3062 3841; x_wconf 84' lang='grc' dir='ltr'>Ἐθαυμάσατε,</span> <span class='ocrx_word' id='word_1_630' title='bbox 3108 3776 3269 3844; x_wconf 75' lang='grc' dir='ltr'>φησὶ,</span> <span class='ocrx_word' id='word_1_631' title='bbox 3312 3777 3403 3828; x_wconf 72' lang='grc' dir='ltr'><strong>τὶν</strong></span> <span class='ocrx_word' id='word_1_632' title='bbox 3462 3776 3730 3845; x_wconf 84' lang='grc' dir='ltr'>μακάριον</span> 
     </span>
    </p>
   </div>
   <div class='ocr_carea' id='block_1_87' title="bbox 2160 3860 3729 3937">
    <p class='ocr_par' dir='ltr' id='par_1_87' title="bbox 2160 3860 3729 3937">
     <span class='ocr_line' id='line_1_87' title="bbox 2160 3860 3729 3937; baseline 0.003 -22"><span class='ocrx_word' id='word_1_633' title='bbox 2160 3863 2488 3931; x_wconf 78' lang='grc' dir='ltr'>Βαπτιστὴν,</span> <span class='ocrx_word' id='word_1_634' title='bbox 2521 3860 2617 3912; x_wconf 75' lang='grc' dir='ltr'><strong>καὶ</strong></span> <span class='ocrx_word' id='word_1_635' title='bbox 2657 3860 2721 3929; x_wconf 82' lang='grc' dir='ltr'>δὴ</span> <span class='ocrx_word' id='word_1_636' title='bbox 2759 3861 2852 3913; x_wconf 74' lang='grc' dir='ltr'><strong>καὶ</strong></span> <span class='ocrx_word' id='word_1_637' title='bbox 2885 3862 2982 3932; x_wconf 81' lang='grc' dir='ltr'><strong>τὴν</strong></span> <span class='ocrx_word' id='word_1_638' title='bbox 3022 3864 3155 3933; x_wconf 78' lang='grc' dir='ltr'>πρὸς</span> <span class='ocrx_word' id='word_1_639' title='bbox 3206 3865 3367 3917; x_wconf 81' lang='grc' dir='ltr'>αὑτὸν</span> <span class='ocrx_word' id='word_1_640' title='bbox 3419 3865 3729 3937; x_wconf 83' lang='grc' dir='ltr'>ἀποδημίαν</span> 
     </span>
    </p>
   </div>
   <div class='ocr_carea' id='block_1_88' title="bbox 2159 3950 3728 4028">
    <p class='ocr_par' dir='ltr' id='par_1_88' title="bbox 2159 3950 3728 4028">
     <span class='ocr_line' id='line_1_88' title="bbox 2159 3950 3728 4028; baseline 0.003 -24"><span class='ocrx_word' id='word_1_641' title='bbox 2159 3950 2480 4004; x_wconf 85' lang='grc' dir='ltr'>ὲπονίσασθε</span> <span class='ocrx_word' id='word_1_642' title='bbox 2523 3950 2804 4014; x_wconf 83' lang='grc' dir='ltr'>πολλάκις,</span> <span class='ocrx_word' id='word_1_643' title='bbox 2834 3952 2933 4015; x_wconf 76' lang='grc' dir='ltr'>τὰς</span> <span class='ocrx_word' id='word_1_644' title='bbox 2971 3951 3112 4005; x_wconf 78' lang='grc' dir='ltr'>οὕτω</span> <span class='ocrx_word' id='word_1_645' title='bbox 3132 3954 3359 4023; x_wconf 71' lang='grc' dir='ltr'>μακρὰς</span> <span class='ocrx_word' id='word_1_646' title='bbox 3390 3958 3486 4019; x_wconf 82' lang='grc' dir='ltr'>τῆς</span> <span class='ocrx_word' id='word_1_647' title='bbox 3524 3957 3728 4028; x_wconf 79' lang='grc' dir='ltr'>ἐρήμου</span> 
     </span>
    </p>
   </div>
   <div class='ocr_carea' id='block_1_89' title="bbox 2142 4041 3729 4117">
    <p class='ocr_par' dir='ltr' id='par_1_89' title="bbox 2142 4041 3729 4117">
     <span class='ocr_line' id='line_1_89' title="bbox 2142 4041 3729 4117; baseline 0.005 -22"><span class='ocrx_word' id='word_1_648' title='bbox 2142 4041 2573 4112; x_wconf 80' lang='grc' dir='ltr'>κατατρίϐοντες</span> <span class='ocrx_word' id='word_1_649' title='bbox 2603 4041 2776 4107; x_wconf 77' lang='grc' dir='ltr'>ὁδοὺς,</span> <span class='ocrx_word' id='word_1_650' title='bbox 2811 4045 2904 4097; x_wconf 73' lang='grc' dir='ltr'>καὶ</span> <span class='ocrx_word' id='word_1_651' title='bbox 2935 4043 3117 4115; x_wconf 81' lang='grc' dir='ltr'>ἱδρῶτι</span> <span class='ocrx_word' id='word_1_652' title='bbox 3148 4046 3326 4116; x_wconf 81' lang='grc' dir='ltr'>πολλῷ</span> <span class='ocrx_word' id='word_1_653' title='bbox 3359 4047 3455 4117; x_wconf 83' lang='grc' dir='ltr'>τὴν</span> <span class='ocrx_word' id='word_1_654' title='bbox 3484 4049 3729 4104; x_wconf 81' lang='grc' dir='ltr'>ἐντεῦθεν</span> 
     </span>
    </p>
   </div>
   <div class='ocr_carea' id='block_1_90' title="bbox 2158 4133 3751 4210">
    <p class='ocr_par' dir='ltr' id='par_1_90' title="bbox 2158 4133 3751 4210">
     <span class='ocr_line' id='line_1_90' title="bbox 2158 4133 3751 4210; baseline 0.004 -25"><span class='ocrx_word' id='word_1_655' title='bbox 2158 4133 2423 4203; x_wconf 80' lang='grc' dir='ltr'>ὠφέλειαν</span> <span class='ocrx_word' id='word_1_656' title='bbox 2472 4133 2789 4204; x_wconf 81' lang='grc' dir='ltr'>ὠνούμενοι.</span> <span class='ocrx_word' id='word_1_657' title='bbox 2823 4137 2944 4205; x_wconf 72' lang='grc' dir='ltr'><strong>Ἆρ’</strong></span> <span class='ocrx_word' id='word_1_658' title='bbox 2984 4133 3076 4189; x_wconf 83' lang='grc' dir='ltr'><strong>οὖν</strong></span> <span class='ocrx_word' id='word_1_659' title='bbox 3108 4138 3230 4206; x_wconf 83' lang='grc' dir='ltr'><strong>εἰκῆ</strong></span> <span class='ocrx_word' id='word_1_660' title='bbox 3275 4140 3366 4190; x_wconf 72' lang='grc' dir='ltr'><strong>καὶ</strong></span> <span class='ocrx_word' id='word_1_661' title='bbox 3404 4140 3751 4210; x_wconf 70' lang='grc' dir='ltr'><strong>προχείρως,Δ</strong></span> 
     </span>
    </p>
   </div>
   <div class='ocr_carea' id='block_1_91' title="bbox 2161 4224 3730 4300">
    <p class='ocr_par' dir='ltr' id='par_1_91' title="bbox 2161 4224 3730 4300">
     <span class='ocr_line' id='line_1_91' title="bbox 2161 4224 3730 4300; baseline 0.005 -24"><span class='ocrx_word' id='word_1_662' title='bbox 2161 4226 2343 4295; x_wconf 72' lang='grc' dir='ltr'>φησὶν,</span> <span class='ocrx_word' id='word_1_663' title='bbox 2378 4224 2735 4295; x_wconf 75' lang='grc' dir='ltr'>ἐθαυμάζετε,</span> <span class='ocrx_word' id='word_1_664' title='bbox 2763 4228 2921 4298; x_wconf 76' lang='grc' dir='ltr'>εἴπερ</span> <span class='ocrx_word' id='word_1_665' title='bbox 2947 4226 3119 4295; x_wconf 76' lang='grc' dir='ltr'>οὕτως</span> <span class='ocrx_word' id='word_1_666' title='bbox 3143 4228 3302 4281; x_wconf 80' lang='grc' dir='ltr'>αὑτὸν</span> <span class='ocrx_word' id='word_1_667' title='bbox 3337 4229 3567 4300; x_wconf 79' lang='grc' dir='ltr'>ἐλαφρὸν</span> <span class='ocrx_word' id='word_1_668' title='bbox 3587 4230 3730 4300; x_wconf 79' lang='grc' dir='ltr'>ἔχειν</span> 
     </span>
    </p>
   </div>
   <div class='ocr_carea' id='block_1_92' title="bbox 2158 4316 3731 4391">
    <p class='ocr_par' dir='ltr' id='par_1_92' title="bbox 2158 4316 3731 4391">
     <span class='ocr_line' id='line_1_92' title="bbox 2158 4316 3731 4391; baseline 0.004 -23"><span class='ocrx_word' id='word_1_669' title='bbox 2158 4316 2333 4368; x_wconf 75' lang='grc' dir='ltr'>οἴεσθε</span> <span class='ocrx_word' id='word_1_670' title='bbox 2374 4316 2464 4368; x_wconf 77' lang='grc' dir='ltr'><strong>τὸν</strong></span> <span class='ocrx_word' id='word_1_671' title='bbox 2503 4317 2646 4383; x_wconf 81' lang='grc' dir='ltr'>νοῦν,</span> <span class='ocrx_word' id='word_1_672' title='bbox 2689 4318 2764 4379; x_wconf 84' lang='grc' dir='ltr'>ὡς</span> <span class='ocrx_word' id='word_1_673' title='bbox 2802 4320 3177 4389; x_wconf 84' lang='grc' dir='ltr'>προσεοικέναι</span> <span class='ocrx_word' id='word_1_674' title='bbox 3226 4320 3457 4390; x_wconf 84' lang='grc' dir='ltr'>καλάμῳ</span> <span class='ocrx_word' id='word_1_675' title='bbox 3493 4322 3570 4391; x_wconf 84' lang='grc' dir='ltr'>τῷ</span> <span class='ocrx_word' id='word_1_676' title='bbox 3611 4323 3731 4375; x_wconf 87' lang='grc' dir='ltr'>λίαν</span> 
     </span>
    </p>
   </div>
   <div class='ocr_carea' id='block_1_93' title="bbox 2160 4405 3727 4490">
    <p class='ocr_par' dir='ltr' id='par_1_93' title="bbox 2160 4405 3727 4490">
     <span class='ocr_line' id='line_1_93' title="bbox 2160 4405 3727 4490; baseline 0.004 -32"><span class='ocrx_word' id='word_1_677' title='bbox 2160 4405 2388 4475; x_wconf 77' lang='grc' dir='ltr'>ἑτοίμως</span> <span class='ocrx_word' id='word_1_678' title='bbox 2427 4406 2511 4474; x_wconf 73' lang='grc' dir='ltr'><strong>ἐφ’</strong></span> <span class='ocrx_word' id='word_1_679' title='bbox 2526 4406 2674 4490; x_wconf 53' lang='grc' dir='ltr'>ᾗπερ</span> <span class='ocrx_word' id='word_1_680' title='bbox 2710 4407 2775 4459; x_wconf 86' lang='grc' dir='ltr'><strong>ἂν</strong></span> <span class='ocrx_word' id='word_1_681' title='bbox 2807 4407 3017 4477; x_wconf 84' lang='grc' dir='ltr'>συνωθῇ</span> <span class='ocrx_word' id='word_1_682' title='bbox 3060 4408 3120 4461; x_wconf 83' lang='grc' dir='ltr'>τὸ</span> <span class='ocrx_word' id='word_1_683' title='bbox 3149 4409 3366 4480; x_wconf 79' lang='grc' dir='ltr'>πνεῦμα</span> <span class='ocrx_word' id='word_1_684' title='bbox 3400 4411 3727 4466; x_wconf 89' lang='grc' dir='ltr'>συννεύοντι.</span> 
     </span>
    </p>
   </div>
   <div class='ocr_carea' id='block_1_94' title="bbox 496 4484 2051 4571">
    <p class='ocr_par' dir='ltr' id='par_1_94' title="bbox 496 4493 2051 4569">
     <span class='ocr_line' id='line_1_94' title="bbox 496 4493 2051 4569; baseline 0.007 -25"><span class='ocrx_word' id='word_1_685' title='bbox 496 4493 585 4561; x_wconf 90' lang='lat' dir='ltr'><strong>qui</strong></span> <span class='ocrx_word' id='word_1_686' title='bbox 614 4493 883 4562; x_wconf 89' lang='lat' dir='ltr'><strong>perpetuis</strong></span> <span class='ocrx_word' id='word_1_687' title='bbox 915 4494 1187 4550; x_wconf 84' lang='lat' dir='ltr'><strong>laboribus</strong></span> <span class='ocrx_word' id='word_1_688' title='bbox 1229 4510 1351 4550; x_wconf 86' lang='lat' dir='ltr'><strong>sese</strong></span> <span class='ocrx_word' id='word_1_689' title='bbox 1381 4505 1617 4562; x_wconf 83' lang='lat' dir='ltr'><strong>exercet,</strong></span> <span class='ocrx_word' id='word_1_690' title='bbox 1655 4511 2051 4569; x_wconf 86' lang='lat' dir='ltr'><strong>corporeasque</strong></span> 
     </span>
    </p>
   </div>
   <div class='ocr_carea' id='block_1_95' title="bbox 2155 4484 3725 4571">
    <p class='ocr_par' dir='ltr' id='par_1_95' title="bbox 2166 4487 3725 4571">
     <span class='ocr_line' id='line_1_95' title="bbox 2166 4487 3725 4571; baseline 0.004 -24"><span class='ocrx_word' id='word_1_691' title='bbox 2166 4496 2287 4560; x_wconf 86' lang='grc' dir='ltr'>Πῶς</span> <span class='ocrx_word' id='word_1_692' title='bbox 2314 4495 2421 4567; x_wconf 86' lang='grc' dir='ltr'><strong>γὰρ</strong></span> <span class='ocrx_word' id='word_1_693' title='bbox 2447 4497 2564 4566; x_wconf 80' lang='grc' dir='ltr'>οὑχὶ</span> <span class='ocrx_word' id='word_1_694' title='bbox 2591 4497 2825 4560; x_wconf 80' lang='grc' dir='ltr'>τοιοῦτος</span> <span class='ocrx_word' id='word_1_695' title='bbox 2848 4497 2922 4550; x_wconf 85' lang='grc' dir='ltr'><strong>ὢν</strong></span> <span class='ocrx_word' id='word_1_696' title='bbox 2946 4499 3320 4569; x_wconf 86' lang='grc' dir='ltr'>εὑρεθήσεται,</span> <span class='ocrx_word' id='word_1_697' title='bbox 3353 4487 3511 4571; x_wconf 80' lang='grc' dir='ltr'>εἴπερ</span> <span class='ocrx_word' id='word_1_698' title='bbox 3537 4502 3725 4567; x_wconf 78' lang='grc' dir='ltr'>ὅντως,</span> 
     </span>
    </p>
   </div>
   <div class='ocr_carea' id='block_1_96' title="bbox 495 4582 2055 4653">
    <p class='ocr_par' dir='ltr' id='par_1_96' title="bbox 495 4582 2055 4653">
     <span class='ocr_line' id='line_1_96' title="bbox 495 4582 2055 4653; baseline 0.006 -18"><span class='ocrx_word' id='word_1_699' title='bbox 495 4582 812 4637; x_wconf 77' lang='lat' dir='ltr'><strong>aﬂ‘ectiones</strong></span> <span class='ocrx_word' id='word_1_700' title='bbox 859 4586 1077 4639; x_wconf 83' lang='lat' dir='ltr'><strong>assidue</strong></span> <span class='ocrx_word' id='word_1_701' title='bbox 1123 4587 1371 4653; x_wconf 77' lang='lat' dir='ltr'><strong>reprimit</strong></span> <span class='ocrx_word' id='word_1_702' title='bbox 1418 4601 1483 4640; x_wconf 89' lang='lat' dir='ltr'><strong>ac</strong></span> <span class='ocrx_word' id='word_1_703' title='bbox 1530 4587 1735 4652; x_wconf 87' lang='lat' dir='ltr'><strong>domat,</strong></span> <span class='ocrx_word' id='word_1_704' title='bbox 1766 4588 1817 4641; x_wconf 93' lang='lat' dir='ltr'><strong>in</strong></span> <span class='ocrx_word' id='word_1_705' title='bbox 1852 4597 2055 4643; x_wconf 81' lang='lat' dir='ltr'><strong>tantam</strong></span> 
     </span>
    </p>
   </div>
   <div class='ocr_carea' id='block_1_97' title="bbox 502 4675 2057 4746">
    <p class='ocr_par' dir='ltr' id='par_1_97' title="bbox 502 4675 2057 4746">
     <span class='ocr_line' id='line_1_97' title="bbox 502 4675 2057 4746; baseline 0.005 -18"><span class='ocrx_word' id='word_1_706' title='bbox 502 4676 778 4730; x_wconf 86' lang='lat' dir='ltr'><strong>levitatem</strong></span> <span class='ocrx_word' id='word_1_707' title='bbox 822 4677 928 4730; x_wconf 89' lang='lat' dir='ltr'><strong>labi</strong></span> <span class='ocrx_word' id='word_1_708' title='bbox 964 4677 1189 4746; x_wconf 83' lang='lat' dir='ltr'><strong>posset?</strong></span> <span class='ocrx_word' id='word_1_709' title='bbox 1234 4675 1368 4730; x_wconf 83' lang='lat' dir='ltr'><strong>Nam</strong></span> <span class='ocrx_word' id='word_1_710' title='bbox 1421 4679 1790 4746; x_wconf 89' lang='lat' dir='ltr'><strong>hujuscemodi</strong></span> <span class='ocrx_word' id='word_1_711' title='bbox 1842 4680 2057 4737; x_wconf 82' lang='lat' dir='ltr'><strong>levitate</strong></span> 
     </span>
    </p>
   </div>
   <div class='ocr_carea' id='block_1_98' title="bbox 496 4766 2055 4838">
    <p class='ocr_par' dir='ltr' id='par_1_98' title="bbox 496 4766 2055 4838">
     <span class='ocr_line' id='line_1_98' title="bbox 496 4766 2055 4838; baseline 0.004 -18"><span class='ocrx_word' id='word_1_712' title='bbox 496 4768 692 4822; x_wconf 85' lang='lat' dir='ltr'><strong>mentis</strong></span> <span class='ocrx_word' id='word_1_713' title='bbox 728 4766 976 4821; x_wconf 86' lang='lat' dir='ltr'><strong>laborare</strong></span> <span class='ocrx_word' id='word_1_714' title='bbox 1017 4777 1102 4821; x_wconf 83' lang='lat' dir='ltr'><strong>est</strong></span> <span class='ocrx_word' id='word_1_715' title='bbox 1149 4767 1338 4831; x_wconf 88' lang='lat' dir='ltr'><strong>animi,</strong></span> <span class='ocrx_word' id='word_1_716' title='bbox 1395 4768 1584 4836; x_wconf 90' lang='lat' dir='ltr'><strong>inquit,</strong></span> <span class='ocrx_word' id='word_1_717' title='bbox 1634 4773 1725 4838; x_wconf 89' lang='lat' dir='ltr'><strong>qui</strong></span> <span class='ocrx_word' id='word_1_718' title='bbox 1785 4788 1889 4826; x_wconf 90' lang='lat' dir='ltr'><strong>non</strong></span> <span class='ocrx_word' id='word_1_719' title='bbox 1947 4784 2055 4827; x_wconf 86' lang='lat' dir='ltr'><strong>tant</strong></span> 
     </span>
    </p>
   </div>
   <div class='ocr_carea' id='block_1_99' title="bbox 494 4860 2058 4927">
    <p class='ocr_par' dir='ltr' id='par_1_99' title="bbox 494 4860 2058 4927">
     <span class='ocr_line' id='line_1_99' title="bbox 494 4860 2058 4927; baseline 0.006 -17"><span class='ocrx_word' id='word_1_720' title='bbox 494 4873 684 4926; x_wconf 86' lang='lat' dir='ltr'><strong>aspera</strong></span> <span class='ocrx_word' id='word_1_721' title='bbox 715 4860 922 4912; x_wconf 82' lang='lat' dir='ltr'><strong>vivendi</strong></span> <span class='ocrx_word' id='word_1_722' title='bbox 956 4861 1184 4923; x_wconf 84' lang='lat' dir='ltr'><strong>ratione,</strong></span> <span class='ocrx_word' id='word_1_723' title='bbox 1214 4874 1374 4927; x_wconf 86' lang='lat' dir='ltr'><strong>quam</strong></span> <span class='ocrx_word' id='word_1_724' title='bbox 1413 4861 1699 4916; x_wconf 90' lang='lat' dir='ltr'><strong>mundanis</strong></span> <span class='ocrx_word' id='word_1_725' title='bbox 1733 4863 1938 4919; x_wconf 88' lang='lat' dir='ltr'><strong>deliciis</strong></span> <span class='ocrx_word' id='word_1_726' title='bbox 1965 4866 2058 4919; x_wconf 87' lang='lat' dir='ltr'><strong>dc-</strong></span> 
     </span>
    </p>
   </div>
   <div class='ocr_carea' id='block_1_100' title="bbox 497 4949 2059 5021">
    <p class='ocr_par' dir='ltr' id='par_1_100' title="bbox 497 4949 2059 5021">
     <span class='ocr_line' id='line_1_100' title="bbox 497 4949 2059 5021; baseline 0.006 -22"><span class='ocrx_word' id='word_1_727' title='bbox 497 4949 741 5003; x_wconf 86' lang='lat' dir='ltr'><strong>lertetur.</strong></span> <span class='ocrx_word' id='word_1_728' title='bbox 775 4950 831 5002; x_wconf 87' lang='lat' dir='ltr'><strong>Si</strong></span> <span class='ocrx_word' id='word_1_729' title='bbox 862 4964 991 5017; x_wconf 76' lang='lat' dir='ltr'><strong>ergo</strong></span> <span class='ocrx_word' id='word_1_730' title='bbox 1016 4964 1137 5002; x_wconf 90' lang='lat' dir='ltr'><strong>eum</strong></span> <span class='ocrx_word' id='word_1_731' title='bbox 1172 4951 1511 5005; x_wconf 87' lang='lat' dir='ltr'><strong>admiramini</strong></span> <span class='ocrx_word' id='word_1_732' title='bbox 1551 4962 1804 5021; x_wconf 90' lang='lat' dir='ltr'><strong>tanquam</strong></span> <span class='ocrx_word' id='word_1_733' title='bbox 1828 4969 1858 5008; x_wconf 92' lang='lat' dir='ltr'><strong>a</strong></span> <span class='ocrx_word' id='word_1_734' title='bbox 1882 4956 2059 5010; x_wconf 62' lang='lat' dir='ltr'><strong>molli.</strong></span> 
     </span>
    </p>
   </div>
   <div class='ocr_carea' id='block_1_101' title="bbox 499 5034 2058 5099">
    <p class='ocr_par' dir='ltr' id='par_1_101' title="bbox 499 5034 2058 5099">
     <span class='ocr_line' id='line_1_101' title="bbox 499 5034 2058 5099; baseline 0.008 -14"><span class='ocrx_word' id='word_1_735' title='bbox 499 5035 567 5086; x_wconf 87' lang='lat' dir='ltr'><strong>tie</strong></span> <span class='ocrx_word' id='word_1_736' title='bbox 588 5034 991 5099; x_wconf 88' lang='lat' dir='ltr'><strong>ahhorrentem,</strong></span> <span class='ocrx_word' id='word_1_737' title='bbox 1025 5038 1248 5090; x_wconf 87' lang='lat' dir='ltr'><strong>tribuite</strong></span> <span class='ocrx_word' id='word_1_738' title='bbox 1272 5038 1431 5090; x_wconf 86' lang='lat' dir='ltr'><strong>etiam</strong></span> <span class='ocrx_word' id='word_1_739' title='bbox 1458 5038 1531 5092; x_wconf 91' lang='lat' dir='ltr'><strong>illi</strong></span> <span class='ocrx_word' id='word_1_740' title='bbox 1563 5040 1870 5096; x_wconf 69' lang='lat' dir='ltr'><strong>firmitatem</strong></span> <span class='ocrx_word' id='word_1_741' title='bbox 1895 5045 2058 5099; x_wconf 87' lang='lat' dir='ltr'><strong>animi</strong></span> 
     </span>
    </p>
   </div>
   <div class='ocr_carea' id='block_1_102' title="bbox 496 5121 2052 5189">
    <p class='ocr_par' dir='ltr' id='par_1_102' title="bbox 496 5121 2052 5189">
     <span class='ocr_line' id='line_1_102' title="bbox 496 5121 2052 5189; baseline 0.01 -16"><span class='ocrx_word' id='word_1_742' title='bbox 496 5121 757 5188; x_wconf 83' lang='lat' dir='ltr'><strong>ejusmodi</strong></span> <span class='ocrx_word' id='word_1_743' title='bbox 805 5126 1086 5180; x_wconf 68' lang='lat' dir='ltr'><strong>laboriosae</strong></span> <span class='ocrx_word' id='word_1_744' title='bbox 1122 5129 1245 5181; x_wconf 75' lang='lat' dir='ltr'><strong>vita:</strong></span> <span class='ocrx_word' id='word_1_745' title='bbox 1274 5133 1701 5186; x_wconf 88' lang='lat' dir='ltr'><strong>convenientem.</strong></span> <span class='ocrx_word' id='word_1_746' title='bbox 1750 5132 1807 5188; x_wconf 89' lang='lat' dir='ltr'><strong>Si</strong></span> <span class='ocrx_word' id='word_1_747' title='bbox 1840 5148 1967 5189; x_wconf 88' lang='lat' dir='ltr'><strong>vero</strong></span> <span class='ocrx_word' id='word_1_748' title='bbox 2001 5137 2052 5189; x_wconf 92' lang='lat' dir='ltr'><strong>in</strong></span> 
     </span>
    </p>
   </div>
   <div class='ocr_carea' id='block_1_103' title="bbox 496 5211 2056 5289">
    <p class='ocr_par' dir='ltr' id='par_1_103' title="bbox 496 5211 2056 5289">
     <span class='ocr_line' id='line_1_103' title="bbox 496 5211 2056 5289; baseline 0.012 -28"><span class='ocrx_word' id='word_1_749' title='bbox 496 5211 703 5279; x_wconf 88' lang='lat' dir='ltr'><strong>optimo</strong></span> <span class='ocrx_word' id='word_1_750' title='bbox 733 5214 855 5267; x_wconf 77' lang='lat' dir='ltr'><strong>vita:</strong></span> <span class='ocrx_word' id='word_1_751' title='bbox 885 5230 1083 5281; x_wconf 83' lang='lat' dir='ltr'><strong>genere</strong></span> <span class='ocrx_word' id='word_1_752' title='bbox 1123 5219 1255 5273; x_wconf 92' lang='lat' dir='ltr'><strong>nihil</strong></span> <span class='ocrx_word' id='word_1_753' title='bbox 1282 5220 1513 5289; x_wconf 89' lang='lat' dir='ltr'><strong>amplius</strong></span> <span class='ocrx_word' id='word_1_754' title='bbox 1548 5224 1804 5289; x_wconf 85' lang='lat' dir='ltr'><strong>statuitis,</strong></span> <span class='ocrx_word' id='word_1_755' title='bbox 1841 5227 1934 5279; x_wconf 83' lang='lat' dir='ltr'><strong>sed</strong></span> <span class='ocrx_word' id='word_1_756' title='bbox 1963 5240 2056 5280; x_wconf 88' lang='lat' dir='ltr'><strong>eo-</strong></span> 
     </span>
    </p>
   </div>
   <div class='ocr_carea' id='block_1_104' title="bbox 498 5303 2054 5385">
    <p class='ocr_par' dir='ltr' id='par_1_104' title="bbox 498 5303 2054 5385">
     <span class='ocr_line' id='line_1_104' title="bbox 498 5303 2054 5385; baseline 0.011 -32"><span class='ocrx_word' id='word_1_757' title='bbox 498 5304 618 5353; x_wconf 88' lang='lat' dir='ltr'><strong>dem</strong></span> <span class='ocrx_word' id='word_1_758' title='bbox 652 5303 841 5356; x_wconf 89' lang='lat' dir='ltr'><strong>ordine</strong></span> <span class='ocrx_word' id='word_1_759' title='bbox 894 5304 1104 5361; x_wconf 89' lang='lat' dir='ltr'><strong>habetis</strong></span> <span class='ocrx_word' id='word_1_760' title='bbox 1143 5324 1265 5363; x_wconf 91' lang='lat' dir='ltr'><strong>eum</strong></span> <span class='ocrx_word' id='word_1_761' title='bbox 1293 5311 1384 5378; x_wconf 88' lang='lat' dir='ltr'><strong>qui</strong></span> <span class='ocrx_word' id='word_1_762' title='bbox 1435 5310 1645 5367; x_wconf 83' lang='lat' dir='ltr'><strong>laborat</strong></span> <span class='ocrx_word' id='word_1_763' title='bbox 1696 5330 1814 5368; x_wconf 83' lang='lat' dir='ltr'><strong>cum</strong></span> <span class='ocrx_word' id='word_1_764' title='bbox 1864 5330 1929 5370; x_wconf 89' lang='lat' dir='ltr'><strong>eo</strong></span> <span class='ocrx_word' id='word_1_765' title='bbox 1961 5316 2054 5385; x_wconf 91' lang='lat' dir='ltr'><strong>qui</strong></span> 
     </span>
    </p>
   </div>
   <div class='ocr_carea' id='block_1_105' title="bbox 499 5389 2057 5470">
    <p class='ocr_par' dir='ltr' id='par_1_105' title="bbox 499 5389 2057 5470">
     <span class='ocr_line' id='line_1_105' title="bbox 499 5389 2057 5470; baseline 0.01 -28"><span class='ocrx_word' id='word_1_766' title='bbox 499 5389 801 5453; x_wconf 82' lang='lat' dir='ltr'><strong>dcliciatnr.</strong></span> <span class='ocrx_word' id='word_1_767' title='bbox 850 5408 967 5457; x_wconf 89' lang='lat' dir='ltr'><strong>cur,</strong></span> <span class='ocrx_word' id='word_1_768' title='bbox 1016 5399 1339 5467; x_wconf 84' lang='lat' dir='ltr'><strong>contemptis</strong></span> <span class='ocrx_word' id='word_1_769' title='bbox 1369 5401 1433 5454; x_wconf 87' lang='lat' dir='ltr'><strong>iis</strong></span> <span class='ocrx_word' id='word_1_770' title='bbox 1464 5402 1554 5470; x_wconf 89' lang='lat' dir='ltr'><strong>qui</strong></span> <span class='ocrx_word' id='word_1_771' title='bbox 1607 5404 1793 5457; x_wconf 90' lang='lat' dir='ltr'><strong>sericis</strong></span> <span class='ocrx_word' id='word_1_772' title='bbox 1822 5406 2057 5458; x_wconf 86' lang='lat' dir='ltr'><strong>vestibus</strong></span> 
     </span>
    </p>
   </div>
   <div class='ocr_carea' id='block_1_106' title="bbox 498 5481 2056 5560">
    <p class='ocr_par' dir='ltr' id='par_1_106' title="bbox 498 5481 2056 5560">
     <span class='ocr_line' id='line_1_106' title="bbox 498 5481 2056 5560; baseline 0.011 -30"><span class='ocrx_word' id='word_1_773' title='bbox 498 5487 724 5530; x_wconf 86' lang='lat' dir='ltr'><strong>utuntur</strong></span> <span class='ocrx_word' id='word_1_774' title='bbox 756 5488 808 5532; x_wconf 89' lang='lat' dir='ltr'><strong>ct</strong></span> <span class='ocrx_word' id='word_1_775' title='bbox 854 5481 906 5534; x_wconf 90' lang='lat' dir='ltr'><strong>in</strong></span> <span class='ocrx_word' id='word_1_776' title='bbox 955 5484 1092 5537; x_wconf 81' lang='lat' dir='ltr'><strong>aulis</strong></span> <span class='ocrx_word' id='word_1_777' title='bbox 1139 5501 1319 5555; x_wconf 76' lang='lat' dir='ltr'><strong>regum</strong></span> <span class='ocrx_word' id='word_1_778' title='bbox 1357 5504 1673 5557; x_wconf 65' lang='lat' dir='ltr'><strong>VCl&#39;ailllllll’,</strong></span> <span class='ocrx_word' id='word_1_779' title='bbox 1718 5508 1839 5545; x_wconf 89' lang='lat' dir='ltr'><strong>eunt</strong></span> <span class='ocrx_word' id='word_1_780' title='bbox 1879 5494 1970 5560; x_wconf 87' lang='lat' dir='ltr'><strong>qui</strong></span> <span class='ocrx_word' id='word_1_781' title='bbox 2003 5492 2056 5547; x_wconf 89' lang='lat' dir='ltr'><strong>itt</strong></span> 
     </span>
    </p>
   </div>
   <div class='ocr_carea' id='block_1_107' title="bbox 576 5656 1099 5726">
    <p class='ocr_par' dir='ltr' id='par_1_107' title="bbox 576 5656 1099 5726">
     <span class='ocr_line' id='line_1_107' title="bbox 576 5656 1099 5726; baseline 0.008 -17"><span class='ocrx_word' id='word_1_782' title='bbox 576 5657 618 5686; x_wconf 76' lang='grc'><strong>⁸¹</strong></span> <span class='ocrx_word' id='word_1_783' title='bbox 650 5656 785 5711; x_wconf 71' lang='grc' dir='ltr'><strong>ΡδιιΙ.</strong></span> <span class='ocrx_word' id='word_1_784' title='bbox 825 5673 974 5726; x_wconf 66' lang='lat' dir='ltr'><strong>scut,</strong></span> <span class='ocrx_word' id='word_1_785' title='bbox 1020 5660 1099 5714; x_wconf 72' lang='grc' dir='ltr'>Η.</span> 
     </span>
    </p>
   </div>
   <div class='ocr_carea' id='block_1_108' title="bbox 2158 4587 3730 4660">
    <p class='ocr_par' dir='ltr' id='par_1_108' title="bbox 2158 4587 3730 4660">
     <span class='ocr_line' id='line_1_108' title="bbox 2158 4587 3730 4660; baseline 0.004 -21"><span class='ocrx_word' id='word_1_786' title='bbox 2158 4588 2215 4640; x_wconf 80' lang='grc' dir='ltr'>ὃν</span> <span class='ocrx_word' id='word_1_787' title='bbox 2230 4587 2386 4652; x_wconf 84' lang='grc' dir='ltr'>οἶδεν,</span> <span class='ocrx_word' id='word_1_788' title='bbox 2402 4590 2613 4657; x_wconf 79' lang='grc' dir='ltr'>ἀγνοεῖν</span> <span class='ocrx_word' id='word_1_789' title='bbox 2626 4589 2894 4657; x_wconf 80' lang='grc' dir='ltr'>ὁμολογεῖ,</span> <span class='ocrx_word' id='word_1_790' title='bbox 2910 4590 2973 4642; x_wconf 79' lang='grc' dir='ltr'>ἐκ</span> <span class='ocrx_word' id='word_1_791' title='bbox 2992 4590 3191 4660; x_wconf 79' lang='grc' dir='ltr'>πολλῆς</span> <span class='ocrx_word' id='word_1_792' title='bbox 3210 4607 3354 4654; x_wconf 87' lang='grc' dir='ltr'>τινος</span> <span class='ocrx_word' id='word_1_793' title='bbox 3370 4591 3523 4655; x_wconf 80' lang='grc' dir='ltr'>τοῦτο</span> <span class='ocrx_word' id='word_1_794' title='bbox 3541 4592 3730 4646; x_wconf 83' lang='grc' dir='ltr'>παθὼν</span> 
     </span>
    </p>
   </div>
   <div class='ocr_carea' id='block_1_109' title="bbox 2159 4680 3731 4752">
    <p class='ocr_par' dir='ltr' id='par_1_109' title="bbox 2159 4680 3731 4752">
     <span class='ocr_line' id='line_1_109' title="bbox 2159 4680 3731 4752; baseline 0.001 -19"><span class='ocrx_word' id='word_1_795' title='bbox 2159 4680 2453 4751; x_wconf 81' lang='grc' dir='ltr'>ὲλαφρίας;</span> <span class='ocrx_word' id='word_1_796' title='bbox 2490 4680 2626 4732; x_wconf 74' lang='grc' dir='ltr'>Ἀλλ’</span> <span class='ocrx_word' id='word_1_797' title='bbox 2654 4680 2712 4731; x_wconf 86' lang='grc' dir='ltr'><strong>ού</strong></span> <span class='ocrx_word' id='word_1_798' title='bbox 2742 4680 2984 4749; x_wconf 83' lang='grc' dir='ltr'>κάλαμον</span> <span class='ocrx_word' id='word_1_799' title='bbox 3020 4681 3118 4750; x_wconf 82' lang='grc' dir='ltr'>μέν</span> <span class='ocrx_word' id='word_1_800' title='bbox 3141 4696 3155 4709; x_wconf 85' lang='grc'><strong>·</strong></span> <span class='ocrx_word' id='word_1_801' title='bbox 3192 4701 3210 4732; x_wconf 81' lang='lat' dir='ltr'><strong>t</strong></span> <span class='ocrx_word' id='word_1_802' title='bbox 3240 4682 3283 4733; x_wconf 81' lang='grc' dir='ltr'>Τ</span> <span class='ocrx_word' id='word_1_803' title='bbox 3289 4683 3304 4733; x_wconf 98' lang='grc' dir='ltr'><strong>ί</strong></span> <span class='ocrx_word' id='word_1_804' title='bbox 3335 4682 3392 4735; x_wconf 79' lang='grc' dir='ltr'>δὲ</span> <span class='ocrx_word' id='word_1_805' title='bbox 3422 4683 3570 4752; x_wconf 84' lang='grc' dir='ltr'>ὅμως</span> <span class='ocrx_word' id='word_1_806' title='bbox 3604 4682 3731 4736; x_wconf 84' lang='grc' dir='ltr'>ίδεῖν</span> 
     </span>
    </p>
   </div>
   <div class='ocr_carea' id='block_1_110' title="bbox 2158 4769 3731 4842">
    <p class='ocr_par' dir='ltr' id='par_1_110' title="bbox 2158 4769 3731 4842">
     <span class='ocr_line' id='line_1_110' title="bbox 2158 4769 3731 4842; baseline 0.002 -19"><span class='ocrx_word' id='word_1_807' title='bbox 2158 4771 2440 4842; x_wconf 53' lang='lat' dir='ltr'><strong>tantem;</strong></span> <span class='ocrx_word' id='word_1_808' title='bbox 2466 4769 2780 4841; x_wconf 78' lang='grc' dir='ltr'>’Ἄνθρωπον</span> <span class='ocrx_word' id='word_1_809' title='bbox 2802 4771 2858 4821; x_wconf 85' lang='grc' dir='ltr'>ὲν</span> <span class='ocrx_word' id='word_1_810' title='bbox 2886 4770 3145 4839; x_wconf 87' lang='grc' dir='ltr'>μαλακοῖς</span> <span class='ocrx_word' id='word_1_811' title='bbox 3168 4772 3570 4841; x_wconf 70' lang='grc' dir='ltr'>ἡμφιεσμένονς</span> <span class='ocrx_word' id='word_1_812' title='bbox 3602 4773 3731 4826; x_wconf 83' lang='grc' dir='ltr'>Ἰδοὺ</span> 
     </span>
    </p>
   </div>
   <div class='ocr_carea' id='block_1_111' title="bbox 2159 4858 3734 4929">
    <p class='ocr_par' dir='ltr' id='par_1_111' title="bbox 2159 4858 3734 4929">
     <span class='ocr_line' id='line_1_111' title="bbox 2159 4858 3734 4929; baseline 0.002 -19"><span class='ocrx_word' id='word_1_813' title='bbox 2159 4860 2208 4910; x_wconf 89' lang='grc' dir='ltr'>οἱ</span> <span class='ocrx_word' id='word_1_814' title='bbox 2239 4859 2305 4911; x_wconf 80' lang='grc' dir='ltr'><strong>τά</strong></span> <span class='ocrx_word' id='word_1_815' title='bbox 2339 4858 2558 4928; x_wconf 76' lang='grc' dir='ltr'>μαλακὰ</span> <span class='ocrx_word' id='word_1_816' title='bbox 2586 4858 2874 4929; x_wconf 77' lang='grc' dir='ltr'>φοροῦντες</span> <span class='ocrx_word' id='word_1_817' title='bbox 2912 4860 2968 4910; x_wconf 79' lang='grc' dir='ltr'><strong>ἐν</strong></span> <span class='ocrx_word' id='word_1_818' title='bbox 2999 4862 3110 4923; x_wconf 86' lang='grc' dir='ltr'>τοῖς</span> <span class='ocrx_word' id='word_1_819' title='bbox 3139 4862 3308 4924; x_wconf 78' lang='grc' dir='ltr'>οἴκοις</span> <span class='ocrx_word' id='word_1_820' title='bbox 3333 4860 3440 4913; x_wconf 91' lang='grc' dir='ltr'><strong>τῶν</strong></span> <span class='ocrx_word' id='word_1_821' title='bbox 3468 4860 3734 4929; x_wconf 77' lang='grc' dir='ltr'>βασιλέων</span> 
     </span>
    </p>
   </div>
   <div class='ocr_carea' id='block_1_112' title="bbox 2163 4945 3765 5023">
    <p class='ocr_par' dir='ltr' id='par_1_112' title="bbox 2163 4945 3765 5023">
     <span class='ocr_line' id='line_1_112' title="bbox 2163 4945 3765 5023; baseline 0.001 -21"><span class='ocrx_word' id='word_1_822' title='bbox 2163 4949 2318 5003; x_wconf 79' lang='grc' dir='ltr'>εἰσίν.</span> <span class='ocrx_word' id='word_1_823' title='bbox 2349 4969 2366 5000; x_wconf 77' lang='lat' dir='ltr'><strong>t</strong></span> <span class='ocrx_word' id='word_1_824' title='bbox 2398 4945 2492 5013; x_wconf 78' lang='grc' dir='ltr'><strong>Οἷς</strong></span> <span class='ocrx_word' id='word_1_825' title='bbox 2530 4949 2593 5019; x_wconf 84' lang='grc' dir='ltr'>δὴ</span> <span class='ocrx_word' id='word_1_826' title='bbox 2628 4950 2719 5002; x_wconf 76' lang='grc' dir='ltr'><strong>καὶ</strong></span> <span class='ocrx_word' id='word_1_827' title='bbox 2761 4950 2962 5019; x_wconf 76' lang='grc' dir='ltr'>μᾶλλον</span> <span class='ocrx_word' id='word_1_828' title='bbox 2992 4951 3059 5003; x_wconf 81' lang='grc' dir='ltr'>ειν</span> <span class='ocrx_word' id='word_1_829' title='bbox 3103 4953 3211 5021; x_wconf 73' lang='grc' dir='ltr'>εἴη,</span> <span class='ocrx_word' id='word_1_830' title='bbox 3246 4952 3431 5023; x_wconf 75' lang='grc' dir='ltr'>φησὶν,</span> <span class='ocrx_word' id='word_1_831' title='bbox 3466 4952 3765 5022; x_wconf 79' lang='grc' dir='ltr'>άρμοδιώ-”</span> 
     </span>
    </p>
   </div>
   <div class='ocr_carea' id='block_1_113' title="bbox 2164 5040 3736 5115">
    <p class='ocr_par' dir='ltr' id='par_1_113' title="bbox 2164 5040 3736 5115">
     <span class='ocr_line' id='line_1_113' title="bbox 2164 5040 3736 5115; baseline 0.001 -22"><span class='ocrx_word' id='word_1_832' title='bbox 2164 5058 2319 5112; x_wconf 91' lang='grc' dir='ltr'>τερον</span> <span class='ocrx_word' id='word_1_833' title='bbox 2361 5040 2421 5093; x_wconf 81' lang='grc' dir='ltr'><strong>τὸ</strong></span> <span class='ocrx_word' id='word_1_834' title='bbox 2464 5040 2521 5092; x_wconf 84' lang='grc' dir='ltr'>ὲν</span> <span class='ocrx_word' id='word_1_835' title='bbox 2553 5042 2742 5109; x_wconf 71' lang='grc' dir='ltr'>φρεσὶν</span> <span class='ocrx_word' id='word_1_836' title='bbox 2773 5042 3037 5111; x_wconf 83' lang='grc' dir='ltr'>ὑπάρχειν</span> <span class='ocrx_word' id='word_1_837' title='bbox 3083 5042 3361 5113; x_wconf 68' lang='grc' dir='ltr'>ἐλαῳραίς.</span> <span class='ocrx_word' id='word_1_838' title='bbox 3403 5043 3571 5097; x_wconf 83' lang='grc' dir='ltr'>Πόθεν</span> <span class='ocrx_word' id='word_1_839' title='bbox 3627 5044 3736 5115; x_wconf 75' lang='grc' dir='ltr'><strong>γὰρ</strong></span> 
     </span>
    </p>
   </div>
   <div class='ocr_carea' id='block_1_114' title="bbox 2165 5128 3739 5203">
    <p class='ocr_par' dir='ltr' id='par_1_114' title="bbox 2165 5128 3739 5203">
     <span class='ocr_line' id='line_1_114' title="bbox 2165 5128 3739 5203; baseline 0.002 -20"><span class='ocrx_word' id='word_1_840' title='bbox 2165 5132 2193 5183; x_wconf 92' lang='lat'><strong>6</strong></span> <span class='ocrx_word' id='word_1_841' title='bbox 2223 5130 2467 5193; x_wconf 89' lang='grc' dir='ltr'>σύντονος</span> <span class='ocrx_word' id='word_1_842' title='bbox 2506 5128 2647 5183; x_wconf 82' lang='grc' dir='ltr'>οὑτω</span> <span class='ocrx_word' id='word_1_843' title='bbox 2693 5132 2818 5202; x_wconf 75' lang='grc' dir='ltr'>περὶ</span> <span class='ocrx_word' id='word_1_844' title='bbox 2866 5131 2963 5203; x_wconf 78' lang='grc' dir='ltr'><strong>τήν</strong></span> <span class='ocrx_word' id='word_1_845' title='bbox 3011 5131 3263 5201; x_wconf 85' lang='grc' dir='ltr'>ἄσκησιν,</span> <span class='ocrx_word' id='word_1_846' title='bbox 3302 5132 3514 5202; x_wconf 79' lang='grc' dir='ltr'>βέϐαιός</span> <span class='ocrx_word' id='word_1_847' title='bbox 3548 5149 3608 5186; x_wconf 80' lang='grc' dir='ltr'><strong>τε</strong></span> <span class='ocrx_word' id='word_1_848' title='bbox 3646 5136 3739 5186; x_wconf 75' lang='grc' dir='ltr'><strong>καὶ</strong></span> 
     </span>
    </p>
   </div>
   <div class='ocr_carea' id='block_1_115' title="bbox 2166 5221 3736 5293">
    <p class='ocr_par' dir='ltr' id='par_1_115' title="bbox 2166 5221 3736 5293">
     <span class='ocr_line' id='line_1_115' title="bbox 2166 5221 3736 5293; baseline 0.003 -20"><span class='ocrx_word' id='word_1_849' title='bbox 2166 5221 2331 5285; x_wconf 76' lang='grc' dir='ltr'>πολὺς</span> <span class='ocrx_word' id='word_1_850' title='bbox 2372 5225 2450 5285; x_wconf 87' lang='grc' dir='ltr'>εἰς</span> <span class='ocrx_word' id='word_1_851' title='bbox 2490 5222 2551 5273; x_wconf 78' lang='grc' dir='ltr'>τὸ</span> <span class='ocrx_word' id='word_1_852' title='bbox 2583 5222 2675 5276; x_wconf 72' lang='grc' dir='ltr'><strong>καὶ</strong></span> <span class='ocrx_word' id='word_1_853' title='bbox 2711 5222 2887 5275; x_wconf 73' lang='grc' dir='ltr'>αὐτῶν</span> <span class='ocrx_word' id='word_1_854' title='bbox 2912 5224 3019 5275; x_wconf 89' lang='grc' dir='ltr'><strong>τῶν</strong></span> <span class='ocrx_word' id='word_1_855' title='bbox 3051 5224 3151 5292; x_wconf 77' lang='grc' dir='ltr'>τῆς</span> <span class='ocrx_word' id='word_1_856' title='bbox 3186 5225 3385 5293; x_wconf 80' lang='grc' dir='ltr'>σαρκὸς</span> <span class='ocrx_word' id='word_1_857' title='bbox 3431 5226 3736 5293; x_wconf 84' lang='grc' dir='ltr'>καταγωνί-</span> 
     </span>
    </p>
   </div>
   <div class='ocr_carea' id='block_1_116' title="bbox 2168 5310 3738 5384">
    <p class='ocr_par' dir='ltr' id='par_1_116' title="bbox 2168 5310 3738 5384">
     <span class='ocr_line' id='line_1_116' title="bbox 2168 5310 3738 5384; baseline 0.002 -21"><span class='ocrx_word' id='word_1_858' title='bbox 2168 5310 2352 5373; x_wconf 78' lang='grc' dir='ltr'>ζεσθαι</span> <span class='ocrx_word' id='word_1_859' title='bbox 2388 5311 2594 5375; x_wconf 85' lang='grc' dir='ltr'>παθῶν,</span> <span class='ocrx_word' id='word_1_860' title='bbox 2625 5313 2705 5374; x_wconf 86' lang='grc' dir='ltr'><strong>είς</strong></span> <span class='ocrx_word' id='word_1_861' title='bbox 2738 5312 3005 5384; x_wconf 87' lang='grc' dir='ltr'>τοσαύτην</span> <span class='ocrx_word' id='word_1_862' title='bbox 3038 5314 3275 5384; x_wconf 80' lang='grc' dir='ltr'>ἀμαθίαν</span> <span class='ocrx_word' id='word_1_863' title='bbox 3308 5314 3633 5383; x_wconf 82' lang='grc' dir='ltr'>ὲκ6ήσεται;</span> <span class='ocrx_word' id='word_1_864' title='bbox 3664 5315 3738 5366; x_wconf 71' lang='grc' dir='ltr'><strong>Τὸ</strong></span> 
     </span>
    </p>
   </div>
   <div class='ocr_carea' id='block_1_117' title="bbox 2165 5394 3740 5478">
    <p class='ocr_par' dir='ltr' id='par_1_117' title="bbox 2165 5394 3740 5478">
     <span class='ocr_line' id='line_1_117' title="bbox 2165 5394 3740 5478; baseline 0.002 -24"><span class='ocrx_word' id='word_1_865' title='bbox 2165 5402 2274 5472; x_wconf 76' lang='grc' dir='ltr'><strong>γάρ</strong></span> <span class='ocrx_word' id='word_1_866' title='bbox 2316 5406 2370 5454; x_wconf 71' lang='grc' dir='ltr'>ὲν</span> <span class='ocrx_word' id='word_1_867' title='bbox 2404 5403 2626 5478; x_wconf 78' lang='grc' dir='ltr'>τοιαύτῃ</span> <span class='ocrx_word' id='word_1_868' title='bbox 2670 5404 2882 5457; x_wconf 88' lang='grc' dir='ltr'>κεῖσθαι</span> <span class='ocrx_word' id='word_1_869' title='bbox 2922 5406 3157 5468; x_wconf 87' lang='grc' dir='ltr'>διανοίας</span> <span class='ocrx_word' id='word_1_870' title='bbox 3206 5394 3531 5476; x_wconf 60' lang='grc' dir='ltr'>κουφότητιξ</span> <span class='ocrx_word' id='word_1_871' title='bbox 3560 5406 3740 5475; x_wconf 76' lang='grc' dir='ltr'>ψυχῆς</span> 
     </span>
    </p>
   </div>
   <div class='ocr_carea' id='block_1_118' title="bbox 2168 5494 3742 5566">
    <p class='ocr_par' dir='ltr' id='par_1_118' title="bbox 2168 5494 3742 5566">
     <span class='ocr_line' id='line_1_118' title="bbox 2168 5494 3742 5566; baseline 0.001 -20"><span class='ocrx_word' id='word_1_872' title='bbox 2168 5494 2233 5546; x_wconf 82' lang='grc' dir='ltr'>ἂν</span> <span class='ocrx_word' id='word_1_873' title='bbox 2262 5494 2368 5564; x_wconf 78' lang='grc' dir='ltr'>εἴη.</span> <span class='ocrx_word' id='word_1_874' title='bbox 2405 5495 2587 5565; x_wconf 74' lang='grc' dir='ltr'>φησὶν,</span> <span class='ocrx_word' id='word_1_875' title='bbox 2616 5494 2676 5546; x_wconf 87' lang='grc' dir='ltr'><strong>ού</strong></span> <span class='ocrx_word' id='word_1_876' title='bbox 2710 5496 3151 5566; x_wconf 84' lang='grc' dir='ltr'>σκληραγωγίαις</span> <span class='ocrx_word' id='word_1_877' title='bbox 3192 5495 3416 5565; x_wconf 77' lang='grc' dir='ltr'>μᾶλλον,</span> <span class='ocrx_word' id='word_1_878' title='bbox 3443 5496 3578 5550; x_wconf 79' lang='grc' dir='ltr'>ἀλλὰ</span> <span class='ocrx_word' id='word_1_879' title='bbox 3623 5500 3742 5559; x_wconf 86' lang='grc' dir='ltr'>ταῖς</span> 
     </span>
    </p>
   </div>
  </div>
