4032 6212
300 305 383 359 173

1681 294 2123 354 THESAURUS.

3156 282 3185 297 κ

3396 292 3502 352 174

290 424 340 472 ὲν
376 415 563 484 κόσμῳ
609 412 839 482 τρυφαῖς
901 410 1186 481 ὴδομένης.
1218 411 1280 465 Ei
1338 412 1436 482 μὲν
1479 407 1573 465 οὖν
1614 412 1691 475 th;
1734 414 1836 467 οὐκ

1966 414 2228 471 olitudine
2254 415 2418 484 degit,
2462 413 2659 482 vilique
2691 413 2886 467 vestitu
2918 428 3011 468 seu
3045 412 3223 482 potius
3263 413 3386 482 pilis
3406 429 3501 468 ca-

287 512 395 560 ὄντα
434 508 491 558 tv
532 503 800 574 μαλακοῖς
848 501 1174 573 θαυμάζετε,
1201 502 1320 555 δότε
1360 504 1695 574 ﬂeatﬂeat
1740 504 1841 574 τὴν

287 599 403 666 αὐτῇ
463 594 787 664 πρέπουσαν
851 592 1171 660 ἀσφάλειαν.
1225 593 1288 645 Ei
1336 592 1394 646 δὲ
1449 595 1508 646 tv
1553 593 1631 663 τῷ
1694 592 1841 662 βιοῦν

284 690 458 756 ἄριστα
487 687 555 737 τὸ
586 684 746 737 πλέον
773 683 947 745 οὐδὲν,
976 684 1035 735 tv
1062 683 1118 736 δὲ
1148 682 1238 755 ἴσῃ
1266 682 1415 748 τάξει
1450 683 1540 737 τὸν
1579 683 1843 737 πονοῦντα

285 777 349 847 τῷ
374 775 648 847 τρυφῶντι
673 774 897 845 θήσετε,
927 773 981 825 τί
1020 773 1081 826 τὸ
1124 774 1407 843 σεμνύνειν
1455 774 1681 843 ἀφέντες
1720 775 1844 837 τοὺς

281 870 421 935 οἷπερ
458 866 601 918 εἰσὶν
640 866 698 918 ὲν
736 864 999 934 μαλακοῖς
1035 865 1260 935 ἀμφίοις
1291 865 1386 918 καὶ
1420 866 1477 918 tv
1516 865 1706 928 αὐλαῖς
1747 865 1844 934 βα-

282 957 476 1021 σιλέων,
524 956 627 1020 τὰς
668 959 726 1009 tv
769 958 961 1026 ἐρήμῳ
1005 955 1314 1025 διατριόάς,
1365 957 1458 1008 καὶ⁵
1504 956 1845 1025 περιϐόλαιον

279 1049 499 1111 εὐτελὲς,
535 1047 740 1117 μᾶλλον
768 1047 826 1099 δὲ
857 1046 955 1109 τὰς
988 1048 1054 1099 ὲκ
1091 1048 1354 1118 καμήλων
1400 1046 1589 1116 τρίχας
1635 1045 1848 1115 θαυμάο

280 1137 415 1199 (an;
467 1136 612 1188 Ἀλλ’
648 1132 809 1204 οἶμαι
858 1136 1202 1207 δυσωπήσειν
1240 1136 1386 1207 ὑμᾶς
1426 1136 1487 1188 τὸ
1532 1137 1589 1191 tv
1635 1135 1846 1197 τούτοις

278 1230 484 1291 ἄτοπον,
537 1226 900 1296 ἀξιοζήλωτον
931 1226 988 1277 δὲ
1029 1226 1198 1289 ὅντως
1234 1227 1411 1298 ἐρεῖτε
1439 1226 1531 1278 τὸν
1580 1225 1846 1297 μακάριον

284 1320 602 1387 Βαπτιστήν.
631 1313 756 1387 Ἆρ’
781 1311 874 1368 οῦν
903 1315 1080 1368 οἴεσθε
1131 1317 1417 1387 προφήτην
1461 1314 1725 1387 ὑπάρχειν
1752 1316 1849 1367 αῦ-

282 1411 390 1472 τόνς
420 1411 531 1461 Ναὶ
560 1408 870 1478 προφήτην,
917 1407 1198 1477 μᾶλλονδὲ
1228 1408 1321 1460 καὶ
1348 1408 1628 1477 προφήτου
1654 1408 1847 1460 πλεον-

286 1498 533 1551 εκτοῦντα
556 1498 622 1550 τὸ
647 1496 864 1566 μέτρον.
893 1498 956 1548 0i
985 1495 1084 1565 μὲν
1116 1495 1225 1565 γὰρ
1250 1495 1325 1557 ὡς
1357 1496 1475 1565 ἥξει
1518 1496 1863 1566 προεκήρυτ-·

285 1606 382 1651 τον,
407 1587 561 1639 οῦππω
593 1585 835 1656 παρόντα
863 1584 1153 1654 Θεὼμενοιο
1184 1587 1213 1637 ὁ
1237 1584 1295 1637 δὲ
1328 1584 1389 1638 τὸ
1420 1586 1845 1656 συναμφότερον.

286 1676 619 1747 Πανταχόθεν
640 1674 926 1744 τοιγαροῦν
945 1675 973 1726 ὁ
996 1674 1182 1745 Σωτὴρ
1205 1674 1531 1742 ἀξιάγαστον
1552 1670 1716 1728 οὖσαν
1732 1677 1852 1728 ἑπι-

1944 508 2209 562 melorum
2237 506 2495 572 induitur,
2526 506 2902 563 adtuiramini?
2928 503 3034 560 Sed
3061 514 3189 574 puto
3213 521 3305 561 vos
3334 508 3505 561 vereri

1942 598 2332 654 absurditatem
2370 598 2529 668 hujus
2574 599 2686 663 rei;
2736 597 2998 653 Joannem
3046 613 3175 651 vero
3210 595 3505 664 Baptistam

1944 689 2305 743 admiratione
2339 690 2558 758 dignum
2602 704 2723 744 esse
2773 687 2987 744 dicetis.
3037 688 3376 743 Existimatis
3408 689 3508 742 itu-

1944 796 2051 851 que
2096 781 2413 849 prophetam
2462 781 2635 849 ipsum
2677 783 2839 836 esse?
2884 782 3041 836 Certe
3092 782 3353 852 propheta
3405 794 3510 846 est,

1947 870 2055 924 imo
2087 871 2263 939 potius
2286 869 2666 940 prophetarum
2691 871 3051 928 conditionem
3085 871 3241 941 longe
3268 883 3510 941 superat.

1946 963 2229 1029 Propheta
2268 963 2411 1017 enim
2459 973 2742 1018 venturum
2784 975 2907 1017 cum
2948 963 3331 1032 prtedixerunt,
3380 982 3515 1034 pra»

1947 1061 2156 1106 sentem
2206 1060 2383 1105 tamen
2428 1067 2533 1105 non
2576 1051 2831 1106 viderunt
2862 1069 2877 1105 :
2908 1052 2996 1106 hic
3044 1068 3174 1105 vero
3204 1064 3512 1122 utrumque.

1950 1142 2026 1197 Ita
2053 1142 2306 1197 Christus
2350 1142 2729 1196 admirandum
2768 1143 3018 1199 omnibus
3059 1143 3232 1197 modis
3262 1143 3518 1211 Baptistae

1951 1231 2254 1285 institutum
2292 1245 2413 1285 esse
2449 1231 2706 1295 ostendit,
2738 1240 2796 1285 ut
2838 1232 3092 1286 credatur
3134 1248 3261 1286 vera
3320 1236 3518 1302 praedi-

1950 1335 2113 1386 care;
2162 1335 2227 1375 sc
2270 1330 2501 1375 testatur
2550 1320 2765 1389 quidem
2804 1320 2917 1389 ipse
2969 1320 3021 1374 in
3060 1322 3344 1376 sublimem
3394 1338 3516 1377 eum

1952 1411 2269 1479 dignitatem
2308 1410 2596 1473 extollens,
2640 1419 2695 1465 et
2737 1413 3029 1479 prophetas
3070 1413 3335 1468 excellere
3383 1413 3519 1467 aliir-

1953 1516 2127 1555 maus.
2156 1501 2355 1570 Adjicit
2384 1515 2514 1555 vero
2542 1500 2724 1554 statim
2752 1516 2859 1570 quo
2888 1510 3045 1569 pacto
3064 1504 3176 1557 suis
3211 1505 3387 1559 verbis
3411 1504 3518 1559 Pa-

1954 1591 2055 1647 tris
2088 1592 2251 1647 etiam
2286 1606 2384 1646 vox
2424 1592 2772 1661 respondeat,
2816 1602 2874 1646 ut
2919 1594 3317 1661 quodammqu
3348 1598 3515 1652 etiam

1952 1698 2020 1738 ex
2059 1683 2213 1753 legali
2258 1683 2469 1751 jnstitia
2526 1683 2894 1738 testimonium
2938 1684 3006 1738 de
3046 1700 3113 1739 eo
3151 1684 3519 1756 consignatur.

282 1766 495 1820 δεικνύει
520 1765 629 1836 τὴν
655 1764 747 1817 ἐπὶ
766 1762 844 1833 τῷ
868 1763 1155 1834 προδρόμῳ
1179 1762 1452 1834 διάληψιν,
1480 1763 1567 1816 ἵνα
1593 1764 1852 1835 φαίνηται

1966 1792 1980 1825 ι
2012 1772 2108 1828 llic
2141 1774 2284 1828 enim
2328 1781 2433 1839 est,
2468 1773 2662 1850 inquit,
2700 1773 2766 1827 de
2791 1787 2899 1841 quo
2939 1773 3199 1842 scriptum
3235 1782 3354 1830 est:
3385 1776 3523 1831 Ecce

288 1858 512 1929 κηρύξας
545 1856 762 1924 ἀληθῆ*
796 1856 891 1908 καὶ
923 1857 1190 1925 μαρτυρεῖ
1221 1853 1319 1922 μὲν
1353 1854 1514 1917 αὐτὸς
1546 1857 1624 1919 εἰς
1655 1855 1855 1926 ὑψηλὸν

285 1948 559 2017 ἀναφέρων
606 1946 842 2015 ἀξίωμα,
879 1947 970 1998 καὶ
1018 1945 1368 2015 προφητικῶν
1409 1945 1727 2010 ἐξάλλεσθαι
1768 1947 1858 1999 τό-

289 2055 391 2090 πων
416 2039 506 2090 τὸν
532 2036 712 2106 ἄνδρα
732 2036 1039 2090 διαὸεϐαιού
1048 2054 1226 2106 μενος.
1252 2037 1589 2107 Παρατίθησι
1618 2038 1674 2091 δὲ
1699 2038 1857 2100 εὐθὺς

290 2128 354 2189 ὡς
386 2129 494 2191 τοῖς
524 2125 731 2180 ἑαυτοῦ
772 2126 953 2193 λόγοις
992 2128 1226 2180 ἐποιεῖτο
1268 2128 1480 2195 γείτονα
1508 2127 1603 2179 τοῦ
1647 2127 1858 2198 Πατρξις

288 2218 373 2287 τὴν
412 2220 625 2289 φωνὴν.
654 2219 742 2271 ἴνα
768 2218 967 2287 τρόπον
993 2218 1115 2272 τινὰ
1145 2220 1239 2275 καὶ
1282 2221 1346 2271 ὲκ
1374 2217 1599 2287 νομικοῦ
1639 2217 1860 2271 δικαιώ-

293 2327 444 2379 ματος
473 2314 505 2379 ή
551 2310 644 2364 ἐπ’
671 2308 820 2377 αὐτῷ
869 2308 1141 2378 μαρτυρία
1206 2307 1593 2378 σφραγίξηται.
1645 2327 1661 2359 ι
1691 2303 1859 2372 Οὗτος

272 2401 383 2470 κγάρ
408 2402 544 2463 ἐστι,
585 2399 749 2467 φησὶ,
783 2396 911 2465 περὶ
940 2391 1000 2451 οὗ
1035 2397 1372 2468 γέγραπται·
1411 2395 1542 2449 Ἰδοὺ
1581 2394 1690 2463 ἐγὼ
1722 2395 1859 2448 ἀπο-

295 2489 476 2543 στέλλω
501 2490 603 2543 τδν
630 2483 862 2558 ἄγγελόν
890 2504 993 2555 μου
1024 2487 1130 2559 πρὸ
1158 2484 1448 2559 προσώπου
1478 2502 1593 2551 σου,
1622 2485 1678 2548 ὃς
1702 2501 1864 2540 κατα-

226 2592 230 2603 ·
296 2581 532 2635 σκευάσει
587 2580 687 2651 τὴν
732 2580 853 2633 ὁδὸν
907 2596 1002 2633 σου
1056 2579 1363 2651 ἔμπροσθέν
1415 2596 1531 2633 σου.
1560 2599 1577 2629 ι
1630 2574 1764 2632 Εἶτα
1809 2580 1863 2632 τί

220 2707 225 2711 ρ
297 2686 443 2739 φησιν
469 2672 571 2723 ἐπὶ
596 2667 808 2730 τούτοις
832 2668 961 2739 περὶ
986 2668 1148 2722 αὑτοῦ
1170 2685 1184 2733 ;
1220 2670 1391 2740 Ἀμὴν
1417 2668 1559 2738 λέγω
1586 2671 1737 2741 ὑμῖν,
1764 2670 1864 2723 οὐκ

296 2762 584 2831 ἐγήγερται
628 2762 686 2813 tv
729 2762 1007 2828 γεννητοῖς
1050 2760 1325 2828 γυναικῶν
1372 2760 1573 2831 μείζων
1619 2761 1863 2815 Ἰωάννου

296 2851 380 2905 τοῦ
407 2850 741 2916 Βαπτιστοῦ,
764 2854 792 2905 ὁ
828 2848 884 2905 δὲ
914 2851 1236 2922 μικρότερος
1261 2854 1319 2905 tv
1347 2854 1413 2923 τῇ
1462 2851 1864 2923 βασιλείᾳλτῶν

296 2948 553 3018 οὐρανῶν,
587 2945 791 3017 μείζων
841 2945 1005 3011 αὑτοῦ
1054 2946 1222 2998 ἐστιν.
1247 2960 1265 2993 ι
1306 2945 1448 3017 Ὅρα
1483 2945 1548 3016 δὴ
1599 2944 1760 2999 πάλιν
1807 2946 1865 2998 tv

304 3037 490 3102 τούτοις
542 3038 677 3108 ὅσην
723 3037 1018 3107 ἐποιήσατο
1073 3035 1170 3105 τὴν
1219 3034 1530 3105 οἰκονομίαν
1577 3036 1604 3088 6
1651 3036 1865 3105 Σωτήρ.

1955 1884 2056 1937 ego
2085 1868 2294 1922 mittam
2335 1868 2585 1938 angelum
2617 1882 2793 1925 meum
2839 1878 2967 1923 ante
3006 1867 3203 1924 faciem
3231 1880 3399 1937 tuam,
3426 1873 3523 1940 qui

1958 1959 2169 2030 parabit
2208 1959 2350 2013 viam
2396 1970 2542 2013 tuam
2589 1969 2717 2014 ante
2749 1972 2819 2014 te.
2858 1978 2876 2011 ι
2922 1960 3058 2025 Quid
3092 1977 3222 2015 vero
3262 1972 3524 2029 prteterea

1958 2052 2023 2105 de
2051 2064 2122 2105 eo
2156 2051 2499 2120 praedicant
2528 2051 2698 2105 Amen
2748 2049 2871 2104 dico
2919 2050 3093 2116 vobis,
3139 2067 3243 2105 non
3287 2054 3528 2111 snrresit

1960 2137 2103 2192 inter
2145 2146 2301 2193 natos
2341 2137 2625 2192 mulierum
2674 2137 2845 2205 major
2882 2137 3089 2193 Joanne
3120 2138 3391 2209 Baptista;
3426 2144 3526 2197 uti-

1960 2243 2060 2284 nor
2088 2237 2271 2284 autem
2318 2230 2370 2283 in
2419 2244 2585 2300 regno
2618 2227 2877 2283 caelorum
2925 2230 3099 2298 major
3137 2245 3202 2285 eo
3233 2242 3335 2293 est.
3374 2252 3393 2289 ι
3430 2235 3529 2292 llic

1960 2315 2083 2371 vide
2121 2331 2306 2371 rursus
2349 2327 2548 2386 quanta
2598 2317 2900 2371 meonomia
2956 2334 3087 2373 usus
3126 2322 3199 2375 sit
3245 2322 3525 2379 Servatur.

1960 2403 2234 2459 Prolixum
2264 2407 2410 2461 enim
2443 2406 2509 2463 de
2549 2405 2788 2478 Baptista
2824 2407 3013 2461 habuit
3043 2424 3371 2465 sermonem.
3410 2411 3533 2481 Opi-

1963 2497 2177 2554 nionem
2215 2498 2358 2554 enim
2391 2513 2529 2567 quae,
2557 2508 2616 2552 ut
2648 2498 2945 2554 verisimile
2977 2510 3082 2563 est,
3111 2499 3283 2555 fraudi
3316 2501 3416 2571 ipsi
3448 2503 3531 2555 ln-

1966 2599 2083 2644 tura
2130 2596 2266 2652 erat,
2323 2589 2535 2657 repulit.
2575 2589 2819 2661 Cumque
2862 2590 3009 2644 illum
3059 2590 3260 2659 aliquid
3301 2592 3533 2661 amplius

1965 2693 2128 2746 quam
2156 2677 2474 2747 prophetam
2519 2679 2717 2735 habere
2743 2680 2990 2741 dixisset,
3039 2680 3398 2736 admiratione
3444 2692 3532 2734 at-

1964 2782 2073 2836 que
2126 2782 2312 2822 amore
2361 2767 2582 2837 dignum
2634 2769 2972 2825 auditoribus
3015 2771 3271 2827 ostendit.
3332 2772 3535 2828 Deinde

1969 2856 2126 2928 105
2157 2871 2262 2911 non
2301 2858 2604 2915 surrexisse
2634 2859 2807 2931 inquit
2839 2874 2870 2913 e
2901 2861 3043 2915 natis
3088 2861 3377 2917 mulierum
3422 2880 3533 2917 ms—

1960 2950 2158 3019 jorem.
2203 2948 2336 3004 Cum
2386 2951 2551 3019 igitur
2603 2950 2752 3005 illum
2785 2952 2945 3006 veluti
2985 2952 3274 3019 imaginem
3308 2969 3536 3009 summat

1971 3040 2206 3104 virtutis,
2233 3055 2355 3109 quae
2382 3040 2435 3093 in
2458 3051 2617 3094 natos
2642 3055 2671 3093 ε
2700 3040 3016 3095 mulieribus
3046 3044 3286 3109 caderet,
3317 3045 3537 3098 statuis-

306 3131 464 3195 Πολὺς
499 3129 655 3199 αὐτῷ
690 3130 784 3181 καὶ
822 3128 1032 3200 μακρὸς
1062 3127 1190 3198 περὶ
1223 3126 1319 3180 τοῦ
1358 3127 1514 3194 ἁγίου
1565 3126 1863 3187 Βαπτιστοῦ

1970 3140 2073 3197 set,
2113 3130 2286 3199 majus
2315 3130 2512 3184 bonum
2560 3130 2805 3199 opponit,
2838 3131 2938 3185 hoc
2971 3140 3077 3194 est,
3109 3132 3200 3201 qui
3238 3147 3427 3188 recens
3453 3150 3537 3187 re-

304 3223 574 3293 κεκίνηται
596 3221 775 3289 λόγος.
812 3220 923 3291 Τὴν
955 3219 1053 3289 μὲν
1085 3218 1212 3288 γὰρ,
1238 3217 1359 3272 ὅθεν
1398 3214 1465 3287 ἦν
1497 3218 1644 3281 είκὸς
1680 3218 1868 3287 ἀδικη-

307 3312 561 3383 θήσεσθαί
588 3329 697 3375 πως
737 3309 921 3373 αὐτὸν,
964 3307 1341 3378 απεκρούσατο
1375 3307 1553 3373 δόξαν.
1583 3309 1869 3379 Προφήτου

309 3404 366 3456 δέ
402 3421 456 3457 τι
498 3403 653 3456 πλέον
696 3402 842 3474 ἔχειν
890 3398 1082 3465 είπὼν,
1130 3396 1566 3469 ἀξιοθαύμαστον
1632 3398 1730 3468 ἠδη
1779 3399 1871 3451 καὶ

306 3495 738 3568 αξιεραστότατον
756 3494 867 3555 τοῖς
888 3483 1257 3561 ἀκροωμένοις
1275 3489 1565 3543 ἐδείκνυεν.
1586 3484 1717 3542 Εῐτα
1737 3486 1871 3557 πρὸς

310 3589 506 3654 τούτοις
537 3590 636 3642 οὐκ
667 3586 960 3659 ἑγηγέρθαι
990 3583 1155 3652 φησιν
1190 3584 1247 3635 tv
1285 3582 1563 3649 γεννητοῖς
1600 3578 1872 3646 γυναικῶν

312 3680 543 3748 μείζονα..
566 3678 766 3733 Εἰκόνα.
790 3674 1078 3749 τοιγαροῦν
1103 3673 1294 3743 ὥσπερ
1322 3662 1484 3726 αὐτὸν
1518 3671 1739 3733 ἀναθεὶς
1771 3670 1873 3740 τῆς

307 3771 524 3843 ἐνούσης
571 3768 777 3840 ἀρετῆς
811 3769 871 3821 tv
907 3769 1186 3837 γεννητοῖς
1230 3763 1504 3833 γυναικῶν
1535 3762 1765 3832 ἔχουσαν
1813 3760 1875 3812 τὸ

280 3854 624 3929 ἀκρότατον,
675 3855 1165 3927 άντιπαρατίθησιν
1216 3855 1278 3906 τὸ
1343 3852 1603 3924 μειζόνως
1650 3849 1872 3918 ἀγαθὸν,

310 3951 568 4014 τουτέστι,
610 3950 701 4002 τὸν
738 3948 864 4019 άρτι
895 3950 995 4019 τῆς
1029 3945 1304 4017 βασιλείας
1342 3945 1643 4015 ἁψάμενον,
1676 3943 1768 3996 καὶ
1797 3944 1877 4005 είς

310 4040 412 4091 υἱὸν
450 4038 890 4108 ἀναγεννηθέντα
918 4036 1054 4092 Θεοῦ
1084 4036 1171 4091 διὰ
1200 4036 1295 4089 τοῦ
1327 4034 1669 4106 Πνεύματοςο
1707 4035 1772 4087 ἶν’
1817 4035 1875 4101 ἐξ

309 4124 375 4182 ὧν
407 4133 617 4192 ὶκεῖνος
658 4129 718 4182 τὸ
749 4128 966 4183 ἔλαττον
1006 4127 1144 4198 ἔχων
1164 4111 1512 4196 ’θαυμάζεται
1530 4165 1546 4188 ,
1588 4123 1879 4192 ἀξιολογώ-

311 4238 446 4276 τατοι
486 4221 763 4289 φαίνοιντο
794 4222 893 4290 τῆς
926 4218 1201 4289 βασιλείας
1238 4220 1285 4271 οἱ
1332 4216 1568 4288 μέτοχοι,
1614 4214 1879 4286 βαδίζοιεν

310 4307 358 4361 δὲ
389 4309 685 4386 προθύμως
715 4309 858 4371 τινὲς
903 4308 995 4359 ἐπὶ
1032 4305 1093 4360 τὸ
1138 4305 1402 4378 ἁρπάζειν
1443 4305 1634 4374 αὐτὴν,
1682 4306 1746 4358 ὲκ
1784 4307 1881 4375 τῆς

322 4398 563 4455 Ἰωάννου
596 4400 763 4470 τιμῆς
788 4400 849 4453 τὸ
879 4398 1185 4470 ὑπερφέρον
1216 4397 1389 4467 αὐτῆς
1414 4396 1879 4468 ἀναμετρούμενοι

1968 3238 2131 3291 gnum
2166 3221 2425 3277 ctelorum
2473 3232 2800 3276 consecutus
2828 3233 2993 3284 esset,
3044 3233 3099 3277 et
3142 3224 3195 3277 in
3241 3224 3407 3278 lilium
3444 3223 3538 3282 Dei

1972 3323 2321 3383 regeneratus
2354 3328 2447 3382 per
2477 3313 2762 3383 Spiritum,
2815 3323 2871 3367 ut
2898 3330 2962 3368 ex
2998 3315 3196 3384 quibus
3233 3312 3320 3371 ille
3361 3316 3541 3373 minus

1972 3404 2200 3469 habens,
2233 3403 2572 3458 admirationi
2604 3414 2769 3470 esset,
2801 3404 2949 3474 regni
2985 3404 3272 3475 participes
3304 3404 3538 3460 adrnira-

1972 3495 2121 3548 tione
2149 3494 2453 3562 dignissimi
2486 3494 2792 3558 videantnr,
2841 3505 3004 3564 utque
3054 3496 3147 3550 alii
3178 3496 3433 3552 alacriter
3474 3498 3542 3555 ad

1971 3585 2364 3652 capessendum
2410 3584 2540 3638 illud
2590 3586 2946 3649 contendant,
3005 3600 3073 3641 ex
3110 3583 3333 3643 Joannis
3371 3586 3542 3656 gloria

1974 3673 2292 3728 immensam
2345 3674 2487 3727 illius
2532 3675 2992 3742 pulchritudinem
3042 3677 3395 3732 aestimantes.
3440 3678 3544 3733 Ne-

1972 3778 2078 3833 que
2103 3763 2246 3816 enim
2269 3764 2363 3831 qui
2389 3779 2512 3816 eum
2535 3778 2701 3831 parva
2729 3780 2787 3819 re
2820 3767 3124 3830 contendit,
3155 3782 3404 3837 magnam
3430 3770 3546 3837 glo-

1978 3849 2111 3903 riam
2138 3848 2394 3919 consequi
2419 3858 2618 3917 potest,
2644 3853 2738 3904 sed
2767 3850 2813 3904 si
2841 3867 2963 3904 cunt
2993 3867 3189 3919 magno
3209 3853 3545 3919 conferatur,

1977 3936 2179 4002 majore
2234 3951 2485 3992 mensura
2532 3937 2712 3993 vincit.
2764 3938 3004 4007 Regnum
3055 3948 3235 3994 autem
3280 3942 3544 3997 calorum
3616 3974 3625 3983 ~

1977 4028 2213 4099 Spiritus
2260 4028 2461 4083 donum
2511 4043 2637 4083 csse
2671 4029 2921 4095 dicimus,
2950 4027 3103 4098 juxta
3167 4029 3294 4084 illud
3339 4032 3545 4086 Christi

1976 4122 2177 4177 dictum
2212 4138 2225 4175 :
2259 4138 2279 4172 ι
2314 4118 2558 4188 Regnum
2588 4120 2850 4177 caelorum
2887 4122 3028 4177 intra
3052 4136 3151 4177 vos
3180 4132 3264 4177 est
3282 4122 3348 4175 ⁸³.
3382 4141 3399 4175 ι
3431 4123 3546 4176 Μςιη

1972 4213 2061 4282 jor
2091 4214 2271 4282 itaque
2297 4212 2549 4267 omnibus
2580 4213 2724 4266 natis
2746 4228 2776 4266 e
2807 4213 3031 4269 muliere
3056 4223 3158 4279 est,
3181 4214 3270 4287 qui
3304 4230 3399 4285 per
3427 4217 3549 4282 Spi-

1982 4302 2143 4356 ritum
2191 4311 2539 4370 regeneratus
2580 4310 2683 4355 est.
2732 4300 2811 4356 Illi
2843 4304 2987 4358 enim
3031 4304 3203 4358 adltnc
3242 4304 3333 4358 lilii
3368 4303 3551 4359 carnis

1983 4389 2347 4460 appellantur;
2398 4389 2449 4443 lii
2487 4404 2615 4443 vero
2646 4389 2810 4445 Deum
2844 4393 3006 4445 totius
3049 4394 3285 4449 universi
3335 4393 3548 4449 Patrem

313 4491 520 4555 κάλλος.
547 4492 622 4545 Οὐ
658 4492 766 4561 γὰρ
804 4491 865 4542 τὸ
920 4488 1099 4560 μικρῷ
1137 4505 1243 4541 τινι
1294 4486 1629 4557 φιλονεικοῦν
1670 4489 1749 4549 είς
1781 4502 1863 4539 πο-

1990 4489 2274 4543 vocantcs,
2308 4489 2364 4531 ut
2390 4478 2486 4533 lilii
2528 4494 2650 4533 eum
2681 4480 2953 4545 invocant,
2996 4482 3239 4538 dicentes
3270 4501 3285 4538 :
3321 4502 3343 4537 ι
3374 4484 3547 4548 Abba,

315 4582 526 4652 σύιητα,
552 4582 653 4652 τὴν
686 4580 780 4634 τοῦ
822 4581 1057 4652 μεγάλου
1088 4579 1243 4646 δόξαν
1269 4580 1574 4644 ἀποίσεται,
1604 4580 1717 4634 ἀλλ’
1739 4580 1793 4633 εί
1819 4597 1876 4633 τι

313 4673 436 4742 πρὸς
474 4672 621 4744 μέγα
665 4671 764 4744 τὴν
795 4671 1080 4742 σύγκρισιν
1126 4669 1269 4741 ἔχοι,
1313 4670 1390 4742 τῷ
1437 4670 1641 4724 πλείονι
1691 4671 1875 4741 μέτρῳ

313 4766 423 4833 νικᾷ
447 4764 545 4816 καὶ
568 4762 962 4832 ύπερτείνεται.
990 4762 1274 4816 Βασιλείαν
1295 4762 1350 4816 δὲ
1382 4760 1628 4833 οὐρανῶν
1651 4761 1750 4830 τὴν
1777 4758 1871 4814 τοῦ

313 4852 621 4925 Πνεύματος
666 4857 814 4911 δόσιν
855 4852 996 4910 εἷναί
1048 4872 1249 4925 φαμεν,
1296 4854 1437 4908 κατὰ
1481 4853 1541 4907 τὸ
1588 4852 1873 4925 εἰρημένον

314 4948 455 5015 παρὰ
504 4946 773 5018 Χριστοῦ⁹
812 4965 831 4998 ι
870 4945 935 4999 Ἦ
985 4944 1231 5014 βασιλεία
1274 4943 1384 4996 τῶν
1438 4943 1683 5016 οὐρανῶν
1729 4943 1878 5007 me;

314 5030 457 5101 ὑμῶν
502 5037 638 5089 ἐστι.
665 5054 684 5087 ι
724 5035 941 5100 Μείζων
977 5030 1072 5089 οῦν
1110 5033 1219 5101 ἄρα
1249 5033 1448 5096 παντὸς
1479 5031 1742 5104 γεννητοῦ
1782 5049 1879 5101 γυ-

312 5128 486 5189 ναικὸς
508 5130 536 5181 ὁ
563 5129 628 5198 τῇ
656 5127 749 5180 τοῦ
779 5126 1095 5197 Πνεύματος
1114 5126 1469 5195 άναγεννήσει
1498 5122 1876 5194 τετιμημένος.

315 5212 371 5263 Ui
404 5215 501 5283 μὲν
527 5218 636 5286 γὰρ
680 5214 759 5268 ἔτι
801 5215 966 5268 τέκνα
999 5213 1286 5267 καλοῦνται
1334 5212 1558 5284 σαρκὸς,
1587 5213 1636 5264 oi
1676 5211 1733 5264 δὲ
1764 5212 1880 5264 Πα-

313 5300 438 5371 τέρα
485 5302 577 5355 τὸν
613 5301 725 5355 τῶν
780 5301 917 5357 ὅλων
967 5301 1399 5375 ιπιγραφόμενοι
1450 5299 1604 5363 Θεὸν,
1654 5299 1729 5361 ὡς
1770 5299 1878 5352 υἱοὶ

314 5392 715 5464 προσεύχονται,
743 5394 991 5457 λέγοντες
1011 5410 1024 5424 ο
1057 5412 1076 5445 ι
1110 5392 1301 5457 Ἀ66ἄ,
1330 5393 1360 5445 ὀ
1388 5392 1629 5463 Πατήρ.ι
1663 5389 1875 5444 Οὐκοῦν

314 5479 357 5528 εί
391 5481 481 5535 καὶ
509 5481 812 5554 ὲνυπάρχη,
840 5483 994 5553 φησὶ,
1041 5480 1282 5553 γεννητῷ
1309 5480 1565 5549 γυναικὸς
1593 5478 1653 5531 τὸ
1695 5480 1752 5532 tv
1782 5478 1874 5550 ἔρ-

1984 4568 2145 4623 Pater
2167 4567 2233 4624 “.
2262 4587 2282 4620 ι
2328 4567 2590 4635 Quocirca
2632 4572 2844 4625 tametsi
2892 4571 3168 4642 Baptistae,
3222 4586 3280 4628 ut
3330 4590 3397 4629 ex
3442 4591 3551 4628 ιιιιι-

1985 4658 2119 4714 liere
2158 4668 2309 4725 nato,
2340 4674 2548 4714 summa
2578 4675 2800 4729 operum
2836 4664 3145 4732 praestantia
3178 4662 3343 4717 insit:
3376 4664 3550 4733 major

1985 4762 2163 4806 tamen
2211 4765 2277 4807 eo
2324 4750 2429 4805 erit
2478 4752 2569 4821 qui
2622 4752 2689 4805 ad
2735 4767 2955 4823 regnum
3008 4752 3268 4807 crelorum
3326 4763 3551 4809 vocatus

1986 4844 2183 4908 fuerit;
2220 4842 2343 4912 quia
2376 4858 2480 4897 non
2514 4844 2748 4915 amplius
2791 4844 3073 4900 vocabitur
3109 4845 3249 4899 [ilius
3285 4847 3548 4910 mulieris,

1985 4932 2080 4987 sed
2107 4932 2303 4986 divinae
2329 4942 2534 4986 natura
2566 4934 2840 5004 particeps
2863 4935 2953 4989 liet
2976 4935 3043 4998 “,
3072 4943 3127 4989 et
3157 4934 3297 4990 lilius
3331 4936 3425 4991 Dei
3454 4953 3550 4990 vo-

1987 5021 2202 5077 cabitur
2223 5021 2269 5053 ⁸⁸
2294 5038 2309 5076 :
2336 5023 2551 5078 tametsi
2582 5026 2757 5079 tninor
2780 5025 2850 5082 sit
2870 5026 2936 5080 iis
2958 5027 3049 5098 qui
3080 5027 3402 5098 perlectiore
3428 5042 3554 5083 sunt

1989 5112 2195 5178 habitu,
2245 5120 2301 5165 et
2329 5112 2555 5182 pusillus
2603 5115 2783 5170 infans
2833 5117 3006 5171 adhuc
3054 5132 3348 5187 recensque
3394 5129 3553 5173 natus

1987 5204 2251 5259 videatur.
2284 5204 2421 5271 Quia
2448 5220 2577 5260 vero
2604 5207 2940 5275 regeneratio
2970 5224 3067 5277 per
3100 5208 3360 5278 Spiritum
3388 5208 3555 5264 Joan-

1990 5295 2074 5350 nis
2100 5303 2154 5349 et
2190 5296 2432 5351 omnium
2463 5296 2553 5366 qui
2592 5313 2657 5353 ex
2702 5299 3019 5363 mulieribus
3061 5300 3171 5355 nati
3215 5312 3339 5357 sunt
3368 5302 3554 5356 condi-

1992 5388 2194 5443 tionem
2228 5387 2411 5443 multis
2438 5390 2737 5445 intervallis
2764 5391 2835 5446 sit
2859 5403 3201 5469 superatura,
3232 5410 3337 5449 non
3366 5403 3554 5454 estra-

1989 5491 2125 5536 ncus
2148 5476 2327 5538 nobis
2348 5478 2673 5547 quarendus
2702 5490 2785 5537 est
2827 5483 3004 5546 testis,
3036 5483 3130 5538 sed
3162 5481 3398 5537 .Ioamics
3438 5483 3553 5543 ipso

388 5655 426 5687 ⁸³
459 5657 590 5714 Luc.
623 5676 754 5726 xm,
784 5661 875 5716 2|.
954 5661 999 5692 “
1028 5661 1184 5715 Rout.
1220 5673 1334 5722 nu,
1377 5658 1460 5712 l5.
1537 5658 1583 5690 “
1611 5655 1652 5711 li
1691 5653 1837 5710 Petr.

1966 5655 1998 5709 ι.
2074 5656 2118 5687 ⁶⁶
2147 5654 2166 5709 ι
2195 5654 2350 5712 Joan.
2384 5670 2467 5720 ιιι,
2498 5682 2551 5711 η..
