4036 6208
402 364 516 422 175

1384 343 1455 397 S.
1496 334 1774 395 CYRILLI
1814 325 2283 387 ALEXANDRlNl
2324 323 2640 380 ARCIIIEP.

3546 304 3647 359 Πϐ

408 470 675 535 declarat,
711 464 898 520 dicens
930 460 996 515 ad
1024 458 1208 514 Jesum
1240 472 1255 510 :
1293 472 1311 505 ι
1340 451 1491 522 Opus
1525 448 1655 505 mihi
1685 454 1771 502 est
1799 452 1858 499 ut
1878 442 1976 535 abs

2089 458 2197 510 γοις
2237 438 2538 510 ἐξαίρετον,
2580 433 2695 488 ἀλλ’
2740 429 2852 496 ἕξει
2882 429 2944 481 τὸ
2975 428 3158 499 μεῖζον
3189 423 3218 477 ὁ
3243 423 3377 495 πρὸς
3401 423 3500 492 τὴν
3541 423 3652 475 τῶν

411 514 675 535 ..νυ....-,,
713 514 895 520 ---πη
1391 514 1405 522 _

411 575 463 619 te
512 559 754 630 haptizcr
773 555 863 606 δ”.
896 573 913 606 ι
944 552 1085 606 Ecce
1109 548 1265 604 enim
1308 544 1477 612 is-qui
1511 552 1719 594 summa
1757 534 1977 590 virtutis

2089 529 2322 602 οὐρανῶν
2357 525 2633 598 βασιλείαν
2680 519 3015 589 κεκλημένος
3045 516 3135 570 διὰ
3160 514 3223 567 τὸ
3271 514 3469 583 μηκέτι
3522 529 3654 583 χρη.

409 622 743 722 perl'cctione
772 642 1031 713 praeditus
1053 644 1204 699 erat,
1234 627 1660 701 regenerationis
1683 639 1778 695 per
1808 622 1978 693 Spiri‘

380 715 523 810 ~ilum
560 740 759 793 donum
790 733 986 804 poscit,
1014 736 1199 797 utpote
1226 725 1317 792 qui
1348 737 1443 792 per
1482 721 1539 775 id
1584 718 1756 787 major
1797 715 1978 781 seipso

374 806 385 897 ί
408 828 722 887 elliciendus
752 833 918 885 esset,
954 832 1128 886 neque
1155 814 1387 882 amplius
1420 812 1471 865 id
1500 809 1803 869 habiturus,
1837 805 1979 873 quod

408 938 476 975 ex
509 919 737 974 muliere
764 923 924 969 natus
958 916 1127 971 esset,
1150 906 1244 960 sed
1277 906 1341 956 ad
1378 902 1614 956 divinam
1647 897 1977 951 nobilitatem

392 1011 849 1067 transfurmatus.
887 999 1055 1070 Cujus
1084 998 1163 1051 rei
1210 996 1367 1048 [idem
1402 993 1660 1047 Servator
1686 989 1798 1056 ipse
1831 983 1976 1044 facit,

411 1117 517 1156 non
549 1101 758 1160 dicens,
803 1091 1002 1153 llabcs,
1042 1087 1238 1149 amice,
1273 1082 1663 1153 perfectionem
1710 1078 1761 1131 in
1802 1076 1979 1141 bouis,

408 1194 574 1245 etiam
600 1188 736 1242 citra
769 1180 1253 1238 sanctilicationem
1286 1173 1648 1244 baptismatis,
1692 1170 1784 1222 sed
1813 1168 1983 1236 signi-

409 1285 583 1336 licans
617 1277 833 1348 quidem
860 1287 981 1327 eum
1008 1280 1352 1336 summopere
1387 1278 1451 1318 ea
1489 1263 1751 1330 indigere.
1782 1258 1979 1311 donum

408 1385 590 1425 tamen
625 1368 742 1435 ejus
782 1367 856 1418 rei
896 1360 1142 1416 consulto
1180 1358 1234 1411 iu
1279 1355 1424 1409 aliud
1457 1364 1668 1421 tempus
1708 1348 1980 1404 diﬂerens.

409 1463 523 1515 lloc
558 1460 701 1513 enim
746 1456 971 1509 omnino
1004 1448 1269 1517 existimo
1305 1445 1613 1516 signiﬁcare
1649 1440 1814 1495 illud:
1845 1457 1864 1489 ι
1894 1438 1984 1492 Di-

413 1554 568 1607 mitte
607 1550 767 1604 modo
788 1548 857 1599 ⁵⁷.
893 1565 911 1596 ι
961 1543 1113 1611 Quod
1150 1556 1277 1593 vero
1325 1550 1513 1591 rursus
1546 1548 1765 1602 regnum
1815 1530 1983 1585 coelo-

373 1704 384 1712 .
415 1661 531 1699 rum
561 1649 719 1697 voca
748 1641 946 1694 donum
981 1634 1220 1705 Spiritus
1255 1631 1455 1693 sancti,
1496 1636 1552 1682 et
1589 1641 1710 1697 quze
1739 1640 1836 1693 per
1862 1639 1984 1678 eum

414 1734 689 1795 confertur
723 1728 1076 1785 credentibus
1123 1722 1606 1794 regenerationem,
1647 1716 1870 1770 minimo
1901 1728 1987 1767 ne-

2083 622 2332 695 ματίζειν
2359 620 2474 673 υἱὸν
2500 617 2777 688 γυναικὸς,
2806 614 2943 668 ἀλλὰ
2962 611 3110 672 θείας
3146 608 3243 679 μὲν
3266 607 3479 675 φύσεως
3506 606 3659 673 γενέ-

2082 714 2206 768 σθαι
2252 712 2528 773 κοινωνὸν,
2572 709 2762 762 τέκνον
2803 705 2862 758 δὲ
2906 703 3008 772 ἤδη
3058 697 3339 755 καλεῖσθαι
3373 696 3529 760 Θεοῦ,
3563 699 3657 749 καὶ

2080 807 2129 858 εἰ
2165 802 2481 873 μικρότερος
2529 799 2614 867 εἴη
2661 795 2769 848 τῶν
2815 795 2874 846 ὲν
2906 791 3014 856 ἕξει
3051 788 3418 855 τελειοτέρων,
3461 784 3656 855 βρέφος

2080 915 2140 950 τε
2194 896 2274 947 ἔτι
2333 894 2504 947 νοοῖτο
2555 890 2728 960 βραχὺ
2782 886 2877 939 καὶ
2925 881 3228 955 ἀρτιγενές.
3275 879 3397 931 ’Ότι
3445 878 3503 931 δὲ
3550 878 3659 930 τῶν

2094 986 2341 1039 Ἰωάννου
2376 982 2609 1052 μέτρων,
2659 978 2692 1047 ἢ
2726 977 2819 1029 καὶ
2852 973 3048 1036 παντὸς
3079 969 3337 1040 γεννητοῦ
3384 968 3660 1036 γυναικῶν

2083 1080 2118 1146 ἡ
2147 1077 2232 1129 διὰ
2263 1073 2358 1127 τοῦ
2392 1070 2710 1140 Πνεύματος
2747 1065 3099 1135 ἀναγέννησις
3133 1062 3234 1114 οὐκ
3265 1060 3432 1129 ὀλίγῳ
3472 1058 3663 1111 διοίσει

2081 1168 2253 1235 τόπῳ,
2284 1164 2344 1217 οὐ
2374 1160 2607 1232 θύραθεν
2635 1160 2767 1228 ἡμῖν
2793 1157 2823 1208 ὁ
2863 1157 3094 1225 μάρτυς,
3134 1150 3250 1204 ἀλλ’
3273 1149 3436 1211 αὐτὸς
3464 1148 3664 1215 ἀσεϐή-

2086 1275 2237 1312 σεται
2283 1254 2455 1324 λέγων
2494 1252 2630 1323 πρὸς
2674 1250 2765 1302 τὸν
2803 1245 3042 1317 Ἰησοῦν·
3080 1261 3100 1294 ‹
3147 1241 3288 1309 Ἐγὼ
3325 1239 3515 1309 χρείαν
3556 1238 3665 1306 ἔχω

2084 1350 2189 1403 ὐπὸ
2217 1347 2312 1402 σοῦ
2342 1343 2728 1416 βαπτισθῆναι.
2752 1358 2772 1392 ι
2812 1338 2943 1391 Ἰδοὺ
2978 1337 3107 1406 γὰρ,
3142 1333 3250 1385 ίδού
3285 1332 3466 1385 καίτοι
3493 1330 3554 1382 τὸ
3580 1329 3667 1382 τέ-

2086 1443 2227 1496 λειον
2264 1440 2405 1510 ἔχων
2444 1440 2499 1492 ἐν
2534 1437 2734 1505 ἀρετῇ,
2780 1433 2881 1501 τῆς
2912 1429 3001 1482 διὰ
3046 1425 3140 1479 τοῦ
3176 1423 3489 1505 Πνεύματος
3534 1422 3666 1475 ἁνα-

2086 1502 2391 1601 γεννήσεως
2420 1530 2518 1598 τὴν
2550 1502 2710 1597 χάριν
2743 1525 2904 1585 αἰτεῖ,
2937 1520 3013 1583 ὡς
3054 1521 3134 1582 είς
3160 1517 3223 1570 τὸ
3255 1516 3438 1587 μεῖζον
3540 1514 3667 1566 καθ’

2088 1622 2281 1677 ἑαυτὸν
2324 1620 2392 1674 δι’
2438 1619 2608 1686 αὐτῆς
2655 1613 3097 1684 ἀναϐησόμενος,
3145 1610 3240 1663 καὶ
3280 1607 3343 1660 τὸ
3387 1608 3485 1677 μὲν
3527 1601 3666 1658 εἶναι

2088 1712 2346 1783 γεννητὸς
2376 1709 2636 1779 γυναικὸς
2674 1707 2772 1775 οὐχ
2812 1704 2951 1770 ἕξων
3000 1701 3101 1763 ἔτι,
3137 1700 3273 1769 πρὸς
3306 1698 3362 1751 δὲ
3391 1698 3486 1767 τὴν
3515 1696 3666 1750 θείαν

413 1827 558 1893 golio
595 1824 756 1893 106
779 1822 1157 1876 demonstrare
1204 1827 1517 1885 possumus,
1564 1824 1631 1863 ex
1662 1809 1776 1862 istis
1817 1805 1984 1860 nostri

2089 1805 2369 1872 εὐγένειαν
2410 1797 2915 1870 ἀναμορφούμενος.
2955 1793 3171 1846 Βεόαιοῖ
3207 1790 3261 1843 δὲ
3300 1789 3530 1859 μάλιστα
3567 1786 3666 1857 τὴν

350 1938 356 1944 ’
412 1919 719 1975 Servatoris
744 1914 928 1969 verbis
961 1931 974 1965 :
1012 1928 1032 1962 ι
1061 1911 1104 1964 Α
1140 1908 1331 1961 diebus
1351 1905 1494 1958 enim
1519 1901 1765 1964 Joannis,
1794 1899 1983 1968 inquit,

364 2046 365 2049 η
413 2025 584 2079 usque
617 2007 775 2061 modo
824 2017 1044 2073 regnum
1087 2000 1348 2055 caelorum
1377 1995 1486 2049 vim
1527 1992 1753 2062 patitur,
1794 2001 1848 2044 et
1877 1989 1989 2042 vio-

414 2102 544 2156 lenti
585 2098 806 2167 rapiuut
839 2095 972 2150 illud
992 2094 1059 2146 ⁸⁸.
1093 2109 1111 2143 ι
1152 2089 1283 2143 Nam
1320 2102 1442 2141 cum
1468 2083 1703 2138 Joannes
1731 2081 1989 2151 praedica-

408 2200 544 2246 ret:
578 2208 596 2241 ι
628 2187 822 2242 Parate
866 2184 1006 2238 viam
1059 2178 1296 2244 Domini,
1339 2185 1518 2231 rectas
1562 2174 1731 2228 facite
1768 2172 1989 2226 semitas

411 2281 529 2350 ejus
550 2282 597 2313 “
630 2297 644 2333 :
684 2296 702 2330 ι
745 2276 899 2331 multi
942 2273 1253 2327 auditorum
1291 2283 1320 2321 a
1362 2266 1601 2336 peccatis
1642 2273 1698 2318 ct
1754 2263 1989 2331 turpitu—

414 2374 540 2427 dine
578 2372 702 2423 vitze
748 2367 1141 2427 desciscentes,
1195 2374 1390 2431 magno
1437 2358 1611 2413 studio
1654 2364 1708 2410 et
1760 2363 1988 2410 conten-

404 2463 563 2515 rtione
591 2458 757 2513 animi
793 2470 971 2511 mores
1010 2468 1137 2507 suos
1163 2453 1231 2505 ad
1262 2448 1477 2504 virtutis
1501 2461 1744 2502 normam
1776 2458 1992 2512 compu-

416 2560 626 2613 nentes,
657 2546 752 2601 lilii
780 2545 874 2599 Dei
908 2558 1004 2612 per
1035 2541 1299 2609 Spiritum
1330 2534 1586 2591 declarati
1624 2540 1772 2596 sunt,
1810 2539 1991 2585 mente

404 2640 629 2693 illorum
671 2636 940 2690 illustrata
984 2641 1037 2685 et
1070 2644 1167 2700 per
1209 2635 1458 2681 sanctum
1502 2624 1828 2689 baptismum
1862 2633 1992 2688 pur-

402 2739 559 2800 .gata.
608 2727 765 2795 Atqui
797 2727 843 2779 si
885 2726 951 2777 iis
982 2721 1072 2792 qui
1118 2718 1453 2775 contrariam
1481 2714 1793 2784 opinionem
1835 2721 1986 2766 tuen-

403 2832 526 2884 tur,
562 2836 665 2873 non
697 2827 843 2872 recte
894 2829 1067 2883 neque
1111 2811 1318 2865 utiliter
1366 2808 1510 2863 dieta
1549 2806 1664 2860 haec
1697 2805 1987 2859 videntur:

414 2914 647 2965 doceant
688 2922 791 2976 qua
838 2908 906 2959 de
951 2919 1111 2958 causa
1142 2902 1307 2963 dicat,
1350 2915 1380 2953 a
1415 2899 1607 2952 diebus
1635 2895 1865 2951 Joannis
1894 2893 1992 2947 Ba-

406 3001 593 3072 ﬁista:
639 3012 861 3065 regnum
910 2994 1173 3049 caelorum
1217 2990 1334 3060 rapi
1365 3006 1379 3043 :
1409 2989 1609 3058 quippe
1644 2986 1788 3056 quod
1836 2999 1993 3039 neuio

366 3144 373 3149 .
405 3101 543 3146 ante
582 3104 704 3143 eum
748 3085 1007 3154 rapuerit.
1044 3083 1289 3148 Quonam
1339 3079 1503 3149 igitur
1546 3091 1670 3146 spes
1700 3074 1987 3144 propheta-

2086 1897 2179 1948 ἐπὶ
2222 1894 2399 1962 τούτῳ
2446 1891 2632 1944 πίστιν
2659 1890 2688 1941 ὁ
2715 1887 2928 1957 Σωτήρο
2958 1885 3163 1954 Ἔχεις,
3208 1875 3253 1934 ὦ
3279 1873 3453 1945 οὗτος,
3478 1878 3539 1932 τὸ
3582 1878 3673 1930 τέ-

2087 1987 2231 2039 λειον
2276 1985 2335 2038 ὲν
2366 1982 2615 2050 ἀγαθοῖς,
2647 1979 2749 2031 οὐκ
2790 1975 2983 2038 εἰπὼν,
3030 1974 3124 2026 καὶ
3153 1973 3275 2042 δίχα
3304 1969 3398 2024 τοῦ
3444 1970 3534 2024 διά
3576 1968 3673 2038 βα-

2088 2076 2395 2144 πτίσματος
2446 2067 2758 2139 ἀγιασμοῦ,
2817 2066 3033 2128 ἀλλ’ὡς
3060 2066 3118 2117 ἐν
3167 2062 3325 2134 χρείᾳ
3359 2060 3458 2128 μὲν
3505 2056 3672 2112 αὐτοῦ

2088 2166 2185 2221 καὶ
2222 2164 2343 2216 λίαν
2378 2161 2613 2232 ὑπάρχοι
2647 2156 2918 2213 συννεύων
2949 2157 3045 2210 καὶ
3080 2153 3487 2223 συντιθέμενος,
3522 2153 3672 2204 οἰκο-

2088 2256 2325 2327 νομικῶς
2354 2254 2412 2307 δὲ
2442 2254 2544 2323 τὴν
2576 2252 2737 2323 χάριν
2761 2249 2933 2319 ἑτέρῳ
2960 2248 3244 2316 φυλάττων
3273 2242 3467 2313 καιρῷ.
3499 2240 3673 2297 Τοῦτο

2088 2349 2198 2419 γάρ
2229 2346 2292 2415 δὴ
2333 2345 2427 2399 καὶ
2463 2343 2668 2413 νομίζω
2697 2341 2778 2406 τὸ,
2820 2359 2839 2392 ι
2874 2341 3045 2409 ’Ἄφες
3079 2338 3224 2407 ἄρτι,
3252 2354 3270 2387 ι
3307 2334 3521 2405 δηλοῦν.
3548 2333 3672 2386 Ὀτι

2088 2444 2147 2495 δὲ
2183 2441 2341 2495 πάλιν
2370 2436 2613 2509 οὐρανῶν
2646 2433 2923 2506 βασιλείαν
2961 2430 3230 2485 ἀποκαλεῖ
3252 2428 3353 2499 τὴν
3386 2425 3480 2480 τοῦ
3526 2425 3673 2478 θείου

2091 2536 2407 2605 Πνεύματος
2437 2532 2602 2595 δόσιν,
2643 2530 2737 2584 καὶ
2762 2528 2865 2599 τὴν
2894 2526 2961 2580 δι’
2985 2524 3150 2580 αὐτοῦ
3183 2527 3295 2586 τοῖς
3326 2519 3672 2574 πιστεύουσιν

2091 2627 2172 2690 είς
2212 2623 2345 2678 Θεὸν
2386 2623 2766 2692 ἀναγέννησιν,
2811 2616 2872 2671 οὐ
2916 2615 3143 2687 μακρῶν
3176 2616 3308 2684 ἡμῖν
3354 2614 3535 2684 δεήσει
3574 2609 3670 2663 πό-

2086 2734 2221 2779 νων,
2248 2716 2328 2778 είς
2356 2712 2760 2783 ἐναργεστάτην
2787 2706 3083 2773 ἀπόδειξιν,
3112 2704 3301 2770 ἀλλ’ὲξ
3328 2703 3507 2757 αὐτῶν
3537 2701 3659 2755 sled

2097 2805 2237 2877 μεθα
2270 2804 2381 2856 τῶν
2422 2802 2517 2855 τοῦ
2564 2802 2816 2872 Σωτῆρος
2851 2797 3143 2870 ῥημάτων
3182 2814 3201 2847 ι
3252 2795 3380 2848 Ἀπὸ
3428 2794 3538 2864 γάρ
3566 2794 3671 2847 τῶν

2092 2894 2318 2966 ἡμερῶν
2352 2895 2598 2947 Ἰωάννου
2652 2890 2758 2954 ἕως
2790 2890 2947 2959 ἄρτι,
2998 2888 3183 2957 φησὶν,
3212 2887 3247 2957 η
3289 2884 3535 2955 βασιλεία
3564 2883 3677 2937 τῶν

2093 2984 2337 3057 οὐρανῶν
2371 2983 2637 3055 βιάζεται,
2660 2980 2771 3035 ’καὶ
2820 2978 3040 3049 βιασταὶ
3068 2976 3404 3047 ἁρπάζουσιν
3433 2974 3621 3043 αὐτήν.
3651 2992 3670 3024 ι

2104 3078 2354 3131 Ἰωάννου
2391 3075 2498 3144 γάρ
2525 3075 2587 3144 δὴ
2616 3072 2695 3137 τὸ,
2729 3090 2747 3123 ι
2788 3071 3145 3141 Ἑτοιμάσατε
3172 3067 3271 3139 τὴν
3299 3066 3416 3120 ὁδὸν
3441 3066 3674 3137 Κυρίου,

412 3197 540 3239 rum
582 3179 790 3236 abibit?
837 3177 973 3244 Quid
1012 3185 1195 3227 tantus
1246 3182 1558 3227 sanctorum
1599 3179 1778 3223 cattus
1809 3167 1988 3230 faciet,

2096 3168 2349 3237 βοῶντος,
2381 3165 2596 3229 εὐθείας
2629 3166 2832 3217 ποιεῖτε
2854 3161 2953 3225 τὰς
2979 3160 3201 3233 τρίϐους
3225 3157 3416 3223 αὐτοῦ,
3435 3177 3456 3210 ι
3493 3156 3678 3211 πολλοὶ

417 3275 464 3329 εἰ
500 3288 667 3342 regno
697 3269 961 3324 cmlorum
990 3266 1245 3322 exclusus
1279 3264 1401 3318 est?
1441 3277 1565 3317 cmn
1598 3269 1727 3315 tunc
1759 3261 1991 3329 primum

418 3363 645 3432 coeperit
689 3360 826 3427 rapi,
870 3358 1091 3424 quando
1137 3353 1319 3406 multis
1365 3349 1697 3418 temporibus
1729 3344 1996 3416 posterior

412 3463 672 3508 ostensus
728 3451 943 3503 tandem
997 3458 1078 3500 est
1133 3444 1392 3507 Joannes,
1440 3440 1682 3495 clamans
1719 3455 1735 3491 :
1768 3453 1788 3487 ι
1821 3433 1997 3489 Pierii—

423 3543 645 3600 tentiam
681 3542 846 3609 agite,
890 3533 1340 3606 appropinquavit
1376 3531 1521 3586 enim
1570 3542 1795 3598 regnum
1832 3524 1997 3579 cmlo—

400 3634 627 3689 rum".
660 3652 678 3683 ι
751 3631 1018 3685 Cancrum
1077 3626 1235 3679 facile
1293 3623 1569 3677 intellectu
1630 3629 1713 3676 est
1772 3633 1994 3686 regnum

341 3771 343 3774 ι
384 3722 683 3777 ιοαειοτιιιιι
732 3721 929 3790 priscis
975 3719 1137 3772 etiam
1195 3716 1443 3786 patribus
1494 3723 1743 3783 paratum
1794 3708 1995 3774 luisse,

396 3824 607 3885 «utpote
634 3811 1008 3868 conformibus
1031 3807 1260 3876 imagini
1293 3805 1415 3861 Filii
1450 3805 1559 3869 sui,
1590 3813 1753 3873 atque
1791 3801 1998 3855 idcirco

340 3930 343 3933 ·
404 3924 447 3959 ιιι
485 3908 593 3959 Deo
622 3919 696 3957 .ac
726 3903 893 3957 Patre
930 3899 1292 3969 pra-cognitis.
1327 3897 1367 3949 Τ
1373 3910 1594 3965 erupere
1621 3908 1749 3949 vero
1776 3890 1998 3947 Joannis

402 3996 698 4065 Baptistae,
753 4007 919 4061 atque
966 3993 1043 4046 ab
1091 4004 1157 4044 eo
1216 3998 1459 4057 tempore
1509 3988 1762 4054 deinceps
1798 3983 1996 4037 donum

417 4086 659 4157 Spiritus
709 4084 909 4147 sancti,
947 4092 1001 4136 et
1034 4079 1376 4150 regeneratio
1407 4090 1502 4144 per
1532 4085 1778 4129 sanctqu
1810 4070 1995 4140 Bapti-

423 4194 627 4239 stuum,
677 4176 780 4228 lide
823 4174 1054 4242 rapitur.
1090 4173 1223 4227 Cum
1258 4168 1439 4236 itaque
1483 4165 1600 4219 lucc
1634 4162 1859 4231 quaestio
1884 4160 1994 4228 jam

308 4296 319 4303 ο
414 4267 574 4321 omni
612 4281 676 4320 ex
714 4276 868 4334 parte
901 4266 1169 4333 explicata
1202 4263 1295 4326 sit,
1326 4258 1461 4314 satis
1484 4262 1708 4325 apparet
1732 4267 1893 4322 quam
1928 4251 1999 4307 sit

402 4363 587 4409 -inane
617 4369 681 4408 ac
720 4354 968 4407 frivolum
994 4354 1309 4407 existimare
1332 4350 1592 4418 majorem
1622 4342 1841 4401 Christo
1876 4357 1999 4398 esse

308 4470 313 4474 ο
421 4446 742 4516 Baptistam.
785 4445 939 4513 Quod
973 4462 1093 4499 cum
1131 4448 1201 4499 ita
1240 4445 1332 4508 sit,
1373 4441 1577 4497 corruit
1612 4438 1770 4509 plane
1810 4436 1997 4493 adver-

366 4553 370 4557 ‘
420 4540 685 4594 sariorum
724 4539 975 4608 ohjectio.

2095 3258 2202 3314 τῶν
2226 3256 2610 3329 ἀκροωμένων,
2640 3255 2733 3310 τὸν
2759 3256 2817 3308 ὲν
2847 3253 3144 3325 ἁμαρτίαις
3166 3253 3243 3305 ιτι
3266 3252 3363 3305 καὶ
3391 3251 3678 3321 ἀσχήμονα

2095 3351 2524 3423 παραιτούμενοι
2562 3350 2697 3421 βίον,
2748 3349 2934 3419 ἐφέσει
2967 3365 3027 3400 τε
3060 3349 3126 3418 τῇ
3177 3345 3315 3417 πρὸς
3361 3346 3424 3398 τὸ
3457 3344 3679 3416 ἄμεινον

2097 3446 2194 3498 σὺν
2225 3443 2316 3516 βία
2350 3444 2443 3497 καὶ
2468 3443 2606 3511 τόνῳ
2635 3441 2725 3495 τὸν
2768 3442 2968 3494 οἰκεῖον
3014 3440 3094 3503 εἰς
3134 3438 3336 3509 ἀρετὴν
3376 3435 3678 3507 ἀναρυθμί-

2096 3534 2281 3600 ζοντες
2304 3534 2506 3606 τρόπον
2540 3532 2811 3603 ,γεννητοὶ
2839 3530 2975 3584 Θεοῦ
3007 3529 3098 3584 διά
3126 3531 3445 3601 Πνεύματος
3469 3527 3679 3581 ἀνεδεί-

2096 3640 2309 3687 κνυντο,
2340 3621 2746 3692 πεφωτισμένοι
2771 3621 2862 3675 τὸν
2891 3619 3016 3674 νοῦν
3041 3620 3136 3674 καὶ
3165 3618 3562 3689 κεκαθαρμένοι
3589 3616 3679 3670 διὰ

2094 3713 2191 3767 τοῦ
2223 3713 2379 3782 ἁγίου
2410 3713 2807 3785 βαπτίσματος.
2833 3712 2906 3764 "ﬂ
2943 3711 3102 3782 εῐπερ
3132 3712 3232 3764 οὐκ
3273 3708 3451 3780 ὀρθῶς
3489 3725 3551 3761 τε
3583 3709 3678 3761 καὶ

2097 3804 2411 3872 ἀναγκαίως
2441 3802 2693 3873 εἰρῆσθαι
2723 3801 2793 3855 τὰ
2823 3800 3053 3855 τοιαῦτα
3088 3800 3237 3853 δοκεῖ
3274 3801 3387 3861 τοῖς
3426 3796 3526 3868 τὴν
3560 3796 3678 3849 ἑτέ-

2100 3912 2200 3967 ραν
2235 3894 2597 3966 πρεσϐεὐουσι
2629 3893 2809 3959 δόξαν,
2833 3893 3240 3947 διδασκέτωσαν
3272 3893 3394 3945 ὅτου
3425 3891 3490 3961 δὴ
3515 3890 3677 3960 χάριν

2096 3988 2161 4039 ὲκ
2187 3985 2298 4038 τῶν
2348 3984 2595 4038 Ἰωάννου
2646 3985 2810 4056 φησὶν
2855 3986 3083 4056 ἡμερῶν
3126 3983 3226 4054 τὴν
3273 3982 3385 4036 τῶν
3431 3981 3677 4053 οὐρανῶν

2098 4074 2374 4145 βασιλείαν
2430 4075 2805 4147 ἁρπάζεσθαι,
2835 4075 2912 4138 ὼς
2957 4073 3171 4136 οὐδενὸς
3215 4073 3323 4146 ἀρα
3362 4071 3470 4143 πρὸ
3509 4068 3675 4124 αὐτοῦ

2095 4167 2195 4237 τὴν
2231 4167 2339 4221 τῶν
2384 4167 2628 4238 οὐρανῶν
2670 4166 2945 4238 βασιλείαν
2994 4164 3359 4237 ἁρπάσαντος.
3404 4164 3505 4215 Ποῖ
3544 4176 3676 4212 ποτε

2098 4254 2193 4312 οὖν
2238 4258 2349 4329 ἄρα
2375 4258 2483 4310 τῶν
2514 4257 2812 4329 προφητῶν
2845 4259 2879 4328 ή
2922 4255 3076 4318 ἐλπὶς
3123 4255 3434 4325 almost-at;
3472 4250 3536 4303 Τί
3562 4250 3619 4302 δὲ
3648 4251 3677 4302 ὁ

2096 4346 2353 4409 τοσοῦτος
2406 4346 2513 4400 τῶν
2562 4347 2733 4416 ἁγίων
2776 4344 2975 4417 πράξει
3019 4344 3200 4416 χορὸς,
3249 4345 3405 4414 εἰπερ
3438 4340 3544 4405 ἔξω
3579 4340 3679 4410 τῆς

2097 4437 2206 4491 τῶν
2253 4437 2499 4509 οὐρανῶν
2544 4437 2820 4508 βασιλείας
2855 4438 3135 4501 κείσεται;
3180 4435 3301 4489 τότε
3347 4434 3412 4505 δὴ
3461 4432 3678 4504 πρῶτον

2027 4516 2072 4570 Ῑ)
2100 4527 2194 4581 τοῦ
2240 4528 2581 4599 ἁρπάζεσθαι
2614 4529 2881 4600 λαὸοὐσης
2920 4529 3116 4600 ἀρχὴν,
3146 4530 3233 4582 ὅτε
3270 4527 3483 4598 χρόνοις
3521 4525 3678 4576 ὐστε-

420 4637 595 4707 ρήσας
632 4638 879 4708 μακροῖς,
944 4633 1227 4704 ἀνεδείχθη
1268 4631 1417 4704 μόλις
1441 4631 1469 4684 ὁ
1530 4626 1863 4697 Βαπτιστὴς,
1903 4644 1921 4678 ι
1972 4626 2319 4689 Μετανοεῖτε,
2349 4625 2521 4694 λέγων
2551 4642 2564 4655 ·
2610 4626 2807 4697 ἧγγιγε
2860 4625 2966 4697 γὰρ
3006 4628 3039 4696 ἡ
3078 4624 3323 4696 βασιλεία
3363 4621 3471 4675 τῶν
3514 4620 3680 4689 οὐρα-

417 4726 545 4782 νῶν.
585 4748 602 4780 ι
652 4729 788 4781 Ἀλλ’
831 4728 975 4780 ἔστιν
1022 4728 1370 4789 εὐσύνοπτον,
1409 4722 1485 4785 ὡς
1518 4720 1848 4791 ηὐτρέπιστο
1894 4717 1995 4787 μὲν
2031 4718 2144 4781 τοῖς
2211 4718 2385 4786 ἁγίοις
2418 4717 2480 4770 τὸ
2534 4719 2591 4772 ὲν
2627 4717 2875 4789 βασιλείᾳ
2912 4718 3180 4785 γίνεσθαι,
3212 4716 3307 4769 καὶ
3339 4712 3528 4776 πάλαι,
3582 4711 3676 4763 ἁτε

416 4824 481 4894 δὴ
513 4825 607 4877 καὶ
640 4823 981 4896 συμμόρφοις
1031 4814 1332 4892 ὑπάρχουσι
1378 4819 1478 4888 τῆς
1528 4817 1733 4879 εἰκόνος
1765 4813 1858 4868 τοῦ
1890 4812 2017 4867 Υίοῦ
2054 4814 2239 4878 αὐτοῦ,
2280 4815 2376 4867 καὶ
2415 4814 2500 4867 διὰ
2539 4814 2696 4867 τοῦτο
2739 4814 3210 4883 προεγνωσμένοις
3273 4810 3424 4881 παρὰ
3451 4808 3529 4879 τῷ
3561 4806 3678 4875 Θεῷ

419 4915 514 4966 καὶ
544 4915 732 4985 Πατρί.
769 4914 927 4968 Κατὰ
959 4913 1017 4965 δὲ
1050 4912 1140 4965 τὸν
1174 4911 1419 4964 Ἰωάννου
1450 4908 1660 4978 καιρὸν,
1696 4905 1791 4959 καὶ
1814 4904 2000 4958 λοιπὸν
2038 4905 2255 4976 ἐφεξῆς,
2285 4907 2318 4976 ἡ
2350 4903 2444 4957 τοῦ
2477 4904 2791 4974 Πνεύματος
2835 4904 2981 4967 δόσις
3026 4906 3121 4957 καὶ
3155 4906 3186 4975 ἡ
3222 4902 3310 4956 διὰ
3376 4900 3469 4953 τοῦ
3520 4898 3677 4967 ἁγίου

421 5006 794 5075 βαπτίσματος
852 5009 931 5076 είς
969 5005 1101 5057 Θεὸν
1134 5002 1515 5074 άναγέννησις,
1548 5000 1633 5078 διὰ
1704 4999 1940 5061 πίστεως
1982 4996 2310 5068 ἁρπάζεται.
2380 4996 2724 5067 Πανταχόθεν
2765 4996 2941 5051 τοίνυν
2995 4995 3444 5065 ἀποδεδειγμένου
3492 4991 3677 5060 σαφῶς

420 5098 510 5150 τοῦ
546 5099 919 5171 θεωρήματος,
959 5096 1207 5172 περιττὸν
1242 5100 1339 5171 ἢδη
1387 5099 1636 5169 φαίνεται
1663 5096 1725 5149 τὸ
1771 5095 1993 5167 μείζονά
2029 5112 2158 5147 ποτε
2225 5093 2318 5146 τοῦ
2362 5094 2613 5164 Σωτῆρος
2662 5093 2879 5148 ἔσεσθαι
2916 5095 3007 5147 τὸν
3042 5094 3294 5164 Ἰωάννην
3359 5088 3679 5158 ὐπολαμὸάο

419 5205 550 5244 νειν.
596 5191 657 5241 ΕΞ
712 5191 768 5244 δὲ
806 5193 962 5262 τοῦτο
1008 5188 1235 5262 ἀληθὲς,
1287 5191 1523 5243 λελύσθω
1558 5190 1718 5244 πάλιν
1775 5187 1881 5241 τῶν
1915 5187 1981 5242 δι’
2025 5186 2270 5252 ἐναντίας
2302 5188 2612 5261 πρόϐλημα.

496 5365 559 5393 οσ·
587 5363 769 5416 λιιι..
807 5382 842 5428 ι,
874 5367 958 5419 ιι.
990 5372 993 5373 ν
1026 5344 1083 5427 ,δέ
1116 5334 1224 5419 [hil
1290 5366 1372 5439 is.
1410 5360 1413 5363 '
1453 5364 1496 5396 σε
1523 5363 1710 5418 Matth.
1744 5380 1817 5429 XI,
1859 5364 1938 5416 ιε.

1282 5444 1319 5467 ,ιι
1720 5452 1726 5459 ⁸

2089 5360 2272 5416 Matth.
2322 5378 2403 5443 in,
2433 5363 2486 5418 5.
2563 5361 2609 5394 ⁷⁰
2645 5362 2832 5417 Matth.
2870 5378 2939 5427 iv,
2979 5362 3055 5415 l7.

1242 5516 1411 5566 nam

1770 5574 1777 5589 ι
