4110 6212
373 365 468 419 177

867 487 1233 576 ΛΟΓΟΣ
1311 495 1409 576 lB
1433 556 1450 574 .

371 637 578 730 εἶς’τδ,
606 682 625 714 ι
660 663 997 740 firmare;
1025 665 1226 740 ηατρι,
1254 666 1353 740 κᾳι
1377 668 1636 740 ὀῌΠᾳτὴρ
1659 668 1730 722 ἐν
1753 671 1904 740 ἐμοὶ,
1928 690 1948 723 υ

575 733 696 799 καὶ,
737 752 756 785 ι
793 735 936 802 Ἐγὼ
962 736 1066 788 καὶ
1093 740 1126 789 ό
1146 733 1363 804 Πατὴρ
1391 735 1462 789 ἐν
1484 733 1689 806 ἐσμὲν.
1717 760 1736 791 ι

641 868 960 934 Ἀντίϐεσις
991 867 1072 934 ὡς
1108 867 1180 922 ἐκ
1215 867 1335 921 τῶν
1371 869 1700 936 αἰρετικῶν.

437 980 638 1042 υύδὲν,
657 981 808 1050 (paci,
836 980 1172 1049 θαυμαστὸν,
1203 982 1252 1032 εἰ
1279 981 1308 1032 6
1339 981 1533 1051 Πατήρ
1561 983 1710 1035 ἐστιν
1732 984 1789 1035 ὲν
1817 981 1953 1054 Υἰῷ,

369 1071 458 1124 καὶ
484 1073 514 1123 6
543 1071 674 1134 Υἱδς
703 1071 761 1123 ὲν
794 1072 1006 1141 Πατρὶ,
1052 1071 1186 1124 ὅπου
1223 1071 1315 1125 καὶ
1361 1073 1490 1142 περὶ
1533 1073 1689 1142 ἡμῶν
1720 1073 1776 1126 αἱ
1818 1072 1955 1128 θεῖαι

367 1161 583 1226 λέγουσι
609 1160 823 1231 Γραφαὶ
849 1161 932 1214 ὃτι
962 1179 980 1212 ι
1005 1161 1094 1214 Ἑν
1121 1161 1274 1232 αύτῷ
1302 1161 1485 1231 ζῶμεν
1510 1164 1605 1214 καὶ
1634 1163 1954 1234 κινούμεθα,

367 1251 458 1302 καὶ
493 1251 684 1319 ἐσμέν.
711 1268 730 1301 ι
766 1251 978 1324 ἀιτιερ
1006 1248 1100 1305 οὖν
1130 1253 1228 1304 καὶ
1267 1253 1430 1323 ἡμεῖς
1467 1255 1528 1306 ὲν
1562 1255 1713 1325 αύτῷ
1750 1251 1957 1326 ζῶμεν,

368 1342 458 1392 καὶ
503 1339 825 1410 κινούμεθα,
869 1342 964 1396 καὶ
1005 1341 1198 1410 ἐσμὲν,
1241 1341 1494 1414 καθάπερ
1523 1343 1772 1413 εἴρηται,
1816 1342 1959 1395 οὕτω

372 1431 467 1482 καὶ·
490 1431 518 1482 6
547 1430 680 1494 Υἱός
707 1432 855 1484 ἑστιν
884 1433 942 1486 έν
969 1430 1165 1500 Πατρι.
1208 1430 1331 1492 Ιιῑῶς
1360 1429 1470 1502 γὰρ
1497 1426 1609 1485 οἶόν
1642 1447 1704 1483 τε
1737 1429 1959 1500 μείζονα

371 1523 498 1576 ὅντα
532 1522 640 1576 τοῦ-
660 1521 786 1576 Υιοῢ
825 1525 1023 1595 χωρεῖν
1051 1526 1109 1576 ὲν
1141 1522 1294 1593 αὐτῷ
1320 1523 1414 1576 τὸν
1452 1522 1706 1592 Πατέρα;
1733 1523 1805 1574 Ἦ
1839 1521 1958 1585 πῶς

369 1621 510 1672 κατά
537 1621 686 1675 πολὺ.
699 1621 794 1676 τοῦ
831 1622 1044 1692 Πατρδς
1073 1621 1467 1696 ἐλαττούμενος
1491 1623 1528 1676 ὅ-
1546 1622 1695 1686 Υἱὸς,
1724 1622 1783 1678 ἐν
1809 1619 1959 1691 αὐτῷ

367 1712 619 1782 χωρῆσαι
642 1713 927 1784 δυνήσεται
955 1717 1051 1769 καὶ
1081 1713 1370 1786 πληρῶσαι
1401 1715 1460 1769 τὸ
1493 1713 1716 1786 μεῖζονς

863 1824 1019 1892 Πρὸς
1048 1825 1228 1879 τοῦτο
1259 1825 1463 1892 λύσις.

440 1931 502 1983 Εἰ
519 1931 771 2004 καθάπερ
797 1933 955 2002 σῶμα
979 1934 1036 1985 ὲν
1060 1933 1272 2004 σώματι
1300 1936 1499 2006 χωρεῖν
1518 1936 1694 1990 οἴεσθε
1719 1936 1808 1990 τδν
1831 1937 1960 1992 Υῑδν

370 2023 427 2072 ιν
461 2022 576 2074 Πατ
589 2023 662 2092 ρὶ.
691 2023 916 2085 εἰκότως
944 2024 1032 2083 ἀν.
1077 2019 1256 2095 οἶμαι,
1286 2024 1382 2078 καὶ
1415 2025 1599 2097 ζητεέν
1626 2027 1836 2081 ἕλοισθε
1867 2028 1959 2083 τὸν

368 2115 448 2176 εἰς
481 2114 745 2182 ἀλλήλους
785 2113 1250 2184 ἀντεμσισασμόν.
1287 2117 1410 2170 Ἐπὶ
1453 2116 1554 2186 μὲν
1582 2117 1692 2188 γάρ
1732 2119 1961 2184 σκεύους

368 2204 689 2274 ὀστρακίνου
717 2204 880 2274 τυχὸν
907 2205 940 2276 ἢ
973 2204 1031 2272 ἐξ
1061 2205 1255 2276 ἑτέρας
1284 2206 1430 2270 τινὸς
1459 2207 1594 2278 ὕλης
1628 2227 1960 2264 κατεσκευα-

370 2297 593 2366 σμένου,
620 2297 722 2349 οὐκ
749 2296 995 2365 ἄκομψον
1028 2296 1158 2359 (sui;
1188 2296 1251 2350 τὸ
1280 2297 1464 2366 λέγειν
1491 2298 1566 2370 μὴ
1601 2298 1859 2354 δύνασθαι
1900 2302 1961 2355 τὸ

372 2383 553 2451 μεῖζον
621 2381 702 2452 τῷ
759 2383 1004 2436 ἐλάττονι
1054 2385 1310 2452 γενέσθαι
1373 2389 1656 2458 χωρητὸν,
1721 2390 1845 2461 μηδ’
1889 2385 1957 2443 αὖ

369 2475 527 2528 πάλιν
553 2474 617 2528 τδ
647 2474 867 2528 ἔλαττον
905 2475 1253 2547 ἀναπληροῦν
1282 2478 1343 2531 τὸ
1375 2481 1581 2549 μεῖζον.
1615 2481 1739 2534 Ἐπὶ
1763 2481 1820 2534 δὲ
1852 2482 1961 2535 τῶν

367 2567 696 2636 ἀσωμάτων,
735 2567 830 2619 καὶ
875 2559 953 2619 ὧν
985 2569 1018 2628 ἡ
1067 2566 1232 2637 φύσις
1266 2567 1327 2622 τὸ
1359 2568 1422 2623 ἐκ
1461 2587 1608 2635 τινος
1653 2571 1786 2644 ὕλης
1821 2570 1961 2626 εἶναι

367 2657 727 2726 διαπέφευγε,
771 2660 924 2710 ποῖον
959 2656 1026 2712 ἂν
1066 2657 1178 2728 ἔχει
1225 2659 1386 2728 λόγον
1425 2661 1458 2730 ἡ
1511 2663 1814 2732 πρότασιςς
1851 2665 1960 2718 Καὶ
2005 2711 2012 2718 .

368 2749 536 2804 ταῦτά
571 2766 756 2820 φαμεν
798 2750 874 2812 ὼς
903 2749 1040 2822 πρὸς
1070 2751 1130 2804 τὸ
1161 2753 1356 2823 παρὸν,
1388 2753 1449 2806 τὸ
1490 2755 1620 2826 παρ’
1646 2755 1776 2823 ύμίν
1813 2759 1959 2827 ἀμα-

369 2841 471 2905 θῶς
496 2841 907 2911 ύτεονοούμενονι
937 2844 1412 2912 συγχωρήσαντες,
1443 2847 1537 2899 καὶ
1566 2847 1818 2920 καθάπερ
1858 2851 1960 2903 αύ-

369 2934 450 2985 τοὶ
510 2931 866 3003 πλανώμενοι
909 2933 1336 2998 πεπιστεύκατε,
1385 2937 1611 3007 μείζονα
1676 2940 1775 2994 τοῦ
1824 2941 1958 2995 Υῑοῦ

373 3021 508 3076 εἶναι
535 3025 721 3092 λέγειν
755 3024 848 3077 τῦν
872 3024 1113 3094 Πατέρα·
1143 3027 1171 3079 6
1201 3026 1258 3079 δὲ
1280 3027 1380 3098 τῆς
1404 3029 1659 3100 ἀληθείας
1679 3031 1840 3101 λόγος
1859 3034 1959 3105 ούχ

376 3114 541 3176 οὕτως
569 3115 701 3184 ἔχει.
729 3117 891 3168 Ἐστι
927 3115 1034 3188 γὰρ
1066 3117 1180 3179 ἴσος
1222 3116 1301 3188 τῷ
1347 3120 1525 3190 Πατρὶ
1565 3123 1706 3176 κατά
1748 3125 1948 3182 πάντα.

1786 371 2223 430 TIIESAURUS.

3528 377 3630 434 ΠΒ

2408 506 2980 598 ASSERTIO
3051 511 3280 596 ΧΗ.
3357 524 3367 536 '

2055 676 2117 730 In
2167 675 2298 729 illud
2325 691 2344 730 :
2382 675 2550 748 (Ego
2588 679 2648 748 ist
2685 677 2870 741 Patre,
2919 689 2966 733 et
3000 679 3162 734 Pater
3205 681 3264 734 in
3305 681 3470 747 nte“;
3507 699 3528 734 ι
3558 693 3630 748 ει,

2341 765 2359 798 ι
2393 746 2502 816 Ego
2535 757 2583 802 et
2622 747 2784 801 Pater
2822 765 2981 802 unum
3023 751 3290 804 sanius".
3327 769 3345 800 ι

2503 879 2745 950 Objeclio
2789 881 3180 937 hwrelicorumt

2126 988 2268 1043 Nihil
2301 991 2496 1046 mirum
2541 1001 2645 1057 est,
2683 993 2956 1062 inquiunt,
3000 993 3046 1048 si
3077 993 3238 1048 Pater
3267 1003 3350 1049 est
3389 993 3440 1048 iu
3473 992 3632 1058 Filio,

2055 1091 2108 1136 et
2141 1082 2310 1136 Filius
2356 1083 2408 1136 in
2454 1084 2638 1150 Patre,
2693 1099 2816 1140 cum
2866 1088 2932 1140 de
2974 1085 3129 1140 nobis
3162 1085 3326 1141 etiam
3359 1087 3515 1156 107
3549 1101 3636 1141 sa-

2056 1186 2161 1226 cra:
2203 1172 2496 1243 Scripturze
2545 1176 2747 1242 dicant,
2785 1176 2926 1244 quod
2960 1196 2980 1228 ‹
3011 1177 3071 1231 In
3119 1177 3235 1246 ipso
3287 1176 3544 1243 vivimus,
3581 1185 3636 1230 et

2058 1278 2375 1330 movemur,
2428 1275 2482 1320 et
2547 1281 2736 1322 smnus
2759 1267 2826 1323 ⁷⁸.
2859 1285 2877 1318 ι
2949 1265 3416 1333 Quemadmodum
3472 1269 3635 1339 igitur

2057 1355 2220 1407 etiam
2261 1371 2362 1410 nos
2393 1357 2446 1411 in
2492 1357 2607 1426 ipso
2629 1357 2884 1422 vivimus,
2919 1367 2974 1411 et
3006 1373 3308 1422 movemur,
3342 1369 3396 1414 et
3421 1375 3632 1429 sumus,

2055 1445 2200 1499 sicut
2239 1446 2500 1516 scriptum
2537 1457 2640 1512 est,
2683 1449 2757 1503 ita
2790 1457 2845 1503 et
2888 1448 3059 1504 Filius
3090 1459 3176 1503 est
3210 1451 3264 1503 in
3295 1448 3476 1506 Patre.
3516 1451 3636 1518 Quo

2057 1542 2216 1602 pacto
2255 1535 2398 1589 enim
2425 1535 2542 1590 ﬁeri
2567 1545 2766 1605 potest,
2793 1545 2852 1590 ut
2895 1535 3055 1592 Pater
3089 1552 3210 1590 cum
3247 1537 3420 1605 major
3442 1537 3516 1592 sit
3545 1537 3639 1592 Fi-

2057 1623 2152 1688 lio,
2206 1623 2262 1677 in
2311 1638 2378 1680 eo
2410 1622 2804 1680 contineatur?
2847 1625 2956 1679 Aut
2999 1625 3272 1692 quomodo
3309 1623 3496 1690 Filius,
3545 1627 3639 1694 qui

2059 1712 2228 1770 multo
2265 1714 2447 1771 minor
2472 1723 2580 1781 est,
2619 1713 2879 1784 majorem
2916 1713 3143 1784 itnplere
3170 1715 3342 1784 possit

2583 1826 2796 1882 Salutio
2815 1828 3142 1896 objectionis.

2132 1939 2190 1995 Si
2229 1949 2286 1996 ut
2313 1957 2512 2012 corpus
2559 1956 2787 2012 corpore
2838 1943 3173 2005 continetur,
3226 1941 3302 1995 ita
3342 1939 3537 1996 Filium
3587 1943 3642 1997 in

2062 2031 2224 2086 Patre
2248 2031 2516 2086 contineri
2548 2031 2899 2097 exlstimatis,
2929 2031 3125 2086 merito
3162 2031 3391 2086 fortasse
3419 2032 3646 2086 alterius

2061 2121 2114 2174 in
2163 2119 2337 2173 altero
2388 2118 2786 2188 impositionem
2853 2117 3133 2186 quasratis.
3207 2116 3342 2170 Nam
3402 2117 3456 2170 in
3515 2132 3646 2173 vase

2062 2209 2304 2280 ﬁgulino,
2349 2217 2444 2263 aut
2483 2223 2552 2264 ex
2589 2208 2693 2262 alia
2739 2207 2919 2277 aliqua
2968 2208 3194 2263 materia
3231 2207 3488 2274 conﬂato,
3535 2225 3644 2266 non

2059 2303 2244 2370 inepte
2299 2300 2583 2366 dixeritis,
2634 2299 2813 2367 majus
2861 2299 2915 2354 in
2963 2300 3174 2355 minore
3217 2300 3488 2356 contineri
3535 2317 3641 2356 non

2061 2407 2260 2461 posse:
2290 2406 2467 2463 neque
2505 2406 2698 2447 rursus
2720 2391 2901 2446 minus
2927 2404 3087 2460 posse
3134 2389 3360 2461 implere
3403 2391 3456 2446 id
3499 2395 3643 2460 quod

2063 2481 2235 2550 majus
2264 2493 2367 2538 est.
2415 2481 2473 2536 In
2507 2482 2844 2553 incorporeis
2891 2496 3045 2547 vero,
3089 2489 3144 2536 et
3175 2496 3404 2551 quorum
3451 2492 3643 2536 natura

2059 2574 2238 2630 οιιιιιίε
2259 2575 2506 2630 materiae
2523 2589 2718 2642 expers
2733 2583 2839 2638 est,
2859 2587 3018 2642 quem
3041 2572 3218 2628 locum
3242 2571 3442 2626 habent
3466 2580 3646 2626 vestra

2059 2662 2582 2732 propositio?Atque
2607 2662 2722 2717 haec
2749 2663 2968 2732 quidem
2991 2661 3042 2714 in
3067 2659 3358 2730 praasentia
3389 2660 3645 2724 diximus,

2061 2754 2262 2824 aliquid
2305 2769 2336 2808 a
2391 2754 2546 2809 vobis
2597 2753 2846 2821 imperite
2894 2752 3098 2811 dictum
3149 2753 3530 2816 concedentes,
3591 2763 3650 2807 et

2061 2845 2514 2915 quemadmodum
2547 2859 2644 2901 vos
2668 2852 2918 2900 errantes
2941 2843 3273 2909 credidistis,
3303 2843 3519 2898 Patrem
3552 2843 3646 2897 Fi-

2061 2934 2132 2990 lio
2164 2932 2425 3002 majorem
2481 2934 2803 2998 dicendum;
2846 2933 3093 2989 veritatis
3139 2943 3321 2988 autem
3353 2933 3492 2988 ratio
3539 2949 3646 2987 non

2059 3023 2132 3078 ita
2161 3038 2220 3078 se
2245 3023 2409 3079 habet
2437 3041 2452 3077 :
2477 3032 2562 3078 est
2587 3023 2734 3078 enim
2759 3021 2986 3092 :eqnalis
3011 3021 3154 3076 Patri
3183 3035 3282 3089 per
3306 3023 3508 3076 omnia.
3537 3020 3645 3076 Sed

2063 3131 2239 3187 neque
2275 3129 2372 3169 vos
2400 3114 2665 3184 ejusmodi
2713 3114 2898 3169 verbis
2941 3129 3139 3168 usuros
3167 3113 3552 3178 existimarint,
3601 3117 3645 3168 si

381 3199 549 3270 θῐμαι
591 3206 632 3257 δ’
669 3203 735 3260 αὖ
765 3207 864 3260 ούκ
909 3209 975 3262 ἂν
1023 3209 1166 3278 ὑμᾶς
1212 3209 1351 3274 ὅλως
1393 3212 1606 3278 τούτοις
1644 3215 1955 3286 χρήσασθαι

2065 3205 2436 3275 iutelligeretis
2459 3205 2586 3274 quid
2622 3203 2692 3258 sit
2713 3217 2874 3258 verus
2899 3204 3079 3268 Pater,
3116 3205 3242 3274 quid
3270 3221 3429 3260 verus
3453 3207 3644 3271 Filius,

384 3296 498 3356 τοῖς
521 3294 719 3362 λόγοις,
743 3299 893 3368 εἴπερ
917 3298 1093 3369 ᾔδειτε
1127 3299 1180 3351 τι
1209 3300 1356 3352 ἐστιν
1388 3301 1644 3372 ἀληθινὸς
1683 3307 1712 3358 6
1743 3308 1956 3380 Πατὴρ,

385 3386 481 3437 καὶ
514 3385 766 3456 ἀληθινὸς
789 3391 818 3440 6
840 3390 980 3456 Υἱδς,
1012 3393 1106 3445 καὶ
1137 3393 1190 3445 τί
1225 3393 1342 3462 φῶς
1374 3394 1606 3464 ἀόρατον
1648 3397 1740 3451 καὶ
1765 3400 1961 3466 ἀΐδιον,

378 3477 479 3532 καὶ
529 3479 593 3531 τὸ
630 3479 961 3551 ἀπαύγασμα
998 3484 1188 3548 αὑτοῦ,
1233 3487 1328 3540 καὶ
1361 3487 1418 3539 τί
1447 3487 1608 3541 πάλιν
1639 3491 1787 3543 ἐστιν
1821 3492 1960 3545 ἀσώ-

373 3589 550 3641 ματος
579 3573 876 3637 ὑπόστασις
891 3577 978 3628 καὶ
1004 3577 1290 3650 χαρακτὴρ
1309 3578 1620 3649 ἀσώματος.
1643 3582 1705 3633 Εἰ
1727 3581 1837 3653 γὰρ
1859 3584 1958 3648 τὰς

365 3663 498 3732 περὶ
533 3663 648 3716 τῶν
692 3665 946 3718 τοιούτων
995 3671 1215 3739 μνήμας
1251 3670 1390 3723 κατά
1419 3669 1519 3741 τὴν
1548 3671 1750 3743 ἀκριϐῆ
1788 3675 1959 3727 κατά-

364 3751 526 3822 ληψιν
561 3755 642 3816 εἰς
676 3753 806 3807 νοῦν
853 3757 1174 3828 ὲμφορεῖτε,
1220 3761 1438 3823 πάντως
1480 3760 1546 3814 ἂν
1579 3762 1675 3816 καὶ
1720 3763 1820 3835 τὴν
1864 3764 1957 3818 τοῦ

364 3842 500 3894 Θεοῦ
555 3844 726 3911 φύσιν
784 3847 1166 3917 ἐννοήσαντες,
1213 3851 1314 3904 οὐκ
1369 3851 1434 3904 ἂν
1483 3852 1561 3915 ὼς
1598 3854 1728 3924 περὶ
1767 3856 1959 3925 σωμά-

368 3953 474 3988 των
517 3937 922 4004 ὲφαντάζεσθε,
970 3941 1088 3993 ἀλλ’
1133 3942 1446 4008 ἀκολούθως
1495 3948 1609 4008 τοῖς
1647 3947 1960 4019 εἰρημένοις

370 4028 613 4094 ἀκριϐῶς
647 4030 911 4100 ἐζητεῖτε,
945 4033 1063 4094 πῶς
1095 4034 1195 4104 μὲν
1218 4037 1246 4089 6
1283 4036 1412 4100 Υἱὸς
1439 4037 1496 4089 ἐν
1534 4039 1729 4108 Πατρὶ.
1757 4039 1872 4104 πῶς
1902 4040 1960 4094 δέ

371 4120 518 4172 ἐστιν
544 4122 572 4171 ὁ
617 4121 811 4191 Πατὴρ
844 4123 902 4175 ἐν
940 4124 1075 4195 Υἱῷ.
1121 4124 1210 4190 Ὠς
1242 4127 1350 4198 γὰρ
1395 4128 1703 4200 χαρακτὴρ,
1749 4131 1845 4183 καὶ
1879 4134 1959 4184 sl-

369 4207 502 4272 κὼν,
532 4211 624 4262 καὶ
653 4211 997 4282 ἀπαύγασμα
1040 4216 1134 4268 καὶ
1176 4218 1451 4287 ὁμοιότης,
1492 4213 1647 4282 οὗτος
1679 4221 1736 4271 ἐν
1767 4221 1961 4291 ἐκείνῳ

368 4299 623 4362 κάκεῖνος
653 4303 711 4353 ἐν
742 4301 916 4373 τούτῳ
965 4307 1237 4373 φαίνεται.
1278 4309 1498 4381 Ἐπειδὴ
1526 4309 1582 4362 δέ
1617 4327 1753 4378 φατε
1792 4312 1964 4382 μηδὲν

367 4385 508 4442 εἶναι
549 4391 886 4462 Θαυμαστὸν,
923 4397 973 4448 εἰ
1003 4398 1098 4450 καὶ
1125 4401 1153 4451 6
1188 4398 1317 4462 Υἱός
1349 4403 1497 4453 ἐστιν
1535 4402 1592 4452 ἐν
1626 4401 1829 4471 Πατρὶ,
1873 4402 1962 4456 διὰ

274 4517 279 4521 .
366 4481 431 4532 τὸ
457 4483 553 4533 καὶ
603 4484 748 4552 ἡμᾶς
777 4487 836 4538 ὲν
867 4487 1016 4556 αύτῷ
1050 4491 1314 4543 κινεῖσθαι
1349 4493 1445 4543 καὶ
1493 4489 1613 4561 ζῇν,
1663 4494 1962 4560 ἀναγκαῖον

2062 3309 2117 3354 et
2150 3299 2278 3368 quid
2313 3298 2492 3352 lumen
2538 3295 2829 3359 invisibile,
2874 3305 2930 3350 et
2959 3307 3247 3362 aeternum,
3293 3309 3350 3352 et
3392 3301 3648 3369 splendor

2059 3389 2204 3459 ejus,
2241 3390 2444 3459 etquid
2481 3403 2696 3444 rursum
2730 3389 3040 3460 bypostasis
3077 3391 3396 3459 incorporea
3438 3399 3491 3444 et
3517 3379 3649 3444 clm-

2061 3491 2241 3535 ractcr
2266 3482 2638 3551 incorporeus.
2666 3479 2802 3534 Nam
2832 3481 2876 3536 si
2911 3481 3025 3534 haec
3055 3481 3107 3534 in
3145 3483 3461 3535 memoriam
3492 3497 3646 3536 revo-

2060 3581 2247 3627 cantes
2265 3581 2576 3627 accuratam
2601 3571 3008 3642 perfectamque
3025 3588 3212 3627 eorum
3235 3573 3648 3644 intelligentiam

2062 3669 2244 3715 mente
2271 3663 2656 3732 conceperitis,
2683 3673 2830 3718 certe
2863 3664 3133 3718 intellecta
3171 3675 3362 3719 natura
3390 3665 3506 3731 Dei,
3540 3684 3646 3719 non

2063 3753 2179 3809 haec
2212 3771 2472 3825 corporea
2518 3756 2975 3826 imaginaremini,
3008 3759 3123 3820 sed,
3147 3774 3208 3812 ea
3247 3759 3456 3812 ratione
3485 3773 3646 3825 quam

2062 3845 2318 3910 diximus,
2358 3845 2598 3914 perfecte
2629 3832 2978 3913 inquireretis
3028 3862 3141 3914 quo
3183 3859 3340 3915 pacto
3389 3847 3556 3900 Filius
3593 3849 3646 3900 iu

2061 3933 2222 3988 Patre
2238 3931 2328 3998 sit,
2351 3942 2406 3988 et
2428 3948 2535 4003 quo
2553 3942 2710 4002 pacto
2734 3934 2894 3987 Pater
2917 3934 2968 3988 in
2995 3933 3152 3988 Filio.
3180 3935 3645 3999 Quemadmodum

2062 4027 2208 4082 enim
2240 4026 2556 4089 character,
2588 4035 2644 4081 et
2689 4026 2886 4096 imago,
2925 4035 2979 4081 et
3009 4024 3300 4095 splendor,
3354 4035 3519 4095 atque
3566 4028 3645 4082 si-

2063 4117 2309 4172 militudo
2333 4118 2400 4182 τδ,
2439 4117 2528 4173 hic
2559 4119 2612 4172 iu
2641 4117 2754 4182 illo,
2772 4127 2828 4172 et
2859 4117 2950 4173 ille
2981 4118 3034 4171 in
3075 4118 3178 4170 hoc
3211 4118 3477 4172 cernitur.
3507 4118 3643 4174 Cum

2063 4223 2193 4263 vero
2220 4210 2415 4264 dicatis
2445 4208 2576 4263 nihil
2607 4211 2802 4264 mirmn
2837 4225 2979 4275 esse,
3001 4211 3045 4265 si
3081 4207 3252 4264 Filius
3285 4210 3354 4263 sit
3381 4211 3433 4264 in
3461 4209 3642 4277 Patre,

2063 4301 2188 4370 quia
2212 4311 2268 4354 et
2293 4315 2391 4355 nos
2416 4301 2468 4354 in
2488 4301 2604 4370 ipso
2627 4315 2909 4355 movemur
2926 4310 2982 4356 et
3003 4302 3255 4366 vivimus,
3278 4305 3645 4358 necessarium

2061 4393 2286 4447 omnino
2321 4393 2600 4448 declarare
2633 4402 2970 4462 quautOpere
2997 4394 3160 4448 etiam
3199 4395 3302 4449 hac
3335 4396 3388 4450 iu
3432 4407 3584 4466 parte
3616 4418 3645 4450 ει

2064 4501 2194 4540 vero
2217 4486 2507 4541 aberretis.
2532 4484 2715 4553 Neque
2737 4486 2882 4539 enim
2911 4489 3364 4554 quemadmodum
3402 4489 3543 4544 Deus
3565 4502 3649 4544 est

365 4571 515 4640 ὑμᾶς
537 4574 640 4626 κάν
666 4575 842 4644 τούτῳ
866 4576 999 4629 πολὺ
1032 4578 1420 4648 πλανωμένους
1447 4581 1711 4644 ἐπιδεῖξαι
1742 4581 1834 4633 καὶ
1857 4581 1956 4649 τῆς

2066 4575 2118 4628 in
2138 4589 2463 4644 unoquoque
2491 4583 2800 4628 sanctorum
2825 4587 3028 4643 eosque
3045 4573 3370 4636 sanctiﬁcat,
3395 4575 3463 4628 ita
3483 4577 3656 4628 etiam.

364 4664 630 4733 ἀληθείας
666 4667 1040 4737 ἐκϐεϐηκότας
1076 4671 1167 4722 τὸν
1196 4672 1339 4740 ὅρον.
1371 4674 1445 4726 Οὐ
1481 4675 1588 4742 γὰρ
1623 4673 1874 4743 καθάπερ
1903 4677 1960 4726 ἐν

366 4755 588 4826 ἑκάστῳ
632 4757 742 4809 τῶν
788 4759 960 4826 ἁγίων
999 4761 1282 4830 γινόμενος
1327 4765 1356 4816 6
1386 4763 1519 4827 Θεὸς
1578 4764 1794 4832 ἁγιάζει
1830 4763 1957 4816 τού-

359 4864 515 4910 τους,
551 4848 728 4912 οὖτως
773 4851 890 4904 ἐστὶ
925 4853 1020 4905 καὶ
1053 4854 1111 4906 ὲν
1143 4853 1222 4923 τῷ
1263 4855 1505 4925 Χριστῷ.
1560 4856 1699 4910 Ἀλλ’
1728 4857 1890 4919 αὐτὸς
1932 4859 1960 4909 ὀ

366 4938 498 4998 Υἱὸς
539 4937 772 5015 δύναμίς
804 4941 922 4993 ἐστι
954 4942 1047 4995 καὶ
1085 4944 1248 5012 σοφία
1292 4945 1386 4997 τοῦ
1422 4946 1664 5016 Πατρδς,
1712 4947 1957 5012 ἁγιάζων

361 5029 547 5082 πάντα
582 5031 651 5083 τὰ
685 5031 982 5102 μετέχοντα
1007 5036 1174 5088 αὑτοῦ
1204 5037 1262 5090 ὲν
1293 5037 1491 5107 Πατρὶ,
1521 5037 1680 5100 αύτὸς
1709 5038 1765 5090 δὲ
1797 5039 1960 5091 πάλιν

357 5120 425 5172 ού
457 5123 597 5174 κατὰ
626 5139 746 5174 τινα
779 5125 1072 5192 μετουσίαν
1098 5127 1253 5194 ἅγιος
1281 5127 1356 5180 ὢν
1397 5126 1590 5198 ὥσπερ
1615 5129 1810 5198 ἡμεῖς,
1837 5129 1959 5182 οὐδὲ

359 5213 511 5266 κατᾶ
539 5215 702 5284 χάριν
739 5217 859 5279 Υἱὸς
887 5218 1224 5288 κεκλημένος
1245 5260 1270 5281 ,.
1293 5219 1430 5274 ἀλλά
1461 5219 1704 5290 γέννημα
1736 5221 1834 5290 τῆς
1861 5221 1957 5274 τοῦ

357 5303 585 5374 Πατρδς
619 5306 810 5369 ούσίας
851 5308 1118 5378 ὑπάρχων
1157 5311 1346 5364 ἀΐδιον.
1392 5310 1506 5363 Οὐκ
1542 5309 1656 5363 ἔστι
1699 5311 1755 5364 δὲ
1797 5311 1964 5365 πάλιν

353 5393 544 5456 οὕτως
575 5397 604 5447 6
643 5396 772 5460 Υἱὸς
817 5398 874 5450 ὲν
915 5398 1102 5468 Ila-cpi.
1143 5399 1394 5469 καθάπερ
1432 5400 1626 5468 ἡμεῖς·
1665 5398 1824 5468 ἡμεῖς
1862 5400 1962 5470 μὲν

353 5485 478 5554 γὰρ
509 5487 570 5538 ἐν
608 5487 728 5556 Θεῷ
767 5485 954 5557 ζῶμεν
983 5490 1075 5542 καὶ
1109 5489 1429 5560 κινούμεθα,
1459 5490 1554 5543 καὶ
1589 5491 1756 5560 ὲσμέν
1781 5506 1793 5520 ·
1846 5491 1874 5542 ὁ
1906 5491 1961 5544 δὲ

357 5575 512 5629 κατὰ
536 5576 700 5645 φύσιν
727 5579 877 5645 Υἱὸς,
906 5579 1099 5652 ὥσπερ
1123 5581 1232 5634 ἀπό
1261 5599 1404 5646 τινος
1434 5583 1614 5655 πηγῆς
1639 5582 1725 5636 ἀεὶ
1759 5583 1958 5655 ζώσης,

2061 4674 2145 4719 est
2182 4666 2233 4718 in
2264 4665 2503 4719 Christo.
2525 4665 2628 4718 Sed
2648 4665 2760 4732 ipse
2781 4663 2952 4719 Filius
2974 4675 3057 4718 est
3079 4665 3342 4732 sapientia
3383 4663 3562 4718 Patris
3595 4673 3651 4715 et

2059 4755 2293 4824 potentia
2337 4756 2405 4821 ⁷⁸,
2443 4757 2792 4811 sanctilicans
2829 4757 3012 4810 omnia
3037 4756 3420 4824 participautia
3449 4756 3547 4824 ipsi
3593 4755 3646 4808 iu

2060 4848 2292 4914 Spiritu:
2315 4848 2429 4916 ipse
2447 4863 2576 4903 vero
2588 4847 2731 4900 nulla
2749 4848 3162 4916 participatione
3183 4857 3426 4911 sanctus,
3453 4855 3510 4902 ut
3527 4863 3644 4902 nos.

2057 4939 2162 4993 Sed
2217 4954 2396 5008 neque
2422 4954 2518 5008 per
2551 4941 2782 5008 gratiam
2809 4951 2894 4994 est
2926 4940 3116 5006 Filius,
3149 4939 3288 4993 sicut
3311 4955 3432 5006 uos,
3459 4941 3554 4995 sed
3579 4941 3648 4996 ab

2063 5040 2266 5084 aeterno
2289 5045 2354 5084 ex
2393 5030 2628 5084 essentia
2657 5029 2834 5085 Patris
2869 5031 3102 5101 genitus.
3130 5030 3315 5098 Neque
3346 5046 3534 5088 rursus
3562 5031 3648 5087 Fi-

2066 5120 2168 5173 lius
2191 5122 2242 5173 in
2260 5119 2421 5175 Patre
2437 5131 2540 5184 est,
2563 5122 2704 5175 sient
2734 5137 2834 5175 nos
2858 5139 2871 5176 :
2899 5122 3164 5189 siquidem
3191 5138 3288 5176 nos
3305 5122 3356 5175 in
3382 5122 3495 5176 Deo
3513 5123 3649 5176 vivi-

2068 5223 2286 5279 tnus,.et
2305 5227 2606 5276 movemur,
2624 5213 2849 5282 108οι
2865 5228 3070 5267 Sltltttls.
3097 5215 3165 5266 At
3183 5229 3308 5268 vero
3330 5215 3649 5268 naturaliter

2059 5306 2246 5372 Filius,
2267 5320 2333 5360 ex
2356 5306 2590 5360 essentia
2629 5305 2807 5360 Patris
2826 5305 2985 5358 veluti
3006 5305 3228 5373 perenni
3247 5307 3480 5375 quodam
3501 5308 3649 5362 fonte

2059 5400 2375 5467 procedens,
2399 5397 2504 5452 vita
2531 5407 2615 5452 est
2636 5397 2953 5451 naturaliter
2980 5398 3163 5452 omnia
3187 5398 3467 5454 vivificans
3494 5418 3504 5453 :
3536 5415 3640 5452 nou

2060 5503 2154 5557 per
2183 5489 2652 5558 participationem
2683 5487 2806 5544 vita:
2847 5489 3154 5547 viviﬁcatus
3179 5492 3322 5548 sicut
3351 5506 3469 5548 nos.
3509 5490 3644 5544 Nam

2059 5579 2255 5648 alioqui
2291 5595 2395 5635 non
2423 5588 2568 5636 esset
2596 5580 2710 5650 ipse
2750 5580 3013 5640 naturalis
3036 5583 3164 5639 vita.
3193 5583 3348 5652 Quod
3378 5582 3522 5638 enim
3552 5594 3642 5632 as-

442 5754 488 5784 "
519 5753 674 5810 J'oan.
713 5773 822 5824 λιν,
867 5758 946 5814 ll.
1025 5760 1069 5790 ⁷³
1107 5759 1260 5814 Jouu.
1299 5776 1351 5813 κ.
1387 5760 1477 5816 50.
1559 5763 1606 5794 ⁷³
1631 5763 1752 5818 Act.
1795 5775 1927 5826 aut,

2129 5759 2175 5792 7"
2205 5758 2368 5816 Hebr.
2401 5776 2438 5827 ι,
2469 5761 2522 5816 3.
2601 5762 2645 5794 ⁷⁸
2680 5759 2697 5814 l
2731 5761 2854 5818 Cor.
2892 5777 2931 5829 ι,
2967 5761 3070 5817 24.
