4036 6208
324 279 426 332 181

1758 286 2200 347 THESAURBS.

2450 211 2615 228 μσς...

3498 298 3599 349 182

320 393 516 455 οὐσίας
546 390 688 449 εἶναι
718 396 812 461 τοῦ
842 397 1074 469 Πατρδς,
1115 398 1255 468 μετὰ
1283 398 1481 467 πολλῆς
1508 414 1649 461 τινος
1678 398 1778 467 τῆς
1805 401 1918 452 ἔπι-

2043 404 2412 475 ’ἰι-ειιιιιερεειθ
2436 406 2572 461 dixit
2601 426 2614 460 :
2644 428 2662 460 ι
2688 408 2798 478 Ego
2828 409 2877 462 in
2905 408 3083 474 Patre,
3109 421 3159 463 et
3189 408 3339 463 Patet
3370 408 3421 461 in
3444 424 3549 463 me.
3574 426 3603 459 ι.

320 488 641 555 τηρήσεως,
673 507 692 539 ι
730 489 895 557 Ἐγὼ,
922 492 1106 561 φησὶν,
1132 493 1191 544 ὲν
1223 491 1302 559 τῷ
1330 493 1527 561 "templ,
1559 491 1654 544 καὶ
1675 493 1703 543 6
1732 491 1919 563 Πατὴρ

320 577 381 625 ὲν
424 576 573 642 ἐμοί.
606 596 626 629 ι
670 579 785 631 Οὐκ
837 581 944 649 ἄρα
998 582 1177 633 κοινὸν
1227 581 1340 650 ἔχει
1401 581 1540 649 μετὰ
1598 578 1813 631 πάντων
1860 580 1920 631 τὸ

324 665 568 736 ἀξίωμα,
597 669 716 721 ἀλλ’
743 669 940 733 ἰδιάζον
966 672 1061 725 καὶ
1093 672 1370 744 ἐξαίρετον
1398 671 1472 734 ὡς
1515 671 1665 737 Υἱὸς,
1702 670 1794 722 καὶ
1822 670 1922 723 Λό-

322 774 443 821 τος.
478 760 577 810 καὶ
614 759 770 822 Θεός.

323 849 538 911 ΔᾹΛῡ,
567 849 868 905 διδάσκον
894 854 1201 976 ὅπως-χρᾷ
1235 852 1398 908 νοεῖν
1425 853 1493 906 τὸ
1527 852 1924 921 προκείμενον

1046 942 1154 976 unt
1195 941 1249 976 ν.

1039 944 1117 992 ρη
1128 941 1249 977 τον.

418 1009 479 1063 '0
514 1012 644 1076 Υἱὸς
686 1014 746 1066 ὲν
786 1015 862 1085 τῷ
898 1016 1104 1085 Ila-cpi,
1157 1015 1252 1067 καὶ
1292 1016 1321 1068 6
1354 1014 1541 1084 Πατὴρ
1590 1014 1649 1066 ἐν
1685 1011 1765 1083 τῷ
1810 1011 1925 1080 Υίῷ

335 1101 666 1171 γενηθήσεται
717 1104 859 1157 κατὰ
910 1104 1099 1158 τοῦτον
1145 1105 1235 1157 τὸν
1281 1104 1500 1174 τρόπον.
1543 1103 1638 1155 Ἐκ
1684 1101 1784 1171 τῆς
1830 1100 1924 1153 τοῦ

340 1191 559 1261 Harpe;
589 1195 781 1258 οὐσίας
809 1195 1081 1266 προῆλθεν
1108 1198 1135 1249 6
1167 1194 1315 1257 Υἱὸς,
1343 1194 1403 1247 οὐ
1435 1192 1687 1259 καθάπερ
1716 1192 1782 1245 τὰ
1820 1191 1928 1244 κτί-

341 1299 529 1351 σματα
550 1285 613 1337 ὲκ
633 1286 724 1338 τοῦ
746 1287 821 1356 μὴ
843 1288 992 1349 ὄντος
1009 1288 1089 1349 είς
1103 1287 1162 1339 τὸ
1183 1281 1320 1338 εἶναι
1350 1282 1651 1354 παρελθὼν,
1670 1284 1703 1353 ἢ
1729 1282 1928 1348 ἔξωθέν

341 1373 506 1425 ποθεν
533 1374 634 1443 τὴν
658 1376 751 1429 τοῦ
779 1373 919 1431 εἶναι
950 1377 1207 1430 σύστασιν
1231 1376 1393 1445 ἔχων,
1417 1374 1530 1427 ἀλλ’
1556 1373 1671 1427 ἔστι
1700 1375 1798 1442 τῆς
1830 1373 1936 1426 τοῦ

342 1467 704 1535 γεννήσαντος
745 1468 934 1531 οὐσίας
977 1469 1037 1521 τὸ
1077 1469 1227 1521 [διονσ
1281 1467 1467 1540 ὥσπερ
1507 1462 1599 1520 οὖν
1641 1467 1705 1518 ὲκ
1752 1466 1929 1534 φωτὸς

342 1556 766 1628 ἁπαύγασμα,ἦ
800 1561 894 1612 καὶ
935 1560 1041 1613 ἀπό
1071 1576 1216 1621 τινος
1258 1558 1439 1627 πηγῆς
1478 1556 1717 1610 ἐκϐαίνει
1762 1573 1931 1609 ποτα-

345 1648 468 1714 μός.
498 1648 687 1702 Ἔστιν
709 1643 802 1704 οὖν
824 1653 938 1713 τοῖς
960 1649 1129 1721 ὁρῶσι
1157 1650 1248 1702 τὸν
1276 1649 1430 1712 Υίὸν,
1462 1648 1560 1719 τὴν
1587 1646 1683 1700 τοῦ
1716 1646 1931 1717 [Ta-cpe;

2025 493 2138 547 Non
2188 496 2351 565 igitur
2385 513 2726 554 communem
2775 500 2937 555 illam.
2973 503 3133 557 habet
3185 516 3305 553 cum
3350 498 3599 553 omnibus

2024 585 2360 655 dignitatem,
2395 590 2487 643 sed
2521 592 2794 660 propriam
2832 594 2933 646 sibi
2982 608 3043 646 ac
3076 592 3400 661 peculiarem
3436 598 3492 644 ut
3512 589 3615 644 ι’ί-.

2023 675 2146 741 lius,
2177 690 2231 733 et
2258 678 2513 747 Verbum,
2552 692 2603 736 et
2633 683 2821 741 Deus.-

2025 854 2258 920 ALIUD,
2311 859 2499 911 docens
2548 874 2649 922 quo
2701 867 2851 922 parte
2883 857 3091 909 dictum
3122 857 3267 910 istud
3316 854 3602 909 orwfatttm

2563 927 2963 994 intelligendum
2988 928 3073 979 sit.

2097 1013 2265 1069 Filius
2300 1016 2353 1069 in
2386 1015 2565 1080 Patre,
2597 1025 2651 1070 et
2679 1015 2839 1070 Pater
2863 1017 2915 1069 in
2949 1015 3086 1069 Filio
3112 1028 3233 1071 esse
3268 1014 3370 1069 hac
3396 1013 3614 1067 ratione

2027 1106 2362 1177 intelligitur.
2394 1107 2561 1162 Filius
2584 1123 2648 1162 ex
2683 1107 2918 1162 essentia
2947 1106 3121 1160 Patris
3160 1104 3447 1174 processit,
3474 1117 3601 1164 nom

2027 1198 2480 1267 quemadmodum
2518 1208 2802 1261 creaturae,
2835 1213 2900 1251 ex
2932 1212 3035 1251 non
3067 1211 3190 1251 esse
3228 1195 3298 1248 ad
3330 1207 3450 1248 esse
3493 1203 3603 1245 tra-

2028 1290 2244 1355 ductus,
2287 1298 2383 1343 aut
2421 1291 2759 1344 extrinsecus
2808 1289 3169 1351 substitutus;
3218 1286 3311 1340 sed
3362 1294 3448 1339 est
3489 1285 3605 1351 ipsa

2028 1382 2276 1435 essentia:
2294 1379 2469 1435 Patris
2496 1382 2817 1449 proprietas,
2855 1381 2994 1436 sicut
3013 1396 3076 1433 ex
3102 1379 3306 1433 lumine
3327 1376 3603 1445 splendor,

2028 1478 2120 1523 aut
2144 1485 2213 1523 ex
2240 1469 2423 1538 aliquo
2459 1470 2604 1524 fonte
2650 1468 2845 1523 ﬂumen
2897 1481 3201 1538 promanat.
3248 1466 3400 1520 Licet
3442 1464 3607 1535 igitur

2031 1562 2097 1616 iis
2122 1563 2213 1630 qui
2265 1561 2456 1616 Filium
2490 1562 2692 1628 vident,
2733 1563 2907 1617 Patris
2954 1561 3242 1617 essentiam
3290 1557 3520 1619 intueri,
3554 1566 3611 1607 et

2032 1642 2292 1723 genitoris
2312 1654 2694 1721 proprietatem
2720 1669 2782 1709 ex
2806 1654 2912 1708 hoc
2934 1665 3280 1722 cognoscere.
3300 1647 3435 1715 Quia
3464 1646 3608 1702 enim

344 1738 533 1791 οὐσίαν
557 1740 714 1809 όρᾷν,
743 1742 838 1794 καὶ
864 1741 923 1794 τὸ
946 1740 1041 1794 τοῦ
1067 1742 1427 1810 γεννήσαντος
1454 1739 1585 1793 ἴδιον
1610 1740 1719 1791 ἀπὸ
1744 1739 1934 1790 τούτου

2043 1745 2350 1797 universum
2387 1744 2511 1798 e'sSe
2536 1743 2655 1798 Filii
2679 1759 2743 1798 ex
2774 1743 3009 1798 essentia
3044 1741 3223 1795 Patris
3257 1737 3520 1808 procedit,
3550 1753 3611 1792 ea

343 1830 744 1901 νοεῖν.”οτιπερ
781 1832 975 1903 ἐπειδὴ,
992 1831 1212 1901 σύμπαν
1240 1832 1300 1885 τὸ
1319 1826 1566 1884 εἷναιτοῦ
1594 1830 1723 1883 Υἱοῦ
1749 1833 1811 1883 ὲκ
1837 1829 1935 1895 τῆς

346 1921 437 1972 τοῦ
483 1923 693 1992 Πατρδς
721 1924 910 1987 οὐσίας
952 1925 1217 1994 πρόεισιν,
1246 1922 1419 1986 οὕτως
1449 1924 1597 1975 ἐστὶν
1646 1924 1702 1974 ὲν
1736 1921 1933 1989 Ila-:91,

344 2012 442 2063 καὶ
478 2014 643 2065 πάλιν
673 2018 737 2067 ἐκ
768 2016 877 2067 τῶν
911 2016 1188 2077 ἐναντίων,
1216 2018 1243 2067 6
1284 2015 1473 2084 Πατήρ
1504 2016 1652 2066 ἐστιν
1694 2016 1750 2065 ὲν
1798 2012 1934 2081 Υἱῷ,

345 2105 649 2174 ἐπειδήπερ
693 2106 833 2176 ὅπερ
863 2108 1010 2159 ἐστὶν
1040 2106 1200 2169 αὐτὸς
1248 2106 1436 2174 φύσει,
1485 2105 1645 2157 τοῦτο
1688 2104 1781 2156 καὶ
1823 2106 1850 2155 6
1879 2102 1937 2167 ἐξ

343 2194 513 2247 αὐτοῦ
546 2196 827 2267 προελθὼν
854 2196 987 2259 Θεὸς
1028 2198 1220 2265 Λόγος.
1265 2197 1519 2250 Φαίνεται
1548 2197 1605 2249 δὲ
1652 2196 1747 2249 καὶ
1792 2195 1936 2248 ἐστιν

342 2284 403 2334 ἐν
436 2281 569 2352 Υξῷ,
600 2283 791 2355 ὥσπερ
817 2280 911 2337 οὖν
946 2285 1040 2338 καὶ
1066 2287 1123 2337 ἐν
1155 2284 1231 2355 τῷ
1265 2285 1392 2354 παρ’
1420 2283 1585 2337 αὐτοῦ
1621 2284 1935 2356 προελθόντι

342 2374 741 2445 ἀπαυγὰσματι
771 2377 798 2428 6
827 2376 1007 2446 ἥλιος,
1056 2376 1149 2429 καὶ
1195 2377 1253 2428 ἐν
1290 2376 1368 2445 τῷ
1412 2375 1557 2447 λόγῳ
1583 2376 1611 2428 6
1654 2372 1939 2437 νοῦςι,,καμὶ

340 2466 403 2517 ἐν
440 2464 520 2534 τῷ
550 2466 781 2537 ποταμῷ
819 2468 852 2535 ἡ
884 2467 1071 2520 τοῦτον
1100 2465 1475 2531 ἁναῦλύζουσα
1524 2466 1695 2535 πηγή.
1728 2464 1809 2516 Τὸ*
1829 2464 1938 2534 γὰρ

342 2555 476 2606 ἴδιον
517 2556 617 2625 τῆς
649 2556 741 2609 τοῦ
792 2558 1006 2627 Harpe;
1050 2558 1239 2621 οὐσίας
1279 2561 1336 2611 ὲν
1371 2556 1486 2626 Υῑῴ
1525 2555 1798 2625 κείμενον,
1842 2557 1939 2608 καὶ

339 2646 447 2716 τῆς
488 2647 777 2717 θεότητος,
822 2650 913 2701 't'v“
942 2648 1111 2711 οὕτως
1167 2650 1328 2713 εἴπω,
1403 2649 1464 2700 τὸ
1511 2644 1651 2711 εἶδος
1706 2647 1939 2699 δεικνύει

343 2741 516 2790 πᾶσιν
538 2740 701 2792 αὐτὸν
732 2742 789 2792 ἐν
815 2740 984 2810 αὐτῷ.
1029 2742 1218 2810 Ἐπιτη
1231 2740 1391 2810 ρῆσαι
1422 2740 1477 2792 δὲ
1507 2738 1614 2809 χρὴ
1645 2738 1740 2791 καὶ
1774 2739 1941 2805 ἀναγ-

345 2832 521 2895 καίως
567 2832 763 2885 εἰδέναι
809 2830 998 2904 ὅτιπερ
1037 2834 1098 2885 οὐ
1167 2835 1267 2902 τῆς
1313 2831 1586 2902 τυχούσης
1626 2831 1942 2899 οἰκονομίας

343 2922 515 2973 ῐνεκα
547 2922 646 2991 τὴν
693 2922 946 2991 τοιαύτην
972 2924 999 2975 6
1029 2923 1220 2993 Σωτὴρ
1262 2922 1453 2993 εἴρηκε
1484 2921 1688 2991 φωνήν.
1725 2919 1941 2990 Ἐπειδὴ

345 3012 462 3080 γὰρ
508 3012 607 3081 τὴν
656 3014 962 3081 ταύτότητα
1007 3012 1109 3078 τῆς
1152 3013 1367 3081 φύσεως
1401 3012 1468 3082 ἢν
1517 3011 1628 3081 ἔχει
1668 3010 1806 3082 πρὸς
1849 3011 1941 3063 τὸν

2038 1834 2246 1889 ratione
2261 1843 2341 1889 est
2358 1836 2409 1888 in
2440 1833 2620 1901 Patre,
2643 1844 2696 1889 et
2718 1850 2748 1889 e
2772 1834 3045 1889 contrario
3086 1830 3245 1886 Pater
3274 1839 3357 1885 est
3380 1830 3431 1883 in
3457 1827 3611 1883 Filio.

2038 1926 2303 1994 siquidem
2345 1925 2395 1980 id
2442 1929 2584 1994 quod
2633 1928 2747 1995 ipse
2798 1937 2882 1980 est
2928 1935 3135 1986 natura,
3185 1925 3288 1977 hoc
3332 1922 3496 1977 etiam
3532 1930 3618 1975 est

2041 2021 2183 2073 Deus
2202 2016 2437 2071 Verbum
2454 2033 2517 2071 ex
2541 2018 2657 2085 ipso
2675 2019 2992 2087 procedens.
3012 2018 3248 2085 Apparet
3271 2023 3449 2067 autem
3466 2020 3518 2067 et
3534 2018 3619 2065 est

2038 2108 2092 2163 in
2120 2108 2256 2162 Filio
2287 2108 2735 2174 quemadmodum
2764 2111 2841 2162 sol
2875 2109 2927 2162 in
2955 2107 3241 2177 splendore
3274 2119 3435 2174 quem
3467 2104 3618 2157 emit-

2042 2199 2107 2253 tit
2137 2214 2200 2251 ex
2224 2214 2303 2262 se,
2334 2209 2389 2253 et
2414 2200 2557 2253 sicut
2586 2214 2736 2254 mens
2758 2199 2809 2252 in
2840 2214 3114 2263 sermone,
3136 2208 3193 2251 et
3223 2196 3345 2250 fons
3377 2196 3429 2249 in
3455 2193 3615 2248 ﬂuvio

2039 2290 2129 2357 qui
2158 2304 2235 2343 ex~
2255 2305 2312 2343 se
2335 2300 2638 2357 promanat.
2666 2289 2977 2359 Proprietas
2998 2289 3144 2342 enim
3166 2288 3419 2343 essentia:
3440 2287 3620 2341 Patris

2042 2383 2094 2435 in
2140 2381 2278 2436 Filio
2320 2383 2443 2447 sita,
2491 2393 2544 2436 et
2578 2382 2899 2446 divinitatis,
2936 2390 2993 2435 ut
3044 2382 3117 2434 ita
3150 2381 3351 2444 dicam,
3384 2379 3615 2449 species.

2043 2473 2214 2541 ipsum
2237 2473 2287 2527 in
2308 2488 2373 2528 eo
2400 2487 2519 2528 esse
2542 2474 2793 2527 omnibus
2816 2472 3073 2527 ostendit.
3098 2470 3505 2527 Observandum
3523 2484 3621 2520 au-

2042 2573 2148 2617 tem
2167 2574 2271 2627 est,
2289 2572 2341 2617 et
2366 2564 2671 2619 necessario
2698 2565 3003 2629 sciendum,
3029 2578 3137 2617 non
3159 2561 3363 2630 vulgari
3395 2557 3621 2613 consilio

2043 2664 2204 2724 atque
2242 2656 2652 2724 dispensatione
2694 2656 2833 2710 hanc
2866 2669 3054 2709 vocem
3089 2668 3119 2706 a
3166 2651 3456 2707 Servatore
3495 2662 3622 2718 pro-

2042 2746 2203 2799 latam
2238 2745 2425 2801 fuisse.
2458 2746 2592 2801 Cum
2633 2747 2801 2810 enim,
2844 2746 3179 2800 identitatem
3223 2751 3430 2796 naturae
3461 2753 3621 2808 quam

2042 2838 2351 2893 habetcum
2386 2836 2546 2892 Patre
2579 2837 2865 2892 ostendere
2904 2836 3108 2900 volens,
3158 2833 3336 2888 dixit:
3371 2850 3389 2883 ι
3427 2831 3535 2899 Ego
3567 2837 3623 2884 et

2041 2928 2205 2982 Pater
2238 2944 2402 2982 unum
2436 2944 2649 2991 sumus,
2683 2948 2701 2976 ι
2735 2943 2801 2982 ne
2850 2928 2972 2997 quis
3001 2925 3246 2979 eumdem
3292 2936 3413 2978 esse
3448 2920 3625 2989 suspi-

2047 3030 2263 3076 caretur
2292 3021 2530 3085 Patrem,
2564 3029 2619 3075 et
2642 3020 2858 3085 Filium,
2896 3018 3024 3073 solis
3058 3025 3261 3071 tantum
3295 3011 3624 3070 nominibus,

352 3104 713 3173 γεννήσαντα,
744 3103 909 3167 δεῖξαι
961 3102 1269 3174 βουληθεὶς,
1318 3097 1471 3154 εἶπεν
1494 3142 1508 3165 ,
1544 3121 1564 3154 ι
1605 3101 1745 3167 Ἐγὼ
1789 3102 1880 3153 καὶ
1914 3102 1940 3154 6

2051 3131 2157 3168 nou
2188 3114 2460 3185 ltypostasi
2497 3113 2549 3167 in
2572 3112 2891 3167 dualitatem
2928 3122 3284 3179 personarum
3319 3105 3623 3158 distinctos:

352 3194 548 3263 Πατὴρ
572 3196 630 3247 ἓν
655 3198 844 3266 ἐσμεν,
868 3216 885 3247 ι
914 3195 1000 3249 ἵνα
1036 3196 1108 3265 μή
1141 3212 1221 3258 τις
1247 3194 1337 3247 τὸν
1370 3193 1533 3246 αὐτὸν
1562 3188 1943 3262 εἶναι-Πατέρα

356 3282 460 3334 καὶ
491 3283 616 3335 Υἱδν
645 3285 920 3357 ὑπολάϐῃ,
974 3285 1153 3353 μόνοις
1192 3283 1422 3354 ὀνόμασι
1470 3281 1944 3350 διαστελλομὲνους

360 3372 449 3433 είς
477 3372 854 3438 δυαδαρντας
886 3375 941 3426 δὲ
970 3376 1069 3444 οὐχ
1098 3373 1270 3436 οὕτως
1315 3375 1371 3430 ὲν
1417 3372 1711 3426 ὑποστάσει
1730 3412 1753 3435 ,,
1777 3373 1944 3439 ἁναγμ

358 3460 538 3523 καίως
587 3463 1014 3534 ἐῦξηγούμενος
1057 3467 1208 3536 ὅπερ
1232 3464 1444 3533 εἴρηκε,
1471 3463 1566 3515 καὶ
1601 3462 1936 3530 σαφέστερον

350 3555 476 3615 τοῖς
500 3554 865 3624 ἀκροωμένοις
892 3557 1021 3608 αὐτὸ
1048 3555 1343 3619 καθιστῶν,
1369 3553 1620 3623 ἐπιφέρει
1650 3552 1729 3613 τὸ,
1764 3570 1780 3601 ι
1805 3550 1945 3617 Ἐγὼ

354 3644 415 3696 ὲν
574 3645 777 3716 [Ia-cpi,
823 3647 918 3699 καὶ
948 3646 974 3698 6
1008 3647 1205 3721 [Ianthe
1242 3648 1299 3698 ὲν
1347 3645 1490 3714 ἐμοὶ,
1520 3662 1537 3694 ι
1579 3641 1665 3693 ἴνα
1711 3640 1797 3693 διὰ
1846 3641 1943 3710 μὲν

353 3732 477 3792 τοῦ.
513 3733 701 3789 τοῦτον
723 3738 779 3788 ἐν
810 3737 1026 3805 ἐκείνῳ,
1058 3740 1309 3791 κάκεῖνον
1328 3740 1384 3789 ἐν
1421 3732 1594 3803 τούτῳ
1633 3730 1942 3801 φαίνεσθαι,

354 3825 460 3893 τὴν
489 3826 792 3896 ταύτότητα
820 3828 918 3899 τῆς
948 3828 1199 3898 θεότητος
1228 3830 1335 3881 και
1356 3829 1453 3896 τῆς
1484 3825 1670 3887 οὐσίας
1700 3823 1797 3893 τὴν
1830 3823 1941 3875 ένά·

355 3933 503 3985 11,11
540 3917 724 3987 δείξῃ·
769 3917 856 3971 διὰ
886 3919 942 3973 δὲ
977 3919 1072 3976 τοῦ
1124 3920 1309 3991 ἕτερον
1349 3920 1408 3971 ἐν
1455 3916 1626 3986 ἑτέρῳ
1670 3909 1827 3978 εἶναι,
1868 3915 1944 3984 μὴ

357 4010 421 4064 ’ἐν
447 4026 499 4060 τι
527 4007 586 4061 ὃν
617 4010 674 4061 ἐν
705 4010 924 4080 ἀριθμῷ
968 4011 1212 4081 νοηθῗμδ
1250 4012 1379 4067 ποτε
1434 4009 1549 4079 μὲν-
1564 4008 1776 4078 Πατὴρ,
1813 4007 1946 4058 ποτὲ

357 4100 427 4157 δὲ,
458 4100 586 4163 Υἱὸς
614 4101 864 4167 λέγεται·
898 4102 1010 4154 ἀλλ’
1052 4102 1221 4165 ὅντως
1244 4102 1527 4169 ὑφεστῶτα
1557 4099 1804 4170 Πατέρα,
1853 4097 1946 4150 καὶ

359 4191 656 4261 ὑφεστῶτα
683 4192 810 4246 Υίδν
844 4193 1236 4264 ἐναργέστερον
1262 4191 1539 4261 ἀποδείξῃ.

1060 4284 1262 4336 AAAO.

448 4375 509 4427 ὐ
545 4375 734 4445 Πατὴρ
768 4375 861 4428 καὶ
891 4376 917 4427 6
951 4374 1077 4437 Υἱὸς
1106 4374 1163 4427 ἒν
1205 4374 1304 4443 μέν
1332 4375 1437 4426 είσι
1471 4373 1611 4427 κατὰ
1641 4371 1822 4441 φύσιν,
1853 4370 1947 4423 δύο

359 4464 422 4515 δὲ
463 4467 524 4516 ἐν
548 4462 785 4534 ἀριθμῷ,
811 4465 909 4532 οὐχ
937 4462 1010 4524 ὡς
1052 4463 1167 4524 ἑνός
1203 4479 1349 4521 τινος
1382 4463 1460 4527 εἰς
1487 4461 1578 4514 δύο
1600 4461 1947 4529 καταδιαιρε-

364 4558 558 4619 θέντος
595 4556 756 4626 μέρη,
796 4555 870 4617 ὡς
909 4550 1047 4607 εἶναι
1077 4552 1262 4605 λοιπὸν
1294 4556 1390 4623 τῆς
1422 4553 1555 4623 πρὸς
1592 4552 1795 4621 ἄλληλα
1837 4567 1949 4604 κοι-

366 4649 566 4711 νωνξας
606 4664 664 4700 τε
694 4648 789 4700 καὶ
840 4647 1075 4717 σχέσεως
1116 4644 1395 4714 ἀμέτοχα,
1438 4642 1558 4695 οὐτε
1606 4642 1711 4713 μὴν
1744 4642 1820 4704 ὡς
1856 4642 1951 4694 τοῦ

367 4738 539 4792 αὑτοῦ
578 4740 671 4791 καὶ
701 4738 819 4801 ἐνὸς
844 4738 1037 4801 διττοίς
1072 4736 1332 4805 ὀνόμασιν
1364 4733 1835 4803 ἀποκαλουμένου,
1863 4733 1949 4784 ἵνα

369 4834 429 4884 ὲν
465 4831 601 4902 μόνῃ
633 4831 972 4901 ειτροσηγορίᾲ⁵
1002 4827 1387 4899 φαίνηταιστῆςη
1413 4824 1601 4889 δυάδος
1631 4826 1663 4895 ἡ
1696 4823 1949 4893 δύναμις’

367 4924 495 4976 οὐδὲ
531 4923 607 4985 ὡς
644 4921 737 4975 τοῦ
768 4920 934 4975 αὐτοῦ
980 4921 1108 4973 ποτὲ
1154 4921 1250 4990 μὲν
1294 4917 1525 4987 Πατρός,
1562 4916 1705 4973 ποτὲς
1731 4915 1789 4968 δὲ
1822 4913 1951 4967 Υἱοῦ

367 5014 687 5084 λεγομένου,
723 5013 884 5067 τοῦτο
917 5013 1022 5083 γὰρ
1054 5009 1345 5064 Σαϐελλίου
1371 5009 1432 5061 τὸ
1461 5008 1659 5077 δόγμα,
1700 5006 1815 5060 ἀλλ’
1845 5007 1951 5059 εἰσὶ

375 5108 476 5174 μὲν
504 5105 721 5176 ἀριθμῷ
749 5105 870 5156 δόθ’
902 5104 1015 5156 ἔστι
1048 5102 1155 5171 γὰρ
1182 5103 1209 5153 6
1252 5099 1439 5170 Πατὴρ
1477 5099 1575 5151 dal-
1594 5098 1803 5168 Πατὴρ,
1831 5097 1952 5149 οὐδέ

373 5215 509 5249 ποτε
554 5198 634 5261 εἰς
680 5196 808 5249 Υίὸν
866 5193 1323 5265 μεταποιούμενος
1344 5208 1369 5224 ··
1399 5191 1491 5243 καὶ
1530 5189 1712 5255 πάλιν,
1758 5191 1786 5241 6
1828 5189 1952 5252 Υἱὸς

371 5289 629 5342 οὐδέποτε
659 5290 738 5351 είς
768 5287 989 5357 Πατέρα
1026 5284 1510 5357 μεταϐαλλόμενος.
1540 5281 1695 5335 Οὕτω
1722 5280 1778 5334 δὲ
1803 5281 1955 5343 ὄντος

373 5382 472 5436 τοῦ
504 5382 847 5452 πράγματος,
874 5380 968 5432 καὶ
998 5380 1054 5430 ὲν
1081 5376 1230 5431 δυάδι
1261 5376 1518 5445 κειμένου
1570 5371 1664 5424 τοῦ
1698 5371 1954 5441 ἀριθμοῦ,

378 5476 479 5545 μεα
509 5472 671 5543 φύσις
712 5472 1041 5541 ἀμφοτέροις
1077 5469 1172 5521 καὶ
1216 5468 1249 5538 ἡ
1288 5463 1426 5535 αὐτὴ
1467 5462 1687 5532 θεότης,
1722 5462 1958 5524 ἐοικότος

375 5570 465 5623 ἀεὶ
496 5575 595 5622 τοῦ
624 5568 961 5635 γεννήματος
989 5562 1067 5631 τῷ
1101 5557 1451 5629 γεγεννηκότι
1490 5554 1755 5625 φυσικῶς.
1785 5551 1960 5606 Εἰκὼν

375 5663 487 5731 γᾴρ
516 5661 656 5726 ἐστι,
690 5658 784 5712 καὶ
810 5655 1166 5724 ἀπαύγασμα,
1199 5652 1291 5704 καὶ
1318 5648 1600 5719 χαρακτὴρ
1612 5650 1708 5718 τῆς
1730 5645 1961 5706 timessi-

2050 3206 2359 3262 necessario
2408 3205 2720 3273 utiliterque
2752 3201 3026 3271 explicans
3076 3200 3126 3253 id
3166 3197 3307 3267 quod
3348 3195 3517 3259 dixit,
3570 3202 3627 3246 et

2047 3298 2391 3353 manifestius
2432 3294 2773 3349 auditoribus
2813 3292 3039 3354 faciens,
3078 3289 3229 3344 addit
3271 3289 3373 3342 hoc
3414 3304 3427 3339 :
3464 3304 3482 3337 ι
3517 3284 3627 3354 Ego»

2048 3389 2098 3441 in
2133 3387 2315 3453 Patre,
2344 3395 2398 3440 et
2448 3383 2610 3439 Pater
2643 3385 2695 3439 in
2751 3398 2869 3450 me;
2906 3400 2924 3433 ι
2957 3391 3015 3435 ιιι
3047 3394 3143 3450 per
3184 3379 3305 3443 hoc,
3350 3375 3495 3445 quod
3538 3372 3627 3428 hic

2046 3478 2261 3548 quidem
2293 3478 2344 3531 in
2373 3476 2484 3541 illo,
2510 3476 2601 3531 ille
2621 3490 2748 3531 vero
2771 3474 2824 3528 in
2855 3473 2957 3527 hoc
2980 3477 3262 3541 appareat,
3287 3466 3622 3522 identitatem

2047 3568 2261 3623 deitatis
2304 3577 2358 3621 et
2414 3569 2666 3623 essentia:
2724 3566 2985 3619 unitatem
3045 3563 3410 3621 demonstret;
3461 3566 3627 3626 utque

2047 3671 2143 3724 per
2173 3656 2225 3708 id
2259 3656 2400 3723 quod
2430 3655 2569 3708 alter
2607 3655 2659 3708 in
2698 3654 2872 3707 altero
2919 3654 3012 3716 sit,
3052 3667 3158 3706 non
3188 3664 3352 3705 unum
3400 3661 3625 3702 numero

2048 3762 2167 3800 esse
2194 3746 2547 3814 intelligatur,
2599 3743 3079 3814 quod-aliquando
3109 3742 3290 3805 Pater,
3331 3738 3626 3807 aliquando

2048 3838 2218 3892 Filius
2241 3844 2492 3899 vocetur;
2525 3835 2619 3888 sed
2654 3848 2780 3887 vere
2802 3841 2964 3899 atque
2993 3830 3332 3900 Itypostatice
3361 3830 3627 3883 exsistere

2047 3935 2293 3995 Patrem,
2328 3944 2455 3982 vere
2514 3927 2677 3981 etiam
2745 3933 2908 3992 atque
2954 3921 3292 3993 Iiypostatice
3356 3918 3624 3973 exsistere

2049 4024 2242 4078 Filium
2264 4016 2723 4074 manifestissime
2750 4013 3020 4070 ostendat.

2625 4278 2785 4348 ιιο
2820 4274 3045 4331 ALIUD.

2119 4374 2353 4428 Pateret
2384 4372 2552 4427 Filius
2587 4387 2751 4447 unum
2782 4369 3002 4439 quidem
3034 4375 3162 4444 sunt
3206 4363 3500 4422 secundum
3535 4376 3632 4418 na-

1980 4474 2022 4527 1)
2055 4477 2251 4527 turam,
2293 4465 2401 4519 duo
2443 4478 2570 4516 vero
2619 4476 2877 4526 numero;
2929 4474 3103 4528 neque
3147 4460 3220 4513 ita
3266 4473 3331 4513 ac
3367 4457 3414 4511 si
3463 4471 3629 4510 unum

2059 4555 2271 4627 aliquod
2297 4557 2347 4607 in
2380 4554 2525 4607 duas
2543 4562 2726 4620 partes
2746 4553 3095 4614 divideretur,
3125 4560 3184 4603 ut
3213 4564 3242 4602 a
3271 4556 3459 4603 mutua
3491 4548 3633 4601 inter

2053 4664 2110 4704 se
2180 4647 2437 4701 societate
2503 4644 2926 4713 babitudineqne
2989 4643 3378 4711 scjungantur,
3459 4652 3632 4703 neque

2053 4753 2244 4793 rursus
2274 4738 2343 4791 ita
2379 4747 2435 4790 ut
2468 4751 2631 4790 unum
2670 4744 2835 4802 atque
2879 4734 3021 4788 idem
3065 4732 3277 4787 duobus
3324 4728 3634 4783 nominibus

2054 4828 2296 4893 vocetur,
2332 4838 2386 4883 ut
2413 4830 2463 4882 in
2498 4844 2601 4881 una
2635 4825 2995 4895 appellatione
3021 4821 3299 4877 dualitatis
3336 4808 3509 4873 virtus
3537 4834 3634 4885 ap-

2054 4928 2270 4985 pareat;
2326 4933 2502 4986 neque
2534 4924 2592 4969 ut
2624 4917 2764 4970 idem
2799 4912 3093 4983 aliquando
3119 4910 3297 4973 Pater,
3342 4909 3633 4976 aliquando

2061 5007 2229 5061 Filius
2253 5009 2481 5069 diratur,
2524 5008 2627 5061 hoc
2655 5006 2797 5059 enim
2850 5002 3067 5058 Sabellii
3098 5002 3285 5071 dogma
3313 5011 3414 5059 est.
3440 4999 3531 5052 sed
3574 5009 3634 5052 ut

2059 5103 2166 5154 sint
2191 5100 2294 5151 duo
2315 5113 2540 5151 numero
2566 5116 2581 5152 :
2606 5112 2727 5150 nam
2762 5092 2920 5149 Pater
2941 5106 3152 5159 semper
3175 5102 3251 5144 εει
3283 5088 3464 5152 Pater,
3500 5105 3638 5140 nun-

2060 5204 2222 5256 quam
2253 5188 2304 5241 in
2339 5187 2526 5241 Filium
2561 5195 2798 5239 mutatus
2828 5202 2841 5237 :
2872 5192 2927 5238 et
2974 5181 3139 5235 Filius
3171 5195 3385 5248 semper
3412 5187 3492 5231 est
3540 5176 3632 5230 Fi-

2063 5282 2184 5342 lius,
2215 5295 2483 5349 nunquam
2518 5278 2570 5331 in
2614 5276 2829 5332 Patrem
2872 5285 3133 5329 mutatus.
3172 5272 3413 5340 Cumque
3458 5269 3529 5321 ita
3576 5286 3635 5321 se

2058 5387 2144 5426 res
2177 5370 2393 5436 habeat,
2421 5380 2476 5424 et
2502 5370 2572 5423 sit
2609 5382 2831 5423 munero
2863 5365 3097 5419 dualitas
3124 5375 3496 5430 personarum,
3528 5375 3661 5415 una

2057 5461 2273 5528 utrique
2314 5468 2399 5513 est
2441 5468 2653 5523 natura,
2685 5458 2982 5523 eademque
3020 5452 3195 5507 deitas
3220 5492 3235 5515 ,
3291 5466 3413 5506 cum
3466 5447 3635 5503 Filius

2059 5566 2274 5621 semper
2308 5550 2376 5603 sit
2421 5549 2616 5605 similis
2644 5548 2692 5603 ei
2736 5546 2825 5615 qui
2882 5543 3205 5599 naturaliter
3261 5555 3383 5595 cum
3426 5532 3627 5607 genui!-

2060 5645 2152 5700 Est
2195 5643 2339 5698 enim
2374 5641 2573 5712 imago,
2614 5650 2667 5696 et
2716 5637 2985 5711 splendor,
3035 5646 3088 5693 et
3143 5636 3424 5691 charaeter
3466 5628 3631 5692 Inyt‘o'
