  <div class='ocr_page' id='page_1' title='image "/cluster/home/n/w/nwhite01/storage/ocr_20150623/75/hvd.32044073502031/099.png"; bbox 0 0 4036 6208; ppageno 0'>
   <div class='ocr_carea' id='block_1_1' title="bbox 464 273 567 329">
    <p class='ocr_par' dir='ltr' id='par_1_1' title="bbox 464 273 567 329">
     <span class='ocr_line' id='line_1_1' title="bbox 464 273 567 329; baseline -0.029 0"><span class='ocrx_word' id='word_1_1' title='bbox 464 273 567 329; x_wconf 81' lang='grc'><strong>187</strong></span> 
     </span>
    </p>
   </div>
   <div class='ocr_carea' id='block_1_2' title="bbox 1459 274 2677 340">
    <p class='ocr_par' dir='ltr' id='par_1_2' title="bbox 1459 274 2677 340">
     <span class='ocr_line' id='line_1_2' title="bbox 1459 274 2677 340; baseline 0.008 -10"><span class='ocrx_word' id='word_1_2' title='bbox 1459 276 1516 331; x_wconf 84' lang='lat' dir='ltr'><strong>S.</strong></span> <span class='ocrx_word' id='word_1_3' title='bbox 1558 277 1823 333; x_wconf 72' lang='lat' dir='ltr'><strong>CYRlLLl</strong></span> <span class='ocrx_word' id='word_1_4' title='bbox 1865 274 2328 334; x_wconf 57' lang='lat' dir='ltr'><strong>ALEXANDRINI</strong></span> <span class='ocrx_word' id='word_1_5' title='bbox 2368 279 2677 340; x_wconf 76' lang='lat' dir='ltr'><strong>ARCHIEP.</strong></span> 
     </span>
    </p>
   </div>
   <div class='ocr_carea' id='block_1_3' title="bbox 3608 283 3707 341">
    <p class='ocr_par' dir='ltr' id='par_1_3' title="bbox 3608 283 3707 341">
     <span class='ocr_line' id='line_1_3' title="bbox 3608 283 3707 341; baseline 0.04 -4"><span class='ocrx_word' id='word_1_6' title='bbox 3608 283 3707 341; x_wconf 81' lang='lat' dir='ltr'><strong>I88</strong></span> 
     </span>
    </p>
   </div>
   <div class='ocr_carea' id='block_1_4' title="bbox 451 390 2031 467">
    <p class='ocr_par' dir='ltr' id='par_1_4' title="bbox 451 390 2016 465">
     <span class='ocr_line' id='line_1_4' title="bbox 451 390 2016 465; baseline 0.002 -21"><span class='ocrx_word' id='word_1_7' title='bbox 451 390 688 445; x_wconf 76' lang='lat' dir='ltr'><strong>habeant</strong></span> <span class='ocrx_word' id='word_1_8' title='bbox 737 390 880 462; x_wconf 83' lang='lat' dir='ltr'><strong>quod</strong></span> <span class='ocrx_word' id='word_1_9' title='bbox 931 405 961 446; x_wconf 86' lang='lat' dir='ltr'><strong>a</strong></span> <span class='ocrx_word' id='word_1_10' title='bbox 1010 393 1241 449; x_wconf 78' lang='lat' dir='ltr'><strong>naturali</strong></span> <span class='ocrx_word' id='word_1_11' title='bbox 1303 392 1626 464; x_wconf 81' lang='lat' dir='ltr'><strong>praprictate</strong></span> <span class='ocrx_word' id='word_1_12' title='bbox 1681 408 1775 449; x_wconf 87' lang='lat' dir='ltr'><strong>eos</strong></span> <span class='ocrx_word' id='word_1_13' title='bbox 1833 394 2016 465; x_wconf 81' lang='lat' dir='ltr'><strong>sejun-</strong></span> 
     </span>
    </p>
   </div>
   <div class='ocr_carea' id='block_1_5' title="bbox 2136 390 3707 467">
    <p class='ocr_par' dir='ltr' id='par_1_5' title="bbox 2136 396 3707 467">
     <span class='ocr_line' id='line_1_5' title="bbox 2136 396 3707 467; baseline 0.004 -21"><span class='ocrx_word' id='word_1_14' title='bbox 2136 410 2245 462; x_wconf 76' lang='grc' dir='ltr'>εητι</span> <span class='ocrx_word' id='word_1_15' title='bbox 2276 397 2373 467; x_wconf 75' lang='grc' dir='ltr'>τῆς</span> <span class='ocrx_word' id='word_1_16' title='bbox 2417 397 2605 461; x_wconf 84' lang='grc' dir='ltr'>οὐσίας</span> <span class='ocrx_word' id='word_1_17' title='bbox 2637 396 2807 450; x_wconf 73' lang='grc' dir='ltr'>ὄντων</span> <span class='ocrx_word' id='word_1_18' title='bbox 2845 397 2936 449; x_wconf 66' lang='grc' dir='ltr'><strong>καὶ</strong></span> <span class='ocrx_word' id='word_1_19' title='bbox 2966 398 3115 450; x_wconf 74' lang='grc' dir='ltr'>οὐδὲν</span> <span class='ocrx_word' id='word_1_20' title='bbox 3148 397 3376 466; x_wconf 73' lang='grc' dir='ltr'>ἑχόντων</span> <span class='ocrx_word' id='word_1_21' title='bbox 3408 397 3436 449; x_wconf 84' lang='grc' dir='ltr'><strong>ὃ</strong></span> <span class='ocrx_word' id='word_1_22' title='bbox 3469 397 3565 467; x_wconf 79' lang='grc' dir='ltr'>τῆς</span> <span class='ocrx_word' id='word_1_23' title='bbox 3603 416 3707 467; x_wconf 79' lang='grc' dir='ltr'><strong>φυ-</strong></span> 
     </span>
    </p>
   </div>
   <div class='ocr_carea' id='block_1_6' title="bbox 450 491 562 551">
    <p class='ocr_par' dir='ltr' id='par_1_6' title="bbox 450 491 562 551">
     <span class='ocr_line' id='line_1_6' title="bbox 450 491 562 551; baseline 0.027 -19"><span class='ocrx_word' id='word_1_24' title='bbox 450 491 562 551; x_wconf 65' lang='lat' dir='ltr'><strong>gat.</strong></span> 
     </span>
    </p>
   </div>
   <div class='ocr_carea' id='block_1_7' title="bbox 1126 597 1356 654">
    <p class='ocr_par' dir='ltr' id='par_1_7' title="bbox 1126 597 1356 654">
     <span class='ocr_line' id='line_1_7' title="bbox 1126 597 1356 654; baseline 0.009 -3"><span class='ocrx_word' id='word_1_25' title='bbox 1126 597 1356 654; x_wconf 79' lang='lat' dir='ltr'><strong>ALIUD.</strong></span> 
     </span>
    </p>
   </div>
   <div class='ocr_carea' id='block_1_8' title="bbox 630 708 1842 782">
    <p class='ocr_par' dir='ltr' id='par_1_8' title="bbox 630 708 1842 782">
     <span class='ocr_line' id='line_1_8' title="bbox 630 708 1842 782; baseline 0.006 -20"><span class='ocrx_word' id='word_1_26' title='bbox 630 708 828 779; x_wconf 87' lang='lat' dir='ltr'><strong>Dogma</strong></span> <span class='ocrx_word' id='word_1_27' title='bbox 859 711 1018 767; x_wconf 74' lang='lat' dir='ltr'><strong>veluti</strong></span> <span class='ocrx_word' id='word_1_28' title='bbox 1048 728 1114 767; x_wconf 75' lang='lat' dir='ltr'><strong>ea:</strong></span> <span class='ocrx_word' id='word_1_29' title='bbox 1137 713 1427 782; x_wconf 81' lang='lat' dir='ltr'><strong>objectione</strong></span> <span class='ocrx_word' id='word_1_30' title='bbox 1457 714 1842 769; x_wconf 64' lang='lat' dir='ltr'><strong>haereticorum.</strong></span> 
     </span>
    </p>
   </div>
   <div class='ocr_carea' id='block_1_9' title="bbox 523 819 2021 892">
    <p class='ocr_par' dir='ltr' id='par_1_9' title="bbox 523 819 2021 892">
     <span class='ocr_line' id='line_1_9' title="bbox 523 819 2021 892; baseline 0.005 -19"><span class='ocrx_word' id='word_1_31' title='bbox 523 819 705 884; x_wconf 85' lang='lat' dir='ltr'><strong>Pater,</strong></span> <span class='ocrx_word' id='word_1_32' title='bbox 738 823 1003 892; x_wconf 89' lang='lat' dir='ltr'><strong>inquiunt.</strong></span> <span class='ocrx_word' id='word_1_33' title='bbox 1046 833 1130 878; x_wconf 89' lang='lat' dir='ltr'><strong>est</strong></span> <span class='ocrx_word' id='word_1_34' title='bbox 1182 823 1233 877; x_wconf 91' lang='lat' dir='ltr'><strong>in</strong></span> <span class='ocrx_word' id='word_1_35' title='bbox 1261 822 1419 888; x_wconf 83' lang='lat' dir='ltr'><strong>Filio,</strong></span> <span class='ocrx_word' id='word_1_36' title='bbox 1462 835 1517 879; x_wconf 90' lang='lat' dir='ltr'><strong>et</strong></span> <span class='ocrx_word' id='word_1_37' title='bbox 1547 825 1715 881; x_wconf 83' lang='lat' dir='ltr'><strong>Filius</strong></span> <span class='ocrx_word' id='word_1_38' title='bbox 1748 828 1800 881; x_wconf 91' lang='lat' dir='ltr'><strong>in</strong></span> <span class='ocrx_word' id='word_1_39' title='bbox 1840 827 2021 892; x_wconf 87' lang='lat' dir='ltr'><strong>Patre,</strong></span> 
     </span>
    </p>
   </div>
   <div class='ocr_carea' id='block_1_10' title="bbox 449 911 2025 971">
    <p class='ocr_par' dir='ltr' id='par_1_10' title="bbox 449 911 2025 971">
     <span class='ocr_line' id='line_1_10' title="bbox 449 911 2025 971; baseline 0.006 -10"><span class='ocrx_word' id='word_1_40' title='bbox 449 912 745 964; x_wconf 75' lang='lat' dir='ltr'><strong>sec-ttndum</strong></span> <span class='ocrx_word' id='word_1_41' title='bbox 800 912 1064 966; x_wconf 82' lang='lat' dir='ltr'><strong>habitum.</strong></span> <span class='ocrx_word' id='word_1_42' title='bbox 1096 911 1227 968; x_wconf 88' lang='lat' dir='ltr'><strong>Cum</strong></span> <span class='ocrx_word' id='word_1_43' title='bbox 1256 912 1397 968; x_wconf 91' lang='lat' dir='ltr'><strong>enim</strong></span> <span class='ocrx_word' id='word_1_44' title='bbox 1432 916 1575 970; x_wconf 91' lang='lat' dir='ltr'><strong>nullo</strong></span> <span class='ocrx_word' id='word_1_45' title='bbox 1604 918 1763 969; x_wconf 83' lang='lat' dir='ltr'><strong>modo</strong></span> <span class='ocrx_word' id='word_1_46' title='bbox 1816 917 2025 971; x_wconf 87' lang='lat' dir='ltr'><strong>dissen-</strong></span> 
     </span>
    </p>
   </div>
   <div class='ocr_carea' id='block_1_11' title="bbox 453 1000 2026 1076">
    <p class='ocr_par' dir='ltr' id='par_1_11' title="bbox 453 1000 2026 1076">
     <span class='ocr_line' id='line_1_11' title="bbox 453 1000 2026 1076; baseline 0.008 -26"><span class='ocrx_word' id='word_1_47' title='bbox 453 1001 591 1053; x_wconf 84' lang='lat' dir='ltr'><strong>tiant</strong></span> <span class='ocrx_word' id='word_1_48' title='bbox 620 1002 674 1055; x_wconf 91' lang='lat' dir='ltr'><strong>in</strong></span> <span class='ocrx_word' id='word_1_49' title='bbox 703 1000 940 1067; x_wconf 79' lang='lat' dir='ltr'><strong>iudiciis,</strong></span> <span class='ocrx_word' id='word_1_50' title='bbox 980 1001 1069 1055; x_wconf 79' lang='lat' dir='ltr'><strong>vel-</strong></span> <span class='ocrx_word' id='word_1_51' title='bbox 1091 1003 1532 1072; x_wconf 70' lang='lat' dir='ltr'><strong>cogitationibus,</strong></span> <span class='ocrx_word' id='word_1_52' title='bbox 1568 1007 1663 1061; x_wconf 90' lang='lat' dir='ltr'><strong>sed</strong></span> <span class='ocrx_word' id='word_1_53' title='bbox 1695 1022 2026 1076; x_wconf 66' lang='lat' dir='ltr'><strong>qua&#39;cunque</strong></span> 
     </span>
    </p>
   </div>
   <div class='ocr_carea' id='block_1_12' title="bbox 454 1089 2024 1168">
    <p class='ocr_par' dir='ltr' id='par_1_12' title="bbox 454 1089 2024 1168">
     <span class='ocr_line' id='line_1_12' title="bbox 454 1089 2024 1168; baseline 0.008 -29"><span class='ocrx_word' id='word_1_54' title='bbox 454 1090 566 1142; x_wconf 81' lang='lat' dir='ltr'><strong>vult</strong></span> <span class='ocrx_word' id='word_1_55' title='bbox 593 1089 773 1156; x_wconf 84' lang='lat' dir='ltr'><strong>Pater,</strong></span> <span class='ocrx_word' id='word_1_56' title='bbox 808 1107 877 1145; x_wconf 69' lang='lat' dir='ltr'><strong>ea</strong></span> <span class='ocrx_word' id='word_1_57' title='bbox 901 1092 1011 1145; x_wconf 87' lang='lat' dir='ltr'><strong>vult</strong></span> <span class='ocrx_word' id='word_1_58' title='bbox 1042 1102 1096 1149; x_wconf 87' lang='lat' dir='ltr'><strong>et</strong></span> <span class='ocrx_word' id='word_1_59' title='bbox 1122 1092 1314 1162; x_wconf 72' lang='lat' dir='ltr'><strong>Filius,</strong></span> <span class='ocrx_word' id='word_1_60' title='bbox 1339 1104 1401 1149; x_wconf 71' lang='lat' dir='ltr'><strong>et</strong></span> <span class='ocrx_word' id='word_1_61' title='bbox 1422 1097 1662 1153; x_wconf 78' lang='lat' dir='ltr'><strong>vicissim</strong></span> <span class='ocrx_word' id='word_1_62' title='bbox 1691 1113 2024 1168; x_wconf 63' lang='lat' dir='ltr'><strong>quaecunque</strong></span> 
     </span>
    </p>
   </div>
   <div class='ocr_carea' id='block_1_13' title="bbox 451 1181 2025 1258">
    <p class='ocr_par' dir='ltr' id='par_1_13' title="bbox 451 1181 2025 1258">
     <span class='ocr_line' id='line_1_13' title="bbox 451 1181 2025 1258; baseline 0.006 -24"><span class='ocrx_word' id='word_1_63' title='bbox 451 1181 567 1235; x_wconf 87' lang='lat' dir='ltr'><strong>vult</strong></span> <span class='ocrx_word' id='word_1_64' title='bbox 589 1182 773 1247; x_wconf 78' lang='lat' dir='ltr'><strong>Filius,</strong></span> <span class='ocrx_word' id='word_1_65' title='bbox 793 1185 905 1239; x_wconf 82' lang='lat' dir='ltr'><strong>vult</strong></span> <span class='ocrx_word' id='word_1_66' title='bbox 930 1196 982 1239; x_wconf 91' lang='lat' dir='ltr'><strong>et</strong></span> <span class='ocrx_word' id='word_1_67' title='bbox 1014 1185 1194 1251; x_wconf 86' lang='lat' dir='ltr'><strong>Pater,</strong></span> <span class='ocrx_word' id='word_1_68' title='bbox 1213 1196 1269 1241; x_wconf 89' lang='lat' dir='ltr'><strong>et</strong></span> <span class='ocrx_word' id='word_1_69' title='bbox 1292 1201 1590 1243; x_wconf 85' lang='lat' dir='ltr'><strong>consensus</strong></span> <span class='ocrx_word' id='word_1_70' title='bbox 1618 1190 1833 1258; x_wconf 84' lang='lat' dir='ltr'><strong>quidem</strong></span> <span class='ocrx_word' id='word_1_71' title='bbox 1860 1200 2025 1258; x_wconf 74' lang='lat' dir='ltr'><strong>atque.</strong></span> 
     </span>
    </p>
   </div>
   <div class='ocr_carea' id='block_1_14' title="bbox 452 1273 2024 1352">
    <p class='ocr_par' dir='ltr' id='par_1_14' title="bbox 452 1273 2024 1352">
     <span class='ocr_line' id='line_1_14' title="bbox 452 1273 2024 1352; baseline 0.006 -24"><span class='ocrx_word' id='word_1_72' title='bbox 452 1273 710 1330; x_wconf 69' lang='lat' dir='ltr'><strong>Mentitus</strong></span> <span class='ocrx_word' id='word_1_73' title='bbox 741 1276 1075 1333; x_wconf 77' lang='lat' dir='ltr'><strong>voluntatum</strong></span> <span class='ocrx_word' id='word_1_74' title='bbox 1111 1278 1164 1332; x_wconf 92' lang='lat' dir='ltr'><strong>iu</strong></span> <span class='ocrx_word' id='word_1_75' title='bbox 1191 1278 1271 1333; x_wconf 90' lang='lat' dir='ltr'><strong>eis</strong></span> <span class='ocrx_word' id='word_1_76' title='bbox 1298 1278 1749 1348; x_wconf 79' lang='lat' dir='ltr'><strong>deprehenditur,</strong></span> <span class='ocrx_word' id='word_1_77' title='bbox 1776 1290 2024 1352; x_wconf 81' lang='lat' dir='ltr'><strong>atque-ea</strong></span> 
     </span>
    </p>
   </div>
   <div class='ocr_carea' id='block_1_15' title="bbox 453 1365 1795 1434">
    <p class='ocr_par' dir='ltr' id='par_1_15' title="bbox 453 1365 1795 1434">
     <span class='ocr_line' id='line_1_15' title="bbox 453 1365 1795 1434; baseline 0.005 -16"><span class='ocrx_word' id='word_1_78' title='bbox 453 1366 661 1421; x_wconf 76' lang='lat' dir='ltr'><strong>ratione</strong></span> <span class='ocrx_word' id='word_1_79' title='bbox 684 1365 845 1422; x_wconf 88' lang='lat' dir='ltr'><strong>Pater</strong></span> <span class='ocrx_word' id='word_1_80' title='bbox 871 1377 952 1424; x_wconf 89' lang='lat' dir='ltr'><strong>est</strong></span> <span class='ocrx_word' id='word_1_81' title='bbox 980 1369 1032 1423; x_wconf 92' lang='lat' dir='ltr'><strong>in</strong></span> <span class='ocrx_word' id='word_1_82' title='bbox 1062 1367 1222 1434; x_wconf 73' lang='lat' dir='ltr'><strong>Filio,</strong></span> <span class='ocrx_word' id='word_1_83' title='bbox 1251 1377 1306 1424; x_wconf 89' lang='lat' dir='ltr'><strong>et</strong></span> <span class='ocrx_word' id='word_1_84' title='bbox 1334 1368 1503 1425; x_wconf 83' lang='lat' dir='ltr'><strong>Filius</strong></span> <span class='ocrx_word' id='word_1_85' title='bbox 1535 1370 1586 1424; x_wconf 93' lang='lat' dir='ltr'><strong>in</strong></span> <span class='ocrx_word' id='word_1_86' title='bbox 1616 1370 1795 1426; x_wconf 82' lang='lat' dir='ltr'><strong>Patre.</strong></span> 
     </span>
    </p>
   </div>
   <div class='ocr_carea' id='block_1_16' title="bbox 945 1557 1530 1629">
    <p class='ocr_par' dir='ltr' id='par_1_16' title="bbox 945 1557 1530 1629">
     <span class='ocr_line' id='line_1_16' title="bbox 945 1557 1530 1629; baseline 0 -17"><span class='ocrx_word' id='word_1_87' title='bbox 945 1557 1153 1614; x_wconf 74' lang='lat' dir='ltr'><strong>Salutio</strong></span> <span class='ocrx_word' id='word_1_88' title='bbox 1202 1557 1530 1629; x_wconf 82' lang='lat' dir='ltr'><strong>objectionis.</strong></span> 
     </span>
    </p>
   </div>
   <div class='ocr_carea' id='block_1_17' title="bbox 428 1653 2030 1741">
    <p class='ocr_par' dir='ltr' id='par_1_17' title="bbox 428 1653 2030 1741">
     <span class='ocr_line' id='line_1_17' title="bbox 428 1653 2030 1741; baseline 0.001 -20"><span class='ocrx_word' id='word_1_89' title='bbox 428 1653 441 1663; x_wconf 53' lang='grc'><em>”</em></span> <span class='ocrx_word' id='word_1_90' title='bbox 522 1668 733 1723; x_wconf 81' lang='lat' dir='ltr'><strong>Licebit</strong></span> <span class='ocrx_word' id='word_1_91' title='bbox 755 1668 916 1737; x_wconf 74' lang='lat' dir='ltr'><strong>igitur</strong></span> <span class='ocrx_word' id='word_1_92' title='bbox 938 1671 1101 1724; x_wconf 88' lang='lat' dir='ltr'><strong>etiam</strong></span> <span class='ocrx_word' id='word_1_93' title='bbox 1129 1669 1357 1741; x_wconf 80' lang='lat' dir='ltr'><strong>angelis,</strong></span> <span class='ocrx_word' id='word_1_94' title='bbox 1390 1678 1482 1723; x_wconf 94' lang='lat' dir='ltr'><strong>aut</strong></span> <span class='ocrx_word' id='word_1_95' title='bbox 1515 1668 1636 1724; x_wconf 91' lang='lat' dir='ltr'><strong>aliis</strong></span> <span class='ocrx_word' id='word_1_96' title='bbox 1667 1670 2030 1724; x_wconf 83' lang='lat' dir='ltr'><strong>rationalibus</strong></span> 
     </span>
    </p>
   </div>
   <div class='ocr_carea' id='block_1_18' title="bbox 450 1747 2104 1830">
    <p class='ocr_par' dir='ltr' id='par_1_18' title="bbox 450 1747 2104 1830">
     <span class='ocr_line' id='line_1_18' title="bbox 450 1747 2104 1830; baseline 0.003 -19"><span class='ocrx_word' id='word_1_97' title='bbox 450 1760 838 1830; x_wconf 67' lang='lat' dir='ltr'><strong>potestatibus,</strong></span> <span class='ocrx_word' id='word_1_98' title='bbox 866 1761 931 1815; x_wconf 81' lang='lat' dir='ltr'><strong>de</strong></span> <span class='ocrx_word' id='word_1_99' title='bbox 960 1763 1152 1830; x_wconf 83' lang='lat' dir='ltr'><strong>quibus</strong></span> <span class='ocrx_word' id='word_1_100' title='bbox 1201 1761 1485 1816; x_wconf 86' lang='lat' dir='ltr'><strong>Psalmista</strong></span> <span class='ocrx_word' id='word_1_101' title='bbox 1517 1762 1635 1816; x_wconf 82' lang='lat' dir='ltr'><strong>ait:</strong></span> <span class='ocrx_word' id='word_1_102' title='bbox 1673 1781 1689 1813; x_wconf 82' lang='grc' dir='ltr'><strong>ι</strong></span> <span class='ocrx_word' id='word_1_103' title='bbox 1723 1762 2031 1817; x_wconf 84' lang='lat' dir='ltr'><strong>Benedicite</strong></span> <span class='ocrx_word' id='word_1_104' title='bbox 2060 1747 2104 1803; x_wconf 73' lang='grc' dir='ltr'><strong>Β</strong></span> 
     </span>
    </p>
   </div>
   <div class='ocr_carea' id='block_1_19' title="bbox 453 1851 2029 1923">
    <p class='ocr_par' dir='ltr' id='par_1_19' title="bbox 453 1851 2029 1923">
     <span class='ocr_line' id='line_1_19' title="bbox 453 1851 2029 1923; baseline 0.003 -19"><span class='ocrx_word' id='word_1_105' title='bbox 453 1851 769 1916; x_wconf 87' lang='lat' dir='ltr'><strong>Dominum,</strong></span> <span class='ocrx_word' id='word_1_106' title='bbox 800 1867 990 1908; x_wconf 88' lang='lat' dir='ltr'><strong>omnes</strong></span> <span class='ocrx_word' id='word_1_107' title='bbox 1010 1851 1184 1922; x_wconf 80' lang='lat' dir='ltr'><strong>angeli</strong></span> <span class='ocrx_word' id='word_1_108' title='bbox 1214 1852 1353 1923; x_wconf 87' lang='lat' dir='ltr'><strong>ejus,</strong></span> <span class='ocrx_word' id='word_1_109' title='bbox 1380 1852 1609 1908; x_wconf 83' lang='lat' dir='ltr'><strong>ministri</strong></span> <span class='ocrx_word' id='word_1_110' title='bbox 1633 1853 1748 1919; x_wconf 87' lang='lat' dir='ltr'><strong>ejus</strong></span> <span class='ocrx_word' id='word_1_111' title='bbox 1770 1852 2029 1909; x_wconf 80' lang='lat' dir='ltr'><strong>facientes</strong></span> 
     </span>
    </p>
   </div>
   <div class='ocr_carea' id='block_1_20' title="bbox 453 1941 2026 2014">
    <p class='ocr_par' dir='ltr' id='par_1_20' title="bbox 453 1941 2026 2014">
     <span class='ocr_line' id='line_1_20' title="bbox 453 1941 2026 2014; baseline 0.004 -23"><span class='ocrx_word' id='word_1_112' title='bbox 453 1941 782 1997; x_wconf 77' lang='lat' dir='ltr'><strong>voluntatem</strong></span> <span class='ocrx_word' id='word_1_113' title='bbox 848 1941 965 2010; x_wconf 84' lang='lat' dir='ltr'><strong>ejus</strong></span> <span class='ocrx_word' id='word_1_114' title='bbox 1010 1943 1078 2008; x_wconf 77' lang='lat'><strong>&quot;,</strong></span> <span class='ocrx_word' id='word_1_115' title='bbox 1127 1962 1147 1997; x_wconf 69' lang='grc' dir='ltr'><strong>ι</strong></span> <span class='ocrx_word' id='word_1_116' title='bbox 1201 1943 1507 1998; x_wconf 76' lang='lat' dir='ltr'><strong>Servatoris</strong></span> <span class='ocrx_word' id='word_1_117' title='bbox 1580 1943 1698 2014; x_wconf 87' lang='lat' dir='ltr'><strong>ipsa</strong></span> <span class='ocrx_word' id='word_1_118' title='bbox 1748 1958 1880 1998; x_wconf 85' lang='lat' dir='ltr'><strong>voce</strong></span> <span class='ocrx_word' id='word_1_119' title='bbox 1931 1944 2026 2009; x_wconf 83' lang='lat' dir='ltr'><strong>uti,</strong></span> 
     </span>
    </p>
   </div>
   <div class='ocr_carea' id='block_1_21' title="bbox 452 2032 2023 2103">
    <p class='ocr_par' dir='ltr' id='par_1_21' title="bbox 452 2032 2023 2103">
     <span class='ocr_line' id='line_1_21' title="bbox 452 2032 2023 2103; baseline 0.002 -18"><span class='ocrx_word' id='word_1_120' title='bbox 452 2032 756 2101; x_wconf 77' lang='lat' dir='ltr'><strong>singulique</strong></span> <span class='ocrx_word' id='word_1_121' title='bbox 779 2048 969 2087; x_wconf 89' lang='lat' dir='ltr'><strong>eorum</strong></span> <span class='ocrx_word' id='word_1_122' title='bbox 1003 2034 1187 2088; x_wconf 88' lang='lat' dir='ltr'><strong>dicere</strong></span> <span class='ocrx_word' id='word_1_123' title='bbox 1237 2042 1530 2103; x_wconf 88' lang='lat' dir='ltr'><strong>poterunt:</strong></span> <span class='ocrx_word' id='word_1_124' title='bbox 1562 2052 1581 2084; x_wconf 79' lang='grc' dir='ltr'><strong>ι</strong></span> <span class='ocrx_word' id='word_1_125' title='bbox 1614 2034 1725 2103; x_wconf 78' lang='lat' dir='ltr'><strong>Ego</strong></span> <span class='ocrx_word' id='word_1_126' title='bbox 1754 2034 1806 2088; x_wconf 93' lang='lat' dir='ltr'><strong>in</strong></span> <span class='ocrx_word' id='word_1_127' title='bbox 1840 2033 2023 2100; x_wconf 84' lang='lat' dir='ltr'><strong>Patre,</strong></span> 
     </span>
    </p>
   </div>
   <div class='ocr_carea' id='block_1_22' title="bbox 452 2122 2021 2190">
    <p class='ocr_par' dir='ltr' id='par_1_22' title="bbox 452 2122 2021 2190">
     <span class='ocr_line' id='line_1_22' title="bbox 452 2122 2021 2190; baseline -0.001 -12"><span class='ocrx_word' id='word_1_128' title='bbox 452 2134 509 2178; x_wconf 86' lang='lat' dir='ltr'><strong>et</strong></span> <span class='ocrx_word' id='word_1_129' title='bbox 544 2123 705 2178; x_wconf 87' lang='lat' dir='ltr'><strong>Pater</strong></span> <span class='ocrx_word' id='word_1_130' title='bbox 729 2122 781 2177; x_wconf 91' lang='lat' dir='ltr'><strong>iu</strong></span> <span class='ocrx_word' id='word_1_131' title='bbox 811 2138 915 2178; x_wconf 90' lang='lat' dir='ltr'><strong>me.</strong></span> <span class='ocrx_word' id='word_1_132' title='bbox 941 2142 960 2176; x_wconf 74' lang='grc' dir='ltr'><strong>ι</strong></span> <span class='ocrx_word' id='word_1_133' title='bbox 981 2152 1048 2167; x_wconf 75' lang='grc' dir='ltr'><strong>-ο</strong></span> <span class='ocrx_word' id='word_1_134' title='bbox 1072 2142 1090 2174; x_wconf 80' lang='grc' dir='ltr'><strong>ι</strong></span> <span class='ocrx_word' id='word_1_135' title='bbox 1117 2124 1218 2190; x_wconf 88' lang='lat' dir='ltr'><strong>Qui</strong></span> <span class='ocrx_word' id='word_1_136' title='bbox 1244 2123 1375 2177; x_wconf 77' lang='lat' dir='ltr'><strong>vidit</strong></span> <span class='ocrx_word' id='word_1_137' title='bbox 1399 2123 1656 2188; x_wconf 77' lang='lat' dir='ltr'><strong>me,vidit</strong></span> <span class='ocrx_word' id='word_1_138' title='bbox 1676 2134 1729 2178; x_wconf 89' lang='lat' dir='ltr'><strong>et</strong></span> <span class='ocrx_word' id='word_1_139' title='bbox 1755 2123 2021 2178; x_wconf 68' lang='lat' dir='ltr'><strong>Putrem.)</strong></span> 
     </span>
    </p>
   </div>
   <div class='ocr_carea' id='block_1_23' title="bbox 453 2200 2024 2285">
    <p class='ocr_par' dir='ltr' id='par_1_23' title="bbox 453 2200 2024 2285">
     <span class='ocr_line' id='line_1_23' title="bbox 453 2200 2024 2285; baseline 0.001 -16"><span class='ocrx_word' id='word_1_140' title='bbox 453 2214 661 2269; x_wconf 76' lang='lat' dir='ltr'><strong>Nemini</strong></span> <span class='ocrx_word' id='word_1_141' title='bbox 685 2215 828 2269; x_wconf 86' lang='lat' dir='ltr'><strong>enim</strong></span> <span class='ocrx_word' id='word_1_142' title='bbox 853 2213 1072 2269; x_wconf 89' lang='lat' dir='ltr'><strong>dubimu</strong></span> <span class='ocrx_word' id='word_1_143' title='bbox 1087 2224 1189 2279; x_wconf 87' lang='lat' dir='ltr'><strong>est,</strong></span> <span class='ocrx_word' id='word_1_144' title='bbox 1207 2214 1335 2285; x_wconf 83' lang='lat' dir='ltr'><strong>quin</strong></span> <span class='ocrx_word' id='word_1_145' title='bbox 1360 2216 1538 2269; x_wconf 86' lang='lat' dir='ltr'><strong>omnia</strong></span> <span class='ocrx_word' id='word_1_146' title='bbox 1564 2230 1683 2285; x_wconf 71' lang='lat' dir='ltr'><strong>qua:</strong></span> <span class='ocrx_word' id='word_1_147' title='bbox 1709 2200 1817 2270; x_wconf 79' lang='lat' dir='ltr'><strong>vult</strong></span> <span class='ocrx_word' id='word_1_148' title='bbox 1841 2215 2024 2281; x_wconf 84' lang='lat' dir='ltr'><strong>Pater,</strong></span> 
     </span>
    </p>
   </div>
   <div class='ocr_carea' id='block_1_24' title="bbox 450 2305 2031 2376">
    <p class='ocr_par' dir='ltr' id='par_1_24' title="bbox 450 2305 2031 2376">
     <span class='ocr_line' id='line_1_24' title="bbox 450 2305 2031 2376; baseline 0.001 -15"><span class='ocrx_word' id='word_1_149' title='bbox 450 2308 621 2363; x_wconf 81' lang='lat' dir='ltr'><strong>velint</strong></span> <span class='ocrx_word' id='word_1_150' title='bbox 665 2307 826 2361; x_wconf 86' lang='lat' dir='ltr'><strong>etiam</strong></span> <span class='ocrx_word' id='word_1_151' title='bbox 873 2305 1059 2376; x_wconf 79' lang='lat' dir='ltr'><strong>Angeli</strong></span> <span class='ocrx_word' id='word_1_152' title='bbox 1108 2315 1163 2361; x_wconf 89' lang='lat' dir='ltr'><strong>et</strong></span> <span class='ocrx_word' id='word_1_153' title='bbox 1209 2307 1552 2376; x_wconf 78' lang='lat' dir='ltr'><strong>Arcliangcli,</strong></span> <span class='ocrx_word' id='word_1_154' title='bbox 1598 2318 1650 2361; x_wconf 90' lang='lat' dir='ltr'><strong>et</strong></span> <span class='ocrx_word' id='word_1_155' title='bbox 1701 2308 1923 2373; x_wconf 82' lang='lat' dir='ltr'><strong>Tliruui,</strong></span> <span class='ocrx_word' id='word_1_156' title='bbox 1975 2318 2031 2362; x_wconf 89' lang='lat' dir='ltr'><strong>et</strong></span> 
     </span>
    </p>
   </div>
   <div class='ocr_carea' id='block_1_25' title="bbox 453 2395 2028 2469">
    <p class='ocr_par' dir='ltr' id='par_1_25' title="bbox 453 2395 2028 2469">
     <span class='ocr_line' id='line_1_25' title="bbox 453 2395 2028 2469; baseline -0.001 -19"><span class='ocrx_word' id='word_1_157' title='bbox 453 2395 889 2463; x_wconf 74' lang='lat' dir='ltr'><strong>Dominationes,</strong></span> <span class='ocrx_word' id='word_1_158' title='bbox 915 2406 969 2450; x_wconf 83' lang='lat' dir='ltr'><strong>et</strong></span> <span class='ocrx_word' id='word_1_159' title='bbox 1003 2396 1341 2463; x_wconf 76' lang='lat' dir='ltr'><strong>Botestates;</strong></span> <span class='ocrx_word' id='word_1_160' title='bbox 1390 2412 1563 2467; x_wconf 84' lang='lat' dir='ltr'><strong>neque</strong></span> <span class='ocrx_word' id='word_1_161' title='bbox 1598 2399 1889 2469; x_wconf 81' lang='lat' dir='ltr'><strong>quidquam</strong></span> <span class='ocrx_word' id='word_1_162' title='bbox 1934 2402 2028 2452; x_wconf 80' lang='lat' dir='ltr'><strong>liu-</strong></span> 
     </span>
    </p>
   </div>
   <div class='ocr_carea' id='block_1_26' title="bbox 452 2487 2029 2557">
    <p class='ocr_par' dir='ltr' id='par_1_26' title="bbox 452 2487 2029 2557">
     <span class='ocr_line' id='line_1_26' title="bbox 452 2487 2029 2557; baseline 0 -15"><span class='ocrx_word' id='word_1_163' title='bbox 452 2503 570 2542; x_wconf 88' lang='lat' dir='ltr'><strong>rutn</strong></span> <span class='ocrx_word' id='word_1_164' title='bbox 592 2488 843 2543; x_wconf 83' lang='lat' dir='ltr'><strong>dissentit</strong></span> <span class='ocrx_word' id='word_1_165' title='bbox 870 2487 1196 2544; x_wconf 81' lang='lat' dir='ltr'><strong>avoluntate</strong></span> <span class='ocrx_word' id='word_1_166' title='bbox 1223 2488 1340 2542; x_wconf 86' lang='lat' dir='ltr'><strong>Dei.</strong></span> <span class='ocrx_word' id='word_1_167' title='bbox 1365 2487 1549 2557; x_wconf 81' lang='lat' dir='ltr'><strong>Neque</strong></span> <span class='ocrx_word' id='word_1_168' title='bbox 1573 2490 1719 2543; x_wconf 87' lang='lat' dir='ltr'><strong>enim</strong></span> <span class='ocrx_word' id='word_1_169' title='bbox 1751 2499 2029 2544; x_wconf 85' lang='lat' dir='ltr'><strong>manerent</strong></span> 
     </span>
    </p>
   </div>
   <div class='ocr_carea' id='block_1_27' title="bbox 451 2578 2028 2649">
    <p class='ocr_par' dir='ltr' id='par_1_27' title="bbox 451 2578 2028 2649">
     <span class='ocr_line' id='line_1_27' title="bbox 451 2578 2028 2649; baseline 0.002 -16"><span class='ocrx_word' id='word_1_170' title='bbox 451 2578 506 2633; x_wconf 90' lang='lat' dir='ltr'><strong>in</strong></span> <span class='ocrx_word' id='word_1_171' title='bbox 557 2595 657 2635; x_wconf 85' lang='lat' dir='ltr'><strong>suo</strong></span> <span class='ocrx_word' id='word_1_172' title='bbox 690 2580 898 2644; x_wconf 88' lang='lat' dir='ltr'><strong>ordine,</strong></span> <span class='ocrx_word' id='word_1_173' title='bbox 937 2579 1040 2634; x_wconf 88' lang='lat' dir='ltr'><strong>nisi</strong></span> <span class='ocrx_word' id='word_1_174' title='bbox 1086 2580 1230 2634; x_wconf 85' lang='lat' dir='ltr'><strong>hunc</strong></span> <span class='ocrx_word' id='word_1_175' title='bbox 1283 2595 1507 2649; x_wconf 88' lang='lat' dir='ltr'><strong>scopum</strong></span> <span class='ocrx_word' id='word_1_176' title='bbox 1567 2582 1668 2635; x_wconf 85' lang='lat' dir='ltr'><strong>sibi</strong></span> <span class='ocrx_word' id='word_1_177' title='bbox 1724 2582 2028 2649; x_wconf 81' lang='lat' dir='ltr'><strong>poposilum</strong></span> 
     </span>
    </p>
   </div>
   <div class='ocr_carea' id='block_1_28' title="bbox 453 2669 2027 2741">
    <p class='ocr_par' dir='ltr' id='par_1_28' title="bbox 453 2669 2027 2741">
     <span class='ocr_line' id='line_1_28' title="bbox 453 2669 2027 2741; baseline 0.001 -16"><span class='ocrx_word' id='word_1_178' title='bbox 453 2669 715 2725; x_wconf 84' lang='lat' dir='ltr'><strong>baberent</strong></span> <span class='ocrx_word' id='word_1_179' title='bbox 731 2670 908 2741; x_wconf 69' lang='lat'><strong>113.</strong></span> <span class='ocrx_word' id='word_1_180' title='bbox 931 2670 1064 2725; x_wconf 85' lang='lat' dir='ltr'><strong>Nam</strong></span> <span class='ocrx_word' id='word_1_181' title='bbox 1085 2670 1129 2725; x_wconf 89' lang='lat' dir='ltr'><strong>is</strong></span> <span class='ocrx_word' id='word_1_182' title='bbox 1147 2673 1237 2739; x_wconf 91' lang='lat' dir='ltr'><strong>qui</strong></span> <span class='ocrx_word' id='word_1_183' title='bbox 1254 2670 1397 2725; x_wconf 88' lang='lat' dir='ltr'><strong>aliud</strong></span> <span class='ocrx_word' id='word_1_184' title='bbox 1416 2686 1574 2740; x_wconf 90' lang='lat' dir='ltr'><strong>quam</strong></span> <span class='ocrx_word' id='word_1_185' title='bbox 1596 2670 1685 2727; x_wconf 81' lang='lat' dir='ltr'><strong>Dei</strong></span> <span class='ocrx_word' id='word_1_186' title='bbox 1702 2673 2027 2727; x_wconf 79' lang='lat' dir='ltr'><strong>voluntatem</strong></span> 
     </span>
    </p>
   </div>
   <div class='ocr_carea' id='block_1_29' title="bbox 450 2758 2027 2829">
    <p class='ocr_par' dir='ltr' id='par_1_29' title="bbox 450 2758 2027 2829">
     <span class='ocr_line' id='line_1_29' title="bbox 450 2758 2027 2829; baseline 0.004 -16"><span class='ocrx_word' id='word_1_187' title='bbox 450 2761 746 2829; x_wconf 62' lang='lat' dir='ltr'><strong>quaerebat.</strong></span> <span class='ocrx_word' id='word_1_188' title='bbox 769 2761 975 2816; x_wconf 82' lang='lat' dir='ltr'><strong>audivit</strong></span> <span class='ocrx_word' id='word_1_189' title='bbox 999 2779 1011 2815; x_wconf 94' lang='lat'>:</span> <span class='ocrx_word' id='word_1_190' title='bbox 1033 2758 1185 2816; x_wconf 85' lang='lat' dir='ltr'><strong>Nunc</strong></span> <span class='ocrx_word' id='word_1_191' title='bbox 1208 2770 1384 2814; x_wconf 86' lang='lat' dir='ltr'><strong>autem</strong></span> <span class='ocrx_word' id='word_1_192' title='bbox 1412 2763 1476 2815; x_wconf 87' lang='lat' dir='ltr'><strong>ad</strong></span> <span class='ocrx_word' id='word_1_193' title='bbox 1493 2760 1695 2816; x_wconf 84' lang='lat' dir='ltr'><strong>inferos</strong></span> <span class='ocrx_word' id='word_1_194' title='bbox 1715 2762 2027 2827; x_wconf 85' lang='lat' dir='ltr'><strong>descendes,</strong></span> 
     </span>
    </p>
   </div>
   <div class='ocr_carea' id='block_1_30' title="bbox 430 2852 2031 2923">
    <p class='ocr_par' dir='ltr' id='par_1_30' title="bbox 430 2852 2031 2923">
     <span class='ocr_line' id='line_1_30' title="bbox 430 2852 2031 2923; baseline -0.001 -14"><span class='ocrx_word' id='word_1_195' title='bbox 430 2860 501 2909; x_wconf 84' lang='lat' dir='ltr'><strong>.et</strong></span> <span class='ocrx_word' id='word_1_196' title='bbox 571 2852 638 2906; x_wconf 85' lang='lat' dir='ltr'><strong>ad</strong></span> <span class='ocrx_word' id='word_1_197' title='bbox 689 2852 1036 2907; x_wconf 77' lang='lat' dir='ltr'><strong>fuiidamenta</strong></span> <span class='ocrx_word' id='word_1_198' title='bbox 1088 2861 1267 2909; x_wconf 71' lang='lat' dir='ltr'><strong>terrm.</strong></span> <span class='ocrx_word' id='word_1_199' title='bbox 1322 2853 1379 2908; x_wconf 88' lang='lat' dir='ltr'><strong>Si</strong></span> <span class='ocrx_word' id='word_1_200' title='bbox 1427 2869 1557 2923; x_wconf 65' lang='lat' dir='ltr'><strong>ergo</strong></span> <span class='ocrx_word' id='word_1_201' title='bbox 1609 2855 2031 2923; x_wconf 71' lang='lat' dir='ltr'><strong>unumquodque</strong></span> 
     </span>
    </p>
   </div>
   <div class='ocr_carea' id='block_1_31' title="bbox 452 2942 2025 3013">
    <p class='ocr_par' dir='ltr' id='par_1_31' title="bbox 452 2942 2025 3013">
     <span class='ocr_line' id='line_1_31' title="bbox 452 2942 2025 3013; baseline 0.002 -20"><span class='ocrx_word' id='word_1_202' title='bbox 452 2955 641 2993; x_wconf 80' lang='lat' dir='ltr'><strong>eorum</strong></span> <span class='ocrx_word' id='word_1_203' title='bbox 670 2957 790 3009; x_wconf 72' lang='lat' dir='ltr'><strong>qua:</strong></span> <span class='ocrx_word' id='word_1_204' title='bbox 829 2942 975 2995; x_wconf 90' lang='lat' dir='ltr'><strong>dicta</strong></span> <span class='ocrx_word' id='word_1_205' title='bbox 1011 2953 1156 3007; x_wconf 86' lang='lat' dir='ltr'><strong>sunt,</strong></span> <span class='ocrx_word' id='word_1_206' title='bbox 1190 2943 1305 2996; x_wconf 89' lang='lat' dir='ltr'><strong>vult</strong></span> <span class='ocrx_word' id='word_1_207' title='bbox 1342 2959 1678 3013; x_wconf 58' lang='lat' dir='ltr'><strong>quacunque</strong></span> <span class='ocrx_word' id='word_1_208' title='bbox 1728 2944 1866 2998; x_wconf 84' lang='lat' dir='ltr'><strong>Deus</strong></span> <span class='ocrx_word' id='word_1_209' title='bbox 1893 2944 2025 3007; x_wconf 82' lang='lat' dir='ltr'><strong>vult,</strong></span> 
     </span>
    </p>
   </div>
   <div class='ocr_carea' id='block_1_32' title="bbox 454 3029 2026 3103">
    <p class='ocr_par' dir='ltr' id='par_1_32' title="bbox 454 3029 2026 3103">
     <span class='ocr_line' id='line_1_32' title="bbox 454 3029 2026 3103; baseline 0.001 -21"><span class='ocrx_word' id='word_1_210' title='bbox 454 3029 778 3098; x_wconf 76' lang='lat' dir='ltr'><strong>ﬁrmumque</strong></span> <span class='ocrx_word' id='word_1_211' title='bbox 803 3030 856 3084; x_wconf 91' lang='lat' dir='ltr'><strong>in</strong></span> <span class='ocrx_word' id='word_1_212' title='bbox 887 3046 953 3085; x_wconf 91' lang='lat' dir='ltr'><strong>eo</strong></span> <span class='ocrx_word' id='word_1_213' title='bbox 994 3040 1196 3098; x_wconf 89' lang='lat' dir='ltr'><strong>manet,</strong></span> <span class='ocrx_word' id='word_1_214' title='bbox 1243 3046 1514 3101; x_wconf 75' lang='lat' dir='ltr'><strong>suamque</strong></span> <span class='ocrx_word' id='word_1_215' title='bbox 1547 3034 2026 3103; x_wconf 75' lang='lat' dir='ltr'><strong>diguitatemreti-</strong></span> 
     </span>
    </p>
   </div>
   <div class='ocr_carea' id='block_1_33' title="bbox 2130 487 3249 560">
    <p class='ocr_par' dir='ltr' id='par_1_33' title="bbox 2130 487 3249 560">
     <span class='ocr_line' id='line_1_33' title="bbox 2130 487 3249 560; baseline 0.004 -22"><span class='ocrx_word' id='word_1_216' title='bbox 2130 487 2287 556; x_wconf 77' lang='grc' dir='ltr'>σικῆς</span> <span class='ocrx_word' id='word_1_217' title='bbox 2320 488 2576 560; x_wconf 74' lang='grc' dir='ltr'><strong>ἰδιότητος</strong></span> <span class='ocrx_word' id='word_1_218' title='bbox 2604 490 2896 560; x_wconf 74' lang='grc' dir='ltr'><strong>ἀποτέμνει</strong></span> <span class='ocrx_word' id='word_1_219' title='bbox 2925 490 3016 541; x_wconf 82' lang='grc' dir='ltr'><strong>τὸν</strong></span> <span class='ocrx_word' id='word_1_220' title='bbox 3045 489 3249 558; x_wconf 75' lang='grc' dir='ltr'>ἕτερον.</span> 
     </span>
    </p>
   </div>
   <div class='ocr_carea' id='block_1_34' title="bbox 2815 603 3016 655">
    <p class='ocr_par' dir='ltr' id='par_1_34' title="bbox 2815 603 3016 655">
     <span class='ocr_line' id='line_1_34' title="bbox 2815 603 3016 655; baseline 0.005 -1"><span class='ocrx_word' id='word_1_221' title='bbox 2815 603 3016 655; x_wconf 75' lang='lat' dir='ltr'><strong>AAAO.</strong></span> 
     </span>
    </p>
   </div>
   <div class='ocr_carea' id='block_1_35' title="bbox 2209 708 3623 785">
    <p class='ocr_par' dir='ltr' id='par_1_35' title="bbox 2209 708 3623 785">
     <span class='ocr_line' id='line_1_35' title="bbox 2209 708 3623 785; baseline 0 -23"><span class='ocrx_word' id='word_1_222' title='bbox 2209 710 2425 779; x_wconf 71' lang='grc' dir='ltr'>Δόγμα,</span> <span class='ocrx_word' id='word_1_223' title='bbox 2459 711 2540 777; x_wconf 88' lang='grc' dir='ltr'><strong>ώς</strong></span> <span class='ocrx_word' id='word_1_224' title='bbox 2564 711 2631 775; x_wconf 79' lang='grc' dir='ltr'><strong>ἐξ</strong></span> <span class='ocrx_word' id='word_1_225' title='bbox 2663 711 3016 785; x_wconf 70' lang='grc' dir='ltr'><strong>ἀντιθέσεως</strong></span> <span class='ocrx_word' id='word_1_226' title='bbox 3043 708 3160 762; x_wconf 78' lang='grc' dir='ltr'><strong>τῶν</strong></span> <span class='ocrx_word' id='word_1_227' title='bbox 3190 708 3623 778; x_wconf 79' lang='grc' dir='ltr'>χριστομάχων.</span> 
     </span>
    </p>
   </div>
   <div class='ocr_carea' id='block_1_36' title="bbox 2206 821 3712 895">
    <p class='ocr_par' dir='ltr' id='par_1_36' title="bbox 2206 821 3712 895">
     <span class='ocr_line' id='line_1_36' title="bbox 2206 821 3712 895; baseline -0.001 -20"><span class='ocrx_word' id='word_1_228' title='bbox 2206 823 2276 875; x_wconf 83' lang='grc' dir='ltr'><strong>Ὀ</strong></span> <span class='ocrx_word' id='word_1_229' title='bbox 2298 823 2505 895; x_wconf 77' lang='grc' dir='ltr'>Πατὴρ,</span> <span class='ocrx_word' id='word_1_230' title='bbox 2540 824 2724 892; x_wconf 65' lang='grc' dir='ltr'>φασιν,</span> <span class='ocrx_word' id='word_1_231' title='bbox 2754 826 2810 876; x_wconf 79' lang='grc' dir='ltr'><strong>ὲν</strong></span> <span class='ocrx_word' id='word_1_232' title='bbox 2852 823 2929 893; x_wconf 80' lang='grc' dir='ltr'>τῷ</span> <span class='ocrx_word' id='word_1_233' title='bbox 2967 822 3101 893; x_wconf 78' lang='grc' dir='ltr'>Υἱῷ,</span> <span class='ocrx_word' id='word_1_234' title='bbox 3131 823 3225 875; x_wconf 73' lang='grc' dir='ltr'>καὶ</span> <span class='ocrx_word' id='word_1_235' title='bbox 3262 822 3290 873; x_wconf 98' lang='lat'><strong>6</strong></span> <span class='ocrx_word' id='word_1_236' title='bbox 3322 821 3447 883; x_wconf 82' lang='grc' dir='ltr'>Υἱός</span> <span class='ocrx_word' id='word_1_237' title='bbox 3479 822 3625 873; x_wconf 77' lang='grc' dir='ltr'>ἐστιν</span> <span class='ocrx_word' id='word_1_238' title='bbox 3654 824 3712 874; x_wconf 83' lang='grc' dir='ltr'>ὲν</span> 
     </span>
    </p>
   </div>
   <div class='ocr_carea' id='block_1_37' title="bbox 2124 911 3709 985">
    <p class='ocr_par' dir='ltr' id='par_1_37' title="bbox 2124 911 3709 985">
     <span class='ocr_line' id='line_1_37' title="bbox 2124 911 3709 985; baseline -0.002 -19"><span class='ocrx_word' id='word_1_239' title='bbox 2124 913 2214 983; x_wconf 84' lang='grc' dir='ltr'>τῷ.</span> <span class='ocrx_word' id='word_1_240' title='bbox 2240 915 2444 985; x_wconf 81' lang='grc' dir='ltr'>Πατρὶ,</span> <span class='ocrx_word' id='word_1_241' title='bbox 2490 916 2631 968; x_wconf 62' lang='grc' dir='ltr'>κατὰ</span> <span class='ocrx_word' id='word_1_242' title='bbox 2665 915 2781 968; x_wconf 85' lang='grc' dir='ltr'>τόδε</span> <span class='ocrx_word' id='word_1_243' title='bbox 2816 915 2877 967; x_wconf 75' lang='grc' dir='ltr'><strong>τὸ</strong></span> <span class='ocrx_word' id='word_1_244' title='bbox 2925 918 3133 984; x_wconf 79' lang='grc' dir='ltr'>σχῆμα.</span> <span class='ocrx_word' id='word_1_245' title='bbox 3172 912 3393 982; x_wconf 82' lang='grc' dir='ltr'><strong>Ἐπειδὴ</strong></span> <span class='ocrx_word' id='word_1_246' title='bbox 3440 911 3547 983; x_wconf 86' lang='grc' dir='ltr'>γὰρ</span> <span class='ocrx_word' id='word_1_247' title='bbox 3590 912 3709 964; x_wconf 56' lang='lat' dir='ltr'><strong>aut”</strong></span> 
     </span>
    </p>
   </div>
   <div class='ocr_carea' id='block_1_38' title="bbox 2124 1003 3716 1077">
    <p class='ocr_par' dir='ltr' id='par_1_38' title="bbox 2124 1003 3716 1077">
     <span class='ocr_line' id='line_1_38' title="bbox 2124 1003 3716 1077; baseline -0.003 -18"><span class='ocrx_word' id='word_1_248' title='bbox 2124 1006 2314 1059; x_wconf 79' lang='grc' dir='ltr'>οὐδένα</span> <span class='ocrx_word' id='word_1_249' title='bbox 2359 1008 2561 1077; x_wconf 85' lang='grc' dir='ltr'>τρόπον</span> <span class='ocrx_word' id='word_1_250' title='bbox 2595 1005 2952 1075; x_wconf 76' lang='grc' dir='ltr'><strong>διαφωνοῦσιν</strong></span> <span class='ocrx_word' id='word_1_251' title='bbox 3001 1008 3057 1057; x_wconf 80' lang='grc' dir='ltr'><strong>ἐν</strong></span> <span class='ocrx_word' id='word_1_252' title='bbox 3095 1008 3207 1067; x_wconf 73' lang='grc' dir='ltr'>τοῖς</span> <span class='ocrx_word' id='word_1_253' title='bbox 3254 1004 3540 1073; x_wconf 82' lang='grc' dir='ltr'>κρίμασιν,</span> <span class='ocrx_word' id='word_1_254' title='bbox 3582 1003 3614 1073; x_wconf 81' lang='grc' dir='ltr'><strong>ἢ</strong></span> <span class='ocrx_word' id='word_1_255' title='bbox 3654 1004 3716 1055; x_wconf 82' lang='grc' dir='ltr'><strong>ὲν</strong></span> 
     </span>
    </p>
   </div>
   <div class='ocr_carea' id='block_1_39' title="bbox 2124 1092 3713 1165">
    <p class='ocr_par' dir='ltr' id='par_1_39' title="bbox 2124 1092 3713 1165">
     <span class='ocr_line' id='line_1_39' title="bbox 2124 1092 3713 1165; baseline -0.001 -18"><span class='ocrx_word' id='word_1_256' title='bbox 2124 1097 2240 1157; x_wconf 83' lang='grc' dir='ltr'>τοῖς</span> <span class='ocrx_word' id='word_1_257' title='bbox 2281 1096 2567 1165; x_wconf 78' lang='grc' dir='ltr'>νοήμασιν,</span> <span class='ocrx_word' id='word_1_258' title='bbox 2601 1096 2718 1150; x_wconf 80' lang='grc' dir='ltr'>ἀλλ’</span> <span class='ocrx_word' id='word_1_259' title='bbox 2744 1095 2887 1164; x_wconf 59' lang='lat' dir='ltr'><strong>amp</strong></span> <span class='ocrx_word' id='word_1_260' title='bbox 2918 1096 2983 1148; x_wconf 82' lang='grc' dir='ltr'><strong>ἂν</strong></span> <span class='ocrx_word' id='word_1_261' title='bbox 3015 1096 3042 1147; x_wconf 89' lang='lat'><strong>6</strong></span> <span class='ocrx_word' id='word_1_262' title='bbox 3077 1095 3264 1164; x_wconf 73' lang='grc' dir='ltr'>Πατὴρ</span> <span class='ocrx_word' id='word_1_263' title='bbox 3306 1092 3583 1162; x_wconf 79' lang='grc' dir='ltr'>βούληται,</span> <span class='ocrx_word' id='word_1_264' title='bbox 3617 1094 3713 1146; x_wconf 73' lang='grc' dir='ltr'>καὶ</span> 
     </span>
    </p>
   </div>
   <div class='ocr_carea' id='block_1_40' title="bbox 2126 1182 3708 1255">
    <p class='ocr_par' dir='ltr' id='par_1_40' title="bbox 2126 1182 3708 1255">
     <span class='ocr_line' id='line_1_40' title="bbox 2126 1182 3708 1255; baseline -0.002 -18"><span class='ocrx_word' id='word_1_265' title='bbox 2126 1186 2156 1237; x_wconf 92' lang='lat'><strong>6</strong></span> <span class='ocrx_word' id='word_1_266' title='bbox 2195 1185 2325 1248; x_wconf 75' lang='grc' dir='ltr'>Υἱὸς</span> <span class='ocrx_word' id='word_1_267' title='bbox 2369 1185 2574 1248; x_wconf 83' lang='grc' dir='ltr'>ταῦτα,</span> <span class='ocrx_word' id='word_1_268' title='bbox 2610 1186 2707 1239; x_wconf 76' lang='grc' dir='ltr'>καὶ</span> <span class='ocrx_word' id='word_1_269' title='bbox 2746 1185 2907 1239; x_wconf 79' lang='grc' dir='ltr'>πάλιν</span> <span class='ocrx_word' id='word_1_270' title='bbox 2942 1184 3084 1255; x_wconf 75' lang='grc' dir='ltr'>ἅπερ</span> <span class='ocrx_word' id='word_1_271' title='bbox 3120 1184 3186 1236; x_wconf 83' lang='grc' dir='ltr'><strong>ἂν</strong></span> <span class='ocrx_word' id='word_1_272' title='bbox 3212 1187 3239 1236; x_wconf 85' lang='grc' dir='ltr'>ὁ</span> <span class='ocrx_word' id='word_1_273' title='bbox 3278 1184 3406 1245; x_wconf 63' lang='grc' dir='ltr'>Υἱός</span> <span class='ocrx_word' id='word_1_274' title='bbox 3444 1182 3708 1255; x_wconf 74' lang='grc' dir='ltr'>ἐθελήσῃ,</span> 
     </span>
    </p>
   </div>
   <div class='ocr_carea' id='block_1_41' title="bbox 2126 1274 3716 1348">
    <p class='ocr_par' dir='ltr' id='par_1_41' title="bbox 2126 1274 3716 1348">
     <span class='ocr_line' id='line_1_41' title="bbox 2126 1274 3716 1348; baseline 0 -20"><span class='ocrx_word' id='word_1_275' title='bbox 2126 1274 2301 1328; x_wconf 84' lang='grc' dir='ltr'>ταῦτα</span> <span class='ocrx_word' id='word_1_276' title='bbox 2343 1278 2437 1329; x_wconf 74' lang='grc' dir='ltr'><strong>καὶ</strong></span> <span class='ocrx_word' id='word_1_277' title='bbox 2462 1278 2490 1329; x_wconf 89' lang='lat'><strong>6</strong></span> <span class='ocrx_word' id='word_1_278' title='bbox 2525 1276 2736 1348; x_wconf 81' lang='grc' dir='ltr'>Πατὴρ,</span> <span class='ocrx_word' id='word_1_279' title='bbox 2775 1276 2869 1330; x_wconf 78' lang='grc' dir='ltr'><strong>καὶ</strong></span> <span class='ocrx_word' id='word_1_280' title='bbox 2901 1276 3186 1347; x_wconf 66' lang='grc' dir='ltr'>συμφωνία</span> <span class='ocrx_word' id='word_1_281' title='bbox 3217 1292 3300 1338; x_wconf 86' lang='grc' dir='ltr'><strong>τις</strong></span> <span class='ocrx_word' id='word_1_282' title='bbox 3329 1276 3422 1328; x_wconf 62' lang='grc' dir='ltr'><strong>καὶ⁵</strong></span> <span class='ocrx_word' id='word_1_283' title='bbox 3449 1276 3716 1345; x_wconf 77' lang='grc' dir='ltr'><strong>ταυτότης</strong></span> 
     </span>
    </p>
   </div>
   <div class='ocr_carea' id='block_1_42' title="bbox 2130 1363 3716 1437">
    <p class='ocr_par' dir='ltr' id='par_1_42' title="bbox 2130 1363 3716 1437">
     <span class='ocr_line' id='line_1_42' title="bbox 2130 1363 3716 1437; baseline 0.003 -21"><span class='ocrx_word' id='word_1_284' title='bbox 2130 1363 2449 1435; x_wconf 77' lang='grc' dir='ltr'>θελημάτων</span> <span class='ocrx_word' id='word_1_285' title='bbox 2492 1368 2588 1419; x_wconf 70' lang='grc' dir='ltr'>καὶ</span> <span class='ocrx_word' id='word_1_286' title='bbox 2630 1365 2855 1437; x_wconf 80' lang='grc' dir='ltr'><strong>γνώμης</strong></span> <span class='ocrx_word' id='word_1_287' title='bbox 2905 1368 2963 1418; x_wconf 81' lang='grc' dir='ltr'>ὲν</span> <span class='ocrx_word' id='word_1_288' title='bbox 3018 1367 3203 1428; x_wconf 82' lang='grc' dir='ltr'>αὐτοῖς</span> <span class='ocrx_word' id='word_1_289' title='bbox 3248 1367 3524 1434; x_wconf 80' lang='grc' dir='ltr'>φαίνεται,</span> <span class='ocrx_word' id='word_1_290' title='bbox 3575 1366 3716 1422; x_wconf 75' lang='grc' dir='ltr'>κατὰ</span> 
     </span>
    </p>
   </div>
   <div class='ocr_carea' id='block_1_43' title="bbox 2128 1454 3520 1530">
    <p class='ocr_par' dir='ltr' id='par_1_43' title="bbox 2128 1454 3520 1530">
     <span class='ocr_line' id='line_1_43' title="bbox 2128 1454 3520 1530; baseline 0.001 -21"><span class='ocrx_word' id='word_1_291' title='bbox 2128 1454 2285 1511; x_wconf 88' lang='grc' dir='ltr'>τοῦτο</span> <span class='ocrx_word' id='word_1_292' title='bbox 2315 1456 2505 1530; x_wconf 78' lang='grc' dir='ltr'>Πατὴρ</span> <span class='ocrx_word' id='word_1_293' title='bbox 2533 1457 2755 1529; x_wconf 26' lang='lat' dir='ltr'><strong>ivi-Titii,</strong></span> <span class='ocrx_word' id='word_1_294' title='bbox 2784 1457 2879 1510; x_wconf 71' lang='grc' dir='ltr'>καὶ</span> <span class='ocrx_word' id='word_1_295' title='bbox 2907 1457 3037 1521; x_wconf 83' lang='grc' dir='ltr'>Υἱός</span> <span class='ocrx_word' id='word_1_296' title='bbox 3070 1458 3216 1510; x_wconf 77' lang='grc' dir='ltr'>ἐστιν</span> <span class='ocrx_word' id='word_1_297' title='bbox 3243 1458 3299 1508; x_wconf 84' lang='grc' dir='ltr'><strong>ὲν</strong></span> <span class='ocrx_word' id='word_1_298' title='bbox 3330 1457 3520 1530; x_wconf 80' lang='grc' dir='ltr'>Πατρί.</span> 
     </span>
    </p>
   </div>
   <div class='ocr_carea' id='block_1_44' title="bbox 2627 1567 3224 1634">
    <p class='ocr_par' dir='ltr' id='par_1_44' title="bbox 2627 1567 3224 1634">
     <span class='ocr_line' id='line_1_44' title="bbox 2627 1567 3224 1634; baseline 0.002 -14"><span class='ocrx_word' id='word_1_299' title='bbox 2627 1567 2782 1634; x_wconf 81' lang='grc' dir='ltr'>Πρὸς</span> <span class='ocrx_word' id='word_1_300' title='bbox 2813 1567 2989 1621; x_wconf 82' lang='grc' dir='ltr'>τοῦτο</span> <span class='ocrx_word' id='word_1_301' title='bbox 3020 1567 3224 1631; x_wconf 75' lang='grc' dir='ltr'>λύσις.</span> 
     </span>
    </p>
   </div>
   <div class='ocr_carea' id='block_1_45' title="bbox 2212 1674 3717 1749">
    <p class='ocr_par' dir='ltr' id='par_1_45' title="bbox 2212 1674 3717 1749">
     <span class='ocr_line' id='line_1_45' title="bbox 2212 1674 3717 1749; baseline -0.001 -18"><span class='ocrx_word' id='word_1_302' title='bbox 2212 1674 2447 1749; x_wconf 74' lang='grc' dir='ltr'>’Λρόὐν</span> <span class='ocrx_word' id='word_1_303' title='bbox 2482 1678 2696 1743; x_wconf 75' lang='grc' dir='ltr'>ἐξέσται</span> <span class='ocrx_word' id='word_1_304' title='bbox 2732 1679 2826 1733; x_wconf 71' lang='grc' dir='ltr'>καὶ</span> <span class='ocrx_word' id='word_1_305' title='bbox 2864 1678 3119 1745; x_wconf 75' lang='grc' dir='ltr'><strong>ἀγγέλοις</strong></span> <span class='ocrx_word' id='word_1_306' title='bbox 3147 1678 3180 1747; x_wconf 81' lang='grc' dir='ltr'><strong>ἢ</strong></span> <span class='ocrx_word' id='word_1_307' title='bbox 3220 1678 3317 1730; x_wconf 73' lang='grc' dir='ltr'><strong>καὶ</strong></span> <span class='ocrx_word' id='word_1_308' title='bbox 3351 1677 3535 1739; x_wconf 80' lang='grc' dir='ltr'>ἄλλαις</span> <span class='ocrx_word' id='word_1_309' title='bbox 3565 1678 3717 1745; x_wconf 87' lang='grc' dir='ltr'>λογι-</span> 
     </span>
    </p>
   </div>
   <div class='ocr_carea' id='block_1_46' title="bbox 2136 1763 3717 1840">
    <p class='ocr_par' dir='ltr' id='par_1_46' title="bbox 2136 1763 3717 1840">
     <span class='ocr_line' id='line_1_46' title="bbox 2136 1763 3717 1840; baseline -0.002 -16"><span class='ocrx_word' id='word_1_310' title='bbox 2136 1773 2258 1832; x_wconf 83' lang='grc' dir='ltr'>καῖς</span> <span class='ocrx_word' id='word_1_311' title='bbox 2282 1770 2563 1840; x_wconf 80' lang='grc' dir='ltr'>δυνάμεσι,</span> <span class='ocrx_word' id='word_1_312' title='bbox 2597 1772 2724 1840; x_wconf 70' lang='grc' dir='ltr'>περὶ</span> <span class='ocrx_word' id='word_1_313' title='bbox 2747 1763 2905 1824; x_wconf 79' lang='grc' dir='ltr'>ὧν-ὲν</span> <span class='ocrx_word' id='word_1_314' title='bbox 2936 1770 3186 1839; x_wconf 79' lang='grc' dir='ltr'>Ψαλμοῖς</span> <span class='ocrx_word' id='word_1_315' title='bbox 3214 1771 3428 1840; x_wconf 76' lang='grc' dir='ltr'>εἴρηται</span> <span class='ocrx_word' id='word_1_316' title='bbox 3449 1786 3461 1797; x_wconf 87' lang='grc'><strong>·</strong></span> <span class='ocrx_word' id='word_1_317' title='bbox 3504 1790 3520 1819; x_wconf 75' lang='grc' dir='ltr'><strong>ι</strong></span> <span class='ocrx_word' id='word_1_318' title='bbox 3553 1770 3717 1821; x_wconf 79' lang='grc' dir='ltr'>Εὐλο-</span> 
     </span>
    </p>
   </div>
   <div class='ocr_carea' id='block_1_47' title="bbox 2134 1859 3722 1930">
    <p class='ocr_par' dir='ltr' id='par_1_47' title="bbox 2134 1859 3722 1930">
     <span class='ocr_line' id='line_1_47' title="bbox 2134 1859 3722 1930; baseline -0.001 -18"><span class='ocrx_word' id='word_1_319' title='bbox 2134 1862 2279 1927; x_wconf 83' lang='grc' dir='ltr'>γεῖτε</span> <span class='ocrx_word' id='word_1_320' title='bbox 2297 1859 2385 1912; x_wconf 75' lang='grc' dir='ltr'><strong>τὸν</strong></span> <span class='ocrx_word' id='word_1_321' title='bbox 2407 1860 2629 1930; x_wconf 82' lang='grc' dir='ltr'>Κύριον,</span> <span class='ocrx_word' id='word_1_322' title='bbox 2657 1860 2855 1923; x_wconf 76' lang='grc' dir='ltr'>πάντες</span> <span class='ocrx_word' id='word_1_323' title='bbox 2879 1861 2927 1914; x_wconf 77' lang='grc' dir='ltr'>οἱ</span> <span class='ocrx_word' id='word_1_324' title='bbox 2955 1862 3171 1928; x_wconf 73' lang='grc' dir='ltr'>ἄγγελοι</span> <span class='ocrx_word' id='word_1_325' title='bbox 3198 1860 3384 1921; x_wconf 87' lang='grc' dir='ltr'>αὐτοῦ,</span> <span class='ocrx_word' id='word_1_326' title='bbox 3411 1859 3722 1929; x_wconf 76' lang='grc' dir='ltr'>λειτουργοὶ</span> 
     </span>
    </p>
   </div>
   <div class='ocr_carea' id='block_1_48' title="bbox 2135 1949 3718 2023">
    <p class='ocr_par' dir='ltr' id='par_1_48' title="bbox 2135 1949 3718 2023">
     <span class='ocr_line' id='line_1_48' title="bbox 2135 1949 3718 2023; baseline -0.003 -18"><span class='ocrx_word' id='word_1_327' title='bbox 2135 1949 2301 2006; x_wconf 83' lang='grc' dir='ltr'>αὐτοῦ</span> <span class='ocrx_word' id='word_1_328' title='bbox 2345 1950 2624 2015; x_wconf 86' lang='grc' dir='ltr'>ποιοῦντες</span> <span class='ocrx_word' id='word_1_329' title='bbox 2670 1953 2732 2006; x_wconf 79' lang='grc' dir='ltr'><strong>τὸ</strong></span> <span class='ocrx_word' id='word_1_330' title='bbox 2763 1952 2979 2023; x_wconf 79' lang='grc' dir='ltr'>θέλημα</span> <span class='ocrx_word' id='word_1_331' title='bbox 3021 1950 3209 2015; x_wconf 80' lang='grc' dir='ltr'>αὐτοῦ,</span> <span class='ocrx_word' id='word_1_332' title='bbox 3242 1969 3259 2001; x_wconf 76' lang='grc' dir='ltr'><strong>ι</strong></span> <span class='ocrx_word' id='word_1_333' title='bbox 3312 1952 3430 2013; x_wconf 86' lang='grc' dir='ltr'>ταῖς</span> <span class='ocrx_word' id='word_1_334' title='bbox 3462 1949 3554 2003; x_wconf 78' lang='grc' dir='ltr'><strong>τοῦ</strong></span> <span class='ocrx_word' id='word_1_335' title='bbox 3603 1951 3718 2002; x_wconf 83' lang='grc' dir='ltr'><strong>Σω-</strong></span> 
     </span>
    </p>
   </div>
   <div class='ocr_carea' id='block_1_49' title="bbox 2134 2040 3721 2112">
    <p class='ocr_par' dir='ltr' id='par_1_49' title="bbox 2134 2040 3721 2112">
     <span class='ocr_line' id='line_1_49' title="bbox 2134 2040 3721 2112; baseline -0.001 -20"><span class='ocrx_word' id='word_1_336' title='bbox 2134 2040 2299 2109; x_wconf 82' lang='grc' dir='ltr'>τῆρος</span> <span class='ocrx_word' id='word_1_337' title='bbox 2326 2040 2626 2112; x_wconf 81' lang='grc' dir='ltr'>κεχρῆσθαι</span> <span class='ocrx_word' id='word_1_338' title='bbox 2661 2046 2881 2111; x_wconf 85' lang='grc' dir='ltr'>φωναῖς,</span> <span class='ocrx_word' id='word_1_339' title='bbox 2904 2041 2976 2105; x_wconf 78' lang='grc' dir='ltr'>ὼς</span> <span class='ocrx_word' id='word_1_340' title='bbox 3008 2040 3237 2096; x_wconf 77' lang='grc' dir='ltr'>ἕκαστον</span> <span class='ocrx_word' id='word_1_341' title='bbox 3270 2042 3443 2093; x_wconf 82' lang='grc' dir='ltr'>εἰπεῖν</span> <span class='ocrx_word' id='word_1_342' title='bbox 3465 2060 3477 2071; x_wconf 91' lang='grc'><strong>·</strong></span> <span class='ocrx_word' id='word_1_343' title='bbox 3519 2059 3539 2091; x_wconf 78' lang='grc' dir='ltr'><strong>ι</strong></span> <span class='ocrx_word' id='word_1_344' title='bbox 3579 2040 3721 2109; x_wconf 73' lang='grc' dir='ltr'><strong>Ἐγὼ</strong></span> 
     </span>
    </p>
   </div>
   <div class='ocr_carea' id='block_1_50' title="bbox 2136 2129 3719 2201">
    <p class='ocr_par' dir='ltr' id='par_1_50' title="bbox 2136 2129 3719 2201">
     <span class='ocr_line' id='line_1_50' title="bbox 2136 2129 3719 2201; baseline 0.001 -20"><span class='ocrx_word' id='word_1_345' title='bbox 2136 2130 2193 2181; x_wconf 81' lang='grc' dir='ltr'>ὲν</span> <span class='ocrx_word' id='word_1_346' title='bbox 2222 2129 2301 2201; x_wconf 81' lang='grc' dir='ltr'>τῷ</span> <span class='ocrx_word' id='word_1_347' title='bbox 2329 2130 2522 2201; x_wconf 76' lang='grc' dir='ltr'>Πατρὶ,</span> <span class='ocrx_word' id='word_1_348' title='bbox 2565 2133 2657 2185; x_wconf 67' lang='grc' dir='ltr'><strong>καὶ</strong></span> <span class='ocrx_word' id='word_1_349' title='bbox 2692 2135 2719 2186; x_wconf 90' lang='lat'><strong>6</strong></span> <span class='ocrx_word' id='word_1_350' title='bbox 2754 2133 2944 2200; x_wconf 79' lang='grc' dir='ltr'>Πατὴρ</span> <span class='ocrx_word' id='word_1_351' title='bbox 2988 2133 3045 2183; x_wconf 76' lang='grc' dir='ltr'>ἐν</span> <span class='ocrx_word' id='word_1_352' title='bbox 3088 2130 3245 2200; x_wconf 73' lang='grc' dir='ltr'>ἐμοὶ,</span> <span class='ocrx_word' id='word_1_353' title='bbox 3273 2150 3291 2183; x_wconf 78' lang='grc' dir='ltr'><strong>ι</strong></span> <span class='ocrx_word' id='word_1_354' title='bbox 3339 2132 3433 2183; x_wconf 76' lang='grc' dir='ltr'>καὶ</span> <span class='ocrx_word' id='word_1_355' title='bbox 3468 2150 3485 2180; x_wconf 81' lang='grc' dir='ltr'><strong>ι</strong></span> <span class='ocrx_word' id='word_1_356' title='bbox 3543 2132 3719 2185; x_wconf 71' lang='grc' dir='ltr'>Οὲω-</span> 
     </span>
    </p>
   </div>
   <div class='ocr_carea' id='block_1_51' title="bbox 2138 2221 3723 2294">
    <p class='ocr_par' dir='ltr' id='par_1_51' title="bbox 2138 2221 3723 2294">
     <span class='ocr_line' id='line_1_51' title="bbox 2138 2221 3723 2294; baseline -0.001 -21"><span class='ocrx_word' id='word_1_357' title='bbox 2138 2221 2322 2291; x_wconf 80' lang='grc' dir='ltr'>ρακὼς</span> <span class='ocrx_word' id='word_1_358' title='bbox 2354 2222 2485 2293; x_wconf 75' lang='grc' dir='ltr'>ἐμὲ,</span> <span class='ocrx_word' id='word_1_359' title='bbox 2518 2222 2731 2294; x_wconf 83' lang='grc' dir='ltr'>ἑώρακε</span> <span class='ocrx_word' id='word_1_360' title='bbox 2765 2223 2856 2275; x_wconf 75' lang='grc' dir='ltr'><strong>τὸν</strong></span> <span class='ocrx_word' id='word_1_361' title='bbox 2885 2223 3121 2292; x_wconf 77' lang='grc' dir='ltr'><strong>Πατέρα.</strong></span> <span class='ocrx_word' id='word_1_362' title='bbox 3146 2241 3165 2274; x_wconf 73' lang='grc' dir='ltr'><strong>ι</strong></span> <span class='ocrx_word' id='word_1_363' title='bbox 3216 2222 3409 2275; x_wconf 80' lang='grc' dir='ltr'>Καίτοι</span> <span class='ocrx_word' id='word_1_364' title='bbox 3450 2222 3609 2274; x_wconf 79' lang='grc' dir='ltr'>παντί</span> <span class='ocrx_word' id='word_1_365' title='bbox 3642 2239 3723 2290; x_wconf 82' lang='grc' dir='ltr'>τῳ</span> 
     </span>
    </p>
   </div>
   <div class='ocr_carea' id='block_1_52' title="bbox 2134 2310 3723 2383">
    <p class='ocr_par' dir='ltr' id='par_1_52' title="bbox 2134 2310 3723 2383">
     <span class='ocr_line' id='line_1_52' title="bbox 2134 2310 3723 2383; baseline 0.001 -21"><span class='ocrx_word' id='word_1_366' title='bbox 2134 2310 2310 2381; x_wconf 84' lang='grc' dir='ltr'>δῆλον,</span> <span class='ocrx_word' id='word_1_367' title='bbox 2348 2313 2430 2365; x_wconf 84' lang='grc' dir='ltr'>ὃτι</span> <span class='ocrx_word' id='word_1_368' title='bbox 2458 2314 2640 2367; x_wconf 84' lang='grc' dir='ltr'>πάντα</span> <span class='ocrx_word' id='word_1_369' title='bbox 2664 2314 2764 2367; x_wconf 83' lang='grc' dir='ltr'>ὅσα</span> <span class='ocrx_word' id='word_1_370' title='bbox 2801 2314 3050 2383; x_wconf 75' lang='grc' dir='ltr'>βούλεται</span> <span class='ocrx_word' id='word_1_371' title='bbox 3082 2312 3245 2376; x_wconf 77' lang='grc' dir='ltr'>Θεὸς,</span> <span class='ocrx_word' id='word_1_372' title='bbox 3287 2311 3460 2367; x_wconf 84' lang='grc' dir='ltr'>ταῦτα</span> <span class='ocrx_word' id='word_1_373' title='bbox 3504 2314 3723 2376; x_wconf 80' lang='grc' dir='ltr'>πάντως</span> 
     </span>
    </p>
   </div>
   <div class='ocr_carea' id='block_1_53' title="bbox 2135 2401 3721 2476">
    <p class='ocr_par' dir='ltr' id='par_1_53' title="bbox 2135 2401 3721 2476">
     <span class='ocr_line' id='line_1_53' title="bbox 2135 2401 3721 2476; baseline 0.003 -24"><span class='ocrx_word' id='word_1_374' title='bbox 2135 2401 2230 2453; x_wconf 70' lang='grc' dir='ltr'>καὶ</span> <span class='ocrx_word' id='word_1_375' title='bbox 2255 2402 2509 2471; x_wconf 74' lang='grc' dir='ltr'>’Ἄγγελοι</span> <span class='ocrx_word' id='word_1_376' title='bbox 2538 2402 2838 2473; x_wconf 76' lang='grc' dir='ltr'>βούλονται,</span> <span class='ocrx_word' id='word_1_377' title='bbox 2865 2405 2960 2457; x_wconf 73' lang='grc' dir='ltr'>καὶ</span> <span class='ocrx_word' id='word_1_378' title='bbox 2989 2404 3364 2476; x_wconf 81' lang='grc' dir='ltr'>Ἀρχάγγελοι,</span> <span class='ocrx_word' id='word_1_379' title='bbox 3393 2404 3485 2456; x_wconf 72' lang='grc' dir='ltr'><strong>καὶ</strong></span> <span class='ocrx_word' id='word_1_380' title='bbox 3508 2403 3721 2472; x_wconf 84' lang='grc' dir='ltr'>Θρόνοι,</span> 
     </span>
    </p>
   </div>
   <div class='ocr_carea' id='block_1_54' title="bbox 2136 2489 3724 2561">
    <p class='ocr_par' dir='ltr' id='par_1_54' title="bbox 2136 2489 3724 2561">
     <span class='ocr_line' id='line_1_54' title="bbox 2136 2489 3724 2561; baseline 0.001 -19"><span class='ocrx_word' id='word_1_381' title='bbox 2136 2489 2231 2542; x_wconf 76' lang='grc' dir='ltr'>καὶ</span> <span class='ocrx_word' id='word_1_382' title='bbox 2279 2491 2647 2561; x_wconf 72' lang='grc' dir='ltr'>κυριότητες,</span> <span class='ocrx_word' id='word_1_383' title='bbox 2693 2494 2789 2546; x_wconf 75' lang='grc' dir='ltr'><strong>καὶ</strong></span> <span class='ocrx_word' id='word_1_384' title='bbox 2827 2492 3132 2559; x_wconf 78' lang='grc' dir='ltr'>Ἒξουσίαι,</span> <span class='ocrx_word' id='word_1_385' title='bbox 3184 2493 3278 2545; x_wconf 74' lang='grc' dir='ltr'><strong>καὶ</strong></span> <span class='ocrx_word' id='word_1_386' title='bbox 3325 2492 3530 2546; x_wconf 78' lang='grc' dir='ltr'>τούτων</span> <span class='ocrx_word' id='word_1_387' title='bbox 3571 2492 3724 2544; x_wconf 76' lang='grc' dir='ltr'>οὐδὲν</span> 
     </span>
    </p>
   </div>
   <div class='ocr_carea' id='block_1_55' title="bbox 2134 2579 3720 2655">
    <p class='ocr_par' dir='ltr' id='par_1_55' title="bbox 2134 2579 3720 2655">
     <span class='ocr_line' id='line_1_55' title="bbox 2134 2579 3720 2655; baseline 0.001 -23"><span class='ocrx_word' id='word_1_388' title='bbox 2134 2579 2438 2648; x_wconf 78' lang='grc' dir='ltr'>διαφωνοῦν</span> <span class='ocrx_word' id='word_1_389' title='bbox 2479 2583 2794 2653; x_wconf 82' lang='grc' dir='ltr'>εὑρίσκεται</span> <span class='ocrx_word' id='word_1_390' title='bbox 2843 2584 2981 2654; x_wconf 79' lang='grc' dir='ltr'>πρὸς</span> <span class='ocrx_word' id='word_1_391' title='bbox 3013 2582 3110 2655; x_wconf 80' lang='grc' dir='ltr'><strong>τὴν</strong></span> <span class='ocrx_word' id='word_1_392' title='bbox 3149 2584 3299 2637; x_wconf 82' lang='grc' dir='ltr'>θείαν</span> <span class='ocrx_word' id='word_1_393' title='bbox 3342 2583 3613 2653; x_wconf 74' lang='grc' dir='ltr'>βούλησιν.</span> <span class='ocrx_word' id='word_1_394' title='bbox 3644 2584 3720 2634; x_wconf 74' lang='grc' dir='ltr'>Οὐ</span> 
     </span>
    </p>
   </div>
   <div class='ocr_carea' id='block_1_56' title="bbox 2135 2668 3722 2742">
    <p class='ocr_par' dir='ltr' id='par_1_56' title="bbox 2135 2668 3722 2742">
     <span class='ocr_line' id='line_1_56' title="bbox 2135 2668 3722 2742; baseline -0.001 -21"><span class='ocrx_word' id='word_1_395' title='bbox 2135 2668 2245 2740; x_wconf 86' lang='grc' dir='ltr'>γὰρ</span> <span class='ocrx_word' id='word_1_396' title='bbox 2277 2669 2343 2723; x_wconf 81' lang='grc' dir='ltr'><strong>ἂν</strong></span> <span class='ocrx_word' id='word_1_397' title='bbox 2374 2670 2588 2740; x_wconf 77' lang='grc' dir='ltr'>ἔμεινεν</span> <span class='ocrx_word' id='word_1_398' title='bbox 2614 2673 2670 2723; x_wconf 79' lang='grc' dir='ltr'>ὲν</span> <span class='ocrx_word' id='word_1_399' title='bbox 2695 2673 2763 2742; x_wconf 76' lang='grc' dir='ltr'>τῇ</span> <span class='ocrx_word' id='word_1_400' title='bbox 2790 2672 2967 2741; x_wconf 71' lang='grc' dir='ltr'>οἰκεία</span> <span class='ocrx_word' id='word_1_401' title='bbox 3001 2673 3172 2738; x_wconf 82' lang='grc' dir='ltr'>τάξει,</span> <span class='ocrx_word' id='word_1_402' title='bbox 3210 2672 3285 2741; x_wconf 81' lang='grc' dir='ltr'>μὴ</span> <span class='ocrx_word' id='word_1_403' title='bbox 3315 2670 3501 2722; x_wconf 81' lang='grc' dir='ltr'>τοῦτον</span> <span class='ocrx_word' id='word_1_404' title='bbox 3531 2669 3722 2738; x_wconf 67' lang='grc' dir='ltr'>ἔχοντα</span> 
     </span>
    </p>
   </div>
   <div class='ocr_carea' id='block_1_57' title="bbox 2136 2758 3725 2832">
    <p class='ocr_par' dir='ltr' id='par_1_57' title="bbox 2136 2758 3725 2832">
     <span class='ocr_line' id='line_1_57' title="bbox 2136 2758 3725 2832; baseline -0.002 -20"><span class='ocrx_word' id='word_1_405' title='bbox 2136 2760 2227 2813; x_wconf 82' lang='grc' dir='ltr'><strong>τὸν</strong></span> <span class='ocrx_word' id='word_1_406' title='bbox 2256 2761 2476 2813; x_wconf 87' lang='grc' dir='ltr'>σκοπόν.</span> <span class='ocrx_word' id='word_1_407' title='bbox 2514 2761 2573 2814; x_wconf 87' lang='grc' dir='ltr'>Ὁ</span> <span class='ocrx_word' id='word_1_408' title='bbox 2611 2760 2719 2830; x_wconf 77' lang='grc' dir='ltr'>γὰρ</span> <span class='ocrx_word' id='word_1_409' title='bbox 2748 2762 2938 2832; x_wconf 80' lang='grc' dir='ltr'>’ἐτερόν</span> <span class='ocrx_word' id='word_1_410' title='bbox 2976 2779 3028 2813; x_wconf 85' lang='grc' dir='ltr'><strong>τι</strong></span> <span class='ocrx_word' id='word_1_411' title='bbox 3064 2760 3214 2831; x_wconf 84' lang='grc' dir='ltr'>παρὰ</span> <span class='ocrx_word' id='word_1_412' title='bbox 3250 2760 3311 2812; x_wconf 81' lang='grc' dir='ltr'><strong>τὸ</strong></span> <span class='ocrx_word' id='word_1_413' title='bbox 3337 2759 3430 2812; x_wconf 84' lang='grc' dir='ltr'><strong>τοῦ</strong></span> <span class='ocrx_word' id='word_1_414' title='bbox 3458 2758 3592 2811; x_wconf 83' lang='grc' dir='ltr'>Θεοῦ</span> <span class='ocrx_word' id='word_1_415' title='bbox 3635 2758 3725 2809; x_wconf 73' lang='grc' dir='ltr'><strong>θέο</strong></span> 
     </span>
    </p>
   </div>
   <div class='ocr_carea' id='block_1_58' title="bbox 2137 2848 3720 2921">
    <p class='ocr_par' dir='ltr' id='par_1_58' title="bbox 2137 2848 3720 2921">
     <span class='ocr_line' id='line_1_58' title="bbox 2137 2848 3720 2921; baseline 0 -21"><span class='ocrx_word' id='word_1_416' title='bbox 2137 2850 2283 2918; x_wconf 89' lang='grc' dir='ltr'>λημα</span> <span class='ocrx_word' id='word_1_417' title='bbox 2311 2851 2570 2917; x_wconf 79' lang='grc' dir='ltr'>ζητήσας,</span> <span class='ocrx_word' id='word_1_418' title='bbox 2602 2851 2832 2918; x_wconf 70' lang='grc' dir='ltr'>ἢκουσε·</span> <span class='ocrx_word' id='word_1_419' title='bbox 2865 2850 2979 2903; x_wconf 80' lang='grc' dir='ltr'>Νῦν</span> <span class='ocrx_word' id='word_1_420' title='bbox 3014 2852 3070 2903; x_wconf 79' lang='grc' dir='ltr'>δὲ</span> <span class='ocrx_word' id='word_1_421' title='bbox 3115 2853 3194 2913; x_wconf 82' lang='grc' dir='ltr'><strong>εἰς</strong></span> <span class='ocrx_word' id='word_1_422' title='bbox 3237 2850 3369 2921; x_wconf 68' lang='grc' dir='ltr'>ᾅδην</span> <span class='ocrx_word' id='word_1_423' title='bbox 3400 2848 3684 2919; x_wconf 75' lang='grc' dir='ltr'>καταϐήσῃ</span> <span class='ocrx_word' id='word_1_424' title='bbox 3704 2886 3720 2908; x_wconf 90' lang='grc'><strong>,</strong></span> 
     </span>
    </p>
   </div>
   <div class='ocr_carea' id='block_1_59' title="bbox 2136 2936 3723 3008">
    <p class='ocr_par' dir='ltr' id='par_1_59' title="bbox 2136 2936 3723 3008">
     <span class='ocr_line' id='line_1_59' title="bbox 2136 2936 3723 3008; baseline 0 -20"><span class='ocrx_word' id='word_1_425' title='bbox 2136 2936 2231 2989; x_wconf 79' lang='grc' dir='ltr'>καὶ</span> <span class='ocrx_word' id='word_1_426' title='bbox 2258 2938 2338 2999; x_wconf 76' lang='grc' dir='ltr'><strong>είς</strong></span> <span class='ocrx_word' id='word_1_427' title='bbox 2363 2936 2432 2990; x_wconf 76' lang='grc' dir='ltr'>τὰ</span> <span class='ocrx_word' id='word_1_428' title='bbox 2466 2936 2693 3007; x_wconf 76' lang='grc' dir='ltr'>θεμέλια</span> <span class='ocrx_word' id='word_1_429' title='bbox 2721 2939 2821 3007; x_wconf 71' lang='grc' dir='ltr'>τῆς</span> <span class='ocrx_word' id='word_1_430' title='bbox 2862 2940 2984 3008; x_wconf 83' lang='grc' dir='ltr'>γῆς.</span> <span class='ocrx_word' id='word_1_431' title='bbox 3028 2938 3091 2993; x_wconf 78' lang='lat' dir='ltr'><strong>Ei</strong></span> <span class='ocrx_word' id='word_1_432' title='bbox 3131 2939 3312 2991; x_wconf 82' lang='grc' dir='ltr'>τοίνυν</span> <span class='ocrx_word' id='word_1_433' title='bbox 3352 2940 3578 2992; x_wconf 74' lang='grc' dir='ltr'>ἕκαστον</span> <span class='ocrx_word' id='word_1_434' title='bbox 3609 2939 3723 2989; x_wconf 82' lang='grc' dir='ltr'>τῶν</span> 
     </span>
    </p>
   </div>
   <div class='ocr_carea' id='block_1_60' title="bbox 2136 3027 3721 3099">
    <p class='ocr_par' dir='ltr' id='par_1_60' title="bbox 2136 3027 3721 3099">
     <span class='ocr_line' id='line_1_60' title="bbox 2136 3027 3721 3099; baseline 0.001 -21"><span class='ocrx_word' id='word_1_435' title='bbox 2136 3028 2438 3097; x_wconf 68' lang='grc' dir='ltr'>εἰρημένων</span> <span class='ocrx_word' id='word_1_436' title='bbox 2462 3027 2607 3080; x_wconf 86' lang='grc' dir='ltr'>θέλει</span> <span class='ocrx_word' id='word_1_437' title='bbox 2640 3029 2863 3098; x_wconf 30' lang='grc' dir='ltr'>μὲνψὸσα</span> <span class='ocrx_word' id='word_1_438' title='bbox 2898 3029 3145 3099; x_wconf 76' lang='grc' dir='ltr'>βούλεται</span> <span class='ocrx_word' id='word_1_439' title='bbox 3174 3031 3326 3092; x_wconf 70' lang='grc' dir='ltr'>Θεὸς,</span> <span class='ocrx_word' id='word_1_440' title='bbox 3355 3030 3550 3097; x_wconf 78' lang='grc' dir='ltr'>ἕστηκε</span> <span class='ocrx_word' id='word_1_441' title='bbox 3580 3028 3625 3080; x_wconf 73' lang='grc' dir='ltr'>δ’</span> <span class='ocrx_word' id='word_1_442' title='bbox 3662 3031 3721 3080; x_wconf 83' lang='grc' dir='ltr'>ἐν</span> 
     </span>
    </p>
   </div>
   <div class='ocr_carea' id='block_1_61' title="bbox 455 3115 2031 3190">
    <p class='ocr_par' dir='ltr' id='par_1_61' title="bbox 455 3120 2023 3190">
     <span class='ocr_line' id='line_1_61' title="bbox 455 3120 2023 3190; baseline 0 -16"><span class='ocrx_word' id='word_1_443' title='bbox 455 3130 569 3185; x_wconf 89' lang='lat' dir='ltr'><strong>net,</strong></span> <span class='ocrx_word' id='word_1_444' title='bbox 607 3120 863 3190; x_wconf 89' lang='lat' dir='ltr'><strong>nullaque</strong></span> <span class='ocrx_word' id='word_1_445' title='bbox 905 3122 1121 3177; x_wconf 87' lang='lat' dir='ltr'><strong>ratione</strong></span> <span class='ocrx_word' id='word_1_446' title='bbox 1152 3121 1237 3175; x_wconf 87' lang='lat' dir='ltr'><strong>bis</strong></span> <span class='ocrx_word' id='word_1_447' title='bbox 1270 3122 1392 3177; x_wconf 82' lang='lat' dir='ltr'><strong>Filii</strong></span> <span class='ocrx_word' id='word_1_448' title='bbox 1425 3122 1605 3177; x_wconf 79' lang='lat' dir='ltr'><strong>verbis</strong></span> <span class='ocrx_word' id='word_1_449' title='bbox 1630 3131 1886 3188; x_wconf 88' lang='lat' dir='ltr'><strong>utuntur;</strong></span> <span class='ocrx_word' id='word_1_450' title='bbox 1919 3139 2023 3175; x_wconf 87' lang='lat' dir='ltr'><strong>non</strong></span> 
     </span>
    </p>
   </div>
   <div class='ocr_carea' id='block_1_62' title="bbox 2136 3115 3720 3190">
    <p class='ocr_par' dir='ltr' id='par_1_62' title="bbox 2136 3115 3720 3189">
     <span class='ocr_line' id='line_1_62' title="bbox 2136 3115 3720 3189; baseline 0 -20"><span class='ocrx_word' id='word_1_451' title='bbox 2136 3115 2326 3186; x_wconf 82' lang='grc' dir='ltr'>τούτῳ,</span> <span class='ocrx_word' id='word_1_452' title='bbox 2358 3118 2453 3170; x_wconf 75' lang='grc' dir='ltr'>καὶ</span> <span class='ocrx_word' id='word_1_453' title='bbox 2501 3117 2664 3181; x_wconf 79' lang='grc' dir='ltr'>σώζει</span> <span class='ocrx_word' id='word_1_454' title='bbox 2708 3118 2809 3186; x_wconf 79' lang='grc' dir='ltr'>τὴν</span> <span class='ocrx_word' id='word_1_455' title='bbox 2856 3120 3065 3173; x_wconf 82' lang='grc' dir='ltr'>οἰκείαν</span> <span class='ocrx_word' id='word_1_456' title='bbox 3110 3120 3303 3189; x_wconf 83' lang='grc' dir='ltr'>ἀρχὴν,</span> <span class='ocrx_word' id='word_1_457' title='bbox 3346 3120 3440 3171; x_wconf 78' lang='grc' dir='ltr'><strong>καὶ</strong></span> <span class='ocrx_word' id='word_1_458' title='bbox 3485 3118 3720 3188; x_wconf 76' lang='grc' dir='ltr'>οὐδαμοῦ</span> 
     </span>
    </p>
   </div>
   <div class='ocr_carea' id='block_1_63' title="bbox 455 3213 2027 3283">
    <p class='ocr_par' dir='ltr' id='par_1_63' title="bbox 455 3213 2027 3283">
     <span class='ocr_line' id='line_1_63' title="bbox 455 3213 2027 3283; baseline 0.001 -18"><span class='ocrx_word' id='word_1_459' title='bbox 455 3226 752 3267; x_wconf 87' lang='lat' dir='ltr'><strong>consensus</strong></span> <span class='ocrx_word' id='word_1_460' title='bbox 786 3213 1115 3280; x_wconf 88' lang='lat' dir='ltr'><strong>animorum,</strong></span> <span class='ocrx_word' id='word_1_461' title='bbox 1156 3214 1517 3283; x_wconf 74' lang='lat' dir='ltr'><strong>identitasque</strong></span> <span class='ocrx_word' id='word_1_462' title='bbox 1557 3214 1894 3268; x_wconf 82' lang='lat' dir='ltr'><strong>voluntatum</strong></span> <span class='ocrx_word' id='word_1_463' title='bbox 1935 3217 2027 3269; x_wconf 82' lang='lat' dir='ltr'><strong>de-</strong></span> 
     </span>
    </p>
   </div>
   <div class='ocr_carea' id='block_1_64' title="bbox 454 3301 2027 3371">
    <p class='ocr_par' dir='ltr' id='par_1_64' title="bbox 454 3301 2027 3371">
     <span class='ocr_line' id='line_1_64' title="bbox 454 3301 2027 3371; baseline 0.002 -15"><span class='ocrx_word' id='word_1_464' title='bbox 454 3301 628 3359; x_wconf 88' lang='lat' dir='ltr'><strong>clarat</strong></span> <span class='ocrx_word' id='word_1_465' title='bbox 664 3301 860 3358; x_wconf 79' lang='lat' dir='ltr'><strong>Filium</strong></span> <span class='ocrx_word' id='word_1_466' title='bbox 892 3305 943 3359; x_wconf 92' lang='lat' dir='ltr'><strong>in</strong></span> <span class='ocrx_word' id='word_1_467' title='bbox 969 3304 1127 3361; x_wconf 81' lang='lat' dir='ltr'><strong>Patre</strong></span> <span class='ocrx_word' id='word_1_468' title='bbox 1155 3321 1296 3371; x_wconf 81' lang='lat' dir='ltr'><strong>esse,</strong></span> <span class='ocrx_word' id='word_1_469' title='bbox 1331 3315 1386 3361; x_wconf 89' lang='lat' dir='ltr'><strong>et</strong></span> <span class='ocrx_word' id='word_1_470' title='bbox 1416 3303 1631 3360; x_wconf 88' lang='lat' dir='ltr'><strong>Patrem</strong></span> <span class='ocrx_word' id='word_1_471' title='bbox 1657 3306 1709 3359; x_wconf 91' lang='lat' dir='ltr'><strong>in</strong></span> <span class='ocrx_word' id='word_1_472' title='bbox 1741 3305 1897 3366; x_wconf 79' lang='lat' dir='ltr'><strong>Filio.</strong></span> <span class='ocrx_word' id='word_1_473' title='bbox 1933 3306 2027 3361; x_wconf 88' lang='lat' dir='ltr'><strong>sed</strong></span> 
     </span>
    </p>
   </div>
   <div class='ocr_carea' id='block_1_65' title="bbox 452 3392 2031 3464">
    <p class='ocr_par' dir='ltr' id='par_1_65' title="bbox 452 3392 2031 3464">
     <span class='ocr_line' id='line_1_65' title="bbox 452 3392 2031 3464; baseline 0.003 -18"><span class='ocrx_word' id='word_1_474' title='bbox 452 3392 760 3447; x_wconf 89' lang='lat' dir='ltr'><strong>omnimoda</strong></span> <span class='ocrx_word' id='word_1_475' title='bbox 789 3395 1035 3449; x_wconf 76' lang='lat' dir='ltr'><strong>essentia:</strong></span> <span class='ocrx_word' id='word_1_476' title='bbox 1064 3394 1384 3459; x_wconf 78' lang='lat' dir='ltr'><strong>similitudo,</strong></span> <span class='ocrx_word' id='word_1_477' title='bbox 1416 3404 1470 3452; x_wconf 84' lang='lat' dir='ltr'><strong>et</strong></span> <span class='ocrx_word' id='word_1_478' title='bbox 1499 3393 1758 3450; x_wconf 84' lang='lat' dir='ltr'><strong>naturalis</strong></span> <span class='ocrx_word' id='word_1_479' title='bbox 1786 3395 2031 3464; x_wconf 89' lang='lat' dir='ltr'><strong>proprie-</strong></span> 
     </span>
    </p>
   </div>
   <div class='ocr_carea' id='block_1_66' title="bbox 458 3483 901 3540">
    <p class='ocr_par' dir='ltr' id='par_1_66' title="bbox 458 3483 901 3540">
     <span class='ocr_line' id='line_1_66' title="bbox 458 3483 901 3540; baseline 0.007 -3"><span class='ocrx_word' id='word_1_480' title='bbox 458 3483 585 3538; x_wconf 86' lang='lat' dir='ltr'><strong>tatis</strong></span> <span class='ocrx_word' id='word_1_481' title='bbox 627 3483 901 3540; x_wconf 89' lang='lat' dir='ltr'><strong>identitas.</strong></span> 
     </span>
    </p>
   </div>
   <div class='ocr_carea' id='block_1_67' title="bbox 1128 3687 1358 3744">
    <p class='ocr_par' dir='ltr' id='par_1_67' title="bbox 1128 3687 1358 3744">
     <span class='ocr_line' id='line_1_67' title="bbox 1128 3687 1358 3744; baseline 0.009 -3"><span class='ocrx_word' id='word_1_482' title='bbox 1128 3687 1358 3744; x_wconf 78' lang='lat' dir='ltr'><strong>ALIUD.</strong></span> 
     </span>
    </p>
   </div>
   <div class='ocr_carea' id='block_1_68' title="bbox 523 3799 2033 3867">
    <p class='ocr_par' dir='ltr' id='par_1_68' title="bbox 523 3799 2033 3867">
     <span class='ocr_line' id='line_1_68' title="bbox 523 3799 2033 3867; baseline 0 -12"><span class='ocrx_word' id='word_1_483' title='bbox 523 3799 659 3855; x_wconf 77' lang='lat' dir='ltr'><strong>Cum</strong></span> <span class='ocrx_word' id='word_1_484' title='bbox 691 3800 970 3855; x_wconf 80' lang='lat' dir='ltr'><strong>immotum</strong></span> <span class='ocrx_word' id='word_1_485' title='bbox 1020 3810 1074 3855; x_wconf 87' lang='lat' dir='ltr'><strong>et</strong></span> <span class='ocrx_word' id='word_1_486' title='bbox 1109 3804 1487 3857; x_wconf 87' lang='lat' dir='ltr'><strong>inconcussum</strong></span> <span class='ocrx_word' id='word_1_487' title='bbox 1516 3810 1718 3856; x_wconf 86' lang='lat' dir='ltr'><strong>statum</strong></span> <span class='ocrx_word' id='word_1_488' title='bbox 1775 3802 2033 3867; x_wconf 81' lang='lat' dir='ltr'><strong>habeant,</strong></span> 
     </span>
    </p>
   </div>
   <div class='ocr_carea' id='block_1_69' title="bbox 454 3892 2034 3962">
    <p class='ocr_par' dir='ltr' id='par_1_69' title="bbox 454 3892 2034 3962">
     <span class='ocr_line' id='line_1_69' title="bbox 454 3892 2034 3962; baseline -0.001 -15"><span class='ocrx_word' id='word_1_489' title='bbox 454 3906 731 3961; x_wconf 80' lang='lat' dir='ltr'><strong>suumque</strong></span> <span class='ocrx_word' id='word_1_490' title='bbox 748 3892 1112 3959; x_wconf 73' lang='lat' dir='ltr'><strong>principatum</strong></span> <span class='ocrx_word' id='word_1_491' title='bbox 1148 3902 1367 3945; x_wconf 88' lang='lat' dir='ltr'><strong>servent</strong></span> <span class='ocrx_word' id='word_1_492' title='bbox 1393 3892 1593 3961; x_wconf 80' lang='lat' dir='ltr'><strong>angeli,</strong></span> <span class='ocrx_word' id='word_1_493' title='bbox 1613 3903 1773 3962; x_wconf 86' lang='lat' dir='ltr'><strong>atque</strong></span> <span class='ocrx_word' id='word_1_494' title='bbox 1799 3895 2034 3947; x_wconf 72' lang='lat' dir='ltr'><strong>art-ban-</strong></span> 
     </span>
    </p>
   </div>
   <div class='ocr_carea' id='block_1_70' title="bbox 459 3982 2032 4052">
    <p class='ocr_par' dir='ltr' id='par_1_70' title="bbox 459 3982 2032 4052">
     <span class='ocr_line' id='line_1_70' title="bbox 459 3982 2032 4052; baseline -0.001 -15"><span class='ocrx_word' id='word_1_495' title='bbox 459 3983 590 4052; x_wconf 75' lang='lat' dir='ltr'><strong>geli.</strong></span> <span class='ocrx_word' id='word_1_496' title='bbox 625 3982 853 4052; x_wconf 78' lang='lat' dir='ltr'><strong>aliaeque</strong></span> <span class='ocrx_word' id='word_1_497' title='bbox 884 3983 970 4037; x_wconf 88' lang='lat' dir='ltr'><strong>bis</strong></span> <span class='ocrx_word' id='word_1_498' title='bbox 1013 3983 1323 4051; x_wconf 84' lang='lat' dir='ltr'><strong>superiores</strong></span> <span class='ocrx_word' id='word_1_499' title='bbox 1370 3982 1663 4037; x_wconf 88' lang='lat' dir='ltr'><strong>rationales</strong></span> <span class='ocrx_word' id='word_1_500' title='bbox 1715 3990 2032 4051; x_wconf 87' lang='lat' dir='ltr'><strong>potestates,</strong></span> 
     </span>
    </p>
   </div>
   <div class='ocr_carea' id='block_1_71' title="bbox 456 4070 2033 4140">
    <p class='ocr_par' dir='ltr' id='par_1_71' title="bbox 456 4070 2033 4140">
     <span class='ocr_line' id='line_1_71' title="bbox 456 4070 2033 4140; baseline -0.001 -14"><span class='ocrx_word' id='word_1_501' title='bbox 456 4071 803 4127; x_wconf 78' lang='lat' dir='ltr'><strong>manifestum</strong></span> <span class='ocrx_word' id='word_1_502' title='bbox 833 4086 967 4126; x_wconf 86' lang='lat' dir='ltr'><strong>sane</strong></span> <span class='ocrx_word' id='word_1_503' title='bbox 1000 4081 1083 4127; x_wconf 91' lang='lat' dir='ltr'><strong>est</strong></span> <span class='ocrx_word' id='word_1_504' title='bbox 1108 4087 1200 4126; x_wconf 91' lang='lat' dir='ltr'><strong>eos</strong></span> <span class='ocrx_word' id='word_1_505' title='bbox 1228 4070 1489 4124; x_wconf 86' lang='lat' dir='ltr'><strong>voluntati</strong></span> <span class='ocrx_word' id='word_1_506' title='bbox 1548 4070 1640 4125; x_wconf 90' lang='lat' dir='ltr'><strong>Dei</strong></span> <span class='ocrx_word' id='word_1_507' title='bbox 1693 4085 2033 4140; x_wconf 78' lang='lat' dir='ltr'><strong>nequaquam</strong></span> 
     </span>
    </p>
   </div>
   <div class='ocr_carea' id='block_1_72' title="bbox 456 4158 2034 4229">
    <p class='ocr_par' dir='ltr' id='par_1_72' title="bbox 456 4158 2034 4229">
     <span class='ocr_line' id='line_1_72' title="bbox 456 4158 2034 4229; baseline 0 -15"><span class='ocrx_word' id='word_1_508' title='bbox 456 4174 775 4229; x_wconf 75' lang='lat' dir='ltr'><strong>repugnare,</strong></span> <span class='ocrx_word' id='word_1_509' title='bbox 805 4161 903 4214; x_wconf 84' lang='lat' dir='ltr'><strong>sed</strong></span> <span class='ocrx_word' id='word_1_510' title='bbox 923 4160 1186 4217; x_wconf 86' lang='lat' dir='ltr'><strong>creatoris</strong></span> <span class='ocrx_word' id='word_1_511' title='bbox 1212 4159 1440 4229; x_wconf 85' lang='lat' dir='ltr'><strong>imperio</strong></span> <span class='ocrx_word' id='word_1_512' title='bbox 1476 4173 1540 4213; x_wconf 91' lang='lat' dir='ltr'><strong>ac</strong></span> <span class='ocrx_word' id='word_1_513' title='bbox 1572 4158 1780 4228; x_wconf 77' lang='lat' dir='ltr'><strong>legibus</strong></span> <span class='ocrx_word' id='word_1_514' title='bbox 1829 4175 2034 4215; x_wconf 79' lang='lat' dir='ltr'><strong>morem</strong></span> 
     </span>
    </p>
   </div>
   <div class='ocr_carea' id='block_1_73' title="bbox 457 4250 2027 4320">
    <p class='ocr_par' dir='ltr' id='par_1_73' title="bbox 457 4250 2027 4320">
     <span class='ocr_line' id='line_1_73' title="bbox 457 4250 2027 4320; baseline 0.002 -18"><span class='ocrx_word' id='word_1_515' title='bbox 457 4264 667 4317; x_wconf 73' lang='lat' dir='ltr'><strong>gerere,</strong></span> <span class='ocrx_word' id='word_1_516' title='bbox 700 4264 961 4318; x_wconf 85' lang='lat' dir='ltr'><strong>suamque</strong></span> <span class='ocrx_word' id='word_1_517' title='bbox 977 4252 1309 4306; x_wconf 82' lang='lat' dir='ltr'><strong>voluntatem</strong></span> <span class='ocrx_word' id='word_1_518' title='bbox 1338 4252 1403 4304; x_wconf 82' lang='lat' dir='ltr'><strong>ad</strong></span> <span class='ocrx_word' id='word_1_519' title='bbox 1449 4250 1686 4304; x_wconf 88' lang='lat' dir='ltr'><strong>divinam</strong></span> <span class='ocrx_word' id='word_1_520' title='bbox 1710 4265 2027 4320; x_wconf 78' lang='lat' dir='ltr'><strong>aggregare,</strong></span> 
     </span>
    </p>
   </div>
   <div class='ocr_carea' id='block_1_74' title="bbox 460 4339 2035 4411">
    <p class='ocr_par' dir='ltr' id='par_1_74' title="bbox 460 4339 2035 4411">
     <span class='ocr_line' id='line_1_74' title="bbox 460 4339 2035 4411; baseline 0.005 -20"><span class='ocrx_word' id='word_1_521' title='bbox 460 4349 518 4393; x_wconf 90' lang='lat' dir='ltr'><strong>ut</strong></span> <span class='ocrx_word' id='word_1_522' title='bbox 543 4339 727 4394; x_wconf 83' lang='lat' dir='ltr'><strong>omnia</strong></span> <span class='ocrx_word' id='word_1_523' title='bbox 753 4349 810 4395; x_wconf 88' lang='lat' dir='ltr'><strong>et</strong></span> <span class='ocrx_word' id='word_1_524' title='bbox 834 4340 1000 4396; x_wconf 90' lang='lat' dir='ltr'><strong>velint</strong></span> <span class='ocrx_word' id='word_1_525' title='bbox 1046 4353 1101 4397; x_wconf 86' lang='lat' dir='ltr'><strong>et</strong></span> <span class='ocrx_word' id='word_1_526' title='bbox 1131 4342 1328 4397; x_wconf 81' lang='lat' dir='ltr'><strong>faciant</strong></span> <span class='ocrx_word' id='word_1_527' title='bbox 1357 4358 1477 4411; x_wconf 68' lang='lat' dir='ltr'><strong>quae</strong></span> <span class='ocrx_word' id='word_1_528' title='bbox 1522 4342 1595 4396; x_wconf 92' lang='lat' dir='ltr'><strong>illi</strong></span> <span class='ocrx_word' id='word_1_529' title='bbox 1630 4342 1862 4411; x_wconf 79' lang='lat' dir='ltr'><strong>placem.</strong></span> <span class='ocrx_word' id='word_1_530' title='bbox 1883 4345 2035 4410; x_wconf 87' lang='lat' dir='ltr'><strong>Quod</strong></span> 
     </span>
    </p>
   </div>
   <div class='ocr_carea' id='block_1_75' title="bbox 456 4430 2034 4504">
    <p class='ocr_par' dir='ltr' id='par_1_75' title="bbox 456 4430 2034 4504">
     <span class='ocr_line' id='line_1_75' title="bbox 456 4430 2034 4504; baseline 0.003 -20"><span class='ocrx_word' id='word_1_531' title='bbox 456 4445 583 4485; x_wconf 89' lang='lat' dir='ltr'><strong>cum</strong></span> <span class='ocrx_word' id='word_1_532' title='bbox 620 4430 693 4485; x_wconf 88' lang='lat' dir='ltr'><strong>ita</strong></span> <span class='ocrx_word' id='word_1_533' title='bbox 728 4431 820 4497; x_wconf 89' lang='lat' dir='ltr'><strong>sit,</strong></span> <span class='ocrx_word' id='word_1_534' title='bbox 847 4447 1025 4501; x_wconf 85' lang='lat' dir='ltr'><strong>neque</strong></span> <span class='ocrx_word' id='word_1_535' title='bbox 1050 4434 1187 4489; x_wconf 81' lang='lat' dir='ltr'><strong>ullus</strong></span> <span class='ocrx_word' id='word_1_536' title='bbox 1231 4433 1451 4489; x_wconf 85' lang='lat' dir='ltr'><strong>omnino</strong></span> <span class='ocrx_word' id='word_1_537' title='bbox 1508 4433 1797 4499; x_wconf 83' lang='lat' dir='ltr'><strong>inlicietur,</strong></span> <span class='ocrx_word' id='word_1_538' title='bbox 1841 4449 2034 4504; x_wconf 89' lang='lat' dir='ltr'><strong>quam-</strong></span> 
     </span>
    </p>
   </div>
   <div class='ocr_carea' id='block_1_76' title="bbox 2130 3206 3723 3279">
    <p class='ocr_par' dir='ltr' id='par_1_76' title="bbox 2130 3206 3723 3279">
     <span class='ocr_line' id='line_1_76' title="bbox 2130 3206 3723 3279; baseline -0.001 -20"><span class='ocrx_word' id='word_1_539' title='bbox 2130 3207 2379 3274; x_wconf 83' lang='grc' dir='ltr'>φαίνεται</span> <span class='ocrx_word' id='word_1_540' title='bbox 2424 3208 2544 3271; x_wconf 87' lang='grc' dir='ltr'>ταῖς</span> <span class='ocrx_word' id='word_1_541' title='bbox 2589 3206 2684 3261; x_wconf 87' lang='grc' dir='ltr'><strong>τοῦ</strong></span> <span class='ocrx_word' id='word_1_542' title='bbox 2741 3207 2869 3260; x_wconf 87' lang='grc' dir='ltr'>Υίοῦ</span> <span class='ocrx_word' id='word_1_543' title='bbox 2921 3210 3260 3279; x_wconf 77' lang='grc' dir='ltr'>κεχρημένον</span> <span class='ocrx_word' id='word_1_544' title='bbox 3317 3211 3557 3277; x_wconf 79' lang='grc' dir='ltr'>φωναῖς,</span> <span class='ocrx_word' id='word_1_545' title='bbox 3599 3208 3723 3275; x_wconf 74' lang='grc' dir='ltr'>οὐχὶ</span> 
     </span>
    </p>
   </div>
   <div class='ocr_carea' id='block_1_77' title="bbox 2131 3297 3719 3373">
    <p class='ocr_par' dir='ltr' id='par_1_77' title="bbox 2131 3297 3719 3373">
     <span class='ocr_line' id='line_1_77' title="bbox 2131 3297 3719 3373; baseline -0.001 -23"><span class='ocrx_word' id='word_1_546' title='bbox 2131 3300 2421 3373; x_wconf 81' lang='grc' dir='ltr'>συμφωνία</span> <span class='ocrx_word' id='word_1_547' title='bbox 2449 3299 2550 3368; x_wconf 84' lang='grc' dir='ltr'><strong>τῆς</strong></span> <span class='ocrx_word' id='word_1_548' title='bbox 2590 3298 2837 3368; x_wconf 83' lang='grc' dir='ltr'>γνώμης,</span> <span class='ocrx_word' id='word_1_549' title='bbox 2865 3298 3074 3351; x_wconf 76' lang='grc' dir='ltr'>οὐδὲτὸ</span> <span class='ocrx_word' id='word_1_550' title='bbox 3117 3300 3403 3369; x_wconf 82' lang='grc' dir='ltr'>βούλεσθαι</span> <span class='ocrx_word' id='word_1_551' title='bbox 3445 3299 3511 3352; x_wconf 78' lang='grc' dir='ltr'>τὰ</span> <span class='ocrx_word' id='word_1_552' title='bbox 3549 3297 3719 3362; x_wconf 74' lang='grc' dir='ltr'>αὐτὰ,</span> 
     </span>
    </p>
   </div>
   <div class='ocr_carea' id='block_1_78' title="bbox 2128 3387 3722 3462">
    <p class='ocr_par' dir='ltr' id='par_1_78' title="bbox 2128 3387 3722 3462">
     <span class='ocr_line' id='line_1_78' title="bbox 2128 3387 3722 3462; baseline -0.001 -22"><span class='ocrx_word' id='word_1_553' title='bbox 2128 3387 2364 3441; x_wconf 79' lang='grc' dir='ltr'>δεικνύει</span> <span class='ocrx_word' id='word_1_554' title='bbox 2390 3389 2480 3442; x_wconf 80' lang='grc' dir='ltr'><strong>τὸν</strong></span> <span class='ocrx_word' id='word_1_555' title='bbox 2513 3390 2639 3442; x_wconf 79' lang='grc' dir='ltr'>Υίὺν</span> <span class='ocrx_word' id='word_1_556' title='bbox 2675 3390 2734 3441; x_wconf 83' lang='grc' dir='ltr'>ὲν</span> <span class='ocrx_word' id='word_1_557' title='bbox 2770 3390 2942 3460; x_wconf 71' lang='grc' dir='ltr'>Πατρὶ</span> <span class='ocrx_word' id='word_1_558' title='bbox 2973 3390 3065 3442; x_wconf 70' lang='grc' dir='ltr'><strong>καὶ</strong></span> <span class='ocrx_word' id='word_1_559' title='bbox 3092 3390 3182 3443; x_wconf 74' lang='grc' dir='ltr'>τὸν</span> <span class='ocrx_word' id='word_1_560' title='bbox 3210 3391 3430 3462; x_wconf 77' lang='grc' dir='ltr'>Πατέρα</span> <span class='ocrx_word' id='word_1_561' title='bbox 3465 3389 3623 3443; x_wconf 82' lang='grc' dir='ltr'>πάλιν</span> <span class='ocrx_word' id='word_1_562' title='bbox 3661 3389 3722 3440; x_wconf 81' lang='grc' dir='ltr'>ὲν</span> 
     </span>
    </p>
   </div>
   <div class='ocr_carea' id='block_1_79' title="bbox 2132 3478 3718 3552">
    <p class='ocr_par' dir='ltr' id='par_1_79' title="bbox 2132 3478 3718 3552">
     <span class='ocr_line' id='line_1_79' title="bbox 2132 3478 3718 3552; baseline 0 -21"><span class='ocrx_word' id='word_1_563' title='bbox 2132 3478 2266 3548; x_wconf 82' lang='grc' dir='ltr'>Υίῷ,</span> <span class='ocrx_word' id='word_1_564' title='bbox 2293 3479 2464 3551; x_wconf 74' lang='grc' dir='ltr'>ἀλλ’ἢ</span> <span class='ocrx_word' id='word_1_565' title='bbox 2494 3480 2590 3550; x_wconf 84' lang='grc' dir='ltr'>τῆς</span> <span class='ocrx_word' id='word_1_566' title='bbox 2630 3480 2815 3543; x_wconf 75' lang='grc' dir='ltr'>οὐσίας</span> <span class='ocrx_word' id='word_1_567' title='bbox 2859 3480 3279 3547; x_wconf 75' lang='grc' dir='ltr'>ἀπαράλλακτος</span> <span class='ocrx_word' id='word_1_568' title='bbox 3311 3481 3587 3552; x_wconf 84' lang='grc' dir='ltr'>ὁμοιότης,</span> <span class='ocrx_word' id='word_1_569' title='bbox 3622 3479 3718 3532; x_wconf 78' lang='grc' dir='ltr'>καὶ</span> 
     </span>
    </p>
   </div>
   <div class='ocr_carea' id='block_1_80' title="bbox 2132 3571 3272 3643">
    <p class='ocr_par' dir='ltr' id='par_1_80' title="bbox 2132 3571 3272 3643">
     <span class='ocr_line' id='line_1_80' title="bbox 2132 3571 3272 3643; baseline 0.001 -19"><span class='ocrx_word' id='word_1_570' title='bbox 2132 3572 2453 3643; x_wconf 57' lang='grc' dir='ltr'><strong>⁴ῖχταυτότηις</strong></span> <span class='ocrx_word' id='word_1_571' title='bbox 2482 3572 2585 3641; x_wconf 76' lang='grc' dir='ltr'>τῆς</span> <span class='ocrx_word' id='word_1_572' title='bbox 2620 3572 2761 3625; x_wconf 77' lang='grc' dir='ltr'>κατὰ</span> <span class='ocrx_word' id='word_1_573' title='bbox 2791 3571 2952 3640; x_wconf 65' lang='grc' dir='ltr'>φύσιν</span> <span class='ocrx_word' id='word_1_574' title='bbox 2990 3572 3272 3639; x_wconf 86' lang='grc' dir='ltr'>ἰδιότητος.</span> 
     </span>
    </p>
   </div>
   <div class='ocr_carea' id='block_1_81' title="bbox 2813 3685 3017 3737">
    <p class='ocr_par' dir='ltr' id='par_1_81' title="bbox 2813 3685 3017 3737">
     <span class='ocr_line' id='line_1_81' title="bbox 2813 3685 3017 3737; baseline 0 0"><span class='ocrx_word' id='word_1_575' title='bbox 2813 3685 3017 3737; x_wconf 73' lang='grc' dir='ltr'>ΛΑΛΟ.</span> 
     </span>
    </p>
   </div>
   <div class='ocr_carea' id='block_1_82' title="bbox 2217 3795 3719 3869">
    <p class='ocr_par' dir='ltr' id='par_1_82' title="bbox 2217 3795 3719 3869">
     <span class='ocr_line' id='line_1_82' title="bbox 2217 3795 3719 3869; baseline -0.001 -18"><span class='ocrx_word' id='word_1_576' title='bbox 2217 3798 2433 3868; x_wconf 74' lang='grc' dir='ltr'>Ἐπειδὴ</span> <span class='ocrx_word' id='word_1_577' title='bbox 2493 3797 2745 3867; x_wconf 79' lang='grc' dir='ltr'>μένουσιν</span> <span class='ocrx_word' id='word_1_578' title='bbox 2794 3795 3090 3869; x_wconf 81' lang='grc' dir='ltr'>ἀκλόνητον</span> <span class='ocrx_word' id='word_1_579' title='bbox 3131 3799 3347 3867; x_wconf 79' lang='grc' dir='ltr'>ἔχοντες</span> <span class='ocrx_word' id='word_1_580' title='bbox 3384 3797 3482 3867; x_wconf 73' lang='grc' dir='ltr'>τὴν</span> <span class='ocrx_word' id='word_1_581' title='bbox 3526 3798 3719 3851; x_wconf 80' lang='grc' dir='ltr'>στάσιν</span> 
     </span>
    </p>
   </div>
   <div class='ocr_carea' id='block_1_83' title="bbox 2135 3887 3721 3960">
    <p class='ocr_par' dir='ltr' id='par_1_83' title="bbox 2135 3887 3721 3960">
     <span class='ocr_line' id='line_1_83' title="bbox 2135 3887 3721 3960; baseline 0.001 -18"><span class='ocrx_word' id='word_1_582' title='bbox 2135 3889 2229 3942; x_wconf 78' lang='grc' dir='ltr'>καὶ</span> <span class='ocrx_word' id='word_1_583' title='bbox 2278 3887 2545 3952; x_wconf 78' lang='grc' dir='ltr'>σώζοντες</span> <span class='ocrx_word' id='word_1_584' title='bbox 2597 3889 2697 3957; x_wconf 80' lang='grc' dir='ltr'><strong>τὴν</strong></span> <span class='ocrx_word' id='word_1_585' title='bbox 2749 3890 2955 3942; x_wconf 80' lang='grc' dir='ltr'>οἰκείαν</span> <span class='ocrx_word' id='word_1_586' title='bbox 3007 3891 3182 3960; x_wconf 79' lang='grc' dir='ltr'>ἀρχὴν</span> <span class='ocrx_word' id='word_1_587' title='bbox 3234 3889 3484 3957; x_wconf 73' lang='grc' dir='ltr'>Ἀγγελοί</span> <span class='ocrx_word' id='word_1_588' title='bbox 3522 3907 3579 3943; x_wconf 85' lang='grc' dir='ltr'><strong>τε</strong></span> <span class='ocrx_word' id='word_1_589' title='bbox 3625 3908 3721 3944; x_wconf 87' lang='grc' dir='ltr'><strong>και</strong></span> 
     </span>
    </p>
   </div>
   <div class='ocr_carea' id='block_1_84' title="bbox 2149 3979 3720 4052">
    <p class='ocr_par' dir='ltr' id='par_1_84' title="bbox 2149 3979 3720 4052">
     <span class='ocr_line' id='line_1_84' title="bbox 2149 3979 3720 4052; baseline 0.001 -20"><span class='ocrx_word' id='word_1_590' title='bbox 2149 3979 2525 4052; x_wconf 72' lang='grc' dir='ltr'>Ἀρχάγγελοι,</span> <span class='ocrx_word' id='word_1_591' title='bbox 2561 3980 2655 4033; x_wconf 74' lang='grc' dir='ltr'><strong>καὶ</strong></span> <span class='ocrx_word' id='word_1_592' title='bbox 2688 3982 2745 4032; x_wconf 74' lang='grc' dir='ltr'>αἱ</span> <span class='ocrx_word' id='word_1_593' title='bbox 2787 3980 2990 4033; x_wconf 79' lang='grc' dir='ltr'>τούτων</span> <span class='ocrx_word' id='word_1_594' title='bbox 3024 3981 3290 4051; x_wconf 67' lang='grc' dir='ltr'>ἀνωτέρω,</span> <span class='ocrx_word' id='word_1_595' title='bbox 3312 3981 3527 4047; x_wconf 75' lang='grc' dir='ltr'>λογικαὶ</span> <span class='ocrx_word' id='word_1_596' title='bbox 3561 3981 3720 4033; x_wconf 76' lang='grc' dir='ltr'>δυνὰο</span> 
     </span>
    </p>
   </div>
   <div class='ocr_carea' id='block_1_85' title="bbox 2139 4068 3719 4139">
    <p class='ocr_par' dir='ltr' id='par_1_85' title="bbox 2139 4068 3719 4139">
     <span class='ocr_line' id='line_1_85' title="bbox 2139 4068 3719 4139; baseline 0.001 -18"><span class='ocrx_word' id='word_1_597' title='bbox 2139 4087 2279 4139; x_wconf 88' lang='grc' dir='ltr'>μεις,</span> <span class='ocrx_word' id='word_1_598' title='bbox 2310 4069 2576 4139; x_wconf 83' lang='grc' dir='ltr'>πρόδηλον</span> <span class='ocrx_word' id='word_1_599' title='bbox 2623 4068 2685 4139; x_wconf 80' lang='grc' dir='ltr'>δή</span> <span class='ocrx_word' id='word_1_600' title='bbox 2723 4069 2919 4121; x_wconf 73' lang='grc' dir='ltr'>πουοεν</span> <span class='ocrx_word' id='word_1_601' title='bbox 2960 4069 3037 4131; x_wconf 85' lang='grc' dir='ltr'>ὡς</span> <span class='ocrx_word' id='word_1_602' title='bbox 3084 4070 3146 4121; x_wconf 86' lang='grc' dir='ltr'><strong>οὐ</strong></span> <span class='ocrx_word' id='word_1_603' title='bbox 3189 4068 3537 4132; x_wconf 80' lang='grc' dir='ltr'>στασιάζουσι</span> <span class='ocrx_word' id='word_1_604' title='bbox 3579 4069 3719 4122; x_wconf 78' lang='grc' dir='ltr'><strong>κατὰ</strong></span> 
     </span>
    </p>
   </div>
   <div class='ocr_carea' id='block_1_86' title="bbox 2134 4159 3720 4231">
    <p class='ocr_par' dir='ltr' id='par_1_86' title="bbox 2134 4159 3720 4231">
     <span class='ocr_line' id='line_1_86' title="bbox 2134 4159 3720 4231; baseline -0.002 -17"><span class='ocrx_word' id='word_1_605' title='bbox 2134 4161 2242 4214; x_wconf 79' lang='grc' dir='ltr'>τῶν</span> <span class='ocrx_word' id='word_1_606' title='bbox 2278 4159 2373 4213; x_wconf 88' lang='grc' dir='ltr'><strong>τοῦ</strong></span> <span class='ocrx_word' id='word_1_607' title='bbox 2406 4160 2542 4212; x_wconf 77' lang='grc' dir='ltr'>θεοῦ</span> <span class='ocrx_word' id='word_1_608' title='bbox 2575 4159 2924 4231; x_wconf 77' lang='grc' dir='ltr'>θελημάτων,</span> <span class='ocrx_word' id='word_1_609' title='bbox 2960 4161 3073 4214; x_wconf 78' lang='grc' dir='ltr'>ἀλλ’</span> <span class='ocrx_word' id='word_1_610' title='bbox 3120 4160 3328 4213; x_wconf 77' lang='grc' dir='ltr'>εἰκουσί</span> <span class='ocrx_word' id='word_1_611' title='bbox 3356 4177 3417 4212; x_wconf 87' lang='grc' dir='ltr'><strong>τε</strong></span> <span class='ocrx_word' id='word_1_612' title='bbox 3453 4160 3546 4213; x_wconf 78' lang='grc' dir='ltr'><strong>καὶ</strong></span> <span class='ocrx_word' id='word_1_613' title='bbox 3583 4160 3720 4212; x_wconf 84' lang='grc' dir='ltr'>ὐπο-</span> 
     </span>
    </p>
   </div>
   <div class='ocr_carea' id='block_1_87' title="bbox 2136 4250 3721 4322">
    <p class='ocr_par' dir='ltr' id='par_1_87' title="bbox 2136 4250 3721 4322">
     <span class='ocr_line' id='line_1_87' title="bbox 2136 4250 3721 4322; baseline -0.001 -19"><span class='ocrx_word' id='word_1_614' title='bbox 2136 4253 2425 4306; x_wconf 82' lang='grc' dir='ltr'>τάσσονται</span> <span class='ocrx_word' id='word_1_615' title='bbox 2454 4254 2566 4313; x_wconf 76' lang='grc' dir='ltr'>τοῖς</span> <span class='ocrx_word' id='word_1_616' title='bbox 2597 4252 2691 4304; x_wconf 86' lang='grc' dir='ltr'><strong>τοῦ</strong></span> <span class='ocrx_word' id='word_1_617' title='bbox 2734 4252 3094 4321; x_wconf 83' lang='grc' dir='ltr'>πεποιηκότος</span> <span class='ocrx_word' id='word_1_618' title='bbox 3126 4253 3331 4322; x_wconf 79' lang='grc' dir='ltr'>νόμοις,</span> <span class='ocrx_word' id='word_1_619' title='bbox 3366 4252 3463 4304; x_wconf 70' lang='grc' dir='ltr'><strong>καὶ</strong></span> <span class='ocrx_word' id='word_1_620' title='bbox 3493 4250 3721 4319; x_wconf 70' lang='grc' dir='ltr'>σύμφω-</span> 
     </span>
    </p>
   </div>
   <div class='ocr_carea' id='block_1_88' title="bbox 2137 4339 3719 4412">
    <p class='ocr_par' dir='ltr' id='par_1_88' title="bbox 2137 4339 3719 4412">
     <span class='ocr_line' id='line_1_88' title="bbox 2137 4339 3719 4412; baseline -0.003 -17"><span class='ocrx_word' id='word_1_621' title='bbox 2137 4360 2227 4395; x_wconf 89' lang='grc' dir='ltr'><strong>νον</strong></span> <span class='ocrx_word' id='word_1_622' title='bbox 2261 4342 2447 4412; x_wconf 78' lang='grc' dir='ltr'>ἒχουσι</span> <span class='ocrx_word' id='word_1_623' title='bbox 2480 4341 2613 4410; x_wconf 82' lang='grc' dir='ltr'>πρὸς</span> <span class='ocrx_word' id='word_1_624' title='bbox 2648 4341 2781 4395; x_wconf 80' lang='grc' dir='ltr'>Θεὸν</span> <span class='ocrx_word' id='word_1_625' title='bbox 2804 4343 2901 4412; x_wconf 82' lang='grc' dir='ltr'><strong>τὴν</strong></span> <span class='ocrx_word' id='word_1_626' title='bbox 2934 4341 3181 4412; x_wconf 84' lang='grc' dir='ltr'>γνώμην,</span> <span class='ocrx_word' id='word_1_627' title='bbox 3211 4341 3284 4403; x_wconf 86' lang='grc' dir='ltr'>ὡς</span> <span class='ocrx_word' id='word_1_628' title='bbox 3325 4342 3501 4395; x_wconf 70' lang='grc' dir='ltr'>πάντα</span> <span class='ocrx_word' id='word_1_629' title='bbox 3535 4339 3719 4409; x_wconf 76' lang='grc' dir='ltr'>βούλεο</span> 
     </span>
    </p>
   </div>
   <div class='ocr_carea' id='block_1_89' title="bbox 2144 4432 3720 4505">
    <p class='ocr_par' dir='ltr' id='par_1_89' title="bbox 2144 4432 3720 4505">
     <span class='ocr_line' id='line_1_89' title="bbox 2144 4432 3720 4505; baseline -0.003 -18"><span class='ocrx_word' id='word_1_630' title='bbox 2144 4434 2266 4487; x_wconf 82' lang='grc' dir='ltr'>σθαέ</span> <span class='ocrx_word' id='word_1_631' title='bbox 2302 4451 2360 4486; x_wconf 85' lang='grc' dir='ltr'><strong>τε</strong></span> <span class='ocrx_word' id='word_1_632' title='bbox 2384 4435 2479 4488; x_wconf 72' lang='grc' dir='ltr'>καὶ</span> <span class='ocrx_word' id='word_1_633' title='bbox 2508 4437 2680 4487; x_wconf 87' lang='grc' dir='ltr'>ποιεῖν</span> <span class='ocrx_word' id='word_1_634' title='bbox 2710 4434 2925 4505; x_wconf 80' lang='grc' dir='ltr'>ὅσαπερ</span> <span class='ocrx_word' id='word_1_635' title='bbox 2956 4433 3102 4504; x_wconf 85' lang='grc' dir='ltr'><strong>αὐτῴ</strong></span> <span class='ocrx_word' id='word_1_636' title='bbox 3137 4434 3301 4487; x_wconf 84' lang='grc' dir='ltr'>δοκεῖ.</span> <span class='ocrx_word' id='word_1_637' title='bbox 3344 4433 3500 4485; x_wconf 75' lang='grc' dir='ltr'>Οὕτω</span> <span class='ocrx_word' id='word_1_638' title='bbox 3542 4432 3720 4485; x_wconf 78' lang='grc' dir='ltr'>τοίνυν</span> 
     </span>
    </p>
   </div>
   <div class='ocr_carea' id='block_1_90' title="bbox 457 4523 2031 4596">
    <p class='ocr_par' dir='ltr' id='par_1_90' title="bbox 457 4523 2031 4595">
     <span class='ocr_line' id='line_1_90' title="bbox 457 4523 2031 4595; baseline 0.003 -20"><span class='ocrx_word' id='word_1_639' title='bbox 457 4523 645 4577; x_wconf 87' lang='lat' dir='ltr'><strong>nbrem</strong></span> <span class='ocrx_word' id='word_1_640' title='bbox 675 4524 819 4579; x_wconf 85' lang='lat' dir='ltr'><strong>solus</strong></span> <span class='ocrx_word' id='word_1_641' title='bbox 848 4524 1014 4579; x_wconf 76' lang='lat' dir='ltr'><strong>Filius</strong></span> <span class='ocrx_word' id='word_1_642' title='bbox 1048 4525 1449 4595; x_wconf 78' lang='lat' dir='ltr'><strong>Unigenitus,et</strong></span> <span class='ocrx_word' id='word_1_643' title='bbox 1472 4524 1703 4580; x_wconf 76' lang='lat' dir='ltr'><strong>Verbum</strong></span> <span class='ocrx_word' id='word_1_644' title='bbox 1730 4540 1793 4580; x_wconf 91' lang='lat' dir='ltr'><strong>ac</strong></span> <span class='ocrx_word' id='word_1_645' title='bbox 1820 4527 2031 4593; x_wconf 85' lang='lat' dir='ltr'><strong>sapien-</strong></span> 
     </span>
    </p>
   </div>
   <div class='ocr_carea' id='block_1_91' title="bbox 2136 4523 3717 4596">
    <p class='ocr_par' dir='ltr' id='par_1_91' title="bbox 2140 4525 3717 4596">
     <span class='ocr_line' id='line_1_91' title="bbox 2140 4525 3717 4596; baseline -0.003 -17"><span class='ocrx_word' id='word_1_646' title='bbox 2140 4526 2356 4596; x_wconf 80' lang='grc' dir='ltr'>ἔχοντος</span> <span class='ocrx_word' id='word_1_647' title='bbox 2390 4526 2568 4588; x_wconf 80' lang='grc' dir='ltr'>τοῦδε,</span> <span class='ocrx_word' id='word_1_648' title='bbox 2610 4527 2703 4579; x_wconf 75' lang='grc' dir='ltr'><strong>καὶ</strong></span> <span class='ocrx_word' id='word_1_649' title='bbox 2749 4526 3279 4596; x_wconf 80' lang='grc' dir='ltr'>συνομολογουμένου</span> <span class='ocrx_word' id='word_1_650' title='bbox 3331 4525 3480 4596; x_wconf 74' lang='grc' dir='ltr'>παρὰ</span> <span class='ocrx_word' id='word_1_651' title='bbox 3530 4527 3717 4587; x_wconf 76' lang='grc' dir='ltr'>πᾶσιν,</span> 
     </span>
    </p>
   </div>
   <div class='ocr_carea' id='block_1_92' title="bbox 461 4614 2032 4687">
    <p class='ocr_par' dir='ltr' id='par_1_92' title="bbox 461 4614 2032 4687">
     <span class='ocr_line' id='line_1_92' title="bbox 461 4614 2032 4687; baseline 0.004 -20"><span class='ocrx_word' id='word_1_652' title='bbox 461 4615 534 4667; x_wconf 84' lang='lat' dir='ltr'><strong>tia</strong></span> <span class='ocrx_word' id='word_1_653' title='bbox 560 4615 682 4669; x_wconf 84' lang='lat' dir='ltr'><strong>est?</strong></span> <span class='ocrx_word' id='word_1_654' title='bbox 720 4614 1019 4686; x_wconf 84' lang='lat' dir='ltr'><strong>Oportebat</strong></span> <span class='ocrx_word' id='word_1_655' title='bbox 1057 4619 1201 4672; x_wconf 87' lang='lat' dir='ltr'><strong>enim</strong></span> <span class='ocrx_word' id='word_1_656' title='bbox 1226 4618 1486 4687; x_wconf 84' lang='lat' dir='ltr'><strong>profecto,</strong></span> <span class='ocrx_word' id='word_1_657' title='bbox 1524 4618 1569 4672; x_wconf 92' lang='lat' dir='ltr'><strong>si</strong></span> <span class='ocrx_word' id='word_1_658' title='bbox 1632 4618 1700 4672; x_wconf 90' lang='lat' dir='ltr'><strong>ob</strong></span> <span class='ocrx_word' id='word_1_659' title='bbox 1730 4617 1781 4672; x_wconf 89' lang='lat' dir='ltr'><strong>id</strong></span> <span class='ocrx_word' id='word_1_660' title='bbox 1834 4620 2032 4674; x_wconf 84' lang='lat' dir='ltr'><strong>dicitur</strong></span> 
     </span>
    </p>
   </div>
   <div class='ocr_carea' id='block_1_93' title="bbox 461 4704 2032 4779">
    <p class='ocr_par' dir='ltr' id='par_1_93' title="bbox 461 4704 2032 4779">
     <span class='ocr_line' id='line_1_93' title="bbox 461 4704 2032 4779; baseline 0.004 -19"><span class='ocrx_word' id='word_1_661' title='bbox 461 4704 803 4776; x_wconf 81' lang='lat' dir='ltr'><strong>Uuigeuitus,</strong></span> <span class='ocrx_word' id='word_1_662' title='bbox 826 4718 880 4761; x_wconf 90' lang='lat' dir='ltr'><strong>et</strong></span> <span class='ocrx_word' id='word_1_663' title='bbox 906 4709 1193 4777; x_wconf 82' lang='lat' dir='ltr'><strong>sapientia,</strong></span> <span class='ocrx_word' id='word_1_664' title='bbox 1248 4718 1302 4763; x_wconf 91' lang='lat' dir='ltr'><strong>et</strong></span> <span class='ocrx_word' id='word_1_665' title='bbox 1360 4708 1617 4775; x_wconf 80' lang='lat' dir='ltr'><strong>Verbum,</strong></span> <span class='ocrx_word' id='word_1_666' title='bbox 1671 4710 1798 4779; x_wconf 88' lang='lat' dir='ltr'><strong>quia</strong></span> <span class='ocrx_word' id='word_1_667' title='bbox 1852 4713 2032 4767; x_wconf 89' lang='lat' dir='ltr'><strong>omnia</strong></span> 
     </span>
    </p>
   </div>
   <div class='ocr_carea' id='block_1_94' title="bbox 459 4798 2033 4871">
    <p class='ocr_par' dir='ltr' id='par_1_94' title="bbox 459 4798 2033 4871">
     <span class='ocr_line' id='line_1_94' title="bbox 459 4798 2033 4871; baseline 0.004 -20"><span class='ocrx_word' id='word_1_668' title='bbox 459 4813 582 4866; x_wconf 66' lang='lat' dir='ltr'><strong>qua:</strong></span> <span class='ocrx_word' id='word_1_669' title='bbox 612 4798 725 4852; x_wconf 90' lang='lat' dir='ltr'><strong>vult</strong></span> <span class='ocrx_word' id='word_1_670' title='bbox 766 4798 947 4862; x_wconf 86' lang='lat' dir='ltr'><strong>Pater,</strong></span> <span class='ocrx_word' id='word_1_671' title='bbox 978 4802 1091 4853; x_wconf 88' lang='lat' dir='ltr'><strong>vult</strong></span> <span class='ocrx_word' id='word_1_672' title='bbox 1124 4812 1177 4855; x_wconf 88' lang='lat' dir='ltr'><strong>ct</strong></span> <span class='ocrx_word' id='word_1_673' title='bbox 1206 4801 1339 4868; x_wconf 89' lang='lat' dir='ltr'><strong>ipse,</strong></span> <span class='ocrx_word' id='word_1_674' title='bbox 1375 4802 1610 4871; x_wconf 87' lang='lat' dir='ltr'><strong>reliquas</strong></span> <span class='ocrx_word' id='word_1_675' title='bbox 1656 4802 1818 4856; x_wconf 90' lang='lat' dir='ltr'><strong>etiam</strong></span> <span class='ocrx_word' id='word_1_676' title='bbox 1867 4803 2033 4857; x_wconf 85' lang='lat' dir='ltr'><strong>ralio-</strong></span> 
     </span>
    </p>
   </div>
   <div class='ocr_carea' id='block_1_95' title="bbox 462 4890 2037 4964">
    <p class='ocr_par' dir='ltr' id='par_1_95' title="bbox 462 4890 2037 4964">
     <span class='ocr_line' id='line_1_95' title="bbox 462 4890 2037 4964; baseline 0.004 -22"><span class='ocrx_word' id='word_1_677' title='bbox 462 4890 614 4944; x_wconf 88' lang='lat' dir='ltr'><strong>nalcs</strong></span> <span class='ocrx_word' id='word_1_678' title='bbox 644 4901 927 4947; x_wconf 88' lang='lat' dir='ltr'><strong>creaturas</strong></span> <span class='ocrx_word' id='word_1_679' title='bbox 982 4892 1120 4947; x_wconf 84' lang='lat' dir='ltr'><strong>idem</strong></span> <span class='ocrx_word' id='word_1_680' title='bbox 1173 4908 1314 4957; x_wconf 86' lang='lat' dir='ltr'><strong>esse,</strong></span> <span class='ocrx_word' id='word_1_681' title='bbox 1377 4894 1674 4964; x_wconf 86' lang='lat' dir='ltr'><strong>iisdemque</strong></span> <span class='ocrx_word' id='word_1_682' title='bbox 1732 4895 2037 4949; x_wconf 86' lang='lat' dir='ltr'><strong>nominibus</strong></span> 
     </span>
    </p>
   </div>
   <div class='ocr_carea' id='block_1_96' title="bbox 462 4978 2040 5052">
    <p class='ocr_par' dir='ltr' id='par_1_96' title="bbox 462 4978 2040 5052">
     <span class='ocr_line' id='line_1_96' title="bbox 462 4978 2040 5052; baseline 0.007 -22"><span class='ocrx_word' id='word_1_683' title='bbox 462 4978 581 5032; x_wconf 83' lang='lat' dir='ltr'><strong>illas</strong></span> <span class='ocrx_word' id='word_1_684' title='bbox 620 4982 899 5050; x_wconf 84' lang='lat' dir='ltr'><strong>appellari,</strong></span> <span class='ocrx_word' id='word_1_685' title='bbox 940 4984 1137 5052; x_wconf 79' lang='lat' dir='ltr'><strong>quibus</strong></span> <span class='ocrx_word' id='word_1_686' title='bbox 1169 4982 1347 5037; x_wconf 82' lang='lat' dir='ltr'><strong>Filius.</strong></span> <span class='ocrx_word' id='word_1_687' title='bbox 1383 4985 1439 5040; x_wconf 85' lang='lat' dir='ltr'><strong>Si</strong></span> <span class='ocrx_word' id='word_1_688' title='bbox 1487 5000 1616 5039; x_wconf 89' lang='lat' dir='ltr'><strong>vero</strong></span> <span class='ocrx_word' id='word_1_689' title='bbox 1652 4985 1795 5040; x_wconf 87' lang='lat' dir='ltr'><strong>nulla</strong></span> <span class='ocrx_word' id='word_1_690' title='bbox 1831 5002 1899 5040; x_wconf 79' lang='lat' dir='ltr'><strong>ex</strong></span> <span class='ocrx_word' id='word_1_691' title='bbox 1948 4986 2040 5051; x_wconf 62' lang='lat' dir='ltr'><strong>iis,</strong></span> 
     </span>
    </p>
   </div>
   <div class='ocr_carea' id='block_1_97' title="bbox 461 5070 2041 5147">
    <p class='ocr_par' dir='ltr' id='par_1_97' title="bbox 461 5070 2041 5147">
     <span class='ocr_line' id='line_1_97' title="bbox 461 5070 2041 5147; baseline 0.006 -26"><span class='ocrx_word' id='word_1_692' title='bbox 461 5078 555 5123; x_wconf 82' lang='lat' dir='ltr'><strong>aut</strong></span> <span class='ocrx_word' id='word_1_693' title='bbox 577 5070 893 5141; x_wconf 75' lang='lat' dir='ltr'><strong>Unigenitus</strong></span> <span class='ocrx_word' id='word_1_694' title='bbox 907 5084 991 5128; x_wconf 85' lang='lat' dir='ltr'><strong>est</strong></span> <span class='ocrx_word' id='word_1_695' title='bbox 1017 5074 1207 5140; x_wconf 86' lang='lat' dir='ltr'><strong>Filius,</strong></span> <span class='ocrx_word' id='word_1_696' title='bbox 1235 5084 1326 5129; x_wconf 87' lang='lat' dir='ltr'><strong>aut</strong></span> <span class='ocrx_word' id='word_1_697' title='bbox 1347 5077 1600 5141; x_wconf 80' lang='lat' dir='ltr'><strong>Verbum,</strong></span> <span class='ocrx_word' id='word_1_698' title='bbox 1627 5092 1799 5145; x_wconf 84' lang='lat' dir='ltr'><strong>neque</strong></span> <span class='ocrx_word' id='word_1_699' title='bbox 1828 5077 2041 5147; x_wconf 62' lang='lat' dir='ltr'><strong>sapien«</strong></span> 
     </span>
    </p>
   </div>
   <div class='ocr_carea' id='block_1_98' title="bbox 454 5159 2032 5236">
    <p class='ocr_par' dir='ltr' id='par_1_98' title="bbox 454 5159 2032 5236">
     <span class='ocr_line' id='line_1_98' title="bbox 454 5159 2032 5236; baseline 0.006 -25"><span class='ocrx_word' id='word_1_700' title='bbox 454 5159 559 5223; x_wconf 82' lang='lat' dir='ltr'><strong>tia,</strong></span> <span class='ocrx_word' id='word_1_701' title='bbox 592 5174 765 5229; x_wconf 83' lang='lat' dir='ltr'><strong>neque</strong></span> <span class='ocrx_word' id='word_1_702' title='bbox 816 5161 1016 5225; x_wconf 90' lang='lat' dir='ltr'><strong>lumen,</strong></span> <span class='ocrx_word' id='word_1_703' title='bbox 1078 5181 1252 5234; x_wconf 86' lang='lat' dir='ltr'><strong>neque</strong></span> <span class='ocrx_word' id='word_1_704' title='bbox 1317 5165 1588 5235; x_wconf 83' lang='lat' dir='ltr'><strong>splendor,</strong></span> <span class='ocrx_word' id='word_1_705' title='bbox 1640 5182 1814 5236; x_wconf 88' lang='lat' dir='ltr'><strong>neque</strong></span> <span class='ocrx_word' id='word_1_706' title='bbox 1844 5168 2032 5233; x_wconf 84' lang='lat' dir='ltr'><strong>forma,</strong></span> 
     </span>
    </p>
   </div>
   <div class='ocr_carea' id='block_1_99' title="bbox 465 5251 2038 5327">
    <p class='ocr_par' dir='ltr' id='par_1_99' title="bbox 465 5251 2038 5327">
     <span class='ocr_line' id='line_1_99' title="bbox 465 5251 2038 5327; baseline 0.007 -25"><span class='ocrx_word' id='word_1_707' title='bbox 465 5265 642 5317; x_wconf 84' lang='lat' dir='ltr'><strong>neque</strong></span> <span class='ocrx_word' id='word_1_708' title='bbox 695 5251 872 5320; x_wconf 76' lang='lat' dir='ltr'><strong>imago</strong></span> <span class='ocrx_word' id='word_1_709' title='bbox 938 5253 1153 5321; x_wconf 86' lang='lat' dir='ltr'><strong>Patris,</strong></span> <span class='ocrx_word' id='word_1_710' title='bbox 1219 5257 1581 5313; x_wconf 76' lang='lat' dir='ltr'><strong>necessarium</strong></span> <span class='ocrx_word' id='word_1_711' title='bbox 1639 5258 1799 5327; x_wconf 88' lang='lat' dir='ltr'><strong>plane</strong></span> <span class='ocrx_word' id='word_1_712' title='bbox 1847 5268 1931 5313; x_wconf 89' lang='lat' dir='ltr'><strong>est</strong></span> <span class='ocrx_word' id='word_1_713' title='bbox 1982 5270 2038 5313; x_wconf 87' lang='lat' dir='ltr'><strong>ut</strong></span> 
     </span>
    </p>
   </div>
   <div class='ocr_carea' id='block_1_100' title="bbox 466 5340 2036 5420">
    <p class='ocr_par' dir='ltr' id='par_1_100' title="bbox 466 5340 2036 5420">
     <span class='ocr_line' id='line_1_100' title="bbox 466 5340 2036 5420; baseline 0.008 -29"><span class='ocrx_word' id='word_1_714' title='bbox 466 5340 978 5404; x_wconf 79' lang='lat' dir='ltr'><strong>sentiamus,Filium</strong></span> <span class='ocrx_word' id='word_1_715' title='bbox 1010 5360 1111 5400; x_wconf 92' lang='lat' dir='ltr'><strong>non</strong></span> <span class='ocrx_word' id='word_1_716' title='bbox 1135 5363 1252 5402; x_wconf 86' lang='lat' dir='ltr'><strong>eam</strong></span> <span class='ocrx_word' id='word_1_717' title='bbox 1274 5348 1343 5403; x_wconf 91' lang='lat' dir='ltr'><strong>ob</strong></span> <span class='ocrx_word' id='word_1_718' title='bbox 1372 5365 1587 5404; x_wconf 66' lang='lat' dir='ltr'><strong>causam</strong></span> <span class='ocrx_word' id='word_1_719' title='bbox 1618 5349 1817 5406; x_wconf 81' lang='lat' dir='ltr'><strong>dixisse</strong></span> <span class='ocrx_word' id='word_1_720' title='bbox 1848 5366 1862 5402; x_wconf 91' lang='lat'><strong>:</strong></span> <span class='ocrx_word' id='word_1_721' title='bbox 1896 5352 2036 5420; x_wconf 70' lang='lat' dir='ltr'><strong>«Ego</strong></span> 
     </span>
    </p>
   </div>
   <div class='ocr_carea' id='block_1_101' title="bbox 468 5429 2037 5512">
    <p class='ocr_par' dir='ltr' id='par_1_101' title="bbox 468 5429 2037 5512">
     <span class='ocr_line' id='line_1_101' title="bbox 468 5429 2037 5512; baseline 0.006 -27"><span class='ocrx_word' id='word_1_722' title='bbox 468 5429 520 5485; x_wconf 92' lang='lat' dir='ltr'><strong>iu</strong></span> <span class='ocrx_word' id='word_1_723' title='bbox 549 5430 728 5497; x_wconf 82' lang='lat' dir='ltr'><strong>Patre,</strong></span> <span class='ocrx_word' id='word_1_724' title='bbox 758 5442 812 5487; x_wconf 89' lang='lat' dir='ltr'><strong>et</strong></span> <span class='ocrx_word' id='word_1_725' title='bbox 833 5433 993 5490; x_wconf 87' lang='lat' dir='ltr'><strong>Pater</strong></span> <span class='ocrx_word' id='word_1_726' title='bbox 1023 5437 1072 5492; x_wconf 93' lang='lat' dir='ltr'><strong>in</strong></span> <span class='ocrx_word' id='word_1_727' title='bbox 1098 5454 1214 5505; x_wconf 87' lang='lat' dir='ltr'><strong>me;</strong></span> <span class='ocrx_word' id='word_1_728' title='bbox 1246 5460 1265 5494; x_wconf 72' lang='grc' dir='ltr'><strong>ι</strong></span> <span class='ocrx_word' id='word_1_729' title='bbox 1305 5451 1357 5496; x_wconf 86' lang='lat' dir='ltr'><strong>et</strong></span> <span class='ocrx_word' id='word_1_730' title='bbox 1382 5457 1592 5497; x_wconf 87' lang='lat' dir='ltr'><strong>rursum</strong></span> <span class='ocrx_word' id='word_1_731' title='bbox 1624 5459 1636 5495; x_wconf 95' lang='lat'>:</span> <span class='ocrx_word' id='word_1_732' title='bbox 1676 5460 1694 5493; x_wconf 86' lang='grc' dir='ltr'><strong>ι</strong></span> <span class='ocrx_word' id='word_1_733' title='bbox 1720 5442 1828 5512; x_wconf 78' lang='lat' dir='ltr'><strong>Ego</strong></span> <span class='ocrx_word' id='word_1_734' title='bbox 1856 5452 1909 5497; x_wconf 85' lang='lat' dir='ltr'><strong>ct</strong></span> <span class='ocrx_word' id='word_1_735' title='bbox 1939 5441 2037 5496; x_wconf 68' lang='lat' dir='ltr'><strong>Pa«</strong></span> 
     </span>
    </p>
   </div>
   <div class='ocr_carea' id='block_1_102' title="bbox 538 5607 1020 5677">
    <p class='ocr_par' dir='ltr' id='par_1_102' title="bbox 538 5607 1020 5677">
     <span class='ocr_line' id='line_1_102' title="bbox 538 5607 1020 5677; baseline 0.004 -15"><span class='ocrx_word' id='word_1_736' title='bbox 538 5608 583 5641; x_wconf 83' lang='lat'><strong>&quot;</strong></span> <span class='ocrx_word' id='word_1_737' title='bbox 609 5607 748 5665; x_wconf 85' lang='lat' dir='ltr'><strong>Psal.</strong></span> <span class='ocrx_word' id='word_1_738' title='bbox 780 5624 900 5677; x_wconf 86' lang='lat' dir='ltr'><strong>ctu,</strong></span> <span class='ocrx_word' id='word_1_739' title='bbox 929 5612 1020 5665; x_wconf 75' lang='lat'><strong>‘20.</strong></span> 
     </span>
    </p>
   </div>
   <div class='ocr_carea' id='block_1_103' title="bbox 2137 4617 3718 4690">
    <p class='ocr_par' dir='ltr' id='par_1_103' title="bbox 2137 4617 3718 4690">
     <span class='ocr_line' id='line_1_103' title="bbox 2137 4617 3718 4690; baseline -0.004 -17"><span class='ocrx_word' id='word_1_740' title='bbox 2137 4621 2259 4673; x_wconf 78' lang='grc' dir='ltr'>ὅτου</span> <span class='ocrx_word' id='word_1_741' title='bbox 2292 4620 2355 4690; x_wconf 80' lang='grc' dir='ltr'>δὴ</span> <span class='ocrx_word' id='word_1_742' title='bbox 2397 4620 2556 4689; x_wconf 79' lang='grc' dir='ltr'>χάριν</span> <span class='ocrx_word' id='word_1_743' title='bbox 2610 4619 2766 4688; x_wconf 82' lang='grc' dir='ltr'>μόνος</span> <span class='ocrx_word' id='word_1_744' title='bbox 2812 4621 2839 4671; x_wconf 92' lang='lat'><strong>6</strong></span> <span class='ocrx_word' id='word_1_745' title='bbox 2878 4620 3004 4680; x_wconf 71' lang='grc' dir='ltr'>Υἱός</span> <span class='ocrx_word' id='word_1_746' title='bbox 3043 4619 3376 4686; x_wconf 81' lang='grc' dir='ltr'>Μονογενὴς,</span> <span class='ocrx_word' id='word_1_747' title='bbox 3420 4619 3514 4669; x_wconf 75' lang='grc' dir='ltr'><strong>καὶ</strong></span> <span class='ocrx_word' id='word_1_748' title='bbox 3548 4617 3718 4682; x_wconf 79' lang='grc' dir='ltr'>Λόγος</span> 
     </span>
    </p>
   </div>
   <div class='ocr_carea' id='block_1_104' title="bbox 2140 4708 3720 4781">
    <p class='ocr_par' dir='ltr' id='par_1_104' title="bbox 2140 4708 3720 4781">
     <span class='ocr_line' id='line_1_104' title="bbox 2140 4708 3720 4781; baseline -0.005 -17"><span class='ocrx_word' id='word_1_749' title='bbox 2140 4714 2234 4764; x_wconf 71' lang='grc' dir='ltr'><strong>καὶ</strong></span> <span class='ocrx_word' id='word_1_750' title='bbox 2275 4711 2437 4779; x_wconf 77' lang='grc' dir='ltr'>σοφία</span> <span class='ocrx_word' id='word_1_751' title='bbox 2466 4710 2645 4772; x_wconf 77' lang='grc' dir='ltr'>ἐστίνς</span> <span class='ocrx_word' id='word_1_752' title='bbox 2682 4710 2826 4762; x_wconf 84' lang='grc' dir='ltr'>Ἔδει</span> <span class='ocrx_word' id='word_1_753' title='bbox 2866 4711 2991 4781; x_wconf 73' lang='grc' dir='ltr'>γὰρ,</span> <span class='ocrx_word' id='word_1_754' title='bbox 3041 4712 3200 4780; x_wconf 80' lang='grc' dir='ltr'>εἴπερ</span> <span class='ocrx_word' id='word_1_755' title='bbox 3229 4710 3395 4770; x_wconf 74' lang='grc' dir='ltr'>ὅντως</span> <span class='ocrx_word' id='word_1_756' title='bbox 3440 4709 3500 4759; x_wconf 77' lang='grc' dir='ltr'>τὸ</span> <span class='ocrx_word' id='word_1_757' title='bbox 3544 4708 3720 4758; x_wconf 81' lang='grc' dir='ltr'>θέλειν</span> 
     </span>
    </p>
   </div>
   <div class='ocr_carea' id='block_1_105' title="bbox 2140 4800 3719 4873">
    <p class='ocr_par' dir='ltr' id='par_1_105' title="bbox 2140 4800 3719 4873">
     <span class='ocr_line' id='line_1_105' title="bbox 2140 4800 3719 4873; baseline -0.004 -16"><span class='ocrx_word' id='word_1_758' title='bbox 2140 4806 2240 4857; x_wconf 80' lang='grc' dir='ltr'>ὅσα</span> <span class='ocrx_word' id='word_1_759' title='bbox 2289 4805 2384 4856; x_wconf 73' lang='grc' dir='ltr'><strong>καὶ</strong></span> <span class='ocrx_word' id='word_1_760' title='bbox 2427 4806 2454 4855; x_wconf 90' lang='lat'><strong>6</strong></span> <span class='ocrx_word' id='word_1_761' title='bbox 2507 4804 2693 4873; x_wconf 80' lang='grc' dir='ltr'>Πατὴρ</span> <span class='ocrx_word' id='word_1_762' title='bbox 2748 4802 3026 4873; x_wconf 73' lang='grc' dir='ltr'>βούλεται,</span> <span class='ocrx_word' id='word_1_763' title='bbox 3098 4805 3377 4871; x_wconf 84' lang='grc' dir='ltr'>Μονογενῆ</span> <span class='ocrx_word' id='word_1_764' title='bbox 3437 4800 3719 4854; x_wconf 80' lang='grc' dir='ltr'>καλεῖσθαι</span> 
     </span>
    </p>
   </div>
   <div class='ocr_carea' id='block_1_106' title="bbox 2144 4891 3718 4962">
    <p class='ocr_par' dir='ltr' id='par_1_106' title="bbox 2144 4891 3718 4962">
     <span class='ocr_line' id='line_1_106' title="bbox 2144 4891 3718 4962; baseline -0.003 -15"><span class='ocrx_word' id='word_1_765' title='bbox 2144 4897 2309 4958; x_wconf 85' lang='grc' dir='ltr'>ποιεῖ,</span> <span class='ocrx_word' id='word_1_766' title='bbox 2342 4896 2437 4947; x_wconf 77' lang='grc' dir='ltr'><strong>καὶ</strong></span> <span class='ocrx_word' id='word_1_767' title='bbox 2468 4894 2677 4961; x_wconf 67' lang='grc' dir='ltr'>σοφίαν,</span> <span class='ocrx_word' id='word_1_768' title='bbox 2720 4894 2812 4946; x_wconf 69' lang='grc' dir='ltr'><strong>καὶ</strong></span> <span class='ocrx_word' id='word_1_769' title='bbox 2844 4894 3032 4962; x_wconf 82' lang='grc' dir='ltr'>Λόγον,</span> <span class='ocrx_word' id='word_1_770' title='bbox 3062 4896 3157 4947; x_wconf 63' lang='grc' dir='ltr'><strong>καὶ</strong></span> <span class='ocrx_word' id='word_1_771' title='bbox 3198 4897 3310 4957; x_wconf 83' lang='grc' dir='ltr'>τοῖς</span> <span class='ocrx_word' id='word_1_772' title='bbox 3357 4894 3539 4955; x_wconf 79' lang='grc' dir='ltr'>ἄλλοις</span> <span class='ocrx_word' id='word_1_773' title='bbox 3568 4891 3718 4959; x_wconf 83' lang='grc' dir='ltr'>λογι-</span> 
     </span>
    </p>
   </div>
   <div class='ocr_carea' id='block_1_107' title="bbox 2146 4983 3718 5055">
    <p class='ocr_par' dir='ltr' id='par_1_107' title="bbox 2146 4983 3718 5055">
     <span class='ocr_line' id='line_1_107' title="bbox 2146 4983 3718 5055; baseline -0.003 -16"><span class='ocrx_word' id='word_1_774' title='bbox 2146 4987 2262 5050; x_wconf 80' lang='grc' dir='ltr'>κοῖς</span> <span class='ocrx_word' id='word_1_775' title='bbox 2294 4985 2553 5055; x_wconf 83' lang='grc' dir='ltr'>κτίσμασι</span> <span class='ocrx_word' id='word_1_776' title='bbox 2583 4983 2752 5036; x_wconf 87' lang='grc' dir='ltr'>ταῦτα</span> <span class='ocrx_word' id='word_1_777' title='bbox 2784 4984 3070 5054; x_wconf 83' lang='grc' dir='ltr'>ὑπάρχειν,</span> <span class='ocrx_word' id='word_1_778' title='bbox 3102 4986 3195 5038; x_wconf 69' lang='grc' dir='ltr'><strong>καὶ</strong></span> <span class='ocrx_word' id='word_1_779' title='bbox 3224 4984 3498 5046; x_wconf 77' lang='grc' dir='ltr'>τοσούτοις</span> <span class='ocrx_word' id='word_1_780' title='bbox 3525 4983 3718 5051; x_wconf 72' lang='grc' dir='ltr'>ὀνόμαο</span> 
     </span>
    </p>
   </div>
   <div class='ocr_carea' id='block_1_108' title="bbox 2145 5074 3716 5147">
    <p class='ocr_par' dir='ltr' id='par_1_108' title="bbox 2145 5074 3716 5147">
     <span class='ocr_line' id='line_1_108' title="bbox 2145 5074 3716 5147; baseline -0.002 -18"><span class='ocrx_word' id='word_1_781' title='bbox 2145 5095 2228 5129; x_wconf 90' lang='grc' dir='ltr'><strong>σιν</strong></span> <span class='ocrx_word' id='word_1_782' title='bbox 2262 5076 2653 5129; x_wconf 80' lang='grc' dir='ltr'>ἀποκαλεῖσθαι</span> <span class='ocrx_word' id='word_1_783' title='bbox 2685 5077 2776 5128; x_wconf 75' lang='grc' dir='ltr'><strong>καὶ</strong></span> <span class='ocrx_word' id='word_1_784' title='bbox 2802 5077 2960 5139; x_wconf 67' lang='grc' dir='ltr'>αὐτὰ,</span> <span class='ocrx_word' id='word_1_785' title='bbox 2993 5077 3254 5147; x_wconf 80' lang='grc' dir='ltr'>ὅσοισπερ</span> <span class='ocrx_word' id='word_1_786' title='bbox 3303 5077 3369 5128; x_wconf 84' lang='grc' dir='ltr'><strong>ἂν</strong></span> <span class='ocrx_word' id='word_1_787' title='bbox 3400 5077 3493 5127; x_wconf 71' lang='grc' dir='ltr'><strong>καὶ</strong></span> <span class='ocrx_word' id='word_1_788' title='bbox 3516 5077 3543 5127; x_wconf 88' lang='lat'><strong>6</strong></span> <span class='ocrx_word' id='word_1_789' title='bbox 3572 5074 3716 5137; x_wconf 73' lang='grc' dir='ltr'>Υἱός.</span> 
     </span>
    </p>
   </div>
   <div class='ocr_carea' id='block_1_109' title="bbox 2145 5162 3719 5235">
    <p class='ocr_par' dir='ltr' id='par_1_109' title="bbox 2145 5162 3719 5235">
     <span class='ocr_line' id='line_1_109' title="bbox 2145 5162 3719 5235; baseline -0.002 -17"><span class='ocrx_word' id='word_1_790' title='bbox 2145 5169 2204 5218; x_wconf 79' lang='grc' dir='ltr'><strong>Εἰ</strong></span> <span class='ocrx_word' id='word_1_791' title='bbox 2235 5166 2291 5218; x_wconf 78' lang='grc' dir='ltr'>δὲ</span> <span class='ocrx_word' id='word_1_792' title='bbox 2327 5165 2529 5218; x_wconf 82' lang='grc' dir='ltr'>τούτων</span> <span class='ocrx_word' id='word_1_793' title='bbox 2558 5165 2729 5226; x_wconf 78' lang='grc' dir='ltr'>οὐδὲν,</span> <span class='ocrx_word' id='word_1_794' title='bbox 2758 5165 2878 5218; x_wconf 73' lang='grc' dir='ltr'>οὐτε</span> <span class='ocrx_word' id='word_1_795' title='bbox 2910 5168 3220 5235; x_wconf 77' lang='grc' dir='ltr'>Μονογενής</span> <span class='ocrx_word' id='word_1_796' title='bbox 3254 5168 3398 5217; x_wconf 75' lang='grc' dir='ltr'>ἐστιν</span> <span class='ocrx_word' id='word_1_797' title='bbox 3430 5166 3571 5229; x_wconf 76' lang='grc' dir='ltr'>Υἱὸς,</span> <span class='ocrx_word' id='word_1_798' title='bbox 3595 5162 3719 5215; x_wconf 76' lang='grc' dir='ltr'>οὐτε</span> 
     </span>
    </p>
   </div>
   <div class='ocr_carea' id='block_1_110' title="bbox 2143 5254 3719 5326">
    <p class='ocr_par' dir='ltr' id='par_1_110' title="bbox 2143 5254 3719 5326">
     <span class='ocr_line' id='line_1_110' title="bbox 2143 5254 3719 5326; baseline -0.003 -15"><span class='ocrx_word' id='word_1_799' title='bbox 2143 5259 2332 5324; x_wconf 83' lang='grc' dir='ltr'>Λόγος,</span> <span class='ocrx_word' id='word_1_800' title='bbox 2354 5257 2473 5311; x_wconf 82' lang='grc' dir='ltr'>οὐτε</span> <span class='ocrx_word' id='word_1_801' title='bbox 2514 5258 2695 5325; x_wconf 62' lang='grc' dir='ltr'>σοφία,</span> <span class='ocrx_word' id='word_1_802' title='bbox 2718 5258 2841 5311; x_wconf 78' lang='grc' dir='ltr'>οὔτε</span> <span class='ocrx_word' id='word_1_803' title='bbox 2876 5257 3011 5326; x_wconf 72' lang='grc' dir='ltr'>φῶς,</span> <span class='ocrx_word' id='word_1_804' title='bbox 3046 5258 3167 5310; x_wconf 77' lang='grc' dir='ltr'>οὐτε</span> <span class='ocrx_word' id='word_1_805' title='bbox 3202 5257 3563 5326; x_wconf 70' lang='grc' dir='ltr'>ἀπαύγασμα.</span> <span class='ocrx_word' id='word_1_806' title='bbox 3594 5254 3719 5308; x_wconf 80' lang='grc' dir='ltr'>οὐτε</span> 
     </span>
    </p>
   </div>
   <div class='ocr_carea' id='block_1_111' title="bbox 2149 5347 3718 5420">
    <p class='ocr_par' dir='ltr' id='par_1_111' title="bbox 2149 5347 3718 5420">
     <span class='ocr_line' id='line_1_111' title="bbox 2149 5347 3718 5420; baseline -0.005 -17"><span class='ocrx_word' id='word_1_807' title='bbox 2149 5349 2349 5420; x_wconf 68' lang='grc' dir='ltr'>μορφὴ,</span> <span class='ocrx_word' id='word_1_808' title='bbox 2397 5349 2519 5403; x_wconf 79' lang='grc' dir='ltr'>οὐτε</span> <span class='ocrx_word' id='word_1_809' title='bbox 2567 5349 2729 5401; x_wconf 82' lang='grc' dir='ltr'>εἰκὼν</span> <span class='ocrx_word' id='word_1_810' title='bbox 2764 5348 2858 5401; x_wconf 74' lang='grc' dir='ltr'><strong>τοῦ</strong></span> <span class='ocrx_word' id='word_1_811' title='bbox 2913 5350 3141 5419; x_wconf 69' lang='grc' dir='ltr'>Πατρός,</span> <span class='ocrx_word' id='word_1_812' title='bbox 3181 5351 3477 5416; x_wconf 81' lang='grc' dir='ltr'>ἀναγκαῖον</span> <span class='ocrx_word' id='word_1_813' title='bbox 3523 5347 3718 5400; x_wconf 77' lang='grc' dir='ltr'>εἰδέναι</span> 
     </span>
    </p>
   </div>
   <div class='ocr_carea' id='block_1_112' title="bbox 2146 5437 3715 5512">
    <p class='ocr_par' dir='ltr' id='par_1_112' title="bbox 2146 5437 3715 5512">
     <span class='ocr_line' id='line_1_112' title="bbox 2146 5437 3715 5512; baseline 0.002 -20"><span class='ocrx_word' id='word_1_814' title='bbox 2146 5441 2351 5509; x_wconf 76' lang='grc' dir='ltr'>λοιπὸν,</span> <span class='ocrx_word' id='word_1_815' title='bbox 2382 5443 2572 5512; x_wconf 77' lang='grc' dir='ltr'>ὅτιπερ</span> <span class='ocrx_word' id='word_1_816' title='bbox 2604 5442 2663 5493; x_wconf 81' lang='grc' dir='ltr'><strong>οὐ</strong></span> <span class='ocrx_word' id='word_1_817' title='bbox 2694 5440 2753 5494; x_wconf 75' lang='grc' dir='ltr'>τὸ</span> <span class='ocrx_word' id='word_1_818' title='bbox 2803 5440 3086 5511; x_wconf 67' lang='grc' dir='ltr'>βούλεσθαι</span> <span class='ocrx_word' id='word_1_819' title='bbox 3118 5439 3182 5494; x_wconf 68' lang='grc' dir='ltr'><strong>τὰ</strong></span> <span class='ocrx_word' id='word_1_820' title='bbox 3225 5441 3363 5493; x_wconf 73' lang='grc' dir='ltr'>αὐτὰ</span> <span class='ocrx_word' id='word_1_821' title='bbox 3411 5441 3485 5511; x_wconf 80' lang='grc' dir='ltr'><strong>τῷ</strong></span> <span class='ocrx_word' id='word_1_822' title='bbox 3522 5437 3715 5507; x_wconf 71' lang='grc' dir='ltr'>Πατρὶς</span> 
     </span>
    </p>
   </div>
  </div>
