4106 6204
446 402 453 407 ἱ
491 328 588 383 ιιι

1507 332 1563 385 S.
1604 328 1877 392 CYlilLLl
1916 330 2380 388 ALEXANDRINI
2426 334 2746 389 Allt‘lllEP.

3622 314 3745 391 m‘

491 455 574 498 ter
607 444 659 498 in
683 459 801 510 me;
829 465 846 498 ι
881 454 936 501 et
970 449 1185 500 ruis‘um
1221 465 1233 499 :
1270 465 1287 498 ι
1322 452 1419 516 Qui
1474 450 1607 503 vidit
1663 466 1769 513 me,
1804 449 1954 503 rvidit
1998 457 2042 502 et

2158 449 2283 513 Υίὸς
2299 452 2765 522 ἁναδειχθήσεται,
2786 453 2860 515 ὡς
2889 471 2981 505 και
3001 456 3253 506 ιυνασοαι
3277 453 3455 519 λέγειν
3474 468 3487 482 ·
3523 469 3542 500 ι
3582 450 3720 516 Ἐγὼ

488 534 721 590 Patrem.
760 554 777 586 ι

905 746 1132 817 ALIUD,
1172 749 1323 801 nioda
1360 748 1701 817 pexplicalivo.

561 858 633 913 Ita
674 870 755 915 est
786 878 946 914 mmm
988 862 1215 915 Pateret
1246 861 1434 926 Filius,
1457 876 1630 930 eaque
1655 863 1871 918 ratione
1895 866 2048 920 simi-

488 951 553 1004 lis
573 953 671 1020 ipsi
688 963 793 1014 est,
813 952 1261 1020 quemadmmlnm
1280 954 1330 1005 in
1362 953 1513 1007 nobis
1532 953 1695 1007 Filius
1721 954 1929 1008 ratione
1961 968 2050 1010 es-

486 1039 871 1091 sentizesimilis
887 1052 1005 1090 esse
1020 1037 1166 1091 Patri
1188 1038 1582 1110 intelligitur,ct
1603 1042 2049 1108 quemadmodum

484 1128 738 1193 splendor
751 1142 812 1180 ex
839 1128 1516 1195 soleprocedenstcimo,
1538 1146 1657 1185 cum
1682 1132 1752 1185 ita
1777 1146 1835 1185 se
1852 1131 2053 1187 habeat

487 1219 651 1272 Filius
689 1219 752 1272 ad
782 1218 1292 1291 Patrem,operante
1323 1222 1459 1278 Filio
1486 1234 1744 1291 operatur
1763 1235 1811 1277 et
1847 1224 2048 1280 Pater:

481 1324 652 1377 cuque
671 1326 880 1365 rursum
935 1313 1000 1366 ad
1024 1321 1241 1367 sanctos
1263 1316 1515 1367 veniente
1540 1315 1683 1367 venit
1720 1315 1885 1368 etiam
1944 1316 2051 1370 Pa-

482 1410 586 1465 ter,
622 1402 761 1457 sicut
831 1404 945 1472 ipse
987 1404 1100 1460 ait:
1132 1414 1152 1456 ι
1218 1404 1534 1470 Yeniemus,
1576 1420 1673 1475 ego
1698 1416 1750 1460 et
1784 1407 1962 1470 Pater,
1996 1418 2051 1462 ct

482 1494 809 1549 mansionem
837 1497 977 1565 apud
1006 1498 1177 1567 ipsum
1219 1496 1476 1553 faciemus
1499 1498 1565 1553 ⁸⁸.
1616 1517 1635 1550 ι
1663 1497 1855 1553 Omnia
1884 1501 2049 1566 cnim,

481 1592 538 1637 ut
561 1587 717 1641 modo
743 1587 944 1641 dictum
976 1597 1081 1650 est,
1113 1604 1142 1641 a
1188 1587 1349 1643 Patre
1376 1604 1473 1657 per
1532 1588 1723 1644 Filium
1757 1590 1889 1645 ﬁunt
1916 1608 1929 1646 :
1971 1592 2051 1645 id-

479 1678 625 1733 eirco
657 1681 700 1733 si
732 1682 926 1750 quibus
954 1697 1187 1749 unquam
1207 1682 1408 1736 sanctis
1427 1682 1597 1752 gratia
1627 1684 1748 1736 data
1772 1693 1879 1748 est,
1930 1699 2051 1740 eam

481 1768 639 1825 Pater
669 1787 763 1839 per
794 1771 985 1827 Filium
1016 1774 1239 1843 largitus
1266 1773 1434 1828 fuisse
1469 1771 1625 1843 115
1663 1774 1923 1829 cernitur.
1942 1774 2039 1828 Cu-

2151 542 2210 592 ἐν
2238 540 2317 611 τῷ
2347 543 2538 611 Πατρὶ,
2560 543 2653 595 καὶ
2685 545 2712 595 ό
2742 544 3007 612 Πατὴρέν
3043 545 3187 612 ἐμοὶ,
3223 562 3239 593 ι
3269 542 3362 596 καὶ
3384 542 3573 595 πάλιν·
3605 558 3623 591 ι
3662 542 3719 597 ’0

2153 628 2410 699 ἑωρακὼς
2441 631 2564 699 ἐμὲ,
2601 629 2811 700 ἑώρακε
2844 631 2934 683 16v
2970 630 3207 701 Πατέρα.
3258 651 3275 680 ι

2487 764 2688 824 ΑΛΛΟ,
2728 765 2927 830 τρόπῳ
2959 759 3381 831 διηγηματικῷ.

2222 873 2407 939 Οὕτως
2449 874 2508 927 ’ἐν
2555 877 2693 928 εἰσιν
2735 877 2764 926 6
2815 876 3003 945 Πατὴρ
3052 875 3143 928 καὶ
3184 876 3212 927 6
3256 873 3406 936 Υἱὸς,
3449 873 3542 925 καὶ
3580 873 3719 926 κατὰ

2152 963 2299 1016 τόνδε
2353 964 2441 1016 τὸν
2484 965 2684 1035 τρόπον
2726 966 2971 1034 ἐμφερής
3019 966 3167 1016 ἐστιν
3216 962 3380 1032 αὐτῷ,
3412 962 3487 1025 ὡς
3523 963 3587 1016 ἂν
3635 963 3718 1030 ἐφ’

2154 1051 2309 1120 ἡμῶν
2347 1055 2565 1124 νοηθείη
2596 1056 2709 1117 υίὸς
2742 1056 2872 1125 πρὸς
2900 1055 2990 1107 16v
3022 1054 3214 1108 ἑαυτοῦ
3242 1054 3451 1123 πατέρα
3493 1055 3632 1107 κατά
3655 1071 3717 1120 γε

2152 1139 2243 1192 τον
2288 1140 2383 1208 τῆς
2429 1142 2615 1204 οὐσίας
2647 1142 2822 1210 λόγον,
2858 1144 2949 1195 xui.
2977 1141 3052 1205 ὡς
3097 1142 3162 1194 ἂν
3197 1142 3292 1194 ἴδοι
3322 1159 3406 1203 τις
3452 1143 3587 1211 πρὸς
3629 1142 3719 1192 τὸν

2152 1227 2301 1296 ἥλιον
2331 1228 2390 1280 τὸ
2427 1229 2483 1294 ἐξ
2513 1231 2675 1282 αὐτοῦ
2698 1233 2884 1301 προϊὸν
2915 1232 3273 1300 ἀπαύγασμα.
3306 1231 3403 1284 Διὰ
3429 1231 3535 1302 γὰρ
3567 1231 3716 1283 τοῦτο

2153 1320 2245 1371 καὶ
2269 1318 2355 1371 διὰ
2375 1319 2432 1371 τὺ
2461 1319 2634 1382 οὕτως
2658 1321 2801 1390 ἔχειν
2828 1323 2917 1373 τὸν
2946 1323 3069 1375 Υἱδν
3100 1322 3235 1392 πρὸς
3263 1322 3354 1374 τὸν
3384 1320 3576 1373 ἑαυτοῦ
3612 1322 3717 1373 Πα-

2151 1408 2307 1480 τέρα,
2346 1408 2712 1480 ἐργαζομένου
2750 1409 2843 1463 τοῦ
2900 1410 3054 1471 Υίοῦ,
3093 1412 3121 1463 6
3178 1410 3366 1481 Πατὴρ
3409 1408 3717 1479 ἐργάζεται,

2153 1500 2247 1551 καὶ
2280 1499 2418 1569 πρὸς
2443 1501 2568 1562 τοὺς
2599 1501 2787 1567 ἁγίους
2818 1500 3112 1571 ἐρχομένου
3149 1501 3312 1554 πάλιν
3340 1499 3524 1564 αὐτοῦ,
3554 1502 3582 1551 6
3611 1502 3721 1551 lla-

2150 1592 2254 1660 τήρ
2286 1591 2432 1642 ἐστιν
2475 1592 2503 1643 6
2547 1591 2859 1660 ἐρχόμενος,
2895 1590 2968 1652 ὡς
2998 1590 3161 1652 αὐτὸς
3190 1590 3422 1659 ἔφησεν⁸
3465 1608 3483 1639 ι
3545 1589 3720 1641 Ἐλευ-

2155 1678 2381 1748 σόμεθα,
2424 1679 2534 1748 ἐγὼ
2582 1683 2675 1732 καὶ
2716 1681 2745 1732 6
2793 1681 3000 1751 Πατὴρ,
3046 1680 3137 1733 καὶ
3178 1680 3345 1749 μονὴν
3401 1682 3528 1750 παρ’
3573 1679 3721 1748 αὐτῴ

2156 1772 2472 1840 ποιήσομεν.
2515 1789 2533 1821 ι
2572 1772 2753 1825 Πάντα
2790 1771 2919 1840 γάρ,
2966 1770 3215 1840 καθάπερ
3245 1771 3342 1840 ήδη
3375 1771 3719 1840 προείρηται.

472 1861 562 1929 jus
626 1864 701 1916 rei
749 1862 949 1917 Paulus
1000 1866 1149 1918 testis
1196 1872 1300 1927 est,
1360 1862 1425 1916 ad
1458 1864 1717 1931 quosdam
1750 1864 2039 1919 scribens:

2146 1862 2297 1931 παρὰ
2339 1865 2548 1933 Πατρός
2587 1862 2654 1915 δι’
2691 1863 2819 1916 Υἱοῦ
2866 1863 3145 1931 γίγνεταιο
3196 1862 3288 1915 καὶ
3331 1861 3462 1930 γοῦν
3507 1864 3559 1914 εί
3593 1865 3720 1915 ποτέ

483 1972 501 2001 ι
549 1952 732 2007 Gratia
769 1955 917 2009 ι·οΙιίε
942 1966 993 2007 et
1028 1971 1128 2022 pax
1157 1971 1185 2006 a
1211 1954 1320 2008 Deo
1371 1955 1531 2008 Patre
1578 1967 1633 2009 et
1665 1954 1889 2008 Domino
1920 1954 2042 2010 Jesu

2151 1968 2292 2004 τισιν
2321 1952 2496 2018 ἁγίοις
2522 1952 2731 2006 δέδοται
2758 1954 2937 2023 χάρις,
2976 1951 3180 2022 ταύτην
3219 1954 3246 2004 6
3275 1952 3459 2021 Πατὴρ
3495 1953 3561 2004 δι’
3588 1952 3719 2004 Υίοῦ

477 2041 691 2096 Christo
716 2042 783 2096 ⁸⁹.
828 2062 846 2093 ι
890 2045 953 2097 Et
981 2046 1093 2112 ipse
1121 2059 1334 2098 rursum
1363 2043 1487 2096 alilii
1520 2061 1534 2097 :
1578 2060 1598 2094 ι
1630 2042 1746 2112 Ipse
1778 2043 1937 2099 Pater
1993 2056 2042 2100 et

2148 2046 2464 2114 χορηγήσας
2491 2045 2759 2112 φαίνεται.
2798 2047 2905 2098 Καὶ
2935 2045 3146 2114 μάρτυς
3183 2044 3211 2095 6
3255 2043 3465 2106 Παῦλος
3491 2045 3719 2114 γράφων

478 2132 619 2187 Deus
640 2143 824 2189 noster
843 2143 897 2189 et
926 2133 1181 2189 Dominus
1209 2146 1390 2189 noster
1415 2133 1572 2190 Jesus
1588 2134 1834 2189 Christus
1854 2138 2042 2205 dirigat

2148 2138 2283 2208 πρός
2309 2153 2492 2200 τινας’
2524 2155 2543 2187 ι
2578 2136 2753 2206 Χάρις
2780 2136 2908 2205 ὑμῖν
2937 2136 3032 2188 καὶ
3068 2136 3257 2206 είρήνη
3290 2134 3398 2187 άπὸ
3428 2119 3563 2187 Θεοῦ
3605 2137 3718 2189 Πα-

477 2225 619 2278 viam
648 2234 885 2281 nostram
912 2230 976 2278 ad
1016 2240 1111 2281 vos
1159 2225 1227 2281 “.
1267 2245 1286 2277 ι
1324 2224 1394 2281 At
1442 2227 1491 2281 si
1524 2243 1628 2282 non
1676 2238 1818 2282 esset
1866 2230 2045 2284 ttttilas

475 2316 653 2372 Patris
679 2332 805 2371 cum
838 2316 994 2381 Filio,
1034 2318 1261 2373 dixisset
1305 2317 1568 2387 profecto,
1631 2316 1876 2387 Dirigant
1901 2319 2041 2373 riam

474 2415 741 2472 nostram,
775 2416 833 2463 nt
864 2412 996 2463 duos
1029 2409 1378 2475 signiﬁcaret.
1456 2409 1610 2465 Nunc
1637 2426 1765 2468 vero
1821 2412 1875 2466 id
1937 2430 2041 2466 nou

472 2500 648 2556 facit:
699 2502 959 2555 unitatem
1041 2511 1221 2555 autem
1292 2498 1469 2555 Patris
1496 2512 1551 2555 et
1605 2501 1725 2557 Filii
1754 2503 2041 2557 manifeste

474 2592 793 2655 observans,
850 2592 1201 2661 singulariter
1256 2592 1412 2656 dixit,
1466 2593 1689 2663 dirigat,
1737 2609 1843 2648 non
1882 2595 2040 2663 quasi

471 2684 701 2740 seorsim
748 2682 927 2750 Pater,
957 2693 1013 2739 et
1062 2685 1290 2740 uorsim
1346 2683 1517 2741 Filius
1559 2687 1862 2755 suppeditet
1918 2703 2043 2755 gra-

473 2774 625 2841 tiam,
672 2774 767 2831 sed
829 2784 1081 2845 tanquam
1148 2773 1312 2829 Pater
1384 2790 1481 2844 per
1558 2776 1753 2831 Filium
1819 2779 1870 2833 in
1919 2779 2045 2847 Spi-

470 2865 579 2920 ritu
621 2876 815 2921 sancto
836 2881 900 2919 ex
926 2882 1029 2918 una
1048 2866 1247 2921 deitate
1271 2867 1408 2921 dona
1433 2882 1531 2921 sua
1549 2870 1751 2922 sanctis
1771 2869 2038 2925 conterat.

2146 2230 2275 2297 τρδς
2316 2230 2410 2281 καὶ
2448 2228 2652 2299 Κυρίου
2704 2227 2876 2298 Ἰησοῦ
2922 2227 3177 2296 Χριστοῦ.
3226 2246 3244 2278 ι
3288 2227 3457 2279 Πάλιν
3490 2229 3518 2279 6
3558 2228 3719 2290 αὐτὸς

2145 2320 2352 2389 ἑτέροις
2383 2318 2743 2373 ἐπιστέλλωνο
2788 2337 2806 2368 ι
2848 2318 3019 2381 Αὐτὸς
3054 2318 3112 2371 δέ
3154 2320 3184 2371 6
3220 2317 3407 2388 Πατὴρ
3454 2320 3550 2371 καὶ
3587 2319 3718 2381 Θεὸς

2138 2413 2319 2485 ἡμῶν,
2351 2413 2445 2466 καὶ
2468 2416 2497 2467 6
2526 2412 2730 2483 Κύριος
2753 2411 2909 2482 ἡμῶν
2952 2410 3161 2480 Ἰησοῦς
3189 2412 3421 2481 Χριστὸς
3453 2410 3717 2465 κατευθύ-

2142 2525 2231 2560 ναι
2261 2506 2359 2575 τὴν
2392 2506 2510 2558 ὁδὸν
2535 2506 2690 2576 ἡμῶν
2727 2506 2863 2576 πρὸς
2890 2506 3053 2574 ὑμᾶς.
3100 2522 3123 2554 ι
3178 2503 3315 2555 Ἀλλ’
3346 2505 3395 2556 εί
3432 2504 3509 2573 μή
3538 2520 3620 2566 τις
3649 2498 3717 2573 ἦν

2144 2598 2331 2667 ἑνότης
2362 2598 2539 2668 Πατρί⁵
2567 2596 2705 2665 πρὸς
2729 2596 2878 2660 Υἱδν,
2904 2590 3056 2648 εἶπεν
3084 2594 3172 2659 ἂν,
3198 2593 3591 2648 Κατευθύνοιεν
3620 2592 3717 2661 τὴν

2144 2691 2264 2744 ὁδὸν
2288 2689 2463 2760 ἡμῶν,
2484 2689 2572 2742 ἵνα
2589 2688 2714 2750 τοὺς
2733 2687 2829 2740 δύο
2849 2688 3087 2757 σημάνῃ.
3110 2686 3246 2740 Νυνὶ
3274 2686 3331 2739 δὲ
3351 2685 3510 2738 τοῦτο
3538 2685 3635 2752 μὲν
3654 2685 3716 2736 οὐ

2147 2784 2325 2835 ποιεῖ’
2355 2781 2456 2851 τὴν
2487 2779 2799 2848 δὲ·ένότητα
2826 2778 2918 2832 τοῦ
2953 2777 3162 2847 Πατρὺς
3206 2777 3300 2830 καὶ
3327 2776 3421 2830 τοῦ
3458 2775 3587 2828 Υίοῦ
3619 2764 3716 2844 τη-

2151 2873 2322 2943 ρήσας
2353 2871 2567 2940 σαφῶς,
2597 2871 2657 2924 16
2683 2869 3040 2926 κατευθύναι
3076 2867 3319 2920 τέθεικεν
3358 2867 3552 2928 ἑνικῶς
3571 2884 3586 2897 ·
3617 2867 3718 2935 οὐχ

468 2955 547 3019 ὥς
595 2957 701 3028 ίδίᾳ
749 2957 848 3027 μὲν
890 2957 984 3009 τοῦ
1026 2956 1261 3025 Πατρός,
1299 2958 1413 3030 ἰδία
1451 2958 1508 3011 δὲ
1554 2960 1916 3031 χορηγοῦντος
1943 2962 2036 3014 τοῦ
2079 2962 2231 3028 Υίοῦ,
2301 2963 2417 3017 ἀλλ’
2445 2962 2521 3026 ὡς
2584 2960 2794 3031 Πατρός
2826 2959 2893 3012 δι’
2927 2957 3054 3011 Υίοῦ
3081 2958 3139 3009 ἐν
3165 2957 3308 3027 ἁγίῳ
3345 2956 3622 3025 Πνεύματι
3651 2958 3718 3008 ἐκ

469 3047 569 3140 τῆς
608 3051 737 3123 μιᾶς
765 3048 1016 3120 Θεότητος
1046 3050 1415 3119 πεμπομένων
1443 3052 1552 3105 τῶν
1580 3054 1933 3124 χαρισμάτων
1962 3056 2041 3118 είς
2079 3057 2203 3119 τοὺς
2241 3055 2453 3124 ἁγίους.
3100 3091 3104 3096 -

1128 3163 1359 3220 ALIUD.

2829 3165 3031 3219 AAAO.

545 3282 601 3337 Si
640 3289 925 3351 separatus
970 3285 1113 3332 esset
1168 3274 1467 3332 secundum
1539 3284 1784 3331 naturam
1841 3277 1909 3331 ab
1962 3291 2042 3330 es-

2216 3278 2279 3330 Ei
2300 3276 2599 3348 κεχώριστο
2627 3275 2768 3330 κατὰ
2799 3274 2960 3345 φύσιν
2986 3274 3083 3343 τῆς
3116 3271 3208 3326 τοῦ
3236 3271 3445 3342 Πατρός
3475 3272 3659 3339 οὐσίας
3687 3277 3715 3328 6

471 3374 644 3430 sentia
672 3370 851 3427 Patris
897 3367 1086 3434 Filius,
1109 3376 1164 3422 et
1195 3367 1298 3422 nisi
1357 3367 1499 3421 inter
1539 3380 1634 3422 eos
1666 3366 2043 3435 inseparabilis

470 3466 714 3537 quaedam
746 3463 925 3517 unitas
955 3460 1331 3521 intercederet.
1357 3458 1534 3528 qualis
1555 3468 1638 3513 est
1677 3460 1821 3512 inter
1857 3457 2040 3528 splen-

472 3558 655 3612 dorem
678 3563 729 3608 et
746 3554 935 3618 solem,
970 3550 1234 3606 sutﬁccret
1265 3548 1435 3605 solum
1464 3547 1678 3603 Patrem
1706 3550 1909 3604 sanctis
1947 3550 2050 3604 do-

471 3663 541 3706 ua
563 3646 829 3706 conferre,
868 3659 970 3697 non
994 3642 1230 3698 admisso
1258 3641 1504 3697 simulad
1533 3642 1633 3697 hoc
1656 3641 1813 3697 Filio.
1837 3641 1970 3697 Nam
1995 3642 2042 3698 si

420 3720 427 3725 ’
472 3748 666 3793 creata:
692 3743 893 3788 naturae
914 3743 1018 3796 est,
1038 3744 1092 3787 et
1118 3733 1390 3786 diversum
1409 3732 1535 3802 quid
1576 3746 1608 3785 a
1639 3730 1768 3798 Deo,
1785 3748 1946 3802 quam
1971 3732 2045 3788 ob

472 3842 689 3882 causam
721 3841 842 3880 cum
877 3825 1016 3879 nulla
1044 3839 1107 3877 ex
1143 3824 1392 3879 omnibus
1416 3824 1681 3879 creaturis
1735 3823 1844 3880 Deo
1887 3839 2047 3880 cum-

473 3919 713 3973 municct
734 3918 800 3971 ad
830 3918 1131 3970 divinorum
1157 3915 1422 3970 donorum
1475 3915 1836 3984 largitionem,
1894 3916 2042 3969 solus

473 4010 586 4077 ipse
610 4008 960 4063 admittatur?
984 4004 1153 4061 Nemo
1176 4005 1317 4059 enim
1373 4004 1509 4058 ferat
1575 4006 1807 4074 aliquem
1855 4004 2042 4058 dicen-

475 4112 580 4154 tem
608 4115 621 4151 :
656 4099 755 4153 Det
789 4098 882 4152 tibi
914 4097 1197 4166 petitiones
1226 4094 1407 4146 cordis
1436 4094 1511 4146 tui
1588 4094 1725 4147 Deus
1780 4093 1938 4147 Pater
1984 4100 2039 4146 et

471 4190 727 4258 angelus;
764 4188 857 4242 sed
888 4201 1062 4255 neque
1090 4186 1135 4240 si
1172 4185 1300 4255 quid
1325 4184 1499 4252 majus
1554 4181 1747 4251 angelo
1770 4182 2032 4236 nominet.

473 4282 583 4335 Soli
614 4280 758 4332 cnim
807 4277 917 4331 Deo
950 4276 1201 4331 convenit
1227 4276 1352 4341 hoc,
1384 4275 1535 4330 dare.
1568 4272 1624 4328 Si
1650 4289 1780 4328 vero
1810 4273 1903 4327 dat
1930 4289 2042 4328 non

471 4387 593 4424 cum
630 4369 732 4421 ulla
753 4384 815 4423 ex
851 4366 1136 4433 creaturis,
1171 4367 1267 4420 sed
1325 4380 1447 4419 cum
1486 4365 1603 4420 solo
1657 4363 1796 4419 Filio
1839 4372 1894 4418 et
1942 4378 2037 4432 per

471 4461 664 4515 Filium
711 4462 762 4514 in
812 4460 1015 4529 Spiritu
1050 4468 1261 4524 sancto,
1320 4455 1667 4512 manifestum
1724 4457 1858 4511 satis
1910 4456 2035 4509 hinc

472 4553 639 4608 fuerit
672 4553 819 4606 illum
855 4552 1175 4606 naturaliter
1213 4566 1275 4605 ex
1314 4549 1548 4605 essentia
1566 4547 1761 4603 ‘Patris
1790 4548 2031 4617 genitum

470 4660 610 4709 csse,
632 4643 956 4711 Patremque
1008 4644 1059 4696 in
1090 4658 1149 4697 se
1202 4642 1439 4696 habere:
1469 4642 1750 4709 ipsumque
1791 4640 2031 4694 vicissim

2143 3368 2299 3434 Υἱὸς,
2325 3368 2420 3421 καὶ
2457 3368 2505 3419 εί
2553 3367 2628 3438 μή
2653 3383 2735 3429 τις
2762 3365 2948 3434 ἑνότης
2986 3361 3305 3423 ἁδιάστατος
3332 3356 3401 3430 ἦν
3438 3363 3495 3414 ἐν
3529 3363 3714 3427 αὐτοῖς

2139 3458 2331 3512 ὁποίαν
2376 3457 2487 3528 ἔχει
2517 3457 2579 3511 τὸ
2624 3455 2970 3525 ἀπαύγασμα
2997 3453 3134 3525 πρὸς
3166 3452 3256 3505 τὸν
3285 3453 3455 3523 ἥλιον,
3493 3452 3713 3523 ἐξήρκει

2141 3549 2236 3603 καὶ
2264 3548 2421 3619 μόνον
2455 3547 2547 3601 τὸν
2584 3546 2805 3618 Πατέρα
2830 3547 2941 3609 τοῖς
2982 3546 3157 3612 ἁγίοις
3185 3543 3474 3596 ἐπιδιδόναι
3520 3544 3583 3595 τά
3611 3561 3709 3614 χα-

2142 3638 2413 3710 ρίσματα,
2443 3639 2518 3710 μὴ
2556 3633 3226 3709 συμπαραλαμϐανομὲνου
3262 3634 3396 3702 πρὸς
3440 3633 3594 3686 τοῦτο
3620 3635 3713 3685 καὶ

2140 3729 2236 3783 τοῦ
2268 3730 2421 3785 Υίοῦ.
2449 3731 2511 3782 Ei
2540 3728 2645 3796 γὰρ
2676 3725 2901 3794 κτιστῆς
2927 3726 3075 3777 ἐστιν
3101 3723 3308 3787 οὐσίας,
3334 3724 3426 3776 καὶ
3453 3723 3636 3793 ἐτερόν
3657 3740 3711 3775 τι

2142 3820 2294 3889 παρά
2319 3819 2410 3871 16v
2439 3817 2594 3877 Θεὸν,
2618 3818 2768 3867 ποῖον
2800 3812 2912 3881 ἔχει
2938 3811 3095 3880 λόγον
3132 3812 3344 3875 οὐδενος
3385 3812 3493 3864 τῶν
3538 3812 3711 3865 ἄλλων

2141 3909 2456 3975 κτισμάτων
2489 3901 2966 3964 ἐπικοινωνοῦντος
2992 3900 3111 3971 Θεῷ
3138 3901 3273 3972 πρὸς
3311 3900 3406 3971 τὴν
3433 3901 3576 3952 δόσιν
3602 3901 3712 3953 τῶν

2141 3994 2301 4048 θείων
2342 3991 2723 4063 χαρισμάτων,
2755 3990 2912 4060 μόνον
2952 3990 3114 4042 αὐτὸν
3148 3988 3707 4058 παρα).αμ6άνεσθαι;

2140 4083 2215 4137 Οὐ
2262 4083 2367 4154 γὰρ
2414 4082 2665 4148 ἀνέξεταί
2716 4098 2798 4144 τις
2836 4079 3082 4148 λέγοντός
3126 4096 3303 4140 τινοςο
3352 4078 3475 4148 Δοίη
3529 4095 3611 4131 σοι
3642 4079 3709 4131 τά

2138 4175 2419 4245 αἰτήματά
2452 4191 2545 4226 σου
2575 4174 2708 4237 Θεὸς
2747 4173 2908 4242 τυχὸν
2938 4172 2968 4224 6
3000 4170 3188 4243 Πατὴρ
3236 4172 3331 4223 καὶ
3370 4173 3398 4222 ὁ
3443 4170 3672 4237 ἅγγελος
3693 4185 3706 4196 ·

2139 4267 2254 4321 ἁλλ’
2282 4265 2403 4319 οὺδέ
2431 4265 2482 4317 εί
2501 4282 2553 4318 τι
2579 4263 2764 4333 μεῖζον
2790 4261 3107 4331 ὀνομάσειεν
3136 4261 3389 4329 ἀγγέλου.
3418 4261 3579 4329 Μόνιρ
3602 4259 3710 4329 γάρ

2139 4358 2198 4411 16
2227 4357 2425 4411 διδόναι
2456 4356 2663 4427 πρέπει
2685 4354 2823 4425 Θεῷ.
2872 4356 2935 4408 Et
2958 4354 3016 4407 δὲ
3043 4353 3277 4415 δίδωσιν,
3306 4352 3368 4405 οὐ
3402 4352 3539 4419 μετά
3566 4367 3711 4413 τινος

2096 4448 2101 4451 ⁷
2139 4449 2325 4518 ἐτέρου
2351 4448 2458 4500 τῶν
2488 4447 2826 4516 κτισμάτων,
2858 4445 2992 4499 ἁλλὲι
3035 4444 3179 4515 μόνῳ
3211 4444 3306 4496 σὺν
3352 4442 3462 4511 Υίῷ
3504 4443 3598 4495 καὶ
3640 4442 3709 4494 δι’

2141 4542 2270 4595 Υίοῦ
2299 4543 2357 4593 ἐν
2387 4541 2526 4611 ἁγίῳ
2554 4538 2856 4609 Πνεύματι,
2898 4536 3052 4606 δῆλον
3082 4533 3332 4588 ἐντεῦθεν
3378 4534 3442 4585 ἂν
3481 4532 3566 4599 εἴη
3614 4533 3708 4584 καὶ

2143 4631 2303 4684 παντί
2342 4648 2414 4701 τῳ
2440 4628 2737 4699 γνώριμον,
2766 4630 2957 4697 ὅτιπερ
2997 4624 3097 4693 τῆς
3143 4624 3330 4686 οὐσίας
3371 4622 3463 4675 τοῦ
3499 4621 3708 4689 Πατρος

468 4736 815 4791 exsistentem
848 4732 902 4786 in
927 4731 1083 4785 Patre
1102 4732 1284 4785 omnia
1308 4730 1518 4783 edicere
1544 4738 1705 4796 atque
1735 4729 2035 4796 operari.et

2143 4724 2269 4777 ἴδιόν
2310 4725 2425 4776 ἐστι
2466 4722 2734 4792 γέννημα,
2768 4720 2860 4772 καὶ
2889 4721 2987 4771 τὸν
3009 4718 3226 4787 Πατέρα
3256 4716 3390 4784 ἔχων
3422 4715 3479 4765 ἐν
3508 4712 3705 4781 ἐαυτῷ,

468 4829 606 4884 dona
638 4828 841 4881 sanctis
870 4823 1138 4880 conferre.
1163 4823 1315 4889 Quod
1341 4829 1397 4876 et
1439 4820 1638 4875 Paulus
1672 4829 1899 4874 testatur
1958 4821 2037 4873 di-

470 4934 597 4973 cens
631 4935 643 4969 :
684 4937 702 4967 ι
727 4918 941 4972 Gratias
967 4932 1063 4985 ago
1089 4915 1195 4969 Deo
1221 4929 1345 4969 meo
1379 4929 1591 4981 semper
1620 4911 1685 4967 de
1713 4913 1863 4967 vobis
1895 4928 2022 4982 pro-

471 5014 589 5070 pter
611 5005 834 5071 gratiam
868 5004 961 5059 Dei
1010 5017 1128 5073 qua:
1172 5001 1293 5056 data
1361 5001 1514 5055 vobis
1570 5002 1627 5056 in
1673 5002 1893 5057 Christo

466 5110 527 5148 su
556 5096 621 5147 ".
658 5114 676 5146 ι

1153 5291 1380 5346 ALIUD.

846 5401 929 5455 Ex
964 5404 1250 5469 objectioue
1282 5403 1665 5458 hrrrelirorum.

545 5514 787 5581 Dixistis,
808 5516 979 5579 aiunt,
1009 5516 1206 5570 nullam
1243 5527 1612 5571 creaturarum
1644 5515 1752 5571 Deo
1782 5529 2027 5569 commn-

2139 4813 2302 4876 αὑτός
2330 4829 2391 4864 τε
2414 4811 2613 4881 ὁμοίως
2639 4809 2898 4878 ὑπάρχων
2924 4809 2980 4859 ἐν
3005 4806 3082 4875 τῷ
3126 4805 3316 4873 Πατρὶ,
3349 4803 3524 4855 πάντα
3559 4804 3708 4869 ἐνερ-

2139 4910 2227 4976 γεῖ
2252 4906 2347 4959 καὶ
2385 4904 2678 4974 ἐργάζεται
2720 4901 2811 4953 καὶ
2855 4900 3079 4968 χορηγεῖ
3105 4900 3213 4957 τοῖς
3252 4894 3423 4961 ἁγίοις
3467 4892 3565 4954 τὰς
3601 4892 3705 4944 δω-

2143 4999 2289 5069 ρεάς.
2339 4997 2448 5049 Καὶ
2500 4998 2706 5064 μάρτυς
2750 4992 2777 5043 ό
2822 4990 3029 5050 Παῦλος
3065 4988 3271 5054 λέγων’
3318 5005 3336 5034 ι
3388 4982 3708 5053 Εὑχαριστῶ

2139 5086 2216 5155 τῷ
2244 5084 2361 5155 Θεῷ
2412 5101 2513 5153 μου
2560 5083 2786 5135 πάντοτε
2836 5080 2960 5148 περὶ
2994 5078 3155 5147 ὑμῶν
3187 5076 3278 5128 ἐπὶ
3305 5078 3368 5145 τῇ
3402 5077 3582 5143 χάριτι
3612 5072 3706 5124 τοῦ

2140 5174 2279 5227 Θεοῦ
2308 5176 2373 5241 τῇ
2400 5172 2613 5241 δοθείσῃ
2643 5171 2767 5239 ὑμῖν
2803 5169 2860 5219 ἐν
2890 5164 3107 5236 Χριστῷ
3153 5163 3349 5231 Ἰησοῦ.
3400 5183 3417 5212 ι

2816 5277 3017 5327 ᾹᾹᾹΟ.

2376 5395 2468 5457 Ὡς
2497 5392 2563 5454 ἐξ
2595 5390 2948 5451 ἀντιθέσεως
2988 5384 3107 5437 τῶν
3143 5379 3466 5449 affectare)“.

2212 5507 2502 5577 Εἰρήκατε,
2530 5504 2681 5571 φασὶ,
2715 5503 2877 5573 μηδὲν
2910 5501 3014 5553 τῶν
3060 5496 3368 5567 κτισμάτων
3412 5506 3702 5561 συμπαρα-

541 5692 586 5722 ’⁸
619 5690 775 5747 Joan.
807 5706 917 5756 xw,
947 5690 1039 5748 ‘25.
1115 5693 1161 5724 "
1194 5692 1350 5746 Ποιιι.
1379 5709 1419 5756 ι,
1449 5693 1498 5747 7.
1575 5690 1620 5724 ³⁸
1654 5692 1671 5744 ι
1704 5689 1865 5745 Thes.
1910 5706 1989 5753 ιιι,
2039 5692 2042 5741 f

2196 5686 2237 5716 "
2276 5683 2291 5736 1
2327 5697 2450 5739 Lor.
2490 5702 2527 5750 ι,
2566 5692 2605 5737 ι.
