4106 6204
450 207 552 261 195

1435 199 1493 256 S.
1533 196 1809 254 CYRILLI
1847 194 2314 252 ALEXANDRINI
2352 194 2672 253 ARCHIEP.

3594 202 3693 257 196

447 318 690 375 stodiens
725 328 774 371 te
810 318 862 372 itt
890 316 973 371 via
1005 331 1328 387 quocunque
1364 315 1492 369 icris
1522 315 1591 366 “.
1634 333 1653 364 ι
1686 312 1826 367 Deus
1859 311 2020 382 igitur

2136 311 2411 381 ρυλάσσων
2445 329 2503 364 σε
2558 313 2616 365 ὲν
2649 314 2713 383 τῇ
2738 312 2842 383 ὀδῷ
2873 309 2936 366 οὗ
2969 312 3065 366 ἐὰν
3109 311 3399 384 πορευθῇς.
3438 328 3456 363 ι
3487 312 3695 365 Οὐκοῦν

447 421 564 464 erat
596 410 688 478 qui
717 409 986 474 liberavit,
1013 425 1118 464 non
1154 409 1402 477 angelus.
1444 404 1511 459 Et
1538 419 1727 459 rursus
1765 404 2023 472 :quando

449 500 627 554 Lahan
654 510 971 568 persecutus
995 510 1076 553 est
1100 497 1267 552 Jacoh
1296 506 1348 549 et
1394 494 1825 561 cmnprehendit,
1898 504 2026 549 tunc

449 606 660 659 quoque
688 589 829 645 Deus
854 589 1127 658 prohibuit
1167 587 1505 647 violentiam,
1538 598 1645 638 non
1705 583 2026 652 permittens

450 682 648 750 alloqui
672 680 861 736 Jacob.
882 680 1039 747 Quod
1082 690 1261 732 autem
1294 676 1438 730 Deus
1498 677 1610 729 hare
1660 675 1734 729 illi
1772 676 2027 744 prastite-

451 772 542 839 rit,
580 772 805 838 ipsemet
840 766 1355 823 testatnrnxoribus
1405 764 1518 819 suis
1560 764 1745 820 dicens
1778 781 1793 818 ε
1848 784 1867 817 ι
1908 763 2024 819 Non

451 863 597 917 dedit
629 862 766 915 Dens
788 870 1116 929 potestatem
1137 857 1320 912 Lahan
1353 856 1726 910 malefaciendi
1760 858 1887 912 mihi
1919 859 2020 911 ".t

450 951 661 1005 Rursus
693 964 813 1005 cum
839 948 1006 1001 frater
1038 946 1181 1001 Esau
1213 947 1310 1016 ipsi
1348 947 1719 1011 insidiaretur,
1744 964 1850 1003 non
1876 950 2029 1004 invo-

346 1040 349 1041 ⁷
450 1044 595 1097 cavit
625 1039 895 1108 angelum,
928 1038 1023 1091 sed
1046 1038 1237 1101 Deum,
1260 1038 1472 1091 dicens:
1503 1055 1521 1087 t
1560 1037 1721 1106 Eripe
1785 1054 1892 1103 me,
1923 1038 2028 1094 Do.

453 1134 617 1194 mine,
652 1132 718 1183 de
760 1144 923 1184 manu
957 1126 1143 1182 fratris
1181 1127 1284 1182 mei
1316 1125 1481 1191 Esau,
1534 1128 1662 1196 quia
1698 1127 1862 1184 timeo
1940 1129 2027 1200 ip-

449 1238 566 1275 sum
597 1220 664 1273 ⁸⁸.

411 1425 423 1435 ’
454 1437 683 1501 ALIUD,
727 1453 819 1505 per
874 1435 1395 1518 demonstrationem,
1441 1438 1582 1518 quod
1646 1435 1874 1491 Verbum
1906 1436 2027 1503 Dei,

966 1522 1159 1574 specus
1190 1516 1354 1573 tpst’us
1380 1516 1479 1562 est.

2122 404 2253 467 Θεὸς
2278 400 2344 475 ἦν
2372 406 2401 457 6
2436 405 2715 475 ῥυόμενος,
2742 407 2837 458 καὶ
2859 407 2959 458 οῦκ
2980 404 3228 473 ἄγγελος.
3258 404 3369 457 Καὶ
3398 403 3584 469 πάλιν,
3605 404 3693 457 ὅτε

2123 497 2309 549 Δάῦαν
2355 495 2645 559 κατεδίωξε
2694 496 2785 548 τὸν
2834 494 3038 549 Ἳακὼ6
3079 496 3173 547 καὶ¹
3212 493 3512 554 κατέλαϐε,
3575 494 3694 547 τότε

2124 587 2286 641 πάλιν
2317 587 2450 650 Θεὸς
2489 586 2768 640 κεκώλυκε
2796 586 2894 657 τὴν
2926 588 3211 657 ἐπήρειαν,
3240 587 3301 638 οὐ
3336 584 3695 657 συγχωρήσας

2123 676 2353 746 λαλῆσαι
2375 679 2592 748 ῥήματα
2622 676 2758 747 πρὸς
2782 677 2872 729 τὸν
2907 676 3121 731 Ἰακώϐ.
3158 677 3277 729 Ὅτι
3302 676 3357 729 δὲ
3385 675 3517 739 Θεὸς
3548 675 3696 745 αὐτῷ

2125 768 2220 819 καὶ
2252 765 2410 818 τοῦτο
2437 766 2714 837 ἐξήνυσεν,
2750 767 2913 829 αὐτὸς
2941 766 3092 820 ἔσται
3128 767 3337 837 μάρτυς
3368 764 3542 834 λέγων
3563 766 3695 837 πρὸς

2124 859 2223 919 τὰς
2258 855 2452 909 ἑαυτοῦ
2491 860 2756 925 γυναῖκας
2778 874 2790 888 ·
2832 878 2849 909 ι
2889 859 3005 911 Ούκ
3044 857 3241 911 ἔδωκεν
3267 858 3296 909 ὁ
3323 856 3455 920 Θεὸς
3485 856 3560 926 τῷ
3589 858 3696 910 Ad-

2126 950 2227 1003 δαν
2273 948 2641 1017 κακοποιῆσαί
2689 965 2774 1018 με.
2819 967 2836 998 ι
2869 948 2979 1001 Καί
3018 946 3177 1000 πάλιν
3223 944 3699 1015 ὲπιόουλευόμενος

2127 1042 2277 1111 παρὰ
2320 1040 2413 1094 τοῦ
2456 1039 2686 1108 ἀδελφοῦ
2729 1039 2921 1101 Ἡσαῦ,
2953 1040 3053 1093 ούκ
3092 1038 3324 1106 ἄγγελον
3360 1037 3697 1100 επεκαλεῖτο,

2127 1134 2264 1191 ἀλλὰ
2295 1134 2426 1187 Θεδν
2472 1133 2767 1203 παρεκάλει
2800 1131 2967 1201 βοιῖινο
3022 1151 3041 1183 ι
3104 1129 3317 1196 Ἐξελοῦ
3363 1146 3453 1199 με,
3504 1128 3698 1199 Κύριε.

2128 1228 2189 1279 ὲκ
2246 1224 2428 1295 χειρὸς
2475 1222 2569 1275 τοῦ
2617 1218 2844 1289 ἀδελιροῦ
2897 1236 2998 1289 μου
3046 1218 3238 1284 Ἠσαῦ,
3292 1218 3375 1271 ὃτι
3427 1215 3701 1285 φοσοῦμαι

2130 1316 2313 1370 αὐτόν.
2363 1333 2381 1365 ι

2132 1450 2332 1511 ΑΛΛΟ,
2373 1444 2816 1511 ἀποδεικτικῶς,
2854 1445 2941 1497 ἔτι
2985 1446 3018 1498 ό
3062 1445 3250 1512 Λόγος
3293 1443 3400 1498 τοῦ
3438 1442 3604 1509 Θεοῦ,
3638 1442 3705 1496 τὸ

2613 1512 2773 1582 εἶδος
2803 1515 2990 1568 αὑτοῦ
3018 1515 3208 1568 ἐστιν.

522 1643 783 1695 Servator
811 1641 1005 1695 alicubi
1045 1641 1109 1693 ad
1132 1639 1345 1694 Iudaeos
1366 1639 1650 1694 admodum
1673 1640 2027 1697 refractarios

2199 1652 2361 1718 Λέγει
2416 1666 2519 1702 που
2570 1650 2704 1720 πρὸς
2764 1647 3052 1710 Ἰουδαίους
3099 1647 3221 1700 λίαν
3272 1644 3630 1709 ἀπειθοῦντας
3676 1646 3707 1698 6

450 1732 609 1785 dicit:
646 1749 664 1780 ι
705 1729 804 1794 Qui
832 1745 917 1782 tne
953 1729 1096 1781 misit
1121 1727 1306 1790 Pater,
1350 1728 1441 1781 ille
1474 1729 1840 1783 testimonium
1900 1746 2021 1798 per-

454 1818 626 1872 hibuit
695 1817 763 1871 de
823 1831 931 1880 me,
997 1816 1151 1884 cujus
1200 1831 1384 1871 vocent
1470 1833 1569 1872 nec
1619 1833 1713 1872 vos
1796 1834 2031 1889 unquam

454 1908 702 1974 audistis,
727 1922 901 1977 neque
918 1909 1152 1976 speciem
1175 1908 1293 1977 ejus
1317 1908 1550 1974 vidistis,
1571 1919 1624 1962 et
1655 1910 1881 1964 verbum
1916 1912 2034 1978 ejus

453 2018 555 2055 non
592 2000 799 2054 habetis
841 2014 1062 2053 manens
1097 2000 1149 2052 itt
1180 2001 1369 2053 vobis:
1417 2000 1542 2070 quia
1574 2016 1733 2070 quem
1790 2001 1879 2056 illc
1933 2003 2035 2056 nti-

451 2098 542 2158 sit,
602 2092 727 2147 huic
782 2107 881 2147 vos
914 2109 1019 2146 non
1077 2093 1323 2147 creditis.
1364 2112 1385 2145 ι
1428 2094 1563 2159 Quia
1596 2095 1759 2165 igitur
1791 2111 1895 2151 non
1919 2110 2034 2150 cre-

451 2185 703 2236 diderunt
721 2181 898 2236 Verbo
923 2197 988 2236 ex
1025 2182 1183 2236 Patre
1218 2182 1406 2245 misso,
1447 2184 1704 2237 dicuntur
1731 2199 1907 2253 neque
1938 2200 2035 2238 vo-

450 2292 566 2328 cem
594 2275 692 2329 Dei
720 2274 961 2336 audisse,
1019 2288 1193 2342 neque
1239 2274 1472 2343 speciem
1509 2273 1627 2343 ejus
1664 2289 1896 2343 unquam
1956 2276 2035 2329 vi-

451 2365 713 2430 disse,sed
737 2379 911 2433 neque
945 2364 1145 2420 habere
1182 2366 1492 2420 inhabitans
1525 2366 1576 2420 iu
1618 2366 1752 2436 ipsis
1787 2369 2031 2422 verbum.

451 2455 615 2523 Atqui
691 2440 1038 2507 manifeStum
1093 2454 1196 2509 hoc
1244 2455 1610 2524 onmibusque
1685 2456 2031 2524 perspicuum

452 2562 573 2600 esse
600 2554 797 2615 potest,
838 2545 884 2600 si
910 2545 1250 2614 recepissent
1309 2560 1430 2599 eum
1490 2546 1583 2615 qui
1644 2546 1841 2601 missus
1894 2557 2035 2610 erat,

455 2651 639 2690 vocem
662 2652 881 2706 quoque
919 2636 1010 2690 Dei
1042 2637 1346 2701 audissent,
1376 2645 1431 2690 et
1461 2638 1695 2706 speciem
1726 2636 1841 2703 ejus
1870 2639 2036 2692 vidis-

466 2733 611 2789 sent,
632 2734 686 2778 et
708 2724 1023 2779 habuissent
1045 2724 1351 2780 inhabitans
1378 2725 1433 2780 in
1457 2725 1586 2795 ipsis
1623 2725 1886 2780 Verbum.
1912 2726 2034 2780 llaec

455 2817 617 2885 igitur
658 2817 838 2871 omnia
871 2825 956 2870 est
977 2816 1147 2871 Filius
1178 2832 1191 2868 :
1256 2817 1514 2871 nitnirum
1544 2832 1671 2882 vos,
1720 2818 1949 2887 species.
1981 2828 2034 2873 et

462 2906 696 2962 Verbum
738 2908 938 2962 Patris.
974 2907 1029 2961 Si
1062 2916 1242 2962 autem
1264 2909 1473 2978 species
1497 2916 1603 2976 est,
1635 2918 1784 2962 certe
1812 2921 1866 2962 et
1902 2909 2037 2962 inta-

2136 1744 2327 1814 Σωτήρ
2346 1760 2359 1774 ·
2389 1761 2407 1793 t
2447 1742 2504 1793 '0
2524 1740 2741 1810 πέμψας
2767 1757 2831 1810 με
2853 1738 3060 1810 Πατὴρ,
3085 1740 3291 1801 ἐκεῖνος
3318 1736 3708 1809 μεμαρτύρηκε

2135 1836 2265 1906 περὶ
2287 1832 2443 1905 ἐμοῦ,
2476 1832 2599 1885 οὔτε
2633 1834 2815 1901 φωνὴν
2844 1830 3005 1885 αὐτοῦ
3029 1831 3299 1899 ἀκηκόατε
3328 1827 3711 1891 πώποτε,οῦτε

2135 1922 2273 1989 εἶδος
2299 1924 2465 1978 αὑτοῦ
2499 1922 2806 1993 ἑωράκατε,
2831 1921 3037 1975 καὶτὸν
3058 1921 3216 1988 λόγον
3239 1920 3403 1973 αὑτοῦ
3427 1920 3528 1973 οὐκ
3556 1917 3709 1989 ἔχετε

2136 2020 2195 2070 ἐν
2231 2019 2360 2087 ὑμῖν
2404 2017 2657 2086 μένοντα,
2688 2015 2771 2067 ὅτι
2802 2012 2860 2065 ὃν
2907 2011 3226 2065 ἀπέστειλεν
3260 2011 3488 2070 ἐκεῖνος,
3535 2009 3710 2078 τούτῳ

2137 2113 2297 2181 ὑμεῖς
2325 2111 2386 2162 ού
2427 2108 2734 2161 πιστεύετε.
2774 2123 2793 2157 ι
2831 2104 3024 2157 Τοίνυν
3055 2104 3136 2157 ὅτι
3181 2104 3256 2174 μὴ
3305 2099 3711 2154 πεπιστεύκασι

2134 2202 2212 2273 τῷ
2245 2204 2311 2254 ὲκ
2339 2200 2434 2254 τοῦ
2465 2199 2678 2269 Πατρὸς
2716 2196 3074 2251 ἀποσταλέντι
3102 2195 3274 2264 Λόγῳ,
3307 2191 3432 2246 οὔτε
3468 2192 3565 2262 τῆς
3600 2207 3714 2257 φω-

2135 2296 2234 2364 νῆς
2266 2293 2557 2363 ἀκηκοέναι
2599 2290 2844 2358 λέγονται
2869 2287 2962 2341 τοῦ
2992 2284 3150 2346 Θεοῦ,
3190 2283 3314 2337 οὔτε
3351 2282 3458 2352 μὴν
3484 2281 3546 2334 τὸ
3573 2275 3712 2344 εἶδος

2136 2383 2300 2440 αὑτοῦ
2333 2381 2619 2436 τεθεᾶσθαι
2668 2378 2907 2438 πώποτε,
2941 2377 3052 2430 ἀλλ’
3085 2375 3207 2428 οὔτε
3259 2374 3403 2444 ἔχειν
3433 2376 3490 2424 ὲν
3531 2370 3712 2432 αὐτοῖς

2137 2472 2453 2528 ἐνοικοῦντα
2484 2471 2574 2523 τὸν
2607 2470 2787 2537 λόγον.
2822 2468 2978 2519 Ἔστι
3009 2464 3072 2535 δὴ
3115 2463 3300 2517 λοιπὸν
3338 2462 3510 2514 ἅπασι
3542 2458 3714 2527 σαφὲς

2137 2566 2232 2620 καὶ
2262 2563 2611 2624 εὐσύνοπτον,
2639 2562 2853 2627 ὅτιπερ,
2886 2559 2933 2610 εἰ
2963 2555 3212 2619 ἐδέξαντο
3240 2553 3330 2605 τὸν
3365 2546 3712 2629 ἀπεσταλμέ-

2137 2671 2247 2716 νον,
2276 2654 2519 2722 ἥκουσαν
2548 2647 2614 2701 ἂν
2648 2647 2742 2700 καὶ
2774 2646 2870 2714 τῆς
2908 2642 3094 2713 φωνῆς
3116 2640 3208 2693 τοῦ
3245 2638 3401 2702 Θεοῦ,
3433 2637 3525 2691 καὶ
3553 2636 3616 2688 τὸ
3640 2629 3715 2687 εἷο

2136 2746 2224 2807 δος
2250 2744 2544 2799 ἐθεάσαντο
2572 2740 2753 2801 αὐτοῦ,
2783 2739 2875 2792 καὶ
2900 2732 3044 2804 εἶχον
3064 2731 3373 2785 ἐνοικοῦντα
3406 2730 3498 2782 τὸν
3516 2729 3710 2796 Λόγον.

2138 2831 2324 2884 Ταῦτα
2371 2830 2549 2882 τοίνυν
2585 2827 2761 2878 πάντα
2801 2825 2946 2877 ἐστὶν
2979 2825 3007 2877 ὀ
3052 2822 3196 2884 Υἱὸς,
3232 2819 3383 2887 φωνὴ
3428 2817 3523 2870 καὶ
3552 2813 3714 2879 εἶδος,

2138 2923 2232 2975 καὶ
2261 2922 2431 2988 Λὸγος
2472 2918 2567 2971 τοῦ
2607 2915 2838 2985 Πατρός.
2876 2915 2938 2967 El
2972 2913 3029 2965 δὲ
3072 2907 3209 2974 εἶδός
3253 2911 3389 2971 ἔστι,
3429 2906 3589 2974 δῆλον
3631 2907 3717 2959 ὅτι

456 3015 545 3069 go,
575 3007 628 3052 et
655 2999 951 3053 character
978 3007 1059 3054 est
1084 3000 1125 3053 ⁸.
1155 2997 1369 3054 [labens
1392 2998 1577 3069 itaque
1636 3008 1696 3052 ut
1749 2999 2034 3052 character

2138 3014 2227 3066 καὶ
2261 3010 2423 3064 είκὼν
2453 3010 2549 3062 καὶ
2590 3006 2895 3078 χαρακτήρ.
2952 3004 3133 3073 Ἐχων
3171 2997 3264 3055 οὖν
3307 3000 3383 3063 ὡς
3428 2998 3718 3069 χαρακτὴρ

461 3091 513 3141 in
542 3103 601 3143 se
630 3087 954 3142 naturaliter
998 3089 1377 3158 archetypum,
1432 3088 1547 3142 sive
1596 3086 1873 3154 exemplar
1920 3085 2037 3155 ejus

458 3178 615 3247 cujus
647 3188 732 3234 est
754 3179 1062 3243 character,
1098 3192 1224 3233 vere
1263 3178 1432 3236 dicit:
1476 3197 1495 3233 t
1529 3176 1638 3248 Ego
1669 3179 1721 3235 itt
1774 3178 1956 3243 Patre,
1983 3188 2038 3234 et

461 3274 622 3326 Pater
654 3272 708 3325 in
742 3286 830 3327 me
861 3272 906 3338 ¹;
955 3288 974 3322 ι
1030 3277 1106 3335 et,
1151 3288 1170 3323 ι
1226 3268 1339 3342 Ego
1401 3279 1457 3326 et
1507 3270 1669 3325 Pater
1722 3285 1887 3325 unum
1940 3285 2036 3325 su-

464 3379 583 3418 tnus
621 3364 663 3417 ³.
701 3380 720 3415 t

534 3490 763 3558 ALIUD,
798 3493 1071 3547 ostendens
1092 3493 1239 3615 quot
1260 3492 1481 3575 i’erbum
1525 3504 1736 3549 vocetur
1774 3495 1970 3562 species

1240 3581 1311 3615 ει.

1240 3581 1311 3617 ει.

540 3674 854 3728 Patriarcha
878 3671 1046 3729 Jacob
1071 3675 1491 3742 cognominatus
1525 3673 1632 3728 fuit
1667 3674 1959 3743 aliquando
2009 3688 2039 3727 a

468 3766 578 3822 Deo
609 3763 797 3820 Israel.
854 3783 874 3817 t
915 3764 1072 3830 Nam,
1098 3773 1154 3817 ut
1185 3765 1359 3833 inquit
1389 3765 1692 3835 Scriptura,
1713 3778 1936 3821 exortus
1959 3774 2044 3821 est

472 3860 522 3910 ei
566 3859 644 3911 sol
671 3857 888 3925 quando
918 3856 1393 3924 transivitspecies
1420 3855 1509 3910 Dei
1536 3857 1578 3910 ⁸.
1617 3876 1637 3909 ι
1670 3855 1890 3925 Spectcs
1949 3871 2043 3908 au-

470 3961 575 4003 tem
607 3950 705 4004 Dei
736 3950 990 4018 quidnam
1027 3948 1169 4001 aliud
1196 3949 1287 4010 sit,
1316 3961 1475 4014 quam
1520 3948 1565 4000 is
1583 3948 1672 4015 qui
1713 3948 1878 4000 libere
1928 3945 2040 3998 cla-

470 4052 619 4095 tnat:
651 4060 669 4091 ι
699 4040 799 4105 Qui
839 4040 969 4091 vidit
996 4055 1101 4102 ttte,
1139 4038 1265 4090 vidit
1292 4046 1346 4091 et
1373 4035 1587 4090 Patrem
1613 4037 1655 4090 '.
1722 4035 1832 4104 Ego
1863 4036 1915 4088 in
1943 4034 2042 4087 Pa-

469 4138 570 4188 tre.
592 4140 644 4183 et
678 4131 836 4183 Pater
857 4130 910 4183 itt
954 4146 1072 4195 me;
1114 4148 1131 4180 ι
1165 4140 1239 4191 et,
1265 4147 1282 4180 ι
1319 4126 1429 4198 Ego
1460 4138 1515 4182 et
1549 4127 1709 4182 Pater
1741 4143 1902 4182 unum
1951 4141 2043 4181 su-

473 4222 635 4274 tnus?
681 4240 698 4273 ι

614 4414 940 4484 ijectiones
962 4418 1187 4470 uestium
1219 4416 1414 4471 Christi
1435 4416 1599 4485 plena:
1620 4417 1903 4485 impietate.

542 4625 820 4679 aervator,
860 4615 1131 4686 inquiunt,
1160 4617 1276 4686 ipse
1304 4616 1515 4670 Patrem
1543 4632 1699 4671 suum
1754 4631 1850 4686 pro
1891 4616 2048 4672 disci-

473 4708 613 4777 pulis
643 4708 776 4769 suis,
808 4722 1013 4777 proque
1036 4708 1305 4762 universis
1334 4709 1423 4776 qui
1451 4708 1612 4778 118
1640 4710 1690 4760 in
1724 4708 1893 4777 ipsum
1923 4721 2045 4762 cre-

473 4802 626 4863 dunt,
653 4809 791 4863 orat,
845 4800 915 4852 ita
963 4800 1145 4853 dicens
1179 4817 1191 4851 :
1240 4816 1259 4849 t
1304 4797 1460 4853 l’ater
1485 4809 1690 4861 sancte,
1714 4799 1919 4853 custodi
1950 4813 2045 4854 eos

476 4888 527 4939 in
590 4889 805 4942 nomine
861 4898 951 4943 tuo
1000 4905 1137 4957 quos
1187 4890 1378 4943 dedisti
1439 4888 1592 4955 mihi,
1629 4890 1820 4943 utsint
1880 4904 2044 4943 unum

475 4976 613 5028 sicut
632 4987 687 5030 et
716 4994 814 5033 nos
854 4980 894 5035 ‘.
936 5000 953 5033 ι
991 4979 1056 5034 Ει
1081 4982 1236 5049 patilo
1270 4990 1430 5051 post:
1469 5000 1486 5033 ι
1523 4980 1633 5037 Nec
1660 4998 1758 5052 pro
1807 4983 1924 5037 istis
1953 4997 2043 5038 so-

477 5064 542 5118 lis
573 5081 725 5135 rogo,
749 5070 842 5122 sed
862 5073 1024 5126 etiam
1056 5087 1155 5141 pro
1217 5073 1560 5128 credentibus
1594 5088 1688 5144 per
1739 5088 2042 5141 sermonem

474 5167 659 5207 eorum
681 5156 732 5210 in
766 5173 888 5213 me:
921 5170 972 5213 ut
996 5177 1184 5215 omnes
1217 5179 1380 5215 utnun
1412 5165 1541 5227 sint,
1581 5168 1721 5217 sicut
1755 5172 1830 5228 tu,
1867 5162 2045 5227 Pater,

479 5244 530 5296 in
564 5260 670 5309 me,
688 5257 742 5301 et
778 5265 876 5319 ego
905 5250 1052 5319 inte,
1084 5264 1141 5308 ut
1173 5266 1226 5308 et
1257 5255 1354 5324 ipsi
1400 5256 1453 5309 itt
1479 5256 1631 5310 nobis
1682 5272 1853 5309 unum
1888 5257 2037 5321 sint;

477 5344 536 5387 ut
565 5338 796 5394 mundus
813 5344 996 5396 credat
1028 5348 1169 5412 quod
1206 5357 1261 5398 tu
1310 5360 1397 5400 tne
1437 5344 1651 5401 misisti.
1686 5347 1754 5402 Et
1798 5360 1897 5415 ego
1932 5346 2045 5417 glo-

556 5508 600 5541 ⁸⁸
626 5510 761 5583 Gen.
797 5530 982 5577 xum,
1017 5518 1108 5571 25.
1184 5519 1227 5551 "
1265 5520 1400 5573 Gvn.
1441 5536 1585 5583 xxxi,
1626 5523 1676 5573 Ἰ.
1753 5520 1797 5552 ’⁵
1827 5520 1964 5574 Gen.
1994 5535 2166 5582 χχιιι,
2214 5521 2293 5574 ll.

2139 3102 2281 3156 κατὰ
2334 3099 2497 3167 φύσιν
2540 3099 2597 3150 ὲν
2630 3096 2809 3166 ἑαυτῷ
2839 3094 2902 3147 τὸ
2946 3093 3320 3165 πρωτότυπον,
3351 3082 3414 3143 οὗ
3459 3088 3555 3142 καὶ
3602 3087 3717 3141 ἔστι

2139 3190 2448 3264 χαρακτὴρ,
2479 3186 2770 3258 ἀληθεύσει
2801 3185 2982 3254 λέγων
3004 3200 3017 3215 ο
3053 3202 3071 3236 t
3114 3181 3255 3249 Ἐγὼ
3302 3183 3359 3234 ὲν
3402 3179 3481 3249 τῷ
3518 3179 3714 3248 Πατρὶ,

2140 3284 2234 3336 καὶ
2262 3284 2289 3336 6
2317 3280 2508 3353 Πατὴρ
2536 3281 2594 3333 ὲν
2626 3277 2747 3350 ἐμοί
2767 3294 2781 3309 ’
2822 3298 2841 3331 ι
2879 3276 2995 3343 καὶ,
3030 3294 3048 3328 t
3097 3272 3237 3343 Ἐγὼ
3263 3274 3358 3327 καὶ
3390 3273 3419 3325 6
3447 3271 3631 3339 Πατὴρ
3657 3269 3718 3322 ἓν

2140 3375 2328 3445 ἐσμεν.
2378 3391 2396 3424 ι

2141 3507 2348 3571 ΛΛΛΟ,
2413 3503 2715 3575 σημαῖνον
2775 3495 3093 3636 ὅτλόῖεῐόος
3165 3493 3313 3549 Θεοῦ
3368 3490 3632 3546 καλεῖται
3684 3490 3724 3541 δ

2955 3586 3044 3632 ος.

2831 3575 3044 3632 Λόγος.

2228 3689 2287 3745 '0
2335 3687 2680 3758 πατριάρχης
2736 3678 2930 3734 Ἰακὼὸ
2980 3673 3374 3748 μετωνομάσθη
3427 3670 3577 3740 παρὰ
3622 3666 3719 3720 τοῦ

2145 3780 2279 3836 Θεοῦ
2321 3781 2414 3833 καὶ
2443 3778 2702 3845 κέκληται
2747 3770 2891 3825 κατά
2926 3786 3046 3823 τινα
3083 3767 3274 3839 χρόνον
3332 3763 3567 3835 Ἰσραὴλ,
3609 3761 3719 3821 ὅτε,

2145 3871 2289 3925 καθά
2310 3885 2476 3939 φησιν
2496 3869 2530 3937 ἡ
2557 3866 2677 3918 θεία
2698 3860 2909 3932 Γραιξὴ,
2948 3878 2966 3910 ι
3006 3856 3301 3911 Ἀνέτειλεν
3330 3854 3477 3924 αὐτῷ
3500 3856 3528 3906 6
3547 3852 3717 3922 ἥλιος.

2148 3963 2311 4033 ἡνίκα
2341 3957 2589 4028 παρῆλθε
2618 3956 2680 4009 τὸ
2710 3952 2845 4017 εἶδος
2872 3951 2966 4005 τοῦ
2995 3948 3152 4004 Θεοῦ.
3193 3966 3211 4001 ι
3246 3943 3395 4009 Εἶδος
3422 3945 3476 3997 δὲ
3507 3939 3722 4033 Θεοῦτι

2147 4032 2215 4107 ἂν
2265 4052 2453 4122 ἓτερον
2502 4048 2610 4118 εἴη,
2668 4048 2716 4099 εί
2766 4046 2840 4117 μὴ
2887 4044 3102 4104 πάντως
3149 4043 3177 4093 6
3228 4038 3364 4110 μετὰ
3411 4032 3723 4106 παρρησίας

2148 4143 2326 4215 βοῶν⁸
2383 4160 2402 4192 t
2473 4141 2529 4194 '0
2589 4136 2851 4210 ἑωρακὼς
2884 4135 3006 4205 ἐμὲ,
3061 4132 3270 4203 ἑώρακε
3327 4129 3415 4182 τὸν
3481 4125 3718 4193 Πατέρα.

2159 4234 2301 4305 Ἐγὼ
2341 4235 2399 4287 ἓν
2445 4231 2522 4303 τῷ
2563 4233 2760 4301 Πατρὶ,
2796 4229 2889 4283 καὶ
2934 4230 2962 4281 6
3007 4224 3195 4295 Πατὴρ
3237 4223 3293 4274 ὲν
3334 4220 3490 4273 ὲυιοξυ
3537 4238 3556 4269 ι
3604 4219 3723 4301 καὶ,

2159 4344 2177 4376 t
2223 4321 2364 4392 Ἐγὼ
2388 4322 2481 4375 καὶ
2503 4322 2532 4374 ὁ
2563 4319 2747 4391 Πατὴρ
2769 4318 2828 4370 ἓν
2861 4318 3062 4386 ὲσμεν;
3111 4332 3129 4364 ι

2081 4412 2123 4467 D
2162 4436 2492 4498 Ἀντίθεσις
2538 4432 2618 4497 ὡς
2661 4429 2777 4484 ἀπὸ
2829 4427 2949 4481 τῶν
2976 4420 3409 4506 χριστομάχων,
3446 4414 3726 4479 ἀσεεείας

2850 4512 3063 4562 usam.

2219 4622 2570 4694 Εὑρίσκεται,
2627 4618 2815 4688 φασὶν,
2850 4616 3013 4678 αὐτὸς
3067 4614 3096 4666 6
3144 4610 3333 4679 Σωτὴρ
3382 4607 3472 4661 τὸν
3525 4599 3720 4657 ἑαυτοῦ

2149 4714 2370 4783 Πατέρα
2419 4711 2752 4784 παρακαλῶν
2784 4709 2926 4779 ὑπὲρ
2963 4723 3020 4760 τε
3038 4706 3149 4758 τῶν
3199 4702 3392 4756 ἑαυτοῦ
3440 4696 3721 4772 μαθητῶν,

2152 4806 2249 4858 καὶ
2275 4805 2414 4875 ὑπὲρ
2472 4805 2688 4857 πάντων
2715 4801 2821 4854 τῶν
2844 4800 2925 4863 είς
2960 4798 3121 4851 αὑτὸν
3151 4793 3609 4852 πεπιστευκότων,
3628 4788 3723 4841 καὶ

2149 4892 2293 4947 οὕτω
2338 4892 2543 4959 λέγων·
2591 4911 2610 4942 t
2649 4890 2829 4960 Πάτερ
2858 4887 3000 4955 ἅγιε,
3032 4888 3270 4956 τήρησον
3315 4883 3510 4943 αὐτοὺς
3554 4881 3611 4931 ὲν
3643 4876 3721 4945 τῷ

2150 4983 2374 5054 ὀνόματί
2424 5000 2540 5045 σου,
2587 4981 2681 5044 οὒς
2719 4978 2955 5040 δέδωκάς
2990 4994 3101 5047 μοι,
3151 4975 3239 5029 ἵνα
3268 4967 3400 5026 ὦσιν
3440 4971 3496 5023 ἒν
3541 4966 3720 5030 καθὼς

2149 5076 2244 5129 καὶ
2270 5076 2449 5146 ἡμεῖς.
2488 5093 2506 5124 ι
2543 5073 2656 5129 Καὶ
2684 5070 2802 5144 μεθ’
2837 5071 2996 5141 ἕτερα
3019 5086 3033 5100 ·
3082 5087 3100 5119 t
3147 5069 3222 5122 Ού
3257 5067 3385 5136 περὶ
3422 5063 3624 5116 τούτων
3664 5057 3719 5111 δὲ

2153 5167 2331 5238 μόνων
2366 5165 2575 5238 ἐρωτῶ,
2620 5164 2755 5219 ἀλλὰ
2785 5164 2881 5217 καὶ
2930 5162 3055 5231 περὶ
3083 5159 3191 5213 τῶν
3236 5156 3596 5210 πιστευόντων
3632 5150 3720 5202 διὰ

2149 5251 2245 5309 τοῦ
2284 5254 2444 5324 λόγου
2470 5255 2650 5310 αὐτῶν
2687 5256 2765 5319 είς
2794 5252 2894 5324 ἐμὲ
2916 5268 2929 5282 ³
2964 5250 3051 5305 ἵνα.
3087 5250 3285 5310 πάντες
3306 5246 3360 5299 ἓν
3388 5239 3509 5307 ὦσι,
3539 5238 3719 5302 καθὼς

2152 5345 2239 5412 σὺ,
2280 5345 2489 5417 Πατὴρ,
2532 5347 2589 5399 ὲν
2619 5345 2762 5415 ἐμοὶ,
2798 5343 2952 5413 κάγὼ
2986 5345 3044 5397 ὲν
3079 5341 3180 5399 σοὶ,
3226 5340 3312 5392 ἵνα
3353 5337 3446 5390 καὶ
3485 5332 3636 5389 αὐτοὶ
3662 5331 3721 5383 ἐν

3518 5513 3537 5541 ⁹
3561 5507 3719 5563 Joau.

2396 5522 2441 5551 ὀ
2469 5518 2624 5572 Joan.
2660 5533 2713 5577 ν,
2743 5518 2831 5574 57.
2861 5517 2950 5571 58.
3066 5519 3079 5548 ¹
3118 5516 3278 5572 llebr.
3312 5532 3349 5581 ι,
3386 5516 3439 5568 3.

479 5596 593 5648 XIV,
625 5582 707 5636 Η.
784 5584 802 5614 ³
830 5584 982 5638 Joan.
1017 5604 1066 5644 ι,
1100 5589 1187 5639 50.
1266 5589 1284 5618 ⁸
1313 5591 1445 5644 Gen.
1484 5582 1653 5658 utin,
1689 5591 1776 5645 5!.
1853 5591 1874 5621 '
1906 5587 2034 5645 Juatl

2144 5606 2216 5654 tv,
2252 5594 2303 5644 υ.
2384 5592 2404 5621 ⁸
2433 5590 2588 5644 Juan.
2624 5603 2751 5652 χιιι,
2792 5588 2876 5641 Η.
