4106 6204
353 303 464 360 197

1776 300 2215 356 Tlll'ZSAL'RUS.

3518 307 3619 365 l98

354 422 489 491 ἡμῖν
515 418 574 471 ιν
599 411 766 470 ὦσιν·
802 416 890 469 ἵνα
912 416 941 467 6
976 415 1181 484 κόσμος
1227 413 1491 485 πιστεύσῃ
1526 415 1607 467 ὃτι
1652 414 1714 466 οὐ
1751 432 1815 485 με
1842 416 1941 468 ἀπ-

2053 420 2185 470 riam
2209 433 2370 487 quam
2401 419 2595 474 dedisti
2623 418 2753 472 mihi
2782 419 2905 472 dedi
2950 420 3050 485 eis,
3070 430 3128 473 ut
3154 421 3262 475 sint
3292 436 3457 475 unum
3483 424 3622 479 sicut

359 514 625 575 ἑστειλας.
664 508 838 578 Κάγὼ
871 511 972 579 τὴν
1003 510 1161 574 δόξαν
1192 511 1259 579 ἢν
1306 511 1543 573 δέδωκάς
1593 527 1703 580 μοι,
1737 512 1947 565 δέδωκα

355 605 559 665 αὑτοῖς,
580 603 664 655 ἴνα
692 596 827 653 ὦσιν
859 600 917 653 ἓν
934 600 1114 663 καθὼς
1133 603 1292 670 ἡμεῖς
1307 601 1384 653 ἓν.
1418 601 1558 669 Ἐγὼ
1578 607 1635 653 ἐν
1652 603 1834 666 αὐτοῖς
1853 604 1945 661 καὶ

355 698 421 747 σὺ
440 696 497 747 ὲν
513 693 656 762 ἐμοὶ,
678 692 767 745 ἴνα
797 685 899 744 ὦσι
928 692 1336 761 τετελειωμένοι
1372 694 1451 754 εἰς
1474 694 1532 745 ἓν
1552 710 1564 722 ·
1592 693 1676 744 ἵνα
1701 694 1943 765 γινώσκῃ

351 787 381 836 6
427 785 630 854 κόσμος
669 785 751 835 ὅτι
782 782 844 835 σύ
893 800 961 853 με
1011 782 1377 845 ἀπέσταλκας.
1423 804 1440 834 ι
1480 784 1692 837 Οὐκοῦν
1753 784 1944 855 ὥσπερ

350 875 629 946 ἄνθρωποι
661 877 762 945 τὴν
813 874 977 943 φύσιν
1006 873 1159 935 ὅντες
1190 876 1346 942 ἡμεῖς
1378 878 1435 929 ἐν
1476 876 1553 945 τῷ
1585 877 1756 947 Πατρὶ
1798 877 1944 944 γινὸ-

354 964 518 1035 μεθα,
552 964 695 1017 οὕτω
726 965 819 1017 καὶ
848 962 1008 1025 αὐτὸς
1050 965 1077 1015 6
1107 964 1234 1026 Υἱὸς
1279 965 1338 1018 ἓν
1376 968 1493 1019 ἐστι
1527 967 1661 1036 πρὸς
1704 967 1794 1019 τὸν
1833 969 1943 1019 Πα-

350 1055 507 1123 τέρα.
539 1054 648 1105 Καὶ
691 1052 854 1114 αὐτὸς
893 1052 948 1104 δὲ
986 1052 1146 1103 πάλιν
1193 1054 1221 1103 ὁ
1265 1054 1477 1123 Πατὴρ,
1514 1055 1687 1116 οὕτως
1723 1055 1781 1106 ἓν
1824 1057 1940 1109 ἐστι

354 1146 491 1214 πρὸς
520 1146 613 1198 τὸν
642 1145 789 1205 Υἱὸν,
818 1144 1070 1213 καθάπερ
1103 1145 1195 1196 καὶ
1231 1145 1365 1212 πρὸς
1398 1147 1566 1214 ἡμᾶς.
1613 1148 1720 1197 Καὶ
1751 1146 1940 1217 ὥσπερ

350 1238 527 1298 οὐδεὶς
550 1235 848 1303 ἀναγκάζει
882 1235 1038 1302 λόγος
1065 1235 1283 1302 ὁμοίους
1315 1237 1459 1305 ἡμᾶς
1490 1234 1627 1288 εἶναι
1667 1238 1804 1289 κατὰ
1838 1238 1938 1305 φά-

354 1345 440 1380 σιν
471 1327 548 1396 τῷ
576 1328 772 1396 Πατρὶ,
802 1327 885 1378 ὅτι
917 1326 981 1394 δὴ
1012 1324 1105 1377 καὶ
1135 1325 1271 1395 πρὸς
1301 1326 1462 1378 αὑτὸν
1488 1327 1545 1377 ἓν
1575 1326 1818 1393 γίνεσθαι
1851 1328 1938 1379 λε-

351 1418 586 1487 γόμεθα,
610 1418 781 1481 οὕτως
802 1419 900 1469 οὐκ
926 1417 1141 1485 ἀνάγκη
1168 1419 1315 1468 πᾶσα
1343 1416 1520 1483 λέγειν
1540 1420 1601 1469 ἐκ
1624 1417 1723 1487 τῆς
1751 1418 1937 1483 οὐσίας

350 1507 494 1561 εἶναι
525 1509 615 1560 τοῦ
654 1509 862 1578 Πατρὶς
896 1509 985 1560 τὸν
1023 1508 1166 1566 Υίὸν,
1189 1507 1486 1578 ἐπειδήπερ
1505 1508 1702 1577 φησίν·
1736 1530 1753 1560 ι
1796 1509 1935 1577 Ἐγὼ

350 1603 411 1653 ἐν
444 1602 520 1669 τῷ
554 1603 747 1669 Πατρὶ,
785 1600 878 1652 καὶ
902 1600 931 1651 ὁ
962 1599 1151 1669 Πατὴρ
1183 1600 1244 1650 ὲν
1268 1598 1412 1668 ἐμοί.
1452 1618 1470 1651 ι
1519 1602 1607 1663 Ὠς
1637 1601 1745 1672 γὰρ
1788 1618 1937 1672 προ-

348 1694 605 1755 λαϐόντες
640 1694 963 1762 είρὴκαμεν,
1017 1691 1189 1753 οὕτως
1232 1693 1383 1743 ἐστὶν
1430 1694 1486 1743 ὲν
1538 1693 1733 1763 Πατρὶ,
1792 1693 1934 1746 καθὰ

2050 519 2103 562 et
2129 526 2227 564 nos
2253 526 2414 563 unum
2446 526 2649 565 sumus.
2686 511 2795 579 Ego
2822 512 2872 564 in
2925 512 3075 579 ipsis,
3124 523 3179 567 et
3222 522 3275 567 tu
3313 514 3365 567 in
3413 529 3528 577 me;
3568 527 3625 568 ιιι

2048 602 2157 654 sint
2194 600 2417 670 perfecti
2453 600 2505 653 in
2530 616 2735 666 unum;
2791 611 2849 653 nt
2878 612 3165 669 cognoscat
3201 605 3433 658 mnmlus
3483 608 3623 674 quod

2050 701 2102 745 tu
2138 707 2221 744 me
2252 691 2444 745 misisti
2479 692 2520 743 ".
2563 710 2581 742 ι
2609 690 3069 756 Quemadmodum
3129 694 3293 762 igitur
3366 712 3464 748 nos
3532 698 3621 765 qui

2047 780 2295 835 homines
2323 796 2528 844 smnus,
2555 780 2607 832 in
2639 779 2802 833 Patre
2828 797 3015 834 smnus
3046 799 3060 836 :
3112 785 3184 836 ita
3236 784 3401 838 etiam
3456 785 3622 840 Filius

2046 887 2211 924 unum
2239 881 2320 925 est
2346 886 2466 924 cmn
2497 869 2673 927 Patre.
2712 870 2774 923 Et
2811 872 3075 938 vicissim,
3104 873 3263 927 l’ater
3293 877 3405 943 ipse
3449 877 3518 929 ita
3543 888 3621 929 est

2045 978 2211 1015 unum
2255 977 2375 1015 cum
2409 960 2566 1023 Filio,
2593 963 2726 1015 sicut
2756 972 2806 1015 et
2839 963 3138 1017 nobiscum.
3173 964 3236 1017 Et
3269 969 3619 1035 quemadmo-

2043 1058 2167 1105 dum
2193 1053 2334 1106 nulla
2371 1055 2505 1106 ratio
2537 1055 2698 1123 cogit,
2727 1065 2783 1107 ut
2817 1070 2915 1107 nos
2943 1055 3234 1108 St'Ctlltdtttll
3266 1067 3512 1110 naturam
3544 1061 3619 1111 si-

2044 1143 2199 1196 miles
2269 1144 2439 1199 simus
2510 1144 2693 1208 Patri,
2767 1147 2857 1213 qui
2924 1162 3088 1198 unum
3144 1163 3267 1199 cum
3321 1148 3437 1215 ipso
3505 1150 3619 1202 ﬁeri

2041 1234 2272 1287 dicimur
2306 1252 2319 1286 :
2379 1238 2452 1289 ita
2477 1254 2580 1290 non
2612 1253 2834 1306 prorsus
2876 1251 3094 1291 necesse
3154 1249 3236 1291 est
3270 1250 3321 1291 ιιι
3358 1240 3524 1293 Filius
3549 1241 3619 1294 sit

2039 1342 2104 1380 cx
2139 1329 2371 1382 essentia
2408 1328 2603 1389 Patris,
2641 1327 2895 1396 quoniam
2948 1326 3062 1380 ait:
3102 1344 3120 1377 ι
3161 1328 3271 1395 Ego
3333 1330 3383 1382 in
3438 1328 3617 1392 Patre,

2040 1428 2093 1472 et
2120 1419 2282 1472 Pater
2305 1424 2356 1472 in
2384 1434 2490 1472 me.
2538 1437 2554 1468 ι
2586 1417 2741 1481 Nam,
2785 1428 2841 1471 nt
2870 1429 2995 1470 ante
3019 1418 3279 1483 diximus,
3309 1420 3380 1473 ita
3428 1432 3509 1474 est
3563 1424 3615 1474 in

2038 1509 2218 1575 Patre,
2238 1512 2382 1565 sicut
2403 1519 2455 1564 et
2474 1525 2587 1563 nos.
2608 1511 2713 1562 Aut
2748 1526 2876 1578 ergo
2904 1526 3126 1564 necesse
3164 1522 3244 1564 est
3271 1513 3424 1565 fateri
3455 1515 3617 1567 etiam

2040 1618 2139 1656 nos
2164 1618 2231 1656 ex
2275 1602 2510 1655 essentia
2540 1601 2717 1653 Patris
2738 1615 2879 1666 esse,
2903 1602 3025 1669 quia
3054 1618 3216 1655 nnmn
3251 1603 3376 1655 facti
3428 1619 3615 1657 smnus

2039 1709 2160 1747 cum
2196 1694 2324 1757 Deo,
2349 1701 2437 1744 aut
2463 1692 2505 1744 si
2535 1692 2781 1744 homines
2822 1708 3107 1746 manemus
3167 1694 3379 1747 etiamsi
3445 1710 3612 1750 unum

349 1786 446 1837 καὶ
473 1787 650 1851 ἡμεῖς.
692 1785 759 1835 Ἣ
794 1783 975 1835 τοίνυν
1014 1781 1107 1834 καὶ
1144 1782 1293 1850 ἡμᾶς
1327 1781 1621 1833 ἀκόλουθον
1658 1782 1937 1851 ὁμολογεῖν

2045 1785 2233 1835 lianms
2257 1796 2380 1836 cum
2411 1781 2540 1843 Deo,
2581 1796 2792 1848 aequum
2830 1791 2931 1844 est,
2961 1793 3019 1836 ut
3045 1782 3181 1836 idem
3222 1784 3287 1836 de
3330 1782 3466 1836 Filio
3488 1798 3618 1837 ceu-

348 1879 417 1929 ἑκ
450 1877 550 1945 τῆς
582 1875 770 1937 οὐσίας
798 1869 938 1926 εἶναι
984 1872 1080 1925 τοῦ
1120 1873 1353 1942 Πατρὸς,
1383 1872 1470 1924 διά
1509 1873 1569 1924 τὸ
1600 1871 1658 1923 ἓν
1685 1872 1932 1939 γίνεσθαι

351 1958 488 2038 πρὸς
520 1968 676 2028 Θεὸν,
728 1967 760 2036 ἢ
811 1967 859 2017 εἰ
906 1966 1139 2035 μένομεν
1188 1963 1484 2033 ἄνθρωποι,
1523 1962 1624 2015 κᾶν
1664 1963 1721 2014 ἓν
1763 1964 1935 2029 γενώ-

352 2059 492 2129 μεθα
522 2058 656 2129 πρὸς
687 2057 778 2109 τὸν
831 2057 1069 2125 Πατέρα,
1100 2056 1308 2109 δίκαιον
1342 2056 1436 2108 καὶ
1465 2057 1549 2124 ἐφ’
1604 2056 1733 2109 Υἰοῦ
1777 2057 1935 2110 τοῦτο

2039 1888 2275 1929 seamus.
2298 1871 2477 1925 Manet
2497 1872 2640 1925 enim
2702 1874 2753 1925 in
2803 1889 2896 1926 sua
2962 1885 3173 1940 natura,
3228 1891 3333 1929 non
3378 1875 3620 1930 sublatus

2042 1966 2093 2019 in
2117 1964 2408 2019 essentiam
2445 1962 2646 2030 Patris,
2673 1964 2884 2018 tametsi
2933 1981 3096 2019 unum
3145 1981 3267 2020 cum
3335 1967 3451 2036 ipso
3498 1981 3620 2021 esse

2041 2056 2272 2107 dicatur.

348 2158 585 2225 φρονεῖν.
640 2153 807 2206 Μένει
860 2152 969 2222 γὰρ
1014 2151 1107 2204 ἐπὶ
1152 2151 1249 2221 τῆς
1305 2150 1495 2203 ἑαυτοῦ
1549 2152 1785 2220 φύσεως,
1832 2153 1931 2205 οὐκ
2004 2148 2311 2204 ἀναϐαίνων
2379 2148 2459 2211 είς
2507 2148 2604 2218 τὴν
2636 2147 2728 2200 τοῦ
2776 2145 2986 2218 lla-:96;
3035 2148 3246 2212 οὐσίαν,
3298 2148 3402 2201 κᾶν
3435 2150 3511 2212 ὡς
3559 2149 3620 2203 ἓν

349 2250 613 2320 ὑπάρχειν
646 2247 875 2316 λέγηται
911 2245 1049 2317 πρὸς
1079 2244 1263 2297 αὐτόν.

904 2359 1095 2424 Λύσις
1121 2357 1366 2427 ἑφεξῆς.

416 2468 602 2522 Ταῦτα
653 2470 749 2521 καὶ
802 2470 829 2522 6
878 2468 990 2519 τῶν
1024 2470 1410 2539 χριστομάχων
1456 2469 1639 2542 πατὴρ
1690 2472 1784 2523 καὶ
1833 2469 1930 2539 τῆς

345 2559 613 2629 φλυαρίας
647 2557 828 2611 αὐτῶν
859 2559 1093 2629 χορηγὸς
1128 2559 1376 2623 διάὸολος
1424 2562 1660 2631 εἰρηκὼς
1694 2563 1891 2631 ἤκουσε
1915 2577 1928 2591 ·

349 2671 366 2700 ι
404 2650 517 2703 Νἱν
548 2650 605 2701 δὲ
640 2652 719 2712 εἰς
747 2648 882 2720 ᾅδην
910 2650 1196 2720 καταϐήσῃ
1233 2652 1321 2703 καὶ
1363 2654 1443 2715 εἰς
1476 2654 1542 2704 τά
1578 2654 1802 2723 θεμέλια
1834 2654 1933 2722 τῆς

342 2742 461 2811 γῆς.
507 2760 526 2792 ι
575 2741 663 2804 Ὠς
697 2741 806 2811 γὰρ
838 2742 1171 2811 τετόλμηκεν
1206 2744 1379 2794 εἰπεῖν
1413 2744 1617 2805 ἐκεῖνος
1640 2760 1651 2772 ⁸
1686 2762 1703 2795 ι
1780 2745 1935 2797 Ἀνα-

342 2833 583 2901 ἕὶήσομαι
625 2831 815 2882 ἐπάνω
842 2830 952 2882 τῶν
980 2828 1240 2897 νεφελῶν,
1272 2833 1362 2883 καὶ
1394 2831 1589 2900 ἕοομαι
1638 2831 1822 2900 ὅμοιος
1853 2831 1931 2901 τῷ

2553 2346 2761 2400 Salutio
2796 2346 3123 2413 objectionis.

2104 2461 2224 2515 llaec
2257 2461 2370 2526 ipsa
2398 2460 2646 2513 diabolus
2677 2460 2874 2525 etiam,
2915 2461 3148 2515 hostium
3210 2461 3406 2515 Christi
3440 2472 3616 2532 pater,

2031 2565 2079 2604 et
2117 2554 2328 2606 illorum
2399 2552 2726 2619 nngacitatis
2784 2553 3198 2620 antesignanus,
3252 2551 3412 2614 dixit,
3457 2566 3619 2625 atque

2031 2641 2169 2702 ideo,
2198 2641 2394 2692 audiri!
2424 2659 2437 2693 :
2471 2659 2488 2690 ι
2524 2639 2674 2693 Nunc
2697 2641 2761 2692 ad
2794 2639 2995 2694 iuit-ros
3025 2642 3316 2694 descendes
3342 2642 3463 2696 etin
3492 2641 3617 2697 fun-

2041 2731 2289 2783 damenta
2323 2740 2501 2782 teme.
2530 2748 2547 2780 ι
2578 2729 3043 2794 Quemadmodum
3066 2731 3208 2783 enim
3232 2732 3316 2784 ille
3339 2747 3502 2785 ausus
3533 2743 3620 2788 est

2039 2821 2217 2873 dicere
2253 2839 2265 2874 :
2306 2839 2322 2871 ι
2349 2821 2650 2874 Ascemlam
2688 2836 2849 2886 super
2875 2822 3067 2883 nubes,
3095 2832 3148 2874 et
3178 2837 3273 2875 ero
3302 2824 3496 2877 similis
3521 2825 3615 2878 Al-

357 2922 630 2991 ’Υιζνὶστῳσ
661 2941 682 2973 ι
716 2920 809 2973 τον
839 2921 1004 2973 αὑτὸν
1028 2920 1090 2992 δὴ
1124 2920 1323 2991 τρόπον
1350 2922 1442 2973 καὶ
1467 2914 1634 2984 οὗτοι,
1672 2922 1806 2973 πολὺ
1831 2919 1931 2990 τῆς

2045 2911 2248 2964 tissime
2275 2911 2294 2941 '
2327 2927 2339 2962 :
2370 2930 2387 2961 ι
2410 2914 2597 2963 eadem
2661 2910 2870 2963 ratione
2928 2911 3090 2963 etiam
3138 2911 3222 2965 isti
3252 2912 3496 2967 humanze
3520 2930 3619 2968 na-

348 3014 653 3082 ἀνθρώπων
700 3013 919 3081 φύσεως
970 3013 1095 3075 τοὺς
1138 3012 1296 3083 ὄρους
1344 3012 1795 3081 ὑπερὸαινόμενοι
1843 3011 1937 3064 καὶ

353 3106 455 3174 τῆς
498 3105 681 3166 οὐσίας
724 3105 1025 3167 ἁναόάντες
1056 3104 1116 3155 τὸ
1161 3103 1380 3174 μέτρον,
1415 3104 1476 3156 οὐ
1518 3104 1806 3172 φοϐοῦνται
1852 3104 1939 3155 λέ-

274 3230 277 3233 -
359 3213 583 3262 γοντες·
639 3196 899 3266 Ἐσόμεθα
945 3197 1121 3265 ὅμοιοι
1155 3196 1230 3265 τῷ
1280 3194 1538 3264 ”ὶ¹ψὶστῳ.
1590 3195 1802 3266 ’Ὠσπερ
1845 3190 1938 3248 οὖν

365 3286 622 3355 ἀληθεύει
664 3289 692 3339 6
733 3288 825 3339 τοῦ
852 3287 985 3340 θεοῦ
1016 3288 1186 3354 Λόγος
1222 3286 1381 3356 βοῶν,
1410 3287 1490 3338 ὅτι
1528 3305 1544 3336 ι
1599 3284 1739 3354 Ἐγὼ
1773 3288 1863 3338 καὶ
1910 3286 1939 3336 6

369 3377 563 3449 Πατὴρ
598 3379 656 3430 ’ἐν
685 3380 868 3447 ἐσμεν,
900 3398 918 3430 ι
945 3379 1029 3432 διὰ
1057 3379 1120 3431 τὸ
1146 3380 1245 3449 τῆς
1278 3378 1469 3441 οὐσίας
1495 3378 1935 3447 ἀπαράλλακτον,

360 3468 511 3522 οὕτω
560 3471 656 3522 καὶ
696 3472 744 3522 οἱ
789 3473 1128 3541 χριστομάχοι
1173 3470 1378 3522 εἴποιεν
1427 3468 1493 3522 ἂν
1547 3468 1936 3537 ἀληθεύοντες·

377 3564 576 3633 Ἡμεῖς
596 3563 690 3615 καὶ
719 3562 747 3613 6
763 3562 938 3632 πατὴρ
970 3561 1126 3632 ἡμῶν
1158 3563 1186 3614 6
1210 3560 1453 3622 διάϐολος
1483 3560 1541 3612 ἓν
1564 3561 1752 3628 ἐσμεν,
1768 3559 1854 3612 διὰ
1877 3560 1940 3612 τὸ

355 3654 455 3723 τῆς
484 3655 713 3727 γνώμης
744 3654 1178 3724 ἀπαράλλακτον.
1214 3654 1306 3716 Et;
1329 3652 1484 3707 τοῦτο
1509 3652 1565 3705 δὲ
1596 3652 1694 3722 ἤδη
1731 3652 1940 3722 μωρίας

356 3746 670 3798 ἐλαύνουσιν
695 3746 768 3808 ὡς
801 3745 1013 3799 οἴεσθαι
1044 3745 1188 3798 κατὰ
1223 3745 1382 3815 χάριν
1411 3744 1635 3813 ἔχοντας
1671 3741 1733 3794 τὸ
1757 3741 1941 3794 καλεῖ⁶

358 3839 480 3889 σθαι
510 3837 687 3900 θεοὺς,
715 3838 935 3907 ὁμοίους
976 3833 1113 3890 εἶναι
1141 3835 1399 3889 δύνασθαι
1445 3834 1587 3890 κατὰ
1636 3834 1735 3903 τὴν
1780 3835 1943 3901 φύσιν

356 3928 453 3980 τοῦ
489 3928 586 3997 τὴν
623 3928 781 3997 χάριν
829 3928 1238 3990 ὲπιδεδωκότος.
1291 3926 1398 3979 Καὶ
1436 3927 1542 3978 υἱοὶ
1591 3924 1941 3993 κεκλημένοι,

360 4019 485 4071 καθ’
514 4020 806 4089 ὁμοιότητα
836 4018 932 4073 τοῦ
962 4020 1101 4072 κατὰ
1132 4019 1292 4086 φύσιν
1326 4017 1479 4080 Υίοῦ,
1527 4017 1673 4080 ἴσους
1717 4016 1945 4079 ἑαυτοὺς

361 4108 503 4164 εἶναι
555 4112 872 4164 πιστεύουσι
922 4110 1016 4163 τοῦ
1058 4110 1192 4180 πρὸς
1233 4109 1506 4162 υἱοθεσίαν
1555 4108 1941 4177 ἀναγαγόντος.

361 4205 457 4256 καὶ
487 4207 548 4256 τὸ
577 4188 706 4257 ἴδιον
750 4203 916 4257 αὑτοῦ
958 4205 1102 4257 κατά
1135 4203 1295 4272 φύσιν
1329 4200 1568 4272 ἀξίωμα,
1612 4199 1755 4253 κατὰ
1786 4201 1945 4271 γάριν

362 4298 548 4360 αὐτοῖς
579 4298 857 4360 ἐπιθέντος
882 4296 972 4350 διά
1017 4296 1218 4365 πολλὴν
1253 4293 1685 4364 φιλανθρωπίαν.

640 4408 961 4473 Ἀντίθεσις
988 4407 1070 4473 ὠς
1097 4406 1165 4460 ἐκ
1196 4405 1316 4459 τῶν
1346 4402 1677 4474 αἱρετικῶν.

436 4517 560 4570 Κᾶν
602 4517 758 4587 λέγῃ,
812 4520 996 4587 φασιν,
1035 4520 1063 4571 ό
1113 4517 1263 4581 Υἱὸς,
1305 4514 1445 4584 Ἐγὼ
1490 4516 1584 4567 καὶ
1612 4516 1641 4567 6
1677 4512 1865 4584 Πατὴρ
1893 4512 1951 4565 ἓν

368 4607 558 4677 ἔσμεν,
591 4609 654 4660 οὐ
685 4609 899 4671 πάντως
929 4611 1080 4661 ἔσται
1106 4607 1208 4677 τῆς
1236 4607 1406 4676 αὐτῆς
1435 4604 1622 4666 οὐσίας
1651 4602 1729 4673 τῷ
1761 4604 1952 4673 Πατρὶ,

369 4700 494 4753 ἐπεὶ
537 4701 633 4753 καὶ
666 4703 830 4770 ἡμεῖς
863 4701 1141 4771 ἄνθρωποι
1193 4700 1337 4752 κατὰ
1376 4698 1539 4766 φύσιν
1575 4697 1747 4759 οντες,
1782 4694 1840 4748 ἓν
1879 4694 1955 4757 ὼς

373 4791 511 4860 πρὸς
542 4793 633 4844 τὸν
659 4792 790 4844 Θεὸν
818 4792 1082 4861 γινόμεθα
1101 4808 1116 4822 ο
1151 4792 1246 4844 καὶ
1278 4790 1489 4860 μάρτυς
1531 4787 1692 4849 αὐτὸς
1727 4785 1900 4854 λέγων
1927 4784 1958 4836 6

376 4881 502 4944 Υἱός
530 4899 544 4911 ·
583 4900 602 4933 ι
658 4882 835 4944 θέλω,
882 4883 1085 4951 Πάτερ,
1139 4882 1225 4935 ἵνα
1277 4880 1468 4950 ὥσπερ
1503 4877 1614 4947 ἐγὼ
1656 4877 1751 4930 καὶ
1789 4876 1854 4930 σὺ
1898 4876 1958 4928 ἓν

376 4974 565 5043 ἐτμεν,
592 4973 734 5025 οὕτω
767 4972 863 5026 και¹
901 4972 1055 5026 αὐτοὶ
1084 4974 1141 5025 ὲν
1173 4973 1305 5043 ἡμῖν
1342 4970 1399 5024 ἓν
1432 4964 1585 5023 ὦσιν.

866 5148 1020 5216 Πρὸς
1059 5147 1235 5201 τοῦτο
1268 5147 1470 5212 λύσις.

2043 3009 2174 3053 tura:
2198 3001 2397 3054 limites
2420 3000 2575 3069 longe
2610 3000 2997 3062 transilientes,
3034 3011 3087 3053 et
3145 3002 3470 3056 substantia:
3505 3019 3618 3058 sua:

2042 3090 2312 3142 tnodnlnm
2372 3090 2843 3151 trzmscendentcs.
2897 3105 3001 3143 non
3078 3102 3335 3144 verentur
3387 3093 3612 3147 dicere:

2040 3180 2255 3234 Erimus
2284 3181 2493 3235 similes
2515 3181 2817 3235 Altissimo.
2871 3179 3022 3234 Sicut
3081 3180 3244 3248 igitur
3311 3197 3437 3236 rere
3491 3184 3622 3237 dicit

2045 3273 2275 3327 Verbum
2298 3272 2410 3337 Dei,
2436 3273 2677 3327 clamans
2705 3290 2717 3324 :
2760 3273 2901 3341 «Ego
2923 3279 2976 3325 et
3000 3271 3162 3326 Pater
3179 3288 3341 3327 unmn
3373 3290 3614 3332 sumus.»

2040 3373 2260 3433 propter
2290 3364 2625 3418 identitatem
2653 3364 2902 3418 essentia:
2930 3382 2944 3417 :
2976 3363 3049 3418 ita
3074 3364 3235 3419 etiam
3253 3366 3435 3421 hostes
3460 3367 3621 3421 Chri-

2041 3455 2310 3508 sddicant
2343 3468 2501 3506 rere:
2536 3450 2645 3508 Nos
2672 3462 2724 3507 et
2753 3463 2906 3522 pater
2921 3462 3109 3507 noster
3136 3451 3382 3508 diabolus
3450 3470 3617 3509 unum

2041 3561 2248 3610 sumus,
2278 3558 2498 3616 propter
2531 3546 2868 3599 voluntatum
2893 3545 3325 3600 similitudinem.
3354 3545 3452 3601 .Eo
3474 3546 3619 3601 enim

2037 3637 2461 3706 jamdetueutiae
2514 3644 2796 3702 venerunt,
2830 3645 2888 3689 ut
2951 3652 3072 3691 cum
3120 3654 3216 3706 per
3258 3638 3483 3706 gratiam
3568 3638 3621 3692 id

2042 3726 2324 3780 consecuti
2349 3726 2457 3778 sint
2493 3734 2551 3778 ut
2580 3725 2653 3778 dii
2695 3732 2972 3787 vocentur,
3020 3725 3332 3779 existiment
3375 3740 3434 3779 se
3466 3725 3620 3779 srmi-

2045 3814 2124 3869 les
2149 3827 2270 3868 esse
2302 3827 2459 3882 posse
2486 3812 2781 3866 secundum
2807 3821 3057 3867 naturam
3086 3813 3134 3867 ei
3162 3815 3252 3883 qni
3312 3815 3442 3881 ipsis
3474 3815 3618 3868 illam

2043 3906 2271 3975 gratiam
2297 3903 2518 3974 largitus
2556 3909 2659 3956 est.
2690 3901 2930 3969 Cumque
2952 3911 3216 3956 vocentur
3240 3902 3354 3964 lilii,
3381 3904 3446 3956 ad
3469 3904 3621 3957 simi-

2046 3996 2323 4051 Iitudiuem
2370 3993 2487 4063 ejus
2531 3993 2623 4061 qui
2662 3990 2986 4046 naturaliter
3048 4001 3132 4046 est
3160 3992 3347 4058 Filius,
3383 3992 3620 4062 aequales

2046 4105 2103 4143 se
2133 4095 2316 4156 putant
2355 4088 2401 4140 ei
2435 4088 2523 4153 qni
2563 4101 2657 4139 eos
2686 4083 2981 4153 adoptavit,
3010 4084 3171 4154 119
3196 4083 3395 4152 quique
3440 4084 3619 4152 digni-

2050 4190 2210 4234 tatem
2244 4195 2364 4250 quae
2392 4180 2493 4232 sibi
2529 4178 2846 4232 naturaliter
2874 4180 3092 4245 propria
3118 4186 3223 4237 est,
3261 4190 3353 4244 per
3394 4176 3619 4247 gratiam

1980 4285 2021 4339 ι)
2052 4289 2149 4343 pro
2178 4272 2375 4342 ingenti
2414 4287 2510 4325 sua
2550 4269 2876 4338 benignitate
2904 4267 2983 4321 eis
3012 4266 3299 4323 concessit.

2502 4382 2737 4451 ()bjcctio
2783 4380 3168 4435 Ita'retirorum.

2130 4498 2393 4562 Tametsi,
2453 4497 2727 4562 inquiunt,
2779 4494 2948 4549 Filius
2994 4496 3138 4547 dicat
3170 4512 3184 4547 :
3215 4493 3325 4562 Ego
3370 4501 3425 4546 et
3464 4491 3626 4546 Pater

2055 4606 2222 4645 unum
2255 4605 2465 4650 sumus,
2500 4604 2605 4642 nou
2638 4595 2818 4640 tamen
2842 4585 2948 4639 erit
2980 4584 3220 4651 ejusdem
3253 4598 3473 4651 prorsus
3500 4597 3623 4635 cum

2057 4694 2122 4735 eo
2147 4682 2421 4741 essentize,
2444 4678 2712 4745 siquidem
2749 4684 2801 4727 et
2829 4689 2926 4726 nos
2956 4688 3078 4725 cum
3114 4683 3304 4725 natura
3336 4672 3503 4723 sinnts
3531 4673 3623 4722 ho-

2058 4771 2257 4831 mines,
2291 4785 2454 4822 mntm
2495 4784 2617 4820 cum
2671 4764 2780 4818 Dco
2823 4762 3123 4816 ellicimnr:
3168 4761 3323 4828 cujus
3361 4762 3434 4813 rei
3474 4761 3628 4813 testis

2057 4874 2143 4919 est
2179 4862 2293 4931 ipse
2317 4860 2488 4913 Filius
2523 4859 2710 4912 dicens
2742 4877 2753 4911 :
2794 4873 2813 4905 ι
2854 4853 3008 4917 Volo,
3055 4852 3236 4914 Pater,
3271 4851 3494 4903 utsicut
3528 4863 3628 4919 ego

2058 4965 2115 5010 et
2171 4968 2226 5010 tu
2279 4969 2444 5007 unmn
2494 4965 2702 5012 smnus,
2760 4948 2832 5001 ita
2883 4958 2940 5002 et
2997 4946 3100 5016 ipsi
3162 4945 3214 4998 in
3274 4943 3430 4997 nobis
3462 4958 3627 4996 unum

2059 5047 2173 5103 sint
2195 5048 2239 5078 ¹⁰
2294 5064 2312 5095 ι

2552 5132 2760 5189 Salutio
2797 5130 3125 5200 objectiouis.

2138 5247 2196 5301 Si
2238 5244 2400 5299 Pater
2433 5253 2486 5297 et
2525 5241 2696 5297 Filius
2737 5240 2809 5294 ita
2851 5248 2978 5295 sunt
3029 5252 3216 5299 unum,
3259 5235 3399 5289 sicut
3445 5220 3634 5287 et‘nos

454 5264 514 5316 Et
541 5263 712 5326 οὕτως
750 5262 889 5315 εἰσὶν
921 5263 950 5312 6
996 5261 1187 5331 Πατὴρ
1241 5260 1337 5312 καὶ
1376 5260 1404 5311 6
1455 5256 1581 5319 Υἱὸς
1623 5253 1702 5317 ἓν,
1738 5251 1813 5316 ὡς
1866 5251 1959 5303 καὶ

380 5358 541 5424 ἡμεῖς
580 5356 715 5425 πρὸς
760 5355 853 5407 τὸν
892 5354 1133 5423 Πατέρα,
1185 5352 1282 5405 καὶ
1315 5353 1342 5405 6
1392 5350 1581 5420 Πατὴρ
1617 5345 1751 5415 πρὸς
1791 5344 1960 5413 ἡμᾶς,

382 5445 532 5497 οὐδὲν
564 5444 671 5516 ἄρα
700 5445 762 5496 τὸ
793 5442 998 5514 μεταξὺ
1028 5442 1120 5495 τοῦ
1151 5441 1288 5495 Θεοῦ
1316 5441 1486 5508 Λόγου
1515 5438 1611 5493 καὶ
1637 5434 1815 5505 ἡμῶν,
1846 5433 1962 5486 ἀλλ’

387 5537 535 5589 Errat
577 5536 718 5589 κατὰ
751 5535 914 5603 φύσιν
946 5536 1080 5603 ἡμῖν
1109 5537 1136 5587 ὁ
1166 5534 1348 5597 αὐτὸς,
1370 5532 1555 5585 διοίσει
1595 5529 1648 5583 δὲ
1686 5528 1846 5598 μόνον
1883 5523 1962 5594 τῷ

2066 5353 2200 5410 ειιιιι,
2229 5338 2413 5399 Patre,
2464 5344 2513 5388 et
2551 5333 2715 5386 Pater
2759 5330 3038 5385 nobiscum
3076 5344 3092 5381 :
3124 5327 3272 5382 nulla
3326 5325 3490 5393 igitur
3529 5326 3635 5379 erit

2065 5429 2370 5485 dill‘erentia
2400 5426 2545 5480 inter
2570 5425 2660 5479 Dei
2702 5423 2936 5479 Verbum
2967 5430 3021 5476 et
3050 5435 3149 5475 nos
3171 5435 3185 5484 ;
3210 5420 3303 5473 sed
3337 5419 3442 5472 erit
3480 5429 3636 5471 natu-

2066 5520 2255 5575 raliter
2294 5517 2435 5571 idem
2474 5515 2777 5578 nobiscum,
2806 5522 2857 5567 et
2897 5521 3137 5581 tempore
3163 5516 3373 5564 tantum
3402 5506 3634 5568 dill‘eret,

469 5714 487 5746 '
515 5715 665 5771 Joan.
707 5732 841 5780 nu,
875 5713 1072 5769 εἴθ-ἓξ.
1152 5713 1172 5741 ⁸
1204 5711 1305 5763 Ιει.
1339 5723 1446 5769 xtr,
1486 5707 1564 5760 l9.
1638 5708 1654 5737 ί
1694 5704 1824 5759 Ibid.
1858 5699 1940 5757 14.

2045 5700 2064 5729 ⁸
2099 5696 2252 5751 Joan.
2283 5709 2413 5758 ml,
2446 5692 2526 5746 ‘24.
