4106 6204
466 268 567 323 199

1490 270 1548 324 8.
1589 270 1865 325 (ZYRILLI
1905 273 2373 333 ALEXANDRINI
2411 279 2711 339 ARCHIEP

3612 277 3719 334 100

465 387 733 457 siquidem
780 394 833 439 et
873 386 987 454 ipse
1019 398 1146 440 ante
1183 403 1376 442 omnes
1420 389 1676 452 exsistit;
1723 400 1778 443 at
1822 400 2018 448 tamels

2143 399 2340 470 χρόνῳ,
2372 402 2494 455 ἐπεὶ
2538 403 2635 455 καὶ
2667 402 2833 467 αὐτός
2861 404 2976 457 ἐστι
3008 401 3115 474 πρὸ
3159 401 3378 456 πάντων
3397 414 3411 430 ⁸
3448 399 3583 454 ἀλλὰ
3614 401 3719 455 κᾶν

468 487 714 545 tempore
758 478 907 545 prior
950 478 1041 539 sit,
1078 480 1216 531 idem
1254 487 1434 531 tamen
1480 480 1760 533 nobiscum
1802 482 1906 535 erit
1950 499 2040 537 ra-

469 572 615 624 tione
643 570 911 623 essentne.
944 569 1080 633 Quid
1110 569 1251 621 enim
1278 569 1547 620 obstiterit
1566 572 1852 637 quominus
1872 573 2040 628 Adam

468 664 764 717 secundum
801 671 1048 715 naturam
1080 664 1152 715 sit
1183 660 1345 713 Paulo
1371 662 1583 723 similis,
1626 672 1721 716 aut
1750 665 1906 720 alicui
1960 667 2040 722 al-

470 756 569 809 teri
597 763 718 823 post
765 771 825 807 se
874 764 1019 817 nato,
1059 755 1267 806 tametsi
1313 764 1441 806 ante
1470 770 1659 809 omnes
1688 757 1803 825 ipse
1853 774 1881 811 a
1929 760 2039 814 Deo

467 856 687 900 creatus
721 845 921 898 inierit?
956 844 1009 896 Si
1050 861 1181 911 ergo
1228 845 1281 897 in
1334 846 1417 899 his
1450 856 1660 915 tempus
1709 849 1840 903 nihil
1864 851 2037 919 juvat,

466 939 594 1007 quid
619 938 867 1005 prohibet
901 937 1188 1002 quominus
1224 947 1280 989 ct
1336 937 1503 991 Filius
1541 950 1667 992 ante
1704 956 1800 995 uos
1827 944 2039 1012 genitus

466 1028 709 1097 ejusdem
760 1028 1010 1080 essentia-
1052 1028 1333 1081 nobiscum
1370 1029 1461 1090 sit,
1504 1030 1546 1083 si
1597 1031 1730 1084 nihil
1775 1032 1917 1085 aliud
1953 1042 2038 1087 est

465 1118 794 1171 discriminis
852 1118 990 1169 inter
1030 1134 1125 1171 nos
1171 1128 1222 1171 et
1274 1119 1487 1189 ipsum?
1532 1121 1696 1188 Atqui
1748 1123 1791 1175 si
1839 1124 1940 1177 hoc
1967 1139 2035 1178 ex

461 1222 639 1262 vestra
675 1212 944 1263 sententia
978 1226 1165 1263 verum
1209 1222 1313 1273 est,
1352 1228 1511 1279 quam
1557 1213 1626 1266 ob
1668 1229 1883 1266 causam
1920 1215 2036 1283 ipse

462 1302 609 1355 solus
632 1312 859 1355 vocatur
881 1313 1122 1364 creatur,
1157 1318 1276 1354 cum
1308 1302 1440 1355 nulli
1477 1314 1718 1356 nostrum
1751 1305 1800 1357 id
1840 1320 2035 1359 nomen

460 1393 777 1460 competat?
810 1391 876 1444 Et
909 1394 1253 1460 nosqnidem
1288 1410 1383 1460 per
1419 1394 1589 1461 ipsmu
1616 1395 1781 1449 creati
1821 1409 2030 1460 suums,

457 1482 573 1550 ipse
593 1498 721 1536 Vero
755 1484 1018 1537 creatoris
1046 1483 1273 1551 gloriam
1312 1484 1412 1538 sibi
1445 1485 1692 1540 ascribit.
1728 1485 1793 1538 Et
1819 1502 2032 1555 quum

456 1585 599 1638 erat,
660 1576 704 1627 si
765 1575 905 1628 idem
963 1585 1153 1627 natura
1207 1576 1326 1627 cum
1374 1576 1490 1642 ipso
1536 1590 1747 1639 smnus,
1780 1579 2032 1630 eumdem

456 1666 623 1720 etiam
673 1679 793 1718 cum
854 1665 946 1719 illo
990 1665 1129 1731 apud
1194 1664 1409 1720 Patrem
1458 1666 1631 1722 locum
1671 1668 1938 1733 obtinere,
1977 1675 2033 1722 et

2144 492 2243 566 ἔχῃ
2286 494 2348 547 τὸ
2399 495 2752 567 προτερεύειν
2791 497 2934 550 κατὰ
2979 497 3070 550 τὴν
3113 496 3323 567 χρόνον,
3354 494 3507 547 ἔσται
3552 493 3719 548 πάλιν

2143 584 2274 652 iﬁva
2305 586 2426 637 κατ’
2447 587 2636 640 οὐσίαν
2652 588 2693 638 .ό
2718 588 2901 651 αὑτός.
2933 588 2998 640 Τί
3026 586 3135 657 γὰρ
3156 585 3388 638 κωλύσει
3415 583 3507 637 τὸν
3544 585 3718 656 Ἀδὰμ

2142 673 2222 737 είς
2250 674 2309 726 τὸ
2353 670 2491 728 εἶναι
2531 677 2672 730 κατὰ
2707 678 2867 747 φύσιν
2899 678 3082 749 ὅμοιον
3111 677 3190 747 τῷ
3221 675 3419 746 Παύλῳ
3459 675 3641 746 τυχὸν,
3678 672 3712 747 ἢ

2141 762 2313 833 ἑτέρῳ
2339 764 2447 817 τινὶ
2477 764 2587 817 τῶν
2619 768 2736 836 μετ’
2757 766 2918 820 αὐτὸν
2943 767 3262 835 γεγονότων,
3286 764 3345 818 τὸ
3365 764 3471 836 πρὸ
3498 766 3713 818 πάντων

2140 854 2304 907 αὐτὸν
2351 856 2683 923 πεποιῆσθαι
2733 858 2885 928 παρὰ
2930 857 3101 922 Θεοῦ;
3136 858 3196 909 El
3230 856 3409 910 τοίνυν
3456 856 3610 910 οὐδὲν
3654 858 3712 911 ἐν

2137 946 2349 1010 τούτοις
2376 950 2404 1001 ό
2431 948 2625 1018 χρόνος
2651 950 2871 1019 ὠφελεῖ,
2901 951 2952 1003 τί
2982 948 3179 1002 κωλύει
3213 945 3310 1002 καὶ
3335 947 3426 1001 τὸν
3454 949 3584 1001 Υἰδν
3607 948 3715 1019 πρὸ

2137 1037 2294 1107 ἡμῶν
2318 1041 2595 1106 γεγονότα,
2626 1040 2725 1110 τῆς
2758 1042 2926 1109 αὐτῆς
2965 1040 3149 1102 οὗσίας
3175 1041 3305 1110 ἡμῖν
3341 1041 3711 1111 ὑπάρχειν,-εί

2140 1127 2308 1197 μηδὲν
2341 1128 2486 1181 ἐστιν
2530 1130 2715 1198 ἕτερον
2755 1132 2817 1182 τὸ
2852 1130 3055 1200 μεταξὺ
3088 1131 3246 1199 ἡμῶν
3278 1148 3336 1183 τε
3383 1131 3477 1184 καὶ
3509 1130 3707 1195 αὐτοῦς

2136 1219 2248 1272 Καὶ
2283 1221 2332 1271 εἰ
2363 1219 2520 1273 τοῦτο
2545 1222 2664 1273 καθ’
2700 1222 2844 1291 ὑμᾶς
2871 1224 3018 1274 ἐστιν
3042 1221 3259 1291 ἀληθὲς,
3295 1221 3416 1274 ὅτου
3443 1222 3508 1292 δὴ
3551 1222 3709 1292 χάριν

2135 1309 2298 1373 αὐτὸς
2350 1311 2509 1379 μόνος
2560 1312 2805 1365 καλεῖται
2841 1311 3098 1383 Ποιητής,
3142 1313 3299 1382 ἡμῶν
3340 1313 3440 1365 οὐκ
3479 1313 3709 1382 ἑχόντων

2134 1401 2326 1466 τοῦτος
2360 1404 2469 1456 Καὶ
2498 1406 2657 1475 ἡμεῖς
2692 1405 2791 1474 μὲν
2810 1404 2875 1457 δι’
2905 1403 3069 1458 αὑτοῦ
3096 1405 3420 1473 γεγόναμεν,
3462 1405 3622 1468 αὐτὸς
3651 1404 3712 1458 δι

2133 1492 2233 1562 τὴν
2253 1493 2346 1546 τοῦ
2381 1495 2724 1565 Δημιουργοῦ
2753 1494 2909 1558 δόξαν
2941 1495 3113 1565 φέρει.
3165 1490 3271 1546 Ἦν
3300 1492 3357 1546 δὲ
3390 1494 3557 1558 ὅντως
3581 1496 3710 1548 ἀκό-

2132 1582 2319 1637 λουθον
2347 1586 2395 1637 εί
2422 1587 2619 1639 ταυτόν
2648 1587 2812 1655 ἐσμεν
2839 1586 2982 1639 κατὰ
3013 1586 3176 1652 φύσιν
3212 1584 3379 1655 αὐτῷ,
3413 1586 3511 1657 τὴν
3538 1586 3707 1657 αὐτὴν

2133 1673 2327 1743 ἐκείνῳ
2351 1673 2534 1744 χώραν
2566 1674 2784 1742 ἐπέχειν
2812 1674 2961 1743 παρὰ
2989 1674 3067 1743 τῷ
3098 1675 3270 1743 Πατρὶ
3299 1677 3389 1727 καὶ
3422 1676 3589 1744 ἡμᾶς,
3609 1676 3706 1727 καὶ

457 1770 900 1824 unumquemque
949 1766 1193 1809 nostrum
1232 1756 1398 1810 etiam
1439 1758 1619 1811 vocari
1659 1757 2018 1827 Unigenitum,

2132 1764 2363 1818 ἕκαστον
2408 1766 2565 1835 ἡμῶν
2612 1765 2891 1819 καλεῖσθαι
2920 1767 3014 1818 καὶ
3043 1767 3343 1835 Μονογενῆ.
3372 1768 3463 1819 καὶ
3505 1766 3697 1834 Λόγον,

455 1858 514 1900 et
552 1847 810 1909 Verbum,
840 1855 894 1899 et
921 1847 1242 1916 sapientiam
1271 1846 1467 1903 Patris.
1500 1853 1738 1913 Quorum
1761 1852 1904 1904 enim
1931 1865 2027 1904 na-

458 1946 577 1991 tura
610 1954 714 1990 una
745 1946 907 2005 atque
933 1938 1120 1989 eadem
1153 1948 1261 2001 est,
1301 1938 1368 1990 iis
1390 1953 1674 1992 commune
1700 1939 1861 1993 etiam
1888 1940 2030 1995 inter

455 2043 516 2082 se
547 2042 742 2082 nomen
780 2040 862 2080 est
891 2044 904 2080 :
938 2037 992 2080 et
1019 2026 1163 2096 quod
1189 2028 1276 2080 uni
1313 2028 1807 2092 naturaliterinest,
1842 2030 1894 2084 id
1923 2045 2029 2084 cae-

391 2130 398 2136 '
455 2125 587 2177 teris
616 2137 829 2191 quoque
854 2122 945 2190 qui
974 2121 1214 2189 ejusdem
1253 2130 1459 2173 naturae
1498 2128 1628 2174 sunt
1660 2121 1821 2176 inest.
1851 2121 1921 2173 At
1944 2136 2029 2175 ve-

453 2228 517 2267 ro
548 2213 593 2268 si
620 2214 721 2267 hoc
760 2212 1052 2266 absurdqu
1082 2219 1186 2275 est,
1215 2222 1266 2264 et
1307 2227 1484 2281 neque
1527 2222 1805 2267 creatures
1839 2228 2026 2268 sumus

452 2314 549 2358 aut
600 2318 880 2368 vocamur,
938 2317 1113 2371 neque
1163 2302 1455 2371 sapientia,
1504 2312 1597 2357 aut
1644 2301 1902 2369 Verbum,
1934 2311 2025 2357 aut

451 2392 727 2463 splendor,
759 2392 907 2446 solus
948 2402 1127 2445 autem
1176 2392 1292 2447 lucc
1327 2401 1414 2461 est
1462 2392 1670 2458 Filius;
1718 2409 1822 2447 non
1860 2394 2025 2463 igitur

450 2483 768 2538 naturaliter
801 2483 940 2559 idem
982 2482 1268 2537 nobiscum
1296 2490 1419 2546 iest,
1453 2483 1546 2537 sed
1576 2483 1917 2552 peculiarem
1958 2498 2023 2538 ac

448 2572 722 2642 propriam
768 2586 832 2626 ex
870 2570 1030 2625 Patre
1062 2573 1465 2640 generationem
1515 2571 1697 2635 habet,
1742 2583 1905 2639 atque
1948 2572 2021 2627 ita

446 2670 531 2717 est
559 2678 725 2716 unum
760 2677 881 2716 cum
926 2677 1024 2715 suo
1047 2662 1227 2727 l’atre,
1262 2677 1371 2715 non
1408 2662 1548 2715 sicut
1578 2677 1676 2715 nos
1705 2662 1792 2730 qui
1834 2663 1900 2717 ad
1936 2663 2021 2732 ip-

445 2768 565 2808 sum
610 2753 791 2820 relati,
829 2768 923 2821 per
950 2752 1419 2822 participationem
1445 2753 2020 2807 communicationem-

445 2857 553 2913 que
605 2843 871 2896 unitatem
932 2842 1213 2896 consecuti
1273 2856 1498 2895 sumus:
1563 2842 2017 2910 quemadmodum

446 2933 649 2985 ferrum
691 2930 802 3000 igni
830 2930 1134 2994 admotum,
1164 2932 1234 2984 ab
1262 2944 1328 2985 eo
1362 2931 1561 2987 calelit.

2131 1856 2225 1909 καὶ
2255 1856 2448 1923 σοφίαν
2493 1854 2584 1909 τοῦ
2625 1856 2857 1927 Πατρός.
2896 1852 2997 1908 Ὧν
3030 1857 3138 1926 γὰρ
3168 1858 3201 1925 ἡ
3231 1857 3389 1925 φύσις
3433 1857 3553 1927 μία,
3581 1857 3706 1911 τού-

2129 1964 2243 2009 τοις
2274 1948 2429 2000 ἔσται
2461 1947 2554 2002 καὶ
2594 1947 2655 2000 τὸ
2695 1948 2866 2017 ὄνομα
2892 1948 3067 2000 κοινόν
3089 1963 3102 1977 ⁸
3146 1949 3237 2001 καὶ
3266 1949 3401 2018 ὅπερ
3433 1950 3515 2001 ἐνὶ
3566 1948 3706 2002 κατά

2130 2043 2291 2111 φύσιν
2336 2043 2592 2114 ὑπάρχει,
2636 2042 2794 2097 τοῦτο
2842 2043 3058 2106 πάντως
3096 2044 3406 2112 ἐγκείσεται
3449 2044 3546 2098 καὶ
3589 2046 3704 2107 τοῖς

2127 2134 2228 2204 τῆς
2262 2134 2432 2204 αὐτῆς
2482 2133 2800 2203 μετέχουσιν
2836 2132 3046 2199 οὐσίας.
3089 2136 3150 2188 Εί
3182 2134 3238 2187 δὲ
3283 2135 3441 2187 τοῦτο
3482 2134 3700 2196 ἄτοπον.

2128 2226 2223 2280 καὶ
2266 2224 2389 2279 οὔτε
2418 2226 2741 2295 δημιουργοί
2782 2225 3008 2295 ὲσμενῆ
3060 2224 3393 2296 κεκλήμεθα.
3432 2223 3554 2277 οὔτε
3593 2223 3702 2295 μὴν

2129 2315 2309 2383 σοφία,
2343 2314 2376 2384 ἦ
2404 2314 2647 2382 Λόγος,ἢ
2678 2314 3019 2384 ἀπαύγασμα
3042 2333 3055 2346 ·
3086 2315 3247 2385 μόνος
3274 2315 3330 2367 δὲ
3359 2314 3530 2368 ταῦτα
3555 2317 3704 2369 ἐστιν

2124 2409 2153 2459 ό
2178 2405 2324 2469 Υἱὸς,
2351 2405 2450 2460 οὐκ
2475 2406 2582 2476 ἄρα
2613 2407 2754 2461 κατὰ
2776 2407 2936 2475 φύσιν
2954 2407 3101 2461 ἔσται
3135 2408 3269 2478 πρὸς
3293 2410 3437 2479 ἡμᾶς
3462 2410 3490 2461 ό
3517 2408 3699 2473 αὐτὸς,

2122 2497 2240 2550 ἀλλ’
2288 2496 2592 2562 ίδιάζουσαν
2641 2500 2704 2551 ὲκ
2749 2497 2843 2550 τοῦ
2889 2498 3102 2567 Πατρός
3148 2498 3258 2568 ἔχει
3297 2497 3394 2569 τὴν
3425 2497 3698 2568 γέννησιν,

2123 2588 2217 2639 καὶ
2245 2585 2417 2651 οὕτως
2451 2587 2597 2640 ἐστὶν
2632 2588 2690 2640 ἒν
2723 2589 2858 2659 πρὸς
2888 2588 2979 2641 τὸν
3009 2588 3203 2641 ἑαυτοῦ
3234 2589 3474 2658 Πατέρα,
3512 2587 3573 2640 ού
3600 2605 3703 2642 κα·

2124 2677 2300 2749 θάπερ
2328 2681 2489 2750 ἡμεῖς
2519 2684 2583 2752 τῇ
2617 2680 2751 2751 πρὸς
2777 2681 2937 2733 αὑτὸν
2964 2681 3144 2751 σχέσει
3182 2680 3281 2751 τὴν
3316 2680 3539 2750 ἑνότητα
3570 2696 3697 2751 κερ-

2120 2769 2396 2835 δαίνοντες
2422 2773 2727 2843 μετοχικῶς
2768 2790 2827 2825 τε
2876 2772 2967 2826 καὶ
3019 2772 3456 2843 μεταληπτικῶς,
3509 2771 3698 2843 ὥσπερ

2121 2861 2187 2915 ἂν
2236 2865 2284 2916 εἰ
2338 2865 2432 2915 καὶ
2478 2863 2695 2934 σίδηρος
2743 2866 2876 2938 πυρὶ
2910 2864 3176 2935 ὁμιλήσας
3224 2865 3698 2936 περιθερμαίνοιτο

2122 2956 2252 3024 παρ’
2282 2953 2470 3008 αὐτοῦ.

443 3086 678 3152 ALIUD,
704 3104 847 3173 cum.
876 3088 1106 3173 evidenti
1138 3088 1598 3173 demonstrarier:
1625 3091 1837 3173 docens,
1876 3094 2015 3162 quod

2120 3088 2321 3173 AMO,
2359 3088 2510 3173 perit
2537 3087 2753 3173 γοργῆς
2787 3087 3152 3173 ἀπορεὶξεως
3180 3087 3472 3173 (Stationem:
3498 3090 3585 3173 ὅτι
3623 3091 3697 3145 τὰ

511 3175 632 3229 qua:
659 3158 924 3223 aliquibus
948 3160 1141 3211 similia
1164 3168 1284 3230 sunt
1316 3176 1419 3211 non
1447 3161 1606 3230 120
1626 3162 1681 3213 in
1710 3158 2012 3216 uniuersum

515 3237 563 3281 rt
592 3232 913 3281 naturaliter
942 3229 1121 3281 insunt
1156 3229 1223 3280 iis
1255 3231 1442 3295 quibus
1489 3229 1687 3283 similia
1728 3244 1883 3297 sunt;
1921 3233 2011 3284 sed

515 3314 575 3350 ea
602 3313 717 3364 quir
759 3298 1078 3370 naturaliter
1104 3300 1363 3370 aliquibus
1390 3300 1589 3359 insunt,
1626 3301 1783 3353 veluti
1823 3302 2014 3370 imagi-

509 3384 598 3420 nes
622 3368 860 3419 astudam
885 3367 1016 3434 ﬁunt
1041 3368 1328 3419 motionum
1355 3379 1547 3421 nostra:
1563 3371 1866 3424 voluntatis.

516 3491 793 3562 Scriptura
833 3506 988 3544 sacra
1016 3491 1090 3545 ita
1121 3491 1188 3544 ad
1214 3490 1497 3544 nonnullos
1527 3490 1767 3561 loquitur
1793 3508 1807 3545 :
1847 3510 1866 3544 ι
1905 3491 2015 3545 Νοο

440 3586 535 3639 lite
572 3584 686 3637 ﬁeri
722 3583 862 3637 sicut
894 3598 1066 3652 equus
1104 3592 1161 3635 et
1206 3582 1404 3645 umlus,
1453 3583 1504 3635 in
1541 3584 1741 3651 quibus
1778 3599 1881 3638 non
1930 3594 2013 3638 est

444 3675 747 3729 intellectus
776 3676 850 3741 ";
890 3692 909 3725 ι
946 3684 1001 3727 et
1048 3688 1259 3726 rursum
1293 3673 1358 3726 de
1402 3672 1559 3726 aliis'
1594 3693 1612 3725 ι
1667 3672 1838 3728 llomo
1889 3690 2010 3728 cuia

443 3767 497 3820 in
534 3766 737 3819 honore
769 3762 915 3819 esset
944 3780 1050 3818 non
1080 3764 1366 3827 intellexit,
1391 3775 1739 3829 comparatus
1766 3777 1851 3819 est
1887 3766 2015 3819 bru-

442 3860 511 3914 tis
549 3859 947 3930 insipientibus,
1003 3867 1058 3912 et
1104 3858 1298 3913 similis
1343 3857 1515 3912 lactus
1553 3866 1637 3911 est
1690 3857 1769 3911 eis
1793 3857 1856 3909 ¹¹.
1892 3873 1911 3907 ι
1948 3856 2012 3910 Et

440 3952 636 4007 iterum
666 3971 680 4007 :
709 3970 729 4004 ι
777 3952 911 4022 Equi
960 3950 1205 4005 furentes
1252 3950 1304 4003 iu
1345 3966 1514 4019 equas
1563 3949 1688 4003 lacti
1740 3957 1861 4002 sunt
1889 3947 1949 4001 “.
1984 3965 2004 3999 ι

439 4043 699 4098 Servatur
742 4054 921 4098 autem
950 4044 1016 4097 ad
1062 4041 1357 4110 discipulos
1388 4056 1515 4093 suos
1547 4038 1889 4092 manifestius
1924 4037 2008 4090 di-

437 4135 552 4189 cit:
601 4153 620 4186 ι
658 4135 839 4188 Estote
872 4136 1165 4202 prudentes
1195 4133 1336 4186 sicut
1380 4140 1683 4199 serpentes,
1707 4141 1762 4183 et
1805 4128 2011 4197 simpli-

439 4239 529 4277 ces
561 4225 701 4277 sicut
734 4223 999 4277 columba:
1033 4225 1097 4276 “.
1141 4243 1158 4276 ι
1192 4225 1257 4277 Ει
1286 4238 1535 4277 rursum:
1577 4238 1594 4271 ι
1626 4218 1809 4273 Estote
1845 4217 2009 4285 mise-

440 4315 680 4367 ricordes
709 4315 850 4369 sicut
890 4325 948 4368 et
986 4315 1149 4370 Pater
1196 4326 1377 4370 vester
1411 4313 1653 4369 caelestis
1696 4309 2007 4365 misericors

2185 3158 2615 3227 ἐξομοιούμενά
2644 3174 2822 3217 τισιν.
2851 3160 2923 3212 οὐ
2948 3158 3186 3223 πάντως
3211 3161 3477 3212 καὶκατὰ
3505 3161 3696 3227 φύσιν

2183 3223 2412 3282 ἔνεισιν
2461 3223 2553 3293 οἷς
2604 3228 3041 3295 ἐξομοιοῦνται,
3098 3229 3177 3282 ἀλ
3194 3229 3236 3281 ι’
3270 3229 3473 3297 ὥσπερ
3506 3223 3698 3294 ’τινὲς

2182 3300 2412 3363 εἰκόνες
2437 3299 2509 3350 τὰ
2538 3298 2718 3366 φύσει
2770 3298 3075 3368 προσόντα
3120 3299 3243 3368 τισὶ
3274 3296 3541 3368 γίνονται
3578 3296 3698 3352 τῶν

2182 3368 2333 3421 κατὰ
2375 3369 2725 3435 προαφεσιν
2751 3366 2921 3436 ἡμῶν
2952 3366 3315 3433 κινημάτων.

2184 3488 2347 3558 Λέγει
2380 3492 2518 3558 πρός
2548 3508 2700 3555 τινας
2733 3491 2768 3562 ἡ
2800 3490 2919 3545 θεία
2946 3492 3133 3565 Γραφή
3153 3509 3169 3524 ·
3204 3513 3220 3543 ι
3259 3494 3350 3565 Μὴ
3374 3492 3589 3563 γίνεσθε
3614 3495 3691 3558 ὼς

2115 3580 2281 3643 ἵππος
2300 3583 2395 3635 καὶ
2422 3582 2668 3653 ἡμίονος,
2693 3578 2775 3647 οἷς
2802 3584 2903 3636 οὐκ
2931 3584 3043 3637 ἔστι
3072 3583 3304 3647 σύνεσις.
3336 3602 3358 3634 ι
3388 3586 3498 3638 Καὶ
3526 3585 3690 3641 πάλιν

2113 3670 2241 3740 περὶ
2276 3670 2505 3741 ἑτέρων⁸
2564 3690 2583 3723 ι
2640 3670 2960 3742 Ἀνθρωπος
2997 3674 3055 3727 ὲν
3093 3677 3223 3745 τιμῇ
3257 3672 3330 3727 ὢν
3359 3676 3419 3728 οὐ
3466 3675 3684 3744 συνῆκε,

2114 3762 2569 3833 παρασυνεὸλήθη
2636 3764 2750 3825 τοῖς
2815 3765 3038 3834 κτήνεσι
3092 3768 3204 3829 τοῖς
3251 3766 3530 3835 ἀνοήτοις.
3591 3768 3689 3820 καὶ

2111 3850 2368 3921 ὡμοιώθη
2398 3852 2599 3913 αὐτοῖς.
2648 3871 2667 3903 ι
2710 3852 2821 3905 Καὶ
2850 3853 3047 3907 πάλιν·
3089 3874 3108 3906 ι
3142 3855 3329 3908 Ἰπποι
3359 3855 3691 3927 θηλυμανείς

2110 3943 2463 4013 ἐγενήθησαν.
2500 3962 2518 3994 ι
2566 3944 2626 3996 '0
2648 3944 2704 3996 δέ
2730 3961 2793 4014 γε
2821 3946 3011 4017 Σωτὴρ
3036 3948 3172 4017 πρὸς
3202 3948 3327 4011 τοὺς
3359 3948 3555 4001 ἑαυτοῦ
3585 3966 3686 4018 μα-

2111 4034 2279 4103 θητὰς
2311 4034 2636 4105 τρανότερον
2666 4035 2815 4103 λέγει
2842 4052 2856 4068 ο
2903 4057 2921 4089 ι
2973 4038 3187 4091 Γίνεσθε
3224 4039 3474 4109 φρόνιμοι
3518 4039 3593 4101 ὡς
3635 4040 3686 4092 οί

2100 4124 2279 4193 ’ὅφεις,
2316 4127 2411 4179 καὶ
2444 4126 2693 4198 ἀκέραιοι
2724 4124 2799 4191 ὡς
2828 4131 2881 4181 αἱ
2919 4129 3258 4200 περιστεραί.
3300 4149 3318 4181 ι
3353 4130 3461 4182 Καὶ
3489 4131 3684 4182 πάλιν·

2117 4234 2137 4269 ι
2172 4215 2387 4269 Γίνεσθε
2418 4217 2760 4288 οἰκτίρμονες
2789 4218 2970 4282 καθὼς
2999 4221 3028 4271 ό
3062 4220 3248 4291 Πατὴρ
3279 4219 3434 4289 ὑμῶν
3459 4221 3487 4272 ό
3515 4221 3681 4290 ούρα-

2108 4325 2217 4370 νιος
2255 4308 2554 4379 οἰκτίρμων
2597 4310 2765 4365 ἐστίν.
2823 4330 2841 4362 ι
2877 4312 2939 4364 Et
2976 4313 3074 4381 μὲν
3102 4307 3195 4365 οὖν
3232 4296 3293 4365 τδ
3327 4314 3439 4374 τοῖς
3468 4310 3685 4379 ἀλόγοις

436 4410 523 4458 est
559 4405 624 4457 ".
656 4423 675 4457 ι
719 4406 776 4459 Si
823 4420 953 4474 ergo
1011 4406 1183 4460 brutis
1214 4406 1580 4460 animantibus
1619 4403 1827 4459 similes
1875 4401 1999 4456 lacti

2120 4396 2265 4464 ζώοις
2312 4398 2685 4469 ὲξομοιοῦσθαί
2731 4420 2905 4465 τινας,
2960 4404 3040 4456 ὅτι
3086 4404 3186 4473 τὴν
3232 4403 3401 4472 αὐτὴν
3454 4402 3678 4463 ἐκείνοις

437 4503 562 4548 sunt
588 4496 848 4561 nonnulli,
880 4499 1021 4566 quod
1050 4498 1237 4551 eadem
1275 4512 1395 4552 cum
1434 4498 1541 4551 illis
1591 4497 1788 4550 mentis
1825 4494 1999 4562 inopia

437 4585 760 4651 laborarint,
795 4588 1032 4657 facitque
1064 4590 1166 4643 hoc
1198 4598 1257 4641 ut
1288 4590 1611 4643 naturaliter
1634 4588 1744 4643 sint
1783 4588 1833 4642 id
1860 4587 2001 4655 quod

437 4675 559 4740 illa;
591 4686 647 4730 et
689 4692 895 4741 rursus,
943 4678 987 4731 si
1032 4678 1280 4747 discipuli
1335 4679 1609 4733 imitantes
1654 4679 1995 4747 prudentiam

436 4777 771 4836 serpentum,
807 4780 861 4822 et
887 4770 1287 4837 simplicitatem
1311 4760 1709 4833 columbarum,
1739 4780 1789 4824 et
1824 4768 2001 4823 Patris

435 4859 670 4914 celestis
683 4861 749 4913 atl
776 4863 1205 4914 miscricordiam
1231 4863 1642 4929 propensionem
1665 4862 1999 4925 annillantes,

435 4960 714 5015 serpentes
738 4963 791 5005 et
820 4952 1083 5006 columba:
1111 4955 1267 5016 liuut,
1295 4962 1456 5020 atque
1478 4954 1613 5005 adeo
1641 4952 1740 5019 ipsi
1773 4953 1880 5006 lleo
1900 4970 1991 5006 na-

437 5040 679 5093 turaliter
724 5043 929 5097 similes
976 5044 1255 5108 evatlunt,
1294 5045 1425 5097 nihil
1471 5044 1737 5098 obstiterit
1782 5046 1995 5115 quomi-

436 5141 558 5190 nus,
577 5129 790 5195 quando
812 5130 1042 5185 dicimur
1071 5149 1233 5186 unum
1265 5135 1379 5200 lieri
1409 5149 1529 5187 eum
1558 5134 1801 5199 Domino,
1832 5150 1993 5188 unum

435 5229 554 5268 cum
587 5215 697 5273 Deo
736 5221 942 5275 ratione
987 5226 1237 5278 essentne
1286 5224 1502 5287 ﬁamus,
1541 5226 1999 5293 quemadmodum

434 5305 602 5360 Filius
628 5324 749 5363 eum
793 5309 973 5365 Patre.
1015 5311 1071 5366 Si
1109 5328 1237 5367 vero
1264 5315 1376 5368 sola
1401 5315 1764 5383 cogitationis,
1799 5316 1880 5368 vel
1914 5331 2001 5369 ac-

435 5398 596 5453 tionis
620 5400 972 5457 similitudine
1012 5420 1073 5457 ea
1121 5406 1318 5472 quibus
1351 5420 1730 5472 comparamur
1760 5392 1885 5459 lieri‘
1909 5408 1995 5460 di-

432 5492 626 5555 cimur,
656 5506 760 5545 non
796 5506 983 5548 sumus
1013 5495 1175 5564 igitur
1204 5496 1500 5550 secundum
1533 5497 1826 5554 essentiam
1855 5497 1993 5550 idem

514 5665 549 5694 “
580 5663 722 5720 Psal.
752 5679 899 5732 nm,
938 5666 990 5721 9.
1069 5668 1111 5699 i‘
1148 5667 1286 5722 Psal.
1318 5684 1503 5734 )‘lA‘lll,
1542 5669 1626 5723 15.

1704 5669 1744 5703 ⁸³
1773 5669 1972 5727 Jcrem.
2007 5686 2053 5735 ιι,
2082 5669 2135 5725 8.
2215 5669 2255 5702 “
2287 5668 2476 5723 Matth.
2510 5685 2559 5733 κ,
2590 5668 2672 5724 ιο.

2106 4490 2371 4561 ἐνόσησαν
2398 4491 2676 4555 ἀϐουλίαν,
2704 4494 2798 4545 καὶ
2828 4494 2967 4546 κατὰ
3002 4493 3162 4561 φύσιν
3196 4488 3333 4546 εἶναι
3361 4491 3517 4545 τοῦτο
3541 4492 3683 4545 ποιεῖ

2103 4583 2242 4653 ὅπερ
2275 4583 2423 4636 ἐστὶν
2454 4584 2671 4637 ἐκεῖνα·
2708 4585 2803 4638 καὶ
2836 4584 3018 4647 πάλιν,
3059 4586 3106 4637 εί
3134 4584 3195 4637 τὸ
3234 4583 3519 4653 μιμεῖσθαι
3558 4585 3682 4646 τοὺς

2107 4674 2355 4745 μαθητὰς
2395 4675 2457 4728 τὸ
2484 4675 2579 4728 τοῦ
2618 4676 2794 4745 ὄφεως
2837 4676 3119 4746 φρόνιμον,
3173 4675 3265 4729 καὶ
3294 4675 3353 4728 τὸ
3384 4678 3482 4744 τῆς
3524 4691 3681 4744 περι-

2106 4767 2303 4837 στερᾶς
2332 4766 2607 4837 ἀκέραιον,
2644 4768 2738 4821 καὶ
2770 4767 2830 4820 τὸ
2868 4767 2961 4819 τοῦ
2992 4766 3201 4836 Πατρός
3230 4766 3323 4819 τοῦ
3367 4768 3422 4818 ὲν
3452 4767 3561 4827 τοῖς
3586 4766 3680 4817 οὑν

2110 4860 2290 4925 ρανοῖς
2314 4858 2602 4928 πρόχειρον
2633 4860 2759 4929 περὶ
2780 4858 2841 4910 τὸ
2871 4857 3074 4917 πάντας
3099 4858 3258 4919 ἑλεῖν.
3284 4857 3376 4910 καὶ
3403 4857 3551 4924 ὂφεις
3584 4856 3680 4907 αὖ-

2105 4947 2232 5010 τοὺς
2255 4948 2347 5000 καὶ
2371 4949 2701 5021 περιστερὰς
2724 4948 2816 5002 καὶ
2842 4948 2982 5001 κατὰ
3013 4949 3170 5016 φύσιν
3192 4950 3408 5018 ὁμοίους
3435 4946 3677 5015 γίνεσθαι

2102 5040 2509 5110 παρασκευάζει
2532 5040 2609 5110 τῷ
2634 5040 2753 5110 Θεῷ
2774 5055 2786 5067 ·
2815 5041 2940 5094 ὅταν
2968 5040 3249 5109 λεγώμεθα
3275 5041 3518 5109 γίνεσθαι
3544 5040 3678 5109 πρὸς

2104 5132 2307 5203 Κύριον
2337 5132 2415 5195 ἓν,
2451 5132 2601 5185 οὐδὲν
2631 5131 2826 5187 κωλύει
2852 5132 3051 5200 λέγειν,
3087 5134 3167 5186 ὅτι
3202 5132 3263 5203 δὴ
3298 5134 3435 5184 κατὰ
3472 5132 3561 5184 τὸν
3579 5132 3678 5201 τῆς

2100 5223 2287 5285 οὐσίας
2310 5222 2466 5291 λόγον
2492 5222 2548 5276 ἐν
2570 5222 2870 5292 γεγόναμεν
2900 5222 3035 5291 πρὸς
3063 5221 3153 5274 τὸν
3180 5221 3330 5284 Θεὸν,
3352 5220 3537 5291 ὥσπερ
3561 5220 3677 5273 ἐστὶ

2101 5312 2194 5363 καὶ
2217 5312 2246 5361 ό
2280 5312 2403 5373 Υἱὸς
2437 5312 2570 5381 πρὸς
2596 5312 2688 5364 τὸν
2712 5309 2903 5363 ἑαυτοῦ
2935 5309 3173 5380 Πατέρα.
3210 5310 3270 5361 ΕΞ
3301 5310 3358 5361 δὲ
3392 5309 3551 5378 μέχρι
3589 5308 3662 5379 μό

2101 5420 2196 5469 νης
2244 5404 2452 5460 ἑννοίας
2489 5403 2521 5471 ἢ
2564 5402 2814 5473 πράξεως
2859 5404 2890 5471 ἡ
2939 5401 3189 5469 ὁμοιότης
3229 5401 3358 5469 ἡμῖν
3417 5402 3550 5470 πρὸς
3604 5401 3673 5452 τὰ

2099 5493 2681 5565 ἀντιπαραϐαλλόμενα
2711 5493 2916 5561 πέφυκε
2950 5491 3216 5559 γίνεσθαι,
3243 5491 3342 5544 οὐκ
3373 5492 3538 5558 ἐσμὲν
3567 5491 3670 5560 ἄρα

2754 5671 2795 5701 ¹⁸
2829 5669 2956 5725 Luc.
2993 5686 3063 5735 ιιι,
3097 5671 3185 5727 56.
