4106 6204
479 312 579 365 2H

1477 319 1535 374 S.
1573 321 1851 376 CYBILLI
1892 323 2361 382 ALEXANDRINI
2402 329 2718 389 ARCIIIEP.

3635 335 3742 390 212

477 437 758 501 Vobiscum
813 452 955 501 sum,
1009 448 1061 495 et
1113 454 1216 497 non
1269 440 1566 511 cognovisti
1618 457 1723 507 me,
1779 441 2050 515 Philippc‘.i

2164 448 2343 521 χρόνῳ
2372 448 2493 519 μεθ’
2519 450 2671 519 ὑμῶν
2698 454 2833 522 είμι,
2862 456 2955 506 καὶ
2974 456 3077 509 οὐκ
3100 454 3345 525 ἔγνωκάς
3371 471 3462 523 με,
3483 453 3739 520 Mittunt;

476 522 577 588 Qui
618 526 748 578 vidit
781 542 864 580 me
920 528 1052 581 vidit
1082 541 1132 584 et
1165 531 1375 585 Patrem
1409 533 1474 582 ".
1510 550 1528 583 ι
1570 531 1625 584 Si
1663 548 1791 605 ergo
1828 536 2063 601 cognitio

479 609 600 669 Filii
635 624 717 673 cst
756 619 992 687 cognitio
1038 618 1232 683 Patris,
1278 622 1643 675 necessarium
1694 622 1850 690 plane
1894 635 1974 679 est
2008 637 2065 677 ιιι

481 705 643 759 talem
673 710 956 765 credamus
984 726 1103 766 esse
1136 712 1349 775 Filium,
1380 714 1556 781 qualis
1582 725 1666 769 est
1700 714 1879 771 Pater.
1910 719 2058 783 Quod

479 798 522 851 si
554 799 624 855 ita
659 810 762 866 est,
790 802 1139 856 immutabilis
1165 813 1341 857 autem
1374 804 1550 867 Pater,
1583 808 1683 861 erit
1717 807 1818 862 hoc
1840 811 2061 864 omnino

479 897 533 941 et
564 888 753 944 Filius.
786 890 861 946 Ita
894 894 1037 945 enim
1075 894 1128 945 in
1156 894 1271 963 ipso
1302 898 1645 963 cognoscitur
1671 907 1724 953 ct
1752 911 1992 968 apparet.

487 1084 800 1161 Testiutonia
835 1107 1000 1144 sacra‘
1047 1090 1370 1157 Scriptum,
1414 1096 1550 1161 quod
1598 1097 1937 1151 immutabilis
1992 1099 2055 1149 sit

626 1155 799 1213 Filius
852 1174 896 1212 et
927 1177 989 1214 ea:
1018 1162 1082 1214 iis
1109 1155 1440 1232 syllogismus
1469 1168 1645 1217 eodem
1675 1169 1954 1232 pertinens.

557 1339 753 1393 l’anlns
783 1340 899 1395 ait:
938 1359 955 1391 ι
987 1339 1146 1395 Jesus
1192 1341 1439 1396 Christus
1481 1343 1595 1397 lteri
1628 1354 1682 1397 et
1729 1345 1905 1409 hodie,
1948 1346 2061 1412 ipse

484 1450 703 1507 quoque
739 1436 790 1493 in
821 1436 1018 1489 sarcula
1058 1436 1123 1488 ".
1166 1455 1183 1486 ι
1226 1435 1512 1490 Psalmista
1551 1456 1563 1490 :
1606 1457 1623 1488 ι
1662 1435 1741 1492 Τιι
1776 1439 1842 1491 ab
1880 1438 2055 1503 initio,

480 1524 727 1588 Domino,
767 1534 965 1579 terram
1000 1526 1258 1590 fundasti,
1291 1535 1343 1581 ct
1370 1542 1530 1595 opera
1558 1544 1813 1580 manuum
1843 1536 2055 1581 tuarum

478 1628 604 1673 sunt
656 1619 812 1682 cwli;
869 1618 968 1687 ipsi
1018 1620 1289 1687 peribunt,
1339 1630 1392 1671 tn
1435 1630 1612 1671 autem
1663 1633 1947 1687 permanes
2004 1628 2057 1672 et

478 1723 669 1763 omnes
724 1710 876 1777 quasi
933 1711 1316 1765 vestimentum
1372 1720 1749 1776 velerascent;
1814 1717 1869 1761 ct
1917 1709 2051 1762 sicut

477 1799 814 1867 opertorium
849 1800 1082 1852 mutahis
1135 1815 1231 1853 eos
1282 1809 1336 1853 et
1389 1800 1759 1863 mutabuntur,
1808 1798 1965 1870 127
1999 1809 2051 1853 tn
2088 1792 2129 1845 Β

476 1900 654 1945 autem
689 1891 827 1944 idem
868 1891 978 1960 ipse
1012 1900 1147 1945 eset
1192 1892 1316 1943 anni
1371 1892 1441 1943 tui
1500 1906 1603 1944 non
1644 1892 1896 1945 deficient
1926 1890 1990 1941 ³¹.
2028 1908 2045 1940 ι

476 1983 739 2037 Servator
766 1982 881 2052 ipse
913 1984 976 2036 de
1010 1999 1104 2039 so:
1142 2001 1159 2033 ι
1202 1982 1391 2037 Videte
1425 1997 1531 2048 me,
1566 1983 1743 2039 videte
1798 1984 1924 2052 quia
1952 1997 2051 2052 ego

474 2083 695 2137 suimet
740 2091 845 2129 non
888 2086 1066 2128 ιιιιιιοι·
1095 2074 1185 2127 ³²;
1233 2076 1345 2127 ιΕι
1390 2074 1656 2128 Jeremias
1702 2089 1718 2128 :
1765 2093 1783 2125 ι
1826 2073 1961 2141 Quia
1998 2084 2050 2127 tu

475 2165 720 2219 insidens
769 2166 1045 2229 Stecnlum,
1103 2173 1158 2217 et
1188 2178 1285 2217 nos
1319 2165 1606 2234 perdentes
1634 2161 1888 2220 steculum
1921 2162 1985 2215 ³³.
2026 2182 2045 2215 ι

476 2256 589 2311 Illic
629 2256 772 2313 enim
812 2256 1159 2310 stabilitatem
1228 2264 1391 2324 atque
1430 2255 1925 2313 itnmutabilitatem
1968 2255 2050 2308 di-

474 2348 611 2402 vina:
650 2356 875 2412 naturze,
913 2346 1165 2419 quodque
1192 2360 1410 2416 semper
1438 2347 1626 2400 eodem
1674 2347 1833 2403 modo
1861 2361 1917 2400 se
1956 2346 2048 2400 ha-

471 2438 596 2494 heat
625 2437 941 2509 significans
969 2441 1249 2510 pr0pheta,
1283 2440 1412 2493 dicit
1458 2458 1471 2491 :
1503 2458 1521 2491 ι
1558 2437 1636 2491 Tu
1677 2439 1914 2495 insidens
1947 2453 2047 2491 sm-

471 2528 693 2594 culnm;
731 2548 750 2580 ι
780 2538 1153 2583 creaturarum
1191 2544 1317 2583 vero
1342 2528 1394 2582 in
1421 2528 1568 2582 omni
1598 2539 1839 2598 tempore
1867 2537 2046 2581 muta-

475 2621 678 2676 tionem
717 2620 1051 2691 significans,
1089 2619 1253 2674 infert
1287 2638 1301 2673 :
1341 2638 1358 2670 ι
1387 2617 1498 2674 Nos
1537 2630 1718 2673 autem
1765 2620 2048 2688 perdt-otes

468 2711 749 2768 saeuiunt.
788 2730 807 2763 ι
848 2711 905 2765 Si
942 2727 1072 2780 ergo
1094 2726 1248 2764 sacra
1297 2710 1580 2780 Scriptura
1633 2710 1899 2765 creaturis
1930 2720 2047 2762 tan-

471 2815 583 2861 tum
609 2805 987 2868 mutationem,
1010 2804 1386 2857 alterationem
1402 2814 1455 2857 et
1475 2804 1752 2857 interitum
1781 2801 2047 2870 agnoscit,

471 2895 619 2949 etab
658 2895 849 2948 horum
886 2894 1148 2947 societate
1177 2891 1375 2945 Filium
1408 2892 1621 2954 eximit,
1658 2892 1885 2947 dicens:
1921 2910 1937 2943 ι
1969 2890 2046 2943 Tu

469 2996 649 3041 autem
683 2985 823 3040 idem
858 2985 974 3055 ipse
1009 2998 1068 3038 es
1100 3002 1113 3036 :
1150 3003 1169 3034 ι
1206 2999 1310 3037 non
1347 2984 1512 3054 igitur
1538 2982 1811 3038 mutabilis
1843 2993 2049 3037 natura:

468 3080 770 3151 cst.Neque
801 3081 945 3133 enim
976 3078 1117 3132 idem
1146 3078 1237 3139 sit.
1268 3077 1311 3131 si
1349 3078 1401 3137 iu
1427 3077 1574 3131 aliud
1591 3078 1862 3148 quidpiam
1887 3091 2047 3145 quam

467 3183 551 3228 est
578 3174 772 3227 mutari
804 3181 1010 3243 posset.

1157 3371 1385 3428 ALIUD.

543 3488 601 3543 Si
632 3489 932 3542 secundum
957 3496 1207 3541 naturam
1232 3484 1589 3539 immutabilis
1617 3498 1720 3537 non
1745 3494 1823 3538 est
1859 3483 2047 3549 Filius,

469 3578 567 3635 sed
598 3578 851 3635 accidens
878 3577 927 3632 ei
962 3586 1065 3641 ρει,
1099 3586 1160 3631 ιιι
1190 3579 1260 3631 sit
1295 3577 1349 3631 id
1379 3576 1520 3647 quod
1554 3587 1661 3640 est,
1692 3576 2049 3629 adscititiam-

469 3684 577 3735 que
607 3669 772 3722 habet
803 3683 926 3723 cum
974 3668 1139 3724 Patre
1172 3668 1582 3723 similitudinem
1621 3687 1632 3721 :
1673 3667 1851 3736 aliquo
1886 3666 2049 3736 igitur

472 3773 714 3830 tempore
743 3759 1149 3829 fueritquidem
1192 3758 1378 3823 Filius,
1420 3758 1514 3813 sed
1553 3758 1835 3812 dissimilis
1862 3756 2049 3810 Patri?

466 3855 537 3907 At
561 3852 832 3921 quomodo
862 3852 1029 3907 Filius
1062 3854 1270 3906 censeri
1303 3861 1506 3923 posset,
1545 3866 1704 3919 quem
1740 3866 1843 3903 non
1892 3857 2046 3901 natu-

466 3946 597 4001 ralis
640 3945 937 4000 similitudo
966 3960 1087 3999 eum
1117 3960 1237 3998 esse
1278 3942 1559 3998 declarat?
1589 3944 1694 3994 Aut
1740 3956 1845 4007 quo
1888 3951 2047 4007 pacto

467 4039 622 4093 firma
661 4053 724 4093 ac
755 4037 966 4091 stabilis
1004 4036 1283 4093 beatitudo
1318 4036 1370 4086 in
1409 4034 1499 4088 illo
1545 4032 1670 4099 erit,
1700 4031 1790 4100 qni
1831 4045 1927 4099 per
1954 4047 2046 4085 ac-

466 4131 653 4185 cidens
677 4145 793 4184 eam
830 4128 1036 4181 habet?
1072 4128 1208 4180 Nam
1244 4127 1287 4180 si
1322 4126 1396 4195 illi
1433 4124 1652 4189 accidit,
1680 4133 1853 4193 potest
1880 4122 2043 4176 etiam

466 4235 573 4277 non
616 4218 885 4272 accidere.
933 4215 987 4271 Si
1038 4232 1165 4271 vero
1217 4231 1373 4271 sacra
1421 4215 1701 4285 Scriptura
1741 4213 1936 4269 Filium
1992 4215 2042 4267 in

467 4311 746 4365 identitate
771 4324 990 4364 manere
1020 4310 1175 4375 dicit,
1210 4310 1387 4364 omnia
1423 4325 1542 4378 qua:
1581 4308 1883 4363 divinitatis
1917 4325 2042 4380 prn-

462 4401 581 4469 pria
613 4409 759 4463 sunt,
789 4399 1106 4454 naturaliter
1136 4401 1191 4453 in
1232 4399 1349 4469 ipso
1380 4399 1653 4453 exsistunt
1685 4418 1697 4453 :
1734 4397 1907 4453 aliena
1945 4414 2041 4453 au—

2179 539 2237 593 '0
2268 541 2527 612 ἑωρακὼς
2582 544 2682 611 ἐμὲ
2724 544 2938 614 ἑώρακε
2964 546 3056 603 τὸν
3085 546 3322 616 Πατέρα.
3356 564 3374 596 ι
3407 547 3467 598 Εἰ
3494 544 3674 599 τοίνυν
3704 548 3737 616 ἡ

2166 631 2296 701 περὶ
2344 632 2438 685 τοῦ
2485 634 2615 689 Υίοῦ
2664 636 2897 701 γνῶσις,
2948 637 3147 706 γνῶσίς
3201 638 3316 690 ἐστι
3365 636 3460 690 τοῦ
3508 637 3736 708 Πατρδς,

2164 723 2378 794 ἀνάγκη
2424 728 2571 779 πᾶσα
2613 727 2852 783 τοιοῦτον
2911 726 3049 783 εἶναι
3113 730 3391 785 πιστεύειν
3438 728 3531 783 τὸν
3585 729 3736 791 Υἱὸν,

2164 816 2348 882 ὁποῖός
2387 820 2533 872 ἐστιν
2573 823 2601 873 6
2638 823 2845 892 Πατήρ.
2896 824 2957 876 Εἰ
2995 823 3051 876 δὲ
3099 823 3275 887 τοῦτο,
3321 823 3590 893 ἄτρεπτος
3616 822 3673 875 δὲ
3710 825 3738 876 6

2165 908 2372 979 Πατὴρ,
2420 910 2572 964 ἔσται
2614 912 2772 966 τοῦτο
2818 914 3034 978 πάντως
3070 915 3164 969 καὶ
3200 916 3230 968 6
3260 914 3409 976 Υἱός.
3446 913 3603 967 οὕτω
3632 914 3741 985 γὰρ

2165 999 2231 1051 ἂν
2255 1001 2313 1052 ὲν
2342 1000 2491 1071 αὐτῷ
2513 1003 2782 1076 γνωσθείη
2812 1005 2905 1058 καὶ
2928 1007 3192 1074 φαίνοιτο.

2163 1116 2487 1188 Μαρτυρίαι
2514 1116 2630 1188 (ὶπρ
2656 1118 2766 1185 τῆς
2796 1118 3059 1188 Γραφῆς,
3084 1119 3170 1174 ὅτι
3195 1120 3488 1187 ἄτρεπτος
3519 1123 3553 1172 ό
3580 1120 3732 1184 Υἱὸς,

2231 1184 2330 1236 καὶ
2357 1185 2427 1249 ἐξ
2464 1184 2663 1239 αὐτῶν
2689 1184 3107 1259 συλλογισμὸς
3137 1192 3224 1256 είς
3263 1184 3439 1244 τοῦτο
3467 1184 3737 1257 περιτρέο

2232 1268 2360 1305 πων
2369 1294 2380 1306 .

2242 1367 2300 1419 Ὀ
2347 1368 2554 1433 Παῦλος
2590 1370 2765 1439 λέγει’
2801 1390 2819 1427 t
2861 1373 3067 1443 Ἰησοῦς
3097 1374 3333 1445 Χριστὸς
3369 1372 3494 1443 χθὲς
3524 1370 3618 1427 καὶ
3644 1374 3738 1443 σήο

2164 1476 2348 1529 μερον,
2384 1462 2412 1513 6
2437 1462 2600 1525 αὐτὸς
2640 1466 2734 1517 καὶ
2768 1466 2846 1528 είς
2876 1467 3002 1528 τοὺς
3031 1466 3257 1529 αἰῶνας.
3286 1484 3304 1517 ι
3331 1466 3388 1521 ὐ
3410 1464 3732 1534 Ψαλμῳδόςο

2167 1568 2184 1598 ι
2224 1550 2295 1601 Σὺ
2330 1552 2646 1622 καταρχὰς,
2698 1555 2868 1625 Κύριε
2889 1596 2904 1618 ,
2937 1557 3038 1628 τὴν
3066 1557 3170 1625 γῆν
3201 1556 3569 1626 ἐθεμελίωσας
3589 1594 3604 1618 .
3636 1553 3735 1609 καὶ

2158 1639 2294 1710 ἔργα
2333 1641 2439 1695 τῶν
2470 1644 2671 1714 χειρῶν
2705 1646 2798 1700 σού
2843 1648 2978 1699 εἰσιν
3011 1648 3060 1701 οἱ
3109 1647 3364 1715 οὐρανοί·
3397 1646 3552 1701 αὐτοὶ
3594 1647 3734 1699 ἀπο-ο

2157 1733 2394 1797 λοῦνται,
2447 1737 2511 1789 σὺ
2553 1736 2609 1789 δὲ
2656 1736 2965 1806 διαμένειςο
3012 1736 3106 1792 καὶ
3159 1737 3357 1799 πάντες
3408 1736 3482 1799 ὼς
3521 1737 3735 1805 ἱμάτιον

2160 1824 2632 1897 παλαιωθήσονται
2649 1843 2661 1856 ⁸
2678 1827 2771 1880 καὶ
2795 1826 2927 1881 ὡσεὶ
2951 1844 3015 1879 πε
3025 1827 3294 1897 ριδόλαιον
3315 1826 3507 1890 ἑλίξεις
3535 1825 3733 1889 αὐτοὺς

2159 1916 2253 1967 καὶ
2290 1915 2709 1987 ἀλλαγήσονται,
2748 1917 2812 1971 σὺ
2839 1917 2896 1971 δὲ
2924 1918 2952 1969 6
2983 1919 3143 1981 αὐτὸς
3173 1916 3251 1979 εἴ,
3287 1918 3382 1971 καὶ
3416 1919 3484 1972 τὰ
3507 1918 3604 1987 ἔτη
3636 1935 3732 1971 σου

2158 2006 2258 2059 οὐκ
2300 2007 2660 2076 ἐκλείψουσιν,
2698 2027 2715 2061 ι
2767 2009 2824 2061 '0
2855 2008 3043 2080 Σωτὴρ
3075 2011 3204 2078 περὶ
3247 2009 3472 2063 ὲαυτοῦ’
3515 2028 3533 2060 ι
3564 2009 3734 2062 Ἴδετε

2161 2113 2250 2166 με,
2282 2097 2417 2150 ἴδετε
2449 2098 2529 2150 ὅτι
2558 2097 2669 2167 ἐγώ
2694 2100 2832 2168 εἰμι,
2865 2099 2959 2152 καὶ
2978 2100 3079 2152 οὐκ
3113 2100 3435 2169 ἠλλοίωμαι.
3478 2119 3496 2152 ι
3518 2101 3577 2154 Ὀ
3627 2100 3732 2153 Ἰε-

2160 2190 2354 2261 ρεμίας
2376 2206 2390 2220 ι
2427 2191 2583 2243 «Ὅτι
2615 2193 2679 2247 σὺ
2710 2191 3023 2263 καθήμενος
3066 2193 3157 2245 τὸν
3204 2192 3396 2257 αἰῶνα,
3440 2194 3534 2245 καὶ
3571 2194 3732 2263 ἡμεῖς

2157 2279 2517 2351 ἀπολλύμενοι
2537 2282 2625 2335 τδν
2658 2282 2851 2337 αἰῶνα.
2882 2302 2899 2336 ι
2920 2283 3185 2338 Ἐνταῦθα
3214 2284 3323 2355 γὰρ
3359 2284 3418 2337 τὸ
3449 2283 3733 2353 ἱδρυμένον

2157 2372 2250 2439 καὶ
2276 2372 2633 2442 ἀμετάθετον,
2664 2375 2758 2429 καὶ
2782 2375 2868 2428 ἀεὶ
2893 2374 3157 2438 ὡσαύτως
3179 2376 3303 2445 ἔχον
3330 2375 3431 2445 τῆς
3459 2374 3608 2439 θείας
3632 2376 3734 2444 φύ-

2158 2480 2294 2525 σεως
2340 2465 2368 2516 ὁ
2398 2466 2683 2535 προφήτης
2730 2465 3010 2536 σημαίνων
3044 2467 3179 2535 φησί
3201 2484 3213 2496 ·
3266 2485 3284 2517 ι
3319 2468 3392 2520 Σὺ
3422 2465 3731 2535 καθήμενος

2157 2552 2244 2604 τὸν
2284 2552 2489 2606 αἰῶνα·
2531 2573 2548 2605 ι
2592 2554 2690 2624 τὴν
2748 2555 2805 2607 δὲ
2844 2557 2902 2608 ὲν
2946 2556 3109 2608 παντὶ
3151 2556 3327 2626 χρόνῳ
3354 2556 3459 2609 τῶν
3486 2556 3731 2626 γενητῶν

2160 2643 2461 2713 μεταϐολὴν
2532 2644 2930 2715 ἐξηγούμενος,
2998 2647 3283 2716 ἐπιφέρει·
3336 2665 3353 2696 ι
3394 2647 3503 2698 Καὶ
3567 2648 3730 2716 ἡμεῖς

2156 2729 2522 2800 ἀπολλύμενοι
2551 2732 2642 2785 τὸν
2671 2733 2863 2788 αἰῶνα.
2900 2752 2917 2784 ι
2950 2735 3012 2786 Et
3046 2736 3224 2787 τοίνυν
3258 2735 3351 2787 ἐπὶ
3384 2736 3482 2805 μὲν
3506 2734 3612 2787 τῶν
3638 2751 3731 2803 γε-

2155 2820 2333 2891 νητῶν
2367 2823 2597 2893 τροπὴν,
2645 2825 2739 2877 καὶ¹
2782 2825 3086 2890 ἀλλοίωσιν,
3136 2826 3231 2879 καὶ
3278 2827 3587 2890 ἀπώλειαν,
3635 2827 3728 2882 καὶ

2155 2911 2456 2983 ἐξαλλαγὴν
2490 2916 2521 2985 ἠ
2567 2914 2687 2969 θεία
2729 2917 2962 2981 λέγουσα
3008 2917 3219 2989 Γραφὴ,
3249 2920 3349 2989 τῆς
3384 2920 3520 2991 πρὸς
3556 2918 3729 2971 ταῦτα

2154 3005 2437 3068 κοινωνίας
2473 3006 2759 3077 ὑπεξαιρεί
2802 3007 2892 3059 τὸν
2937 3008 3083 3073 Υἱὸν,
3122 3028 3139 3058 ι
3174 3010 3243 3062 ΣΞ)
3274 3010 3331 3062 δὲ
3357 3011 3383 3061 6
3408 3009 3565 3072 αὐτὸς
3595 3005 3664 3074 εἷ,
3702 3029 3720 3059 ι

2154 3094 2418 3162 λέγουσα,
2446 3098 2543 3149 οὐκ
2571 3096 2677 3166 ἀρα
2734 3099 2976 3168 τρεπτῆς
3006 3099 3219 3170 φύσεώς
3252 3102 3417 3157 ἐστιν.
3456 3102 3589 3154 Οὐδὲ
3618 3104 3726 3174 γὰρ

2152 3183 2217 3238 ἃν
2246 3187 2273 3239 6
2301 3189 2463 3251 αὐτὸς
2496 3188 2581 3258 εἴη
2607 3228 2621 3251 ,
2668 3190 2753 3259 ἐφ’
2786 3191 2969 3264 ἕτερόν
3005 3211 3054 3245 τι
3090 3195 3216 3265 παρ’
3242 3195 3379 3266 ὅπερ
3420 3194 3533 3249 ἐστὶ
3565 3211 3726 3265 μετα-

2151 3277 2314 3349 τρέπε
2326 3278 2447 3331 σθαι
2477 3279 2793 3351 δυνάμενος.

2831 3399 3036 3453 ΛΛΛΟ.

2220 3505 2281 3557 Εἰ
2315 3505 2456 3559 κατὰ
2487 3505 2646 3575 φύσιν
2677 3506 2776 3559 οὐκ
2808 3506 2956 3561 ἔστιν
2984 3507 3252 3577 ἄτρεπτος
3282 3508 3311 3562 6
3344 3507 3492 3571 Υἱὸς,
3527 3508 3725 3578 συνέϐη

2145 3590 2205 3647 at
2246 3595 2397 3666 αὑτῷ
2427 3595 2489 3648 τὸ
2520 3592 2663 3663 εἶναι
2708 3596 2871 3649 τοῦτο
2913 3598 3053 3667 ὅπερ
3101 3598 3236 3664 ἐστὶ,
3280 3598 3373 3651 καὶ
3432 3598 3724 3669 ἐπίκτητον

2149 3687 2260 3757 ἔχει
2292 3688 2389 3758 τὴν
2421 3688 2555 3759 πρὸς
2583 3688 2674 3741 τὸν
2712 3688 2931 3758 Πατέρα
2956 3688 3269 3759 ὁμοιότητα,
3300 3684 3368 3757 ἦν
3398 3688 3507 3759 ἀρα
3530 3691 3721 3760 χρόνος

2147 3778 2235 3832 ὅτε
2262 3774 2329 3848 ἦν
2371 3779 2469 3849 μὲν
2494 3781 2521 3833 6
2552 3780 2700 3845 Υἱὸς,
2736 3780 2988 3849 ἀνόμοιος
3018 3779 3074 3832 δὲ
3104 3779 3182 3849 τῷ
3207 3779 3421 3847 Πατρί;
3468 3780 3579 3837 Καὶ
3609 3779 3728 3843 πῶς

2149 3872 2276 3934 Υίὸς
2307 3872 2387 3925 ἔτι
2415 3872 2737 3942 νοηθήσσται
2764 3875 2794 3926 6
2826 3872 2903 3943 μὴ
2931 3875 2996 3925 ὲκ
3037 3873 3137 3945 τῆς
3168 3872 3309 3927 κατὰ
3349 3872 3512 3942 φύσιν
3548 3870 3723 3943 ὁμοιόο

2144 3980 2306 4033 τητος
2351 3963 2797 4034 μαρτυρούμενος
2820 3981 2836 4029 ;
2868 3966 2937 4017 Ἢ
2970 3965 3087 4028 πῶς
3113 3967 3170 4021 ὲν
3193 3964 3399 4035 βεϐαίῳ
3420 3968 3519 4035 τῆς
3546 3982 3723 4035 μακα-

2147 4055 2390 4127 ριότητος
2421 4056 2699 4126 στήσεται,
2727 4058 2756 4110 6
2781 4056 3223 4129 ἐπισυμϐεϐηκὸς
3261 4057 3419 4111 τοῦτο
3445 4056 3617 4127 ἕχων;
3658 4057 3720 4109 Et

2145 4148 2253 4219 γὰρ
2282 4148 2503 4217 συνέϐη,
2528 4148 2624 4203 καὶ
2652 4148 3037 4217 ἀποσυμϐἧναι
3064 4147 3222 4203 τοῦτο
3244 4147 3552 4217 δυνήσεται.
3579 4147 3640 4201 Ei
3663 4146 3719 4203 δὲ

2147 4243 2205 4295 ὲν
2235 4240 2523 4312 ταυτότητι
2572 4239 2758 4305 μένειν
2792 4238 2883 4291 τὸν
2910 4238 3039 4295 Υἱδν
3086 4240 3121 4308 ἡ
3169 4238 3286 4294 θεία
3318 4239 3470 4307 λέγει
3505 4238 3718 4307 Γριφὴ,

2145 4332 2322 4383 πάντα
2356 4332 2412 4382 ἐν
2458 4329 2606 4399 αὐτῴ
2640 4328 2781 4383 κατὰ
2834 4329 2997 4398 φύσιν
3037 4329 3157 4381 ἐστὶ
3206 4327 3275 4384 τὰ
3321 4328 3420 4399 τῆς
3467 4326 3720 4396 θεότητος

2147 4422 2283 4486 ἴδια,
2316 4421 2594 4491 ἀλλότριον
2632 4422 2687 4474 δὲ
2718 4421 2925 4492 ταύτης
2970 4424 3002 4493 ἡ
3052 4420 3262 4493 τροπὴ,
3309 4421 3578 4491 ἄτρεπτος
3613 4419 3719 4487 ἄρα

466 4503 573 4545 tem
605 4502 690 4547 cst
719 4506 745 4543 a
775 4490 981 4545 deitate
1014 4491 1271 4556 mutatio;
1306 4491 1628 4549 mutationis
1658 4492 1840 4562 itaque
1870 4500 1921 4545 et
1962 4491 2039 4544 al-

2154 4513 2260 4565 ὲστὶ
2294 4511 2389 4564 καὶ
2420 4512 2797 4577 ἀναλλοίωτος.

462 4584 748 4639 terationis
772 4597 964 4652 expers
996 4591 1099 4636 est.

1128 4698 1356 4754 ALIUD.

532 4812 585 4864 Id
619 4813 761 4880 quod
794 4815 990 4872 mutari
1027 4822 1082 4867 et
1117 4811 1335 4869 alterari
1374 4823 1551 4885 potest
1609 4829 1714 4869 non
1746 4815 1944 4869 dixerit
1973 4815 2038 4867 de

458 4901 639 4969 seipso
671 4920 684 4955 :
721 4920 739 4950 ι
781 4901 891 4975 Ego
934 4919 1053 4957 sum
1087 4903 1307 4956 veritas.
1342 4922 1361 4955 ι
1402 4903 1533 4956 Nam
1566 4905 1709 4973 quod
1758 4904 1914 4957 modo
1956 4903 2036 4959 sic

457 5000 564 5055 est,
593 4993 749 5044 modo
773 5008 876 5047 non
906 5004 1012 5060 est,
1040 4995 1394 5064 repugnantia
1423 4994 1522 5049 sibi
1556 4995 1654 5062 ipsi
1684 4994 1835 5052 dicit.
1866 4994 2034 5049 Filius

457 5088 637 5131 autem
662 5079 731 5133 de
760 5082 939 5151 seipso
961 5084 1095 5139 dicit
1124 5102 1137 5138 :
1172 5104 1189 5135 ι
1220 5084 1330 5154 Ego
1358 5099 1475 5137 sum
1513 5086 1729 5138 veritas.
1765 5104 1783 5136 ι
1812 5084 1926 5138 Νοιι
1954 5096 2037 5138 est

459 5169 623 5238 igitur
652 5186 716 5225 ex
757 5172 821 5226 iis
845 5189 965 5242 qum
991 5185 1267 5230 mutantur
1294 5184 1455 5249 atque
1481 5175 1805 5241 :Illcralilllf‘,
1840 5176 1930 5229 sed
1963 5177 2035 5229 si-

454 5261 601 5317 milis
634 5263 803 5327 Patri,
838 5268 1161 5322 mutationis
1194 5278 1247 5321 et
1281 5266 1616 5321 alterationis
1640 5282 1854 5335 expers.

948 5465 1175 5533 ALIUD,
1207 5466 1538 5535 explicatius.

528 5575 779 5634 Haretici
832 5588 1096 5639 conantes
1141 5577 1432 5637 ostendere
1486 5578 1683 5637 Filium
1728 5596 1790 5635 ex
1840 5596 2026 5639 eorum

2823 4694 3023 4746 AAAO.

2216 4805 2289 4861 T6
2308 4807 2643 4879 τρεπόμενον
2673 4807 2766 4862 καὶ
2794 4806 3151 4880 ἀλλοιωθῆναι
3175 4807 3492 4879 δυνάμενον,
3522 4809 3621 4860 οὐκ
3650 4807 3718 4859 ἂν

2142 4895 2291 4964 λέγοι
2326 4898 2457 4970 περὶ
2479 4896 2671 4951 ἑαυτοῦ
2692 4914 2705 4927 ⁸
2738 4917 2756 4949 t
2794 4896 2936 4965 Ἐγὼ
2968 4899 3083 4970 είμι
3117 4900 3149 4970 ἡ
3188 4899 3432 4971 ἀλήθεια.
3469 4919 3489 4951 ι
3521 4900 3582 4953 Ei
3606 4899 3715 4971 γὰρ

2142 4988 2272 5045 ποτὲ
2329 4989 2427 5059 μὲν
2478 4990 2595 5043 τόδε
2639 4990 2819 5053 ἔστὶν,
2860 4990 2990 5043 ποτὲ
3034 4991 3090 5043 δὲ
3135 4991 3235 5045 οὐκ
3283 4992 3418 5056 ἔστι,
3460 4991 3713 5061 ψεύδεται

2140 5080 2276 5152 πρὸς
2304 5080 2518 5135 ἑαυτόν.
2574 5082 2632 5135 '0
2672 5081 2728 5136 δὲ
2756 5081 2882 5145 Υἱὸς
2909 5083 3037 5153 περὶ
3069 5083 3263 5136 ἑαυτοῦ
3300 5083 3473 5152 λέγει*
3515 5103 3532 5133 ι
3573 5080 3714 5151 Ἑγὼ

2136 5171 2252 5240 είμι
2285 5172 2317 5239 ἡ
2350 5169 2596 5240 ἀλήθεια.
2633 5189 2649 5223 ι
2676 5171 2790 5227 Οὐκ
2820 5171 2927 5244 ἄρα
2953 5171 3065 5223 τῶν
3091 5170 3558 5241 ἀλλοιουμένων,ἣ
3588 5186 3713 5241 τρε-

2138 5262 2389 5330 πομένων
2424 5263 2593 5325 ἐστὶν,
2638 5261 2753 5316 ἀλλ’
2786 5263 2971 5331 ὅμοιος
3012 5261 3091 5332 τῷ
3120 5261 3315 5332 Πατρὶ,
3361 5261 3628 5332 ἄτρεπτός
3651 5277 3711 5315 τε

2137 5354 2228 5406 καὶ
2259 5352 2614 5415 ἀναλλοίωτος
2640 5352 2734 5408 ὦν.

2575 5466 2781 5528 ΛΛΛΟ,
2820 5464 3274 5535 διηγηματικῶς.

2211 5583 2347 5638 Ἕνα
2388 5582 2494 5635 τῶν
2536 5578 2931 5650 ἀλλοιουμένων
2972 5577 3366 5643 σπουδάζοντες
3406 5576 3575 5643 δεῖξαι
3616 5573 3717 5630 τδν

402 5723 414 5756 ⁴
514 5734 558 5762 ”
588 5732 742 5791 Joan.
786 5752 893 5803 xw,
923 5738 975 5804 8,
1009 5736 1064 5790 9.
1121 5737 1164 5769 ”
1193 5736 1355 5793 Ilebr.
1389 5753 1510 5805 xm,
1539 5740 1591 5791 8.
1650 5740 1689 5771 ³⁸
1723 5738 1863 5795 Psal.
1896 5742 2050 5804 ct,':tti

2154 5777 2172 5791 .
2218 5740 2260 5772 "
2292 5739 2421 5794 Luc.
2455 5754 2601 5806 xxiv,
2625 5740 2725 5805 '59;
2763 5737 2986 5793 Malach.
3019 5752 3100 5801 ιιι,
3129 5736 3180 5790 6.
3224 5737 3267 5767 ³³
3292 5736 3502 5792 Barnch
3536 5753 3621 5806 ιιι,
3647 5733 3705 5793 5.
