4106 6204
496 305 597 359 219

420 402 423 403 ί
1010 422 1237 485 ALIUD,
1269 424 1322 475 in
1349 422 1592 487 itlipsum.

572 535 628 590 Si
662 537 823 590 voluti
860 540 1163 592 mercedem
1197 537 1484 606 quamdam
1528 534 1763 595 virtutis,
1824 534 1906 586 vel
1975 533 2074 586 ltu-

502 629 953 695 miliationis,ant
993 629 1313 682 obedientite
1367 634 1717 680 consecutum
1777 634 1920 678 esset
1954 624 2081 678 Ver-

503 726 627 776 bum
657 720 749 777 Dei
778 722 920 791 quod
948 724 1017 775 sit
1048 720 1215 774 Filius
1237 761 1251 784 ,
1293 733 1529 787 quonam
1563 716 1723 772 modo
1751 718 1914 771 etiam
1951 726 2078 769 ante

504 813 895 869 Itumiliationis
925 822 1163 877 tempora
1184 807 1421 864 nonnulli
1444 816 1808 875 cognoverunt
1836 805 2076 861 Patrem?

502 919 622 958 cum
658 901 827 958 Filius
849 904 993 957 dicat
1022 904 1109 955 "":
1152 919 1170 952 ι
1217 899 1388 954 Nemo
1431 898 1708 969 cognoscit
1733 898 1943 951 Patrem
1977 897 2077 952 nisi

506 992 691 1059 Filius,
712 1004 763 1048 et
782 993 863 1047 cui
896 992 1061 1048 Filius
1092 991 1427 1047 revelaverit.
1451 1011 1468 1042 ι
1489 990 1602 1045 Non
1622 991 1916 1045 exsistente
1933 990 2077 1042 enim

507 1083 640 1137 Filio
674 1084 764 1153 qui
800 1082 1024 1147 revelat,
1052 1098 1158 1152 quo
1193 1093 1351 1154 pacto
1375 1082 1535 1135 Pater
1569 1082 1637 1135 ab
1671 1080 1851 1150 aliquo
1881 1095 2079 1151 cogno-

506 1175 719 1227 scatur?
745 1175 799 1228 Si
838 1190 965 1230 vero
991 1174 1150 1229 Pater
1175 1189 1389 1244 semper
1443 1176 1810 1243 cognoscitur,
1863 1188 2078 1241 semper

506 1266 689 1333 itaque
720 1267 883 1319 etiam
942 1268 1151 1321 exstitit
1199 1266 1388 1329 Filius,
1452 1268 1625 1336 ipsum
1663 1266 1925 1320 revirlaus.
1958 1265 2074 1318 Non

505 1357 672 1426 igitur
695 1374 757 1412 ex
793 1359 1091 1413 mutatione
1122 1359 1299 1427 aliqua
1348 1360 1433 1413 vel
1468 1358 1774 1426 adiectione
1821 1374 2083 1413 consecu-

508 1458 592 1501 tus
620 1461 699 1504 est
737 1452 785 1504 id
812 1455 952 1520 quod
991 1461 1094 1515 est,
1114 1453 1208 1508 sed
1237 1466 1450 1521 semper
1476 1453 1575 1505 hoc
1608 1452 1747 1519 quod
1776 1461 1859 1506 est
1917 1452 2085 1505 exsti-

507 1538 572 1593 tit
625 1542 967 1608 naturaliter,
1016 1541 1158 1596 Patri
1202 1559 1320 1607 suo,
1379 1543 1578 1597 nullius
1631 1544 1703 1597 rei
1764 1544 2081 1611 indigentia,

507 1634 840 1699 perfectione
876 1644 1044 1704 atque
1077 1635 1513 1690 immutabilitate
1562 1636 1754 1690 similis
1796 1637 2079 1691 exsistens.

1521 304 1581 359 S.
1620 298 1891 358 CYltILLI
1939 297 2402 353 ALEXANDRINI
2447 302 2757 356 Alitiilll-ll‘.

3667 304 3785 357 ενοι

2640 421 2823 475 ΑᾹΛΟ
2849 463 2863 486 ,
2909 425 2995 487 εἰς
3035 422 3097 475 τὸ
3140 423 3306 475 αὑτό.

2255 534 2315 586 ΕΞ
2356 534 2606 605 καθάπερ
2644 536 2764 589 τινὰ
2799 534 2993 606 μισθὸν
3027 534 3230 607 ἀρετῆς
3259 535 3292 606 ἢ
3324 536 3704 600 ταπεινώσεως
3737 538 3768 604 ἦ

2184 625 2427 694 ὑπακοῆς
2459 623 2571 695 ἔχει
2600 626 2659 678 τὸ
2697 620 2833 679 εἶναι
2868 625 2994 689 Υἱὸς
3041 626 3070 678 6
3104 624 3197 679 τοῦ
3237 624 3370 678 Θεοῦ
3407 625 3600 693 Λόγος,
3632 643 3769 680 κατα

2182 718 2305 771 τίνα
2340 718 2541 789 τρόπον
2588 717 2694 789 πρὸ
2731 718 2839 771 τῶν
2874 720 2972 788 τῆς
3004 716 3387 780 ταπεινώσεως
3435 718 3640 787 χρόνων
3672 719 3767 771 ἐπ-

2182 810 2477 877 εγίνωσκόν
2522 827 2666 873 τινες
2713 811 2803 864 τὸν
2847 812 3102 881 Πατέρας
3158 810 3408 877 λέγοντος
3453 809 3547 862 τοῦ
3594 810 3722 863 Υίοῦ
3751 828 3762 839 ·

2190 922 2208 953 ι
2240 902 2427 966 υύδεὶς
2452 903 2805 971 ἐπιγινώσκει
2826 904 2915 956 τὸν
2938 903 3181 973 Πατέρα,
3209 905 3256 955 εί
3289 902 3363 972 μὴ
3380 905 3407 953 6
3434 902 3579 966 Υἱὸς,
3607 903 3698 955 καὶ

2184 995 2249 1049 ἂν
2266 995 2391 1059 Υίὸς
2410 995 2790 1067 ἀποκαλύψῃ.»
2819 996 2909 1066 Μὴ
2944 994 3096 1057 δντος
3127 993 3234 1065 γὰρ
3260 995 3381 1047 κατ’
3409 993 3648 1059 ἐκείνους
3676 994 3785 1047 τοῦ

2183 1086 2662 1149 ἀποκαλύπτοντας
2684 1085 2834 1150 Υἰοῦ,
2862 1084 2977 1149 πῶς
2994 1084 3359 1155 ἐπιγνωσθείη
3396 1085 3549 1155 παρά
3579 1101 3719 1149 τινος
3742 1089 3769 1139 6

2184 1178 2405 1250 Πατήρ,
2440 1178 2490 1230 εί
2511 1177 2568 1230 δὲ
2601 1177 2688 1229 ἀεὶ
2718 1176 2906 1248 Πατὴρ
2937 1174 3285 1248 γνωρίζεται,
3318 1172 3385 1246 ἦν
3413 1176 3521 1246 ἄρα
3550 1177 3643 1229 καὶ
3684 1178 3768 1230 ἀεὶ

2182 1274 2210 1324 6
2235 1269 2631 1324 ἀποκαλύπτων
2652 1270 2801 1332 Υιός.
2830 1268 3036 1322 Οὐκοῦν
3056 1265 3156 1321 οὐκ
3183 1270 3246 1321 ἐκ
3275 1267 3578 1338 μεταϐολῆς
3604 1283 3767 1331 τινος.

2183 1364 2303 1418 οὐδὲ
2333 1364 2392 1416 ἐν
2425 1362 2744 1433 προσθήκης
2788 1360 2943 1432 μέρει
2973 1359 3221 1429 φαίνεται
3252 1357 3429 1413 λαϐὼν
3456 1358 3602 1412 τοῦθ’
3633 1359 3767 1427 ὅπερ

2185 1457 2366 1521 ἐστὶν,
2401 1456 2518 1509 ἀλλ’
2562 1450 2632 1525 ἦν
2675 1454 2762 1507 ἀεὶ
2810 1452 2966 1506 τοῦτο
3011 1450 3255 1521 φυσικῶς
3282 1491 3297 1515 ,
3341 1452 3523 1520 ὅμοιος
3561 1448 3636 1502 ὢν
3679 1450 3768 1503 καὶ

2187 1546 2328 1600 κατά
2364 1545 2424 1599 τὸ
2455 1544 2751 1617 ἀπροσδεές
2778 1560 2837 1596 τε
2868 1544 2961 1596 καὶ
3006 1542 3213 1596 τέλειον
3256 1541 3349 1595 καὶ
3395 1541 3664 1611 ἄτρεπτον
3690 1538 3787 1609 τῷ·

2189 1638 2383 1708 Πατρί.

505 1740 738 1806 ALlUD,
770 1746 1043 1824 deelaraits
1073 1745 1275 1824 Fi:’ittm
1314 1764 1421 1802 esse
1451 1764 1517 1801 ea:
1540 1751 1765 1824 essentia
1808 1748 2007 1824 Patris,
2038 1761 2084 1803 et

2192 1751 2395 1824 ΑΛᾹΟ,
2429 1750 2730 1824 σημαῖνον
2776 1749 2863 1824 ὅτι
2892 1747 2960 1824 se
3001 1743 3505 1824 τῇςλοίνσίαςχοῦ
3544 1746 3769 1824 Πατρός

578 1829 679 1865 non
720 1818 1046 1887 extrinsecus
1094 1822 1425 1884 productum,
1484 1822 1923 1887 quemadmodum
1988 1822 2083 1873 Ito-

576 1894 677 1936 atea
706 1882 911 1939 Christi
950 1882 1146 1939 colunt.
1173 1889 1236 1940 Et
1262 1882 1510 1954 quoniam
1536 1891 1852 1943 extrinsecus
1888 1892 2085 1956 produ—

580 1962 695 2005 ctus
727 1971 830 2007 non
854 1968 951 2022 est,
990 1958 1179 2013 similia
1202 1959 1284 2012 illi
1320 1969 1415 2013 est.
1455 1960 1829 2027 Argumentum
1866 1962 2079 2014 [intreti-

577 2039 777 2076 eorum.

582 2138 742 2205 Quid.
765 2138 1038 2209 inquiunt,
1068 2150 1153 2197 est
1186 2144 1532 2212 praestantius
1567 2145 1622 2199 in
1648 2143 1789 2200 Deo?
1838 2146 1943 2200 Ant
1976 2162 2083 2215 quo

506 2237 664 2298 pacto
695 2243 798 2282 non
819 2232 923 2284 erit
957 2232 1129 2286 nostri
1156 2233 1371 2300 similis,
1416 2235 1459 2289 si
1494 2235 1655 2290 etiam
1710 2237 1820 2306 ipse
1867 2254 1931 2293 ex
1986 2253 2081 2292 sua

505 2322 809 2376 substantia
844 2324 1014 2396 gignit
1037 2322 1256 2390 Filium,
1294 2326 1517 2396 perinde
1544 2337 1708 2397 atque
1756 2328 1891 2383 nos?
1947 2330 2081 2383 Cum

506 2430 634 2468 vero
664 2425 871 2470 tautmtt
910 2416 1202 2471 humanam
1241 2428 1489 2474 naturam
1538 2421 1784 2486 excedat,
1821 2432 2082 2493 quantum

506 2521 808 2574 creaturas,
847 2528 1188 2584 nequaquam
1218 2528 1315 2569 nos
1355 2515 1677 2580 imitabitur,
1728 2532 1902 2585 neque
1942 2517 2082 2571 sicut

506 2602 975 2672 aliquisuostrutn
1011 2620 1075 2659 ex
1106 2608 1340 2661 essentia
1392 2622 1490 2661 sua
1546 2607 1809 2677 producet
1862 2607 2081 2675 Filium,

506 2693 602 2747 sed
631 2694 975 2751 extrinsecus
995 2697 1312 2753 constituet.
1343 2697 1495 2765 Quod
1524 2700 1569 2755 si
1603 2700 1675 2753 ita
1700 2710 1805 2767 est,
1838 2699 2081 2754 dissimi-

508 2784 573 2839 lis
599 2795 747 2839 certe
774 2787 898 2841 erit.

1002 2898 1208 2955 Salutio
1257 2901 1587 2971 objectionis.

580 3008 813 3063 Dixerim
839 3011 1086 3079 equidem
1109 3014 1305 3069 merito
1339 3016 1457 3069 istis
1488 3016 1734 3071 hostibus
1757 3016 1958 3072 Christi
1993 3035 2006 3072 :
2038 3020 2081 3073 si

2259 1822 2429 1874 ἐστιν
2458 1813 2681 1886 duritie.
2713 1820 2809 1872 καὶ
2844 1820 2955 1870 οὐκ
2992 1817 3234 1881 ἔξωθεν,
3278 1813 3541 1886 καθάπερ
3568 1817 3619 1886 qi
3646 1831 3769 1883 χρι-

2261 1889 2551 1960 στομάχοι
2584 1882 2795 1960 φασιν,
2815 1886 3051 1960 Ἐπειδῂ
3079 1886 3145 1938 δὲ
3171 1888 3281 1939 οὐκ
3308 1883 3545 1960 ἔξωθεν,
3570 1882 3775 1954 ὅμοιος,

2260 1954 2391 2029 ἀραί
2426 1954 2719 2029 Πρότίισις
2757 1959 2836 2024 ὡς
2866 1958 2933 2011 ἐκ
2964 1954 3081 2010 τῶν
3108 1954 3436 2025 αἱρετικῶν.

2260 2138 2371 2193 Καὶ
2400 2136 2451 2192 τὶ
2475 2138 2535 2190 τὸ
2561 2137 2738 2201 πλέον,
2779 2137 2962 2206 φασὶν,
2992 2135 3049 2187 ἐν
3070 2133 3225 2205 Θεῷ,
3258 2132 3380 2195 Πῶς
3410 2131 3465 2184 δὲ
3496 2131 3593 2184 ούκ
3621 2130 3777 2183 ἔσται·

2193 2228 2311 2283 καθ’
2340 2231 2507 2300 ἡμᾶς,
2540 2231 2586 2282 εί
2635 2230 2731 2282 καὶ
2776 2227 2937 2290 αὐτὸς
2984 2230 3048 2280 ἐκ
3088 2226 3188 2295 τῆς
3228 2222 3416 2287 ούσίας
3449 2221 3546 2293 τῆς
3577 2221 3769 2275 ἑαυτοῦ

2192 2324 2363 2377 τίκτει
2409 2322 2501 2375 τὸν
2531 2320 2682 2383 Υἱὸν,
2709 2320 2899 2389 ὥσπερ
2930 2318 3023 2371 καὶ
3056 2317 3250 2388 ήμεῖς;
3293 2313 3514 2383 Ἐπειδὴ
3559 2312 3617 2366 δέ
3663 2311 3773 2364 ἀνω

2191 2416 2289 2487 τῆς
2336 2412 2681 2485 ἀνθρωπείας
2738 2413 2951 2481 φύσεως
3000 2406 3251 2461 τοσοῦτόν
3295 2408 3465 2469 ἐστιν,
3500 2405 3621 2457 ὅσον
3664 2400 3785 2457 τῶν⁴

2192 2505 2433 2577 γενητῶν
2476 2505 2771 2575 ὑπερέχει,
2822 2503 2884 2556 ού
2930 2503 2996 2556 τά
3045 2500 3201 2571 ήμῶν
3256 2498 3588 2571 μιμήσεταυ
3655 2496 3775 2550 οὐδὲ

2192 2601 2380 2672 ὥσπερ
2409 2617 2491 2663 τις
2517 2597 2627 2650 τῶν
2659 2595 2780 2650 καθ’
2810 2596 2958 2668 ἡμᾶς
2986 2596 3048 2648 ἐκ
3089 2596 3189 2665 τῆς
3220 2591 3408 2657 οὐσίας
3440 2592 3538 2661 τῆς
3581 2589 3771 2643 ἐαυτοῦ

2194 2691 2458 2764 προϐαλεῖ
2476 2691 2566 2744 τὸν
2584 2691 2732 2756 Υίδν,
2751 2688 2863 2744 ἀλλ’
2879 2688 3075 2754 ἔξωθεν
3100 2686 3415 2758 ὑποστήσει.
3438 2683 3496 2736 Et
3517 2684 3573 2737 δὲ
3596 2681 3793 2745 τοῦτο..

2194 2786 2286 2838 καὶ
2309 2783 2559 2856 ἀνόμοιος
2585 2781 2710 2854 ἄρα.

2680 2890 2833 2961 Πρὸς
2874 2890 3060 2945 ταῦτα
3097 2890 3301 2954 λύσις.

2278 3006 2535 3077 Ἐροίμην
2565 3004 2629 3060 ἂν
2644 3002 2870 3065 δικαίως
2884 3002 3010 3064 τοὺς
3035 3001 3457 3071 χριστομάχους,
3489 2999 3536 3050 εί
3568 2997 3772 3049 παντάσ

507 3103 563 3157 in
589 3102 899 3157 universum
927 3104 1068 3159 Deus
1093 3119 1309 3161 omnem
1340 3106 1751 3163 similitudinem
1805 3109 2082 3163 nobiscum

2195 3115 2325 3151 πασι
2371 3097 2472 3169 τὴν
2524 3096 2663 3167 πρὸς
2711 3096 2861 3165 ἡμᾶς
2905 3092 3166 3163 ὁμοίωσιν
3212 3093 3561 3162 παραιτεῖται
3621 3088 3783 3151 Θεὸς,

511 3192 736 3261 respuit,
763 3193 908 3247 nulla
929 3195 1092 3249 etiam
1118 3197 1328 3251 ratione
1348 3212 1470 3265 quae
1506 3200 1706 3254 ltomini
1758 3200 2087 3254 conveniunt

508 3288 759 3356 gestabit.
792 3286 848 3342 Si
884 3288 1029 3343 enim
1059 3289 1239 3344 dicent
1260 3291 1498 3344 divinam
1533 3292 1821 3346 essentiam
1843 3309 1946 3345 non
1970 3308 2088 3345 out-

511 3380 637 3430 uino
661 3391 689 3429 a
720 3388 905 3431 nostra
934 3379 1241 3445 discedere,
1280 3381 1458 3435 inanis
1523 3382 1735 3436 illorum
1793 3383 2089 3450 propositio

508 3481 627 3518 esse
652 3466 1103 3534 deprehendetur,
1163 3484 1389 3540 qumque
1431 3471 1760 3526 confessioni
1810 3473 1909 3540 ipsi
1945 3471 2089 3526 refu-

512 3557 767 3611 tationem
801 3559 1142 3627 conjunctam
1198 3560 1414 3617 haheat.
1458 3562 1515 3616 Si
1550 3575 1728 3617 autem
1768 3564 1822 3617 in
1856 3565 1922 3618 iis
1969 3579 2089 3634 quin

513 3647 670 3703 nobis
705 3649 973 3719 objiciunt
1038 3652 1285 3721 imperite
1333 3654 1797 3725 pertinaciterque
1858 3657 2086 3722 haerent,

511 3740 695 3796 dicant
723 3742 898 3808 nobis,
927 3757 1067 3798 anne
1097 3744 1258 3800 homo
1274 3747 1575 3802 substantia
1614 3747 1705 3811 sit,
1743 3764 1842 3803 cur
1860 3764 1966 3803 non
1993 3764 2090 3805 ne-

510 3842 639 3902 gant
668 3830 825 3902 132
852 3833 1016 3888 Deum
1054 3836 1414 3891 substantiam
1442 3836 1593 3891 esse?
1616 3837 1681 3892 Et
1735 3855 1923 3894 rursus
1966 3854 2087 3894 cunt

516 3927 676 3978 homo
716 3926 995 3981 rationalis
1016 3926 1109 3992 sit,
1142 3927 1350 3984 faciant
1382 3929 1453 3985 illi
1486 3928 1653 3983 Deum
1686 3930 2077 3995 irrationalem,

513 4022 570 4066 ut
596 4012 833 4067 humana
870 4027 1108 4085 respuat.
1170 4014 1226 4068 Si
1266 4031 1389 4069 vero
1439 4031 1560 4069 cum
1615 4030 1713 4069 nos
1752 4017 1868 4070 haec
1897 4016 2086 4076 simus,

514 4106 653 4160 Deus
684 4106 849 4160 etiam
886 4106 987 4161 hoc
1026 4114 1109 4161 est
1141 4120 1156 4157 :
1199 4122 1302 4160 non
1349 4106 1455 4159 erit
1505 4105 1716 4159 alienus
1752 4120 1781 4158 a
1822 4105 2089 4175 gignendo

510 4211 575 4248 ex
598 4209 655 4249 se
687 4192 905 4259 Filium,
964 4195 1230 4265 siquidem
1293 4197 1361 4249 ita
1390 4210 1486 4251 nos
1511 4195 1803 4265 gignimus.
1866 4197 1934 4249 At
1958 4211 2087 4250 vero

513 4287 692 4354 potius
719 4287 1125 4358 intelligendum
1155 4300 1274 4343 erat
1300 4286 1442 4356 quod
1478 4289 1568 4357 qui
1605 4287 1672 4342 ad
1729 4288 2087 4344 imitationem

513 4378 706 4432 divinae
736 4388 941 4434 natura:
964 4379 1117 4449 juxta
1146 4378 1432 4449 imaginem
1454 4377 1597 4433 illius
1625 4377 1752 4433 facti
1772 4378 2089 4443 suntus,ltoc

2188 3190 2280 3243 καὶ
2335 3191 2454 3243 κατ’
2488 3188 2679 3241 οὐδένα
2725 3186 2926 3257 τρόπον
2979 3184 3049 3237 τὰ
3099 3182 3373 3255 ἀνθρώπῳ
3433 3181 3776 3252 προσήκοντα

2189 3280 2431 3351 φορὲσει.
2455 3278 2515 3331 Et
2554 3278 2652 3348 μὲν
2680 3276 2789 3346 γὰρ
2817 3276 3000 3347 ἐροῦσι
3038 3275 3112 3347 μὴ
3145 3273 3321 3344 πάντη
3353 3272 3460 3325 τῶν
3492 3271 3776 3342 ἡμετέρων

2187 3372 2488 3441 ἀποφοιτᾷν
2518 3368 2617 3441 τὴν
2648 3368 2799 3421 θείαν
2827 3368 3037 3434 οὐσίαν,
3084 3366 3251 3430 ἕωλος
3292 3366 3473 3429 αύτοῖς
3506 3365 3539 3433 ή
3569 3363 3775 3435 πρότα-

2190 3481 2273 3528 σις
2304 3462 2691 3534 εὑρεθήσεται,
2723 3458 2878 3513 λύσιν
2904 3458 3104 3530 ἔχουσα
3130 3459 3231 3529 τήν
3255 3456 3432 3510 αὐτῶν
3465 3454 3787 3525 ὁμολογίαν,

2190 3558 2252 3611 Ei
2286 3556 2342 3610 δὲ
2375 3556 2729 3626 ἐπιμένουσιν
2772 3549 3003 3623 ἀμαθῶς
3030 3545 3110 3611 οἷς
3144 3546 3520 3620 προτείνουσιν
3564 3543 3777 3599 ἐνιστά-

2193 3666 2364 3719 μενοι,
2396 3646 2706 3717 λεγέτωσαν
2736 3646 2889 3715 ἡμῖν,
2913 3644 2961 3695 εί
2995 3640 3070 3713 μή
3100 3643 3127 3695 ὁ
3150 3640 3437 3710 ἅνθρωπος
3457 3637 3614 3693 οὐσία
3636 3637 3751 3690 ἐστί
3762 3655 3777 3691 .’

2190 3744 2299 3795 Καὶ
2324 3741 2486 3794 πάλιν
2513 3738 2810 3807 ἐπειδήπερ
2835 3736 3049 3805 λογικὸς
3078 3738 3107 3789 6
3139 3732 3447 3806 ἄνθρωπος,
3484 3730 3623 3784 ιστω
3644 3727 3786 3791 Θεὸς

2190 3836 2309 3888 κατ’
2342 3831 2581 3893 ἐκείνους
2610 3829 2824 3897 ἄλογος,
2849 3829 2939 3882 ἵνα
2968 3827 3303 3899 παραιτῆται
3340 3825 3407 3879 τά
3434 3821 3771 3893 ἀνθρώπινα.

2189 3926 2251 3978 Ei
2274 3924 2331 3978 δέ
2354 3925 2411 3977 ἐν
2434 3921 2643 3985 τούτοις
2672 3920 2839 3974 δντων
2872 3918 3049 3992 ήμῶν,
3071 3921 3127 3973 ἐν
3154 3918 3335 3980 αὐτοῖς
3361 3919 3477 3970 ἐστι
3505 3914 3596 3969 καὶ
3620 3910 3773 3977 Θεὸς,

2187 4016 2249 4068 οὐ
2280 4013 2677 4086 παραιτήσεται
2712 4012 2906 4084 γεννᾷν
2933 4008 2993 4076 ἐξ
3023 4008 3217 4065 ἐαυτοῦ
3252 4009 3343 4062 τὸν
3380 4006 3529 4073 Υίδν,
3556 4004 3777 4074 ἐπειδήο

2190 4123 2295 4177 περ
2329 4102 2471 4158 οὕτω
2504 4103 2767 4174 τίκτομεν
2811 4100 3152 4173 ἡμεῖς.Ἔδει
3187 4101 3295 4171 γὰρ
3342 4098 3544 4171 μᾶλλον
3574 4097 3778 4150 ἐννοεῖν

2188 4196 2273 4249 ὅτι
2319 4193 2460 4247 κατά
2512 4190 2747 4263 μίμησιν
2796 4190 2897 4261 τῆς
2935 4188 3088 4251 θείας
3113 4186 3329 4256 φύσεως
3360 4187 3409 4238 οἱ
3438 4182 3564 4237 κατ’
3593 4180 3779 4234 είκόνα

2188 4284 2474 4355 γεγονότες
2507 4282 2699 4352 αὐτῆς,
2724 4280 2999 4334 καὶτοῦτο
3033 4278 3172 4350 μετά
3215 4277 3324 4332 τῶν
3370 4276 3545 4332 ἀλλων
3578 4272 3779 4343 κεκτή-

2194 4377 2355 4450 μεθα.
2370 4374 2587 4445 Ἐπειδὴ
2619 4374 2675 4427 δὲ
2708 4372 2926 4426 τέτοκεν
2957 4370 3018 4436 ἐξ
3045 4369 3239 4424 ἑαυτοῦ
3270 4368 3360 4423 τὸν
3382 4367 3531 4433 Υίδν,
3564 4365 3658 4420 καὶ
3680 4363 3782 4417 οὐκ

513 4467 674 4523 etiam
699 4483 896 4541 praeter
930 4471 1033 4525 alia
1067 4473 1344 4529 consecuti
1368 4488 1580 4526 sumus.
1614 4470 1749 4528 Cum
1777 4453 1963 4528 autem
1989 4489 2080 4546 ge-

2190 4468 2389 4538 ἔξωθεν
2427 4466 2795 4537 ὑπεστήσατο,
2832 4464 3047 4533 ἀνάγκη
3082 4460 3265 4517 δοῦναι
3294 4459 3356 4515 τὸ
3388 4461 3575 4532 ὅμοιον
3607 4453 3785 4526 αὐτῷ,

514 4563 691 4618 nuerit
722 4579 788 4620 ex
855 4580 914 4622 se
969 4565 1190 4633 Filium,
1251 4577 1305 4623 et
1339 4581 1446 4622 non
1487 4567 1828 4624 extrinsecus
1881 4582 2004 4625 eum
2048 4567 2413 4633 constituerit,
2475 4560 2843 4619 necessarium
2888 4558 3049 4629 plane
3106 4567 3165 4613 ut
3221 4556 3369 4612 iliutn
3422 4553 3655 4611 similem
3726 4552 3777 4604 ei

513 4658 936 4715 constituamus.

1194 4778 1427 4834 ALIUD.

875 4866 960 4924 Ea:
987 4868 1277 4939 objections
1305 4870 1697 4928 hereticorum.

584 5001 649 5052 At
687 5018 801 5068 nos,
831 5003 1104 5075 inquiunt,
1140 5005 1303 5061 veluti
1342 5008 1565 5063 materia
1596 5011 1827 5079 quadam
1888 5024 2007 5078 qum
2059 5025 2087 5063 a

516 5104 773 5158 corporea
809 5104 999 5150 natura
1061 5099 1435 5166 suppeditatur
1487 5107 1718 5165 utentes,
1765 5101 1968 5170 prolem
2021 5116 2086 5155 ex

518 5182 675 5239 nobis
730 5185 1037 5257 gignimus;
1084 5193 1537 5259 quemadmodum
1614 5194 1828 5260 quando
1889 5194 2090 5263 aliquid

516 5286 671 5330 extra
700 5292 796 5331 nos
829 5290 1145 5336 construere
1175 5283 1440 5349 volumus,
1478 5297 1698 5353 accepta
1758 5288 1980 5341 materia
2038 5285 2091 5340 id

520 5365 765 5421 facimus.
803 5368 943 5424 Deus
964 5385 1091 5427 vero
1118 5389 1239 5426 cum
1277 5375 1345 5428 sit
1374 5374 1531 5443 plane
1560 5375 1930 5445 incorporeus,
1970 5375 2091 5430 nul-

2879 4761 3085 4817 ΑΛΛΟ.

2364 4886 2462 4948 Ὠς
2496 4881 2565 4945 ἐξ
2604 4877 2964 4943 ἀντιθέσεως
3002 4875 3119 4931 τῶν
3156 4876 3600 4949 χρισντομοίχων.⁹

2279 5019 2491 5091 Ἡμεῖς,
2521 5015 2705 5087 φασὶν,
2740 5013 2930 5087 ὥσπερ
2962 5014 3062 5087 ὕλῃ
3087 5015 3193 5069 τινὶ
3221 5017 3341 5078 ταῖς
3369 5015 3431 5068 ἐκ
3457 5014 3559 5085 τῆς
3594 5028 3784 5083 σωμαο

2192 5114 2351 5184 τικῆς
2382 5110 2595 5181 φύσεως
2624 5105 2911 5179 χορηγίαις
2947 5104 3411 5176 ἀποκεχρημένοι,
3434 5104 3693 5174 τίκτομεν
3722 5102 3784 5169 ἐξ

2196 5203 2403 5260 ἑαυτῶν
2421 5202 2488 5255 τὰ
2514 5202 2829 5271 γεννήματα
2844 5213 2856 5225 ·
2892 5197 2991 5253 κάν
3012 5214 3063 5250 τι
3086 5198 3194 5252 τῶν
3214 5195 3411 5263 ἔξωθεν
3441 5194 3787 5249 κατασκευά-

2197 5298 2310 5363 ζειν
2363 5292 2735 5365 ἐθελήσωμεν,
2792 5290 2926 5361 ὓλην
2976 5289 3235 5353 λαθόντες
3292 5289 3451 5342 τοῦτο
3494 5286 3781 5356 ποιοῦμεν.

2196 5388 2329 5451 Θεὸς
2372 5385 2428 5440 δὲ
2481 5382 2759 5446 παντελῶς
2792 5381 3081 5453 ἀσώματος
3109 5381 3205 5441 ὢν,
3239 5380 3373 5452 ὕλης
3405 5380 3504 5451 μέν
3537 5396 3680 5443 τινος
3724 5378 3789 5443 ἐξ

521 5456 627 5510 tam
664 5473 729 5511 ex
755 5474 815 5515 se
843 5464 1087 5518 materiae
1113 5465 1439 5521 alliuentiatn
1470 5467 1631 5521 habet
1679 5476 1733 5521 ut
1794 5469 1975 5539 gignat
2006 5466 2084 5521 Fi-

2199 5477 2393 5533 ἐαυτοῦ
2444 5476 2708 5549 χορηγίαν
2758 5475 2858 5528 οὐκ
2909 5472 3043 5545 έχει,
3076 5473 3164 5525 ἵνα
3204 5471 3337 5543 τέκῃ
3380 5472 3472 5525 τὸν
3504 5470 3653 5533 Tim,
3688 5468 3788 5549 δηξο

518 5547 649 5600 lium
690 5565 702 5600 :

595 5760 657 5792 ιτα
686 5760 873 5819 Matth.
908 5763 1094 5834 Σ1,27.

753 5551 847 5605 sed
882 5567 947 5605 ex
986 5555 1157 5609 nihilo
1183 5566 1352 5612 creat.
1383 5558 1647 5614 Omnibus
1678 5560 1857 5629 itaque
1886 5560 1952 5614 iis
1979 5575 2098 5627 quze

529 5651 728 5694 nostra:
755 5646 1162 5703 consuetudinis
1216 5661 1336 5703 sunt
1373 5651 1606 5720 rejectis,
1638 5668 1741 5706 non
1775 5654 1840 5707 ex‘
1888 5667 1943 5706 se
1974 5668 2096 5721 pro-

2212 5543 2665 5640 μιουργεί-δὲνέξ
2710 5565 2811 5618 οὐκ
2842 5543 3029 5617 ὄντων.
3058 5561 3268 5615 Οὐκοῦν
3306 5560 3486 5613 πάντα
3536 5558 3603 5612 τὰ
3649 5543 3770 5611 καθ’

2211 5662 2353 5732 ἡμᾶς
2383 5656 2831 5728 παραιτούμενος,
2874 5653 2994 5709 οὗτε
3036 5654 3092 5721 ἐξ
3139 5653 3332 5707 ἐαυτοῦ
3363 5651 3657 5724 προϐάλλει
3691 5649 3785 5702 τὸν
