4036 6208
340 287 427 338 991

1735 282 2169 341 τιιεελυιιῑε

3475 290 3580 344 2⁵23

336 406 470 470 Υίὸν,
502 404 617 460 οὔτε
645 405 703 471 ἐξ
732 404 866 477 ὕλης
897 405 1368 477 προϋποκειμένης
1401 402 1692 476 ἐργάζεται
1721 403 1868 455 τιτῶ

2005 402 2149 456 ducit
2185 400 2406 468 Filium;
2449 418 2623 472 neque
2681 403 2979 474 quidquam
3033 418 3221 458 eormn
3277 422 3394 474 quae
3428 422 3575 472 sunt,

330 496 486 550 ὄντων
503 512 518 525 ·
550 496 662 550 ἀλλ’
685 496 887 561 ἔξωθεν
914 497 978 549 τὰ
1011 496 1187 550 πάντα
1214 495 1349 566 πρὸς
1371 496 1430 549 τὸ
1458 491 1596 550 εἶναι
1619 495 1774 549 καλεῖ
1797 497 1868 548 air

1994 505 2058 544 ex
2094 490 2438 558 praesubjeeta
2461 491 2681 545 materia
2720 501 3005 559 operatur;
3066 494 3158 545 sed
3223 495 3565 551 extrinsecus

332 588 448 659 Υἰῷ.
479 589 545 643 Et
574 589 629 642 δὲ
657 589 840 654 τοῦτο,
872 592 962 643 καὶ
993 590 1241 660 ἀνόμοιος
1268 591 1396 660 ἄρα.

794 783 950 851 Πρὸς
991 785 1164 839 τοῦτο
1200 786 1401 848 λύσις.

382 895 633 957 Καὶιπιῖις
657 898 815 965 ἡμῖν,
840 890 887 948 ὦ
915 898 1169 964 γενναῖοι,
1203 897 1499 967 μονογενὴς
1528 901 1556 950 6
1578 899 1702 961 Υἱὸς
1731 899 1889 970 εὑρε-

318 986 551 1053 θήσεται,
595 987 644 1039 εί
673 987 769 1039 καὶ
792 986 951 1049 αὐτὸς
977 986 1175 1050 ἔξωθεν
1206 986 1397 1058 ὥσπερ
1425 988 1495 1040 τὰ
1522 988 1698 1041 πάντα
1731 989 1848 1042 ιστί
1871 1007 1885 1056 ;

317 1076 427 1138 ΙΙώς
456 1077 512 1128 δὲ
552 1077 694 1141 ὅλως
738 1078 859 1140 Υἱὸς
894 1079 924 1130 6
956 1079 1029 1148 μὴ
1061 1081 1124 1131 ὲκ
1157 1079 1255 1149 τῆς
1287 1080 1474 1142 οὐσίας
1504 1080 1765 1150 ὑπάρχων
1796 1081 1887 1134 τοῦ

312 1170 726 1237 γεγεννηκότος
760 1171 823 1224 El
853 1170 951 1241 μὲν
996 1167 1091 1224 οὖν
1131 1172 1406 1241 ἐνδέχεται
1453 1173 1546 1224 καὶ
1588 1172 1657 1225 τὰ
1694 1173 1752 1239 ἐξ
1786 1174 1886 1226 οὐκ

310 1262 462 1313 ιντων
486 1263 615 1331 ἦτοι
644 1262 844 1327 ἔξωθεν
873 1264 1131 1331 γεγονότα
1157 1263 1436 1318 καλεῖσθαι
1462 1264 1560 1318 καὶ
1580 1259 1720 1317 εἶναι
1745 1266 1886 1319 κατὰ

309 1352 457 1420 φύσιν
490 1355 669 1416 υἱοὺς,
700 1355 877 1419 οὐδὲν,
908 1356 983 1418 ὡς
1015 1356 1179 1420 ἔοικε,
1213 1354 1445 1409 κωλύσει
1481 1357 1657 1409 πάντα
1690 1357 1757 1409 τὰ
1788 1375 1883 1411 πε-

309 1444 572 1512 ποιημένα
614 1444 894 1497 καλεῖσθαι
922 1448 1258 1516 γεννήματα.
1298 1446 1403 1497 Κιιῦ⁸
1432 1445 1617 1498 οὐκέτι
1669 1464 1882 1516 μονογε-

308 1534 391 1601 νὴς
416 1537 443 1587 6
468 1534 628 1598 Υἱὸς,
656 1536 885 1598 πολλοὺς
912 1536 1050 1606 ἔχων
1078 1539 1203 1600 τοὺς
1236 1537 1501 1606 ἀδελφοὺς
1535 1540 1675 1591 κατὰ
1700 1539 1876 1607 φύσιν.

307 1625 361 1678 Et
392 1627 447 1679 δὲ
472 1628 584 1680 οὐκ
610 1627 908 1698 ἐνδέχεται,
943 1630 1101 1698 μόνος
1130 1629 1187 1682 δέ
1227 1632 1341 1682 ἐστι
1378 1630 1688 1701 μονογενὴς,
1724 1632 1880 1701 ἐξηλ-

1993 584 2171 636 omnia
2206 584 2269 635 ad
2300 598 2419 637 esse
2446 591 2621 645 vocat,
2659 598 2872 652 unaque
2899 593 2952 637 et
2978 581 3193 636 Filium.
3231 583 3382 651 Quod
3424 587 3468 640 si
3503 587 3572 640 ita

1999 684 2107 737 est,
2141 672 2419 726 dissimilis
2450 673 2615 740 igitur
2644 683 2747 726 est.

2485 786 2687 839 Salutio
2742 785 3069 854 objectionis.

2059 898 2128 948 At
2159 911 2390 965 quonam
2427 907 2606 964 pacto,
2639 897 2762 950 houi
2789 896 2910 957 viri,
2948 898 3264 965 nnigenitus
3319 899 3425 952 erit
3480 897 3573 953 Fi-

1992 987 2114 1053 lius,
2148 990 2192 1043 si
2216 988 2379 1042 etiam
2409 990 2522 1056 ipse
2549 989 2911 1053 extrinsecus,
2942 999 3000 1042 ut
3027 990 3231 1058 reliqua
3259 992 3463 1054 omnia,
3493 988 3574 1043 fa-

1989 1089 2108 1133 rtus
2136 1078 2252 1131 est?
2276 1078 2381 1130 Aut
2410 1092 2518 1146 quo
2552 1089 2709 1145 Paeto
2738 1078 2791 1131 in
2825 1079 3137 1133 universum
3191 1078 3359 1131 Filius
3391 1089 3496 1143 est,
3525 1080 3571 1132 si

1985 1185 2052 1226 ex
2079 1170 2191 1239 ipsa
2228 1170 2488 1239 genitoris
2515 1168 2817 1225 substantia
2853 1184 2957 1223 non
2986 1168 3235 1223 exsiSIit?
3295 1168 3351 1222 Si
3428 1166 3570 1224 enim

1986 1275 2047 1314 ea
2080 1276 2199 1330 qua:
2228 1276 2291 1315 ex
2328 1259 2519 1323 nihilo.
2564 1260 2681 1313 sive
2714 1261 3057 1315 extrinsecus
3086 1270 3267 1314 creata
3297 1271 3445 1324 sunt,
3510 1263 3571 1313 tl-

1987 1351 2039 1405 lii
2066 1351 2227 1405 etiam
2255 1350 2433 1404 vocari
2468 1358 2656 1403 etesse
2677 1358 2922 1416 possunt,
2959 1348 3093 1401 nihil
3115 1360 3285 1411 certe,
3317 1358 3374 1403 ut
3401 1364 3571 1414 appa—

1986 1449 2086 1501 ret.
2113 1439 2384 1494 obstiterit
2425 1437 2715 1505 quominus
2743 1436 2923 1490 omnia
2957 1446 3139 1492 creata
3165 1438 3255 1491 lilii
3283 1448 3568 1493 vocentur.

1984 1529 2091 1585 Nec
2119 1529 2231 1598 jam
2253 1528 2482 1596 amplius
2506 1528 2610 1583 dici
2643 1528 2844 1596 poterit
2880 1528 3190 1595 unigenitus
3218 1528 3406 1594 Filius,
3435 1531 3571 1585 mni-

1986 1628 2069 1673 tos
2100 1619 2398 1672 secundum
2433 1627 2680 1670 naturam
2716 1618 2929 1671 habens
2966 1616 3182 1671 fratres.
3214 1618 3279 1671 At
3308 1619 3351 1670 si
3373 1618 3424 1671 id
3452 1619 3565 1672 ﬁeri

304 1719 575 1788 ιαγμένην
607 1719 715 1789 ἄρα
747 1718 925 1788 πάντη
973 1719 1073 1788 τὴν
1117 1718 1353 1791 ὕπαρξιν
1397 1720 1531 1791 ἔχει,
1562 1722 1658 1791 οὐχ
1691 1721 1868 1793 ὥσπερ

1984 1726 2087 1762 non
2140 1718 2339 1777 potest,
2383 1709 2476 1761 sed
2523 1707 2669 1761 solus
2714 1717 2797 1759 est
2857 1708 3193 1778 unigenitus,
3243 1708 3568 1776 pet-uliarem

304 1811 469 1862 ἐκεῖνα
518 1810 664 1880 πρὸς
705 1811 766 1864 τὺ
802 1807 942 1865 εἶναι
986 1810 1343 1881 κεκλημένος,
1393 1811 1508 1864 ἀλλ’
1532 1811 1608 1875 ὡς
1635 1812 1761 1877 Υἱὸς
1815 1814 1880 1866 ἐκ

305 1902 502 1972 lla-.96;
537 1902 823 1973 προελθὼν
859 1903 1123 1973 φυσικῶς,
1153 1904 1246 1957 καὶ
1271 1903 1358 1957 διὰ
1386 1904 1546 1958 τοῦτο
1576 1905 1782 1976 ὅμοιος.

983 2162 1186 2216 ΛᾹΛΟ.

358 2274 415 2325 Εἰ
445 2273 639 2327 πάντα
672 2274 730 2340 ἕξ
759 2272 860 2327 οὐκ
891 2273 1062 2327 ὄντων
1105 2274 1243 2340 ἐστὶ,
1286 2276 1377 2328 καὶ
1423 2274 1559 2342 μετᾶ
1594 2276 1811 2329 πάντων
1846 2278 1875 2329 6

304 2365 429 2427 Υἱὸς,
461 2364 561 2417 διὰ
590 2365 745 2418 ποίαν
775 2366 956 2420 αίτιαν
977 2369 1005 2420 6
1037 2366 1134 2437 μὲν
1159 2366 1317 2436 φύσει
1343 2367 1567 2438 Κύριος,
1598 2368 1666 2421 τὰ
1695 2368 1751 2421 δὲ
1776 2368 1875 2436 φύ-

298 2474 369 2510 σει
391 2458 592 2523 δοῦλας
620 2458 691 2511 Ἣ
714 2456 825 2529 γὰρ
848 2457 919 2511 τὰ
942 2458 1118 2513 πάντα
1144 2458 1423 2530 κυριότητι
1452 2461 1515 2529 τῇ
1546 2459 1686 2513 κατὰ
1711 2462 1872 2528 φύσιν

300 2549 551 2618 τιμᾶσθαι
585 2549 794 2602 δίκαιον
827 2548 924 2619 τὴν
963 2548 1131 2620 αὐτὴν
1165 2548 1356 2618 ἔχοντα
1384 2549 1597 2618 γένεσιν
1635 2549 1713 2621 τῷ
1735 2548 1867 2618 res,

296 2638 321 2711 ἦ
353 2642 442 2694 καὶ
461 2640 633 2693 αὐτὸν
665 2639 803 2710 μετὰ
834 2639 1052 2693 πάντων
1087 2639 1162 2704 ὡς
1190 2639 1374 2693 δοῦλον
1404 2636 1542 2694 εἷναί
1571 2659 1629 2694 τε
1659 2642 1753 2695 καὶ
1784 2642 1870 2696 λέ-

292 2733 493 2801 γετϐαι.
532 2733 648 2786 Νῦν
677 2734 733 2786 δὲ
767 2734 865 2803 οὐχ
914 2733 1130 2804 ὁρῶμεν
1165 2732 1322 2786 τοῦτο
1353 2733 1728 2805 κηρύττουσαν
1770 2736 1868 2807 τὴν

295 2823 431 2877 θείαν
460 2825 717 2896 Γραφήν.
738 2823 897 2877 Ἀλλὰ
921 2824 1122 2896 Κύριον
1151 2825 1251 2894 μὲν
1280 2824 1421 2878 κατὰ
1451 2824 1611 2894 φύσιν
1643 2822 1748 2879 οἶδε
1777 2825 1867 2878 τὸν

298 2915 434 2981 Υἱὸν,
465 2916 632 2969 δοῦλα
665 2917 721 2968 δὲ
748 2916 815 2969 τὰ
846 2918 1148 2988 ποιήματα,
1179 2916 1434 2986 λέγουσα,
1464 2918 1544 2971 ὅτι
1574 2936 1592 2968 ι
1619 2917 1700 2972 Τὰ
1730 2917 1865 2989 σύμ-

299 3026 467 3060 παντα
488 3009 649 3061 δοῦλα
682 3009 768 3063 σά.
798 3027 815 3058 ›
843 3009 949 3061 Καὶ
974 3008 1156 3069 πάλιν,
1181 3008 1317 3079 μετᾶ
1350 3008 1559 3081 [ἰατρὸς
1590 3008 1862 3081 ὑμνούμε-

1986 1798 2147 1869 igitur
2192 1799 2411 1851 omnino
2471 1797 2851 1852 exsistentiam
2902 1801 3095 1862 habet;
3147 1814 3249 1851 non
3307 1800 3567 1865 quemad-

1984 1888 2200 1941 modum
2253 1887 2354 1939 alia
2418 1887 2482 1938 ad
2521 1901 2645 1939 esse
2691 1898 2938 1951 vocatus,
3004 1889 3098 1942 sed
3153 1899 3211 1942 ut
3258 1888 3433 1943 Filius
3475 1906 3569 1942 na-

1983 1978 2228 2031 turaliter
2280 1992 2343 2031 ex
2398 1977 2557 2029 Patre
2586 1978 2907 2047 procedens,
2936 1988 3099 2048 atque
3135 1978 3345 2033 idcirco
3411 1979 3566 2035 simi-

1981 2067 2069 2120 lis.

2620 2152 2856 2229 ‘ALIUD.

2049 2264 2103 2318 Si
2137 2264 2315 2318 omnia
2339 2280 2402 2319 ex
2440 2263 2608 2320 nihilo
2659 2263 2919 2334 producta
2965 2273 3114 2326 sunt,
3171 2280 3385 2335 unaque
3440 2282 3561 2319 cum

1975 2357 2224 2409 omnibus
2241 2356 2404 2410 etiam
2436 2353 2630 2416 Filius,
2664 2369 2831 2422 quam
2856 2354 2923 2406 ob
2955 2369 3176 2408 causam
3229 2356 3314 2408 hic
3347 2357 3562 2424 quidem

1974 2459 2054 2501 est
2088 2458 2277 2501 natura
2320 2448 2601 2512 Dominus,
2664 2446 2751 2500 illa
2811 2461 2937 2500 vero
2972 2454 3160 2499 natura
3217 2445 3413 2499 serva?
3459 2448 3564 2501 Ant

1972 2539 2115 2595 enim
2137 2539 2525 2593 dominationis
2559 2538 2771 2592 titulum
2803 2538 3102 2591 naturalem
3134 2538 3357 2607 reliquis
3382 2537 3559 2590 etiam

1973 2627 2169 2681 deferri
2210 2636 2425 2696 parest,
2452 2635 2636 2697 utpote
2665 2643 2783 2696 qua:
2818 2627 3066 2682 eumdem
3103 2641 3225 2679 eum
3292 2623 3431 2680 Filio
3470 2640 3564 2680 or—

1971 2727 2081 2771 tum
2114 2718 2385 2782 habeant;
2416 2728 2508 2771 aut
2546 2719 2720 2787 ipsum
2750 2734 2857 2771 una
2892 2732 3014 2772 cum
3079 2716 3303 2785 reliquis
3340 2730 3559 2771 servum

1968 2825 2092 2865 esse
2125 2821 2180 2864 et
2210 2811 2333 2864 dici.
2360 2811 2429 2864 At
2455 2825 2585 2863 vero
2610 2810 2857 2879 nuspiam
2894 2809 2945 2862 id
2973 2824 3182 2863 sacram
3220 2808 3558 2876 Scripturam

1966 2901 2034 2955 de
2055 2915 2118 2954 eo
2142 2900 2431 2969 [medicare
2448 2901 2866 2969 comperiemus.
2895 2898 3002 2953 Sed
3032 2900 3313 2952 Dominum
3340 2898 3557 2966 quidem

1968 2993 2263 3047 secundum
2316 3000 2564 3044 naturam
2600 2991 2846 3060 agnoscit
2886 2987 3105 3053 Filium,
3136 3000 3417 3043 creaturas
3454 3005 3555 3040 au-

298 3118 379 3152 ειον
411 3100 508 3153 καὶ
540 3098 970 3169 σπουδαζόμενον
1014 3099 1161 3171 αὑτῷ
1194 3100 1285 3153 τὸν
1315 3101 1442 3154 Υἱὸν
1470 3103 1731 3172 εἰσφέρει,
1766 3101 1866 3173 τὴν

1976 3094 2076 3138 tem
2102 3097 2308 3147 servas,
2339 3082 2559 3136 dicens:
2597 3100 2615 3131 ι
2651 3081 2843 3134 Omnia
2898 3080 3146 3135 serviunt
3181 3081 3277 3133 tihi
3308 3078 3374 3134 ⁸³.
3416 3099 3433 3131 ι
3493 3077 3558 3133 Et

294 3187 461 3241 κτίσιν
510 3188 564 3241 δὲ
609 3187 1013 3256 δοξολογοῦσαν.
1060 3189 1171 3242 Οὐκ
1222 3190 1328 3260 ἄρα
1374 3194 1486 3255 τοῖς
1539 3193 1703 3246 πᾶσιν
1751 3192 1864 3256 ἴσος

292 3279 451 3341 ιστὶν,
481 3279 604 3333 οὐδὲ
654 3278 874 3347 ἔξωθεν,
905 3278 1091 3350 ὥσπερ
1138 3281 1342 3342 ἐκεῖνα,
1374 3282 1489 3334 ἀλλ’
1512 3284 1540 3334 6
1593 3284 1691 3352 μὲν
1737 3282 1861 3345 Υἱὸς

293 3371 428 3425 κατὰ
480 3371 656 3440 φύσιν,
702 3371 773 3426 τὰ
814 3371 872 3425 δὲ
912 3371 1074 3425 δοῦλα
1126 3374 1221 3425 καὶ
1268 3376 1563 3445 ποιήματα.
1607 3375 1762 3429 Οὕτω
1806 3377 1861 3429 δὲ

292 3458 473 3527 ίχοντα
507 3461 598 3515 τὸν
627 3461 776 3527 Υἱδν,
804 3461 857 3517 τί
888 3462 946 3516 τὸ
976 3462 1183 3519 κωλύον
1216 3464 1400 3533 ὅμοιον
1442 3461 1581 3518 εἶναι
1630 3466 1708 3535 τῷ
1754 3468 1862 3519 Πα-

293 3554 371 3624 ῐρί
401 3568 416 3615 ;
1441 3557 1450 3565 ’

968 3838 1169 3891 ΑᾹΛΟ.

362 3947 700 4020 ’Δγνοοῦσιν,
727 3948 801 4013 ὡς
830 3946 1027 4015 ἱοικεν,
1060 3952 1111 4003 οἱ
1134 3950 1414 4021 λογισμοῖς
1441 3951 1720 4015 ἀσυνέτοις
1759 3952 1860 4007 ἐπ-

286 4042 636 4112 ερειδόμενοι,
657 4039 749 4093 καὶ
772 4039 928 4111 ψόφῳ
943 4041 1205 4095 διακένων
1223 4042 1532 4114 ῥημάτωνῆ
1556 4045 1675 4109 ταῖς
1699 4045 1859 4116 ἀκριο

478 4133 587 4186 τῶν
610 4131 979 4204 θεωρημάτων
999 4134 1489 4205 ὲπικομπὰζοντες,
1504 4135 1588 4189 ὅτι
1610 4135 1672 4189 τὸ
1692 4136 1860 4200 ὅντως

281 4223 337 4276 ὃν
361 4226 460 4280 καὶ
492 4225 613 4278 κατ’
645 4224 831 4279 οὐσίαν
861 4226 1064 4279 τίκτειν
1090 4224 1409 4296 δυνάμενον,
1429 4226 1491 4279 τὸ
1522 4225 1664 4280 θεῖόν
1689 4228 1855 4281 ἐστιν.

284 4316 416 4369 Αὐτὸ
452 4316 569 4386 γὰρ
599 4316 664 4388 δὴ
700 4318 830 4388 περὶ
860 4316 1055 4372 ἑαυτοῦ
1093 4333 1257 4388 φησιν
1282 4334 1295 4347 ·
1341 4314 1481 4386 Ἐγὼ
1524 4319 1641 4388 εἰμι
1684 4318 1715 4371 6
1761 4316 1857 4385 ὢν,

1972 3190 2158 3229 rursus
2187 3172 2377 3226 Filium
2409 3189 2509 3226 una
2541 3188 2660 3228 cum
2717 3172 2877 3226 Patre
2908 3172 3238 3226 celebratum
3290 3182 3344 3225 et
3403 3187 3538 3225 con-

1970 3269 2324 3338 glorilicatum
2348 3266 2570 3328 inducit,
2591 3275 2871 3320 creaturas
2887 3280 3013 3317 vero
3044 3264 3226 3318 laudes
3247 3279 3309 3316 ac
3328 3263 3553 3333 gloriam

1970 3359 2087 3414 Filii
2125 3361 2481 3415 celebrantes.
2547 3356 2662 3411 Non
2683 3358 2847 3427 igitur
2871 3355 3028 3427 133
3071 3356 3321 3409 omnibus
3361 3353 3553 3407 similis

1974 3463 2077 3518 est,
2105 3466 2279 3520 neque
2298 3450 2636 3504 extrinsecus
2662 3458 2719 3502 ut
2756 3449 2857 3503 illae
2892 3449 3099 3501 factus:
3134 3446 3229 3500 sed
3285 3447 3401 3513 ipse
3430 3445 3553 3512 qui-

1968 3541 2088 3594 dem
2118 3539 2285 3595 Filius
2309 3542 2602 3594 secundum
2627 3548 2899 3603 naturam,
2938 3538 3019 3590 ha:
3049 3551 3178 3591 vero
3200 3550 3390 3590 servm.
3414 3534 3547 3589 Cum

1968 3642 2147 3686 autem
2180 3633 2251 3684 ita
2294 3646 2413 3686 sese
2449 3630 2642 3684 habeat
2667 3626 2857 3695 Filius,
2887 3628 3017 3697 quid
3061 3626 3347 3697 prohibeat
3403 3627 3551 3681 illum

1968 3725 2114 3780 Patri
2142 3724 2369 3778 similem
2397 3738 2518 3779 esse
2538 3724 2564 3777 Υ

2658 3834 2891 3890 ALIUD.

2037 3952 2309 4023 Ignorant,
2338 3958 2396 4005 ut
2445 3954 2693 4019 apparet,
2721 3944 2808 3999 isti
2867 3941 3067 4010 ineptis
3117 3943 3551 3997 ratiocinationi-

1966 4048 2068 4104 bus
2094 4045 2407 4111 innitentes,
2440 4052 2497 4097 et
2548 4039 2695 4095 inani
2743 4037 3029 4092 verborum
3086 4035 3315 4103 strepitu
3367 4035 3548 4103 potius

1965 4155 2126 4209 quam
2162 4138 2304 4194 veris
2337 4132 2795 4205 speculationibus
2824 4144 2945 4185 sese
2967 4128 3309 4199 iactitantes,
3331 4129 3379 4180 td
3402 4131 3545 4195 quad

1965 4246 2090 4288 vere
2123 4230 2341 4285 exsistit
2368 4236 2426 4283 et
2448 4242 2512 4282 es
2533 4226 2751 4297 propria
2784 4240 2881 4281 sua
2908 4222 3148 4278 essentia
3179 4219 3547 4292 gignit,Deum

1965 4338 2105 4380 esse.
2132 4321 2243 4376 lioc
2268 4320 2410 4374 enim
2466 4321 2532 4372 de
2588 4318 2767 4387 scipso
2833 4316 3059 4386 inquit:
3109 4314 3220 4381 Ego
3276 4327 3394 4366 sum
3454 4325 3550 4366 ex-

281 4408 352 4472 ὼς
379 4410 499 4462 τῶν
529 4408 705 4463 ἄλλων
734 4409 1012 4473 ἁπάντων,
1042 4411 1142 4463 οὐκ
1168 4410 1337 4463 ὄντων
1384 4409 1482 4480 μὲν
1525 4410 1652 4481 πρὶν
1705 4410 1860 4478 γενέ-

1976 4414 2184 4477 sistens,
2228 4427 2349 4465 cum
2390 4410 2591 4479 reliqua
2636 4408 2816 4463 omnia
2880 4423 2983 4461 non
3027 4405 3316 4471 exsistant,
3371 4404 3550 4473 prius-

286 4498 426 4564 σθαι,
472 4497 722 4570 βουλήσει
751 4499 806 4553 δὲ
836 4499 958 4571 θείᾳ
977 4499 1113 4571 πρὸς
1138 4500 1200 4553 τὸ
1223 4496 1361 4553 εἶναι
1394 4499 1858 4571 παρενεχθέντων.

282 4590 497 4644 ὒΰκοῦν
522 4590 583 4643 τδ
607 4590 774 4655 δντως
790 4590 870 4655 δν,
887 4585 931 4658 ᾧ
946 4592 1040 4645 καὶ
1063 4590 1126 4643 τὸ
1140 4587 1291 4644 εἶναι
1311 4589 1649 4660 κυριώτατον
1668 4591 1858 4663 ὄνομα,

284 4680 410 4737 αὐτὸ
430 4682 500 4755 δὴ
523 4685 620 4737 καὶ
653 4683 814 4757 μόνον
837 4685 956 4737 κατ’
983 4683 1174 4736 οὐσίαν
1199 4684 1471 4753 γεννήσει.
1495 4681 1575 4735 Τὰ
1595 4682 1703 4753 γὰρ
1726 4682 1861 4737 ἄλλα

284 4777 585 4847 ποιήματα,
617 4776 892 4846 ἄνθρωποι
935 4776 1118 4845 τυχὸν,
1174 4774 1422 4845 βουλήσει
1480 4774 1675 4844 μᾶλλον
1726 4774 1862 4829 Θεοῦ

286 4869 417 4937 πρὸς
465 4868 527 4921 τὸ
577 4867 836 4922 δύνασθαι
879 4869 1084 4922 τίκτειν
1132 4866 1522 4939 ὲκλήθησαν,ῆ
1571 4868 1692 4921 κατ’
1726 4867 1862 4921 ἰδίαν

284 4958 472 5011 οὐσίαν
493 4957 656 5013 τοῦτο
676 4958 909 5012 ποιοῦσι.
944 4960 1097 5022 Θεῖος
1125 4959 1233 5028 γάρ
1266 4975 1352 5022 τις
1380 4957 1678 5026 ἀναγκάζει
1700 4958 1864 5029 νόμος

284 5047 493 5100 τίκτειν
514 5050 610 5101 καὶ
628 5048 689 5101 τὸ
713 5048 787 5121 μὴ
810 5050 1017 5103 τίκτειν
1036 5048 1300 5118 πεφυκός.
1320 5048 1537 5119 Ἐπειδὴ
1562 5050 1671 5120 γὰρ
1689 5048 1862 5113 οὕτως

282 5136 551 5208 ἠθέλησεν
594 5139 625 5191 6
653 5141 1016 5210 Δημιουργὸς,
1047 5138 1191 5193 οὕτω
1234 5141 1325 5193 καὶ
1373 5140 1613 5208 γέγονεν.
1647 5142 1711 5194 Ei
1751 5140 1861 5213 γὰρ

286 5230 409 5280 κατ’
443 5230 635 5285 οὐσίαν
666 5230 811 5294 ἰδίως
852 5249 910 5285 τε
956 5233 1050 5285 καὶ
1100 5233 1303 5303 κυρίως
1337 5232 1449 5303 ἔχει
1478 5233 1539 5287 τὸ
1566 5234 1769 5287 τίκτειν
1798 5233 1867 5287 τὰ

283 5320 588 5390 ποιήματα,
622 5321 763 5375 διατί
804 5323 878 5395 μὴ
917 5322 1096 5377 πάντα
1119 5324 1340 5377 δύναται
1372 5326 1605 5389 τίκτειν;
1648 5326 1863 5396 Ἐπειδὴ

283 5409 342 5462 δε
382 5411 557 5467 τίκτει
597 5414 740 5478 τινὰ,
770 5415 1012 5487 δηλονότι
1039 5416 1108 5469 τὰ
1132 5418 1555 5491 κεκελευσμὲνα,
1598 5419 1864 5490 πρόδηλον

285 5501 548 5573 δήπουθεν
575 5507 650 5571 ὡς
679 5510 741 5561 οὐ
775 5509 917 5565 κατὰ
945 5510 1105 5579 φύσιν
1128 5510 1381 5566 τοσοῦτον
1410 5515 1521 5576 τοῖς
1565 5513 1863 5583 ποιήμασιν

366 5682 417 5714 ⁸⁸
444 5683 579 5740 Psal.
605 5701 793 5752 cum,
824 5688 914 5744 9i.

1965 4521 2126 4576 quam
2164 4505 2329 4558 ﬂant:
2364 4503 2638 4556 voluntate
2692 4515 2821 4555 vero
2859 4500 3039 4553 divina
3088 4501 3283 4554 educta
3342 4499 3453 4552 sint
3492 4497 3544 4549 in

1963 4607 2161 4653 ortum.
2187 4596 2337 4663 Quod
2368 4594 2530 4663 igitur
2563 4607 2688 4646 vere
2733 4602 2817 4647 est
2879 4592 2986 4661 (cui
3032 4599 3085 4644 et
3138 4589 3371 4643 maxime
3416 4601 3545 4655 pro-

1966 4689 2139 4755 prium
2172 4697 2255 4742 est
2284 4702 2475 4741 nomen
2496 4682 2649 4749 esse),
2669 4684 2771 4738 hoc
2798 4693 2853 4737 et
2881 4682 3098 4750 quidem
3151 4680 3320 4734 solum
3349 4692 3544 4731 secuit-

1966 4783 2089 4837 dum
2123 4779 2414 4835 essentiam
2443 4778 2629 4847 gignit.
2669 4775 2907 4845 Reliquae
2932 4786 3121 4828 omnes
3145 4781 3433 4829 creatura},
3463 4776 3543 4831 ut,

1964 4872 2111 4926 verbi
2145 4869 2339 4937 gratia,
2377 4868 2645 4927 homines.
2684 4865 2864 4935 potius
2890 4863 3165 4917 voluntate
3194 4861 3287 4913 Dei
3311 4861 3537 4928 gignen-

1967 4964 2017 5017 di
2053 4960 2311 5016 facultate
2350 4960 2561 5013 donatae
2591 4968 2737 5018 sunt,
2771 4964 2860 5009 aut
2911 4951 3206 5009 secundum
3266 4948 3541 5018 propriam

1967 5054 2255 5109 essentiam
2308 5053 2411 5107 hoc
2444 5050 2684 5105 faciunt:
2737 5048 2914 5103 divina
2964 5046 3107 5100 enim
3163 5045 3406 5114 qumlam
3458 5040 3541 5094 lex

1970 5146 2112 5216 cogit
2161 5144 2379 5215 gignere
2430 5143 2592 5198 etiam
2649 5143 2699 5195 id
2757 5139 2901 5210 quod
2952 5139 3178 5207 gignere
3223 5151 3327 5189 non
3381 5132 3543 5187 solet.

1969 5235 2412 5305 Quandoquidem
2438 5233 2580 5287 enim
2617 5231 2756 5285 Deus
2790 5230 2859 5282 ita
2894 5229 3084 5292 voluit,
3113 5227 3187 5281 ita
3218 5236 3272 5281 et
3338 5225 3541 5278 factum

1966 5337 2069 5382 est.
2104 5325 2237 5380 Nam
2265 5327 2307 5380 si
2338 5340 2400 5379 ex
2430 5339 2526 5379 sua
2552 5320 2850 5376 substantia
2907 5321 3124 5389 proprie
3156 5334 3219 5371 ac
3256 5316 3547 5388 peculiari-

1965 5429 2047 5474 ter
2070 5429 2329 5474 creatnrzae
2356 5416 2603 5488 gignendi
2655 5414 2958 5469 lacultatem
2989 5413 3277 5475 haberent,
3310 5424 3407 5462 cur
3437 5421 3543 5459 non

1965 5527 2153 5568 omnes
2177 5522 2398 5582 possunt
2455 5508 2717 5580 gignere?
2766 5507 2902 5564 Cum
2962 5520 3092 5561 vero
3134 5499 3399 5559 nonnullae
3456 5494 3537 5561 gi-
