4106 6204
447 308 553 363 99.7

1487 304 1543 359 S.
1586 303 1858 359 (IYRlLlJ
1900 300 2369 359 ALEXANDRINI
2412 304 2735 360 ARCHIEP.

3627 308 3731 362 228

450 420 545 476 Dei
579 420 758 476 factus
806 435 929 475 esse
976 417 1146 474 videri
1208 418 1495 489 potuisset,
1557 430 1746 469 omnes
1798 429 2023 469 essemui

2146 414 2267 469 σθαι
2295 416 2429 470 Θεοῦ
2459 419 2551 471 τὸν
2580 419 2884 490 ἄνθρωπον,
2920 419 3120 483 πάντες
3160 419 3224 473 ἂν
3274 414 3415 490 ἦμεν
3466 420 3724 490 Χριστοῦ.

448 512 672 576 Christi,
714 511 928 567 etiamsi
977 510 1212 580 Spiritus
1269 508 1442 564 sancti
1506 504 1799 573 participes
1849 503 2028 559 effecti

450 622 555 659 non
584 619 850 658 essemus.
880 601 1081 656 Beatus
1129 602 1290 654 etiam
1370 597 1607 651 Joannes
1666 596 1861 650 alicubi
1911 596 2030 649 ait:

453 715 471 745 ι
510 694 611 762 Qui
671 694 922 751 mandata
955 692 1073 760 ejus
1101 700 1291 745 servat
1352 689 1405 740 in
1439 687 1555 755 ipso
1590 697 1792 752 manet,
1823 696 1878 739 et
1918 686 2034 754 ipse

449 785 500 838 in
531 800 615 839 eo.
648 788 711 838 Et
740 787 791 839 in
825 785 922 838 hoc
946 780 1328 848 cognoscimus
1359 776 1501 844 quod
1563 777 1682 843 ipse
1718 785 1901 830 tnauct
1977 776 2032 828 in

450 878 636 942 nobis,
687 893 748 931 ex
785 875 989 942 Spiritu
1020 886 1177 939 quem
1210 869 1360 922 dedit
1413 869 1569 922 nobis
1610 869 1677 922 ".
1720 887 1739 920 ι
1768 868 2030 934 Quocirca

448 970 492 1021 si
526 964 869 1022 obserVantia
904 964 1281 1015 mandatorum
1317 975 1438 1029 qua:
1468 958 1627 1013 nobis
1686 960 1858 1021 dedit,
1907 959 2032 1027 Spi-

452 1062 588 1113 ritus
636 1055 1108 1127 participationem
1161 1054 1318 1107 uobis
1386 1053 1691 1119 conciliat;
1729 1067 1850 1104 cum
1900 1065 2031 1104 vero

461 1150 703 1218 Spiritus
724 1146 1015 1217 participes
1038 1144 1214 1199 effecti
1269 1158 1457 1199 sumus
1499 1143 1566 1208 ⁸³,
1627 1145 1692 1195 ad
1740 1142 2029 1209 imaginem

440 1240 730 1295 Creatoris
779 1239 996 1293 formati
1051 1253 1284 1292 sumus:
1324 1236 1675 1291 manifestum
1731 1235 1896 1305 igitur
1927 1244 2031 1301 est,

441 1332 856 1388 similitudinem
886 1346 1008 1385 cum
1031 1331 1139 1385 Deo
1172 1329 1420 1384 obtinere
1453 1344 1555 1382 uon
1581 1341 1739 1397 posse
1779 1342 1902 1381 eum
1937 1328 2028 1397 qui

441 1435 652 1481 natura
680 1424 850 1492 ipsius
882 1422 1069 1491 aliquo
1101 1421 1261 1476 modo
1279 1421 1553 1491 particeps
1581 1434 1686 1471 non
1727 1418 1909 1475 fuerit.
1969 1419 2033 1473 Et

440 1533 629 1573 rursus
652 1517 915 1571 Servator
966 1531 1244 1569 renovatis
1313 1516 1585 1569 hominem
1628 1515 1694 1566 ad
1742 1512 2029 1582 imaginem

438 1625 599 1678 quam
644 1609 975 1679 perdiderat,
1037 1606 1328 1663 insufllavit
1390 1607 1551 1678 136
1595 1606 1899 1676 discipulis,
1950 1606 2033 1660 di-

439 1699 608 1757 cens:
643 1721 660 1753 ι
693 1702 936 1772 Accipite
969 1702 1228 1771 Spiritum
1291 1711 1535 1757 sanctum
1570 1700 1639 1755 "‘.
1688 1719 1707 1753 ι
1758 1702 1812 1755 Id
1868 1700 2032 1771 igitur

2141 512 2233 562 καὶ
2278 510 2596 580 Πνεὺματος
2644 511 2795 575 ὄντες
2845 511 3122 582 ἀμέτοχοι.
3153 512 3290 581 Φησί
3339 528 3442 564 που
3487 510 3652 564 πάλιν
3702 515 3728 564 ὁ

2143 604 2412 673 μακάριος
2454 604 2707 677 Ἰωάννης
2731 621 2744 633 ·
2786 624 2803 656 ι
2827 606 2885 659 Ὀ
2914 606 3097 677 τηρῶν
3138 606 3237 669 τὰς
3280 604 3503 667 ἐντολὰς
3536 604 3725 667 αὑτοῦ,

2138 695 2194 745 ἐν
2246 694 2395 765 αὐτῷ
2446 696 2619 765 μένει.
2655 697 2749 749 καὶ
2797 696 2961 760 αὑτός
3007 698 3067 749 ἐν
3113 695 3281 765 αὑτῷ.
3315 695 3427 749 Καὶ
3456 694 3514 749 ὲν
3547 694 3726 762 τούτῳ

2137 782 2478 855 γινώσκομεν
2507 787 2589 839 ὅτι
2622 787 2774 856 μένει
2810 790 2868 840 ἐν
2896 789 3030 858 ἡμῖν
3063 789 3126 840 ὲκ
3160 785 3254 838 τοῦ
3295 785 3614 855 Πνεὺματος
3664 779 3726 838 οῦ

2138 880 2338 933 ἔδωκεν
2367 880 2521 950 ἡμῖν.
2553 900 2571 931 ι
2602 879 2811 933 Οὐκοῦν
2854 882 2902 932 εί
2948 881 3006 933 τὸ
3037 880 3327 949 φυλάττειν
3350 878 3449 949 τὴν
3479 877 3724 931 δοθεῖσαν

2140 970 2361 1041 ἐντολὴν
2389 971 2645 1041 πρόξενον
2678 972 2807 1041 ἡμῖν
2836 968 2935 1041 τῆς
2961 968 3055 1023 τοῦ
3085 969 3403 1039 Πνεὺματος
3435 966 3725 1038 μετουσίας

2139 1064 2478 1134 εὑρίσκεται,
2532 1063 2750 1133 μέτοχοι
2798 1062 2855 1115 δὲ
2905 1062 3189 1131 γεγονότες
3233 1059 3329 1113 τοῦ
3378 1058 3718 1129 Πνεὺματος,

2138 1157 2275 1226 πρὸς
2302 1155 2402 1227 τὴν
2429 1154 2523 1208 τοῦ
2560 1154 2923 1223 πεποιηκότος
2953 1154 3137 1207 εἰκόνα
3180 1150 3557 1224 μορφοὺμεθα,
3591 1149 3725 1219 πρό-

2133 1248 2292 1317 δηλον
2338 1246 2606 1319 δήπουθεν
2652 1248 2735 1301 ὅτι
2780 1247 2881 1318 τὴν
2928 1246 3066 1316 πρὸς
3096 1245 3229 1298 Θεὸν
3273 1242 3531 1313 ὁμοίωσιν
3575 1241 3722 1312 ἔχειν

2134 1340 2397 1394 ἀδύνατον
2440 1340 2533 1393 τὸν
2572 1340 2647 1410 μὴ
2681 1338 2979 1410 μετέχοντα
3008 1354 3125 1400 πως
3155 1336 3254 1407 τῆς
3282 1334 3445 1388 αὑτοῦ
3480 1332 3716 1402 φύσεως.

2134 1434 2246 1489 Καὶ
2281 1434 2445 1489 πάλιν
2474 1432 2714 1487 ἀνανεῶν
2746 1433 2825 1494 είς
2859 1431 2922 1483 τὸ
2948 1431 3070 1483 κατ’
3101 1430 3288 1482 είκόνα
3310 1428 3402 1479 τὸν
3431 1426 3718 1497 ἄνθρωπον

2134 1528 2161 1580 ὁ
2187 1528 2398 1598 Σωτὴρ,
2432 1525 2731 1595 ἐνεφύσησε
2765 1526 2877 1587 τοῖς
2910 1523 3179 1594 μαθηταῖς
3210 1522 3385 1590 λέγων
3409 1540 3422 1551 ο
3463 1539 3481 1572 ι
3508 1518 3717 1573 Λάόετε

2134 1617 2360 1687 Πνεῦμα
2391 1617 2565 1684 ἅγιον.
2592 1617 2805 1684 -ιὊπερ
2832 1610 2977 1683 οὖνὴ
3011 1610 3368 1680 ἀνακαίνησις
3402 1609 3534 1679 ἔχει,
3557 1608 3718 1661 τοῦτο

2137 1708 2438 1779 κεκτῆσθαι
2504 1709 2718 1771 πάντως
2774 1708 2869 1759 καὶ
2913 1706 3012 1777 τὴν
3059 1705 3391 1776 ἀρχαιότητα
3451 1704 3717 1773 προσήκει

438 1797 581 1861 quod
619 1796 732 1849 haec
762 1796 1041 1849 renovatio
1104 1801 1269 1863 atque
1332 1794 1661 1849 instauratio
1693 1793 1878 1858 habet,
1926 1795 2023 1847 hoe

2130 1805 2290 1857 νοεῖν.
2327 1801 2535 1855 Οὐκοῦν
2564 1801 2842 1853 τελείωσιν
2876 1796 3253 1867 ὲξεικονισμοῦ
3283 1796 3418 1867 πρὸς
3444 1794 3539 1866 τὴν
3562 1795 3716 1848 θείαν

437 1886 604 1939 etiam
640 1885 872 1954 primum
905 1885 1143 1939 hominis
1174 1893 1377 1939 statum
1411 1885 1666 1939 imbuisse
1698 1885 2022 1939 credendtun

438 1985 546 2033 est.
584 1977 651 2032 Ut
710 1978 873 2046 igitur
915 1981 1089 2045 imago
1120 1976 1205 2030 illa
1232 1978 1482 2031 essentiae
1511 1977 1706 2031 divina:
1740 1976 2027 2046 perfectior

439 2071 530 2132 sit,
559 2070 797 2137 Spiritus
823 2068 1165 2137 participatio
1193 2068 1395 2122 homini
1431 2067 1647 2134 tribuit,
1685 2083 1791 2121 non
1819 2068 2023 2135 simpli-

439 2164 578 2214 citer
609 2161 659 2213 in
688 2160 1020 2227 cogitatione
1052 2173 1114 2211 ac
1147 2169 1325 2212 mente
1363 2157 1454 2211 Dei
1489 2157 1777 2210 formatum
1804 2170 1924 2210 esse
1950 2166 2027 2207 ta-

442 2256 540 2305 lem
570 2252 744 2319 qualis
772 2252 890 2317 ipse
917 2259 1019 2303 est.
1057 2248 1113 2303 Si
1142 2263 1272 2302 vero
1335 2258 1560 2317 accepto
1612 2247 1816 2315 Spiritu
1903 2246 2023 2299 Filii

439 2344 666 2398 formam
712 2343 802 2396 Dei
861 2342 1195 2409 accipimus,
1250 2342 1521 2408 quomodo
1585 2340 1691 2394 erit
1746 2340 2024 2408 inmqualis

439 2436 586 2488 l’att'i
618 2434 809 2500 Filius,
833 2434 947 2502 qui,
983 2444 1042 2487 ut
1094 2433 1167 2486 illi
1205 2434 1625 2498 conformemur,
1666 2431 1832 2487 etiam
1868 2432 2021 2485 nobis

438 2542 534 2597 per
554 2528 795 2596 scipsum
826 2526 1036 2581 donat?

861 2641 1100 2712 Objectio
1127 2641 1571 2697 adversariorum.

504 2755 1060 2817 incommunieahilis,
1116 2755 1287 2821 aiunt,
1358 2764 1443 2811 est
1489 2754 1670 2820 Pater,
1722 2771 1897 2824 neque
1926 2773 2022 2827 per

438 2850 675 2918 scipsum
706 2864 736 2901 a
773 2849 929 2902 nobis
958 2850 1270 2918 participari
1302 2860 1501 2920 petcst,
1532 2853 1600 2905 ob
1648 2867 1915 2907 summam
1958 2854 2022 2907 il—

440 2943 542 2993 lam
574 2940 974 3006 exeellentiam,
1009 2952 1171 3010 atque
1189 2942 1542 2996 eminentiam
1596 2944 1835 3010 deitatis,
1898 2961 2018 3015 quae

436 3033 505 3086 ab
535 3032 768 3085 bmnana
817 3039 1007 3086 natura
1038 3032 1240 3101 percipi
1294 3048 1401 3087 non
1459 3042 1656 3102 potest.
1714 3034 2021 3106 Percipitur

2128 1895 2313 1948 οὑσίαν
2335 1898 2366 1964 ἡ
2394 1894 2488 1947 τοῦ
2515 1892 2833 1961 Πνεῦματος
2862 1889 3063 1961 μετοχὴ
3093 1890 3169 1959 τῷ
3196 1888 3468 1958 ἀνθρώπῳ
3492 1888 3712 1958 χαρίζε-

2126 2004 2237 2051 ται,
2269 1987 2365 2055 οὑχ
2396 1985 2582 2048 ἁπλῶς
2613 1985 2673 2037 τὸ
2705 1986 2764 2037 ὲν
2797 1984 2986 2054 μόναις
3026 1982 3258 2044 ἐννοίαις
3299 1979 3434 2033 Θεοῦ
3482 1980 3712 2033 διαπλα-

2130 2080 2319 2150 σθῆναι
2348 2078 2588 2132 τοιοῦτον
2611 2076 2792 2138 ὁποῖός
2822 2078 2967 2128 ἐστιν
3005 2074 3187 2136 αὑτός,
3218 2073 3277 2126 Et
3303 2071 3357 2125 δὲ
3392 2072 3453 2124 τὸ
3488 2071 3713 2139 Πνεῦμα

2126 2169 2218 2221 τοῦ
2256 2168 2389 2220 Υίοῦ
2420 2167 2793 2236 λαμϐάνοντες
2841 2165 2979 2235 πρὸς
3010 2163 3142 2216 Θεὸν
3186 2162 3561 2235 μορφοὺμεθα,
3598 2160 3712 2225 πῶς

2126 2260 2381 2328 ἀνόμοιος
2430 2258 2583 2312 ἔσται
2632 2257 2712 2327 τῷ
2756 2256 2931 2327 Πατρὶ
2965 2257 2994 2308 ό
3028 2254 3155 2318 re;
3192 2258 3220 2309 ὁ
3261 2255 3322 2308 τὸ
3374 2251 3711 2325 μορφοῦσθαι

2127 2352 2261 2421 πρὸς
2298 2353 2504 2404 ἐκεῖνον
2536 2350 2627 2403 καὶ
2654 2352 2784 2419 ἡμῖν
2810 2349 2876 2401 δι’
2901 2348 3095 2402 ἑαυτοῦ
3124 2349 3495 2420 δωρούμενοςς

2337 2650 2637 2717 Πρότασις
2675 2647 2755 2712 ὠς
2794 2646 2860 2698 ἐκ
2903 2643 3020 2697 τῶν
3058 2643 3131 2696 δι’
3162 2642 3459 2707 ἐναντίας.

2207 2761 2612 2833 Ἀκοινὼνητος,
2637 2760 2791 2828 φασὶ,
2817 2760 2908 2812 καὶ
2937 2759 2998 2811 οὑ
3027 2756 3289 2828 μεθεκτὸς
3316 2757 3446 2827 ἡμῖν
3467 2754 3494 2807 ό
3518 2752 3709 2825 Πατὴρ

2123 2857 2189 2909 δι’
2220 2855 2435 2920 ἑαυτοῦ,
2464 2855 2553 2906 διὰ
2582 2853 2681 2923 τὴν
2714 2850 3020 2922 ὑπερϐολὴν
3050 2850 3144 2903 καὶ
3170 2849 3271 2920 τὴν
3304 2850 3479 2917 άκραν
3521 2845 3707 2914 ὥσπερ

2123 2949 2219 3003 καὶ
2263 2946 2545 3017 ἀχώρητον
2596 2947 2661 3014 τῇ
2709 2942 3026 3013 ἀνθρωπεία
3090 2940 3249 3009 φύσει
3299 2941 3397 3008 τῆς
3453 2936 3706 3004 θεότητος

2127 3038 2447 3109 μετάληψιν.
2466 3038 2739 3106 Χωρεῖται
2766 3035 2822 3088 δὲ
2866 3034 2959 3087 καὶ
2992 3034 3050 3085 ὲν
3081 3034 3211 3102 ἡμῖν
3234 3030 3440 3099 γίνεται
3462 3028 3529 3081 δι’
3556 3026 3705 3089 Υίοῦ,

436 3134 636 3189 autem,
660 3134 713 3177 et
742 3123 795 3177 in
830 3124 983 3177 nobis
1017 3132 1100 3177 est
1156 3138 1253 3193 per
1314 3122 1529 3187 Filium,
1588 3124 1842 3179 nimirum
1875 3102 2019 3181 aan-

2128 3102 2195 3194 ib;
2238 3102 2622 3189 δι”έλάττονος
2669 3125 2892 3196 δηλαδή.
2932 3123 3058 3186 Πῶς
3102 3118 3198 3173 οὗν
3236 3121 3420 3190 ὅμοιος
3448 3118 3599 3171 ἔσται
3630 3115 3708 3187 τῷ

436 3230 598 3281 quam
622 3229 715 3283 per
739 3214 1029 3269 minorem.
1057 3214 1343 3281 Quomodo
1369 3215 1531 3285 igitur
1560 3216 1754 3269 similis
1788 3218 1892 3271 erit
1915 3218 2019 3271 Pa-

439 3307 531 3370 tri,
557 3320 678 3359 cum
714 3321 743 3359 ε
775 3307 929 3359 nobis
953 3307 1154 3375 percipi
1183 3306 1352 3376 possit
1371 3304 1560 3370 Filius,
1586 3306 1746 3361 Pater
1770 3324 1897 3362 vero
1920 3310 2022 3363 tui-

438 3396 620 3451 nime?

780 3507 862 3559 Ad
892 3508 1002 3562 [nec
1035 3510 1290 3579 exceptio,
1323 3512 1426 3565 sive
1448 3511 1658 3568 solutio.

509 3615 847 3673 Temulentis
881 3620 1087 3676 similes
1117 3621 1302 3677 hostes
1336 3624 1449 3689 Dei,
1479 3634 1537 3679 ut
1574 3637 1816 3695 apparet,
1874 3627 2022 3699 igno-

442 3719 559 3761 rant
579 3709 704 3776 quid
734 3709 935 3777 dicant,
962 3722 1055 3765 aut
1083 3713 1147 3767 de
1170 3716 1365 3783 quibus
1395 3718 1742 3772 contendant.
1768 3717 1824 3772 Si
1853 3720 2021 3787 enim,

442 3808 501 3852 ut
545 3814 640 3853 vos
680 3799 879 3863 dicitis,
909 3803 1091 3855 omnia
1122 3814 1249 3857 sunt
1284 3821 1475 3876 magna
1503 3815 1559 3860 et
1586 3810 2022 3877 supernatat-alia

445 3892 498 3943 in
528 3890 710 3957 Patre,
737 3909 965 3948 necesse
1002 3906 1082 3950 est
1125 3906 1184 3949 ut
1230 3897 1473 3964 ejusdem
1506 3914 1721 3969 quoque
1757 3902 2023 3956 conditio-

446 3983 530 4037 nis
562 3999 681 4039 esse
706 3983 974 4039 fateamur
1013 3987 1311 4042 bonitatem
1341 4005 1461 4056 quae
1494 3990 1544 4043 in
1582 3992 1698 4059 ipso
1744 4003 1845 4045 est.
1903 3993 2023 4055 Ouo

449 4087 605 4143 pacto
642 4076 805 4147 igitur
839 4078 882 4130 is
909 4081 999 4148 qui
1028 4095 1239 4134 summe
1301 4080 1473 4135 bonus
1511 4091 1596 4135 est
1656 4083 1858 4152 percipi
1916 4099 2020 4137 non

441 4170 639 4234 po:erit
670 4170 737 4221 ab
764 4170 832 4221 iis
866 4173 956 4240 qui
985 4170 1229 4225 bonitate
1266 4172 1543 4242 indigent?
1568 4172 1672 4227 Aut
1716 4188 1823 4242 quo
1866 4186 2022 4242 pacto

443 4257 497 4311 in
535 4260 843 4313 universum
871 4262 1040 4316 bonus
1072 4266 1373 4319 censendus
1416 4265 1509 4331 sit,
1555 4265 1646 4334 qni
1701 4266 2020 4322 excellentia

446 4350 678 4415 quadam
704 4362 980 4407 creaturas
1012 4365 1302 4424 superante
1333 4373 1522 4412 omnes
1546 4373 1575 4410 a
1608 4357 1688 4411 sui
1726 4359 2019 4427 participa-

2125 3223 2320 3294 Πατρὶ,
2350 3219 2594 3292 χωρητὸς
2620 3216 2694 3270 ὢν
2720 3219 2776 3269 ὲν
2793 3218 2924 3287 ἡμῖν
2943 3218 3056 3278 τοῖς
3076 3216 3282 3266 ἐκεῖνον
3304 3213 3364 3265 οὑ
3390 3209 3707 3279 δυναμένοις

2124 3314 2323 3385 χωρεῖν
2342 3328 2355 3378 ;

2313 3514 2466 3586 Πρὸς
2503 3513 2681 3568 τοῦτο
2718 3507 3108 3577 ἀνθυποφορά
3147 3505 3276 3574 ἤτοι
3314 3504 3516 3568 λύσις.

2195 3631 2472 3687 Μεθῦουσι
2518 3629 2680 3683 πάλιν
2732 3627 2853 3687 ταῖς
2906 3620 3184 3683 ἀϐουλίαις
3218 3619 3267 3671 οἱ
3310 3615 3587 3688 θεομάχοι,
3627 3612 3703 3683 μὴ

2124 3726 2347 3787 εἰδότες,
2379 3724 2452 3785 ὼς
2488 3721 2760 3791 φαίνεται,
2800 3719 2934 3786 μήτε
2962 3714 2997 3767 ἃ
3023 3713 3260 3782 λέγουσι,
3292 3710 3431 3780 μήτε
3464 3707 3593 3777 περὶ
3621 3703 3705 3756 τί-

2124 3834 2231 3869 νων
2276 3811 2733 3867 διαόεὸαιοῦνται.
2782 3809 2845 3860 Et
2880 3806 3007 3878 γὰρ,
3038 3804 3291 3873 καθάπερ
3334 3802 3488 3870 ὑμεῖς
3544 3814 3702 3866 φατε,

2124 3908 2301 3960 πάντα
2338 3902 2553 3974 μεγάλα
2583 3900 2677 3954 καὶ
2710 3898 2965 3968 ὑπερφυῆ
2990 3897 3057 3950 τὰ
3084 3895 3140 3949 ὲν
3164 3893 3241 3964 τῷ
3271 3890 3465 3962 Πατρὶ,
3490 3888 3701 3957 ἀνάγκη

2121 3996 2304 4050 δοῦναι
2349 3994 2605 4054 τοιαύτην
2634 3991 2729 4045 καὶ
2757 3989 2853 4060 τὴν
2883 3990 3295 4059 ἐνυπάρχουσαν
3323 3981 3471 4051 αὑτῷ
3502 3979 3704 4049 ἀγαθό-

2121 4108 2277 4162 τητα.
2309 4088 2435 4151 Πῶς
2463 4083 2554 4139 οὖν
2596 4088 2624 4138 ὁ
2665 4086 2744 4146 είς
2780 4082 2947 4153 ἄκρον
2974 4080 3200 4151 ἀγαθὸς.
3235 4077 3520 4148 ἀχώρητος
3551 4073 3702 4126 ἔσται

2122 4184 2233 4244 τοῖς
2276 4178 2612 4248 ἀγαθότητος
2654 4175 2965 4244 ὃεομένοιςς
2998 4171 3123 4235 Πῶς
3168 4171 3227 4224 δὲ
3276 4170 3412 4231 ὅλως
3444 4167 3645 4236 ἀγαθὸς
3674 4169 3703 4221 ὁ

2119 4274 2239 4333 ταῖς
2274 4271 2415 4340 ὑπὲρ
2437 4268 2535 4338 τὴν
2560 4268 2736 4321 κτίσιν
2763 4266 2863 4319 ὑπε
2875 4264 3089 4333 ρϐολαῖς
3114 4261 3420 4316 ἀποκλείων
3448 4260 3622 4314 ἅπασι
3642 4258 3704 4311 τὸ

2126 4365 2418 4436 μετασχεῖν
2447 4359 2613 4415 αὑτοῦ
2638 4378 2653 4425 ;
2682 4360 2803 4430 Χρὴ
2832 4359 2940 4429 γὰρ
2968 4355 3257 4429 δήπουθεν,
3296 4354 3325 4407 ὃ
3354 4353 3417 4424 δὴ
3440 4354 3531 4407 καὶ
3564 4352 3700 4422 ἀλη-

442 4441 587 4494 tione
615 4441 908 4497 CXt‘llldill?
944 4443 1351 4515 Oportetenim.
1373 4450 1513 4519 quod
1539 4450 1881 4503 verissimum
1902 4465 2020 4504 esse

2128 4458 2213 4521 θὲς
2246 4456 2303 4509 ὂν
2332 4451 2707 4524 φαίνεται,τδν
2731 4450 2879 4515 ἅπαξ
2902 4446 3509 4517 ἀγαθὸν,άναλογοῦσαν
3536 4443 3701 4499 αὑτοῦ

442 4532 887 4602 deprehenditur,
919 4553 1039 4591 eum
1081 4541 1168 4607 qui
1203 4542 1423 4594 otnttiuo
1454 4542 1625 4596 bonus
1675 4552 1781 4604 est,
1810 4541 2019 4595 bonita-

446 4631 550 4676 tem
586 4638 738 4676 suam
770 4626 1018 4680 omnibus
1056 4644 1380 4698 proponere,
1431 4628 1751 4698 facilemque
1812 4629 2021 4684 fruitio-

445 4735 567 4771 uent
598 4719 663 4774 iis
690 4722 779 4788 qui
810 4721 926 4790 ejus
956 4723 1220 4792 indigent,
1250 4725 1540 4792 explicare.
1599 4725 1751 4788 Quod
1803 4724 2017 4792 quidem

442 4808 560 4876 ipse
585 4808 765 4865 facere
805 4815 1070 4877 cernitur,
1099 4828 1219 4864 cum
1254 4828 1313 4866 se
1345 4814 1394 4864 in
1448 4813 1602 4867 nobis
1651 4813 2015 4867 habitatorum

441 4905 605 4967 atque
631 4904 1029 4958 ambulaturum
1061 4904 1345 4971 promittit,
1382 4913 1435 4958 et
1470 4904 1608 4956 filios
1665 4920 1792 4959 suos
1838 4905 2018 4959 decla-

440 5000 547 5043 rat.
580 4993 730 5045 Vana
767 4999 949 5064 itaque
1014 5006 1097 5050 est
1153 4997 1437 5065 impiorum
1470 4998 1785 5065 propositio.
1834 4994 2019 5067 Neque

436 5083 582 5133 cnim
622 5098 715 5150 per
744 5088 1119 5141 excellentiam
1154 5104 1308 5142 suam
1358 5097 1411 5142 et
1444 5099 1649 5142 natura:
1668 5090 2015 5143 eminentiam

441 5176 508 5227 ad
528 5176 861 5231 ferocitatem
896 5181 1070 5249 vergit
1099 5196 1113 5233 :
1142 5183 1236 5235 sed
1265 5182 1469 5251 potius,
1515 5189 1696 5235 tantus
1740 5197 1862 5235 cum
1923 5183 2012 5245 sit,

437 5281 709 5319 suimnam
738 5270 1120 5337 benignitatem
1150 5287 1259 5340 pra:
1285 5288 1343 5327 se
1369 5274 1492 5325 fert.
1525 5271 1598 5324 Ex
1623 5274 1873 5327 omnibus
1893 5288 2018 5326 vero

438 5369 562 5422 qua:
599 5357 646 5409 ei
678 5358 860 5414 insunt
882 5362 1246 5430 pulcherrima
1280 5376 1366 5419 res
1390 5374 1473 5418 est
1505 5365 1717 5418 bonitas
1742 5364 1880 5434 ejus,
1900 5380 2018 5433 qua:

434 5461 540 5516 per
562 5445 777 5517 Filium,
800 5462 857 5506 ut
880 5455 953 5506 ait
999 5453 1304 5524 Scriptura,
1340 5458 1391 5508 in
1427 5456 1600 5510 malos
1622 5456 1777 5525 juxta
1819 5473 1885 5511 ac
1927 5457 2019 5510 bo-

437 5551 543 5593 ucs
564 5550 852 5596 conuocat:
880 5541 1192 5612 nullumque
1213 5544 1431 5599 omnino
1454 5560 1480 5596 a
1502 5544 1585 5598 sui
1606 5543 2017 5612 participatione

507 5727 559 5758 “
588 5725 783 5785 lJoan.
817 5728 1007 5797 ut,‘3i.

1087 5728 1130 5758 ⁸³
1156 5726 1318 5783 ιιι-ιη,
1353 5744 1425 5797 ιιι,
1450 5728 1501 5782 .t.
1576 5729 1619 5758 ³³
1643 5724 1797 5779 Jaau.
1830 5739 1920 5787 xx,
1952 5722 2040 5778 22.

2124 4553 2234 4612 τοῖς
2259 4549 2394 4600 πᾶσι
2411 4544 2691 4616 προθεῖναι
2719 4544 2818 4612 τὴν
2843 4541 3174 4612 ἀγαθότητα,
3193 4540 3285 4593 καὶ
3306 4540 3384 4602 είς
3404 4536 3703 4591 ἀπόλαυσιν

2124 4638 2233 4697 τοῖς
2264 4634 2431 4701 αὑτῆς
2460 4632 2732 4701 δεομένοις
2772 4630 2996 4699 ἑτοίμην
3026 4627 3309 4693 ἑξαπλοῦν.
3330 4626 3467 4678 Ἀλλ’
3489 4626 3587 4695 ἤδη
3611 4624 3703 4677 καὶ⁵

2125 4726 2281 4780 τοῦτο
2318 4725 2488 4778 ποιῶν
2522 4722 2791 4792 φαίνεται,
2825 4720 2892 4773 δι’
2926 4714 3000 4772 ὧν
3036 4720 3130 4772 καὶ
3160 4719 3457 4789 ὲνοικήσειν
3491 4718 3547 4768 ὲν
3570 4718 3702 4784 ἡμῖν

2125 4816 2517 4885 ἐπαγγέλλεται
2566 4814 2662 4866 καὶ
2709 4812 3205 4884 ὲμπεριπατήσειν,
3233 4812 3327 4863 καὶ
3378 4809 3522 4870 υἱοὺς
3570 4808 3703 4858 ἀπο-

2125 4907 2380 4960 δεικνύει.
2409 4904 2618 4958 Οὐκοῦν
2652 4903 2818 4967 ἕωλος
2843 4907 2954 4965 τοῖς
2983 4902 3163 4966 ἀθέοις
3191 4905 3224 4973 ἠ
3258 4900 3539 4972 πρότασις.
3572 4897 3701 4950 Φαί-

2126 5014 2276 5050 νεται
2321 4996 2431 5066 γὰρ
2480 4996 2543 5049 οὑ
2587 4994 2654 5048 δι’
2686 4994 2993 5065 ὑπερϐολὴν
3043 4993 3137 5047 καὶ
3188 4991 3576 5065 μεγαλοφυὴν,
3623 4991 3702 5051 είς

2124 5086 2424 5154 ἀγριότητα
2463 5083 2597 5147 Θεὸς
2648 5082 2989 5136 ἀποκλίνωνο
3026 5083 3159 5137 ἀλλά
3210 5082 3408 5152 μᾶλλον
3452 5078 3700 5140 τοσοῦτος

2124 5177 2383 5246 ὑπάρχων
2409 5178 2488 5239 εἰς
2507 5174 2821 5246 ἡμερότητα
2849 5174 2958 5247 ὅσῳ
2990 5174 3199 5244 μεγάλα
3236 5173 3304 5227 τὰ
3328 5167 3618 5227 αὑτοῦ.ἰὶν
3644 5170 3701 5222 ἓν

2119 5270 2182 5335 δὴ
2212 5269 2270 5321 τὸ
2299 5267 2580 5322 κάλλιστόν
2602 5268 2749 5321 ἐστιν
2776 5267 2809 5337 ἡ
2833 5268 3126 5337 ἀγαθότης,
3151 5266 3427 5336 φθάνουσα
3457 5264 3522 5318 δι’
3543 5262 3697 5324 Υίοῦ,

2121 5360 2265 5414 καθά
2295 5376 2462 5431 φησιν
2490 5359 2673 5426 αὑτὸς,
2702 5360 2795 5412 ἐπὶ
2829 5358 3097 5429 πονηρούς
3123 5375 3180 5410 τε
3212 5357 3305 5411 καὶ
3326 5356 3585 5425 ἀγαθοὺς,
3609 5352 3701 5408 κα)⁸

2124 5452 2312 5521 μηδενὶ
2336 5452 2397 5505 τὸ
2427 5451 2690 5525 παράπαν
2715 5451 3079 5505 άτωκλείουσα
3110 5451 3171 5503 τὸ
3194 5451 3485 5519 μετασχεῖν
3505 5445 3697 5510 αὑτῆς.

2122 5545 2337 5615 Μετοχὴ
2387 5545 2442 5597 δὲ
2488 5542 2698 5615 nam;
2741 5542 2807 5597 δι’
2837 5542 2964 5597 Υἱοῦ
3000 5545 3053 5595 ὲν
3084 5540 3362 5612 Πνεῦματι
3409 5537 3612 5609 κυρίως
3640 5548 3700 5587 τι
