4036 6208
300 313 425 367 m.

1709 312 2085 372 THESAURU
2097 315 2155 369 5.

3460 339 3567 394 9.30

298 435 387 485 καὶ
426 427 744 501 πρεπόντως
792 426 857 480 ἂν
917 431 1146 492 γένοιτο.
1190 428 1401 498 Ὥσπερ
1445 426 1538 484 οὖν
1592 432 1683 485 καὶ
1734 432 1872 501 ὴλίοι

1993 434 2250 493 excludit.
2280 436 2457 495 Patris
2487 450 2667 497 autem
2717 444 3061 514 participatio
3104 462 3194 516 per
3249 448 3443 505 Filium
3513 456 3564 509 iu

304 519 592 591 μετέχομεν
637 516 729 569 διὰ
776 515 877 584 τῆς
918 513 978 579 ἐξ
1013 511 1179 568 αὑτοῦ
1223 516 1548 589 τικτομένης
1589 518 1785 588 αὐγῆς.
1815 519 1873 572 οὑ

294 612 414 681 δίχα
440 608 774 679 θερμότητος
800 607 832 677 ἢ
864 605 964 675 τῆς
996 604 1093 660 τοῦ
1126 606 1445 679 Πνεύματος
1482 612 1767 682 ἐνεργείας
1794 614 1876 665 εξ-

1986 524 2191 594 Spiritu
2223 531 2438 599 proprie
2464 535 2925 590 etconvenienter
2958 536 3038 591 tit.
3099 537 3564 605 Quemadmodum

1985 615 2151 684 igitur
2173 627 2228 673 et
2278 620 2409 675 solis
2434 623 2726 693 participes
2782 625 3050 681 cﬂicimur
3099 644 3197 698 per
3224 633 3565 700 splendorem

301 701 422 753 κόνα
451 698 851 770 φέρει.”οσπερ
878 692 972 751 οὖν
1014 695 1092 767 τῷ
1121 697 1256 768 ἡλίῳ
1281 698 1380 750 οὐκ
1418 700 1483 753 ἄν
1513 718 1596 765 τις
1621 702 1872 772 ἀνόμοιον

1981 724 2142 777 quem
2173 725 2236 765 ex
2267 728 2325 769 se
2353 715 2545 785 gignit,
2579 732 2681 770 non
2750 718 2884 772 citra
2944 722 3182 777 calorem
3230 692 3317 794 qui
3390 727 3567 796 imago

300 788 427 845 εἶναι
463 791 612 858 λέγοι
649 790 711 843 τὸ
756 790 815 852 ἐξ
862 787 1029 841 αὑτοῦ
1080 790 1431 860 πεμπόμενον
1476 791 1593 861 φῶς
1625 793 1743 863 ἤτοι
1775 793 1872 864 τὴν

1981 803 2223 870 quaedam
2258 814 2343 858 est
2376 809 2707 874 operationis
2736 811 2972 887 Spiritus
3002 832 3015 869 :
3055 830 3212 870 nemo
3246 833 3371 871 vero
3412 820 3564 872 dixe-

298 883 621 952 θερμότητα,
639 880 728 934 διὰ
751 880 810 933 τὸ
839 878 975 949 μετὰ
1003 878 1209 933 τούτων
1232 875 1373 936 εἶναι
1400 882 1681 953 μεθεκτδν,
1699 884 1872 950 οὕτως

294 974 435 1027 οὐδὲν
460 973 765 1040 ἀναγκάσει
797 971 889 1023 τὸν
913 970 1041 1023 Υίὸν
1068 971 1322 1041 ἀνόμοιον
1349 969 1486 1026 εἶναι
1512 973 1590 1044 τῷ
1619 975 1796 1046 Πατρὶ
1816 975 1878 1029 τὸ

292 1064 355 1115 δι’
381 1062 549 1117 αὑτοῦ
596 1061 919 1132 μετέχεσθαι
953 1062 1045 1114 τὸν
1086 1061 1326 1132 Πατέρα.
1359 1062 1574 1116 Μᾶλλον
1606 1064 1661 1118 δὲ
1694 1066 1878 1135 ὅμοιον

296 1157 409 1208 οντα
442 1156 589 1208 κατὰ
618 1155 794 1207 πάντα
834 1151 1271 1207 δεικνύει.”οπου
1313 1154 1424 1225 γὰρ
1453 1154 1582 1207 Υἰοῦ
1625 1156 1877 1226 μετέχονυ

292 1263 394 1308 τες,
431 1249 530 1315 τῆς
558 1244 655 1297 τοῦ
684 1245 899 1315 Πατρός
931 1243 1222 1314 μετουσίας
1250 1245 1350 1298 οὐκ
1379 1247 1740 1317 ἐστερήμεθα,
1761 1248 1875 1312 πῶς

1984 891 2056 945 rit
2081 892 2258 946 lumett
2299 893 2413 949 sive
2459 897 2788 953 caliditatetn
2856 917 2977 971 qua:
3019 920 3085 959 ex
3135 905 3250 960 sole
3294 908 3565 962 emittitur

1985 981 2300 1038 dissimilem
2333 984 2430 1039 soli
2459 1002 2596 1052 esse,
2637 990 2793 1060 137
2819 993 2940 1061 quia
2971 1010 3094 1048 cum
3127 995 3211 1049 his
3267 998 3346 1051 sol
3395 999 3565 1065 parti-

1985 1074 2244 1143 cipatur:
2283 1076 2353 1129 ita
2403 1077 2534 1131 nihil
2575 1089 2658 1133 est
2709 1085 2849 1150 quod
2904 1096 3061 1153 cogat
3093 1087 3210 1139 ideo
3244 1086 3560 1141 dissimilem

1984 1166 2084 1217 dici
2113 1163 2305 1221 Filium
2334 1184 2360 1221 a
2396 1169 2575 1234 Patre,
2604 1173 2726 1239 quia
2762 1188 2856 1241 per
2882 1176 3053 1243 ipsum
3114 1176 3290 1230 Patris
3334 1179 3583 1246 particlr

1983 1268 2075 1320 pes
2094 1253 2376 1312 eﬂicitnur.
2408 1257 2519 1314 luto
2548 1276 2674 1317 vero
2726 1262 2825 1316 hoc
2870 1279 3041 1331 Ipsum
3106 1266 3335 1319 similem
3371 1269 3419 1320 ei
3467 1283 3562 1336 per

290 1336 383 1388 οὐκ
404 1334 561 1391 ἔσται
598 1334 863 1405 ταυτότης
894 1333 1083 1396 οὐσίας
1110 1334 1325 1405 Πατρός
1369 1336 1464 1389 καὶ
1496 1335 1666 1402 Υἰοῦ;
1700 1338 1872 1392 Ὅπου

1981 1345 2161 1398 omnia
2186 1362 2307 1402 esse
2347 1347 2524 1417 ipsum
2554 1352 2812 1405 ostendit.
2842 1351 2980 1408 Cum
3008 1354 3153 1411 enim
3176 1355 3297 1410 Filii
3340 1333 3561 1426 partici-

290 1426 344 1479 δὲ
370 1426 561 1489 οὐσίας
593 1426 878 1496 ταυτότης,
917 1427 1069 1481 ποῖον
1095 1426 1206 1492 ἔξει
1227 1426 1393 1479 τόπον
1438 1428 1471 1497 ἡ
1515 1429 1871 1500 ἁνομοιότης;

295 1517 609 1586 Δεγὲτωσαν
637 1519 685 1571 oi
726 1518 1108 1589 χριστομάχοι.

1980 1450 2074 1503 pes
2102 1436 2300 1503 cﬂ‘ecti,
2324 1438 2498 1495 Patris
2524 1444 3013 1501 communicatione
3063 1462 3167 1500 non
3245 1449 3523 1518 privamur
3541 1491 3557 1515 ,

1981 1542 2085 1594 quo
2114 1540 2269 1596 pacto
2296 1547 2404 1586 non
2444 1532 2517 1587 sit
2576 1534 2763 1588 eadem
2820 1536 3051 1591 essentia
3076 1536 3251 1593 Patris
3297 1553 3351 1595 et
3402 1538 3561 1595 Filii?

297 1614 384 1669 Ubi
419 1629 551 1669 vero
615 1624 701 1669 est
738 1614 994 1669 ideotitas
1052 1613 1323 1679 essentia,
1351 1630 1512 1685 quem
1550 1616 1726 1673 locum
1773 1620 1992 1677 habebit
2049 1624 2462 1683 dissimilitudo?
2500 1628 2881 1700 Respondeant
2910 1634 3064 1689 nobis
3120 1636 3305 1690 hostes
3327 1637 3555 1694 Christi.

540 1778 876 1844 ‘Artweatc
919 1778 1000 1844 ὠς
1032 1777 1100 1831 ἐκ
1146 1776 1264 1833 τῶν
1291 1777 1621 1848 αἰρετικῶν.

354 1934 458 1987 Καὶ
489 1932 616 1997 πῶς
648 1932 713 1987 ἂν
740 1931 850 2003 εἴη,
883 1932 1039 2001 φασὶ,
1069 1930 1210 1986 κατὰ
1235 1932 1324 1985 τὸν
1355 1933 1458 2002 τῆς
1495 1935 1684 1998 οὐσίας
1715 1935 1871 2003 λόγον

294 2026 460 2093 ὅμοιος
489 2023 578 2094 τῷ
625 2024 802 2094 Πατρὶ
854 2026 881 2076 ὁ
928 2023 1075 2087 Υίὸς,
1107 2025 1165 2087 ὃς
1217 2042 1279 2094 γε
1328 2025 1580 2079 τοσοῦτον
1636 2026 1871 2080 ἐλάττων

292 2116 555 2185 φαίνεται,
587 2115 662 2180 ὡς
690 2115 825 2187 μηδὲ
848 2118 981 2188 ὁρᾷν
1018 2115 1215 2183 αὑτόνς
1250 2117 1357 2171 Καὶ
1395 2115 1556 2169 τοῦτο
1582 2115 1690 2190 γὰρ
1713 2118 1872 2179 αὑτός

291 2225 388 2261 1:00
406 2209 847 2282 διαμαρτύρεται
876 2208 1070 2277 λέγων’
1100 2227 1116 2259 ι
1137 2207 1269 2262 Θεὸν
1309 2208 1485 2271 οὐδεὶς
1516 2207 1728 2280 ἑώρακε
1761 2209 1873 2263 πώ-

294 2318 431 2355 ποτε·
466 2303 495 2356 ὁ
520 2301 824 2372 μονογενὴς
854 2298 1005 2364 Θεὸς,
1036 2300 1064 2350 ό
1092 2297 1168 2352 ὣν
1192 2301 1271 2363 είς
1308 2299 1398 2352 τὸν
1418 2301 1618 2352 κόλπον
1642 2300 1733 2354 τοῦ
1760 2303 1873 2355 Πα-

294 2393 437 2462 τρός,
490 2392 709 2454 ἐκεῖνος
756 2390 1081 2460 ἐξηγήσατο.
1120 2408 1137 2440 ι
1199 2389 1263 2441 El
1319 2389 1498 2443 τοίνυν
1562 2390 1873 2462 ἀθεώρητον

292 2485 392 2546 τοῖς
413 2484 556 2536 πᾶσι
584 2481 676 2535 τὸν
697 2480 916 2553 Πατέρα
949 2480 1115 2549 φησὶν
1146 2479 1175 2531 ό
1207 2479 1357 2544 Υἱὸς,
1407 2482 1463 2533 ὲν
1492 2480 1547 2532 δὲ
1577 2483 1689 2544 τοῖς
1736 2484 1872 2535 πᾶσι

295 2574 379 2625 καὶ
410 2573 597 2638 αὐτος,
650 2572 766 2635 πῶς
818 2572 884 2625 ἂν
942 2571 1027 2641 εἴη
1081 2569 1221 2624 κατὰ
1250 2571 1348 2643 τὴν
1403 2571 1587 2625 οὖσὶαν
1636 2572 1873 2643 ὅμοιοςό

292 2664 540 2719 τοσοῦτον
571 2662 882 2735 ἡττώμενος
904 2680 917 2729 ;

781 2797 942 2867 Πρὸς
961 2796 1137 2852 τοῦτο
1174 2799 1376 2864 λύσις.

358 2913 461 2965 Καὶ
487 2910 614 2974 πῶς
646 2909 745 2963 οὑκ
768 2908 1028 2979 ἄντικρυς
1049 2907 1188 2977 αὐτῇ
1217 2906 1514 2977 μαχόμενοι
1556 2909 1621 2979 τῇ
1647 2907 1873 2980 ἀληθείᾳ

296 3002 573 3071 φανεῖσθε,
608 3000 704 3055 καὶ
731 3001 935 3063 πάσαις
978 2998 1115 3069 ὁμοῦ
1150 3000 1269 3061 ταῖς
1304 2998 1479 3062 θείαις
1514 2999 1759 3069 Γραφαῖς
1781 3002 1874 3054 ἀν-

296 3096 657 3157 τιπίπτοντες,
686 3092 823 3164 μηδὲ
847 3090 998 3162 αὐτῷ
1017 3089 1271 3159 λέγοντες
1291 3089 1521 3161 ὁρᾶσθαι
1550 3090 1627 3161 τῷ
1649 3091 1760 3163 Υίῷ
1782 3093 1873 3183 τὸν

2447 1790 2686 1861 Objectio
2712 1792 3098 1847 Ita'reticorum.

2050 1944 2243 2011 Atque
2300 1953 2478 2014 pacto,
2525 1948 2696 2011 aiunt,
2729 1947 2801 2001 sit
2843 1948 3033 2003 similis
3070 1948 3217 2005 Patri
3262 1949 3432 2008 Filius
3474 1969 3559 2007 ra—

1984 2032 2126 2087 tiOne
2150 2037 2418 2099 essentne,
2445 2037 2534 2105 qui
2569 2046 2716 2091 tanto
2749 2040 2925 2091 minor
2955 2055 3073 2094 esse
3108 2044 3371 2106 cernitur,
3409 2054 3466 2097 ut
3493 2060 3561 2099 ne

1983 2120 2161 2176 videat
2194 2123 2408 2191 quidem
2439 2125 2653 2192 ipsum?
2678 2127 2829 2190 Quod
2858 2127 3070 2195 quidem
3105 2129 3215 2197 ipse
3236 2130 3360 2184 alibi
3391 2141 3557 2186 testa-

1983 2220 2088 2277 tur,
2120 2214 2370 2283 inquiens
2403 2234 2414 2267 :
2459 2234 2475 2265 ι
2519 2216 2683 2269 Deum
2719 2232 2877 2271 nemo
2907 2217 3291 2288 viditttnquatn
3326 2240 3338 2274 :
3374 2223 3561 2293 unige-

1982 2305 2127 2360 nitus
2153 2305 2320 2361 Filius
2354 2307 2469 2375 Dei,
2501 2310 2592 2378 qui
2636 2319 2721 2364 est
2773 2310 2825 2363 in
2890 2312 3009 2364 sinu
3046 2310 3241 2376 Patris,
3271 2313 3359 2367 ille
3388 2328 3557 2381 expo-

1980 2398 2087 2451 suit
2108 2399 2175 2452 ".
2209 2418 2226 2449 ι
2266 2400 2319 2453 Si
2350 2416 2478 2471 ergo
2508 2399 2677 2455 Filius
2705 2400 2918 2455 Patrem
2946 2402 3199 2455 omnibus
3235 2403 3555 2456 invisibiletn

1980 2503 2101 2543 esse
2136 2490 2285 2555 dicit,
2336 2501 2391 2547 et
2456 2493 2853 2564 signiﬁcatione
2901 2494 3146 2549 omnium
3210 2492 3327 2562 ipse
3390 2494 3554 2547 etiam

1980 2582 2477 2650 comprehenditur,
2508 2585 2777 2653 quomodo
2802 2584 2872 2638 sit
2899 2584 3092 2639 similis
3139 2583 3439 2638 Secundum
3472 2596 3558 2635 es-

1983 2674 2234 2738 sentiam,
2268 2676 2358 2743 qui
2391 2685 2540 2729 tauto
2576 2675 2805 2731 inferior
2830 2676 2955 2731 est?

2484 2811 2697 2866 Salutio
2734 2812 3061 2881 objectionis.

2052 2925 2122 2979 At
2146 2938 2273 2978 vero
2331 2926 2600 2995 quomodo
2633 2940 2741 2980 non
2790 2933 2977 2993 aperte
3007 2938 3100 2978 vos
3147 2938 3271 2977 ettm
3302 2921 3558 2979 omnibus

1983 3016 2280 3087 Scripturis
2306 3016 2478 3070 sacris
2507 3024 2561 3071 et
2620 3015 2847 3070 veritate
2905 3028 3146 3084 pugnare
3202 3014 3558 3077 censeamini,

1980 3108 2071 3178 qui
2102 3123 2168 3163 ne
2195 3109 2263 3162 ab
2284 3107 2400 3177 ipso
2425 3107 2641 3177 quidem
2661 3106 2800 3161 Filio
2824 3108 2994 3161 visunt
3023 3122 3145 3163 esse
3173 3104 3391 3163 Patrem
3421 3121 3550 3162 con-

294 3186 534 3256 Πατέρα,
550 3183 857 3255 κεκρύφθαι
891 3182 948 3237 δὲ
971 3180 1185 3252 τὴντοῦ
1208 3180 1544 3249 Μονογενοῦς
1576 3180 1872 3255 αὐτοπρόσ-

1985 3200 2224 3266 tenditis,
2256 3209 2311 3255 et
2366 3213 2551 3255 coram
2577 3199 2818 3255 intuendi
2844 3199 3019 3254 Patris
3071 3199 3381 3254 facultatem
3418 3197 3557 3257 Uniu

292 3292 434 3330 ωπον
473 3275 611 3329 θέαν
636 3293 650 3341 ;
673 3274 846 3328 καίτοι
876 3275 971 3327 καὶ
999 3272 1166 3327 αὐτοῦ
1201 3272 1497 3345 διαρρήδην
1528 3272 1761 3342 βοῶντος
1782 3276 1872 3346 οὐχ

1981 3292 2162 3359 genito
2200 3291 2471 3354 adimitis,
2512 3304 2633 3345 cum
2669 3290 2783 3359 ipse
2809 3298 2996 3357 aperte
3030 3288 3248 3354 clamet,
3286 3292 3427 3358 quod
3467 3304 3557 3344 ue-

300 3372 376 3425 δτι
394 3372 483 3425 τὸν
500 3370 728 3441 Πατέρα
747 3369 961 3441 ἑώρακέ
981 3386 1090 3436 τις,
1118 3370 1166 3421 εί
1185 3369 1261 3439 μὴ
1275 3369 1303 3420 ὁ
1324 3368 1400 3421 ὢν
1425 3371 1578 3439 παρὰ
1602 3371 1695 3424 τοῦ
1715 3371 1875 3438 Θεοῦ,

291 3458 436 3526 οὗτος
455 3462 675 3533 ἑώρακε
704 3462 796 3515 τὸν
819 3460 1060 3533 Πατέρα.
1092 3460 1217 3523 Πῶς
1245 3460 1300 3512 δὲ
1338 3462 1386 3512 εί
1426 3463 1502 3532 μὴ
1524 3463 1876 3533 κατάληπτός

296 3560 477 3611 ὲστινό
513 3555 707 3626 Πατὴρ
738 3553 818 3624 τῷ
846 3552 984 3624 ]’ίῷ,
1016 3551 1112 3606 καὶ
1145 3552 1275 3621 ἡμῖν
1324 3551 1487 3604 αὑτὸν
1515 3552 1840 3606 ἐπιδεικνύει
1861 3594 1874 3618 ,

294 3649 477 3719 λέγων’
550 3667 570 3702 ι
613 3650 670 3701 Ὀ
696 3645 956 3717 ἑωρακὼς
999 3643 1123 3714 ἐμὲ,
1170 3634 1385 3713 ἑώρακε
1433 3642 1526 3696 τὸν
1561 3643 1816 3715 Ιίατέρα;
1852 3664 1869 3696 ι

296 3740 409 3804 Πῶς
438 3740 500 3793 δὲ
527 3738 588 3792 τὸ
622 3735 853 3805 Πνεῦμα
881 3730 1045 3787 αὐτοῦ
1094 3731 1275 3785 πάντα
1326 3728 1619 3784 ἐπίσταται
1673 3732 1768 3784 καὶ
1808 3730 1878 3784 τὰ

296 3829 422 3902 βάθη
455 3828 562 3883 τοῦ
590 3827 748 3891 Θεοῦ,
777 3824 1030 3895 καθάπερ
1058 3822 1236 3876 καὶτὸ
1287 3820 1505 3891 πνεῦμα
1544 3819 1637 3874 τοῦ
1671 3820 1877 3892 ἀνθρώ-

295 3940 387 3978 που
412 3924 483 3979 τὰ
524 3924 581 3975 ἐν
611 3919 795 3990 adtigi;
820 3917 943 3981 Πῶς
962 3916 1018 3971 δὲ
1049 3914 1213 3968 πάλιν
1266 3916 1315 3968 οί
1363 3915 1484 3968 κατ’
1511 3913 1740 3985 οὐρανὸν
1772 3913 1875 3982 ἆγ-

295 4016 427 4084 γελοι
453 4016 539 4078 ὡς
560 4013 623 4066 τὸ
653 4010 848 4065 τούτου
881 4008 1172 4080 πρόσωπον
1204 4002 1533 4073 θεωροῦντες
1566 4002 1876 4074 ἀνεγράφη-

297 4123 409 4169 σαν,
434 4108 487 4157 εί
534 4101 669 4173 μηδὲ
696 4099 777 4171 τῷ
805 4098 920 4168 Υἱῷ
951 4096 1113 4151 τοῦτο
1136 4095 1394 4165 ὑπάρχει,
1452 4094 1572 4147 καθ’
1599 4094 1777 4163 ὑμᾶς
1805 4094 1876 4147 Ἢ

294 4195 401 4258 m'n;
432 4196 543 4248 οὐκ
580 4190 890 4263 ἀληθεύσει,
926 4188 1121 4257 λέγων·
1155 4204 1172 4239 ι
1211 4183 1409 4248 Καθὼς
1455 4182 1713 4253 γινώσκει
1750 4201 1816 4255 με
1847 4187 1878 4238 ὁ

294 4287 504 4358 Πατὴρ,
530 4284 689 4353 κάγὼ
729 4281 984 4352 γινώσκω
1033 4279 1125 4333 τὸν
1180 4278 1428 4349 Πατέρας
1468 4296 1487 4329 ι
1525 4277 1636 4331 Καὶ
1678 4277 1872 4331 πάλινο

300 4392 317 4423 ι
346 4375 541 4437 Οὐδεὶς
569 4372 928 4441 ἐπιγινώσκει
958 4368 1049 4422 τὸν
1081 4367 1230 4432 Υίὸν,
1267 4368 1316 4421 εί
1353 4367 1428 4438 μὴ
1456 4369 1484 4419 ὁ
1519 4367 1728 4439 Πατὴρ,
1756 4368 1877 4423 οὐδὲ

293 4465 376 4519 τὸν
404 4465 634 4536 Πατέρα
671 4480 755 4525 τις
808 4459 1184 4529 ἐπιγινώσκει,
1236 4460 1287 4512 ει
1323 4458 1398 4529 μὴ
1450 4460 1479 4511 ὁ
1527 4459 1674 4523 Υἱὸς,
1706 4460 1798 4512 καὶ
1831 4454 1875 4527 ᾦ

1981 3398 2069 3436 ιιιο
2102 3379 2530 3435 videritPatrem
2564 3381 2665 3434 nisi
2703 3381 2791 3450 qui
2825 3396 2892 3434 ex
2936 3380 3047 3433 Deo
3118 3390 3221 3443 est,
3254 3381 3368 3448 ipse
3420 3380 3560 3434 vidit

1978 3469 2238 3526 Patrem?
2260 3470 2537 3535 Quomodo
2567 3480 2743 3526 autem
2773 3472 2874 3526 nisi
2904 3488 2931 3523 a
2958 3470 3095 3526 Filio
3150 3472 3350 3541 percipi
3381 3482 3557 3540 potest

1980 3561 2159 3626 Pater,
2192 3562 2345 3616 nobis
2365 3562 2525 3616 etiam
2574 3564 2748 3632 ipsum
2804 3563 3060 3628 ostendit,
3102 3564 3332 3617 dicens:
3370 3581 3388 3614 ι
3454 3562 3555 3629 Qui

1979 3652 2113 3705 vidit
2144 3666 2252 3716 me,
2284 3652 2420 3705 vidit
2446 3661 2499 3706 et
2515 3651 2729 3707 Patrem
2762 3653 2854 3707 "2
2887 3672 2906 3705 ι
2934 3654 3212 3720 Quomodo
3239 3653 3400 3708 etiam
3436 3653 3555 3722 Spi-

1979 3744 2116 3797 ritus
2142 3743 2260 3811 ejus
2281 3742 2461 3795 omnia
2498 3744 2667 3807 novit,
2719 3745 2883 3798 etiam
2938 3746 3118 3798 abdita
3142 3745 3258 3807 Dei,
3289 3748 3429 3799 sicut
3447 3746 3555 3813 spi-

1981 3834 2119 3888 ritus
2150 3831 2384 3887 ltominis
2409 3846 2527 3900 quae
2563 3831 2617 3884 in
2644 3831 2760 3900 ipso
2799 3833 3030 3886 sunt"?
3057 3834 3340 3899 Quomodo
3367 3850 3556 3891 rursus

1978 3922 2156 3993 angeli
2192 3921 2715 3989 cmlestestanquam
2752 3920 2945 3976 faciem
2977 3922 3096 3992 ejus
3121 3922 3554 3990 contemplantes

1977 4011 2235 4081 descripti
2271 4018 2419 4074 sunt,
2450 4010 2495 4063 si
2532 4024 2601 4062 ne
2640 4007 2779 4063 Filio
2808 4009 3024 4077 quidem
3062 4011 3165 4064 hoc
3194 4011 3552 4064 conceditur?

1977 4104 2086 4157 Aut
2118 4102 2389 4171 quomodo
2426 4101 2734 4165 mentiatur,
2768 4100 2991 4156 dicens:
3036 4120 3054 4153 ι
3086 4098 3242 4155 Sicut
3269 4102 3552 4170 cognoscit

1980 4211 2065 4249 me
2098 4196 2279 4255 Pater,
2299 4205 2351 4247 et
2375 4208 2475 4263 ego
2500 4209 2767 4263 cognosco
2802 4192 3018 4247 Patrem
3041 4191 3130 4244 ἐἳ
3165 4212 3183 4244 ι
3217 4192 3283 4247 Et
3310 4208 3497 4247 rursus
3532 4211 3546 4247 :

1984 4308 2002 4341 ι
2034 4288 2202 4343 Nemo
2224 4287 2505 4357 c0gnoscit
2540 4285 2734 4340 Filium
2766 4285 2869 4340 nisi
2889 4285 3066 4351 Pater,
3097 4301 3198 4342 nec
3222 4284 3437 4340 Patrem
3466 4286 3550 4340 ul-

1979 4381 2061 4433 lus
2086 4379 2363 4449 cognoscit
2396 4379 2496 4431 nisi
2528 4376 2721 4441 Filius,
2750 4387 2805 4431 et
2830 4378 2914 4433 cui
2945 4377 3177 4433 voluerit
3205 4376 3372 4431 Filius
3396 4392 3551 4431 reve-

1978 4473 2092 4527 lare
2112 4473 2201 4525 "‘2
2235 4489 2252 4522 ι
2287 4472 2387 4537 Qui
2415 4486 2543 4539 ergo
2572 4484 2678 4523 non
2708 4468 2881 4524 solum
2920 4472 3090 4536 novit,
3118 4486 3301 4524 verum
3382 4470 3553 4522 etiam

296 4557 382 4609 ἐὰν
409 4555 674 4627 βούληται
721 4555 750 4606 ό
798 4552 928 4614 Υἱὸς
982 4549 1369 4619 ἀποκαλύῲαη
1408 4568 1426 4599 ι
1486 4550 1542 4602 ’0
1570 4550 1746 4604 τοίνυν
1800 4552 1872 4623 μὴ

1981 4564 2100 4619 aliis
2126 4563 2368 4618 revelare
2393 4561 2609 4615 Patrem
2644 4569 2840 4629 potest,
2899 4562 3168 4628 quomodo
3222 4560 3395 4629 ipsum
3444 4575 3549 4615 non

298 4649 449 4717 μόνον
484 4644 660 4711 εἰδὼς,
688 4643 825 4698 ἀλλὰ
850 4643 946 4697 καὶ
976 4640 1381 4697 ἀποκαλύπτειν
1408 4640 1612 4711 ἑτέροις
1632 4642 1720 4695 τὸν
1758 4644 1868 4696 Πα-

294 4740 419 4810 τέρα
448 4738 770 4808 δυνάμενος,
801 4734 919 4798 πῶς
955 4732 1115 4788 αὑτὸν
1143 4733 1243 4803 οὐχ
1270 4733 1373 4803 όρᾷ
1396 4748 1410 4798 ;
1436 4732 1559 4797 Πῶς
1579 4732 1634 4786 δὲ
1674 4734 1773 4788 οὐκ
1792 4729 1869 4787 οἷ-

292 4831 374 4884 δεν
406 4834 435 4884 ὁ
457 4830 518 4897 εξ
542 4825 619 4882 ὧν
640 4833 789 4882 ἐστιν
815 4824 975 4888 αὐτὸς
994 4824 1148 4888 εἰδὼς
1176 4824 1267 4878 τὸν
1298 4824 1536 4895 Πατέρα,
1576 4825 1667 4877 καὶ
1695 4824 1867 4895 λέγων

293 4924 425 4995 πρὸς
448 4924 634 4979 αὐτόν’
690 4944 709 4976 ι
737 4924 817 4978 Τὰ
868 4924 979 4995 ἐμὰ
1036 4924 1213 4978 πάντα
1248 4924 1318 4977 σά
1375 4923 1512 4989 ἐστι,
1544 4924 1639 4977 καὶ
1684 4924 1754 4979 τὰ
1801 4925 1868 4978 σὰ.

293 5014 435 5083 ἐμάς
471 5034 489 5066 ι
530 5015 745 5087 Ὥσπερ
770 5012 885 5081 οὖν,
918 5017 1077 5087 εἴπερ
1109 5012 1178 5088 ἦν
1198 5015 1508 5089 ἀθεώρητος
1544 5015 1713 5086 αὐτῷ,
1745 5016 1867 5070 καθ’

295 5106 458 5175 ὑμᾶς,
489 5109 518 5160 ὁ
543 5109 757 5180 Πατὴρ,
791 5110 893 5162 οὐκ
919 5108 986 5163 ἂν
1012 5105 1079 5180 ἦν
1110 5109 1257 5179 αὐτῷ
1284 5110 1406 5163 κατ’
1445 5110 1632 5163 οὐσίαν
1661 5110 1865 5179 ὅμοιος,

292 5197 467 5262 οὕτως
488 5201 782 5271 ἐπειδήπερ
802 5202 904 5273 ὁρᾷ
923 5203 1016 5256 καὶ
1044 5201 1305 5270 γινώσκει
1335 5202 1426 5254 τὸν
1451 5202 1688 5272 Πατέρα,
1716 5202 1867 5255 ἔσται

294 5288 511 5354 πάντως
539 5291 688 5363 αὐτῷ
717 5293 860 5347 κατὰ
894 5293 1070 5348 πάντα
1126 5292 1485 5363 προσεοικὼς,
1524 5295 1617 5347 καὶ⁸
1644 5293 1864 5363 διαψεύ-

293 5394 449 5433 σεται
475 5382 635 5435 πάλιν
668 5384 768 5452 τῆς
800 5384 931 5456 παρ’
960 5383 1114 5455 ὑμῶν
1138 5384 1501 5453 συκοςραντίας
1523 5387 1551 5437 ὁ
1581 5384 1756 5452 λόγος.

517 5495 918 5565 Ἆγθυποφορὰ
957 5496 1035 5563 ὠς
1072 5497 1139 5550 ἐκ
1177 5497 1294 5552 τῶν
1327 5493 1650 5565 αἰρετικῶν.

361 5603 521 5658 Κατὰ
544 5605 721 5671 τοῦτο,
759 5607 913 5675 φασὶ,
944 5608 1102 5661 μόνον
1133 5607 1317 5677 ὅμοιον
1338 5602 1480 5661 εἶναι
1511 5605 1754 5677 δώσομεν
1776 5605 1865 5659 τὸν

1986 4654 2171 4709 videt?
2196 4654 2302 4707 Aut
2326 4651 2597 4722 quomodo
2635 4667 2740 4707 non
2772 4651 3021 4723 cognovit
3080 4651 3169 4718 qui
3209 4665 3275 4704 ex
3310 4664 3417 4717 quo
3469 4655 3552 4701 est

1982 4745 2098 4812 ipse
2154 4743 2305 4799 novit
2360 4742 2614 4806 Patrem,
2675 4742 2876 4811 quique
2936 4742 3003 4795 ad
3058 4739 3274 4793 Patrem
3361 4737 3545 4793 dicit:

1991 4856 2009 4888 ι
2045 4836 2237 4892 Omnia
2274 4848 2390 4889 mea
2428 4845 2516 4888 tua
2540 4844 2689 4899 sunt,
2721 4844 2772 4888 et
2809 4844 2898 4888 tua
2952 4850 3067 4886 mea
3099 4831 3187 4884 "7
3222 4850 3241 4882 ι
3276 4830 3548 4897 Quemad-

1978 4929 2193 4982 modum
2238 4925 2421 4992 igitur,
2450 4923 2496 4978 si
2524 4939 2554 4977 a
2577 4921 2717 4977 Filio
2746 4922 2915 4978 videri
2952 4937 3058 4978 non
3099 4928 3302 4991 posset,
3360 4931 3417 4972 ιιι
3447 4934 3544 4973 vos

1975 5016 2292 5087 opinamini,
2319 5015 2512 5071 similis
2544 5016 2793 5069 essentia
2828 5030 2947 5069 cum
2995 5027 3058 5067 eo
3090 5026 3193 5066 non
3249 5019 3389 5066 esset
3419 5027 3433 5064 :
3476 5011 3547 5063 ita

1976 5125 2100 5164 cum
2130 5109 2306 5163 videat
2328 5119 2383 5162 et
2413 5116 2702 5174 cognoscat
2737 5105 2975 5165 Patrem,
2997 5103 3195 5159 similis
3242 5103 3404 5158 etiam
3453 5116 3551 5172 per

1976 5202 2158 5257 omnia
2191 5200 2265 5254 illi
2306 5200 2486 5266 fuerit,
2521 5198 3043 5265 metidacissitnaque
3068 5197 3170 5251 erit
3211 5207 3392 5250 vestra
3451 5209 3542 5249 cao

1976 5293 2199 5346 lutunia.
2254 5278 2271 5295 Κ

2189 5487 2351 5559 138
2386 5486 2620 5558 Objectio
2650 5485 2906 5555 replicans
2949 5486 3334 5541 hwretitorum.

2046 5599 2122 5655 Eo
2140 5610 2348 5655 tantum
2383 5599 2564 5665 modo,
2596 5608 2864 5669 inqutunt,
2900 5597 3133 5653 similem
3180 5611 3303 5652 esse
3351 5591 3541 5646 Filium

364 5746 410 5777 "
443 5744 596 5800 Jbau.
636 5764 673 5815 t,
711 5749 795 5803 18.
872 5749 1091 5805 "Joau.
1132 5767 1242 5818 xw,
1272 5751 1325 5806 9.
1401 5752 1487 5806 ’Ἰ
1523 5755 1646 5807 Cor.
1679 5767 1739 5815 ll,
1784 5749 1871 5803 ll.

1981 5742 2171 5799 'Joan.
2207 5759 2260 5809 κ,
2297 5744 2380 5798 lii.
2459 5744 2502 5775 "
2531 5742 2720 5797 Matth.
2765 5758 2839 5807 χι,
2878 5741 2968 5793 27.
3049 5741 3092 5771 ⁸⁸
3115 5738 3269 5793 Joan.
3297 5720 3529 5789 ινιιριοο
