  <div class='ocr_page' id='page_1' title='image "/cluster/home/n/w/nwhite01/storage/ocr_20150623/75/hvd.32044073502031/122.png"; bbox 0 0 4036 6208; ppageno 0'>
   <div class='ocr_carea' id='block_1_1' title="bbox 272 318 378 372">
    <p class='ocr_par' dir='ltr' id='par_1_1' title="bbox 272 318 378 372">
     <span class='ocr_line' id='line_1_1' title="bbox 272 318 378 372; baseline -0.009 -1"><span class='ocrx_word' id='word_1_1' title='bbox 272 318 378 372; x_wconf 67' lang='lat'><strong>2&#39;53</strong></span> 
     </span>
    </p>
   </div>
   <div class='ocr_carea' id='block_1_2' title="bbox 1668 308 2113 365">
    <p class='ocr_par' dir='ltr' id='par_1_2' title="bbox 1668 308 2113 365">
     <span class='ocr_line' id='line_1_2' title="bbox 1668 308 2113 365; baseline -0.011 1"><span class='ocrx_word' id='word_1_2' title='bbox 1668 308 2113 365; x_wconf 51' lang='lat' dir='ltr'><strong>TIIESAURITS.</strong></span> 
     </span>
    </p>
   </div>
   <div class='ocr_carea' id='block_1_3' title="bbox 3328 310 3508 385">
    <p class='ocr_par' dir='ltr' id='par_1_3' title="bbox 3328 310 3508 385">
     <span class='ocr_line' id='line_1_3' title="bbox 3328 310 3508 385; baseline 0 -21"><span class='ocrx_word' id='word_1_3' title='bbox 3328 382 3329 385; x_wconf 8' lang='grc' dir='ltr'>γ</span> <span class='ocrx_word' id='word_1_4' title='bbox 3403 310 3508 365; x_wconf 67' lang='lat' dir='ltr'><strong>est</strong></span> 
     </span>
    </p>
   </div>
   <div class='ocr_carea' id='block_1_4' title="bbox 270 419 1831 495">
    <p class='ocr_par' dir='ltr' id='par_1_4' title="bbox 270 421 1831 495">
     <span class='ocr_line' id='line_1_4' title="bbox 270 421 1831 495; baseline -0.004 -16"><span class='ocrx_word' id='word_1_5' title='bbox 270 423 511 490; x_wconf 72' lang='grc' dir='ltr'><strong>ἐξουσίαν</strong></span> <span class='ocrx_word' id='word_1_6' title='bbox 539 439 598 475; x_wconf 84' lang='grc' dir='ltr'><strong>τε</strong></span> <span class='ocrx_word' id='word_1_7' title='bbox 629 424 723 476; x_wconf 70' lang='grc' dir='ltr'><strong>καὶ</strong></span> <span class='ocrx_word' id='word_1_8' title='bbox 752 424 1004 495; x_wconf 76' lang='grc' dir='ltr'>δύναμιν,</span> <span class='ocrx_word' id='word_1_9' title='bbox 1035 425 1151 488; x_wconf 84' lang='grc' dir='ltr'><strong>πῶς</strong></span> <span class='ocrx_word' id='word_1_10' title='bbox 1181 425 1279 477; x_wconf 82' lang='grc' dir='ltr'><strong>οὐκ</strong></span> <span class='ocrx_word' id='word_1_11' title='bbox 1316 424 1572 493; x_wconf 74' lang='grc' dir='ltr'>ἁλτθινὴν</span> <span class='ocrx_word' id='word_1_12' title='bbox 1608 424 1718 492; x_wconf 78' lang='grc' dir='ltr'>ἔχει</span> <span class='ocrx_word' id='word_1_13' title='bbox 1744 421 1831 492; x_wconf 62' lang='grc' dir='ltr'>τὴκι</span> 
     </span>
    </p>
   </div>
   <div class='ocr_carea' id='block_1_5' title="bbox 1935 419 3510 495">
    <p class='ocr_par' dir='ltr' id='par_1_5' title="bbox 1950 419 3510 490">
     <span class='ocr_line' id='line_1_5' title="bbox 1950 419 3510 490; baseline 0.003 -18"><span class='ocrx_word' id='word_1_14' title='bbox 1950 422 2035 473; x_wconf 86' lang='lat' dir='ltr'><strong>bet</strong></span> <span class='ocrx_word' id='word_1_15' title='bbox 2071 419 2441 474; x_wconf 81' lang='lat' dir='ltr'><strong>sanctiﬁcandi</strong></span> <span class='ocrx_word' id='word_1_16' title='bbox 2468 429 2786 490; x_wconf 88' lang='lat' dir='ltr'><strong>potestatem</strong></span> <span class='ocrx_word' id='word_1_17' title='bbox 2807 461 2820 483; x_wconf 89' lang='lat'><strong>,</strong></span> <span class='ocrx_word' id='word_1_18' title='bbox 2849 435 2953 490; x_wconf 92' lang='lat' dir='ltr'><strong>quo</strong></span> <span class='ocrx_word' id='word_1_19' title='bbox 2984 430 3141 490; x_wconf 84' lang='lat' dir='ltr'><strong>pacto</strong></span> <span class='ocrx_word' id='word_1_20' title='bbox 3188 434 3292 475; x_wconf 91' lang='lat' dir='ltr'><strong>non</strong></span> <span class='ocrx_word' id='word_1_21' title='bbox 3330 436 3510 477; x_wconf 79' lang='lat' dir='ltr'><strong>veram</strong></span> 
     </span>
    </p>
   </div>
   <div class='ocr_carea' id='block_1_6' title="bbox 266 512 933 585">
    <p class='ocr_par' dir='ltr' id='par_1_6' title="bbox 266 512 933 585">
     <span class='ocr_line' id='line_1_6' title="bbox 266 512 933 585; baseline -0.003 -18"><span class='ocrx_word' id='word_1_22' title='bbox 266 516 404 585; x_wconf 70' lang='grc' dir='ltr'>πρὸς</span> <span class='ocrx_word' id='word_1_23' title='bbox 428 512 583 567; x_wconf 77' lang='grc' dir='ltr'>αὑτὸν</span> <span class='ocrx_word' id='word_1_24' title='bbox 610 513 933 582; x_wconf 61' lang='lat' dir='ltr'><strong>ductor-qm;</strong></span> 
     </span>
    </p>
   </div>
   <div class='ocr_carea' id='block_1_7' title="bbox 729 709 1341 806">
    <p class='ocr_par' dir='ltr' id='par_1_7' title="bbox 729 709 1341 806">
     <span class='ocr_line' id='line_1_7' title="bbox 729 709 1341 806; baseline -0.003 0"><span class='ocrx_word' id='word_1_25' title='bbox 729 722 1095 806; x_wconf 88' lang='grc' dir='ltr'>ΛΟΓΟΣ</span> <span class='ocrx_word' id='word_1_26' title='bbox 1172 709 1295 804; x_wconf 87' lang='grc' dir='ltr'><strong>ΙΔ’</strong></span> <span class='ocrx_word' id='word_1_27' title='bbox 1321 782 1341 804; x_wconf 93' lang='grc'><strong>.</strong></span> 
     </span>
    </p>
   </div>
   <div class='ocr_carea' id='block_1_8' title="bbox 265 893 1835 965">
    <p class='ocr_par' dir='ltr' id='par_1_8' title="bbox 265 893 1835 965">
     <span class='ocr_line' id='line_1_8' title="bbox 265 893 1835 965; baseline -0.004 -14"><span class='ocrx_word' id='word_1_28' title='bbox 265 898 336 951; x_wconf 84' lang='lat' dir='ltr'><strong>&#39;E</strong></span> <span class='ocrx_word' id='word_1_29' title='bbox 340 915 389 949; x_wconf 83' lang='grc' dir='ltr'>τι</span> <span class='ocrx_word' id='word_1_30' title='bbox 418 897 550 965; x_wconf 73' lang='grc' dir='ltr'>περὶ</span> <span class='ocrx_word' id='word_1_31' title='bbox 572 900 935 965; x_wconf 81' lang='grc' dir='ltr'>ὀμοιοτητος,</span> <span class='ocrx_word' id='word_1_32' title='bbox 959 896 1346 965; x_wconf 73' lang='grc' dir='ltr'><strong>προκειμένου</strong></span> <span class='ocrx_word' id='word_1_33' title='bbox 1358 893 1835 965; x_wconf 66' lang='grc' dir='ltr'>ρηζοῦἹὯσπερ</span> 
     </span>
    </p>
   </div>
   <div class='ocr_carea' id='block_1_9' title="bbox 335 963 1834 1035">
    <p class='ocr_par' dir='ltr' id='par_1_9' title="bbox 335 963 1834 1035">
     <span class='ocr_line' id='line_1_9' title="bbox 335 963 1834 1035; baseline -0.003 -16"><span class='ocrx_word' id='word_1_34' title='bbox 335 968 447 1035; x_wconf 58' lang='grc' dir='ltr'><strong>γὰρ</strong></span> <span class='ocrx_word' id='word_1_35' title='bbox 490 963 528 1019; x_wconf 62' lang='grc' dir='ltr'>ὅ</span> <span class='ocrx_word' id='word_1_36' title='bbox 575 963 779 1033; x_wconf 73' lang='grc' dir='ltr'>Πατὴρ</span> <span class='ocrx_word' id='word_1_37' title='bbox 802 963 806 965; x_wconf 12' lang='grc' dir='ltr'><strong>Ἴ</strong></span> <span class='ocrx_word' id='word_1_38' title='bbox 826 966 979 1033; x_wconf 79' lang='grc' dir='ltr'><strong>ζωὴν</strong></span> <span class='ocrx_word' id='word_1_39' title='bbox 1000 963 1133 1035; x_wconf 66' lang='grc' dir='ltr'><strong>⁷ἔχει</strong></span> <span class='ocrx_word' id='word_1_40' title='bbox 1161 963 1262 1017; x_wconf 24' lang='grc' dir='ltr'><strong>ίέν</strong></span> <span class='ocrx_word' id='word_1_41' title='bbox 1293 963 1525 1035; x_wconf 43' lang='grc' dir='ltr'>ἐαυτῷ,</span> <span class='ocrx_word' id='word_1_42' title='bbox 1546 964 1711 1035; x_wconf 81' lang='grc' dir='ltr'>οὕτω</span> <span class='ocrx_word' id='word_1_43' title='bbox 1738 964 1834 1035; x_wconf 64' lang='grc' dir='ltr'>καὶ</span> 
     </span>
    </p>
   </div>
   <div class='ocr_carea' id='block_1_10' title="bbox 325 1033 1835 1113">
    <p class='ocr_par' dir='ltr' id='par_1_10' title="bbox 325 1033 1835 1113">
     <span class='ocr_line' id='line_1_10' title="bbox 325 1033 1835 1113; baseline -0.003 -24"><span class='ocrx_word' id='word_1_44' title='bbox 325 1033 417 1101; x_wconf 64' lang='grc' dir='ltr'>τῷ</span> <span class='ocrx_word' id='word_1_45' title='bbox 447 1035 564 1113; x_wconf 47' lang='lat' dir='ltr'><strong>Fidi</strong></span> <span class='ocrx_word' id='word_1_46' title='bbox 601 1036 821 1113; x_wconf 67' lang='grc' dir='ltr'>δέδωκε</span> <span class='ocrx_word' id='word_1_47' title='bbox 868 1034 1020 1113; x_wconf 62' lang='grc' dir='ltr'><strong>ζωὴν</strong></span> <span class='ocrx_word' id='word_1_48' title='bbox 1043 1033 1329 1113; x_wconf 36' lang='lat' dir='ltr'><strong>exertis-er</strong></span> <span class='ocrx_word' id='word_1_49' title='bbox 1353 1034 1563 1112; x_wconf 43' lang='lat' dir='ltr'><strong>suam}.</strong></span> <span class='ocrx_word' id='word_1_50' title='bbox 1602 1054 1623 1113; x_wconf 54' lang='grc' dir='ltr'><strong>ε</strong></span> <span class='ocrx_word' id='word_1_51' title='bbox 1656 1033 1835 1113; x_wconf 50' lang='grc' dir='ltr'><strong>Τὸνδᾴ</strong></span> 
     </span>
    </p>
   </div>
   <div class='ocr_carea' id='block_1_11' title="bbox 324 1099 1833 1175">
    <p class='ocr_par' dir='ltr' id='par_1_11' title="bbox 324 1099 1833 1175">
     <span class='ocr_line' id='line_1_11' title="bbox 324 1099 1833 1175; baseline -0.003 -17"><span class='ocrx_word' id='word_1_52' title='bbox 324 1099 749 1175; x_wconf 66' lang='grc' dir='ltr'><strong>συναγόμενον</strong></span> <span class='ocrx_word' id='word_1_53' title='bbox 792 1107 859 1159; x_wconf 79' lang='grc' dir='ltr'>ἐκ</span> <span class='ocrx_word' id='word_1_54' title='bbox 910 1099 1027 1158; x_wconf 80' lang='grc' dir='ltr'><strong>τῶν</strong></span> <span class='ocrx_word' id='word_1_55' title='bbox 1076 1099 1543 1175; x_wconf 13' lang='grc' dir='ltr'><strong>ίᾶυειλογισμῶνν,</strong></span> <span class='ocrx_word' id='word_1_56' title='bbox 1592 1103 1679 1155; x_wconf 81' lang='grc' dir='ltr'>ὅτι</span> <span class='ocrx_word' id='word_1_57' title='bbox 1722 1099 1833 1175; x_wconf 79' lang='grc' dir='ltr'>ζωὴ</span> 
     </span>
    </p>
   </div>
   <div class='ocr_carea' id='block_1_12' title="bbox 324 1172 1831 1242">
    <p class='ocr_par' dir='ltr' id='par_1_12' title="bbox 324 1172 1831 1242">
     <span class='ocr_line' id='line_1_12' title="bbox 324 1172 1831 1242; baseline -0.001 -16"><span class='ocrx_word' id='word_1_58' title='bbox 324 1174 478 1227; x_wconf 79' lang='grc' dir='ltr'>κατὰ</span> <span class='ocrx_word' id='word_1_59' title='bbox 502 1172 698 1242; x_wconf 53' lang='grc' dir='ltr'>φύσιν</span> <span class='ocrx_word' id='word_1_60' title='bbox 729 1176 900 1228; x_wconf 74' lang='grc' dir='ltr'><strong>ἐστὶν</strong></span> <span class='ocrx_word' id='word_1_61' title='bbox 928 1178 959 1228; x_wconf 86' lang='grc' dir='ltr'><strong>ό</strong></span> <span class='ocrx_word' id='word_1_62' title='bbox 994 1174 1145 1239; x_wconf 77' lang='grc' dir='ltr'>Υἱὸς,</span> <span class='ocrx_word' id='word_1_63' title='bbox 1170 1174 1371 1240; x_wconf 80' lang='grc' dir='ltr'>ὥσπερ</span> <span class='ocrx_word' id='word_1_64' title='bbox 1401 1174 1497 1226; x_wconf 81' lang='grc' dir='ltr'>καὶ</span> <span class='ocrx_word' id='word_1_65' title='bbox 1539 1177 1570 1227; x_wconf 86' lang='grc' dir='ltr'><em>ὀ</em></span> <span class='ocrx_word' id='word_1_66' title='bbox 1593 1172 1795 1238; x_wconf 77' lang='grc' dir='ltr'>Πατὴρ</span> <span class='ocrx_word' id='word_1_67' title='bbox 1816 1211 1831 1234; x_wconf 93' lang='grc'><strong>,</strong></span> 
     </span>
    </p>
   </div>
   <div class='ocr_carea' id='block_1_13' title="bbox 322 1244 1001 1313">
    <p class='ocr_par' dir='ltr' id='par_1_13' title="bbox 322 1244 1001 1313">
     <span class='ocr_line' id='line_1_13' title="bbox 322 1244 1001 1313; baseline 0 -16"><span class='ocrx_word' id='word_1_68' title='bbox 322 1246 421 1297; x_wconf 81' lang='grc' dir='ltr'>καὶ</span> <span class='ocrx_word' id='word_1_69' title='bbox 452 1244 554 1297; x_wconf 80' lang='grc' dir='ltr'><strong>διὰ</strong></span> <span class='ocrx_word' id='word_1_70' title='bbox 580 1244 756 1297; x_wconf 80' lang='grc' dir='ltr'>τοῦτο</span> <span class='ocrx_word' id='word_1_71' title='bbox 780 1245 1001 1313; x_wconf 84' lang='grc' dir='ltr'>ὅμοιος.</span> 
     </span>
    </p>
   </div>
   <div class='ocr_carea' id='block_1_14' title="bbox 508 1353 1568 1423">
    <p class='ocr_par' dir='ltr' id='par_1_14' title="bbox 508 1353 1568 1423">
     <span class='ocr_line' id='line_1_14' title="bbox 508 1353 1568 1423; baseline 0 -16"><span class='ocrx_word' id='word_1_72' title='bbox 508 1357 801 1422; x_wconf 81' lang='grc' dir='ltr'>Πρότασις</span> <span class='ocrx_word' id='word_1_73' title='bbox 838 1355 917 1420; x_wconf 83' lang='grc' dir='ltr'>ὡς</span> <span class='ocrx_word' id='word_1_74' title='bbox 962 1355 1031 1407; x_wconf 87' lang='grc' dir='ltr'>ἐκ</span> <span class='ocrx_word' id='word_1_75' title='bbox 1073 1354 1191 1407; x_wconf 76' lang='grc' dir='ltr'><strong>τῶν</strong></span> <span class='ocrx_word' id='word_1_76' title='bbox 1246 1353 1568 1423; x_wconf 74' lang='grc' dir='ltr'>Ἄρειανῶν.</span> 
     </span>
    </p>
   </div>
   <div class='ocr_carea' id='block_1_15' title="bbox 323 1462 1834 1534">
    <p class='ocr_par' dir='ltr' id='par_1_15' title="bbox 323 1462 1834 1534">
     <span class='ocr_line' id='line_1_15' title="bbox 323 1462 1834 1534; baseline -0.001 -17"><span class='ocrx_word' id='word_1_77' title='bbox 323 1463 437 1517; x_wconf 63' lang='grc' dir='ltr'><strong>Καὶ</strong></span> <span class='ocrx_word' id='word_1_78' title='bbox 475 1462 594 1523; x_wconf 81' lang='grc' dir='ltr'><strong>πῶς</strong></span> <span class='ocrx_word' id='word_1_79' title='bbox 633 1463 698 1515; x_wconf 81' lang='grc' dir='ltr'>ἂν</span> <span class='ocrx_word' id='word_1_80' title='bbox 734 1462 968 1527; x_wconf 77' lang='grc' dir='ltr'>δύναιτο,</span> <span class='ocrx_word' id='word_1_81' title='bbox 1024 1465 1176 1531; x_wconf 71' lang='grc' dir='ltr'>φασὶ,</span> <span class='ocrx_word' id='word_1_82' title='bbox 1224 1464 1341 1515; x_wconf 85' lang='grc' dir='ltr'>κατ’</span> <span class='ocrx_word' id='word_1_83' title='bbox 1402 1463 1589 1515; x_wconf 81' lang='grc' dir='ltr'>οὐσίαν</span> <span class='ocrx_word' id='word_1_84' title='bbox 1649 1464 1834 1534; x_wconf 82' lang='grc' dir='ltr'>ὅμοιος</span> 
     </span>
    </p>
   </div>
   <div class='ocr_carea' id='block_1_16' title="bbox 260 1554 1831 1625">
    <p class='ocr_par' dir='ltr' id='par_1_16' title="bbox 260 1554 1831 1625">
     <span class='ocr_line' id='line_1_16' title="bbox 260 1554 1831 1625; baseline -0.002 -16"><span class='ocrx_word' id='word_1_85' title='bbox 260 1573 394 1609; x_wconf 60' lang='lat' dir='ltr'><strong>exat</strong></span> <span class='ocrx_word' id='word_1_86' title='bbox 426 1555 510 1625; x_wconf 81' lang='grc' dir='ltr'>τῷ</span> <span class='ocrx_word' id='word_1_87' title='bbox 539 1556 712 1623; x_wconf 78' lang='grc' dir='ltr'>Πατρὶ</span> <span class='ocrx_word' id='word_1_88' title='bbox 748 1556 776 1607; x_wconf 80' lang='grc' dir='ltr'>ὁ</span> <span class='ocrx_word' id='word_1_89' title='bbox 807 1555 968 1621; x_wconf 83' lang='grc' dir='ltr'>Υἱός;</span> <span class='ocrx_word' id='word_1_90' title='bbox 995 1556 1063 1607; x_wconf 85' lang='grc' dir='ltr'><strong>Ἦ</strong></span> <span class='ocrx_word' id='word_1_91' title='bbox 1089 1554 1207 1616; x_wconf 83' lang='grc' dir='ltr'>πῶς</span> <span class='ocrx_word' id='word_1_92' title='bbox 1234 1555 1334 1607; x_wconf 80' lang='grc' dir='ltr'><strong>οὐκ</strong></span> <span class='ocrx_word' id='word_1_93' title='bbox 1380 1554 1529 1607; x_wconf 79' lang='grc' dir='ltr'>ἔσται</span> <span class='ocrx_word' id='word_1_94' title='bbox 1578 1554 1694 1624; x_wconf 84' lang='grc' dir='ltr'>μετ’</span> <span class='ocrx_word' id='word_1_95' title='bbox 1731 1555 1831 1606; x_wconf 80' lang='grc' dir='ltr'>αὑ-</span> 
     </span>
    </p>
   </div>
   <div class='ocr_carea' id='block_1_17' title="bbox 258 1644 1834 1715">
    <p class='ocr_par' dir='ltr' id='par_1_17' title="bbox 258 1644 1834 1715">
     <span class='ocr_line' id='line_1_17' title="bbox 258 1644 1834 1715; baseline -0.003 -16"><span class='ocrx_word' id='word_1_96' title='bbox 258 1647 344 1699; x_wconf 71' lang='grc' dir='ltr'>τὸν</span> <span class='ocrx_word' id='word_1_97' title='bbox 369 1650 396 1699; x_wconf 85' lang='grc' dir='ltr'>ὁ</span> <span class='ocrx_word' id='word_1_98' title='bbox 422 1646 489 1710; x_wconf 78' lang='grc' dir='ltr'><strong>ἐξ</strong></span> <span class='ocrx_word' id='word_1_99' title='bbox 521 1645 686 1698; x_wconf 77' lang='grc' dir='ltr'>αὐτοῦ</span> <span class='ocrx_word' id='word_1_100' title='bbox 708 1645 995 1714; x_wconf 79' lang='grc' dir='ltr'>δεχόμενός</span> <span class='ocrx_word' id='word_1_101' title='bbox 1022 1662 1093 1708; x_wconf 80' lang='grc' dir='ltr'><strong>τι,</strong></span> <span class='ocrx_word' id='word_1_102' title='bbox 1115 1645 1256 1698; x_wconf 88' lang='grc' dir='ltr'>καθά</span> <span class='ocrx_word' id='word_1_103' title='bbox 1283 1662 1444 1715; x_wconf 84' lang='grc' dir='ltr'>φησιν</span> <span class='ocrx_word' id='word_1_104' title='bbox 1471 1644 1651 1707; x_wconf 77' lang='grc' dir='ltr'>αὐτός’</span> <span class='ocrx_word' id='word_1_105' title='bbox 1673 1645 1834 1696; x_wconf 77' lang='grc' dir='ltr'><strong>«Ὠσ-</strong></span> 
     </span>
    </p>
   </div>
   <div class='ocr_carea' id='block_1_18' title="bbox 1940 514 3232 584">
    <p class='ocr_par' dir='ltr' id='par_1_18' title="bbox 1940 514 3232 584">
     <span class='ocr_line' id='line_1_18' title="bbox 1940 514 3232 584; baseline 0.002 -18"><span class='ocrx_word' id='word_1_106' title='bbox 1940 531 2058 568; x_wconf 81' lang='lat' dir='ltr'><strong>cnm</strong></span> <span class='ocrx_word' id='word_1_107' title='bbox 2086 516 2200 584; x_wconf 87' lang='lat' dir='ltr'><strong>ipso</strong></span> <span class='ocrx_word' id='word_1_108' title='bbox 2226 514 2637 571; x_wconf 74' lang='lat' dir='ltr'><strong>similitudinem</strong></span> <span class='ocrx_word' id='word_1_109' title='bbox 2664 516 2863 571; x_wconf 87' lang='lat' dir='ltr'><strong>habere</strong></span> <span class='ocrx_word' id='word_1_110' title='bbox 2886 514 3232 571; x_wconf 74' lang='lat' dir='ltr'><strong>censebitur?</strong></span> 
     </span>
    </p>
   </div>
   <div class='ocr_carea' id='block_1_19' title="bbox 2256 732 3179 824">
    <p class='ocr_par' dir='ltr' id='par_1_19' title="bbox 2256 732 3179 824">
     <span class='ocr_line' id='line_1_19' title="bbox 2256 732 3179 824; baseline 0.002 -5"><span class='ocrx_word' id='word_1_111' title='bbox 2256 732 2831 824; x_wconf 82' lang='lat' dir='ltr'><strong>ASSERTIO</strong></span> <span class='ocrx_word' id='word_1_112' title='bbox 2912 734 3179 823; x_wconf 80' lang='lat' dir='ltr'><strong>XIV.</strong></span> 
     </span>
    </p>
   </div>
   <div class='ocr_carea' id='block_1_20' title="bbox 1940 899 3512 970">
    <p class='ocr_par' dir='ltr' id='par_1_20' title="bbox 1940 899 3512 970">
     <span class='ocr_line' id='line_1_20' title="bbox 1940 899 3512 970; baseline -0.001 -16"><span class='ocrx_word' id='word_1_113' title='bbox 1940 902 2015 954; x_wconf 84' lang='lat' dir='ltr'><strong>De</strong></span> <span class='ocrx_word' id='word_1_114' title='bbox 2045 902 2385 970; x_wconf 82' lang='lat' dir='ltr'><strong>simi!itudine</strong></span> <span class='ocrx_word' id='word_1_115' title='bbox 2402 901 2576 954; x_wconf 77' lang='lat' dir='ltr'><strong>Patris</strong></span> <span class='ocrx_word' id='word_1_116' title='bbox 2604 910 2651 954; x_wconf 80' lang='lat' dir='ltr'><strong>et</strong></span> <span class='ocrx_word' id='word_1_117' title='bbox 2679 899 2835 962; x_wconf 82' lang='lat' dir='ltr'><strong>Filii,</strong></span> <span class='ocrx_word' id='word_1_118' title='bbox 2856 903 3121 970; x_wconf 76' lang='lat' dir='ltr'><strong>praposito</strong></span> <span class='ocrx_word' id='word_1_119' title='bbox 3142 903 3280 955; x_wconf 74' lang='lat' dir='ltr'><strong>dicto</strong></span> <span class='ocrx_word' id='word_1_120' title='bbox 3304 920 3320 955; x_wconf 91' lang='lat'><strong><em>:</em></strong></span> <span class='ocrx_word' id='word_1_121' title='bbox 3348 921 3365 953; x_wconf 82' lang='grc' dir='ltr'><strong>ι</strong></span> <span class='ocrx_word' id='word_1_122' title='bbox 3401 899 3512 954; x_wconf 84' lang='lat' dir='ltr'><strong>Sic-</strong></span> 
     </span>
    </p>
   </div>
   <div class='ocr_carea' id='block_1_21' title="bbox 2008 969 3509 1038">
    <p class='ocr_par' dir='ltr' id='par_1_21' title="bbox 2008 969 3509 1038">
     <span class='ocr_line' id='line_1_21' title="bbox 2008 969 3509 1038; baseline -0.002 -14"><span class='ocrx_word' id='word_1_123' title='bbox 2008 983 2062 1024; x_wconf 80' lang='grc' dir='ltr'><strong>ιιι</strong></span> <span class='ocrx_word' id='word_1_124' title='bbox 2101 973 2238 1024; x_wconf 85' lang='lat' dir='ltr'><strong>enim</strong></span> <span class='ocrx_word' id='word_1_125' title='bbox 2286 969 2446 1024; x_wconf 83' lang='lat' dir='ltr'><strong>Pater</strong></span> <span class='ocrx_word' id='word_1_126' title='bbox 2474 973 2634 1024; x_wconf 84' lang='lat' dir='ltr'><strong>vitam</strong></span> <span class='ocrx_word' id='word_1_127' title='bbox 2670 972 2817 1024; x_wconf 82' lang='lat' dir='ltr'><strong>habet</strong></span> <span class='ocrx_word' id='word_1_128' title='bbox 2847 972 2899 1023; x_wconf 84' lang='lat' dir='ltr'><strong>in</strong></span> <span class='ocrx_word' id='word_1_129' title='bbox 2933 973 3123 1038; x_wconf 73' lang='lat' dir='ltr'><strong>seipse,</strong></span> <span class='ocrx_word' id='word_1_130' title='bbox 3160 974 3234 1024; x_wconf 82' lang='lat' dir='ltr'><strong>ila</strong></span> <span class='ocrx_word' id='word_1_131' title='bbox 3274 981 3322 1023; x_wconf 87' lang='lat' dir='ltr'><strong>et</strong></span> <span class='ocrx_word' id='word_1_132' title='bbox 3366 970 3509 1022; x_wconf 79' lang='lat' dir='ltr'><strong>Filio</strong></span> 
     </span>
    </p>
   </div>
   <div class='ocr_carea' id='block_1_22' title="bbox 2007 1041 3509 1107">
    <p class='ocr_par' dir='ltr' id='par_1_22' title="bbox 2007 1041 3509 1107">
     <span class='ocr_line' id='line_1_22' title="bbox 2007 1041 3509 1107; baseline -0.001 -15"><span class='ocrx_word' id='word_1_133' title='bbox 2007 1042 2149 1093; x_wconf 82' lang='lat' dir='ltr'><strong>dedit</strong></span> <span class='ocrx_word' id='word_1_134' title='bbox 2181 1043 2336 1093; x_wconf 82' lang='lat' dir='ltr'><strong>vitam</strong></span> <span class='ocrx_word' id='word_1_135' title='bbox 2359 1042 2622 1093; x_wconf 67' lang='lat' dir='ltr'><strong>haberent</strong></span> <span class='ocrx_word' id='word_1_136' title='bbox 2661 1044 2828 1105; x_wconf 75' lang='lat' dir='ltr'><strong>seipse</strong></span> <span class='ocrx_word' id='word_1_137' title='bbox 2864 1041 2929 1092; x_wconf 79' lang='lat'><strong>“.</strong></span> <span class='ocrx_word' id='word_1_138' title='bbox 2969 1061 2985 1090; x_wconf 76' lang='grc' dir='ltr'><strong>ι</strong></span> <span class='ocrx_word' id='word_1_139' title='bbox 3052 1041 3290 1107; x_wconf 70' lang='lat' dir='ltr'><strong>Iulermr</strong></span> <span class='ocrx_word' id='word_1_140' title='bbox 3336 1053 3509 1092; x_wconf 70' lang='lat' dir='ltr'><strong>(utrem</strong></span> 
     </span>
    </p>
   </div>
   <div class='ocr_carea' id='block_1_23' title="bbox 2006 1109 3507 1177">
    <p class='ocr_par' dir='ltr' id='par_1_23' title="bbox 2006 1109 3507 1177">
     <span class='ocr_line' id='line_1_23' title="bbox 2006 1109 3507 1177; baseline -0.002 -15"><span class='ocrx_word' id='word_1_141' title='bbox 2006 1126 2070 1162; x_wconf 76' lang='lat' dir='ltr'><strong>ex</strong></span> <span class='ocrx_word' id='word_1_142' title='bbox 2093 1109 2432 1177; x_wconf 75' lang='lat' dir='ltr'><strong>syllogismis,</strong></span> <span class='ocrx_word' id='word_1_143' title='bbox 2463 1110 2601 1175; x_wconf 76' lang='lat' dir='ltr'><strong>quod</strong></span> <span class='ocrx_word' id='word_1_144' title='bbox 2634 1111 2735 1161; x_wconf 84' lang='lat' dir='ltr'><strong>vita</strong></span> <span class='ocrx_word' id='word_1_145' title='bbox 2793 1110 3075 1161; x_wconf 81' lang='lat' dir='ltr'><strong>secundum</strong></span> <span class='ocrx_word' id='word_1_146' title='bbox 3129 1126 3373 1163; x_wconf 84' lang='lat' dir='ltr'><strong>naturam</strong></span> <span class='ocrx_word' id='word_1_147' title='bbox 3434 1120 3507 1161; x_wconf 77' lang='lat' dir='ltr'><strong>est</strong></span> 
     </span>
    </p>
   </div>
   <div class='ocr_carea' id='block_1_24' title="bbox 2008 1177 3255 1243">
    <p class='ocr_par' dir='ltr' id='par_1_24' title="bbox 2008 1177 3255 1243">
     <span class='ocr_line' id='line_1_24' title="bbox 2008 1177 3255 1243; baseline 0.001 -14"><span class='ocrx_word' id='word_1_148' title='bbox 2008 1177 2186 1232; x_wconf 75' lang='lat' dir='ltr'><strong>Filius</strong></span> <span class='ocrx_word' id='word_1_149' title='bbox 2251 1181 2387 1231; x_wconf 81' lang='lat' dir='ltr'><strong>sicut</strong></span> <span class='ocrx_word' id='word_1_150' title='bbox 2416 1190 2462 1231; x_wconf 84' lang='lat' dir='ltr'><strong>et</strong></span> <span class='ocrx_word' id='word_1_151' title='bbox 2486 1177 2672 1243; x_wconf 82' lang='lat' dir='ltr'><strong>Pater,</strong></span> <span class='ocrx_word' id='word_1_152' title='bbox 2700 1188 2853 1243; x_wconf 86' lang='lat' dir='ltr'><strong>atque</strong></span> <span class='ocrx_word' id='word_1_153' title='bbox 2876 1179 2937 1230; x_wconf 88' lang='lat' dir='ltr'><strong>ob</strong></span> <span class='ocrx_word' id='word_1_154' title='bbox 2968 1180 3020 1230; x_wconf 79' lang='lat' dir='ltr'><strong>id</strong></span> <span class='ocrx_word' id='word_1_155' title='bbox 3047 1181 3255 1231; x_wconf 76' lang='lat' dir='ltr'><strong>simi/is.</strong></span> 
     </span>
    </p>
   </div>
   <div class='ocr_carea' id='block_1_25' title="bbox 2468 1351 3049 1420">
    <p class='ocr_par' dir='ltr' id='par_1_25' title="bbox 2468 1351 3049 1420">
     <span class='ocr_line' id='line_1_25' title="bbox 2468 1351 3049 1420; baseline -0.003 -14"><span class='ocrx_word' id='word_1_156' title='bbox 2468 1351 2698 1420; x_wconf 82' lang='lat' dir='ltr'><strong>Objectio</strong></span> <span class='ocrx_word' id='word_1_157' title='bbox 2716 1351 3049 1404; x_wconf 78' lang='lat' dir='ltr'><strong>Arianorum.</strong></span> 
     </span>
    </p>
   </div>
   <div class='ocr_carea' id='block_1_26' title="bbox 2009 1462 3508 1533">
    <p class='ocr_par' dir='ltr' id='par_1_26' title="bbox 2009 1462 3508 1533">
     <span class='ocr_line' id='line_1_26' title="bbox 2009 1462 3508 1533; baseline -0.001 -14"><span class='ocrx_word' id='word_1_158' title='bbox 2009 1468 2077 1520; x_wconf 85' lang='lat' dir='ltr'><strong>At</strong></span> <span class='ocrx_word' id='word_1_159' title='bbox 2100 1466 2387 1533; x_wconf 89' lang='lat' dir='ltr'><strong>quomodo,</strong></span> <span class='ocrx_word' id='word_1_160' title='bbox 2417 1464 2687 1532; x_wconf 92' lang='lat' dir='ltr'><strong>inquiunt,</strong></span> <span class='ocrx_word' id='word_1_161' title='bbox 2714 1464 2884 1531; x_wconf 91' lang='lat' dir='ltr'><strong>possit</strong></span> <span class='ocrx_word' id='word_1_162' title='bbox 2915 1462 3082 1517; x_wconf 87' lang='lat' dir='ltr'><strong>Filius</strong></span> <span class='ocrx_word' id='word_1_163' title='bbox 3138 1463 3329 1517; x_wconf 84' lang='lat' dir='ltr'><strong>similis</strong></span> <span class='ocrx_word' id='word_1_164' title='bbox 3385 1478 3508 1518; x_wconf 82' lang='lat' dir='ltr'><strong>esse</strong></span> 
     </span>
    </p>
   </div>
   <div class='ocr_carea' id='block_1_27' title="bbox 1939 1554 3510 1623">
    <p class='ocr_par' dir='ltr' id='par_1_27' title="bbox 1939 1554 3510 1623">
     <span class='ocr_line' id='line_1_27' title="bbox 1939 1554 3510 1623; baseline -0.003 -11"><span class='ocrx_word' id='word_1_165' title='bbox 1939 1557 2084 1612; x_wconf 86' lang='lat' dir='ltr'><strong>Patri</strong></span> <span class='ocrx_word' id='word_1_166' title='bbox 2120 1558 2417 1612; x_wconf 89' lang='lat' dir='ltr'><strong>secundum</strong></span> <span class='ocrx_word' id='word_1_167' title='bbox 2447 1554 2779 1611; x_wconf 75' lang='lat' dir='ltr'><strong>essentiam?</strong></span> <span class='ocrx_word' id='word_1_168' title='bbox 2805 1556 2908 1608; x_wconf 81' lang='lat' dir='ltr'><strong>Aut</strong></span> <span class='ocrx_word' id='word_1_169' title='bbox 2931 1557 3197 1623; x_wconf 86' lang='lat' dir='ltr'><strong>quomodo</strong></span> <span class='ocrx_word' id='word_1_170' title='bbox 3249 1571 3352 1608; x_wconf 82' lang='lat' dir='ltr'><strong>non</strong></span> <span class='ocrx_word' id='word_1_171' title='bbox 3403 1556 3510 1609; x_wconf 84' lang='lat' dir='ltr'><strong>erit</strong></span> 
     </span>
    </p>
   </div>
   <div class='ocr_carea' id='block_1_28' title="bbox 1938 1645 3505 1717">
    <p class='ocr_par' dir='ltr' id='par_1_28' title="bbox 1938 1645 3505 1717">
     <span class='ocr_line' id='line_1_28' title="bbox 1938 1645 3505 1717; baseline -0.004 -16"><span class='ocrx_word' id='word_1_172' title='bbox 1938 1647 2206 1717; x_wconf 85' lang='lat' dir='ltr'><strong>posterior</strong></span> <span class='ocrx_word' id='word_1_173' title='bbox 2241 1647 2331 1701; x_wconf 89' lang='lat' dir='ltr'><strong>illo</strong></span> <span class='ocrx_word' id='word_1_174' title='bbox 2370 1647 2417 1701; x_wconf 93' lang='lat' dir='ltr'><strong>is</strong></span> <span class='ocrx_word' id='word_1_175' title='bbox 2440 1646 2530 1716; x_wconf 89' lang='lat' dir='ltr'><strong>qui</strong></span> <span class='ocrx_word' id='word_1_176' title='bbox 2564 1661 2630 1701; x_wconf 80' lang='lat' dir='ltr'><strong>ex</strong></span> <span class='ocrx_word' id='word_1_177' title='bbox 2666 1646 2780 1714; x_wconf 89' lang='lat' dir='ltr'><strong>ipso</strong></span> <span class='ocrx_word' id='word_1_178' title='bbox 2818 1645 3019 1713; x_wconf 87' lang='lat' dir='ltr'><strong>aliquid</strong></span> <span class='ocrx_word' id='word_1_179' title='bbox 3048 1645 3278 1713; x_wconf 82' lang='lat' dir='ltr'><strong>accepit,</strong></span> <span class='ocrx_word' id='word_1_180' title='bbox 3314 1658 3505 1713; x_wconf 91' lang='lat' dir='ltr'><strong>quem-</strong></span> 
     </span>
    </p>
   </div>
   <div class='ocr_carea' id='block_1_29' title="bbox 258 1735 1831 1810">
    <p class='ocr_par' dir='ltr' id='par_1_29' title="bbox 258 1735 1831 1810">
     <span class='ocr_line' id='line_1_29' title="bbox 258 1735 1831 1810; baseline -0.001 -18"><span class='ocrx_word' id='word_1_181' title='bbox 258 1758 357 1808; x_wconf 86' lang='grc' dir='ltr'><strong>περ</strong></span> <span class='ocrx_word' id='word_1_182' title='bbox 381 1740 497 1809; x_wconf 74' lang='grc' dir='ltr'><strong>γὰρ</strong></span> <span class='ocrx_word' id='word_1_183' title='bbox 526 1741 553 1790; x_wconf 81' lang='grc' dir='ltr'>ὁ</span> <span class='ocrx_word' id='word_1_184' title='bbox 592 1738 775 1810; x_wconf 68' lang='grc' dir='ltr'>Πατὴρ</span> <span class='ocrx_word' id='word_1_185' title='bbox 812 1736 923 1806; x_wconf 74' lang='grc' dir='ltr'>ἔχει</span> <span class='ocrx_word' id='word_1_186' title='bbox 958 1735 1103 1807; x_wconf 69' lang='grc' dir='ltr'>ζωὴν</span> <span class='ocrx_word' id='word_1_187' title='bbox 1132 1738 1190 1788; x_wconf 82' lang='grc' dir='ltr'>ὲν</span> <span class='ocrx_word' id='word_1_188' title='bbox 1218 1737 1414 1807; x_wconf 78' lang='grc' dir='ltr'>ἑαυτῷ,</span> <span class='ocrx_word' id='word_1_189' title='bbox 1445 1736 1588 1790; x_wconf 72' lang='grc' dir='ltr'>οὕτω</span> <span class='ocrx_word' id='word_1_190' title='bbox 1624 1738 1719 1791; x_wconf 70' lang='grc' dir='ltr'>καὶ</span> <span class='ocrx_word' id='word_1_191' title='bbox 1757 1737 1831 1807; x_wconf 81' lang='grc' dir='ltr'>τῷ</span> 
     </span>
    </p>
   </div>
   <div class='ocr_carea' id='block_1_30' title="bbox 1935 1735 3509 1810">
    <p class='ocr_par' dir='ltr' id='par_1_30' title="bbox 1938 1735 3509 1807">
     <span class='ocr_line' id='line_1_30' title="bbox 1938 1735 3509 1807; baseline -0.004 -16"><span class='ocrx_word' id='word_1_192' title='bbox 1938 1738 2225 1793; x_wconf 86' lang='lat' dir='ltr'><strong>admodum</strong></span> <span class='ocrx_word' id='word_1_193' title='bbox 2275 1738 2388 1807; x_wconf 89' lang='lat' dir='ltr'><strong>ipse</strong></span> <span class='ocrx_word' id='word_1_194' title='bbox 2440 1738 2616 1807; x_wconf 89' lang='lat' dir='ltr'><strong>inquit</strong></span> <span class='ocrx_word' id='word_1_195' title='bbox 2653 1751 2668 1790; x_wconf 93' lang='lat'><strong>:</strong></span> <span class='ocrx_word' id='word_1_196' title='bbox 2714 1753 2733 1787; x_wconf 82' lang='grc' dir='ltr'><strong>ι</strong></span> <span class='ocrx_word' id='word_1_197' title='bbox 2760 1735 2910 1790; x_wconf 88' lang='lat' dir='ltr'><strong>Sicut</strong></span> <span class='ocrx_word' id='word_1_198' title='bbox 2960 1736 3103 1789; x_wconf 86' lang='lat' dir='ltr'><strong>enim</strong></span> <span class='ocrx_word' id='word_1_199' title='bbox 3148 1735 3310 1788; x_wconf 86' lang='lat' dir='ltr'><strong>Pater</strong></span> <span class='ocrx_word' id='word_1_200' title='bbox 3349 1735 3509 1788; x_wconf 80' lang='lat' dir='ltr'><strong>habet</strong></span> 
     </span>
    </p>
   </div>
   <div class='ocr_carea' id='block_1_31' title="bbox 260 1827 1302 1899">
    <p class='ocr_par' dir='ltr' id='par_1_31' title="bbox 260 1827 1302 1899">
     <span class='ocr_line' id='line_1_31' title="bbox 260 1827 1302 1899; baseline -0.008 -16"><span class='ocrx_word' id='word_1_201' title='bbox 260 1830 366 1899; x_wconf 74' lang='grc' dir='ltr'><strong>Υῐῷ</strong></span> <span class='ocrx_word' id='word_1_202' title='bbox 390 1829 597 1883; x_wconf 79' lang='grc' dir='ltr'>δέδωκε</span> <span class='ocrx_word' id='word_1_203' title='bbox 625 1829 767 1899; x_wconf 79' lang='grc' dir='ltr'>ζωὴν</span> <span class='ocrx_word' id='word_1_204' title='bbox 794 1827 879 1897; x_wconf 74' lang='grc' dir='ltr'>ἔχε</span> <span class='ocrx_word' id='word_1_205' title='bbox 890 1845 934 1880; x_wconf 88' lang='grc' dir='ltr'><strong>ιν</strong></span> <span class='ocrx_word' id='word_1_206' title='bbox 955 1830 1011 1880; x_wconf 79' lang='grc' dir='ltr'>ὲν</span> <span class='ocrx_word' id='word_1_207' title='bbox 1034 1827 1207 1881; x_wconf 77' lang='grc' dir='ltr'><strong>ἐαυτῶ</strong></span> <span class='ocrx_word' id='word_1_208' title='bbox 1236 1846 1250 1894; x_wconf 89' lang='grc'><strong>;</strong></span> <span class='ocrx_word' id='word_1_209' title='bbox 1288 1847 1302 1875; x_wconf 78' lang='grc' dir='ltr'><strong>ι</strong></span> 
     </span>
    </p>
   </div>
   <div class='ocr_carea' id='block_1_32' title="bbox 750 2025 1343 2094">
    <p class='ocr_par' dir='ltr' id='par_1_32' title="bbox 750 2025 1343 2094">
     <span class='ocr_line' id='line_1_32' title="bbox 750 2025 1343 2094; baseline 0.002 -16"><span class='ocrx_word' id='word_1_210' title='bbox 750 2026 905 2094; x_wconf 80' lang='grc' dir='ltr'><strong>Πρὸς</strong></span> <span class='ocrx_word' id='word_1_211' title='bbox 938 2025 1110 2079; x_wconf 85' lang='grc' dir='ltr'>τοῦτο</span> <span class='ocrx_word' id='word_1_212' title='bbox 1146 2027 1343 2091; x_wconf 75' lang='grc' dir='ltr'><strong>λύσις.</strong></span> 
     </span>
    </p>
   </div>
   <div class='ocr_carea' id='block_1_33' title="bbox 322 2134 1835 2210">
    <p class='ocr_par' dir='ltr' id='par_1_33' title="bbox 322 2134 1835 2210">
     <span class='ocr_line' id='line_1_33' title="bbox 322 2134 1835 2210; baseline -0.001 -16"><span class='ocrx_word' id='word_1_213' title='bbox 322 2141 515 2205; x_wconf 70' lang='grc' dir='ltr'>Οὐδὲν,</span> <span class='ocrx_word' id='word_1_214' title='bbox 546 2134 592 2192; x_wconf 82' lang='grc' dir='ltr'><strong>ὦ</strong></span> <span class='ocrx_word' id='word_1_215' title='bbox 632 2139 916 2209; x_wconf 84' lang='grc' dir='ltr'>βέλτιστοι,</span> <span class='ocrx_word' id='word_1_216' title='bbox 956 2142 1054 2210; x_wconf 79' lang='grc' dir='ltr'><strong>τὴν</strong></span> <span class='ocrx_word' id='word_1_217' title='bbox 1104 2139 1289 2191; x_wconf 77' lang='grc' dir='ltr'>οὐσίαν</span> <span class='ocrx_word' id='word_1_218' title='bbox 1320 2139 1565 2207; x_wconf 77' lang='grc' dir='ltr'><strong>ἀδικήσει</strong></span> <span class='ocrx_word' id='word_1_219' title='bbox 1597 2139 1688 2192; x_wconf 83' lang='grc' dir='ltr'>τοῦ</span> <span class='ocrx_word' id='word_1_220' title='bbox 1733 2142 1835 2193; x_wconf 79' lang='grc' dir='ltr'><strong>Λό-</strong></span> 
     </span>
    </p>
   </div>
   <div class='ocr_carea' id='block_1_34' title="bbox 259 2228 1831 2301">
    <p class='ocr_par' dir='ltr' id='par_1_34' title="bbox 259 2228 1831 2301">
     <span class='ocr_line' id='line_1_34' title="bbox 259 2228 1831 2301; baseline 0.001 -19"><span class='ocrx_word' id='word_1_221' title='bbox 259 2247 367 2294; x_wconf 86' lang='grc' dir='ltr'>γου,</span> <span class='ocrx_word' id='word_1_222' title='bbox 398 2231 468 2282; x_wconf 74' lang='grc' dir='ltr'>τὸ</span> <span class='ocrx_word' id='word_1_223' title='bbox 488 2229 737 2298; x_wconf 77' lang='grc' dir='ltr'>δέχεσθαί</span> <span class='ocrx_word' id='word_1_224' title='bbox 766 2246 816 2281; x_wconf 91' lang='grc' dir='ltr'><strong>τι</strong></span> <span class='ocrx_word' id='word_1_225' title='bbox 848 2229 997 2296; x_wconf 73' lang='grc' dir='ltr'>παρὰ</span> <span class='ocrx_word' id='word_1_226' title='bbox 1022 2228 1116 2281; x_wconf 79' lang='grc' dir='ltr'>τοῦ</span> <span class='ocrx_word' id='word_1_227' title='bbox 1162 2231 1392 2300; x_wconf 77' lang='grc' dir='ltr'>Πατρός.</span> <span class='ocrx_word' id='word_1_228' title='bbox 1421 2230 1495 2282; x_wconf 84' lang='grc' dir='ltr'><strong>Οὐ</strong></span> <span class='ocrx_word' id='word_1_229' title='bbox 1533 2231 1642 2301; x_wconf 83' lang='grc' dir='ltr'><strong>γὰρ</strong></span> <span class='ocrx_word' id='word_1_230' title='bbox 1670 2232 1726 2284; x_wconf 80' lang='grc' dir='ltr'>ἐν</span> <span class='ocrx_word' id='word_1_231' title='bbox 1754 2231 1831 2301; x_wconf 80' lang='grc' dir='ltr'><strong>τῷ</strong></span> 
     </span>
    </p>
   </div>
   <div class='ocr_carea' id='block_1_35' title="bbox 259 2315 1834 2392">
    <p class='ocr_par' dir='ltr' id='par_1_35' title="bbox 259 2315 1834 2392">
     <span class='ocr_line' id='line_1_35' title="bbox 259 2315 1834 2392; baseline 0.001 -19"><span class='ocrx_word' id='word_1_232' title='bbox 259 2321 510 2391; x_wconf 77' lang='grc' dir='ltr'>δέχεσθαι</span> <span class='ocrx_word' id='word_1_233' title='bbox 534 2320 596 2372; x_wconf 82' lang='grc' dir='ltr'>τὸ</span> <span class='ocrx_word' id='word_1_234' title='bbox 616 2315 755 2372; x_wconf 75' lang='grc' dir='ltr'>εἶναι</span> <span class='ocrx_word' id='word_1_235' title='bbox 783 2319 917 2388; x_wconf 77' lang='grc' dir='ltr'>ἔχει,</span> <span class='ocrx_word' id='word_1_236' title='bbox 951 2319 1086 2372; x_wconf 76' lang='grc' dir='ltr'>ἀλλὰ</span> <span class='ocrx_word' id='word_1_237' title='bbox 1119 2320 1194 2372; x_wconf 80' lang='grc' dir='ltr'>ὢν</span> <span class='ocrx_word' id='word_1_238' title='bbox 1225 2322 1318 2374; x_wconf 73' lang='grc' dir='ltr'><strong>καὶ</strong></span> <span class='ocrx_word' id='word_1_239' title='bbox 1349 2321 1608 2391; x_wconf 83' lang='grc' dir='ltr'><strong>ὑπάρχων</strong></span> <span class='ocrx_word' id='word_1_240' title='bbox 1645 2323 1834 2392; x_wconf 87' lang='grc' dir='ltr'>πρότε-</span> 
     </span>
    </p>
   </div>
   <div class='ocr_carea' id='block_1_36' title="bbox 262 2410 1832 2482">
    <p class='ocr_par' dir='ltr' id='par_1_36' title="bbox 262 2410 1832 2482">
     <span class='ocr_line' id='line_1_36' title="bbox 262 2410 1832 2482; baseline 0.002 -19"><span class='ocrx_word' id='word_1_241' title='bbox 262 2430 362 2482; x_wconf 89' lang='grc' dir='ltr'>ρον,</span> <span class='ocrx_word' id='word_1_242' title='bbox 396 2411 625 2480; x_wconf 83' lang='grc' dir='ltr'>δέχεταί</span> <span class='ocrx_word' id='word_1_243' title='bbox 657 2428 729 2464; x_wconf 87' lang='grc' dir='ltr'><strong>τι.</strong></span> <span class='ocrx_word' id='word_1_244' title='bbox 781 2412 891 2464; x_wconf 74' lang='grc' dir='ltr'><strong>Καὶ</strong></span> <span class='ocrx_word' id='word_1_245' title='bbox 924 2410 1057 2463; x_wconf 84' lang='grc' dir='ltr'>καθὸ</span> <span class='ocrx_word' id='word_1_246' title='bbox 1097 2413 1161 2464; x_wconf 77' lang='grc' dir='ltr'>ὲκ</span> <span class='ocrx_word' id='word_1_247' title='bbox 1212 2412 1425 2481; x_wconf 83' lang='grc' dir='ltr'>Πατρὸς</span> <span class='ocrx_word' id='word_1_248' title='bbox 1460 2414 1703 2480; x_wconf 81' lang='grc' dir='ltr'><strong>φυσικῶς</strong></span> <span class='ocrx_word' id='word_1_249' title='bbox 1739 2430 1832 2481; x_wconf 86' lang='grc' dir='ltr'><strong>γε-</strong></span> 
     </span>
    </p>
   </div>
   <div class='ocr_carea' id='block_1_37' title="bbox 258 2501 1827 2573">
    <p class='ocr_par' dir='ltr' id='par_1_37' title="bbox 258 2501 1827 2573">
     <span class='ocr_line' id='line_1_37' title="bbox 258 2501 1827 2573; baseline 0.003 -19"><span class='ocrx_word' id='word_1_250' title='bbox 258 2502 606 2572; x_wconf 77' lang='grc' dir='ltr'>γεννημένος,</span> <span class='ocrx_word' id='word_1_251' title='bbox 660 2501 922 2569; x_wconf 75' lang='grc' dir='ltr'><strong>ἐπάγεται</strong></span> <span class='ocrx_word' id='word_1_252' title='bbox 971 2502 1149 2555; x_wconf 86' lang='grc' dir='ltr'>πάντα</span> <span class='ocrx_word' id='word_1_253' title='bbox 1203 2502 1272 2555; x_wconf 73' lang='grc' dir='ltr'>τὰ</span> <span class='ocrx_word' id='word_1_254' title='bbox 1322 2504 1427 2556; x_wconf 80' lang='grc' dir='ltr'>ἴδια</span> <span class='ocrx_word' id='word_1_255' title='bbox 1474 2503 1565 2556; x_wconf 81' lang='grc' dir='ltr'>τοῦ</span> <span class='ocrx_word' id='word_1_256' title='bbox 1598 2506 1827 2573; x_wconf 86' lang='grc' dir='ltr'>Πατρός.</span> 
     </span>
    </p>
   </div>
   <div class='ocr_carea' id='block_1_38' title="bbox 261 2591 1831 2663">
    <p class='ocr_par' dir='ltr' id='par_1_38' title="bbox 261 2591 1831 2663">
     <span class='ocr_line' id='line_1_38' title="bbox 261 2591 1831 2663; baseline 0.001 -18"><span class='ocrx_word' id='word_1_257' title='bbox 261 2593 469 2663; x_wconf 82' lang='grc' dir='ltr'>Ὥσπερ</span> <span class='ocrx_word' id='word_1_258' title='bbox 498 2592 566 2645; x_wconf 78' lang='grc' dir='ltr'>ἂν</span> <span class='ocrx_word' id='word_1_259' title='bbox 594 2594 642 2645; x_wconf 77' lang='grc' dir='ltr'>εἰ</span> <span class='ocrx_word' id='word_1_260' title='bbox 666 2592 759 2645; x_wconf 72' lang='grc' dir='ltr'>καὶ</span> <span class='ocrx_word' id='word_1_261' title='bbox 790 2592 850 2644; x_wconf 83' lang='grc' dir='ltr'><strong>τὸ</strong></span> <span class='ocrx_word' id='word_1_262' title='bbox 884 2591 995 2660; x_wconf 82' lang='grc' dir='ltr'><strong>φῶς</strong></span> <span class='ocrx_word' id='word_1_263' title='bbox 1020 2593 1078 2657; x_wconf 79' lang='grc' dir='ltr'>ἐξ</span> <span class='ocrx_word' id='word_1_264' title='bbox 1105 2593 1253 2661; x_wconf 76' lang='grc' dir='ltr'>ἡλίου</span> <span class='ocrx_word' id='word_1_265' title='bbox 1282 2594 1559 2663; x_wconf 73' lang='grc' dir='ltr'><strong>προελθὸν,</strong></span> <span class='ocrx_word' id='word_1_266' title='bbox 1586 2593 1831 2662; x_wconf 81' lang='grc' dir='ltr'>δέχεσθαι</span> 
     </span>
    </p>
   </div>
   <div class='ocr_carea' id='block_1_39' title="bbox 258 2683 1831 2755">
    <p class='ocr_par' dir='ltr' id='par_1_39' title="bbox 258 2683 1831 2755">
     <span class='ocr_line' id='line_1_39' title="bbox 258 2683 1831 2755; baseline 0.001 -20"><span class='ocrx_word' id='word_1_267' title='bbox 258 2700 304 2736; x_wconf 84' lang='grc' dir='ltr'><strong>τι</strong></span> <span class='ocrx_word' id='word_1_268' title='bbox 331 2684 549 2752; x_wconf 78' lang='grc' dir='ltr'><strong>λέγοιτο</strong></span> <span class='ocrx_word' id='word_1_269' title='bbox 606 2684 734 2754; x_wconf 81' lang='grc' dir='ltr'>παρ’</span> <span class='ocrx_word' id='word_1_270' title='bbox 768 2683 956 2750; x_wconf 82' lang='grc' dir='ltr'>αὑτοῦ,</span> <span class='ocrx_word' id='word_1_271' title='bbox 996 2684 1294 2755; x_wconf 74' lang='grc' dir='ltr'>ἐπειδήπερ</span> <span class='ocrx_word' id='word_1_272' title='bbox 1328 2687 1435 2737; x_wconf 79' lang='grc' dir='ltr'>πᾶν</span> <span class='ocrx_word' id='word_1_273' title='bbox 1488 2686 1625 2752; x_wconf 82' lang='grc' dir='ltr'>ὅπερ</span> <span class='ocrx_word' id='word_1_274' title='bbox 1686 2684 1831 2737; x_wconf 74' lang='grc' dir='ltr'>ἐστὶν</span> 
     </span>
    </p>
   </div>
   <div class='ocr_carea' id='block_1_40' title="bbox 257 2774 1830 2846">
    <p class='ocr_par' dir='ltr' id='par_1_40' title="bbox 257 2774 1830 2846">
     <span class='ocr_line' id='line_1_40' title="bbox 257 2774 1830 2846; baseline 0.001 -21"><span class='ocrx_word' id='word_1_275' title='bbox 257 2776 312 2826; x_wconf 75' lang='grc' dir='ltr'>ὲν</span> <span class='ocrx_word' id='word_1_276' title='bbox 336 2778 513 2846; x_wconf 75' lang='grc' dir='ltr'>αὐτῷ,</span> <span class='ocrx_word' id='word_1_277' title='bbox 548 2774 708 2828; x_wconf 77' lang='grc' dir='ltr'>τοῦτο</span> <span class='ocrx_word' id='word_1_278' title='bbox 739 2774 987 2843; x_wconf 74' lang='grc' dir='ltr'>φαίνεται</span> <span class='ocrx_word' id='word_1_279' title='bbox 1030 2775 1123 2827; x_wconf 78' lang='grc' dir='ltr'>τοῦ</span> <span class='ocrx_word' id='word_1_280' title='bbox 1154 2776 1405 2839; x_wconf 79' lang='grc' dir='ltr'><strong>τεκόντος</strong></span> <span class='ocrx_word' id='word_1_281' title='bbox 1441 2775 1618 2845; x_wconf 78' lang='grc' dir='ltr'>ἡλίου,</span> <span class='ocrx_word' id='word_1_282' title='bbox 1648 2776 1740 2828; x_wconf 59' lang='grc' dir='ltr'><strong>κα)⁴</strong></span> <span class='ocrx_word' id='word_1_283' title='bbox 1769 2774 1830 2827; x_wconf 79' lang='grc' dir='ltr'><strong>οὐ</strong></span> 
     </span>
    </p>
   </div>
   <div class='ocr_carea' id='block_1_41' title="bbox 258 2863 1831 2937">
    <p class='ocr_par' dir='ltr' id='par_1_41' title="bbox 258 2863 1831 2937">
     <span class='ocr_line' id='line_1_41' title="bbox 258 2863 1831 2937; baseline 0.002 -20"><span class='ocrx_word' id='word_1_284' title='bbox 258 2866 444 2935; x_wconf 77' lang='grc' dir='ltr'>δήπου</span> <span class='ocrx_word' id='word_1_285' title='bbox 475 2866 566 2920; x_wconf 67' lang='grc' dir='ltr'>τὸν</span> <span class='ocrx_word' id='word_1_286' title='bbox 597 2867 746 2937; x_wconf 73' lang='grc' dir='ltr'>ἥλιον</span> <span class='ocrx_word' id='word_1_287' title='bbox 779 2867 884 2936; x_wconf 80' lang='grc' dir='ltr'><strong>πρὸ</strong></span> <span class='ocrx_word' id='word_1_288' title='bbox 922 2866 1016 2919; x_wconf 80' lang='grc' dir='ltr'>τοῦ</span> <span class='ocrx_word' id='word_1_289' title='bbox 1057 2867 1488 2937; x_wconf 84' lang='grc' dir='ltr'>ἀπαυγάσματος</span> <span class='ocrx_word' id='word_1_290' title='bbox 1524 2863 1660 2921; x_wconf 73' lang='grc' dir='ltr'>εἶναι</span> <span class='ocrx_word' id='word_1_291' title='bbox 1701 2884 1831 2920; x_wconf 87' lang='grc' dir='ltr'>κατ-</span> 
     </span>
    </p>
   </div>
   <div class='ocr_carea' id='block_1_42' title="bbox 160 2957 1828 3029">
    <p class='ocr_par' dir='ltr' id='par_1_42' title="bbox 160 2957 1828 3029">
     <span class='ocr_line' id='line_1_42' title="bbox 160 2957 1828 3029; baseline -0.001 -18"><span class='ocrx_word' id='word_1_292' title='bbox 160 2988 165 2989; x_wconf 53' lang='grc' dir='ltr'><strong>ν</strong></span> <span class='ocrx_word' id='word_1_293' title='bbox 260 2959 659 3029; x_wconf 79' lang='grc' dir='ltr'>αναγκάσει,τδ</span> <span class='ocrx_word' id='word_1_294' title='bbox 688 2960 786 3029; x_wconf 75' lang='grc' dir='ltr'>τὴν</span> <span class='ocrx_word' id='word_1_295' title='bbox 805 2958 864 3022; x_wconf 69' lang='grc' dir='ltr'><strong>ἐξ</strong></span> <span class='ocrx_word' id='word_1_296' title='bbox 889 2959 1050 3012; x_wconf 78' lang='grc' dir='ltr'>αὑτοῦ</span> <span class='ocrx_word' id='word_1_297' title='bbox 1084 2957 1377 3029; x_wconf 82' lang='grc' dir='ltr'>προϊοῦσαν</span> <span class='ocrx_word' id='word_1_298' title='bbox 1409 2958 1677 3029; x_wconf 71' lang='grc' dir='ltr'>ἔκλαμψιν</span> <span class='ocrx_word' id='word_1_299' title='bbox 1693 2960 1828 3027; x_wconf 79' lang='grc' dir='ltr'>ἀμε-</span> 
     </span>
    </p>
   </div>
   <div class='ocr_carea' id='block_1_43' title="bbox 1938 1824 3505 1899">
    <p class='ocr_par' dir='ltr' id='par_1_43' title="bbox 1938 1824 3505 1899">
     <span class='ocr_line' id='line_1_43' title="bbox 1938 1824 3505 1899; baseline -0.004 -17"><span class='ocrx_word' id='word_1_300' title='bbox 1938 1831 2100 1883; x_wconf 75' lang='lat' dir='ltr'><strong>vitam</strong></span> <span class='ocrx_word' id='word_1_301' title='bbox 2124 1830 2175 1882; x_wconf 93' lang='lat' dir='ltr'><strong>in</strong></span> <span class='ocrx_word' id='word_1_302' title='bbox 2202 1830 2399 1899; x_wconf 89' lang='lat' dir='ltr'><strong>seipso,</strong></span> <span class='ocrx_word' id='word_1_303' title='bbox 2435 1829 2506 1883; x_wconf 87' lang='lat' dir='ltr'><strong>ita</strong></span> <span class='ocrx_word' id='word_1_304' title='bbox 2547 1838 2601 1882; x_wconf 92' lang='lat' dir='ltr'><strong>et</strong></span> <span class='ocrx_word' id='word_1_305' title='bbox 2632 1826 2769 1880; x_wconf 85' lang='lat' dir='ltr'><strong>Filio</strong></span> <span class='ocrx_word' id='word_1_306' title='bbox 2798 1827 2947 1881; x_wconf 84' lang='lat' dir='ltr'><strong>dedit</strong></span> <span class='ocrx_word' id='word_1_307' title='bbox 2992 1827 3192 1881; x_wconf 85' lang='lat' dir='ltr'><strong>habere</strong></span> <span class='ocrx_word' id='word_1_308' title='bbox 3240 1824 3406 1879; x_wconf 85' lang='lat' dir='ltr'><strong>vitam</strong></span> <span class='ocrx_word' id='word_1_309' title='bbox 3452 1825 3505 1878; x_wconf 93' lang='lat' dir='ltr'><strong>in</strong></span> 
     </span>
    </p>
   </div>
   <div class='ocr_carea' id='block_1_44' title="bbox 1936 1921 2188 1991">
    <p class='ocr_par' dir='ltr' id='par_1_44' title="bbox 1936 1921 2188 1991">
     <span class='ocr_line' id='line_1_44' title="bbox 1936 1921 2188 1991; baseline -0.012 -17"><span class='ocrx_word' id='word_1_310' title='bbox 1936 1921 2143 1991; x_wconf 82' lang='lat' dir='ltr'><strong>seipse?</strong></span> <span class='ocrx_word' id='word_1_311' title='bbox 2171 1941 2188 1971; x_wconf 78' lang='grc' dir='ltr'><strong>ι</strong></span> 
     </span>
    </p>
   </div>
   <div class='ocr_carea' id='block_1_45' title="bbox 2457 2031 3010 2098">
    <p class='ocr_par' dir='ltr' id='par_1_45' title="bbox 2457 2031 3010 2098">
     <span class='ocr_line' id='line_1_45' title="bbox 2457 2031 3010 2098; baseline -0.011 -10"><span class='ocrx_word' id='word_1_312' title='bbox 2457 2031 2665 2088; x_wconf 87' lang='lat' dir='ltr'><strong>Salutio</strong></span> <span class='ocrx_word' id='word_1_313' title='bbox 2685 2031 3010 2098; x_wconf 82' lang='lat' dir='ltr'><strong>objectionis.</strong></span> 
     </span>
    </p>
   </div>
   <div class='ocr_carea' id='block_1_46' title="bbox 2005 2142 3503 2216">
    <p class='ocr_par' dir='ltr' id='par_1_46' title="bbox 2005 2142 3503 2216">
     <span class='ocr_line' id='line_1_46' title="bbox 2005 2142 3503 2216; baseline -0.003 -13"><span class='ocrx_word' id='word_1_314' title='bbox 2005 2148 2170 2216; x_wconf 84' lang='lat' dir='ltr'><strong>Nihil,</strong></span> <span class='ocrx_word' id='word_1_315' title='bbox 2199 2163 2231 2202; x_wconf 90' lang='lat'><strong>0</strong></span> <span class='ocrx_word' id='word_1_316' title='bbox 2254 2147 2378 2202; x_wconf 89' lang='lat' dir='ltr'><strong>boni</strong></span> <span class='ocrx_word' id='word_1_317' title='bbox 2415 2145 2537 2207; x_wconf 81' lang='lat' dir='ltr'><strong>viri,</strong></span> <span class='ocrx_word' id='word_1_318' title='bbox 2557 2144 2701 2197; x_wconf 62' lang='lat' dir='ltr'><strong>laedit</strong></span> <span class='ocrx_word' id='word_1_319' title='bbox 2721 2144 3013 2197; x_wconf 85' lang='lat' dir='ltr'><strong>essentiam</strong></span> <span class='ocrx_word' id='word_1_320' title='bbox 3040 2142 3219 2207; x_wconf 86' lang='lat' dir='ltr'><strong>Verbi,</strong></span> <span class='ocrx_word' id='word_1_321' title='bbox 3242 2143 3444 2212; x_wconf 88' lang='lat' dir='ltr'><strong>aliquid</strong></span> <span class='ocrx_word' id='word_1_322' title='bbox 3474 2162 3503 2198; x_wconf 71' lang='grc' dir='ltr'><strong>ει</strong></span> 
     </span>
    </p>
   </div>
   <div class='ocr_carea' id='block_1_47' title="bbox 1936 2234 3502 2307">
    <p class='ocr_par' dir='ltr' id='par_1_47' title="bbox 1936 2234 3502 2307">
     <span class='ocr_line' id='line_1_47' title="bbox 1936 2234 3502 2307; baseline -0.004 -14"><span class='ocrx_word' id='word_1_323' title='bbox 1936 2240 2095 2293; x_wconf 86' lang='lat' dir='ltr'><strong>Patre</strong></span> <span class='ocrx_word' id='word_1_324' title='bbox 2125 2235 2578 2307; x_wconf 83' lang='lat' dir='ltr'><strong>accipere.Neque</strong></span> <span class='ocrx_word' id='word_1_325' title='bbox 2605 2235 2746 2287; x_wconf 89' lang='lat' dir='ltr'><strong>enim</strong></span> <span class='ocrx_word' id='word_1_326' title='bbox 2781 2234 2831 2285; x_wconf 91' lang='lat' dir='ltr'><strong>in</strong></span> <span class='ocrx_word' id='word_1_327' title='bbox 2863 2234 3181 2302; x_wconf 84' lang='lat' dir='ltr'><strong>accipiendo</strong></span> <span class='ocrx_word' id='word_1_328' title='bbox 3205 2250 3325 2289; x_wconf 86' lang='lat' dir='ltr'><strong>esse</strong></span> <span class='ocrx_word' id='word_1_329' title='bbox 3347 2252 3502 2289; x_wconf 89' lang='lat' dir='ltr'><strong>suum</strong></span> 
     </span>
    </p>
   </div>
   <div class='ocr_carea' id='block_1_48' title="bbox 1935 2324 3503 2394">
    <p class='ocr_par' dir='ltr' id='par_1_48' title="bbox 1935 2324 3503 2394">
     <span class='ocr_line' id='line_1_48' title="bbox 1935 2324 3503 2394; baseline -0.004 -11"><span class='ocrx_word' id='word_1_330' title='bbox 1935 2330 2119 2391; x_wconf 83' lang='lat' dir='ltr'><strong>habet,</strong></span> <span class='ocrx_word' id='word_1_331' title='bbox 2153 2327 2243 2381; x_wconf 87' lang='lat' dir='ltr'><strong>sed</strong></span> <span class='ocrx_word' id='word_1_332' title='bbox 2272 2341 2393 2380; x_wconf 87' lang='lat' dir='ltr'><strong>cum</strong></span> <span class='ocrx_word' id='word_1_333' title='bbox 2427 2325 2577 2394; x_wconf 85' lang='lat' dir='ltr'><strong>prius</strong></span> <span class='ocrx_word' id='word_1_334' title='bbox 2599 2332 2742 2377; x_wconf 84' lang='lat' dir='ltr'><strong>esset</strong></span> <span class='ocrx_word' id='word_1_335' title='bbox 2782 2333 2941 2390; x_wconf 88' lang='lat' dir='ltr'><strong>atque</strong></span> <span class='ocrx_word' id='word_1_336' title='bbox 2971 2324 3503 2389; x_wconf 79' lang='lat' dir='ltr'><strong>subsisteret,susci-</strong></span> 
     </span>
    </p>
   </div>
   <div class='ocr_carea' id='block_1_49' title="bbox 1935 2412 3502 2491">
    <p class='ocr_par' dir='ltr' id='par_1_49' title="bbox 1935 2412 3502 2491">
     <span class='ocr_line' id='line_1_49' title="bbox 1935 2412 3502 2491; baseline -0.006 -17"><span class='ocrx_word' id='word_1_337' title='bbox 1935 2422 2011 2491; x_wconf 90' lang='lat' dir='ltr'><strong>pit</strong></span> <span class='ocrx_word' id='word_1_338' title='bbox 2039 2419 2260 2488; x_wconf 88' lang='lat' dir='ltr'><strong>aliquid.</strong></span> <span class='ocrx_word' id='word_1_339' title='bbox 2296 2418 2470 2486; x_wconf 77' lang='lat' dir='ltr'><strong>Atque</strong></span> <span class='ocrx_word' id='word_1_340' title='bbox 2494 2430 2556 2470; x_wconf 87' lang='lat' dir='ltr'><strong>ea</strong></span> <span class='ocrx_word' id='word_1_341' title='bbox 2587 2415 2699 2483; x_wconf 86' lang='lat' dir='ltr'><strong>ipsa</strong></span> <span class='ocrx_word' id='word_1_342' title='bbox 2740 2415 2945 2466; x_wconf 86' lang='lat' dir='ltr'><strong>ratione</strong></span> <span class='ocrx_word' id='word_1_343' title='bbox 2978 2428 3081 2480; x_wconf 84' lang='lat' dir='ltr'><strong>qua</strong></span> <span class='ocrx_word' id='word_1_344' title='bbox 3112 2429 3178 2466; x_wconf 84' lang='lat' dir='ltr'><strong>ex</strong></span> <span class='ocrx_word' id='word_1_345' title='bbox 3222 2412 3383 2467; x_wconf 87' lang='lat' dir='ltr'><strong>Patre</strong></span> <span class='ocrx_word' id='word_1_346' title='bbox 3408 2431 3502 2466; x_wconf 84' lang='lat' dir='ltr'><strong>na-</strong></span> 
     </span>
    </p>
   </div>
   <div class='ocr_carea' id='block_1_50' title="bbox 1937 2504 3501 2577">
    <p class='ocr_par' dir='ltr' id='par_1_50' title="bbox 1937 2504 3501 2577">
     <span class='ocr_line' id='line_1_50' title="bbox 1937 2504 3501 2577; baseline -0.004 -13"><span class='ocrx_word' id='word_1_347' title='bbox 1937 2511 2184 2564; x_wconf 82' lang='lat' dir='ltr'><strong>turaliter</strong></span> <span class='ocrx_word' id='word_1_348' title='bbox 2214 2508 2427 2577; x_wconf 85' lang='lat' dir='ltr'><strong>genitus</strong></span> <span class='ocrx_word' id='word_1_349' title='bbox 2459 2515 2563 2572; x_wconf 88' lang='lat' dir='ltr'><strong>est,</strong></span> <span class='ocrx_word' id='word_1_350' title='bbox 2590 2505 2748 2559; x_wconf 86' lang='lat' dir='ltr'><strong>simul</strong></span> <span class='ocrx_word' id='word_1_351' title='bbox 2787 2505 2949 2558; x_wconf 88' lang='lat' dir='ltr'><strong>etiam</strong></span> <span class='ocrx_word' id='word_1_352' title='bbox 2982 2505 3142 2558; x_wconf 81' lang='lat' dir='ltr'><strong>habet</strong></span> <span class='ocrx_word' id='word_1_353' title='bbox 3162 2504 3346 2557; x_wconf 81' lang='lat' dir='ltr'><strong>omnia</strong></span> <span class='ocrx_word' id='word_1_354' title='bbox 3379 2519 3501 2572; x_wconf 82' lang='lat' dir='ltr'><strong>qua:</strong></span> 
     </span>
    </p>
   </div>
   <div class='ocr_carea' id='block_1_51' title="bbox 1934 2594 3589 2669">
    <p class='ocr_par' dir='ltr' id='par_1_51' title="bbox 1934 2594 3589 2669">
     <span class='ocr_line' id='line_1_51' title="bbox 1934 2594 3589 2669; baseline -0.006 -14"><span class='ocrx_word' id='word_1_355' title='bbox 1934 2601 2078 2655; x_wconf 83' lang='lat' dir='ltr'><strong>Patri</strong></span> <span class='ocrx_word' id='word_1_356' title='bbox 2120 2600 2332 2669; x_wconf 87' lang='lat' dir='ltr'><strong>propria</strong></span> <span class='ocrx_word' id='word_1_357' title='bbox 2365 2607 2510 2652; x_wconf 89' lang='lat' dir='ltr'><strong>sunt.</strong></span> <span class='ocrx_word' id='word_1_358' title='bbox 2547 2596 3011 2663; x_wconf 81' lang='lat' dir='ltr'><strong>Quemadmodum</strong></span> <span class='ocrx_word' id='word_1_359' title='bbox 3071 2596 3282 2648; x_wconf 82' lang='lat' dir='ltr'><strong>tametsi</strong></span> <span class='ocrx_word' id='word_1_360' title='bbox 3322 2594 3499 2647; x_wconf 90' lang='lat' dir='ltr'><strong>lumen</strong></span> <span class='ocrx_word' id='word_1_361' title='bbox 3588 2604 3589 2607; x_wconf 78' lang='lat'>‘</span> 
     </span>
    </p>
   </div>
   <div class='ocr_carea' id='block_1_52' title="bbox 1932 2685 3497 2760">
    <p class='ocr_par' dir='ltr' id='par_1_52' title="bbox 1932 2685 3497 2760">
     <span class='ocr_line' id='line_1_52' title="bbox 1932 2685 3497 2760; baseline -0.006 -13"><span class='ocrx_word' id='word_1_362' title='bbox 1932 2708 2000 2747; x_wconf 81' lang='lat' dir='ltr'><strong>ex</strong></span> <span class='ocrx_word' id='word_1_363' title='bbox 2028 2693 2139 2747; x_wconf 90' lang='lat' dir='ltr'><strong>sole</strong></span> <span class='ocrx_word' id='word_1_364' title='bbox 2182 2690 2483 2760; x_wconf 83' lang='lat' dir='ltr'><strong>procedens</strong></span> <span class='ocrx_word' id='word_1_365' title='bbox 2514 2689 2720 2757; x_wconf 88' lang='lat' dir='ltr'><strong>aliquid</strong></span> <span class='ocrx_word' id='word_1_366' title='bbox 2757 2686 2824 2738; x_wconf 87' lang='lat' dir='ltr'><strong>ab</strong></span> <span class='ocrx_word' id='word_1_367' title='bbox 2849 2687 2965 2754; x_wconf 86' lang='lat' dir='ltr'><strong>ipso</strong></span> <span class='ocrx_word' id='word_1_368' title='bbox 2997 2686 3243 2754; x_wconf 85' lang='lat' dir='ltr'><strong>accipere</strong></span> <span class='ocrx_word' id='word_1_369' title='bbox 3267 2685 3497 2744; x_wconf 87' lang='lat' dir='ltr'><strong>dicatur.</strong></span> 
     </span>
    </p>
   </div>
   <div class='ocr_carea' id='block_1_53' title="bbox 1933 2776 3503 2852">
    <p class='ocr_par' dir='ltr' id='par_1_53' title="bbox 1933 2776 3503 2852">
     <span class='ocr_line' id='line_1_53' title="bbox 1933 2776 3503 2852; baseline -0.007 -15"><span class='ocrx_word' id='word_1_370' title='bbox 1933 2783 2196 2852; x_wconf 86' lang='lat' dir='ltr'><strong>siquidem</strong></span> <span class='ocrx_word' id='word_1_371' title='bbox 2225 2779 2486 2850; x_wconf 88' lang='lat' dir='ltr'><strong>quidquid</strong></span> <span class='ocrx_word' id='word_1_372' title='bbox 2513 2779 2565 2831; x_wconf 92' lang='lat' dir='ltr'><strong>in</strong></span> <span class='ocrx_word' id='word_1_373' title='bbox 2602 2778 2718 2846; x_wconf 85' lang='lat' dir='ltr'><strong>ipso</strong></span> <span class='ocrx_word' id='word_1_374' title='bbox 2745 2786 2849 2839; x_wconf 92' lang='lat' dir='ltr'><strong>est,</strong></span> <span class='ocrx_word' id='word_1_375' title='bbox 2876 2776 3106 2843; x_wconf 89' lang='lat' dir='ltr'><strong>idipsum</strong></span> <span class='ocrx_word' id='word_1_376' title='bbox 3135 2782 3359 2843; x_wconf 85' lang='lat' dir='ltr'><strong>apparet</strong></span> <span class='ocrx_word' id='word_1_377' title='bbox 3380 2788 3503 2828; x_wconf 73' lang='lat' dir='ltr'><strong>eSse</strong></span> 
     </span>
    </p>
   </div>
   <div class='ocr_carea' id='block_1_54' title="bbox 1932 2868 3500 2946">
    <p class='ocr_par' dir='ltr' id='par_1_54' title="bbox 1932 2868 3500 2946">
     <span class='ocr_line' id='line_1_54' title="bbox 1932 2868 3500 2946; baseline -0.006 -18"><span class='ocrx_word' id='word_1_378' title='bbox 1932 2876 2201 2946; x_wconf 74' lang='lat' dir='ltr'><strong>gignentia</strong></span> <span class='ocrx_word' id='word_1_379' title='bbox 2236 2874 2387 2935; x_wconf 84' lang='lat' dir='ltr'><strong>solis,</strong></span> <span class='ocrx_word' id='word_1_380' title='bbox 2420 2885 2597 2940; x_wconf 87' lang='lat' dir='ltr'><strong>neque</strong></span> <span class='ocrx_word' id='word_1_381' title='bbox 2623 2878 2777 2937; x_wconf 83' lang='lat' dir='ltr'><strong>coget</strong></span> <span class='ocrx_word' id='word_1_382' title='bbox 2808 2880 2863 2920; x_wconf 90' lang='lat' dir='ltr'><strong>nt</strong></span> <span class='ocrx_word' id='word_1_383' title='bbox 2889 2868 3116 2921; x_wconf 87' lang='lat' dir='ltr'><strong>solante</strong></span> <span class='ocrx_word' id='word_1_384' title='bbox 3162 2868 3500 2933; x_wconf 82' lang='lat' dir='ltr'><strong>splendorem</strong></span> 
     </span>
    </p>
   </div>
   <div class='ocr_carea' id='block_1_55' title="bbox 1930 2960 3503 3033">
    <p class='ocr_par' dir='ltr' id='par_1_55' title="bbox 1930 2960 3503 3033">
     <span class='ocr_line' id='line_1_55' title="bbox 1930 2960 3503 3033; baseline -0.006 -12"><span class='ocrx_word' id='word_1_385' title='bbox 1930 2969 2177 3027; x_wconf 80' lang='lat' dir='ltr'><strong>exsistat.</strong></span> <span class='ocrx_word' id='word_1_386' title='bbox 2198 2968 2320 3033; x_wconf 86' lang='lat' dir='ltr'><strong>quia</strong></span> <span class='ocrx_word' id='word_1_387' title='bbox 2356 2965 2613 3032; x_wconf 85' lang='lat' dir='ltr'><strong>splendor</strong></span> <span class='ocrx_word' id='word_1_388' title='bbox 2634 2963 2724 3030; x_wconf 93' lang='lat' dir='ltr'><strong>qui</strong></span> <span class='ocrx_word' id='word_1_389' title='bbox 2758 2977 2820 3013; x_wconf 77' lang='lat' dir='ltr'><strong>ex</strong></span> <span class='ocrx_word' id='word_1_390' title='bbox 2848 2964 2961 3028; x_wconf 84' lang='lat' dir='ltr'><strong>ipso</strong></span> <span class='ocrx_word' id='word_1_391' title='bbox 2994 2960 3257 3027; x_wconf 84' lang='lat' dir='ltr'><strong>procedit,</strong></span> <span class='ocrx_word' id='word_1_392' title='bbox 3289 2960 3503 3027; x_wconf 85' lang='lat' dir='ltr'><strong>insepa--</strong></span> 
     </span>
    </p>
   </div>
   <div class='ocr_carea' id='block_1_56' title="bbox 262 3048 1831 3131">
    <p class='ocr_par' dir='ltr' id='par_1_56' title="bbox 262 3050 1826 3123">
     <span class='ocr_line' id='line_1_56' title="bbox 262 3050 1826 3123; baseline -0.002 -18"><span class='ocrx_word' id='word_1_393' title='bbox 262 3054 463 3122; x_wconf 80' lang='grc' dir='ltr'>ρίστως</span> <span class='ocrx_word' id='word_1_394' title='bbox 492 3052 680 3123; x_wconf 77' lang='grc' dir='ltr'>ὥσπερ</span> <span class='ocrx_word' id='word_1_395' title='bbox 708 3051 775 3117; x_wconf 73' lang='grc' dir='ltr'><strong>ἐξ</strong></span> <span class='ocrx_word' id='word_1_396' title='bbox 787 3051 949 3104; x_wconf 75' lang='grc' dir='ltr'>αὑτοῦ</span> <span class='ocrx_word' id='word_1_397' title='bbox 982 3050 1370 3122; x_wconf 80' lang='grc' dir='ltr'>προελθοῦσαν,</span> <span class='ocrx_word' id='word_1_398' title='bbox 1395 3053 1463 3104; x_wconf 85' lang='grc' dir='ltr'>τὰ</span> <span class='ocrx_word' id='word_1_399' title='bbox 1492 3051 1637 3121; x_wconf 81' lang='grc' dir='ltr'>αὐτῷ</span> <span class='ocrx_word' id='word_1_400' title='bbox 1661 3068 1826 3121; x_wconf 87' lang='grc' dir='ltr'>προσ-</span> 
     </span>
    </p>
   </div>
   <div class='ocr_carea' id='block_1_57' title="bbox 1935 3048 3502 3131">
    <p class='ocr_par' dir='ltr' id='par_1_57' title="bbox 1935 3048 3502 3128">
     <span class='ocr_line' id='line_1_57' title="bbox 1935 3048 3502 3128; baseline -0.01 -14"><span class='ocrx_word' id='word_1_401' title='bbox 1935 3061 2170 3114; x_wconf 85' lang='lat' dir='ltr'><strong>rahiliter</strong></span> <span class='ocrx_word' id='word_1_402' title='bbox 2213 3057 2370 3128; x_wconf 64' lang='grc'><strong>140</strong></span> <span class='ocrx_word' id='word_1_403' title='bbox 2391 3072 2453 3108; x_wconf 83' lang='lat' dir='ltr'><strong>ex</strong></span> <span class='ocrx_word' id='word_1_404' title='bbox 2486 3056 2601 3122; x_wconf 89' lang='lat' dir='ltr'><strong>ipso</strong></span> <span class='ocrx_word' id='word_1_405' title='bbox 2629 3053 2945 3121; x_wconf 81' lang='lat' dir='ltr'><strong>procedens.</strong></span> <span class='ocrx_word' id='word_1_406' title='bbox 2982 3065 3040 3102; x_wconf 86' lang='lat' dir='ltr'><strong>ea</strong></span> <span class='ocrx_word' id='word_1_407' title='bbox 3060 3064 3177 3116; x_wconf 81' lang='lat' dir='ltr'><strong>qua:</strong></span> <span class='ocrx_word' id='word_1_408' title='bbox 3198 3048 3296 3101; x_wconf 82' lang='lat' dir='ltr'><strong>soli</strong></span> <span class='ocrx_word' id='word_1_409' title='bbox 3321 3048 3502 3101; x_wconf 88' lang='lat' dir='ltr'><strong>insunt</strong></span> 
     </span>
    </p>
   </div>
   <div class='ocr_carea' id='block_1_58' title="bbox 256 3139 1829 3212">
    <p class='ocr_par' dir='ltr' id='par_1_58' title="bbox 256 3139 1829 3212">
     <span class='ocr_line' id='line_1_58' title="bbox 256 3139 1829 3212; baseline 0.001 -19"><span class='ocrx_word' id='word_1_410' title='bbox 256 3140 387 3195; x_wconf 76' lang='grc' dir='ltr'>ὄντα</span> <span class='ocrx_word' id='word_1_411' title='bbox 420 3143 607 3212; x_wconf 75' lang='grc' dir='ltr'>φορεῖν</span> <span class='ocrx_word' id='word_1_412' title='bbox 639 3139 907 3209; x_wconf 78' lang='grc' dir='ltr'><strong>φυσικῶς.</strong></span> <span class='ocrx_word' id='word_1_413' title='bbox 934 3139 1143 3193; x_wconf 72' lang='grc' dir='ltr'>Οὐκοῦν</span> <span class='ocrx_word' id='word_1_414' title='bbox 1170 3140 1230 3192; x_wconf 74' lang='grc' dir='ltr'><strong>οὐ</strong></span> <span class='ocrx_word' id='word_1_415' title='bbox 1259 3141 1318 3193; x_wconf 79' lang='grc' dir='ltr'>τὸ</span> <span class='ocrx_word' id='word_1_416' title='bbox 1366 3140 1551 3193; x_wconf 72' lang='grc' dir='ltr'>λαϐεῖν</span> <span class='ocrx_word' id='word_1_417' title='bbox 1603 3159 1653 3194; x_wconf 89' lang='grc' dir='ltr'><strong>τι</strong></span> <span class='ocrx_word' id='word_1_418' title='bbox 1678 3142 1829 3211; x_wconf 66' lang='grc' dir='ltr'>παρὰ</span> 
     </span>
    </p>
   </div>
   <div class='ocr_carea' id='block_1_59' title="bbox 257 3225 1835 3299">
    <p class='ocr_par' dir='ltr' id='par_1_59' title="bbox 257 3225 1835 3299">
     <span class='ocr_line' id='line_1_59' title="bbox 257 3225 1835 3299; baseline -0.001 -17"><span class='ocrx_word' id='word_1_419' title='bbox 257 3229 347 3282; x_wconf 76' lang='grc' dir='ltr'><strong>τοῦ</strong></span> <span class='ocrx_word' id='word_1_420' title='bbox 381 3229 597 3299; x_wconf 71' lang='grc' dir='ltr'>[ἰατρὸς</span> <span class='ocrx_word' id='word_1_421' title='bbox 644 3227 945 3296; x_wconf 82' lang='grc' dir='ltr'>ἀναγκάσει</span> <span class='ocrx_word' id='word_1_422' title='bbox 1001 3229 1221 3289; x_wconf 86' lang='grc' dir='ltr'>πάντως</span> <span class='ocrx_word' id='word_1_423' title='bbox 1276 3228 1524 3298; x_wconf 84' lang='grc' dir='ltr'>δεύτερον</span> <span class='ocrx_word' id='word_1_424' title='bbox 1576 3225 1710 3281; x_wconf 78' lang='grc' dir='ltr'>εἶναι</span> <span class='ocrx_word' id='word_1_425' title='bbox 1757 3229 1835 3298; x_wconf 84' lang='grc' dir='ltr'><strong>τῷ</strong></span> 
     </span>
    </p>
   </div>
   <div class='ocr_carea' id='block_1_60' title="bbox 259 3319 1829 3392">
    <p class='ocr_par' dir='ltr' id='par_1_60' title="bbox 259 3319 1829 3392">
     <span class='ocr_line' id='line_1_60' title="bbox 259 3319 1829 3392; baseline 0.003 -22"><span class='ocrx_word' id='word_1_426' title='bbox 259 3322 432 3392; x_wconf 77' lang='grc' dir='ltr'>χρόνῳ</span> <span class='ocrx_word' id='word_1_427' title='bbox 464 3322 556 3374; x_wconf 76' lang='grc' dir='ltr'>τὸν</span> <span class='ocrx_word' id='word_1_428' title='bbox 578 3321 725 3376; x_wconf 78' lang='grc' dir='ltr'>Υῑόν.</span> <span class='ocrx_word' id='word_1_429' title='bbox 761 3319 851 3391; x_wconf 81' lang='grc' dir='ltr'><strong>Τῷ</strong></span> <span class='ocrx_word' id='word_1_430' title='bbox 881 3320 989 3391; x_wconf 84' lang='grc' dir='ltr'><strong>γὰρ</strong></span> <span class='ocrx_word' id='word_1_431' title='bbox 1011 3321 1125 3374; x_wconf 73' lang='grc' dir='ltr'>ὄντι</span> <span class='ocrx_word' id='word_1_432' title='bbox 1155 3322 1247 3375; x_wconf 69' lang='grc' dir='ltr'>καὶ</span> <span class='ocrx_word' id='word_1_433' title='bbox 1268 3322 1538 3390; x_wconf 81' lang='grc' dir='ltr'>ὑφεστῶτι</span> <span class='ocrx_word' id='word_1_434' title='bbox 1566 3324 1725 3377; x_wconf 84' lang='grc' dir='ltr'>δώσει</span> <span class='ocrx_word' id='word_1_435' title='bbox 1757 3340 1829 3387; x_wconf 85' lang='grc' dir='ltr'><strong>τι,</strong></span> 
     </span>
    </p>
   </div>
   <div class='ocr_carea' id='block_1_61' title="bbox 256 3412 1349 3483">
    <p class='ocr_par' dir='ltr' id='par_1_61' title="bbox 256 3412 1349 3483">
     <span class='ocr_line' id='line_1_61' title="bbox 256 3412 1349 3483; baseline 0.003 -19"><span class='ocrx_word' id='word_1_436' title='bbox 256 3413 315 3464; x_wconf 78' lang='grc' dir='ltr'>οὑ</span> <span class='ocrx_word' id='word_1_437' title='bbox 343 3412 421 3483; x_wconf 82' lang='grc' dir='ltr'>τῷ</span> <span class='ocrx_word' id='word_1_438' title='bbox 465 3413 541 3483; x_wconf 80' lang='grc' dir='ltr'><strong>μὴ</strong></span> <span class='ocrx_word' id='word_1_439' title='bbox 560 3413 673 3465; x_wconf 72' lang='grc' dir='ltr'>ὄντι</span> <span class='ocrx_word' id='word_1_440' title='bbox 712 3414 805 3466; x_wconf 79' lang='grc' dir='ltr'><strong>καὶ</strong></span> <span class='ocrx_word' id='word_1_441' title='bbox 840 3417 912 3482; x_wconf 83' lang='grc' dir='ltr'><strong>μή</strong></span> <span class='ocrx_word' id='word_1_442' title='bbox 942 3430 1029 3465; x_wconf 88' lang='grc' dir='ltr'><strong>πω</strong></span> <span class='ocrx_word' id='word_1_443' title='bbox 1058 3413 1349 3483; x_wconf 78' lang='grc' dir='ltr'>γενοιιένῳ.</span> 
     </span>
    </p>
   </div>
   <div class='ocr_carea' id='block_1_62' title="bbox 931 3609 1131 3660">
    <p class='ocr_par' dir='ltr' id='par_1_62' title="bbox 931 3609 1131 3660">
     <span class='ocr_line' id='line_1_62' title="bbox 931 3609 1131 3660; baseline 0.005 -1"><span class='ocrx_word' id='word_1_444' title='bbox 931 3609 1131 3660; x_wconf 72' lang='grc' dir='ltr'><strong>ΑΑΑΟ.</strong></span> 
     </span>
    </p>
   </div>
   <div class='ocr_carea' id='block_1_63' title="bbox 321 3713 1828 3791">
    <p class='ocr_par' dir='ltr' id='par_1_63' title="bbox 321 3713 1828 3791">
     <span class='ocr_line' id='line_1_63' title="bbox 321 3713 1828 3791; baseline -0.003 -18"><span class='ocrx_word' id='word_1_445' title='bbox 321 3723 384 3774; x_wconf 77' lang='grc' dir='ltr'><strong>Εἰ</strong></span> <span class='ocrx_word' id='word_1_446' title='bbox 412 3723 475 3774; x_wconf 80' lang='grc' dir='ltr'><strong>ἐν</strong></span> <span class='ocrx_word' id='word_1_447' title='bbox 502 3719 581 3790; x_wconf 82' lang='grc' dir='ltr'>τῷ</span> <span class='ocrx_word' id='word_1_448' title='bbox 608 3718 857 3791; x_wconf 81' lang='grc' dir='ltr'>δέχεσθαί</span> <span class='ocrx_word' id='word_1_449' title='bbox 880 3738 933 3773; x_wconf 84' lang='grc' dir='ltr'><strong>τι</strong></span> <span class='ocrx_word' id='word_1_450' title='bbox 956 3720 1016 3773; x_wconf 82' lang='grc' dir='ltr'><strong>τὸ</strong></span> <span class='ocrx_word' id='word_1_451' title='bbox 1044 3715 1182 3773; x_wconf 80' lang='grc' dir='ltr'>εἶναι</span> <span class='ocrx_word' id='word_1_452' title='bbox 1209 3723 1321 3782; x_wconf 88' lang='grc' dir='ltr'>τοῖς</span> <span class='ocrx_word' id='word_1_453' title='bbox 1346 3713 1493 3772; x_wconf 75' lang='grc' dir='ltr'>οὖσιν</span> <span class='ocrx_word' id='word_1_454' title='bbox 1516 3718 1828 3788; x_wconf 75' lang='grc' dir='ltr'>ὁριούμεθα,</span> 
     </span>
    </p>
   </div>
   <div class='ocr_carea' id='block_1_64' title="bbox 262 3810 1820 3883">
    <p class='ocr_par' dir='ltr' id='par_1_64' title="bbox 262 3810 1820 3883">
     <span class='ocr_line' id='line_1_64' title="bbox 262 3810 1820 3883; baseline -0.001 -20"><span class='ocrx_word' id='word_1_455' title='bbox 262 3813 347 3864; x_wconf 68' lang='grc' dir='ltr'><strong>καὶ</strong></span> <span class='ocrx_word' id='word_1_456' title='bbox 363 3813 531 3881; x_wconf 82' lang='grc' dir='ltr'>ἀρκεῖ</span> <span class='ocrx_word' id='word_1_457' title='bbox 556 3812 714 3864; x_wconf 80' lang='grc' dir='ltr'>τοῦτο</span> <span class='ocrx_word' id='word_1_458' title='bbox 739 3811 874 3882; x_wconf 79' lang='grc' dir='ltr'>πρὸς</span> <span class='ocrx_word' id='word_1_459' title='bbox 898 3811 1129 3883; x_wconf 83' lang='grc' dir='ltr'>δήλωσιν</span> <span class='ocrx_word' id='word_1_460' title='bbox 1152 3811 1337 3874; x_wconf 79' lang='grc' dir='ltr'>οὐσίας</span> <span class='ocrx_word' id='word_1_461' title='bbox 1362 3810 1502 3863; x_wconf 86' lang='grc' dir='ltr'>κατά</span> <span class='ocrx_word' id='word_1_462' title='bbox 1528 3828 1670 3869; x_wconf 81' lang='grc' dir='ltr'>τινος</span> <span class='ocrx_word' id='word_1_463' title='bbox 1698 3827 1820 3861; x_wconf 85' lang='grc' dir='ltr'>κατ-</span> 
     </span>
    </p>
   </div>
   <div class='ocr_carea' id='block_1_65' title="bbox 262 3901 1830 3973">
    <p class='ocr_par' dir='ltr' id='par_1_65' title="bbox 262 3901 1830 3973">
     <span class='ocr_line' id='line_1_65' title="bbox 262 3901 1830 3973; baseline 0 -20"><span class='ocrx_word' id='word_1_464' title='bbox 262 3902 655 3973; x_wconf 74' lang='grc' dir='ltr'>ηγορούμενον,</span> <span class='ocrx_word' id='word_1_465' title='bbox 681 3903 734 3954; x_wconf 83' lang='grc' dir='ltr'>τι</span> <span class='ocrx_word' id='word_1_466' title='bbox 780 3901 976 3955; x_wconf 83' lang='grc' dir='ltr'>κωλύει</span> <span class='ocrx_word' id='word_1_467' title='bbox 1015 3902 1109 3955; x_wconf 78' lang='grc' dir='ltr'>καὶ</span> <span class='ocrx_word' id='word_1_468' title='bbox 1157 3903 1576 3973; x_wconf 80' lang='grc' dir='ltr'>δυσφημοῦντας</span> <span class='ocrx_word' id='word_1_469' title='bbox 1625 3903 1830 3965; x_wconf 79' lang='grc' dir='ltr'>εἰπεῖν,</span> 
     </span>
    </p>
   </div>
   <div class='ocr_carea' id='block_1_66' title="bbox 261 3989 1833 4067">
    <p class='ocr_par' dir='ltr' id='par_1_66' title="bbox 261 3989 1833 4067">
     <span class='ocr_line' id='line_1_66' title="bbox 261 3989 1833 4067; baseline 0 -23"><span class='ocrx_word' id='word_1_470' title='bbox 261 3992 369 4045; x_wconf 79' lang='grc' dir='ltr'>τότε</span> <span class='ocrx_word' id='word_1_471' title='bbox 395 3993 495 4047; x_wconf 70' lang='grc' dir='ltr'><strong>τοῦ</strong></span> <span class='ocrx_word' id='word_1_472' title='bbox 525 3989 663 4047; x_wconf 76' lang='grc' dir='ltr'>εἶναι</span> <span class='ocrx_word' id='word_1_473' title='bbox 695 3995 794 4066; x_wconf 81' lang='grc' dir='ltr'><strong>τὴν</strong></span> <span class='ocrx_word' id='word_1_474' title='bbox 826 3995 999 4067; x_wconf 75' lang='grc' dir='ltr'>ἀρχὴν</span> <span class='ocrx_word' id='word_1_475' title='bbox 1048 3994 1193 4066; x_wconf 76' lang='grc' dir='ltr'>ἔχειν</span> <span class='ocrx_word' id='word_1_476' title='bbox 1218 3996 1309 4049; x_wconf 80' lang='grc' dir='ltr'><strong>τὸν</strong></span> <span class='ocrx_word' id='word_1_477' title='bbox 1365 3996 1601 4066; x_wconf 82' lang='grc' dir='ltr'>Πατέρα,</span> <span class='ocrx_word' id='word_1_478' title='bbox 1632 3996 1719 4047; x_wconf 83' lang='grc' dir='ltr'>ὅτε</span> <span class='ocrx_word' id='word_1_479' title='bbox 1751 3994 1833 4045; x_wconf 82' lang='grc' dir='ltr'><strong>δέ-</strong></span> 
     </span>
    </p>
   </div>
   <div class='ocr_carea' id='block_1_67' title="bbox 260 4086 1829 4159">
    <p class='ocr_par' dir='ltr' id='par_1_67' title="bbox 260 4086 1829 4159">
     <span class='ocr_line' id='line_1_67' title="bbox 260 4086 1829 4159; baseline 0.002 -22"><span class='ocrx_word' id='word_1_480' title='bbox 260 4086 449 4153; x_wconf 74' lang='grc' dir='ltr'>χεσθαξ</span> <span class='ocrx_word' id='word_1_481' title='bbox 473 4104 526 4138; x_wconf 93' lang='grc' dir='ltr'><strong>τι</strong></span> <span class='ocrx_word' id='word_1_482' title='bbox 550 4086 764 4154; x_wconf 77' lang='grc' dir='ltr'>λέγεται</span> <span class='ocrx_word' id='word_1_483' title='bbox 801 4088 929 4159; x_wconf 76' lang='grc' dir='ltr'>παρ’</span> <span class='ocrx_word' id='word_1_484' title='bbox 951 4090 1141 4159; x_wconf 75' lang='grc' dir='ltr'><strong>ἠμῶν;</strong></span> <span class='ocrx_word' id='word_1_485' title='bbox 1176 4087 1391 4153; x_wconf 79' lang='grc' dir='ltr'>Ἔξεστι</span> <span class='ocrx_word' id='word_1_486' title='bbox 1414 4088 1521 4159; x_wconf 77' lang='grc' dir='ltr'><strong>γὰρ</strong></span> <span class='ocrx_word' id='word_1_487' title='bbox 1555 4088 1829 4158; x_wconf 77' lang='grc' dir='ltr'>ἐπακροᾶ-</span> 
     </span>
    </p>
   </div>
   <div class='ocr_carea' id='block_1_68' title="bbox 261 4176 1823 4247">
    <p class='ocr_par' dir='ltr' id='par_1_68' title="bbox 261 4176 1823 4247">
     <span class='ocr_line' id='line_1_68' title="bbox 261 4176 1823 4247; baseline 0.001 -20"><span class='ocrx_word' id='word_1_488' title='bbox 261 4176 377 4229; x_wconf 79' lang='grc' dir='ltr'>σθαι</span> <span class='ocrx_word' id='word_1_489' title='bbox 404 4176 506 4229; x_wconf 77' lang='grc' dir='ltr'>τοῦ</span> <span class='ocrx_word' id='word_1_490' title='bbox 541 4178 846 4247; x_wconf 75' lang='grc' dir='ltr'>Ψαλμῳδοῦ</span> <span class='ocrx_word' id='word_1_491' title='bbox 874 4178 1142 4247; x_wconf 81' lang='grc' dir='ltr'>λέγοντος·</span> <span class='ocrx_word' id='word_1_492' title='bbox 1170 4198 1188 4230; x_wconf 81' lang='grc' dir='ltr'><strong>ι</strong></span> <span class='ocrx_word' id='word_1_493' title='bbox 1210 4180 1337 4230; x_wconf 84' lang='grc' dir='ltr'>Δότε</span> <span class='ocrx_word' id='word_1_494' title='bbox 1363 4179 1515 4244; x_wconf 74' lang='grc' dir='ltr'>δόξαν</span> <span class='ocrx_word' id='word_1_495' title='bbox 1542 4179 1619 4247; x_wconf 78' lang='grc' dir='ltr'>τῷ</span> <span class='ocrx_word' id='word_1_496' title='bbox 1642 4177 1777 4247; x_wconf 79' lang='grc' dir='ltr'>Θεῷ.</span> <span class='ocrx_word' id='word_1_497' title='bbox 1806 4196 1823 4228; x_wconf 78' lang='grc' dir='ltr'><strong>ι</strong></span> 
     </span>
    </p>
   </div>
   <div class='ocr_carea' id='block_1_69' title="bbox 261 4267 1828 4339">
    <p class='ocr_par' dir='ltr' id='par_1_69' title="bbox 261 4267 1828 4339">
     <span class='ocr_line' id='line_1_69' title="bbox 261 4267 1828 4339; baseline -0.001 -19"><span class='ocrx_word' id='word_1_498' title='bbox 261 4267 317 4321; x_wconf 82' lang='lat' dir='ltr'><strong>Ei</strong></span> <span class='ocrx_word' id='word_1_499' title='bbox 344 4270 526 4321; x_wconf 79' lang='grc' dir='ltr'>τοίνυν</span> <span class='ocrx_word' id='word_1_500' title='bbox 575 4268 674 4321; x_wconf 78' lang='grc' dir='ltr'><strong>οὐκ</strong></span> <span class='ocrx_word' id='word_1_501' title='bbox 731 4271 788 4321; x_wconf 84' lang='grc' dir='ltr'>ὲν</span> <span class='ocrx_word' id='word_1_502' title='bbox 816 4269 893 4339; x_wconf 84' lang='grc' dir='ltr'>τῷ</span> <span class='ocrx_word' id='word_1_503' title='bbox 932 4269 1180 4339; x_wconf 79' lang='grc' dir='ltr'>δέχεσθαι</span> <span class='ocrx_word' id='word_1_504' title='bbox 1211 4270 1338 4338; x_wconf 80' lang='grc' dir='ltr'>παρ’</span> <span class='ocrx_word' id='word_1_505' title='bbox 1372 4271 1517 4339; x_wconf 79' lang='grc' dir='ltr'>ἡμᾶς</span> <span class='ocrx_word' id='word_1_506' title='bbox 1546 4268 1642 4338; x_wconf 81' lang='grc' dir='ltr'>τὴν</span> <span class='ocrx_word' id='word_1_507' title='bbox 1674 4269 1828 4331; x_wconf 78' lang='grc' dir='ltr'>δόξαν</span> 
     </span>
    </p>
   </div>
   <div class='ocr_carea' id='block_1_70' title="bbox 262 4356 1903 4444">
    <p class='ocr_par' dir='ltr' id='par_1_70' title="bbox 262 4356 1903 4444">
     <span class='ocr_line' id='line_1_70' title="bbox 262 4356 1903 4444; baseline -0.002 -35"><span class='ocrx_word' id='word_1_508' title='bbox 262 4360 363 4429; x_wconf 82' lang='grc' dir='ltr'>ἔχει</span> <span class='ocrx_word' id='word_1_509' title='bbox 390 4361 460 4413; x_wconf 72' lang='grc' dir='ltr'>τὸ</span> <span class='ocrx_word' id='word_1_510' title='bbox 489 4356 628 4413; x_wconf 76' lang='grc' dir='ltr'>εἶναι</span> <span class='ocrx_word' id='word_1_511' title='bbox 679 4362 707 4412; x_wconf 78' lang='grc' dir='ltr'><strong>ὁ</strong></span> <span class='ocrx_word' id='word_1_512' title='bbox 761 4360 951 4430; x_wconf 81' lang='grc' dir='ltr'>Πατὴρ</span> <span class='ocrx_word' id='word_1_513' title='bbox 992 4358 1102 4429; x_wconf 82' lang='grc' dir='ltr'><strong>(ὢν</strong></span> <span class='ocrx_word' id='word_1_514' title='bbox 1154 4361 1262 4427; x_wconf 76' lang='grc' dir='ltr'>γὰρ</span> <span class='ocrx_word' id='word_1_515' title='bbox 1317 4359 1412 4411; x_wconf 67' lang='grc' dir='ltr'>καὶ</span> <span class='ocrx_word' id='word_1_516' title='bbox 1460 4358 1716 4428; x_wconf 77' lang='grc' dir='ltr'>ὑπάρχων</span> <span class='ocrx_word' id='word_1_517' title='bbox 1755 4357 1825 4417; x_wconf 76' lang='grc' dir='ltr'><strong>ὡς</strong></span> <span class='ocrx_word' id='word_1_518' title='bbox 1861 4391 1903 4444; x_wconf 80' lang='lat' dir='ltr'>D</span> 
     </span>
    </p>
   </div>
   <div class='ocr_carea' id='block_1_71' title="bbox 208 4436 1830 4520">
    <p class='ocr_par' dir='ltr' id='par_1_71' title="bbox 208 4436 1830 4520">
     <span class='ocr_line' id='line_1_71' title="bbox 208 4436 1830 4520; baseline -0.002 -18"><span class='ocrx_word' id='word_1_519' title='bbox 208 4436 215 4443; x_wconf 22' lang='lat' dir='ltr'>O</span> <span class='ocrx_word' id='word_1_520' title='bbox 261 4451 384 4520; x_wconf 75' lang='grc' dir='ltr'>παρ’</span> <span class='ocrx_word' id='word_1_521' title='bbox 417 4451 648 4503; x_wconf 77' lang='grc' dir='ltr'>οἰκετῶν</span> <span class='ocrx_word' id='word_1_522' title='bbox 677 4449 776 4520; x_wconf 78' lang='grc' dir='ltr'><strong>τὴν</strong></span> <span class='ocrx_word' id='word_1_523' title='bbox 815 4449 1121 4517; x_wconf 77' lang='grc' dir='ltr'>δοξολογιαν</span> <span class='ocrx_word' id='word_1_524' title='bbox 1163 4448 1512 4520; x_wconf 80' lang='grc' dir='ltr'>κομίζεται),</span> <span class='ocrx_word' id='word_1_525' title='bbox 1548 4449 1645 4500; x_wconf 84' lang='grc' dir='ltr'><strong>οὑκ</strong></span> <span class='ocrx_word' id='word_1_526' title='bbox 1679 4447 1830 4499; x_wconf 76' lang='grc' dir='ltr'>ἔσται</span> 
     </span>
    </p>
   </div>
   <div class='ocr_carea' id='block_1_72' title="bbox 262 4535 1832 4609">
    <p class='ocr_par' dir='ltr' id='par_1_72' title="bbox 262 4535 1832 4609">
     <span class='ocr_line' id='line_1_72' title="bbox 262 4535 1832 4609; baseline -0.002 -18"><span class='ocrx_word' id='word_1_527' title='bbox 262 4541 412 4594; x_wconf 80' lang='grc' dir='ltr'>τοῦτο</span> <span class='ocrx_word' id='word_1_528' title='bbox 440 4542 536 4594; x_wconf 79' lang='grc' dir='ltr'>τοῦ</span> <span class='ocrx_word' id='word_1_529' title='bbox 564 4541 697 4594; x_wconf 82' lang='grc' dir='ltr'>Υἱοῦ</span> <span class='ocrx_word' id='word_1_530' title='bbox 737 4541 797 4593; x_wconf 82' lang='grc' dir='ltr'><strong>τὸ</strong></span> <span class='ocrx_word' id='word_1_531' title='bbox 824 4537 984 4604; x_wconf 79' lang='grc' dir='ltr'>εἶναι,</span> <span class='ocrx_word' id='word_1_532' title='bbox 1032 4542 1088 4593; x_wconf 81' lang='grc' dir='ltr'>ὲν</span> <span class='ocrx_word' id='word_1_533' title='bbox 1117 4541 1194 4608; x_wconf 76' lang='grc' dir='ltr'><strong>τῷ</strong></span> <span class='ocrx_word' id='word_1_534' title='bbox 1239 4540 1423 4593; x_wconf 74' lang='grc' dir='ltr'>λαόεῖν</span> <span class='ocrx_word' id='word_1_535' title='bbox 1457 4557 1508 4593; x_wconf 90' lang='grc' dir='ltr'><strong>τι</strong></span> <span class='ocrx_word' id='word_1_536' title='bbox 1558 4539 1707 4609; x_wconf 84' lang='grc' dir='ltr'>παρὰ</span> <span class='ocrx_word' id='word_1_537' title='bbox 1738 4535 1832 4590; x_wconf 82' lang='grc' dir='ltr'>τοῦ</span> 
     </span>
    </p>
   </div>
   <div class='ocr_carea' id='block_1_73' title="bbox 264 4630 1829 4703">
    <p class='ocr_par' dir='ltr' id='par_1_73' title="bbox 264 4630 1829 4703">
     <span class='ocr_line' id='line_1_73' title="bbox 264 4630 1829 4703; baseline -0.002 -20"><span class='ocrx_word' id='word_1_538' title='bbox 264 4633 490 4701; x_wconf 71' lang='grc' dir='ltr'>Πατρός.</span> <span class='ocrx_word' id='word_1_539' title='bbox 531 4633 626 4684; x_wconf 85' lang='grc' dir='ltr'>Ὧν</span> <span class='ocrx_word' id='word_1_540' title='bbox 661 4632 770 4703; x_wconf 80' lang='grc' dir='ltr'>γὰρ</span> <span class='ocrx_word' id='word_1_541' title='bbox 799 4633 892 4684; x_wconf 72' lang='grc' dir='ltr'><strong>καὶ</strong></span> <span class='ocrx_word' id='word_1_542' title='bbox 924 4632 1184 4701; x_wconf 82' lang='grc' dir='ltr'>ὑπάρχων</span> <span class='ocrx_word' id='word_1_543' title='bbox 1231 4632 1482 4702; x_wconf 82' lang='grc' dir='ltr'>ἀνάρχως</span> <span class='ocrx_word' id='word_1_544' title='bbox 1520 4632 1614 4683; x_wconf 74' lang='grc' dir='ltr'>καὶ</span> <span class='ocrx_word' id='word_1_545' title='bbox 1645 4630 1829 4692; x_wconf 81' lang='grc' dir='ltr'>ἁῖδίως</span> 
     </span>
    </p>
   </div>
   <div class='ocr_carea' id='block_1_74' title="bbox 264 4722 1832 4793">
    <p class='ocr_par' dir='ltr' id='par_1_74' title="bbox 264 4722 1832 4793">
     <span class='ocr_line' id='line_1_74' title="bbox 264 4722 1832 4793; baseline 0.001 -20"><span class='ocrx_word' id='word_1_546' title='bbox 264 4722 317 4784; x_wconf 75' lang='grc' dir='ltr'>ἐξ</span> <span class='ocrx_word' id='word_1_547' title='bbox 338 4724 502 4777; x_wconf 79' lang='grc' dir='ltr'>αὐτοῦ</span> <span class='ocrx_word' id='word_1_548' title='bbox 543 4722 840 4793; x_wconf 87' lang='grc' dir='ltr'>προελθὼν,</span> <span class='ocrx_word' id='word_1_549' title='bbox 870 4723 1165 4792; x_wconf 76' lang='grc' dir='ltr'>λαμϐάνειν</span> <span class='ocrx_word' id='word_1_550' title='bbox 1204 4722 1417 4789; x_wconf 87' lang='grc' dir='ltr'>λέγεται</span> <span class='ocrx_word' id='word_1_551' title='bbox 1450 4722 1517 4774; x_wconf 81' lang='grc' dir='ltr'>τὰ</span> <span class='ocrx_word' id='word_1_552' title='bbox 1564 4722 1832 4792; x_wconf 81' lang='grc' dir='ltr'>προσόντα</span> 
     </span>
    </p>
   </div>
   <div class='ocr_carea' id='block_1_75' title="bbox 263 4812 1826 4884">
    <p class='ocr_par' dir='ltr' id='par_1_75' title="bbox 263 4812 1826 4884">
     <span class='ocr_line' id='line_1_75' title="bbox 263 4812 1826 4884; baseline -0.001 -19"><span class='ocrx_word' id='word_1_553' title='bbox 263 4815 402 4884; x_wconf 72' lang='grc' dir='ltr'>αὐτῷ</span> <span class='ocrx_word' id='word_1_554' title='bbox 429 4815 696 4884; x_wconf 65' lang='grc' dir='ltr'>φυσικῶς</span> <span class='ocrx_word' id='word_1_555' title='bbox 726 4814 916 4884; x_wconf 84' lang='grc' dir='ltr'>ὥσπερ</span> <span class='ocrx_word' id='word_1_556' title='bbox 936 4814 1002 4867; x_wconf 89' lang='grc' dir='ltr'><strong>ἂν</strong></span> <span class='ocrx_word' id='word_1_557' title='bbox 1033 4816 1081 4865; x_wconf 79' lang='grc' dir='ltr'>εἰ</span> <span class='ocrx_word' id='word_1_558' title='bbox 1108 4815 1201 4866; x_wconf 75' lang='grc' dir='ltr'><strong>καὶ</strong></span> <span class='ocrx_word' id='word_1_559' title='bbox 1230 4814 1289 4879; x_wconf 75' lang='grc' dir='ltr'>ἐξ</span> <span class='ocrx_word' id='word_1_560' title='bbox 1316 4812 1600 4882; x_wconf 79' lang='grc' dir='ltr'>ἀνθρώπου</span> <span class='ocrx_word' id='word_1_561' title='bbox 1632 4812 1826 4883; x_wconf 82' lang='grc' dir='ltr'>προελ-</span> 
     </span>
    </p>
   </div>
   <div class='ocr_carea' id='block_1_76' title="bbox 265 4903 1827 4974">
    <p class='ocr_par' dir='ltr' id='par_1_76' title="bbox 265 4903 1827 4974">
     <span class='ocr_line' id='line_1_76' title="bbox 265 4903 1827 4974; baseline -0.001 -18"><span class='ocrx_word' id='word_1_562' title='bbox 265 4904 363 4956; x_wconf 84' lang='grc' dir='ltr'>θὼν</span> <span class='ocrx_word' id='word_1_563' title='bbox 388 4907 526 4970; x_wconf 71' lang='grc' dir='ltr'>υἱὸς,</span> <span class='ocrx_word' id='word_1_564' title='bbox 553 4906 732 4959; x_wconf 84' lang='grc' dir='ltr'>πάντα</span> <span class='ocrx_word' id='word_1_565' title='bbox 756 4904 995 4973; x_wconf 80' lang='grc' dir='ltr'>φαίνοιτο</span> <span class='ocrx_word' id='word_1_566' title='bbox 1015 4905 1195 4974; x_wconf 79' lang='grc' dir='ltr'>φορῶν</span> <span class='ocrx_word' id='word_1_567' title='bbox 1226 4904 1294 4956; x_wconf 78' lang='grc' dir='ltr'>τὰ</span> <span class='ocrx_word' id='word_1_568' title='bbox 1313 4903 1404 4955; x_wconf 78' lang='grc' dir='ltr'>τοῦ</span> <span class='ocrx_word' id='word_1_569' title='bbox 1422 4904 1827 4972; x_wconf 78' lang='grc' dir='ltr'>γεγεννηκότος,</span> 
     </span>
    </p>
   </div>
   <div class='ocr_carea' id='block_1_77' title="bbox 267 4989 1821 5061">
    <p class='ocr_par' dir='ltr' id='par_1_77' title="bbox 267 4989 1821 5061">
     <span class='ocr_line' id='line_1_77' title="bbox 267 4989 1821 5061; baseline 0.001 -16"><span class='ocrx_word' id='word_1_570' title='bbox 267 4996 399 5061; x_wconf 80' lang='grc' dir='ltr'>μετὰ</span> <span class='ocrx_word' id='word_1_571' title='bbox 430 4997 650 5049; x_wconf 87' lang='grc' dir='ltr'>πάντων</span> <span class='ocrx_word' id='word_1_572' title='bbox 673 4994 782 5048; x_wconf 84' lang='grc' dir='ltr'>τῶν</span> <span class='ocrx_word' id='word_1_573' title='bbox 814 4995 999 5056; x_wconf 80' lang='grc' dir='ltr'>αὐτοῦ,</span> <span class='ocrx_word' id='word_1_574' title='bbox 1021 4995 1080 5058; x_wconf 78' lang='grc' dir='ltr'>ἐξ</span> <span class='ocrx_word' id='word_1_575' title='bbox 1108 4993 1269 5046; x_wconf 79' lang='grc' dir='ltr'>αὑτοῦ</span> <span class='ocrx_word' id='word_1_576' title='bbox 1302 4994 1393 5046; x_wconf 73' lang='grc' dir='ltr'>καὶ</span> <span class='ocrx_word' id='word_1_577' title='bbox 1412 4993 1472 5046; x_wconf 84' lang='grc' dir='ltr'><strong>τὸ</strong></span> <span class='ocrx_word' id='word_1_578' title='bbox 1500 4989 1637 5045; x_wconf 73' lang='grc' dir='ltr'>εἶναι</span> <span class='ocrx_word' id='word_1_579' title='bbox 1668 4993 1821 5061; x_wconf 78' lang='grc' dir='ltr'>ἔχων.</span> 
     </span>
    </p>
   </div>
   <div class='ocr_carea' id='block_1_78' title="bbox 276 5083 1823 5155">
    <p class='ocr_par' dir='ltr' id='par_1_78' title="bbox 276 5083 1823 5155">
     <span class='ocr_line' id='line_1_78' title="bbox 276 5083 1823 5155; baseline -0.001 -19"><span class='ocrx_word' id='word_1_580' title='bbox 276 5084 641 5155; x_wconf 81' lang='grc' dir='ltr'>’Υπερκείσθω</span> <span class='ocrx_word' id='word_1_581' title='bbox 664 5084 721 5138; x_wconf 82' lang='grc' dir='ltr'><strong>δὲ</strong></span> <span class='ocrx_word' id='word_1_582' title='bbox 753 5084 913 5137; x_wconf 83' lang='grc' dir='ltr'>πάλιν</span> <span class='ocrx_word' id='word_1_583' title='bbox 951 5086 983 5154; x_wconf 85' lang='grc' dir='ltr'><strong>ή</strong></span> <span class='ocrx_word' id='word_1_584' title='bbox 1020 5084 1137 5137; x_wconf 78' lang='grc' dir='ltr'>θεία</span> <span class='ocrx_word' id='word_1_585' title='bbox 1174 5085 1265 5136; x_wconf 71' lang='grc' dir='ltr'><strong>καὶ</strong></span> <span class='ocrx_word' id='word_1_586' title='bbox 1286 5083 1522 5155; x_wconf 72' lang='grc' dir='ltr'>ἄρῤητος</span> <span class='ocrx_word' id='word_1_587' title='bbox 1556 5084 1823 5154; x_wconf 80' lang='grc' dir='ltr'>γέννησις,</span> 
     </span>
    </p>
   </div>
   <div class='ocr_carea' id='block_1_79' title="bbox 264 5173 1823 5245">
    <p class='ocr_par' dir='ltr' id='par_1_79' title="bbox 264 5173 1823 5245">
     <span class='ocr_line' id='line_1_79' title="bbox 264 5173 1823 5245; baseline -0.001 -19"><span class='ocrx_word' id='word_1_588' title='bbox 264 5174 351 5245; x_wconf 74' lang='grc' dir='ltr'><strong>τὴν</strong></span> <span class='ocrx_word' id='word_1_589' title='bbox 371 5177 464 5229; x_wconf 79' lang='grc' dir='ltr'>τοῦ</span> <span class='ocrx_word' id='word_1_590' title='bbox 492 5174 878 5243; x_wconf 84' lang='grc' dir='ltr'>παροισθέντος</span> <span class='ocrx_word' id='word_1_591' title='bbox 937 5177 1069 5244; x_wconf 80' lang='grc' dir='ltr'><strong>ἡμῖν</strong></span> <span class='ocrx_word' id='word_1_592' title='bbox 1115 5173 1506 5244; x_wconf 70' lang='grc' dir='ltr'>ὑπώείγματος</span> <span class='ocrx_word' id='word_1_593' title='bbox 1564 5173 1823 5244; x_wconf 73' lang='grc' dir='ltr'>δύναμιν,</span> 
     </span>
    </p>
   </div>
   <div class='ocr_carea' id='block_1_80' title="bbox 264 5265 1314 5337">
    <p class='ocr_par' dir='ltr' id='par_1_80' title="bbox 264 5265 1314 5337">
     <span class='ocr_line' id='line_1_80' title="bbox 264 5265 1314 5337; baseline 0 -18"><span class='ocrx_word' id='word_1_594' title='bbox 264 5268 348 5319; x_wconf 75' lang='grc' dir='ltr'><strong>καὶ</strong></span> <span class='ocrx_word' id='word_1_595' title='bbox 379 5267 604 5321; x_wconf 76' lang='grc' dir='ltr'>νοείσθω</span> <span class='ocrx_word' id='word_1_596' title='bbox 635 5267 697 5320; x_wconf 81' lang='grc' dir='ltr'>τὸ</span> <span class='ocrx_word' id='word_1_597' title='bbox 722 5267 954 5336; x_wconf 83' lang='grc' dir='ltr'>πρᾶγμα</span> <span class='ocrx_word' id='word_1_598' title='bbox 977 5265 1314 5337; x_wconf 82' lang='grc' dir='ltr'>θεοπρεπῶς.</span> 
     </span>
    </p>
   </div>
   <div class='ocr_carea' id='block_1_81' title="bbox 480 5360 1612 5446">
    <p class='ocr_par' dir='ltr' id='par_1_81' title="bbox 480 5360 1612 5446">
     <span class='ocr_line' id='line_1_81' title="bbox 480 5360 1612 5446; baseline -0.004 -12"><span class='ocrx_word' id='word_1_599' title='bbox 480 5381 796 5445; x_wconf 79' lang='grc' dir='ltr'>Ἀγτίθεσις</span> <span class='ocrx_word' id='word_1_600' title='bbox 822 5379 902 5443; x_wconf 88' lang='grc' dir='ltr'>ὠς</span> <span class='ocrx_word' id='word_1_601' title='bbox 929 5379 996 5431; x_wconf 82' lang='grc' dir='ltr'>ἐκ</span> <span class='ocrx_word' id='word_1_602' title='bbox 1027 5378 1146 5431; x_wconf 80' lang='grc' dir='ltr'><strong>τῶν</strong></span> <span class='ocrx_word' id='word_1_603' title='bbox 1179 5360 1612 5446; x_wconf 75' lang='grc' dir='ltr'>χριστομάχων.</span> 
     </span>
    </p>
   </div>
   <div class='ocr_carea' id='block_1_82' title="bbox 329 5486 1826 5561">
    <p class='ocr_par' dir='ltr' id='par_1_82' title="bbox 329 5486 1826 5561">
     <span class='ocr_line' id='line_1_82' title="bbox 329 5486 1826 5561; baseline -0.003 -18"><span class='ocrx_word' id='word_1_604' title='bbox 329 5491 454 5543; x_wconf 81' lang='grc' dir='ltr'>Ὀτι</span> <span class='ocrx_word' id='word_1_605' title='bbox 489 5492 604 5561; x_wconf 78' lang='grc' dir='ltr'>μὲν,</span> <span class='ocrx_word' id='word_1_606' title='bbox 636 5491 789 5560; x_wconf 71' lang='grc' dir='ltr'>φασὶ,</span> <span class='ocrx_word' id='word_1_607' title='bbox 822 5493 932 5553; x_wconf 82' lang='grc' dir='ltr'>τοῖς</span> <span class='ocrx_word' id='word_1_608' title='bbox 962 5486 1110 5543; x_wconf 72' lang='grc' dir='ltr'>οὖσιν</span> <span class='ocrx_word' id='word_1_609' title='bbox 1150 5490 1249 5559; x_wconf 70' lang='grc' dir='ltr'><strong>ἤδη</strong></span> <span class='ocrx_word' id='word_1_610' title='bbox 1283 5492 1374 5541; x_wconf 72' lang='grc' dir='ltr'><strong>καὶ</strong></span> <span class='ocrx_word' id='word_1_611' title='bbox 1424 5488 1784 5559; x_wconf 52' lang='grc' dir='ltr'>ὑφεστηκόσιν</span> <span class='ocrx_word' id='word_1_612' title='bbox 1812 5526 1826 5553; x_wconf 92' lang='grc'><strong>,</strong></span> 
     </span>
    </p>
   </div>
   <div class='ocr_carea' id='block_1_83' title="bbox 333 5667 1379 5731">
    <p class='ocr_par' dir='ltr' id='par_1_83' title="bbox 333 5667 1379 5731">
     <span class='ocr_line' id='line_1_83' title="bbox 333 5667 1379 5731; baseline -0.002 -9"><span class='ocrx_word' id='word_1_613' title='bbox 333 5667 547 5723; x_wconf 75' lang='lat' dir='ltr'><strong>“Joan.</strong></span> <span class='ocrx_word' id='word_1_614' title='bbox 577 5686 629 5731; x_wconf 84' lang='grc' dir='ltr'><strong>ν,</strong></span> <span class='ocrx_word' id='word_1_615' title='bbox 667 5670 756 5722; x_wconf 71' lang='lat'><strong>26.</strong></span> <span class='ocrx_word' id='word_1_616' title='bbox 835 5669 879 5698; x_wconf 75' lang='grc'><strong>⁶⁶</strong></span> <span class='ocrx_word' id='word_1_617' title='bbox 904 5668 1044 5721; x_wconf 85' lang='lat' dir='ltr'><strong>Psal.</strong></span> <span class='ocrx_word' id='word_1_618' title='bbox 1084 5683 1249 5729; x_wconf 75' lang='lat' dir='ltr'><strong>van,</strong></span> <span class='ocrx_word' id='word_1_619' title='bbox 1292 5669 1379 5720; x_wconf 76' lang='grc'><strong>55.</strong></span> 
     </span>
    </p>
   </div>
   <div class='ocr_carea' id='block_1_84' title="bbox 504 5759 1211 5821">
    <p class='ocr_par' dir='ltr' id='par_1_84' title="bbox 504 5759 1211 5821">
     <span class='ocr_line' id='line_1_84' title="bbox 504 5759 1211 5821; baseline -0.006 -1"><span class='ocrx_word' id='word_1_620' title='bbox 504 5762 772 5821; x_wconf 55' lang='grc' dir='ltr'>ΡΑτιιοιι.</span> <span class='ocrx_word' id='word_1_621' title='bbox 826 5761 938 5819; x_wconf 84' lang='lat' dir='ltr'><strong>Gtt.</strong></span> <span class='ocrx_word' id='word_1_622' title='bbox 984 5759 1211 5818; x_wconf 58' lang='lat' dir='ltr'><strong>LXXV.</strong></span> 
     </span>
    </p>
   </div>
   <div class='ocr_carea' id='block_1_85' title="bbox 1937 3133 3498 3207">
    <p class='ocr_par' dir='ltr' id='par_1_85' title="bbox 1937 3133 3498 3207">
     <span class='ocr_line' id='line_1_85' title="bbox 1937 3133 3498 3207; baseline -0.013 -6"><span class='ocrx_word' id='word_1_623' title='bbox 1937 3148 2260 3202; x_wconf 74' lang='lat' dir='ltr'><strong>naturaliter</strong></span> <span class='ocrx_word' id='word_1_624' title='bbox 2288 3148 2469 3198; x_wconf 80' lang='lat' dir='ltr'><strong>habet.</strong></span> <span class='ocrx_word' id='word_1_625' title='bbox 2511 3140 2623 3195; x_wconf 81' lang='lat' dir='ltr'><strong>Non</strong></span> <span class='ocrx_word' id='word_1_626' title='bbox 2651 3139 2815 3207; x_wconf 84' lang='lat' dir='ltr'><strong>igitur</strong></span> <span class='ocrx_word' id='word_1_627' title='bbox 2847 3136 2971 3204; x_wconf 82' lang='lat' dir='ltr'><strong>quia</strong></span> <span class='ocrx_word' id='word_1_628' title='bbox 3013 3133 3176 3187; x_wconf 80' lang='lat' dir='ltr'><strong>Filius</strong></span> <span class='ocrx_word' id='word_1_629' title='bbox 3224 3133 3427 3200; x_wconf 88' lang='lat' dir='ltr'><strong>aliquid</strong></span> <span class='ocrx_word' id='word_1_630' title='bbox 3473 3151 3498 3181; x_wconf 71' lang='grc' dir='ltr'><strong>ιι</strong></span> 
     </span>
    </p>
   </div>
   <div class='ocr_carea' id='block_1_86' title="bbox 1937 3224 3501 3304">
    <p class='ocr_par' dir='ltr' id='par_1_86' title="bbox 1937 3224 3501 3304">
     <span class='ocr_line' id='line_1_86' title="bbox 1937 3224 3501 3304; baseline -0.012 -13"><span class='ocrx_word' id='word_1_631' title='bbox 1937 3238 2098 3291; x_wconf 85' lang='lat' dir='ltr'><strong>Patre</strong></span> <span class='ocrx_word' id='word_1_632' title='bbox 2137 3237 2350 3304; x_wconf 84' lang='lat' dir='ltr'><strong>accipit,</strong></span> <span class='ocrx_word' id='word_1_633' title='bbox 2374 3231 2739 3287; x_wconf 88' lang='lat' dir='ltr'><strong>necessarium</strong></span> <span class='ocrx_word' id='word_1_634' title='bbox 2784 3229 3006 3281; x_wconf 82' lang='lat' dir='ltr'><strong>omnino</strong></span> <span class='ocrx_word' id='word_1_635' title='bbox 3038 3236 3122 3278; x_wconf 87' lang='lat' dir='ltr'><strong>est</strong></span> <span class='ocrx_word' id='word_1_636' title='bbox 3151 3224 3501 3293; x_wconf 78' lang='lat' dir='ltr'><strong>posteriorem</strong></span> 
     </span>
    </p>
   </div>
   <div class='ocr_carea' id='block_1_87' title="bbox 1937 3315 3500 3395">
    <p class='ocr_par' dir='ltr' id='par_1_87' title="bbox 1937 3315 3500 3395">
     <span class='ocr_line' id='line_1_87' title="bbox 1937 3315 3500 3395; baseline -0.012 -12"><span class='ocrx_word' id='word_1_637' title='bbox 1937 3331 2084 3383; x_wconf 88' lang='lat' dir='ltr'><strong>illum</strong></span> <span class='ocrx_word' id='word_1_638' title='bbox 2120 3337 2358 3395; x_wconf 86' lang='lat' dir='ltr'><strong>tempore</strong></span> <span class='ocrx_word' id='word_1_639' title='bbox 2386 3338 2528 3378; x_wconf 84' lang='lat' dir='ltr'><strong>esse.</strong></span> <span class='ocrx_word' id='word_1_640' title='bbox 2565 3322 2664 3374; x_wconf 86' lang='lat' dir='ltr'><strong>Dat</strong></span> <span class='ocrx_word' id='word_1_641' title='bbox 2698 3320 2841 3374; x_wconf 84' lang='lat' dir='ltr'><strong>enim</strong></span> <span class='ocrx_word' id='word_1_642' title='bbox 2878 3316 3081 3385; x_wconf 87' lang='lat' dir='ltr'><strong>aliquid</strong></span> <span class='ocrx_word' id='word_1_643' title='bbox 3105 3316 3153 3368; x_wconf 86' lang='lat' dir='ltr'><strong>ei</strong></span> <span class='ocrx_word' id='word_1_644' title='bbox 3199 3315 3285 3383; x_wconf 87' lang='lat' dir='ltr'><strong>qui</strong></span> <span class='ocrx_word' id='word_1_645' title='bbox 3318 3322 3500 3366; x_wconf 84' lang='lat' dir='ltr'><strong>estat-</strong></span> 
     </span>
    </p>
   </div>
   <div class='ocr_carea' id='block_1_88' title="bbox 1935 3405 3502 3489">
    <p class='ocr_par' dir='ltr' id='par_1_88' title="bbox 1935 3405 3502 3489">
     <span class='ocr_line' id='line_1_88' title="bbox 1935 3405 3502 3489; baseline -0.01 -17"><span class='ocrx_word' id='word_1_646' title='bbox 1935 3436 2039 3489; x_wconf 92' lang='lat' dir='ltr'><strong>que</strong></span> <span class='ocrx_word' id='word_1_647' title='bbox 2070 3418 2335 3481; x_wconf 81' lang='lat' dir='ltr'><strong>subsistit,</strong></span> <span class='ocrx_word' id='word_1_648' title='bbox 2374 3431 2480 3470; x_wconf 90' lang='lat' dir='ltr'><strong>non</strong></span> <span class='ocrx_word' id='word_1_649' title='bbox 2506 3414 2553 3468; x_wconf 88' lang='lat' dir='ltr'><strong>ei</strong></span> <span class='ocrx_word' id='word_1_650' title='bbox 2586 3412 2678 3482; x_wconf 90' lang='lat' dir='ltr'><strong>qui</strong></span> <span class='ocrx_word' id='word_1_651' title='bbox 2724 3426 2829 3464; x_wconf 87' lang='lat' dir='ltr'><strong>nou</strong></span> <span class='ocrx_word' id='word_1_652' title='bbox 2861 3409 3096 3471; x_wconf 77' lang='lat' dir='ltr'><strong>exsistit,</strong></span> <span class='ocrx_word' id='word_1_653' title='bbox 3128 3421 3299 3474; x_wconf 85' lang='lat' dir='ltr'><strong>neque</strong></span> <span class='ocrx_word' id='word_1_654' title='bbox 3324 3405 3502 3458; x_wconf 80' lang='lat' dir='ltr'><strong>adhuc</strong></span> 
     </span>
    </p>
   </div>
   <div class='ocr_carea' id='block_1_89' title="bbox 1937 3512 2237 3564">
    <p class='ocr_par' dir='ltr' id='par_1_89' title="bbox 1937 3512 2237 3564">
     <span class='ocr_line' id='line_1_89' title="bbox 1937 3512 2237 3564; baseline 0.003 -2"><span class='ocrx_word' id='word_1_655' title='bbox 1937 3512 2105 3564; x_wconf 78' lang='lat' dir='ltr'><strong>factus</strong></span> <span class='ocrx_word' id='word_1_656' title='bbox 2135 3519 2237 3564; x_wconf 90' lang='lat' dir='ltr'><strong>est.</strong></span> 
     </span>
    </p>
   </div>
   <div class='ocr_carea' id='block_1_90' title="bbox 2584 3612 2834 3666">
    <p class='ocr_par' dir='ltr' id='par_1_90' title="bbox 2584 3612 2834 3666">
     <span class='ocr_line' id='line_1_90' title="bbox 2584 3612 2834 3666; baseline -0.008 0"><span class='ocrx_word' id='word_1_657' title='bbox 2584 3612 2834 3666; x_wconf 82' lang='lat' dir='ltr'><strong>-ALIUD.</strong></span> 
     </span>
    </p>
   </div>
   <div class='ocr_carea' id='block_1_91' title="bbox 2001 3721 3500 3795">
    <p class='ocr_par' dir='ltr' id='par_1_91' title="bbox 2001 3721 3500 3795">
     <span class='ocr_line' id='line_1_91' title="bbox 2001 3721 3500 3795; baseline -0.008 -12"><span class='ocrx_word' id='word_1_658' title='bbox 2001 3730 2054 3783; x_wconf 82' lang='lat' dir='ltr'><strong>Si</strong></span> <span class='ocrx_word' id='word_1_659' title='bbox 2086 3746 2146 3782; x_wconf 85' lang='lat' dir='ltr'><strong>ea</strong></span> <span class='ocrx_word' id='word_1_660' title='bbox 2188 3744 2306 3795; x_wconf 68' lang='lat' dir='ltr'><strong>qua:</strong></span> <span class='ocrx_word' id='word_1_661' title='bbox 2352 3725 2638 3787; x_wconf 88' lang='lat' dir='ltr'><strong>exsistunt,</strong></span> <span class='ocrx_word' id='word_1_662' title='bbox 2690 3724 2811 3776; x_wconf 90' lang='lat' dir='ltr'><strong>inde</strong></span> <span class='ocrx_word' id='word_1_663' title='bbox 2870 3723 3151 3774; x_wconf 78' lang='lat' dir='ltr'><strong>definimus</strong></span> <span class='ocrx_word' id='word_1_664' title='bbox 3211 3721 3350 3787; x_wconf 83' lang='lat' dir='ltr'><strong>quod</strong></span> <span class='ocrx_word' id='word_1_665' title='bbox 3401 3721 3500 3772; x_wconf 84' lang='lat' dir='ltr'><strong>ali-</strong></span> 
     </span>
    </p>
   </div>
   <div class='ocr_carea' id='block_1_92' title="bbox 1935 3811 3496 3889">
    <p class='ocr_par' dir='ltr' id='par_1_92' title="bbox 1935 3811 3496 3889">
     <span class='ocr_line' id='line_1_92' title="bbox 1935 3811 3496 3889; baseline -0.007 -17"><span class='ocrx_word' id='word_1_666' title='bbox 1935 3821 2060 3889; x_wconf 89' lang='lat' dir='ltr'><strong>quid</strong></span> <span class='ocrx_word' id='word_1_667' title='bbox 2092 3818 2384 3885; x_wconf 84' lang='lat' dir='ltr'><strong>accipiant,</strong></span> <span class='ocrx_word' id='word_1_668' title='bbox 2418 3812 2723 3879; x_wconf 80' lang='lat' dir='ltr'><strong>suﬂicitque</strong></span> <span class='ocrx_word' id='word_1_669' title='bbox 2772 3812 2836 3861; x_wconf 87' lang='lat' dir='ltr'><strong>ad</strong></span> <span class='ocrx_word' id='word_1_670' title='bbox 2889 3811 3342 3879; x_wconf 79' lang='lat' dir='ltr'><strong>signiﬁcationem</strong></span> <span class='ocrx_word' id='word_1_671' title='bbox 3377 3811 3496 3861; x_wconf 89' lang='lat' dir='ltr'><strong>sub-</strong></span> 
     </span>
    </p>
   </div>
   <div class='ocr_carea' id='block_1_93' title="bbox 1934 3898 3499 3970">
    <p class='ocr_par' dir='ltr' id='par_1_93' title="bbox 1934 3898 3499 3970">
     <span class='ocr_line' id='line_1_93' title="bbox 1934 3898 3499 3970; baseline -0.011 -6"><span class='ocrx_word' id='word_1_672' title='bbox 1934 3910 2145 3965; x_wconf 73' lang='lat' dir='ltr'><strong>stantia:</strong></span> <span class='ocrx_word' id='word_1_673' title='bbox 2175 3908 2218 3960; x_wconf 90' lang='lat' dir='ltr'><strong>si</strong></span> <span class='ocrx_word' id='word_1_674' title='bbox 2249 3907 2298 3959; x_wconf 90' lang='lat' dir='ltr'><strong>id</strong></span> <span class='ocrx_word' id='word_1_675' title='bbox 2334 3904 2399 3958; x_wconf 86' lang='lat' dir='ltr'><strong>de</strong></span> <span class='ocrx_word' id='word_1_676' title='bbox 2450 3903 2632 3970; x_wconf 85' lang='lat' dir='ltr'><strong>aliquo</strong></span> <span class='ocrx_word' id='word_1_677' title='bbox 2662 3898 3014 3968; x_wconf 71' lang='lat' dir='ltr'><strong>prtutlicetur:</strong></span> <span class='ocrx_word' id='word_1_678' title='bbox 3045 3898 3171 3965; x_wconf 91' lang='lat' dir='ltr'><strong>quid</strong></span> <span class='ocrx_word' id='word_1_679' title='bbox 3234 3898 3499 3950; x_wconf 81' lang='lat' dir='ltr'><strong>obstiterit</strong></span> 
     </span>
    </p>
   </div>
   <div class='ocr_carea' id='block_1_94' title="bbox 1932 3986 3494 4072">
    <p class='ocr_par' dir='ltr' id='par_1_94' title="bbox 1932 3986 3494 4072">
     <span class='ocr_line' id='line_1_94' title="bbox 1932 3986 3494 4072; baseline -0.009 -20"><span class='ocrx_word' id='word_1_680' title='bbox 1932 3999 2222 4072; x_wconf 87' lang='lat' dir='ltr'><strong>quominus</strong></span> <span class='ocrx_word' id='word_1_681' title='bbox 2274 3995 2519 4049; x_wconf 84' lang='lat' dir='ltr'><strong>dicamus</strong></span> <span class='ocrx_word' id='word_1_682' title='bbox 2555 3991 2770 4044; x_wconf 82' lang='lat' dir='ltr'><strong>Patrem</strong></span> <span class='ocrx_word' id='word_1_683' title='bbox 2829 3997 2937 4040; x_wconf 90' lang='lat' dir='ltr'><strong>tum</strong></span> <span class='ocrx_word' id='word_1_684' title='bbox 2984 3986 3313 4040; x_wconf 75' lang='lat' dir='ltr'><strong>exsisteutia:</strong></span> <span class='ocrx_word' id='word_1_685' title='bbox 3384 4002 3494 4038; x_wconf 72' lang='lat' dir='ltr'><strong>sua:</strong></span> 
     </span>
    </p>
   </div>
   <div class='ocr_carea' id='block_1_95' title="bbox 1934 4076 3500 4160">
    <p class='ocr_par' dir='ltr' id='par_1_95' title="bbox 1934 4076 3500 4160">
     <span class='ocr_line' id='line_1_95' title="bbox 1934 4076 3500 4160; baseline -0.01 -18"><span class='ocrx_word' id='word_1_686' title='bbox 1934 4091 2250 4160; x_wconf 76' lang='lat' dir='ltr'><strong>principium</strong></span> <span class='ocrx_word' id='word_1_687' title='bbox 2281 4084 2563 4145; x_wconf 85' lang='lat' dir='ltr'><strong>habuisse,</strong></span> <span class='ocrx_word' id='word_1_688' title='bbox 2599 4081 2817 4149; x_wconf 86' lang='lat' dir='ltr'><strong>quando</strong></span> <span class='ocrx_word' id='word_1_689' title='bbox 2842 4077 3040 4147; x_wconf 86' lang='lat' dir='ltr'><strong>aliquid</strong></span> <span class='ocrx_word' id='word_1_690' title='bbox 3068 4094 3095 4129; x_wconf 90' lang='lat' dir='ltr'><strong>a</strong></span> <span class='ocrx_word' id='word_1_691' title='bbox 3131 4077 3283 4131; x_wconf 91' lang='lat' dir='ltr'><strong>nobis</strong></span> <span class='ocrx_word' id='word_1_692' title='bbox 3328 4076 3500 4130; x_wconf 86' lang='lat' dir='ltr'><strong>susci-</strong></span> 
     </span>
    </p>
   </div>
   <div class='ocr_carea' id='block_1_96' title="bbox 1932 4168 3499 4253">
    <p class='ocr_par' dir='ltr' id='par_1_96' title="bbox 1932 4168 3499 4253">
     <span class='ocr_line' id='line_1_96' title="bbox 1932 4168 3499 4253; baseline -0.014 -15"><span class='ocrx_word' id='word_1_693' title='bbox 1932 4199 2057 4253; x_wconf 86' lang='lat' dir='ltr'><strong>pere</strong></span> <span class='ocrx_word' id='word_1_694' title='bbox 2085 4180 2317 4236; x_wconf 70' lang='lat' dir='ltr'><strong>dit‘itur?</strong></span> <span class='ocrx_word' id='word_1_695' title='bbox 2348 4177 2496 4231; x_wconf 86' lang='lat' dir='ltr'><strong>Licet</strong></span> <span class='ocrx_word' id='word_1_696' title='bbox 2522 4174 2665 4228; x_wconf 89' lang='lat' dir='ltr'><strong>enim</strong></span> <span class='ocrx_word' id='word_1_697' title='bbox 2701 4172 2889 4224; x_wconf 78' lang='lat' dir='ltr'><strong>audire</strong></span> <span class='ocrx_word' id='word_1_698' title='bbox 2937 4168 3275 4223; x_wconf 84' lang='lat' dir='ltr'><strong>Psalmistam</strong></span> <span class='ocrx_word' id='word_1_699' title='bbox 3316 4168 3499 4220; x_wconf 81' lang='lat' dir='ltr'><strong>dicen-</strong></span> 
     </span>
    </p>
   </div>
   <div class='ocr_carea' id='block_1_97' title="bbox 1931 4256 3499 4337">
    <p class='ocr_par' dir='ltr' id='par_1_97' title="bbox 1931 4256 3499 4337">
     <span class='ocr_line' id='line_1_97' title="bbox 1931 4256 3499 4337; baseline -0.017 -8"><span class='ocrx_word' id='word_1_700' title='bbox 1931 4287 2038 4330; x_wconf 90' lang='lat' dir='ltr'><strong>tem</strong></span> <span class='ocrx_word' id='word_1_701' title='bbox 2070 4292 2082 4327; x_wconf 91' lang='lat'>:</span> <span class='ocrx_word' id='word_1_702' title='bbox 2115 4290 2133 4323; x_wconf 82' lang='grc' dir='ltr'><strong>ι</strong></span> <span class='ocrx_word' id='word_1_703' title='bbox 2178 4272 2311 4326; x_wconf 85' lang='lat' dir='ltr'><strong>Date</strong></span> <span class='ocrx_word' id='word_1_704' title='bbox 2350 4268 2574 4337; x_wconf 83' lang='lat' dir='ltr'><strong>gloriam</strong></span> <span class='ocrx_word' id='word_1_705' title='bbox 2606 4264 2715 4316; x_wconf 91' lang='lat' dir='ltr'><strong>Deo</strong></span> <span class='ocrx_word' id='word_1_706' title='bbox 2739 4262 2806 4317; x_wconf 79' lang='lat'><strong>“.</strong></span> <span class='ocrx_word' id='word_1_707' title='bbox 2845 4281 2863 4312; x_wconf 72' lang='grc' dir='ltr'><strong>ι</strong></span> <span class='ocrx_word' id='word_1_708' title='bbox 2904 4259 2959 4313; x_wconf 91' lang='lat' dir='ltr'><strong>Si</strong></span> <span class='ocrx_word' id='word_1_709' title='bbox 2997 4260 3156 4328; x_wconf 82' lang='lat' dir='ltr'><strong>igitur</strong></span> <span class='ocrx_word' id='word_1_710' title='bbox 3186 4256 3345 4309; x_wconf 86' lang='lat' dir='ltr'><strong>Pater</strong></span> <span class='ocrx_word' id='word_1_711' title='bbox 3379 4273 3499 4310; x_wconf 71' lang='lat' dir='ltr'><strong>essu</strong></span> 
     </span>
    </p>
   </div>
   <div class='ocr_carea' id='block_1_98' title="bbox 1934 4350 3494 4431">
    <p class='ocr_par' dir='ltr' id='par_1_98' title="bbox 1934 4350 3494 4431">
     <span class='ocr_line' id='line_1_98' title="bbox 1934 4350 3494 4431; baseline -0.014 -14"><span class='ocrx_word' id='word_1_712' title='bbox 1934 4365 2127 4417; x_wconf 81' lang='lat' dir='ltr'><strong>dicitur</strong></span> <span class='ocrx_word' id='word_1_713' title='bbox 2158 4363 2302 4431; x_wconf 89' lang='lat' dir='ltr'><strong>(nam</strong></span> <span class='ocrx_word' id='word_1_714' title='bbox 2324 4360 2376 4413; x_wconf 89' lang='lat' dir='ltr'><strong>in</strong></span> <span class='ocrx_word' id='word_1_715' title='bbox 2410 4371 2505 4410; x_wconf 87' lang='lat' dir='ltr'><strong>sua</strong></span> <span class='ocrx_word' id='word_1_716' title='bbox 2562 4352 2794 4408; x_wconf 83' lang='lat' dir='ltr'><strong>essentia</strong></span> <span class='ocrx_word' id='word_1_717' title='bbox 2833 4350 3131 4404; x_wconf 88' lang='lat' dir='ltr'><strong>subsistens</strong></span> <span class='ocrx_word' id='word_1_718' title='bbox 3162 4357 3413 4414; x_wconf 85' lang='lat' dir='ltr'><strong>tanquam</strong></span> <span class='ocrx_word' id='word_1_719' title='bbox 3468 4364 3494 4398; x_wconf 91' lang='lat' dir='ltr'><strong>a</strong></span> 
     </span>
    </p>
   </div>
   <div class='ocr_carea' id='block_1_99' title="bbox 1934 4438 3499 4523">
    <p class='ocr_par' dir='ltr' id='par_1_99' title="bbox 1934 4438 3499 4523">
     <span class='ocr_line' id='line_1_99' title="bbox 1934 4438 3499 4523; baseline -0.015 -9"><span class='ocrx_word' id='word_1_720' title='bbox 1934 4456 2109 4514; x_wconf 80' lang='lat' dir='ltr'><strong>servis</strong></span> <span class='ocrx_word' id='word_1_721' title='bbox 2131 4453 2354 4522; x_wconf 75' lang='lat' dir='ltr'><strong>gloriam</strong></span> <span class='ocrx_word' id='word_1_722' title='bbox 2387 4448 2629 4523; x_wconf 79' lang='lat' dir='ltr'><strong>accipit),</strong></span> <span class='ocrx_word' id='word_1_723' title='bbox 2681 4451 2830 4497; x_wconf 90' lang='lat' dir='ltr'><strong>certe</strong></span> <span class='ocrx_word' id='word_1_724' title='bbox 2889 4440 3003 4494; x_wconf 87' lang='lat' dir='ltr'><strong>Filii</strong></span> <span class='ocrx_word' id='word_1_725' title='bbox 3040 4438 3273 4493; x_wconf 81' lang='lat' dir='ltr'><strong>essentia</strong></span> <span class='ocrx_word' id='word_1_726' title='bbox 3322 4439 3375 4492; x_wconf 91' lang='lat' dir='ltr'><strong>in</strong></span> <span class='ocrx_word' id='word_1_727' title='bbox 3434 4455 3499 4491; x_wconf 87' lang='lat' dir='ltr'><strong>eo</strong></span> 
     </span>
    </p>
   </div>
   <div class='ocr_carea' id='block_1_100' title="bbox 1936 4529 3496 4608">
    <p class='ocr_par' dir='ltr' id='par_1_100' title="bbox 1936 4529 3496 4608">
     <span class='ocr_line' id='line_1_100' title="bbox 1936 4529 3496 4608; baseline -0.015 -5"><span class='ocrx_word' id='word_1_728' title='bbox 1936 4564 2040 4603; x_wconf 87' lang='lat' dir='ltr'><strong>non</strong></span> <span class='ocrx_word' id='word_1_729' title='bbox 2079 4544 2360 4604; x_wconf 89' lang='lat' dir='ltr'><strong>consistet,</strong></span> <span class='ocrx_word' id='word_1_730' title='bbox 2388 4539 2529 4608; x_wconf 89' lang='lat' dir='ltr'><strong>quod</strong></span> <span class='ocrx_word' id='word_1_731' title='bbox 2565 4535 2767 4604; x_wconf 82' lang='lat' dir='ltr'><strong>aliquid</strong></span> <span class='ocrx_word' id='word_1_732' title='bbox 2803 4550 2831 4587; x_wconf 89' lang='lat' dir='ltr'><strong>a</strong></span> <span class='ocrx_word' id='word_1_733' title='bbox 2863 4532 3020 4585; x_wconf 80' lang='lat' dir='ltr'><strong>Patre</strong></span> <span class='ocrx_word' id='word_1_734' title='bbox 3057 4532 3309 4598; x_wconf 85' lang='lat' dir='ltr'><strong>accipiat.</strong></span> <span class='ocrx_word' id='word_1_735' title='bbox 3364 4529 3496 4582; x_wconf 87' lang='lat' dir='ltr'><strong>Cum</strong></span> 
     </span>
    </p>
   </div>
   <div class='ocr_carea' id='block_1_101' title="bbox 1935 4623 3499 4701">
    <p class='ocr_par' dir='ltr' id='par_1_101' title="bbox 1935 4623 3499 4701">
     <span class='ocr_line' id='line_1_101' title="bbox 1935 4623 3499 4701; baseline -0.013 -8"><span class='ocrx_word' id='word_1_736' title='bbox 1935 4639 2080 4694; x_wconf 90' lang='lat' dir='ltr'><strong>enim</strong></span> <span class='ocrx_word' id='word_1_737' title='bbox 2123 4635 2194 4688; x_wconf 91' lang='lat' dir='ltr'><strong>sit</strong></span> <span class='ocrx_word' id='word_1_738' title='bbox 2220 4644 2381 4701; x_wconf 89' lang='lat' dir='ltr'><strong>atque</strong></span> <span class='ocrx_word' id='word_1_739' title='bbox 2407 4629 2667 4684; x_wconf 83' lang='lat' dir='ltr'><strong>subsistat</strong></span> <span class='ocrx_word' id='word_1_740' title='bbox 2685 4628 2886 4694; x_wconf 85' lang='lat' dir='ltr'><strong>absque</strong></span> <span class='ocrx_word' id='word_1_741' title='bbox 2912 4623 3192 4693; x_wconf 88' lang='lat' dir='ltr'><strong>principio,</strong></span> <span class='ocrx_word' id='word_1_742' title='bbox 3219 4624 3284 4674; x_wconf 84' lang='lat' dir='ltr'><strong>ab</strong></span> <span class='ocrx_word' id='word_1_743' title='bbox 3299 4632 3499 4674; x_wconf 73' lang='lat' dir='ltr'><strong>mterno</strong></span> 
     </span>
    </p>
   </div>
   <div class='ocr_carea' id='block_1_102' title="bbox 1939 4708 3499 4795">
    <p class='ocr_par' dir='ltr' id='par_1_102' title="bbox 1939 4708 3499 4795">
     <span class='ocr_line' id='line_1_102' title="bbox 1939 4708 3499 4795; baseline -0.016 -12"><span class='ocrx_word' id='word_1_744' title='bbox 1939 4744 2005 4783; x_wconf 80' lang='lat' dir='ltr'><strong>ex</strong></span> <span class='ocrx_word' id='word_1_745' title='bbox 2032 4729 2146 4795; x_wconf 82' lang='lat' dir='ltr'><strong>ipso</strong></span> <span class='ocrx_word' id='word_1_746' title='bbox 2167 4722 2465 4792; x_wconf 88' lang='lat' dir='ltr'><strong>procedens</strong></span> <span class='ocrx_word' id='word_1_747' title='bbox 2493 4719 2693 4772; x_wconf 89' lang='lat' dir='ltr'><strong>dicitur</strong></span> <span class='ocrx_word' id='word_1_748' title='bbox 2723 4718 2969 4783; x_wconf 83' lang='lat' dir='ltr'><strong>accipere</strong></span> <span class='ocrx_word' id='word_1_749' title='bbox 3008 4729 3126 4781; x_wconf 71' lang='lat' dir='ltr'><strong>qua:</strong></span> <span class='ocrx_word' id='word_1_750' title='bbox 3180 4708 3499 4765; x_wconf 83' lang='lat' dir='ltr'><strong>naturaliter</strong></span> 
     </span>
    </p>
   </div>
   <div class='ocr_carea' id='block_1_103' title="bbox 1934 4798 3499 4879">
    <p class='ocr_par' dir='ltr' id='par_1_103' title="bbox 1934 4798 3499 4879">
     <span class='ocr_line' id='line_1_103' title="bbox 1934 4798 3499 4879; baseline -0.015 -9"><span class='ocrx_word' id='word_1_751' title='bbox 1934 4817 1983 4870; x_wconf 89' lang='lat' dir='ltr'><strong>ei</strong></span> <span class='ocrx_word' id='word_1_752' title='bbox 2024 4816 2239 4876; x_wconf 84' lang='lat' dir='ltr'><strong>insunt;</strong></span> <span class='ocrx_word' id='word_1_753' title='bbox 2269 4806 2719 4879; x_wconf 87' lang='lat' dir='ltr'><strong>quemadmodum</strong></span> <span class='ocrx_word' id='word_1_754' title='bbox 2760 4814 2811 4858; x_wconf 92' lang='lat' dir='ltr'><strong>et</strong></span> <span class='ocrx_word' id='word_1_755' title='bbox 2850 4819 2914 4857; x_wconf 85' lang='lat' dir='ltr'><strong>ex</strong></span> <span class='ocrx_word' id='word_1_756' title='bbox 2952 4803 3169 4856; x_wconf 87' lang='lat' dir='ltr'><strong>homine</strong></span> <span class='ocrx_word' id='word_1_757' title='bbox 3200 4798 3499 4869; x_wconf 72' lang='lat' dir='ltr'><strong>procedens</strong></span> 
     </span>
    </p>
   </div>
   <div class='ocr_carea' id='block_1_104' title="bbox 1937 4891 3495 4962">
    <p class='ocr_par' dir='ltr' id='par_1_104' title="bbox 1937 4891 3495 4962">
     <span class='ocr_line' id='line_1_104' title="bbox 1937 4891 3495 4962; baseline -0.014 -2"><span class='ocrx_word' id='word_1_758' title='bbox 1937 4907 2077 4959; x_wconf 74' lang='lat' dir='ltr'><strong>[ilius</strong></span> <span class='ocrx_word' id='word_1_759' title='bbox 2128 4902 2306 4955; x_wconf 90' lang='lat' dir='ltr'><strong>omnia</strong></span> <span class='ocrx_word' id='word_1_760' title='bbox 2336 4900 2533 4953; x_wconf 90' lang='lat' dir='ltr'><strong>habere</strong></span> <span class='ocrx_word' id='word_1_761' title='bbox 2558 4897 2768 4950; x_wconf 85' lang='lat' dir='ltr'><strong>videtur</strong></span> <span class='ocrx_word' id='word_1_762' title='bbox 2789 4910 2907 4962; x_wconf 71' lang='lat' dir='ltr'><strong>qua:</strong></span> <span class='ocrx_word' id='word_1_763' title='bbox 2931 4893 3098 4962; x_wconf 87' lang='lat' dir='ltr'><strong>patris</strong></span> <span class='ocrx_word' id='word_1_764' title='bbox 3116 4891 3196 4945; x_wconf 88' lang='lat' dir='ltr'><strong>sui</strong></span> <span class='ocrx_word' id='word_1_765' title='bbox 3232 4898 3495 4952; x_wconf 70' lang='lat' dir='ltr'><strong>sunt,una</strong></span> 
     </span>
    </p>
   </div>
   <div class='ocr_carea' id='block_1_105' title="bbox 1935 4979 3498 5058">
    <p class='ocr_par' dir='ltr' id='par_1_105' title="bbox 1935 4979 3498 5058">
     <span class='ocr_line' id='line_1_105' title="bbox 1935 4979 3498 5058; baseline -0.013 -8"><span class='ocrx_word' id='word_1_766' title='bbox 1935 5011 2057 5050; x_wconf 89' lang='lat' dir='ltr'><strong>cum</strong></span> <span class='ocrx_word' id='word_1_767' title='bbox 2081 4991 2354 5053; x_wconf 87' lang='lat' dir='ltr'><strong>omnibus,</strong></span> <span class='ocrx_word' id='word_1_768' title='bbox 2386 5004 2507 5058; x_wconf 71' lang='lat' dir='ltr'><strong>qua:</strong></span> <span class='ocrx_word' id='word_1_769' title='bbox 2552 4987 2693 5040; x_wconf 91' lang='lat' dir='ltr'><strong>illius</strong></span> <span class='ocrx_word' id='word_1_770' title='bbox 2725 4993 2871 5046; x_wconf 88' lang='lat' dir='ltr'><strong>sunt,</strong></span> <span class='ocrx_word' id='word_1_771' title='bbox 2922 4984 3082 5036; x_wconf 85' lang='lat' dir='ltr'><strong>etiam</strong></span> <span class='ocrx_word' id='word_1_772' title='bbox 3127 4996 3243 5034; x_wconf 88' lang='lat' dir='ltr'><strong>esse</strong></span> <span class='ocrx_word' id='word_1_773' title='bbox 3270 4995 3334 5035; x_wconf 82' lang='lat' dir='ltr'><strong>ex</strong></span> <span class='ocrx_word' id='word_1_774' title='bbox 3381 4979 3498 5047; x_wconf 81' lang='lat' dir='ltr'><strong>ipso</strong></span> 
     </span>
    </p>
   </div>
   <div class='ocr_carea' id='block_1_106' title="bbox 1936 5070 3499 5142">
    <p class='ocr_par' dir='ltr' id='par_1_106' title="bbox 1936 5070 3499 5142">
     <span class='ocr_line' id='line_1_106' title="bbox 1936 5070 3499 5142; baseline -0.014 -2"><span class='ocrx_word' id='word_1_775' title='bbox 1936 5087 2159 5140; x_wconf 86' lang='lat' dir='ltr'><strong>habens.</strong></span> <span class='ocrx_word' id='word_1_776' title='bbox 2185 5082 2451 5137; x_wconf 62' lang='lat' dir='ltr'><strong>Craterum</strong></span> <span class='ocrx_word' id='word_1_777' title='bbox 2483 5078 2662 5131; x_wconf 86' lang='lat' dir='ltr'><strong>divina</strong></span> <span class='ocrx_word' id='word_1_778' title='bbox 2698 5085 2859 5142; x_wconf 89' lang='lat' dir='ltr'><strong>atque</strong></span> <span class='ocrx_word' id='word_1_779' title='bbox 2911 5072 3193 5125; x_wconf 73' lang='lat' dir='ltr'><strong>ineﬂabilis</strong></span> <span class='ocrx_word' id='word_1_780' title='bbox 3223 5070 3499 5139; x_wconf 81' lang='lat' dir='ltr'><strong>generatio</strong></span> 
     </span>
    </p>
   </div>
   <div class='ocr_carea' id='block_1_107' title="bbox 1934 5163 3499 5243">
    <p class='ocr_par' dir='ltr' id='par_1_107' title="bbox 1934 5163 3499 5243">
     <span class='ocr_line' id='line_1_107' title="bbox 1934 5163 3499 5243; baseline -0.012 -13"><span class='ocrx_word' id='word_1_781' title='bbox 1934 5175 2161 5243; x_wconf 78' lang='lat' dir='ltr'><strong>exempli</strong></span> <span class='ocrx_word' id='word_1_782' title='bbox 2185 5191 2212 5226; x_wconf 88' lang='lat' dir='ltr'><strong>a</strong></span> <span class='ocrx_word' id='word_1_783' title='bbox 2243 5171 2396 5226; x_wconf 89' lang='lat' dir='ltr'><strong>nobis</strong></span> <span class='ocrx_word' id='word_1_784' title='bbox 2421 5169 2565 5223; x_wconf 78' lang='lat' dir='ltr'><strong>allati</strong></span> <span class='ocrx_word' id='word_1_785' title='bbox 2598 5167 2857 5220; x_wconf 85' lang='lat' dir='ltr'><strong>rationem</strong></span> <span class='ocrx_word' id='word_1_786' title='bbox 2891 5163 3047 5233; x_wconf 86' lang='lat' dir='ltr'><strong>longe</strong></span> <span class='ocrx_word' id='word_1_787' title='bbox 3074 5163 3318 5227; x_wconf 79' lang='lat' dir='ltr'><strong>excedat,</strong></span> <span class='ocrx_word' id='word_1_788' title='bbox 3342 5169 3499 5215; x_wconf 86' lang='lat' dir='ltr'><strong>etres</strong></span> 
     </span>
    </p>
   </div>
   <div class='ocr_carea' id='block_1_108' title="bbox 1939 5260 2699 5329">
    <p class='ocr_par' dir='ltr' id='par_1_108' title="bbox 1939 5260 2699 5329">
     <span class='ocr_line' id='line_1_108' title="bbox 1939 5260 2699 5329; baseline -0.014 -9"><span class='ocrx_word' id='word_1_789' title='bbox 1939 5268 2121 5321; x_wconf 86' lang='lat' dir='ltr'><strong>divino</strong></span> <span class='ocrx_word' id='word_1_790' title='bbox 2162 5264 2322 5320; x_wconf 86' lang='lat' dir='ltr'><strong>modo</strong></span> <span class='ocrx_word' id='word_1_791' title='bbox 2351 5260 2699 5329; x_wconf 87' lang='lat' dir='ltr'><strong>intelligatur.</strong></span> 
     </span>
    </p>
   </div>
   <div class='ocr_carea' id='block_1_109' title="bbox 2371 5366 3027 5441">
    <p class='ocr_par' dir='ltr' id='par_1_109' title="bbox 2371 5366 3027 5441">
     <span class='ocr_line' id='line_1_109' title="bbox 2371 5366 3027 5441; baseline -0.018 -16"><span class='ocrx_word' id='word_1_792' title='bbox 2371 5371 2603 5441; x_wconf 84' lang='lat' dir='ltr'><strong>Objectio</strong></span> <span class='ocrx_word' id='word_1_793' title='bbox 2646 5366 3027 5421; x_wconf 70' lang='lat' dir='ltr'><strong>hwretirorum.</strong></span> 
     </span>
    </p>
   </div>
   <div class='ocr_carea' id='block_1_110' title="bbox 2008 5467 3497 5555">
    <p class='ocr_par' dir='ltr' id='par_1_110' title="bbox 2008 5467 3497 5555">
     <span class='ocr_line' id='line_1_110' title="bbox 2008 5467 3497 5555; baseline -0.016 -13"><span class='ocrx_word' id='word_1_794' title='bbox 2008 5486 2182 5554; x_wconf 86' lang='lat' dir='ltr'><strong>Quod,</strong></span> <span class='ocrx_word' id='word_1_795' title='bbox 2217 5484 2489 5555; x_wconf 84' lang='lat' dir='ltr'><strong>inquiunt,</strong></span> <span class='ocrx_word' id='word_1_796' title='bbox 2521 5483 2586 5535; x_wconf 87' lang='lat' dir='ltr'><strong>iis</strong></span> <span class='ocrx_word' id='word_1_797' title='bbox 2618 5478 2869 5549; x_wconf 68' lang='lat' dir='ltr'><strong>quzejatn</strong></span> <span class='ocrx_word' id='word_1_798' title='bbox 2926 5486 3050 5530; x_wconf 87' lang='lat' dir='ltr'><strong>sunt</strong></span> <span class='ocrx_word' id='word_1_799' title='bbox 3112 5483 3269 5541; x_wconf 86' lang='lat' dir='ltr'><strong>atque</strong></span> <span class='ocrx_word' id='word_1_800' title='bbox 3321 5467 3497 5523; x_wconf 84' lang='lat' dir='ltr'><strong>subsi-</strong></span> 
     </span>
    </p>
   </div>
   <div class='ocr_carea' id='block_1_111' title="bbox 3071 5742 3104 5797">
    <p class='ocr_par' dir='ltr' id='par_1_111' title="bbox 3071 5742 3104 5797">
     <span class='ocr_line' id='line_1_111' title="bbox 3071 5742 3104 5797; baseline 0 0"><span class='ocrx_word' id='word_1_801' title='bbox 3071 5742 3104 5797; x_wconf 84' lang='lat'>8</span> 
     </span>
    </p>
   </div>
  </div>
