4106 6204
492 281 600 335 235

491 485 780 542 conveniat
805 479 1007 551 aliquid
1037 478 1307 545 accipere,
1334 486 1431 525 nos
1472 468 1635 522 etiam
1660 468 1663 473 ’
1688 462 2054 519 concedimus.

493 578 759 632 Caeterum
786 573 913 627 illud
940 582 1082 625 nunc
1100 577 1323 620 necesse
1344 569 1429 613 est
1448 558 1647 619 dicere,
1674 553 1816 622 quod
1843 553 1894 607 id
1921 552 2062 620 quod

493 669 689 737 accipit
716 664 916 733 aliquid
962 662 1028 714 ab
1052 658 1179 722 alio,
1235 664 1490 720 tanquam
1521 662 1625 701 non
1659 644 1865 699 habens
1885 644 2062 727 ﬂacci-

492 765 591 833 pit.
616 761 672 815 Si
700 773 827 825 ergo
850 758 1011 810 Pater
1048 749 1266 819 quidem
1326 744 1490 797 habet
1542 742 1665 802 hoc,
1714 747 1774 793 ut
1843 737 1913 791 sit
1956 737 2064 790 vita

494 829 787 907 secundum
840 843 1157 900 essentiam,
1197 836 1292 889 dat
1344 847 1472 888 vero
1512 831 1561 885 id
1593 829 1752 890 Filio,
1811 829 2065 882 nimirum

494 954 554 997 ut
588 958 693 996 non
716 935 931 993 habenti
963 948 975 982 :
1010 945 1116 999 quo
1148 924 1486 996 pactoigitur
1514 923 1619 977 erit
1653 920 1862 975 ratione
1886 934 2069 974 essen-

496 1037 584 1087 tiae
610 1028 807 1086 similis
830 1025 902 1089 ei,
931 1024 998 1077 ab
1025 1036 1088 1077 eo
1116 1017 1387 1087 accipiens
1414 1014 1555 1085 quod
1582 1014 1809 1083 ipsemet
1837 1026 1944 1067 non
1968 1011 2067 1065 ha-

498 1121 622 1175 bet?

1011 1221 1217 1277 Solutio
1244 1217 1572 1288 objectionis.

562 1338 881 1412 lnquirenda
904 1345 987 1392 est
1011 1344 1267 1390 accurate
1297 1331 1428 1385 dicti
1470 1330 1642 1398 ipsius
1670 1327 1737 1382 de
1797 1340 1905 1395 quo
1958 1324 2071 1392 agi-

500 1452 639 1499 mus,
670 1450 701 1489 o
738 1431 883 1494 boni,
910 1430 1201 1489 sententia,
1230 1440 1293 1479 ac
1329 1434 1439 1477 tum
1470 1421 1697 1475 rationis
1722 1420 1828 1472 vim
1865 1417 2074 1471 videbi—

498 1543 641 1582 mus.
676 1528 715 1578 A
744 1522 900 1577 nobis
928 1519 1074 1574 enim
1105 1523 1295 1571 contra
1321 1512 1574 1567 audietis.
1610 1510 1665 1563 Si
1691 1510 1770 1563 sic
1799 1508 1963 1562 habet
1992 1506 2073 1559 vi-

500 1627 609 1672 tam
645 1613 811 1666 Filius
860 1604 1310 1679 quemadmodum
1355 1612 1403 1655 et
1478 1600 1658 1664 Pater,
1727 1598 1828 1653 hoc
1856 1607 1960 1661 est,
2022 1596 2073 1649 in

504 1712 702 1777 seipso,
736 1722 832 1775 per
863 1705 1005 1772 quod
1040 1699 1380 1770 signiﬁcatur
1408 1694 1791 1757 essentialiter,
1831 1692 1958 1761 quid
1987 1693 2077 1746 ob—

505 1800 671 1855 stabit
699 1796 988 1867 quominus
1018 1805 1137 1860 quae
1166 1789 1417 1844 similiter
1456 1801 1515 1840 se
1562 1788 1782 1845 habent,
1835 1784 2072 1851 eiusdem

509 1904 724 1961 quoque
752 1889 862 1945 sint
888 1880 1240 1939 substantiae?
1270 1880 1326 1933 Si
1355 1880 1499 1932 enim
1524 1878 1686 1932 Pater
1721 1877 1884 1931 habet
1910 1875 2073 1928 vitam

502 1981 557 2036 in
605 1980 801 2049 seipso,
829 1987 883 2030 et
904 1974 1073 2028 Filius
1106 1970 1341 2026 vicissim
1374 1971 1540 2022 vitam
1578 1968 1630 2021 in
1665 1968 1843 2037 seipso
1894 1965 2075 2030 habet,

505 2087 611 2126 non
643 2084 739 2139 per
772 2066 1151 2136 adjectionem,
1186 2071 1242 2115 ut
1272 2075 1368 2116 vos
1399 2058 1720 2125 opinamini,
1788 2056 1893 2109 erit
1913 2056 2078 2110 etiam

504 2160 654 2216 Patri
682 2158 979 2213 secundum
1006 2152 1301 2207 essentiam
1339 2148 1587 2217 aequalis,
1622 2149 1714 2215 qui
1739 2147 1926 2202 eodem
1959 2159 2078 2199 mo-

508 2254 575 2309 do
616 2251 784 2305 vitam
810 2236 972 2302 habet
995 2254 1156 2314 atque
1194 2242 1302 2304 ille,
1334 2254 1511 2295 etnon
1544 2238 1723 2292 aliter.

1212 2374 1445 2430 ALIUD.

576 2497 633 2552 Si
663 2493 830 2549 Filius
866 2506 969 2545 non
991 2498 1074 2543 est
1112 2487 1218 2540 vita
1258 2483 1553 2540 secundum
1605 2490 1877 2545 naturam,
1921 2477 2074 2549 141

509 2604 617 2660 quo
652 2594 809 2655 pacto
841 2596 967 2635 vere
996 2579 1125 2633 dicit
1162 2595 1174 2629 :
1209 2595 1229 2627 ‹
1267 2575 1367 2642 Qui
1387 2574 1559 2629 credit
1611 2572 1663 2626 in
1690 2584 1805 2639 me,
1823 2570 1982 2622 habet
2005 2570 2083 2621 vi-

509 2693 618 2737 tam
644 2688 897 2733 aeternam
926 2673 1011 2725 "‘9
1064 2689 1083 2721 ›
1145 2668 1211 2722 Et
1228 2680 1459 2721 rursus:
1511 2682 1529 2715 ι
1569 2661 1707 2717 Oves
1747 2672 2081 2714 meaavocem

511 2785 687 2825 meam
723 2766 948 2821 audiunt
975 2762 1050 2828 ‘3;
1086 2779 1104 2812 ι
1142 2770 1196 2814 et
1230 2776 1244 2813 :
1284 2777 1303 2809 ι
1331 2756 1440 2827 Ego
1466 2756 1533 2811 do
1564 2753 1694 2822 ipsis
1738 2752 1899 2805 vitam
1928 2758 2084 2803 aeter-

512 2875 669 2924 nam;
704 2875 723 2908 ι
757 2865 811 2909 et
842 2867 1030 2907 rursus
1078 2870 1089 2905 :
1133 2868 1150 2900 ι
1192 2849 1292 2915 Qui
1326 2846 1498 2901 credit
1532 2844 1584 2898 in
1617 2857 1724 2905 me,
1761 2855 1866 2896 non
1899 2847 2085 2909 gusta-

516 2953 595 3005 bit
625 2956 855 3001 mortem
888 2944 940 2996 in
971 2952 1232 2994 aeternum
1257 2939 1326 2988 ⁶⁹.
1366 2954 1383 2987 ι
1408 2934 1709 3002 Oportebat
1746 2930 1888 2985 enim
1941 2929 2088 2982 dice-

516 3048 609 3093 re”:
638 3037 738 3103 Qui
775 3032 945 3088 credit
972 3031 1024 3083 in
1053 3043 1162 3090 me,
1195 3026 1427 3094 accipiet
1489 3024 1676 3086 vitam,
1724 3034 1887 3088 quam
1942 3017 2083 3072 dedit

1519 260 1575 313 S.
1617 253 1887 313 CYRILLI
1925 246 2392 305 ALEXANDRINI
2433 245 2748 301 ARCHIEP.

382 388 387 392 ’
491 406 664 461 stunt,
694 408 796 448 non
834 401 1013 445 autem
1066 386 1133 440 iis
1189 396 1309 453 qua:
1370 394 1475 434 non
1563 375 1829 429 exsistunt
1895 369 2065 437 magis

2183 368 2224 418 >6
2253 368 2362 428 τοῖς
2396 366 2469 435 μὴ
2503 360 2619 417 οὖσι
2647 361 2895 432 δέχεσθαί
2948 378 2999 415 τι
3036 358 3499 430 πρεπωδέστερον,
3536 353 3736 425 συνθη-

3625 238 3731 291 ἳὸϐ

2166 459 2371 528 σόμεθα
2397 458 2491 509 καὶ
2515 456 2687 509 αὐτοί.
2737 454 2875 506 Ἀλλ’
2905 455 3081 505 ἐκεῖνο
3096 451 3191 505 νῦν
3221 450 3514 517 ἀναγκαῖον
3543 447 3735 509 εἰπεῖν,

2164 550 2245 601 ὅτι
2275 548 2334 600 τὸ
2357 547 2641 616 δεχόμενόν
2663 563 2714 597 τι
2740 545 2891 613 παρά
2916 560 3079 608 τινος,
3136 542 3213 605 ὡς
3240 542 3341 594 οὐκ
3371 539 3491 609 ἕχον
3520 537 3736 609 λαμϐά-

2166 658 2267 694 νει.
2294 641 2355 691 Εἰ
2388 640 2569 691 τοίνυν
2596 638 2708 707 ἔχει
2735 637 2837 706 μὲν
2874 638 2902 689 6
2932 636 3120 705 Πατὴρ
3158 634 3218 686 τὸ
3277 629 3417 686 εἶναι
3469 631 3582 701 ζωὴ
3620 632 3739 684 κατ’

2166 731 2375 793 οὐσίαν,
2405 729 2587 782 δίδωσι
2615 729 2671 781 δὲ
2705 727 2862 780 τοῦτο
2887 727 2964 796 τῷ
2994 726 3107 796 Υίῷ
3141 726 3216 788 ὡς
3248 726 3349 778 οὑκ
3374 724 3550 795 ἔχοντι
3581 724 3741 793 δηλα-

2168 822 2252 891 δὴ,
2280 821 2398 884 πῶς
2426 818 2517 874 οὖν
2548 820 2698 874 ἔσται
2728 819 2846 872 κατ’
2874 818 3057 871 οὐσίαν
3088 820 3271 888 ὅμοιος
3302 814 3449 887 αὐτῷ
3486 815 3616 884 παρ’
3649 816 3742 868 αύ-

2169 910 2262 965 τοῦ
2302 912 2592 982 δεχόμενος
2622 912 2758 982 ὅπερ
2784 911 2947 975 αὐτὸς
2972 912 3071 965 οὐκ
3102 910 3249 981 ἔχει;

2671 1194 2823 1260 Πρὸς
2849 1193 3023 1245 τοῦτο
3051 1193 3247 1258 λύσις.

2258 1307 2600 1373 Ἐξεταστέον
2634 1304 2896 1375 ἀκριϐῶς,
2946 1298 2990 1355 ὼ
3028 1304 3312 1373 βέλτιστοι,
3338 1303 3431 1356 τοῦ
3459 1304 3751 1375 προτεθέν-

2174 1416 2265 1460 τος
2303 1399 2466 1468 ρητοῦ
2490 1399 2588 1469 τὴν
2611 1398 2871 1459 διάνοιαν,
2898 1396 2994 1448 καὶ
3023 1395 3144 1448 τότε
3169 1394 3264 1448 τοῦ
3295 1394 3451 1463 λόγου
3472 1396 3570 1466 τὴν
3594 1396 3751 1449 δύνα·

2180 1507 2274 1558 μιν
2296 1487 2558 1559 ὀψόμεθα.
2598 1486 3019 1539 Ἀντακούσεσθε
3065 1484 3173 1555 γὰρ
3214 1485 3343 1555 παρ’
3381 1483 3557 1554 ἡμῶν,
3585 1487 3633 1538 εί
3656 1479 3779 1536 οὖ-’

2177 1598 2285 1643 τως
2315 1580 2428 1650 ἔχει
2462 1580 2561 1648 τὴν
2582 1578 2725 1648 ζωὴν
2754 1579 2782 1629 6
2806 1577 2931 1639 Υἱὸς
2960 1575 3149 1646 ὥσπερ
3172 1576 3267 1629 καὶ
3297 1577 3326 1628 6
3375 1575 3582 1644 Πατὴρ,
3623 1591 3749 1627 του-

2179 1671 2379 1734 τέστιν,
2414 1672 2470 1722 ἐν
2494 1668 2689 1738 ἑαυτῷ,
2724 1667 2791 1720 δι’
2826 1660 2886 1719 οὗ
2916 1665 2977 1719 τὸ
3004 1664 3276 1728 οὐσιωδῶς
3313 1666 3636 1736 σημαίνεται
3655 1709 3669 1732 ,
3697 1666 3751 1718 τί

2108 1740 2146 1793 Β
2178 1759 2412 1813 κωλύσει
2443 1759 2510 1813 τὰ
2540 1758 2743 1829 ὁμοίως
2776 1758 2987 1827 ἔχοντα,
3012 1756 3114 1825 τῆς
3145 1757 3313 1826 αὐτῆς
3336 1753 3472 1810 εἶναι
3529 1758 3624 1809 καὶ
3660 1757 3753 1809 ού-

2181 1852 2335 1917 σίας;
2374 1850 2434 1901 El
2489 1850 2597 1920 γὰρ
2654 1849 2684 1900 6
2738 1849 2928 1919 Πατὴρ
2961 1847 3071 1917 ἔχει
3112 1848 3211 1917 τὴν
3266 1848 3409 1919 ζωὴν
3443 1850 3500 1900 ἐν
3553 1847 3750 1918 ἐαυτῷ,

2178 1940 2292 2011 ἔχει
2322 1941 2379 1993 δὲ
2412 1940 2573 1993 πάλιν
2605 1940 2774 2009 αὐτὴν
2798 1942 2827 1992 6
2861 1940 2989 2003 Υἱὸς
3017 1940 3074 1993 ὲν
3104 1937 3299 2008 ἑαυτῷ,
3340 1939 3439 1991 οὐκ
3476 1939 3534 1992 ὲν
3582 1956 3753 2011 προσ-

2180 2031 2355 2103 θήκης
2387 2031 2564 2102 μέρει,
2592 2029 2844 2101 καθάπερ
2872 2031 3027 2101 ὑμεῖς
3059 2047 3214 2099 φατε,
3248 2029 3399 2082 ἔσται
3428 2030 3521 2082 καὶ
3540 2030 3617 2101 τῷ
3640 2032 3753 2083 Πα-

2179 2122 2267 2188 τρὶ¹
2325 2120 2446 2174 κατ’
2499 2122 2687 2173 οὐσίαν
2742 2122 2886 2184 ἶσος,
2930 2122 2959 2173 6
3004 2119 3264 2184 ὡσαύτως
3309 2120 3447 2191 ἔχων
3477 2122 3574 2191 τὴν
3612 2119 3755 2191 ζωὴν

2181 2212 2372 2281 ἐκείνῳ
2395 2251 2408 2277 ,
2442 2211 2538 2264 καὶ
2573 2214 2671 2282 οὐχ
2704 2212 2924 2283 ἑτέρως.

2869 2342 3067 2398 ΑΛΛΟ.

2253 2456 2314 2509 Εἰ
2348 2473 2420 2526 μη
2452 2454 2563 2524 ζωὴ
2595 2454 2731 2507 κατὰ
2780 2454 2942 2524 φύσιν
2983 2444 3129 2507 ἐστὶν
3157 2455 3185 2507 6
3210 2453 3356 2519 Υἱὸς,
3416 2454 3533 2517 πῶς
3555 2454 3760 2525 ἐπαλη-

2183 2546 2361 2598 θεύσει
2389 2545 2584 2612 λέγων·
2626 2566 2642 2596 ι
2682 2546 2738 2598 '0
2771 2544 3040 2597 πιστεύων
3079 2547 3159 2608 εἰς
3181 2546 3301 2615 ἐμὲ,
3324 2544 3435 2614 ἔχει
3459 2546 3602 2617 ζωὴν
3625 2546 3758 2600 aldi-

2183 2653 2328 2701 vzov;
2355 2655 2373 2686 ι
2407 2637 2517 2688 Kal
2543 2635 2723 2688 πάλιψ
2759 2653 2777 2686 ι
2820 2635 2902 2688 Τὰ
2932 2635 3181 2707 πρόϐατα
3227 2637 3296 2689 τὰ
3339 2636 3450 2707 ἐμὰ
3496 2637 3595 2706 τῆς
3623 2638 3760 2707 ἐμῆς

2183 2722 2368 2776 ἀκούει
2382 2724 2584 2793 φωνῆς.
2600 2742 2617 2774 ι
2628 2741 2721 2774 --‹
2734 2722 2903 2791 Κάγὼ
2918 2723 3109 2794 δίδωμι
3126 2724 3306 2789 αὐτοῖς
3328 2724 3471 2795 ζωὴν
3487 2725 3719 2779 αἰώνιον.
3735 2746 3753 2776 ο

2185 2816 2292 2867 Kal
2322 2815 2507 2869 πάλιν
2540 2835 2558 2867 ‹
2610 2817 2669 2868 '0
2700 2813 2969 2867 πιστεύων
3001 2816 3081 2878 είς
3114 2816 3217 2886 ἐμὲ
3285 2817 3345 2867 ού
3388 2817 3461 2887 μὴ
3500 2817 3760 2886 γεύσηται

2186 2905 2417 2959 Θανάτου
2440 2908 2518 2968 εἰς
2551 2905 2641 2957 τὸν
2675 2906 2867 2959 αἰῶνα.
2904 2923 2922 2955 ›
2967 2905 3113 2959 Ἔδει
3170 2906 3278 2977 γὰρ
3323 2907 3535 2975 λέγειν’
3582 2908 3640 2960 '0
3670 2925 3760 2960 πι-

2176 2995 2391 3069 ,στεύων
2420 2999 2501 3059 εἰς
2553 2998 2652 3066 ἐμὲ
2687 2996 2913 3068 λήψεται
2942 2999 3071 3067 παρ’
3111 2981 3245 3069 ἐμοῦ
3277 2998 3438 3069 ζωὴν,
3464 2998 3531 3068 ἢν
3558 2998 3759 3052 δέδωκέ

517 3082 859 3185 ῐηίιιὶκΡειιθτ.
894 3124 1060 3177 Item:
1088 3119 1222 3172 Eum
1253 3117 1343 3185 qui
1391 3112 1685 3168 crediderit
1715 3112 1766 3162 in
1816 3122 1922 3172 me,
1977 3121 2081 3161 non

2191 3106 2281 3157 μοι
2313 3090 2342 3140 6
2369 3089 2578 3159 Πατήρ.
2613 3090 2721 3141 Καὶ
2773 3088 2953 3141 πάλιν⁵
3017 3088 3121 3144 Τὸν
3181 3090 3263 3153 εἰς
3306 3089 3404 3159 ἐμὲ
3443 3090 3762 3143 πιστεύοντα

516 3222 658 3277 sinet
691 3218 852 3271 Pater
883 3221 1100 3283 gustare
1134 3219 1382 3263 mortem.
1418 3204 1474 3258 Si
1509 3218 1634 3275 vero
1665 3202 1717 3256 id
1751 3216 1857 3254 non
1888 3199 2087 3254 dixisse

515 3311 778 3372 cernitur,
813 3308 905 3361 sed
939 3302 1204 3375 promittit
1266 3314 1325 3354 se
1390 3298 1643 3351 daturum
1706 3294 1772 3347 iis
1818 3292 1909 3361 qui
1961 3305 2086 3345 cre-

516 3405 648 3457 dttnt
675 3401 728 3453 in
748 3400 921 3467 ipsum
958 3395 1124 3447 vitam
1155 3406 1276 3459 quae
1305 3386 1625 3443 naturaliter
1651 3381 2088 3438 etessentialiter

517 3494 621 3547 sibi
665 3490 765 3559 ipsi
801 3490 962 3548 inest,
1028 3482 1300 3552 quomodo
1330 3478 1553 3546 intelligi
1588 3485 1761 3544 potest
1790 3473 1984 3525 Filium
2013 3470 2091 3523 vi-

519 3596 626 3638 lam
682 3597 787 3636 non
848 3579 1134 3632 habentem
1188 3588 1304 3627 eam
1351 3587 1381 3624 a
1426 3570 1585 3624 Patre
1618 3565 1926 3635 accepisse?
1980 3563 2092 3617 Hoc

516 3675 660 3729 enim
701 3672 891 3741 quavis
915 3665 1243 3736 blasphemia
1272 3662 1489 3733 gravius
1524 3670 1626 3713 est.
1662 3658 1792 3720 Sed,
1841 3664 1898 3708 ut
1933 3655 2091 3708 modo

517 3768 716 3821 dictum
743 3760 1151 3830 est,procedens
1174 3771 1237 3809 ex
1263 3752 1639 3819 Patre,onmia
1668 3764 1783 3818 qtnr
1811 3747 1953 3801 illius
1970 3752 2094 3799 sunt

518 3858 675 3912 simul
697 3856 989 3911 secundum
1020 3860 1268 3905 naturam
1293 3861 1474 3902 secum
1501 3844 1688 3905 aﬂert,
1723 3850 1777 3895 et
1795 3855 1856 3894 ea
1888 3838 2093 3892 ratione

518 3965 619 4017 qua
698 3944 928 4013 accepit,
989 3942 1188 3995 dicitur
1248 3935 1502 4006 splendor
1559 3943 1614 3987 et
1674 3932 1849 3999 imago
1903 3929 2089 3997 ipsius.

521 4038 696 4093 Unum
731 4044 911 4088 atttcm
974 4045 1157 4085 eorum
1210 4041 1332 4094 quae
1393 4023 1541 4076 Patri
1601 4024 1782 4075 insunt
1807 4019 1968 4073 etiam
2009 4026 2093 4072 est

518 4140 648 4183 Vlia.

1200 4313 1427 4369 ALIUD.

2187 3178 2246 3230 ού
2274 3177 2621 3247 συγχωρήσει
2650 3177 2679 3228 6
2712 3176 2899 3248 Πατὴρ
2952 3175 3251 3244 γεύσασθαι
3304 3176 3555 3231 θανάτου.
3614 3177 3675 3229 Εἰ
3706 3177 3762 3229 δὲ

2188 3274 2348 3328 τοῦτο
2384 3276 2483 3345 μὲν
2512 3274 2747 3345 εἰρηκὼς
2769 3275 2829 3328 ού
2863 3274 3131 3343 φαίνεται,
3164 3274 3239 3336 ὡς
3270 3273 3327 3325 δὲ
3358 3273 3516 3341 φύσει
3538 3272 3764 3344 προσοῦ-

2193 3384 2291 3421 σαν
2313 3367 2494 3437 ἐαυτῷ
2536 3367 2635 3438 τὴν
2666 3366 2831 3437 ζωὴν,
2878 3367 2971 3421 καὶ
3004 3366 3081 3430 ὡς
3116 3365 3387 3430 ούσιωδῶς
3413 3365 3762 3436 ὑπάρχουσαν

2192 3459 2249 3510 ὲν
2274 3457 2471 3527 ἑαυτῷ,
2504 3458 2696 3509 δώσειν
2744 3459 2855 3519 τοῖς
2903 3457 2983 3519 εἰς
3011 3456 3173 3509 αὐτὸν
3226 3455 3571 3508 πιστεύουσιν
3593 3456 3763 3522 ἐπαγο

2193 3550 2460 3616 γέλλεται,
2494 3549 2610 3611 πῶς
2645 3548 2917 3617 ἐνδέχεται
2966 3550 3105 3601 νοεῖν
3154 3549 3254 3601 οὐκ
3299 3546 3489 3617 ἔχοντα
3513 3547 3600 3600 τὸν
3632 3547 3762 3600 Υἰὸν

2194 3644 2474 3714 εἰληφέναι
2502 3643 2706 3712 ταύτην
2722 3641 2872 3711 παρὰ
2896 3639 2988 3694 τοῦ
3020 3640 3265 3710 Πατρὸς;
3301 3640 3411 3693 Kal
3450 3640 3557 3711 γὰρ
3590 3640 3654 3693 ἂν
3675 3640 3761 3709 εἴη

2196 3736 2374 3805 πάσης
2403 3734 2656 3787 ἐπέκεινα
2687 3732 2996 3802 δυσφημίας
3045 3731 3203 3785 τοῦτό
3256 3749 3341 3799 γε.
3384 3731 3547 3795 Ἀλλ’,
3576 3731 3765 3801 ὥσπερ

2194 3829 2294 3897 ἤδη
2335 3827 2673 3896 προείρηται,
2697 3824 2973 3895 προελθὼν
3004 3827 3066 3876 ὲκ
3108 3825 3338 3896 Πατρός,
3374 3826 3549 3878 πάντα
3568 3823 3634 3877 τὰ
3661 3824 3765 3878 αὑ-

2193 3917 2287 3970 τοῦ
2320 3917 2459 3969 κατὰ
2485 3916 2644 3985 φύσιν
2704 3916 2989 3983 ἐπάγεται.
3046 3916 3141 3969 καὶ
3189 3916 3265 3979 ὡς
3304 3915 3561 3987 εἰληφὼς,
3623 3917 3765 3967 κατὰ

2192 4007 2350 4060 τοῦτο
2382 4008 2602 4071 νοεῖται,
2653 4006 2747 4058 καὶ
2802 4004 3140 4075 ἀπαύγασμα
3173 4006 3267 4059 καὶ
3305 4006 3468 4061 εἰκὼν
3507 4006 3764 4079 ὑπάρχων

2192 4098 2381 4154 αὑτοῦ.
2446 4100 2540 4153 ’Ἐν
2592 4098 2649 4152 δὲ
2700 4098 2810 4153 τῶν
2863 4100 3171 4168 προσόντων
3225 4099 3304 4153 τῶ
3350 4100 3525 4153 Πατοὶ
3586 4101 3678 4153 καὶ
3731 4101 3764 4170 ἡ

2187 4194 2329 4264 ζωή·

2881 4308 3083 4362 ΑΛΛΟ.

595 4429 651 4485 Si
686 4428 853 4483 Filius
883 4428 977 4485 Dei
1003 4445 1107 4486 non
1143 4437 1228 4483 est
1254 4424 1573 4505 naturaliter
1591 4424 1721 4491 vita,
1766 4426 1858 4480 sed
1888 4434 2081 4481 tantum

2263 4421 2325 4472 Εἰ
2361 4420 2434 4490 μὴ
2462 4419 2574 4491 ζωὴ
2596 4420 2735 4473 κατά
2766 4420 2926 4488 φύσιν
2951 4420 3099 4473 ἐστὶν
3125 4421 3153 4472 6
3180 4418 3308 4481 Υἱὸς
3328 4417 3421 4471 τοῦ
3449 4416 3609 4482 Θεοῦ,
3632 4417 3766 4470 ἀλλὰ

518 4522 643 4575 vita;
674 4519 963 4589 particeps,
992 4516 1446 4588 quemadmodum
1494 4517 1683 4570 hostes
1733 4515 1933 4570 Christi
1974 4518 2089 4585 opi-

519 4626 753 4677 nantur,
786 4611 928 4665 aliud
988 4610 1261 4679 quidpiam
1310 4617 1400 4660 est
1450 4606 1744 4660 secundum
1797 4608 2086 4661 essentiam

518 4720 678 4775 quam
710 4703 838 4758 illud
870 4700 1013 4773 quod
1039 4701 1106 4754 ab
1125 4714 1190 4753 eo
1217 4696 1592 4766 participatur.
1673 4696 1951 4763 Quomodo
1992 4699 2089 4767 igi-

521 4798 737 4865 turipse
784 4797 835 4850 in
899 4794 1130 4849 tnedintn
1196 4790 1399 4858 prodit,
1452 4788 1607 4843 nobis
1641 4789 1875 4844 dicens:
1914 4806 1934 4839 ι
1979 4789 2089 4858 Ego

518 4901 634 4939 sum
666 4886 820 4954 panis
854 4884 943 4952 qui
980 4883 1044 4936 de
1071 4881 1210 4935 cmlo
1231 4878 1506 4933 descendi.
1537 4876 1593 4931 Si
1646 4878 1770 4946 quis
1793 4878 2090 4933 comederit

517 4992 581 5027 ex
610 4976 712 5028 hoc
739 4988 896 5041 pane,
928 4973 1072 5026 vivet
1102 4970 1153 5023 in
1186 4980 1445 5022 aeternum
1478 4966 1559 5019 ὀἳ
1581 4985 1599 5017 ι
1636 4966 2088 5035 Oportebatenim

518 5066 597 5117 sic
628 5062 804 5131 potius
830 5064 1029 5125 dicere,
1065 5059 1108 5113 si
1147 5058 1438 5126 ntodoipse
1468 5073 1576 5111 non
1621 5066 1740 5111 erat
1790 5059 2087 5112 secundum

519 5165 767 5206 naturam
804 5152 911 5205 vita
944 5152 1057 5219 ipsa
1086 5164 1099 5202 :
1125 5148 1182 5203 ln
1211 5164 1295 5203 me
1321 5158 1403 5203 est
1444 5149 1598 5217 panis
1626 5147 1717 5215 qui
1748 5146 1815 5200 de
1839 5146 1976 5200 coelo
2000 5146 2095 5200 de-

518 5243 761 5307 scendit;
791 5248 865 5304 et,
896 5238 951 5294 Si
982 5240 1106 5309 quis
1128 5240 1423 5295 comederit
1471 5254 1537 5293 ex
1568 5252 1707 5306 pane
1762 5238 1853 5307 qui
1901 5239 1952 5293 in
2007 5253 2092 5292 me

517 5341 621 5394 est,
652 5332 795 5385 vivet
829 5331 882 5384 in
914 5341 1195 5383 aeternum.
1228 5329 1295 5382 At
1322 5343 1449 5383 vero
1470 5344 1591 5383 cum
1621 5328 1770 5393 dicit,
1819 5328 1929 5398 Ego
1948 5343 2090 5391 sum,

518 5423 750 5489 scipsum
777 5422 1038 5489 designat,
1077 5436 1179 5473 non
1242 5429 1419 5474 autem
1478 5420 1679 5489 aliquid
1730 5435 1915 5475 eorum
1971 5436 2091 5489 qua:

591 5594 806 5650 “Joau.
845 5609 915 5659 τι,
943 5594 1027 5647 47.
1104 5594 1320 5649 “Joan.
1360 5611 1414 5661 Χ,
1448 5595 1535 5649 27.
1613 5596 1835 5652 “Joan.
1865 5613 1976 5663 vm,
2015 5598 2101 5651 5.9..

2195 4512 2339 4582 ζωῆς
2375 4510 2617 4581 μέτοχος,
2648 4510 2898 4582 καθάπερ
2925 4512 2974 4563 οἱ
3012 4510 3368 4581 χριστομάχοι
3416 4509 3596 4577 φασιν,
3648 4508 3768 4560 ἓτε-

2199 4603 2286 4672 ρόν
2318 4602 2371 4655 τί
2396 4605 2509 4655 ἐστι
2532 4601 2651 4655 κατ’
2680 4603 2867 4654 οὐσίαν
2919 4602 3080 4664 αὐτὸς
3132 4601 3280 4671 παρὰ
3317 4599 3379 4653 τὸ
3411 4598 3769 4669 μετεχόμενον

2198 4694 2287 4745 ὑπ’
2324 4692 2506 4746 αὑτοῦ.
2540 4694 2662 4755 Πῶς
2702 4688 2794 4746 οὖν
2834 4695 2966 4762 ἡμῖν
3018 4692 3179 4755 αὐτὸς
3233 4693 3313 4754 εἰς
3351 4692 3513 4762 μέσον
3552 4692 3769 4760 ἔρχεται

2197 4784 2398 4850 λέγων’
2440 4801 2457 4833 ι
2505 4781 2645 4849 Ἐγώ
2678 4782 2844 4851 εἱμιὸ
2881 4782 3042 4849 ἄρτος
3088 4783 3117 4832 6
3168 4782 3231 4833 ὲκ
3263 4779 3356 4833 τοῦ
3397 4778 3623 4849 ούρανοῦ
3668 4796 3772 4830 καφ

2195 4874 2385 4937 ταὸάς.
2421 4875 2544 4927 Ἐάν
2576 4892 2659 4936 τις
2685 4874 2831 4943 φάγῃ
2887 4875 2950 4926 ὲκ
2977 4872 3166 4925 τούτου
3206 4872 3299 4925 τοῦ
3328 4874 3514 4942 ἄρτου,
3547 4872 3771 4941 ζήσεται

2195 4966 2275 5026 εἰς
2306 4963 2393 5016 τὸν
2430 4961 2631 5026 αίῶνα;
2668 4982 2685 5013 ι
2728 4962 2875 5014 Ἔδει
2907 4962 3012 5032 γὰρ
3046 4960 3217 5024 οὕτως
3262 4963 3455 5022 εἰπεῖν,
3489 4960 3645 5027 εἴπερ
3672 4958 3772 5009 οὐκ

2194 5049 2261 5124 ἦν
2299 5054 2437 5107 κατὰ
2472 5054 2633 5122 φύσιν
2658 5052 2818 5115 αὐτὸς
2875 5053 2907 5122 ἡ
2951 5052 3082 5123 ζωή·
3121 5053 3207 5104 Ἑν
3235 5052 3358 5121 ἐμοὶ
3385 5052 3413 5103 6
3452 5050 3615 5120 ἄρτος
3650 5049 3678 5099 ὁ
3707 5048 3774 5100 ἐκ

2191 5144 2285 5198 τοῦ
2307 5144 2537 5215 ούρανοῦ
2563 5142 2824 5207 καταϐάς.
2853 5145 2985 5207 Kal,
3029 5143 3152 5196 Ἐάν
3188 5160 3271 5206 τις
3295 5142 3444 5214 φάγῃ
3468 5144 3532 5193 ὲκ
3559 5140 3651 5193 τοῦ
3674 5140 3774 5209 ἄρα

2191 5254 2284 5290 του
2311 5237 2407 5289 τοῦ
2432 5238 2489 5288 ὲν
2518 5237 2661 5306 ἐμοὶ,
2700 5237 2923 5305 ζήσεται
2954 5238 3034 5298 εἰς
3077 5234 3168 5287 τὸν
3197 5234 3388 5288 αίῶνα.
3439 5232 3575 5285 Νυνὶ
3603 5232 3659 5284 δὲ
3682 5231 3773 5283 λέ-

2192 5346 2303 5397 γων
2333 5330 2414 5393 τὸ,
2460 5329 2599 5397 Ἐγὼ
2631 5331 2764 5399 εἰμι,
2802 5328 2989 5381 ἑαυτὸν
3015 5326 3209 5397 ὁρίζει,
3234 5326 3325 5377 καὶ
3350 5324 3449 5394 οὐχ
3481 5324 3539 5376 ἒν
3579 5341 3632 5376 τι
3665 5323 3776 5376 τῶν

2196 5420 2637 5489 προσγεγονότων
2671 5420 2787 5489 ἤτοι
2822 5420 3128 5489 προσόντων
3168 5415 3338 5487 αὐτῷ.
3375 5417 3438 5470 Εἰ
3469 5412 3644 5468 τοίνυν
3678 5414 3769 5467 αύ-

2181 5598 2225 5627 ⁷⁰
2254 5596 2409 5653 Joan.
2453 5611 2524 5661 vi,
2560 5597 2644 5650 5|.
