4036 6208
342 336 401 388 2.3
409 339 435 388 7

1735 369 2170 430 TllESAUllUS.

3463 422 3568 477 258

331 450 414 511 τέὲ
438 450 579 503 ἐστιν
609 456 639 506 δ
676 455 841 525 ἄρτος
872 460 900 512 ὁ
945 462 1070 527 τοὺς
1114 468 1437 540 μετέχοντας
1471 475 1860 545 ἀπαθανατίζει

331 540 626 598 δυνάμενος.
660 550 762 598 οὐκ
791 550 988 598 ἔξωθεν
1036 558 1156 598 οὐδὲ
1182 562 1471 598 seton.--“
1516 568 1622 598 ιι...
1654 574 1711 598 ,λ
1765 573 1806 598 ›-.
1828 595 1860 598 ν,

3466 450 3566 477 id.

1962 530 1967 549 ,
2000 485 2073 537 illi
2102 487 2305 556 adjecta
2337 504 2483 561 sunt,
2512 499 2593 554 vel
2620 502 2823 563 insunt.
2864 511 2918 565 Si
2958 528 3085 584 ergo
3117 519 3232 589 ipse
3276 534 3357 580 est
3392 544 3566 598 panis,

328 540 626 609 δυνάμενος,
660 550 762 600 οὐκ
791 550 988 614 ἔξωθεν
1036 558 1156 611 οὐδὲ
1181 562 1471 634 ἐπίκτητον
1514 568 1625 639 ἔχει
1653 574 1715 625 τὸ
1762 540 1893 637 ζωο-

326 636 503 695 ποιεῖν,
542 636 659 689 ἀλλ’
709 639 787 693 ὢν
830 646 967 698 κατὰ
1021 648 1181 716 φύσιν
1211 650 1345 724 ζωὴ,
1394 660 1521 721 τοὺς
1567 666 1894 733 μετέχοντας

322 724 475 777 αὑτοῦ
504 727 867 800 ζωοποιήσειν
888 735 1105 809 άληθῶς
1140 743 1552 815 ἐπαγγέλλεται.

994 1027 1198 1085 ΑΛΛΟ.

309 1216 491 1283 Λόγος,
534 1220 859 1279 ἐπείσακτον
886 1228 962 1293 δὲ,
1020 1233 1096 1296 ὠς
1142 1236 1300 1306 ὑμεῖς
1349 1216 1503 1311 φατε,
1551 1254 1885 1323 κεκτημένος

305 1307 449 1370 αὐτὸ,
482 1310 772 1371 ζωοποιεῖν
795 1317 1038 1386 δύναται,
1074 1325 1128 1376 τί
1160 1329 1394 1385 κωλύσει
1441 1334 1622 1404 λέγειν
1655 1345 1749 1396 καὶ
1786 1346 1880 1414 ἀγ-

304 1399 489 1463 γέλους
519 1404 647 1466 τοὺς
672 1405 891 1475 ἀληθῶς
924 1413 1181 1483 μετόχους
1228 1399 1528 1489 γεγονότας.
1568 1429 1711 1501 ζωῆς
1733 1399 1884 1489 δύνα-

303 1489 418 1541 σθαι
443 1489 773 1563 ζωοποιεῖνς
819 1499 977 1555 Ἀλλά
1004 1505 1161 1559 τοῦτο
1199 1510 1299 1579 μὲν
1338 1514 1439 1569 οὐκ
1464 1489 1756 1591 ἐνδέχεταν
1787 1528 1882 1597 μό-

301 1598 382 1643 νος
417 1583 532 1653 γὰρ
577 1587 605 1637 6
644 1586 770 1651 Υἱὸς
811 1590 1093 1655 ζωοποιεῖν
1130 1599 1371 1671 δύναται,
1432 1583 1679 1685 καθάπερ
1730 1583 1823 1672 καὶ
1854 1622 1882 1673 ὁ

300 1674 509 1745 Πατήρ.
547 1678 756 1734 Οὐκοῦν
790 1685 893 1738 οὐκ
939 1689 1262 1758 ἐπείσακτος
1290 1698 1349 1749 ἐν
1387 1699 1502 1771 Υἱῷ
1541 1706 1573 1773 ἡ
1617 1674 1879 1775 ζωοποιὸς

1994 685 2099 723 non
2132 674 2490 745 extrinsecus,
2521 695 2609 738 aut
2641 690 2927 747 ascititiam
2968 699 3051 752 vel
3092 707 3411 773 acqnisitam
3473 713 3568 766 ha-

1992 761 2736 838 hetviviﬁcandipotestatcm
2770 798 2783 833 :
2816 787 2908 839 sed
2942 789 3046 843 vita
3078 761 3371 852 secundum
3406 814 3565 856 natu-

1994 865 2107 905 ram
2143 856 2430 923 exsistens,
2456 867 2749 938 participes
2776 873 2941 942 ipsius
2966 893 3091 935 vere
3147 900 3207 940 se
3261 888 3563 947 viviﬁcatn-

1991 959 2109 997 rum
2147 946 2451 1014 pollicetur.

2670 1073 2892 1131 ALIUD.

2058 1163 2115 1219 Si
2146 1166 2380 1227 Verbum
2428 1174 2519 1231 Dei
2559 1193 2624 1233 ex
2678 1196 2775 1237 sua
2843 1198 3034 1247 natura
3080 1211 3183 1251 non
3226 1199 3386 1257 habet
3417 1210 3560 1276 quod

1988 1253 2059 1307 sit
2085 1256 2213 1322 vita,
2251 1264 2347 1317 sed
2364 1267 2729 1339 extrinsecus,
2764 1285 2821 1329 ut
2857 1292 2952 1334 vos
2988 1285 3310 1356 opinamini,
3353 1253 3455 1349 hoe
3485 1299 3557 1351 illi

1986 1452 2087 1493 nus
2113 1441 2357 1500 dicamus
2388 1451 2551 1505 etiam
2577 1457 2819 1525 angelos,
2841 1464 2933 1530 qui
2969 1480 3092 1521 vere
3112 1473 3401 1544 participes
3429 1478 3554 1534 ἴω·ιί

1983 1539 2108 1582 sunt
2134 1532 2277 1599 vitae,
2319 1538 2592 1596 viviticare
2627 1549 2822 1613 posse?
2850 1552 2955 1607 Sed
3014 1532 3124 1613 hoc
3169 1532 3380 1629 quidem
3439 1569 3553 1623 ﬁeri

1982 1620 2129 1675 nullo
2162 1627 2319 1680 modo
2346 1641 2523 1697 potest
2553 1652 2564 1686 :
2611 1639 2756 1694 solus
2784 1643 2926 1696 enim
2957 1645 3128 1703 Filius
3163 1652 3436 1713 viviﬁcare
3462 1677 3555 1729 po-

1982 1718 2107 1779 test,
2133 1715 2273 1771 sicnt
2300 1730 2352 1774 et
2384 1720 2566 1783 Pater.
2597 1727 2710 1785 Non
2744 1744 2826 1789 est
2855 1736 3019 1805 igitur
3044 1749 3346 1803 accessoria
3379 1752 3427 1803 in
3463 1751 3551 1806 Fi»

297 1765 545 1836 δύναμις,
600 1772 736 1825 ἀλλὰ
786 1778 928 1829 κατὰ
960 1780 1121 1847 φύσιν
1168 1786 1316 1857 αὐτῷ
1355 1793 1631 1861 προσοῦσα
1654 1801 1750 1853 καὶ
1783 1804 1860 1855 οὐ.

298 1857 503 1906 σιιυδῶς
537 1859 725 1906 ὥσπερ
754 1868 845 1906 νηὶ
871 1869 948 1906 ηιτι
984 1872 1156 1906 nni-Af

2094 1765 2107 1779 ,
2135 1765 2272 1771 υ---
2304 1765 2352 1774 ν.
2384 1765 2407 1776 -
2430 1765 2566 1783 ...νη
2597 1765 2709 1785 ιιυη
2744 1765 2826 1789 σοι
2856 1765 3018 1805 Igitur
3044 1765 3346 1803 HCCCSSOI‘la
3379 1767 3427 1803 ιη
3463 1765 3551 1806 Ι⁴Ιοο

1983 1800 2054 1857 lio
2077 1807 2381 1865 viviticandi
2410 1814 2655 1884 facultas.
2682 1828 2775 1879 sed
2807 1832 3127 1888 naturaliter
3153 1846 3318 1906 atque
3366 1856 3554 1896 essen-

292 2170 426 2242 ζωὴν
460 2176 525 2227 ἐν
546 2177 742 2250 ἐαυτῷ,
765 2180 909 2237 οὕτω
942 2186 1134 2261 καὶτῷ
1164 2192 1276 2265 Υἱῷ
1308 2196 1537 2255 δέδωκεν
1563 2204 1706 2275 ἔχειν
1727 2209 1871 2282 ζωὴν

290 2265 341 2316 ὲν
376 2267 583 2337 ἐαυτῷ,
617 2289 634 2321 ι
686 2273 783 2342 τὴν
838 2276 1257 2349 ἀπαράλλακτον
1305 2290 1595 2364 ὁμοιότητα
1637 2298 1869 2356 δεικνύει

292 2358 496 2423 σαφῶς,
538 2359 605 2430 ῆν
660 2362 771 2432 ἔχει
814 2366 948 2437 πρὸς
1000 2371 1091 2424 τὸν
1149 2358 1524 2446 γεννήσαντα..
1559 2387 1710 2457 Ἔχει
1760 2391 1869 2463 γάρ

286 2446 417 2502 οὔτω
451 2449 561 2521 τὴν
592 2452 759 2524 ζωὴν,
784 2456 971 2530 ὥσπερ
999 2464 1091 2515 καὶ
1118 2466 1145 2517 6
1175 2467 1363 2541 Πατὴρ
1388 2513 1403 2536 ,
1431 2446 1665 2549 φυσικὴν
1686 2446 1868 2551 δηλονι-

284 2540 356 2593 ότι
386 2543 492 2597 καὶ
542 2543 802 2619 οὐσιώδη.
837 2551 909 2603 T6
941 2553 1018 2617 δὲ,
1054 2556 1297 2623 δέδωκε.
1361 2540 1639 2636 προσθεὶς,
1673 2540 1770 2643 τὴν
1807 2577 1867 2641 ἐξ

283 2634 439 2687 αὐτοῦ
488 2640 725 2709 φυσικήν
744 2658 803 2694 τε
837 2645 932 2697 καὶ
963 2647 1196 2719 οὑσιώδη
1224 2657 1480 2723 σημαίνει
1516 2663 1763 2731 πρόοδον.
1788 2670 1864 2721 Οὐ

284 2725 383 2796 γὰρ
410 2727 481 2798 δή
515 2746 619 2787 που
647 2730 881 2787 δέδωκεν
913 2737 942 2789 6
991 2740 1201 2813 Πατὴρ,
1244 2745 1433 2819 ὥσπερ
1481 2768 1533 2805 τι
1561 2725 1673 2807 τῶν
1717 2759 1866 2830 αὐτῷ

287 2821 596 2887 προσόντων
628 2824 977 2896 ἀφελόμενος,
1033 2836 1128 2886 καὶ
1178 2837 1277 2890 οὐκ
1320 2838 1497 2910 ἔχοντι
1548 2821 1864 2917 προστεθειλ
1906 2840 1909 2843 ’

281 2910 383 2975 κὼς
424 2913 514 2983 τῷ
544 2914 694 2985 Υἱῷ,
748 2920 889 2973 κατά
951 2928 1268 2999 σωματικὴν
1326 2910 1607 3007 ἀποτομὴν
1665 2940 1696 3011 ἢ
1751 2941 1864 2996 διά-

282 3022 471 3059 στασιν
518 3008 615 3078 τὴν
649 3010 711 3063 ἔκ
758 3030 901 3077 τινος
949 3018 1135 3088 ἐτέρου
1182 3022 1319 3092 πρὸς
1345 3008 1862 3101 ἓτερον,ἢτοπικῶς

278 3094 693 3167 ῆδιαιρετικῶς
747 3106 1062 3178 νοουμένην.
1134 3111 1270 3163 Ἀλλ’
1326 3113 1514 3188 ὥσπερ
1574 3122 1754 3176 δίδωσι
1801 3127 1861 3179 τὸ
1888 3156 1930 3214 C

279 3188 442 3214 ρο..-λ..
471 3189 543 3214 -.Ἰ
582 3191 635 3214 3.:
667 3193 824 3214 ...v_.,~,
995 3198 1085 3214 an.
1352 3204 1378 3214 ..
1455 3208 1466 3214 _
1587 3212 1594 3214 Α
1656 3213 1673 3214 η

279 3188 442 3253 φυτὸν
469 3189 546 3259 τῷ
579 3191 637 3254 ἐξ
661 3193 825 3247 αὐτοῦ
859 3198 1169 3268 προελθόντι
1191 3204 1388 3275 καρπῷ
1417 3208 1514 3279 τὴν
1538 3212 1685 3283 αὑτῷ
1715 3218 1857 3271 κατὰ

276 3280 434 3345 φύσιν
492 3299 801 3353 προσουσαν
850 3290 1109 3361 ποιότητα
1163 3299 1372 3366 φορεῖν,
1429 3300 1604 3365 οὕτως
1732 3308 1859 3371 Υἱὸς

276 3372 562 3441 εἰληφέναι
588 3377 738 3448 παρὰ
761 3380 973 3451 Πατρδς
1017 3381 1087 3435 τὰ
1136 3386 1283 3456 αύτῴ
1321 3392 1588 3459 προσόντα
1622 3399 1852 3461 νοεῖται,

276 3466 449 3517 πάντα
489 3464 566 3518 ὦν
608 3468 706 3521 ὅσα
748 3473 842 3524 καὶ
886 3473 915 3524 6
960 3473 1149 3545 Πατὴρ
1176 3514 1189 3539 ,
1248 3477 1367 3547 δίχα
1404 3482 1566 3547 μόνου
1595 3484 1687 3536 τοῦ
1719 3482 1855 3540 εἶναι

276 3560 484 3632 Πατήρ.

968 3685 1173 3739 ΑΛΛΟ.

498 3791 816 3859 Ἀντὶθεσις
844 3794 922 3859 ὠς
940 3796 1007 3849 ἐκ
1039 3796 1155 3851 τῶν
1198 3801 1635 3871 χριστομάχων.

337 3903 395 3956 Εἰ
422 3903 566 3975 ζωὴ,
598 3906 752 3973 φασὶ,
791 3908 933 3963 κατὰ
961 3910 1122 3976 φύσιν
1165 3912 1313 3966 ἐστὶν
1338 3916 1367 3966 6
1406 3915 1555 3979 Υἱὸς,
1595 3916 1668 3979 ὡς
1692 3916 1850 3987 ὑμεῖς

272 3995 704 4068 ᾳιλονεικότερον
758 4003 1098 4073 ἐνιστάμενοι
1154 4006 1366 4074 λέγετε,
1410 4008 1526 4071 πῶς
1555 4008 1846 4079 ἀληθεύσει

269 4086 439 4155 λέγων
472 4092 501 4142 6
531 4090 743 4155 Παῦλος
779 4094 905 4164 περὶ
935 4095 1029 4147 τοῦ
1078 4096 1308 4168 Πατρός·
1350 4117 1367 4149 ι
1414 4100 1471 4151 Ὀ
1508 4100 1667 4170 μόνος
1708 4102 1845 4172 ἔχων

268 4179 604 4249 ἁθανασίανς
631 4201 650 4234 ι
710 4183 774 4237 Εἰ
806 4186 912 4257 γὰρ
939 4187 1049 4258 ἔχει
1085 4188 1226 4242 καὶὸ
1258 4190 1406 4254 Υἱὸς,
1434 4192 1495 4243 οὐ
1543 4192 1701 4261 μόνος
1732 4195 1844 4264 ἔχει

265 4272 290 4319 ὁ
326 4274 556 4345 Πατήρ*
607 4278 657 4328 εἰ
690 4276 745 4329 δὲ
790 4277 947 4342 μόνος
982 4282 1122 4351 ἔχει,
1177 4283 1275 4353 οὐχ
1300 4280 1410 4347 ἓξει
1443 4284 1642 4355 δηλαδὴ
1688 4288 1781 4339 καὶ
1816 4288 1843 4337 6

266 4364 406 4430 Υἱός.

754 4568 905 4635 Πρὸς
941 4569 1114 4625 τοῦτο
1140 4574 1339 4641 λύσις.

327 4677 515 4731 Πολλὰ
558 4683 838 4749 προσεῖναι
876 4684 1091 4751 λέγεται
1138 4689 1282 4759 μόνῳ
1304 4690 1380 4760 τῷ
1430 4692 1625 4761 Πατρὶ,
1661 4696 1757 4747 καὶ
1789 4697 1835 4747 εἰ

262 4770 467 4824 τούτων
493 4771 643 4825 ἔσται
673 4776 889 4829 πάντων
944 4780 1043 4832 οὐκ
1104 4781 1306 4851 ἔρημος
1356 4785 1383 4835 6
1430 4783 1574 4846 Υἱός.
1618 4786 1833 4855 Ἐπειδὴ

262 4863 593 4932 γέγραπται,
630 4866 806 4931 Μόνος
835 4868 1088 4941 ἀληθινὸς
1113 4872 1246 4935 Θεὸς
1277 4874 1306 4925 6
1337 4874 1545 4946 Πατὴρ,
1580 4875 1718 4928 ἔστω
1758 4875 1833 4945 μὴ

262 4954 511 5025 ἀληθινὸς
540 4958 569 5009 6
595 4956 743 5022 Υἱὸς,
770 4959 919 5025 νόθος
949 4962 1005 5015 δὲ
1029 4962 1217 5035 ὥσπερ
1244 4983 1328 5029 τις
1368 4968 1459 5020 καὶ
1486 4968 1835 5038 ψευδώνυμος

260 5042 552 5115 ἐπίκτητον
587 5044 726 5115 ἔχων
766 5046 825 5099 τὸ
877 5044 1014 5102 εἶναι
1064 5049 1215 5114 Θεός.
1268 5052 1376 5104 Καὶ
1419 5053 1533 5114 πῶς
1563 5052 1637 5114 ὠς
1681 5052 1834 5105 τοῦτο

260 5135 399 5187 κατὰ
429 5136 591 5203 φύσιν
618 5135 695 5189 ὢν
727 5142 1111 5208 προσκυνεῖται
1146 5140 1298 5211 παρά
1330 5158 1387 5192 τε
1415 5143 1446 5209 ἡ
1458 5140 1573 5210 μῶν
1600 5141 1694 5192 καὶ
1729 5141 1832 5208 ἀγ-

257 5226 451 5291 γέλων»,
484 5229 576 5282 τοῦ
600 5229 744 5281 θείου
771 5231 933 5299 νόμου
956 5231 1250 5301 διαρρήδην
1279 5230 1543 5298 λέγοντος·
1584 5250 1601 5282 ι
1629 5231 1830 5302 Κύριον

256 5319 341 5370 τὸν
368 5318 504 5372 Θεόν
539 5338 633 5373 σου
661 5325 1077 5393 προσκυνήσεις,
1108 5322 1203 5374 καὶ
1244 5320 1393 5392 αύτῷ
1427 5320 1571 5391 μόνῳ
1603 5321 1829 5392 λατρεύ-

254 5426 408 5477 σει;;
444 5431 461 5463 ι
503 5414 628 5476 Πῶς
666 5414 723 5467 δὲ
757 5414 1062 5485 φυλάξομεν
1108 5414 1190 5477 τὸ,
1246 5433 1263 5464 ι
1292 5413 1405 5466 Οὐκ
1433 5414 1586 5467 ἔσται
1638 5416 1696 5467 ὲν
1746 5414 1828 5466 σοὶ

254 5501 383 5566 Θεὸς
417 5507 725 5576 πρόσφατος
751 5525 765 5572 ;
802 5527 822 5561 ι
858 5508 920 5559 Εἰ
954 5506 1060 5577 γὰρ
1089 5507 1246 5577 μόνος
1276 5508 1415 5561 κατὰ
1445 5506 1606 5575 φύσιν
1632 5506 1763 5569 Θεὸς
1800 5508 1828 5559 6

255 5594 463 5666 Πατὴρ,
496 5602 587 5652 καί
613 5598 703 5652 διὰ
755 5599 818 5652 τὸ
852 5599 994 5651 οὕτω
1051 5598 1303 5668 λέγεσθαι
1342 5598 1435 5652 τοῦ
1482 5594 1620 5652 εἶναι
1669 5597 1827 5667 φύσει

1981 1895 2180 1952 tialiter
2217 1900 2313 1968 ipsi
2363 1904 2503 1962 inest
2543 1921 2598 1964 ut
2622 1913 2787 1970 Patri.

2638 2024 2867 2083 ALIUD.

2044 2119 2176 2175 Cum
2205 2123 2374 2181 Filius
2397 2129 2545 2195 dicit,
2592 2150 2610 2183 ι
2653 2133 2802 2189 Sicut
2851 2154 2993 2195 entm
3032 2144 3196 2202 Pater
3255 2151 3417 2210 habet
3462 2162 3547 2213 vi-

1974 2218 2081 2263 tam
2116 2212 2165 2265 in
2201 2215 2401 2285 seipso,
2437 2219 2508 2272 ita
2574 2222 2736 2277 etiam
2781 2225 2920 2282 Filio
2961 2232 3109 2287 dedit
3144 2237 3345 2296 habere
3385 2246 3542 2318 ιω

1972 2302 2135 2355 vitam
2165 2305 2214 2357 in
2247 2309 2425 2375 seipso
2457 2311 2498 2340 ⁷¹
2521 2352 2535 2375 ,
2576 2331 2593 2363 ι
2623 2326 2809 2383 aperte
2840 2323 3204 2383 omnimodam
3233 2302 3545 2392 similium?-

1972 2407 2093 2446 ncm
2125 2399 2382 2464 ostendit,
2413 2414 2571 2468 quam
2591 2404 2753 2460 habet
2782 2422 2906 2462 cum
2963 2410 3145 2474 Patre.
3183 2418 3355 2479 Habet
3396 2430 3539 2482 enim

1970 2482 2042 2536 ita
2070 2485 2257 2552 vitam,
2285 2488 2429 2544 sicut
2462 2501 2515 2545 et
2545 2492 2725 2560 Pater,
2757 2501 3058 2557 naturalem
3086 2506 3340 2566 nimirum
3373 2524 3429 2569 et
3455 2532 3543 2573 es-

1969 2577 2271 2633 sentialem.
2294 2580 2426 2636 Cum
2461 2594 2642 2640 autem
2671 2589 2983 2662 additillud,
3043 2598 3208 2665 dedit,
3244 2606 3538 2662 naturalem

1969 2677 2133 2737 atque
2159 2674 2501 2729 essentialem
2534 2692 2881 2747 progressum
2918 2685 3211 2754 significat.
3243 2692 3363 2749 Non
3389 2700 3536 2753 enim

1967 2759 2113 2813 dedit
2135 2760 2312 2830 Pater,
2348 2774 2601 2835 tanquam
2636 2770 2838 2839 aliquid
2867 2790 2933 2829 ex
2966 2778 3030 2832 iis
3054 2796 3174 2846 qua:
3201 2783 3303 2839 sibi
3330 2787 3536 2854 insunt,

1965 2850 2230 2917 adimens,
2258 2864 2312 2908 et
2342 2871 2446 2910 non
2482 2858 2701 2915 habenti
2762 2862 2898 2918 Filio
2953 2869 3236 2937 adjiciens.
3273 2850 3535 2945 qttemad;

1965 2941 2181 2995 modum
2222 2944 2275 2997 in
2301 2947 2630 3003 sectionibus
2662 2964 2726 3005 ac
2742 2952 3010 3011 distantiis
3030 2941 3307 3030 corporeis
3357 2965 3452 3033 ﬁt,
3484 2979 3539 3023 ct

1963 3030 2208 3086 localiter
2234 3035 2692 3107 divisumzaliquid
2716 3042 2784 3095 ab
2802 3043 2908 3097 alio
2930 3046 2980 3100 in
3004 3046 3148 3105 aliud
3173 3030 3532 3114 transfertur:

1965 3120 2057 3175 sed
2079 3123 2221 3176 sicut
2244 3125 2426 3193 planta
2466 3128 2517 3180 in
2554 3128 2813 3196 fructum,
2846 3134 2936 3202 qui
2967 3149 3031 3190 ex
3050 3153 3109 3193 se
3139 3144 3404 3211 procedit,
3441 3164 3536 3201 na-

1968 3214 2193 3269 turalem
2232 3232 2383 3271 suam
2429 3220 2742 3288 qualitatem
2777 3238 3055 3296 propagat,
3089 3231 3165 3285 ita
3189 3245 3244 3289 et
3289 3235 3458 3292 Filius
3503 3257 3533 3293 a

1966 3303 2131 3360 Patre
2164 3309 2439 3378 accepisse
2470 3325 2589 3379 quae
2614 3313 2713 3382 ipsi
2746 3315 2931 3371 insunt
2984 3320 3320 3393 intelligitur,
3349 3331 3531 3383 omnia

1958 3395 2226 3453 exsistcns
2261 3416 2380 3469 qua:
2414 3413 2467 3457 et
2497 3403 2678 3473 Pater,
2732 3419 2927 3473 prwter
2958 3412 3007 3465 id
3052 3414 3223 3469 solum
3257 3420 3397 3487 quod
3458 3424 3532 3477 sit

1958 3480 2132 3536 Pater.

2645 3698 2870 3753 ALIUD.

2386 3804 2623 3867 Obiectio
2653 3810 2875 3863 hostium
2896 3811 3113 3866 Christi.

2024 3910 2077 3964 Si
2120 3910 2309 3976 Filius,
2344 3914 2613 3983 inquiunt,
2638 3929 2721 3972 est
2758 3922 3071 3976 naturaliter
3105 3924 3237 3992 vita,
3262 3937 3520 3997 quemad-

1952 4005 2165 4058 modum
2196 4020 2289 4059 vos
2320 4008 2715 4063 contentiosius
2757 4024 3008 4080 urgentes
3048 4016 3250 4084 dicitis,
3282 4037 3389 4090 quo
3426 4041 3520 4094 pa-

1948 4103 2034 4147 cto
2056 4110 2241 4148 verum
2274 4097 2378 4150 erit
2412 4104 2554 4166 quod
2595 4098 2793 4152 Paulus
2829 4102 2893 4155 de
2925 4103 3084 4159 Patre
3119 4107 3288 4163 dicit:
3350 4130 3369 4163 σ
3417 4114 3516 4179 Qui

1946 4185 2091 4238 solus
2118 4186 2281 4240 habet
2311 4187 2766 4244 immortalitatem
2784 4191 2867 4245 "‘2
2898 4212 2915 4244 ι
2940 4192 3153 4251 Sienim
3174 4201 3332 4255 etiam
3348 4203 3517 4258 Filitn

1948 4276 2127 4340 habet,
2201 4295 2306 4333 non
2372 4280 2554 4347 itaque
2614 4282 2763 4337 solus
2818 4284 2980 4341 Pater
3049 4304 3169 4344 eam
3231 4295 3421 4359 habet;
3469 4300 3513 4352 si

1946 4382 2073 4421 vero
2127 4366 2291 4423 Pater
2342 4371 2487 4425 solus
2551 4372 2730 4441 habet,
2789 4386 2937 4432 certe
2976 4394 3080 4434 non
3134 4382 3353 4440 habebit
3395 4405 3513 4443 eam

1870 4489 1912 4541 Β
1944 4456 2130 4512 Filius.

2454 4574 2659 4629 Salutio
2690 4578 3013 4646 objectionis.

2016 4684 2176 4738 Multa
2209 4686 2461 4740 dicuntur
2503 4690 2683 4742 inesse
2711 4690 2807 4743 soli
2858 4690 3029 4757 Patri,
3101 4695 3311 4749 tametsi
3343 4695 3511 4750 Filius

1946 4776 2011 4831 iis
2037 4777 2285 4829 omnibus
2310 4794 2413 4833 non
2440 4788 2639 4833 careat.
2673 4780 2952 4848 Siquidem
2983 4785 3240 4853 scriptum
3274 4796 3377 4850 est,
3407 4786 3509 4840 So—

1941 4866 2025 4921 lus
2075 4883 2237 4921 verax
2291 4870 2427 4923 Dens
2460 4868 2670 4927 Pater:
2731 4874 2893 4943 igitur
2938 4890 3043 4931 non
3103 4891 3262 4931 veras
3305 4876 3507 4942 Filius,

1940 4956 2180 5023 Spurium
2208 4972 2333 5010 vero
2375 4973 2438 5011 ac
2482 4958 2675 5012 falsum
2708 4977 2900 5015 nomen
2929 4978 3140 5032 gerens,
3188 4967 3509 5020 ascititintn-

1940 5061 2044 5112 que
2074 5047 2164 5099 Dei
2191 5047 2424 5102 titulum.
2446 5049 2727 5115 Quomodo
2758 5062 2932 5104 autem
2979 5062 3230 5119 tanquam
3286 5068 3509 5111 natura-

1942 5136 2064 5188 liter
2097 5138 2145 5188 id
2178 5138 2445 5192 exsistens
2488 5138 2746 5191 adoratnr
2792 5154 2821 5190 τι
2865 5140 3019 5194 nobis
3070 5152 3232 5210 atque
3279 5145 3504 5213 angelis,

1940 5228 2117 5280 divitia
2146 5227 2260 5296 lege
2286 5237 2471 5294 aperte
2494 5227 2707 5304 dicente
2737 5244 2751 5280 :
2790 5246 2808 5278 ι
2849 5229 3129 5283 Dominum
3165 5234 3328 5285 Deum
3356 5244 3503 5286 tuum

1938 5319 2213 5383 adorabis,
2237 5329 2288 5372 et
2319 5320 2391 5373 illi
2460 5319 2557 5373 soli
2610 5321 2815 5373 servies
2841 5319 2926 5372 7’?
2967 5339 2985 5373 ι
3016 5321 3292 5386 Quomodo
3340 5326 3502 5378 etiam
3528 5387 3530 5390 ν

1936 5414 2340 5467 observabimus
2375 5411 2550 5465 illud:
2596 5429 2615 5462 ι
2648 5410 2762 5464 Non
2822 5412 2927 5465 erit
2977 5412 3030 5465 in
3093 5422 3143 5466 te
3204 5413 3344 5469 Dens
3417 5432 3506 5469 τοι·

1936 5520 2064 5558 cens
2093 5504 2183 5557 ⁷δῖ
2216 5523 2233 5555 ι
2271 5504 2326 5556 Si
2354 5504 2496 5556 enim
2524 5504 2670 5557 solus
2696 5502 2858 5579 Pater
2888 5504 3300 5558 estnaturaliter
3339 5505 3505 5570 Dens.

1956 5607 2115 5665 atque
2145 5596 2340 5665 eaipsa
2370 5597 2577 5649 ratione
2610 5593 2805 5647 Filium
2866 5594 2990 5650 inde
3039 5597 3276 5652 excludit
3318 5605 3376 5650 ut
3435 5596 3506 5648 sit

2538 5698 2545 5705 ο
3092 5694 3145 5721 π.

318 5770 363 5800 ⁷⁸
401 5769 549 5828 .1ι›;ιιι.
585 5791 635 5837 ν,
672 5774 762 5827 26.
843 5777 885 5806 ⁷¹
913 5777 931 5830 ι
960 5775 1196 5831 Τὶιιιοιιι.
1232 5792 1307 5841 \‘l,
1348 5776 1428 5828 Hi.
1506 5776 1551 5815 ⁷³
1578 5776 1728 5828 Dent.
1759 5790 1831 5839 \‘l,
1868 5774 1967 5839 ιλ
2011 5773 2195 5829 λίηιιιι.
2235 5788 2307 5840 tv,
2345 5774 2427 5828 lO.
2507 5773 2552 5804 7"
2578 5772 2719 5827 Psal.
2752 5790 2919 5834 LXXX.
2952 5776 3004 5828 9.
