4106 6204
494 285 599 340 259

1496 284 1550 334 s.
1594 281 1865 334 cuum
1901 282 2367 357 ALEXANDRINI
2407 285 2705 341 ARCHIEP

3642 284 3749 339 2m

497 405 816 460 naturaliter
853 404 1012 465 Deus,
1038 419 1167 470 ergo
1202 417 1390 455 recens
1416 415 1479 453 ac
1517 415 1688 454 novus
1704 400 1900 469 aliquis
1933 417 2064 469 quo-

2166 402 2295 457 Θεὸν
2329 403 2582 458 ἐκϐάλλει
2610 403 2699 456 τὸν
2725 402 2872 466 Υὶὸν,
2917 402 3224 472 πρόσφατος
3252 400 3363 470 ἄρα
3400 400 3492 453 καὶ
3514 398 3631 462 νέος
3664 417 3746 463 τις

493 492 782 547 dammodo
810 501 1004 561 prieter
1034 506 1156 544 eum
1187 491 1277 558 qui
1319 491 1386 541 ab
1423 489 1578 541 initio
1629 497 1683 543 et
1744 491 2069 546 naturaliter

491 592 631 647 erat,
659 583 961 637 inducetur.
994 581 1152 649 Atqui
1188 581 1289 633 hoc
1322 579 1613 632 absurdutn
1647 588 1750 635 est.
1805 580 1921 635 Non
1967 583 2068 651 igi-

494 685 581 727 tur
603 675 824 739 idcirco,
854 675 979 741 quia
1014 671 1174 725 Pater
1219 671 1420 723 dicitur
1453 671 1657 726 habere
1680 672 2067 728 immortalita-

493 776 622 833 tem,
650 764 816 819 Filius
854 764 1252 818 contrariorum
1302 775 1471 828 capax
1534 761 1668 827 erit,
1721 764 1837 829 sed,
1899 764 2067 819 veluti

491 868 848 912 concurrente
871 855 919 907 in
956 851 1147 905 Filimn
1186 851 1503 905 naturaliter
1532 862 1753 921 paterna
1821 856 2064 923 proprie-

491 958 624 1012 tate,
657 949 707 1001 id
741 948 910 1016 ipsum
939 941 1303 997 essentialiter
1328 958 1448 999 esse
1468 944 1782 999 censebitur
1814 946 1954 1015 quod
1981 954 2066 1002 est

492 1040 536 1094 is
552 1041 642 1107 qui
669 1039 839 1106 ipsum
864 1036 1066 1104 genuit.

1182 1143 1391 1199 ALIUD

562 1261 726 1315 Multa
767 1260 1018 1315 dicuntur
1068 1244 1244 1313 inesse
1296 1257 1439 1312 Patri
1475 1273 1731 1327 prmctara
1784 1274 1849 1315 ac
1898 1261 2060 1316 veluti

488 1352 803 1421 peculiaria.
850 1352 920 1403 At
954 1365 1081 1403 vero
1107 1351 1150 1403 si
1175 1348 1341 1403 Filius
1373 1349 1436 1403 iis
1483 1364 1671 1404 carere
1723 1350 1951 1416 dicatur,
2008 1362 2064 1406 et

488 1443 687 1497 Paulus
735 1442 927 1495 alicubi
1000 1441 1127 1494 dicit
1160 1457 1175 1497 :
1212 1459 1230 1492 ι
1259 1440 1582 1506 Imntortali,
1630 1441 1908 1509 invisibili,
1961 1443 2059 1499 soli

489 1536 717 1606 sapienti
749 1536 853 1589 Deo
883 1535 965 1598 7‘;
1005 1552 1022 1585 ι
1054 1532 1225 1586 Filius
1280 1548 1408 1599 ergo
1440 1547 1610 1601 neque
1645 1533 1748 1586 erit
1777 1532 2059 1588 immorta-

489 1630 575 1693 lis,
604 1643 773 1696 neque
800 1626 1109 1689 invisibilis,
1150 1639 1325 1695 neque
1351 1622 1764 1692 sapiens,juxra
1819 1636 2057 1680 vestram

2168 494 2356 565 ὥσπερ
2386 494 2842 564 ὲπεισαχθήσεται
2896 493 3043 562 παρά
3084 492 3174 545 τὸν
3205 490 3332 543 ὄντα
3362 489 3422 554 ἐξ
3446 490 3621 560 ἀρχῆς
3652 491 3745 543 καὶ

2168 586 2309 639 κατά
2332 586 2513 654 φύσιν.
2564 586 2722 639 Ἀλλά
2764 585 2920 638 τοῦτο
2963 584 3178 638 ἄτοπον.
3235 581 3442 635 Οὐκοῦν
3478 581 3539 634 ού
3570 581 3657 633 διὰ
3686 581 3745 634 τὺ

2168 677 2418 746 λέγεσθαι
2460 678 2619 748 μόνον
2671 677 2969 732 ἀθανασίαν
2997 675 3141 745 ἔχειν
3198 674 3288 727 τὸν
3342 672 3580 743 Πατέρα,
3634 672 3742 726 τῶν

2168 766 2432 820 ἐναντίων
2461 767 2612 819 ἔσται
2637 767 2880 828 δεκτικὸς
2926 768 2954 818 6
2990 766 3137 829 Υἱὸς,
3193 764 3305 817 ἀλλ’
3335 763 3409 827 ὡς
3443 762 3741 833 τρεχούσης

2168 859 2248 920 εἰς
2279 857 2341 910 τὸ
2384 857 2629 928 γέννημα
2685 858 2929 927 φυσικῶς
2970 858 3071 927 τῆς
3127 856 3397 925 πατρικῆς
3446 854 3735 923 ἰδιότητος,

2166 951 2323 1005 τοῦτο
2360 953 2454 1005 καὶ
2486 952 2645 1014 αὐτὸς
2694 954 2952 1023 ὑπάρχων
3001 953 3120 1005 κατ’
3145 950 3334 1003 οὐσίαν
3381 948 3735 1019 νοηθήσεται,

2165 1046 2301 1116 ὅπερ
2322 1045 2387 1099 ἂν
2409 1046 2494 1117 εἴη
2523 1046 2616 1099 καὶ
2641 1048 2669 1099 6
2693 1049 2958 1117 γεννήσας
2981 1046 3161 1099 αὐτόν.

2860 1158 3062 1210 ΑΛΛΟ.

2236 1269 2413 1324 Πολλά
2435 1271 2714 1340 προσεῖναι
2740 1268 2953 1336 λέγεται
2979 1269 3056 1338 τῷ
3075 1268 3247 1339 Πατρὶ
3270 1267 3737 1338 πλεονεκτήματα.

2176 1362 2315 1414 Ἀλλ’
2348 1364 2396 1415 εἰ
2425 1361 2629 1415 τούτων
2660 1360 2811 1413 ἔσται
2866 1361 3067 1430 γυμνὸς
3109 1362 3137 1412 6
3166 1359 3312 1422 Υἱὸς,
3368 1359 3513 1426 λέγει
3542 1359 3596 1411 δέ
3638 1376 3737 1411 που

2167 1454 2401 1520 Παῦλος,
2445 1471 2464 1506 ι
2510 1451 2822 1523 Ἀφθάρτῳ,
2867 1451 3105 1522 ἀοράτῳ,
3145 1450 3289 1521 μόνῳ
3322 1449 3469 1520 σοφῷ
3518 1449 3669 1519 θεῷ,
3713 1468 3731 1499 ι

2161 1546 2274 1600 οὒτ’
2299 1546 2596 1616 ἄφθαρτος,
2631 1544 2754 1598 οὔτε
2778 1544 3026 1615 ἀόρατος,
3057 1543 3179 1597 οὔτε
3215 1544 3376 1612 σοφὸς
3402 1543 3577 1607 ἕσται,
3614 1542 3737 1595 καθ’

2166 1639 2331 1708 ὑμᾶς.
2377 1638 2514 1691 Ἀλλ’
2550 1637 2661 1707 ἔχει
2683 1639 2783 1706 τὴν
2817 1624 3070 1690 ἀσέϐειαν
3096 1637 3333 1706 ἄμετρόν
3356 1652 3476 1688 τινα
3504 1634 3562 1687 τὸ
3598 1633 3738 1687 οὕτω

488 1718 816 1787 opinionem.
852 1717 1013 1785 Atqui
1052 1720 1153 1770 hoc
1196 1716 1277 1767 vel
1329 1715 1651 1784 cogitatione
1694 1715 1803 1769 sola
1840 1716 2061 1786 impium

2166 1732 2325 1783 νοεῖν.
2348 1729 2474 1792 Πῶς
2497 1729 2604 1800 γὰρ
2631 1729 2781 1782 ἔσται
2809 1729 3047 1798 φθαρτὸς
3068 1731 3095 1781 6
3119 1728 3219 1797 τῆς
3247 1726 3553 1797 ἀφθαρσίας
3576 1742 3739 1796 χορηο

488 1810 642 1864 valde
676 1819 786 1863 est.
806 1808 1086 1874 Quomodo
1121 1807 1277 1878 143
1310 1808 1452 1861 enim
1502 1809 1606 1861 erit
1668 1808 2054 1877 corruptibilis,

486 1911 676 1954 auctor
711 1900 824 1967 ipse
849 1908 902 1953 et
928 1898 1147 1967 largitor
1182 1899 1631 1965 incorruptionis?
1657 1899 1761 1951 Aut
1788 1900 2057 1973 quomodo

488 2002 677 2046 natura
705 1990 797 2044 Dei
832 1990 1002 2044 oculis
1037 1989 1183 2043 cerui
1227 1989 1430 2057 possit?
1453 1988 1560 2041 Aut
1596 2003 1702 2056 quo
1733 1996 1889 2055 pacto
1926 1987 2057 2041 iusi-

487 2082 721 2152 pientem
755 2080 1092 2133 censebimus
1139 2078 1356 2143 Filium,
1420 2081 1484 2132 de
1509 2093 1617 2147 quo
1659 2078 1921 2146 scriptum
1949 2086 2053 2142 est,

487 2172 628 2239 quod
656 2172 725 2226 sit
753 2190 771 2223 ι
801 2172 1033 2240 potentia
1053 2179 1107 2224 et
1138 2172 1400 2238 sapientia
1432 2170 1521 2223 Dei
1553 2170 1671 2221 νοΐ»
1709 2169 2055 2224 Restatenim

490 2266 691 2328 dicere,
725 2263 1046 2331 sapientiam
1092 2262 1181 2314 Dei
1226 2261 1563 2328 insipientem
1611 2261 1725 2313 sive
1779 2260 2057 2328 sapientiae

486 2365 763 2423 expertem
793 2368 933 2408 esse.
972 2352 1139 2406 Filius
1179 2353 1359 2421 itaque
1384 2352 1733 2406 nihilominus
1762 2353 1863 2406 erit
1898 2360 2053 2405 natu-

488 2447 673 2499 raliter
699 2444 889 2499 eadem
918 2460 1036 2513 qua:
1065 2444 1247 2504 Pater,
1282 2444 1491 2496 tametsi
1516 2443 1769 2495 nonnulla
1794 2444 1859 2496 de
1876 2457 1941 2496 eo
1967 2458 2055 2497 so-

487 2538 594 2589 lum
616 2537 995 2591 unediceutur.
1024 2535 1213 2589 Omnia
1234 2536 1375 2588 enim
1410 2549 1528 2603 qum
1554 2534 1697 2587 Patri
1725 2534 1929 2595 insunt,
1954 2549 2053 2586 na-

488 2627 735 2680 turaliter
761 2641 825 2681 ac
848 2628 1156 2681 necessario
1183 2627 1234 2680 in
1262 2626 1673 2695 Verbum,quod
1702 2641 1765 2679 ex
1788 2626 1903 2694 ipso
1935 2640 2058 2694 pro-

486 2715 649 2780 cedit,
678 2722 980 2768 transeunt.

1158 2802 1383 2859 ALIUD.

550 2913 605 2968 Si
637 2913 798 2967 Pater
826 2922 909 2967 est
941 2902 1261 2967 naturaliter
1296 2916 1425 2978 vita,
1459 2917 1908 2983 quemadmodum
1968 2934 2053 2972 re-

487 3016 610 3056 vera
641 3012 741 3064 est,
770 3004 931 3055 habet
964 3003 1187 3056 omnino
1207 3004 1306 3057 hoc
1330 3006 1491 3057 etiam
1525 3005 1710 3061 Filius.
1741 3007 1875 3062 Vere
1905 3010 2047 3063 enim

2164 1823 2257 1889 γός
2282 1839 2295 1887 ;
2323 1824 2394 1875 Ἦ
2430 1822 2546 1885 πῶς
2565 1822 2889 1891 ὁραθήσεται
2919 1820 3052 1872 Θεοῦ
3078 1819 3236 1887 φύσις
3260 1835 3273 1883 ;
3303 1820 3372 1870 Ἢ
3394 1818 3511 1880 πῶς
3538 1816 3737 1884 ἄσοφον

2164 1910 2304 1966 εἶναι
2333 1912 2624 1982 νομιοῦμεν
2642 1913 2733 1965 τὸν
2766 1913 2915 1978 Υἱὸν,
2950 1913 3077 1982 περὶ
3111 1908 3171 1965 οὗ
3220 1910 3529 1980 γέγραπται
3556 1909 3636 1962 ὅτι
3674 1906 3737 1977 δὴ

2170 2024 2189 2055 ι
2227 2003 2359 2056 Θεοῦ
2383 2004 2611 2074 δύναμις
2656 2004 2751 2057 καὶ
2802 2004 2936 2057 Θεοῦ
2994 2004 3153 2071 σοφία
3188 2003 3362 2069 Early;
3405 2021 3421 2053 ι
3459 2002 3600 2071 Ὦρα
3628 2002 3735 2070 γὰρ

2163 2095 2340 2163 λέγειν
2361 2098 2560 2165 ἄσοφον
2587 2092 2724 2148 εἶναι
2747 2095 2843 2166 τὴν
2873 2095 3062 2164 σοφίαν
3088 2094 3180 2148 τοῦ
3215 2094 3370 2148 Θεοῦ.
3401 2092 3608 2145 Οὐκοῦν
3636 2093 3735 2144 οὐκ

2164 2188 2525 2258 ἀποστερήσει
2556 2186 2646 2239 τὸν
2674 2187 2802 2239 Υἰὸν
2833 2187 2893 2239 τὸ
2921 2184 3059 2239 εἶναι
3093 2184 3264 2238 ταῦτα
3299 2182 3562 2254 φυσικῶς,
3592 2181 3735 2251 ἅπερ

2165 2276 2230 2329 ἂν
2260 2277 2469 2343 λέγοιτο
2489 2277 2580 2329 καὶ
2612 2278 2639 2329 6
2660 2276 2867 2347 Πατὴρ,
2893 2278 2942 2327 εἰ
2973 2277 3065 2328 κα)⁸
3114 2275 3201 2326 ἐπ’
3222 2271 3386 2327 αὐτοῦ
3422 2272 3577 2342 μόνον
3610 2270 3734 2323 τάτ-

2161 2385 2325 2422 τοιτο.
2348 2368 2545 2422 Φθάσει
2576 2370 2683 2439 γάρ
2715 2368 2874 2421 πάλιν
2899 2369 2988 2419 ἐπὶ
3027 2367 3115 2419 τὸν
3140 2366 3197 2430 ἐξ
3223 2364 3386 2420 αὐτοῦ
3411 2362 3736 2435 προελθόντα

2162 2461 2351 2529 Λόγον,
2378 2460 2554 2513 πάντα
2591 2460 2657 2513 τὰ
2707 2460 2859 2531 αύτῴ
2916 2460 3184 2530 προσόντα
3244 2457 3489 2527 φυσικῶς
3541 2473 3599 2509 τε
3641 2457 3736 2509 καὶ

2161 2553 2498 2620 ἀναγκαίως.

2843 2792 3043 2866 Anan.

2230 2932 2293 2984 ΕΞ
2318 2930 2429 2999 ζωὴ
2464 2928 2601 2981 κατὰ
2629 2927 2790 2996 φύσιν
2817 2929 2965 2978 ἐστὶν
2992 2929 3020 2978 6
3049 2925 3257 2996 Πατὴρ,
3289 2924 3479 2995 ὥσπερ
3513 2920 3606 2979 οῦν
3638 2928 3733 2980 καὶ

2164 3025 2328 3087 ἔστιν,
2358 3023 2469 3092 ἔχει
2502 3022 2716 3081 πάντως
2747 3017 2901 3070 τοῦτο
2939 3019 3030 3069 καὶ
3077 3018 3104 3068 6
3138 3017 3279 3080 Υἱός.
3320 3016 3593 3084 ’Δληθεύει
3625 3017 3733 3089 γάρ

486 3095 613 3148 dicit
665 3108 786 3147 cum
846 3094 1017 3148 ait:r
1077 3093 1269 3148 Omnia
1322 3104 1440 3150 uua:
1494 3097 1655 3152 habet
1718 3098 1901 3166 Pater,
1938 3115 2055 3155 mea

2161 3085 2331 3185 λέγων
2355 3132 2368 3145 ⁸
2387 3085 2433 3166 Π(
2462 3113 2645 3166 Πάντα
2672 3112 2769 3165 ὅσα
2796 3110 2907 3181 ἔχει
2942 3112 2969 3162 6
2992 3110 3198 3180 Πατὴρ,
3235 3108 3345 3178 ἐμά
3371 3110 3535 3162 ἐστιν.
3572 3129 3589 3162 ι

483 3194 610 3240 suut
629 3185 695 3239 ".
736 3204 754 3237 ι

849 3276 1079 3342 ALIUD,
1112 3276 1244 3330 idem
1276 3296 1340 3331 ex
1371 3283 1656 3339 contrario.

547 3392 605 3447 Si
641 3391 801 3446 Pater
828 3402 910 3446 est
938 3394 1045 3446 vita
1076 3393 1600 3459 naturaliter,Filius
1617 3412 1746 3454 vero
1778 3414 1882 3454 non
1905 3400 2053 3467 item,

491 3499 596 3553 quo
629 3493 785 3551 pacto
811 3498 937 3537 vere
959 3484 1123 3537 dicit:
1149 3502 1167 3534 ι
1192 3482 1384 3538 Omnia
1419 3503 1537 3554 qua:
1564 3490 1723 3544 habet
1754 3490 1912 3546 Pater
1939 3509 2053 3547 mea

486 3574 653 3627 sunt?
692 3592 710 3625 ι
744 3574 905 3641 Atqui
934 3589 1041 3628 non
1076 3576 1334 3628 mentitur
1362 3578 1582 3632 veritas.
1623 3579 1717 3634 Est
1781 3582 1942 3651 igitur
1975 3601 2058 3639 re-

483 3678 608 3718 vera
637 3665 966 3718 naturaliter
996 3664 1105 3719 vita
1137 3663 1328 3733 Filius,
1375 3671 1832 3738 quemadmodum
1873 3684 1928 3730 et
1947 3675 2054 3730 Pa-

483 3766 584 3810 ter.
1464 3769 1471 3777 ’

1117 3869 1268 3924 Idem
1291 3873 1463 3927 aliter.

555 3980 611 4034 Si
646 3979 809 4035 Pater
843 3990 925 4035 est
956 3982 1279 4035 naturaliter
1300 3985 1426 4045 vita,
1477 3983 1647 4038 Filius
1693 3997 1867 4040 autem
1946 4006 2050 4046 non

483 4073 633 4136 item,
670 4074 763 4125 sed
825 4073 1187 4126 accesseriam
1230 4083 1392 4139 atque
1431 4076 1719 4128 ascititiam
1762 4079 1922 4130 vitam
1954 4082 2052 4134 ha-

481 4163 592 4225 bet,
621 4176 726 4228 quo
756 4171 911 4228 pacto
947 4177 1068 4216 vere
1121 4162 1186 4214 ad
1210 4160 1421 4214 Patrem
1449 4164 1578 4217 dicit
1606 4184 1618 4217 :
1659 4185 1676 4216 (
1722 4164 1911 4223 Omnia
1936 4186 2052 4227 mea

483 4263 571 4305 tua
603 4262 750 4318 sunt,
781 4261 835 4305 et
854 4262 938 4305 tua
960 4269 1076 4306 mea
1100 4254 1185 4306 '8?
1220 4274 1239 4306 ι
1268 4256 1372 4307 Aut
1395 4256 1537 4307 enim
1579 4257 1739 4310 habet
1795 4262 2053 4315 naturali-

485 4353 566 4398 ter
588 4342 729 4413 quod
750 4343 819 4396 sit
850 4344 958 4396 vita
1012 4345 1175 4399 etiam
1233 4346 1347 4413 ipse
1387 4364 1399 4399 :
1441 4350 1578 4413 quod
1617 4351 1830 4416 quidem
1873 4353 2050 4409 Patris

2424 3274 2629 3336 ΑΛΛΟ,
2663 3269 2729 3324 τὸ
2761 3267 2908 3323 αὐτὸ
2933 3268 3000 3321 ἑκ
3028 3268 3133 3321 τοῦ
3171 3266 3469 3321 ἐναντίου.

2228 3391 2291 3442 EI
2319 3388 2432 3458 ζωὴ
2465 3386 2607 3440 κατὰ
2641 3386 2803 3454 φύσιν
2846 3383 2993 3437 ἐστὶν
3022 3386 3049 3436 6
3084 3383 3293 3452 Πατὴρ,
3328 3382 3357 3434 6
3379 3380 3436 3433 δὲ
3469 3380 3593 3443 Υἱὸς
3636 3380 3735 3451 οὐχ

2157 3481 2350 3544 οὕτως,
2381 3478 2497 3541 πῶς
2542 3476 2834 3546 ἀληθεύσει
2881 3475 3090 3542 λέγων·
3128 3493 3146 3525 ι
3178 3474 3362 3526 Πάντα
3410 3474 3509 3525 ὅσα
3555 3471 3665 3541 ἔχει
3708 3475 3735 3525 ὁ

2161 3573 2375 3641 Πατὴρ,
2416 3568 2527 3640 ὲμά
2556 3570 2744 3632 ὲστινς
2781 3586 2799 3617 ι
2844 3566 2984 3618 Ἀλλ’
3009 3566 3108 3617 ούκ
3148 3564 3213 3617 ἂν
3250 3563 3508 3633 ψεύσαιτο
3540 3564 3570 3632 ἡ
3601 3562 3735 3632 ἀλή-

2158 3662 2297 3727 θεια,
2336 3661 2488 3713 ἔσται
2522 3658 2761 3729 δηλονότι
2795 3656 2909 3727 ζωὴ
2943 3657 3082 3709 κατά
3108 3656 3269 3725 φύσιν
3308 3657 3337 3708 6
3366 3655 3511 3719 Υἱὸς,
3546 3653 3735 3724 ὥσπερ

2159 3764 2249 3805 και
2275 3754 2303 3804 ὁ
2326 3751 2534 3821 Πατήρ.

2677 3862 2913 3928 ’Ἄλλως
2952 3862 3017 3914 τὸ
3045 3861 3212 3914 αὐτό.

2227 3975 2285 4026 Et
2316 3971 2427 4043 ζωὴ
2457 3972 2597 4025 κατά
2638 3974 2797 4041 φύσιν
2837 3975 2984 4027 ἐστὶν
3012 3976 3039 4027 6
3074 3975 3283 4042 Πατὴρ,
3311 3976 3339 4027 6
3368 3973 3424 4027 δὲ
3465 3971 3591 4036 Υἱὸς
3632 3972 3729 4041 οὐκ

2153 4066 2347 4129 οὕτως,
2400 4068 2515 4119 ἀλλ’
2568 4071 2894 4123 ἐπείσακτον
2940 4070 3049 4140 ἔχει
3107 4070 3166 4122 τὸ
3199 4065 3336 4121 εἶναι
3391 4066 3565 4131 τοῦτο,
3612 4064 3731 4127 πῶς

2154 4159 2443 4228 ἀληθεύσει
2475 4161 2647 4229 λέγων
2690 4162 2825 4230 πρὸς
2865 4162 2956 4215 τὸν
3001 4162 3237 4231 Πατέρα,
3279 4162 3361 4213 ὅτι
3395 4178 3415 4207 ε
3449 4160 3631 4212 Πάντα
3662 4158 3730 4209 τὰ

2154 4255 2263 4324 ἐμὰ
2293 4255 2360 4306 σά
2391 4256 2529 4317 ἐστι,
2565 4255 2656 4307 καὶ
2678 4255 2745 4308 τὰ
2770 4254 2836 4307 σά
2870 4254 3014 4323 ὲμά;
3054 4274 3071 4304 ι
3104 4255 3173 4305 Ἦ
3204 4252 3309 4322 γὰρ
3339 4249 3447 4317 ἕξει
3477 4250 3617 4302 κατά
3640 4247 3734 4315 φύ-

2155 4362 2239 4396 σιν
2276 4345 2336 4397 τὸ
2359 4340 2497 4398 εἶναι
2527 4345 2639 4417 ζωὴ
2680 4348 2771 4399 καὶ
2802 4346 2982 4409 αὐτὸς,
3033 4346 3169 4415 ὅπερ
3197 4345 3313 4395 ἐστὶ
3355 4341 3448 4395 τοῦ
3495 4340 3728 4410 Πατρός.

480 4445 596 4501 est;
631 4442 724 4487 aut
753 4434 797 4487 si
833 4450 935 4488 non
966 4436 1087 4500 hoc,
1128 4437 1220 4489 sed
1265 4451 1384 4504 quae
1411 4452 1506 4487 sua
1541 4449 1665 4491 sunt
1696 4438 1868 4495 Patris
1899 4453 2044 4506 Sllltl,

2161 4434 2221 4485 Ἣ
2256 4437 2303 4486 εἰ
2335 4434 2408 4504 μὴ
2436 4436 2610 4501 τοῦτο,
2648 4436 2743 4487 τοῦ
2794 4436 2850 4487 δὲ
2890 4437 3101 4504 Πατρός
3140 4437 3255 4487 ἐστι
3284 4434 3348 4486 τὰ
3393 4432 3581 4493 αὑτοῦ,
3606 4433 3730 4483 ἐπεὶ

480 4542 601 4580 cum
624 4538 737 4580 non
766 4527 836 4579 sit
864 4526 1182 4579 naturaliter
1200 4526 1305 4578 vita
1334 4524 1524 4589 Filius,
1562 4542 1627 4581 ne
1648 4526 1803 4582 Pater
1828 4532 2045 4599 quidem

481 4617 799 4674 naturaliter
828 4618 934 4669 vita
1006 4616 1150 4670 erit:
1185 4618 1329 4684 quod
1395 4627 1479 4671 est
1526 4620 1841 4675 absurdum.
1890 4622 2049 4678 Pater

478 4709 619 4763 enim
651 4707 974 4761 naturaliter
1014 4716 1097 4760 est
1145 4709 1297 4760 vita:
1344 4710 1447 4761 crit
1502 4722 1677 4764 autem
1731 4714 1832 4767 hoc
1873 4715 2045 4784 ipsum

479 4801 667 4864 Filius,
700 4815 767 4856 ne
790 4815 818 4854 a
841 4800 1189 4856 similitudine
1221 4813 1340 4852 cum
1370 4798 1527 4853 Patre
1564 4804 1795 4857 recedat.

1152 4912 1376 4969 ALIUD.

550 5023 607 5077 Si
658 5023 825 5078 Filius
883 5036 967 5079 est
1012 5026 1349 5080 omnimodus
1395 5028 1655 5096 planeque
1734 5030 2043 5087 indili'crens

478 5113 762 5166 character
806 5115 1155 5182 hypostaseos
1184 5112 1381 5176 Patris,
1402 5115 1724 5169 naturaliter
1752 5118 1913 5170 etiam
1943 5120 2043 5171 hoc

477 5203 873 5271 Isaliebit,qnod
895 5204 965 5257 sit
998 5204 1128 5269 vita,
1165 5218 1231 5258 ne
1256 5204 1575 5259 obliteretur
1620 5220 1682 5259 ac
1719 5205 2043 5275 depravctur

476 5292 758 5346 character
785 5292 981 5348 Patris.
1032 5310 1037 5315 '

1152 5406 1381 5462 ALIUD.

537 5490 791 5563 Christus
817 5493 1014 5549 alicubi
1042 5498 1110 5551 ad
1149 5492 1440 5568 discipulos
1468 5515 1597 5555 suos
1632 5501 1705 5555 ita
1740 5503 1813 5557 ait
1842 5522 1851 5557 :
1885 5521 1901 5552 ι
1939 5501 2040 5568 Qui

540 5652 587 5683 "
612 5649 630 5702 ι
654 5647 887 5703 Timoth.
923 5661 961 5717 t,
990 5650 1075 5707 17.

2156 4525 2230 4593 μὴ
2261 4524 2401 4576 κατά
2433 4525 2592 4594 φύσιν
2625 4527 2741 4578 ἐστὶ
2773 4526 2884 4595 ζωὴ
2907 4529 2935 4579 6
2966 4527 3111 4590 Υἱὸς,
3148 4527 3247 4579 ούκ
3275 4525 3424 4579 ἔσται
3450 4524 3608 4578 τοῦτο
3633 4523 3727 4576 καὶ

2152 4616 2180 4667 6
2210 4616 2417 4685 Πατήρ.
2473 4616 2634 4669 Ἀλλά
2676 4616 2836 4670 τοῦτο
2883 4619 3103 4671 ἄτοπον.
3137 4617 3297 4670 Φύσει
3332 4616 3439 4687 γὰρ
3470 4618 3499 4668 6
3539 4614 3727 4685 Πατὴρ

2155 4704 2289 4773 ζωὴ,
2338 4706 2489 4760 ἔσται
2526 4706 2682 4760 τοῦτο
2727 4709 2819 4761 καὶ
2848 4710 2876 4760 6
2916 4707 3061 4772 Υἱὸς,
3095 4709 3185 4763 ἵνα
3219 4708 3293 4779 μὴ
3326 4707 3589 4777 ψεύδηται
3631 4706 3732 4776 τὴν

2155 4799 2430 4868 ὁμοίωσιν.

2843 4912 3042 4966 ΑΛΛΟ.

2225 5025 2288 5077 ΕΞ
2333 5022 2618 5094 χαρακτὴρ
2649 5025 3064 5094 ἀπαράλλακτος
3112 5024 3207 5094 τῆς
3236 5022 3329 5076 τοῦ
3362 5021 3572 5091 Πατρὸς
3596 5020 3732 5071 ὑπο-

2155 5116 2396 5179 στάσεώς
2422 5118 2570 5168 ἐστιν
2594 5118 2623 5169 6
2654 5116 2799 5179 Υἱὸς,
2829 5117 3047 5187 φορέσει
3090 5116 3335 5185 φυσικῶς
3368 5114 3460 5165 καὶ
3488 5113 3546 5164 τὸ
3592 5105 3732 5162 εἶναι

2152 5205 2286 5276 ζωὴ,
2344 5209 2433 5261 ἵνα
2490 5208 2565 5279 μὴ
2621 5209 3108 5279 παραχαράττηται
3153 5205 3247 5259 τοῦ
3302 5206 3515 5275 Πατρός
3557 5206 3586 5256 6
3631 5220 3733 5271 χα-

2154 5300 2359 5369 ρακτήρ

2839 5416 3041 5467 ΑΛΛΟ.

2220 5503 2356 5573 Φησξ
2376 5521 2476 5556 που
2504 5504 2737 5574 Χριστὸς
2760 5504 2892 5577 πρὸς
2910 5508 3036 5569 τοὺς
3062 5502 3256 5557 ἑαυτοῦ
3288 5500 3538 5571 μαθητάς
3564 5521 3580 5535 ο
3613 5518 3632 5552 ι
3671 5497 3734 5553 ’0

1173 5650 1260 5705 "I
1294 5650 1418 5708 Cor.
1458 5671 1493 5721 ι,
1520 5653 1609 5707 2t.
1688 5656 1733 5687 '”
1759 5654 1913 5714 Joan.
1952 5673 2064 5722 xvr,
2108 5658 2191 5711 15.
2273 5659 2317 5689 ⁷⁸
2342 5656 2498 5714 Joan.
2535 5675 2667 5725 xvn,
2707 5662 2793 5717 10.
