4036 6208
349 329 444 383 9M

1758 345 2193 405 THESAURUS.

3491 370 3597 426 242

340 449 602 551 ἑωρακὼς
627 451 753 520 ὲμὲ,
774 454 986 525 ἑώρακε
1010 456 1100 510 τὸν
1127 459 1370 530 Πατέρα.
1410 479 1428 512 ι
1459 461 1519 514 Εί
1545 462 1723 516 τοίνυν
1756 467 1783 517 6
1812 467 1912 519 [Ια-

2029 472 2159 523 vidit
2195 488 2298 534 me,
2343 474 2474 528 vidit
2510 486 2564 528 et
2595 475 2805 531 Patrem
2831 479 2896 533 ".
2947 498 2964 531 ι
3007 479 3063 534 Si
3108 482 3270 551 igitur
3329 485 3489 542 Pater
3542 493 3592 545 iu

335 539 442 610 τὴρ
460 543 520 594 ὲν
551 542 663 613 Υἱῷ
683 543 934 612 φαίνεται
965 547 1077 618 ζωὴ
1099 549 1239 603 κατά
1271 548 1432 618 φύσιν
1463 553 1742 624 ὑπάρχων,
1768 554 1920 608 ἔσται

335 632 496 686 τοῦτο
530 637 624 688 καὶ
652 639 682 689 6
717 637 866 702 Υἱὸς,
899 639 984 692 ἶνα
1015 642 1091 712 μὴ
1120 641 1385 715 ψεύδηται
1414 646 1512 716 τὴν
1534 647 1811 717 ὁμοίωσιν.

333 747 555 814 LAAO,
597 749 668 804 ἐκ
730 747 851 804 τῶν
900 752 1100 806 αὐτῶν
1141 754 1240 836 δεῤ
1281 756 1392 825 τῆς
1435 759 1522 824 εἰς
1549 760 1775 814 ἄτοπον
1811 761 1918 814 ἀπ-

1014 841 1272 894 αγωγης-

401 931 545 1002 Φησί
567 950 672 986 που
697 935 932 1005 Χριστός
952 950 967 966 ο
1002 955 1022 989 ι
1063 936 1122 990 '0
1155 939 1417 1010 ἑωρακὼς
1437 943 1559 1013 ἐμὲ,
1595 943 1804 1016 ἑώρακε
1828 947 1920 1000 τὸν

333 1027 580 1097 Πατέρα.
611 1047 650 1099 ¹ι
684 1029 745 1082 Ei
783 1030 962 1084 τοίνυν
1005 1033 1328 1088 ἐπείσακτον
1353 1038 1468 1108 ἤτοι
1494 1040 1636 1093 κατὰ
1664 1043 1919 1113 μετοχὴν,

333 1117 433 1170 καὶ
455 1119 562 1171 οὐκ
598 1119 854 1182 οὐσιῶδες
892 1119 1004 1190 ἔχει
1028 1122 1088 1174 τὸ
1124 1121 1264 1178 εἶναι
1290 1124 1425 1197 ζωὴ,
1456 1128 1608 1182 ἔσται
1635 1130 1792 1183 τοῦτο
1827 1132 1920 1184 καὶ

332 1210 360 1262 6
395 1209 612 1280 Πατήρ.
639 1209 830 1279 Φυγὼν
854 1211 910 1264 δὲ
939 1211 1032 1266 τοῦ
1062 1213 1222 1282 λόγου
1241 1216 1338 1286 τὴν
1373 1218 1624 1283 ἀτοπίαν,
1663 1220 1722 1285 ἐξ
1754 1221 1920 1288 ἀνάγ-

333 1315 438 1367 κης
485 1299 845 1371 ὁμολογήσεις
897 1303 957 1355 τὸ
999 1303 1218 1375 ἕτερον·
1253 1306 1366 1379 ζωὴ
1408 1307 1518 1379 γὰρ
1570 1310 1714 1364 κατά
1755 1311 1918 1380 φύσιν

330 1391 359 1442 6
393 1391 542 1454 Υἱός.

1019 1510 1224 1566 ΑΛΛΟ.

398 1620 466 1673 Ei
497 1619 594 1672 τοῦ
637 1620 851 1692 Πατρδς
890 1622 989 1694 τὴν
1023 1623 1212 1678 οὐσίαν
1253 1626 1282 1678 6
1313 1625 1440 1690 Υἱὸς
1485 1629 1918 1702 ἀπαραλλάκτως

328 1711 763 1780 χαρακτηρίζειν
802 1711 1040 1780 λέγεται,
1075 1712 1191 1767 ἔστι
1225 1715 1280 1768 δὲ
1318 1717 1378 1770 οὐ
1413 1720 1554 1772 κατὰ
1587 1720 1751 1789 φύσιν
1781 1723 1916 1793 ζωὴ,

2023 560 2158 615 Filio
2176 573 2398 631 apparet
2417 565 2521 617 vita
2549 567 2868 624 naturaliter
2882 570 3172 638 exsistens,
3186 575 3286 629 erit
3309 579 3409 632 hoc
3430 578 3592 635 etiam

2028 650 2213 716 Filius,
2251 667 2317 707 ne
2341 654 2475 708 falsa
2503 657 2574 710 sit
2596 659 2910 717 similitudo.

2091 765 2320 832 ALIUD,
2346 785 2410 822 ea:
2434 771 2618 824 iisdem
2648 789 2763 827 cum
2803 777 3100 834 reductiona
3120 781 3187 834 ad
3211 782 3518 840 absurdum.

2089 944 2338 1000 Christus
2367 947 2561 1004 alicubi
2594 951 2770 1019 inqui.
2847 973 2865 1004 ι
2900 953 3000 1020 Qui
3052 959 3180 1010 vidit
3213 975 3318 1026 me,
3353 964 3482 1018 vidit
3537 975 3593 1020 et.

2020 1031 2254 1086 Patrem.
2285 1054 2305 1086 ι
2343 1037 2399 1088 Si
2449 1052 2582 1106 ergo
2610 1041 2971 1094 accessorium
3007 1041 3106 1096 hoc
3169 1044 3244 1098 illi
3308 1056 3408 1110 est,
3473 1049 3590 1104 sive

2021 1139 2116 1192 per
2137 1126 2626 1193 participationem,
2679 1117 2733 1184 et
2789 1145 2892 1183 non
2935 1134 3240 1198 essentiale,
3295 1139 3438 1205 quod
3481 1140 3592 1193 'sit

2021 1217 2148 1279 vita,
2193 1218 2297 1270 erit
2325 1218 2425 1272 hoc
2454 1219 2616 1273 etiam
2648 1220 2825 1275 l’ater.
2862 1221 3026 1288 Cujus
3051 1223 3179 1278 dicti
3197 1225 3584 1284 absurditatem

2019 1305 2250 1376 fugiens,
2282 1311 2588 1364 necessario
2625 1310 2879 1367 fateberis
2907 1315 3232 1368 contrarium
3260 1333 3273 1369 :
3298 1318 3408 1372 vita
3439 1320 3594 1372 enim

2019 1408 2102 1453 est
2127 1399 2444 1455 naturaliter
2476 1401 2670 1456 Filius.

2687 1512 2917 1569 ALIUD.

2090 1626 2146 1679 Si
2177 1625 2341 1679 Filius
2371 1626 2545 1680 l'atris
2573 1626 2860 1680 essentiam
2889 1625 3194 1680 omnimoda
3229 1624 3389 1698 ια
3434 1625 3596 1682 simi-

2019 1719 2238 1771 litudinc
2275 1719 2577 1787 exprimere
2617 1719 2830 1784 dicitur,
2859 1728 3049 1786 estque
3079 1718 3190 1786 ipse
3222 1733 3326 1772 non
3363 1728 3585 1772 natura-

330 1800 446 1853 ἀλλ’
476 1802 537 1852 ἐν
564 1801 882 1873 προσθήκης
913 1803 1068 1873 μέρει
1117 1805 1274 1858 τοῦτο
1304 1807 1591 1878 λαμϐάνει,
1632 1812 1790 1866 τοῦτο
1823 1817 1912 1867 καὶ

2019 1810 2142 1861 liter
2171 1811 2298 1872 vita,
2325 1810 2417 1862 sed
2450 1825 2544 1878 per
2573 1809 2930 1878 adiectionem
2966 1809 3094 1861 illud
3149 1809 3368 1878 accipit,
3423 1809 3594 1864 Pater

329 1893 358 1943 6
402 1892 596 1962 Πατὴρ
629 1885 976 1963 νοηθήσεται.
1013 1896 1086 1948 T6
1114 1896 1171 1950 δὲ
1202 1899 1260 1950 ἐν
1285 1899 1494 1964 τούτοις
1521 1902 1741 1970 ἄτοπον,
1774 1923 1916 1976 παρ-

329 1984 558 2038 εισοίσει
585 1984 646 2038 τὺ
671 1985 935 2050 ἐναντίον,
960 1986 1097 2057 ὅπερ
1125 1988 1240 2041 ἐστὶ
1264 1991 1359 2042 καὶ
1395 1991 1616 2063 ἀληθές.

1000 2099 1206 2153 ΑΛΛΟ.

397 2206 482 2260 Τὰ
509 2207 800 2278 ἑτερογενῆ
827 2227 886 2261 τε
914 2211 1005 2263 καὶ
1034 2213 1295 2284 ἑτεροφυῆ
1317 2215 1415 2286 τὴν
1448 2217 1617 2288 αὐτὴν
1637 2219 1915 2291 ἐνέργειαν

327 2297 494 2366 ἔχειν,
524 2299 625 2351 οὐκ
655 2299 719 2352 ἄν
751 2317 835 2364 τις
869 2300 979 2370 δῴη
1015 2304 1323 2371 σωφρονῶν.
1357 2307 1490 2361 Οὐδὲ
1517 2309 1626 2380 γάρ
1666 2311 1732 2364 ἂν
1761 2312 1916 2366 ὕδατι

325 2387 441 2472 πξῗιρ
463 2390 522 2441 ’ἐν
573 2407 626 2442 τι
668 2391 761 2444 καὶ
797 2392 993 2445 ταυτὸν
1035 2394 1404 2463 ὲνεργήσειεν,
1434 2398 1552 2451 ἀλλ’
1589 2401 1777 2472 ὥσπερ
1811 2405 1917 2456 ἀπ-

327 2469 741 2552 εσχοινισμένον
799 2482 980 2552 ἔχουσι
1006 2487 1103 2556 τῆς
1129 2487 1317 2551 οὐσίας
1359 2490 1480 2559 ἦτοι
1509 2491 1608 2562 τῆς
1627 2469 1915 2565 ποιότητος

325 2575 418 2625 τὸν
449 2574 630 2640 λόγον,
666 2575 810 2628 οὓτω
845 2578 938 2629 καὶ
966 2577 1223 2650 διάφορον
1252 2581 1593 2637 ἀποδώσουσι
1621 2585 1721 2656 τὴν
1763 2588 1914 2658 ἐνέρ-

327 2679 505 2730 γειαν.
538 2665 600 2716 EI
633 2665 813 2718 τοίνυν
854 2666 998 2733 ζωῆς
1032 2667 1184 2730 ὄντος
1205 2670 1344 2722 κατά
1374 2672 1536 2739 φύσιν
1553 2673 1646 2726 τοῦ
1677 2675 1909 2744 [ἰατρὸς.

327 2756 429 2807 οὐκ
461 2755 576 2808 ἔστι
624 2755 783 2808 τοῦτο
817 2757 937 2810 κατ’
962 2758 1150 2812 οὐσίαν
1178 2760 1206 2810 6
1239 2761 1387 2824 Υἱὸς,
1420 2762 1608 2834 ὥσπερ
1645 2768 1758 2828 τοῖς
1790 2783 1913 2836 χρι-

331 2844 624 2914 στομάχοις
650 2845 816 2909 δοκεῖ,
841 2848 956 2910 πῶς
973 2847 1071 2916 τὴν
1098 2848 1266 2920 αὐτὴν
1289 2851 1568 2921 ἐνέργειαν
1593 2855 1811 2924 φορέσει
1837 2855 1914 2926 τῷ

333 2935 546 3004 Πατρί;
575 2938 711 3006 Φησὶ
732 2938 840 3007 γάρ
874 2955 974 2990 που
1009 2940 1263 3010 Χριστὸς,
1313 2942 1392 2994 ὅτι
1425 2943 1635 3015 ’Ὠσπερ
1668 2948 1696 2998 6
1723 2948 1913 3020 Πατὴρ

330 3027 428 3090 οὓς
462 3027 602 3080 θέλει
640 3029 910 3092 ζωοποιεῖ,
943 3029 1084 3082 οὓτω
1122 3031 1213 3084 καὶ
1239 3036 1267 3085 6
1303 3033 1428 3096 Υἱὸς
1471 3034 1564 3098 οὓς
1587 3036 1730 3089 θέλει
1772 3037 1909 3095 ζωο-

2019 1917 2234 1969 quoque
2263 1903 2364 1954 hoc
2389 1916 2510 1955 esse
2542 1901 2874 1954 censebitur.
2927 1900 3040 1956 Hoc
3088 1915 3220 1955 vero
3272 1901 3604 1968 absurdum,

2018 1990 2509 2059 necessario_inl‘ert
2541 1990 2872 2044 contrarium
2895 2029 2908 2053 ,
2941 1989 3082 2058 quod
3112 1998 3166 2045 et
3189 2005 3375 2046 verum
3411 1997 3533 2046 εει..

2710 2101 2946 2156 ALIUD.

2087 2213 2216 2280 Quae
2247 2213 2440 2267 diversi
2473 2223 2595 2268 sunt
2629 2216 2845 2284 generis
2869 2223 2923 2268 et
2961 2223 3190 2278 naturae,
3249 2229 3408 2269 nemo
3437 2229 3622 2270 com--

2017 2324 2112 2376 pos
2143 2309 2337 2362 mentis
2361 2307 2604 2360 eamdem
2622 2307 2990 2374 operationem
3043 2306 3244 2360 habere
3278 2307 3456 2372 dicet;
3493 2324 3592 2361 ne-

2016 2415 2120 2468 que
2140 2400 2282 2452 enim
2341 2399 2476 2468 ignis
2517 2407 2572 2452 et
2611 2414 2745 2468 aqua
2775 2397 2912 2452 idem
2977 2397 3241 2452 eﬂicient:
3273 2400 3366 2454 sed
3397 2414 3588 2467 quem-

2016 2489 2301 2540 admodum
2355 2489 2621 2540 diversam
2679 2487 2876 2540 habent
2910 2489 3160 2542 essentia:
3183 2489 3296 2542 sive
3349 2487 3582 2556 qualita-

2018 2580 2086 2632 tis
2118 2580 2400 2640 ratiunem,
2433 2580 2502 2630 ita
2522 2579 2682 2632 etiam
2718 2579 2984 2634 diversam
3014 2577 3384 2646 operationem
3403 2579 3584 2634 edent.

2018 2666 2072 2722 Si
2096 2684 2224 2736 ergo
2245 2684 2364 2720 cum
2399 2666 2559 2720 Pater
2579 2668 2649 2722 sit
2675 2666 2996 2720 natmaliter
3026 2668 3158 2729 vita,
3201 2666 3372 2720 Filius
3406 2667 3457 2719 id
3493 2683 3596 2718 na-

2017 2758 2266 2812 turaliter
2309 2773 2411 2811 non
2466 2769 2567 2816 est.
2638 2757 3089 2824 quemadmodum
3148 2758 3332 2811 hostes
3385 2757 3584 2810 Christi

2013 2850 2322 2918 opinantur,
2342 2865 2446 2914 quo
2461 2857 2617 2916 pacto
2633 2851 2874 2901 eamdem
2899 2863 3018 2900 cum
3045 2848 3598 2916 PatreLoperationem

2015 2941 2272 2996 habebit?
2315 2940 2490 3008 Inquit
2533 2940 2676 2992 enim
2724 2939 2921 2992 alicubi
2963 2937 3216 2991 Christus
3255 2938 3398 3006 quod
3429 2936 3588 2990 «Sic-

2016 3044 2074 3089 ut
2126 3033 2440 3101 Paterquos
2473 3033 2580 3084 \‘ttll
2607 3031 2860 3093 viviﬁcat,
2888 3030 2960 3082 ita
2996 3038 3050 3082 et
3077 3029 3242 3082 Filius
3283 3043 3419 3098 quos
3473 3028 3596 3082 vult.

335 3120 498 3170 ποιεῖ.
523 3119 595 3170 Οὐ
643 3119 753 3190 γὰρ
769 3120 830 3190 δή
858 3137 957 3173 που
980 3121 1358 3185 ζωοποιείσθαι
1381 3125 1479 3192 μὲν
1501 3127 1703 3197 ἑτέρως
1725 3130 1909 3199 ἐροῦσι

2018 3125 2248 3178 viviﬁcat
2271 3125 2338 3178 ⁸ο.
2367 3143 2384 3175 ι
2409 3123 2591 3192 Neque
2609 3123 2752 3178 enim
2773 3120 3035 3174 viviﬁcari
3055 3115 3310 3174 dicuntur
3325 3131 3591 3188 quotquot.

332 3211 457 3272 τοὺς
489 3211 602 3263 ὅσοι
641 3213 790 3282 παρά
817 3213 911 3264 τοῦ
951 3214 1164 3284 [ἰατρὸς
1191 3215 1351 3268 τοῦτο
1379 3217 1736 3286 λαμὸάνουσι,
1772 3221 1910 3282 ζωο-

336 3303 604 3356 ποιείσθαι
643 3303 698 3356 δὲ
769 3304 928 3359 πάλιν
969 3307 1090 3360 καθ’
1123 3308 1307 3380 ἕτερον
1346 3311 1546 3379 τρόπον
1575 3313 1702 3376 τοὺς
1759 3315 1910 3384 παρὰ

336 3393 427 3446 τοῦ
459 3395 591 3447 Υίοῦ
639 3395 796 3448 τοῦτο
832 3397 1173 3467 δεχομένους.
1226 3399 1380 3454 Οὕτω
1429 3402 1538 3472 γὰρ
1564 3403 1733 3474 ἔφησε
1779 3405 1912 3469 ζωο-

337 3488 503 3538 ποιεῖν
527 3485 620 3539 τὸν
654 3487 894 3558 Πατέρα,
925 3488 1000 3552 ὡς
1033 3490 1098 3542 ἂν
1125 3491 1512 3561 ζωοποιήσειεν
1534 3495 1564 3546 6
1589 3495 1736 3557 Υἱὸς,
1769 3513 1909 3549 παν-

338 3576 497 3646 τειχοῦ
531 3577 629 3647 τὴν
679 3578 847 3648 αὐτὴν
877 3579 1156 3650 ἐνέργειαν
1181 3580 1370 3650 ἔχοντα
1397 3581 1476 3650 τῷ
1516 3583 1691 3652 Πατρὶ⁴
1719 3585 1910 3638 ἑαυτὸν

339 3668 665 3738 ὁριζόμενος.
707 3669 914 3722 Οὐκοῦν
945 3671 1043 3723 οὐκ
1073 3671 1503 3741 ἀνόμοιοςὲσται
1538 3674 1672 3742 πρὸς
1708 3675 1799 3726 τὸν
1819 3692 1911 3742 γε-

342 3757 654 3827 γεννηκότα·
701 3757 816 3810 ἀλλ’
857 3758 1044 3829 ὥσπερ
1082 3760 1288 3824 ἐκεῖνος
1329 3761 1489 3830 φύσει
1537 3760 1652 3833 ζωὴ
1693 3762 1912 3831 λέγεται

343 3848 430 3900 καὶ
459 3847 629 3914 ἔστιν,
659 3847 800 3901 οὕτω
831 3848 925 3901 καὶ
953 3851 981 3901 6
1013 3850 1160 3914 Υἱός.

1017 3963 1224 4016 ΑΛΛΟ.

403 4069 467 4123 EI
493 4071 592 4142 τὴν
623 4071 880 4141 ἀλήθειαν
908 4073 1027 4134 ταῖς
1077 4073 1325 4125 Ἰωάννου
1355 4077 1558 4142 φωναῖς
1585 4075 1913 4146 ὲπιψηφιού-

343 4160 496 4227 μεθα,
527 4161 704 4214 πάντα
750 4161 992 4229 δώσομεν
1026 4161 1353 4232 ἐργάζεσθαι
1396 4163 1464 4215 δι’
1509 4163 1636 4216 Υίοῦ
1674 4166 1767 4217 τὸν
1801 4166 1912 4218 Πα-

335 4253 482 4322 τέρα.
523 4252 585 4303 Εἰ
619 4251 677 4303 δὲ
703 4251 882 4315 τοῦτο,
918 4251 976 4303 ἓν
1006 4251 1062 4304 δὲ
1091 4252 1199 4303 τῶν
1230 4251 1406 4322 ἔργων
1443 4253 1536 4306 τοῦ
1569 4254 1780 4324 [Ia-:96;
1816 4256 1910 4308 καὶ

329 4341 392 4392 τὸ
421 4339 704 4402 ζωοποιεῖν
730 4355 903 4402 τινας,
934 4339 1085 4392 ἔσται
1114 4339 1226 4409 ζωὴ
1266 4340 1407 4392 κατὰ
1432 4341 1592 4409 φύσιν
1618 4344 1645 4394 6
1675 4343 1820 4407 Υἱὸς,
1843 4343 1910 4395 δι’

328 4429 391 4486 οὗ
427 4432 495 4484 τὰ
529 4432 708 4485 πάντα
761 4429 1032 4494 ζωοποιεῖ,
1067 4431 1155 4484 ἵνα
1195 4429 1270 4500 μὴ
1298 4432 1449 4494 νόθος
1505 4433 1728 4502 μεσίτης
1764 4451 1906 4504 παρ-

331 4523 707 4591 εισαγόμενος,
752 4521 1018 4590 ἀμέτοχον
1036 4521 1183 4592 δείξῃ
1221 4520 1356 4574 Θεοῦ
1400 4523 1463 4575 τὸ
1493 4525 1559 4594 τῇ
1584 4524 1720 4595 πρὸς
1743 4525 1907 4580 αὑτὸν

332 4615 518 4684 σχέσει
544 4613 808 4677 ζωοποιού
817 4631 1000 4684 μενον.

1020 4730 1225 4784 ΑΛΛΟ.

403 4843 467 4898 Εἰ
496 4845 726 4914 μεσίτης
756 4842 892 4897 Θεοῦ
921 4844 1018 4897 καὶ
1059 4842 1362 4914 ἀνθρώπων
1391 4844 1539 4898 ἐστὶν
1571 4848 1599 4898 6
1630 4845 1776 4912 Υίδς,
1801 4846 1912 4900 ῶσο

331 4952 440 5006 περ
471 4938 550 4999 είς
595 4936 824 5006 ἑνότητα
857 4935 1092 5005 φυσικὴν
1137 4936 1424 4988 συνάπτων
1443 4936 1512 4988 τὰ
1545 4935 1707 5006 ἄκρα·
1737 4939 1910 5005 ἀναγ-

332 5027 485 5077 καῖον
531 5027 705 5076 εἰπεῖν
741 5026 842 5089 ὅτι,
898 5023 1090 5096 ὥσπερ
1119 5018 1428 5097 ἀνθρώποις
1468 5026 1712 5098 συνήφθη
1747 5043 1906 5095 φυσι-

331 5118 444 5180 κῶς
482 5117 768 5187 ἄνθρωπος
802 5117 1060 5185 γεγονὼς,
1091 5116 1234 5169 οὕτω
1263 5119 1355 5171 καὶ
1394 5118 1490 5186 τῆς
1515 5117 1666 5180 θείας
1695 5117 1907 5186 φύσεως

331 5211 564 5279 ἤρτηται
585 5207 716 5271 Θεὸς
741 5209 881 5261 κατὰ
915 5206 1076 5275 φύσιν
1101 5208 1380 5280 ὑπάρχων.
1413 5210 1473 5261 Εἰ
1500 5209 1556 5262 δὲ
1583 5209 1759 5272 τοῦτο,
1785 5209 1907 5262 ἐπεὶ

331 5302 448 5352 κατ’
482 5298 671 5351 οὐσίαν
703 5299 796 5351 καὶ
833 5299 934 5351 οὐκ
961 5298 1157 5364 ἔξωθεν
1189 5298 1301 5368 ἔχει
1331 5299 1390 5350 τὸ
1423 5295 1562 5352 εἶναι
1597 5299 1709 5370 ζωὴ
1738 5301 1766 5352 6
1793 5302 1906 5353 I11-

329 5395 397 5462 τὴ
401 5411 453 5465 ρ,
481 5393 636 5445 ἔσται
662 5391 904 5455 τοιοῦτος
932 5393 1024 5445 καὶ
1061 5395 1089 5446 6
1122 5392 1392 5463 προσεχὴς
1414 5391 1562 5462 αὐτῷ
1600 5393 1693 5446 καὶ
1719 5391 1774 5459 ἐξ
1807 5392 1906 5445 αὑ-

329 5484 422 5537 τοῦ
451 5487 597 5537 κατά
621 5485 780 5552 φύσιν
807 5484 954 5546 Υἱός.

402 5724 622 5784 "Joan.
661 5741 768 5786 xtv.
803 5725 856 5780 9.
933 5725 978 5756 ⁸ο
1003 5723 1154 5778 Joan.
1194 5739 1246 5790 ν,
1275 5723 1364 5778 ‘2l.
1444 5724 1484 5752 ‘”
1513 5721 1666 5777 Juan.
1705 5737 1784 5790 tu,
1816 5721 1901 5776 55.

2013 3231 2042 3268 a
2065 3214 2172 3269 Deo
2202 3215 2302 3268 hoc
2324 3214 2599 3282 accipiunt
2630 3231 2644 3266 :
2686 3211 2845 3264 aliter
2868 3223 2996 3264 vero
3020 3209 3110 3278 qui
3142 3227 3170 3262 a
3207 3209 3342 3263 Filio
3373 3209 3476 3264 hoc
3499 3225 3590 3264 ac-

2012 3307 2239 3376 cipiunt.
2267 3305 2399 3359 Nam
2423 3308 2609 3360 eadem
2651 3306 2858 3360 ratione
2888 3304 3025 3359 dixit
3057 3304 3273 3359 Patrem
3303 3303 3585 3358 vivilicare

2011 3413 2115 3468 qua
2149 3399 2386 3450 viviﬁcat
2433 3397 2623 3459 Filius,
2661 3397 2945 3451 declarans
2991 3411 3048 3450 se
3088 3395 3234 3449 omni
3314 3410 3381 3448 ex
3435 3405 3590 3464 parte

2012 3491 2256 3544 eamdem
2292 3489 2598 3544 cmnl'alrc
2621 3489 2986 3556 operationem
3048 3487 3268 3542 habere.
3317 3487 3592 3553 Quocirca

2011 3595 2116 3633 non
2141 3580 2568 3634 dissimilisesta
2613 3580 2805 3640 Patre;
2847 3581 2940 3632 sed
2967 3579 3214 3634 sicutille
3267 3579 3592 3634 naturaliter

2012 3673 2122 3725 vita
2147 3673 2341 3725 dicitur
2367 3679 2419 3724 et
2441 3681 2541 3734 est,
2579 3672 2652 3722 ita
2675 3683 2729 3725 et
2762 3671 2950 3725 Filius.

2655 3953 2880 4010 ALIUD.

2085 4071 2141 4126 Si
2179 4070 2400 4126 Joannis
2434 4067 2612 4122 verbis
2653 4065 2810 4120 ﬁdem
2851 4064 3190 4131 adhibemus,
3225 4064 3605 4119 concedemus-

1991 4165 2228 4220 .Patrem
2258 4164 2434 4218 Omnia
2468 4161 2684 4229 operari
2712 4175 2806 4228 per
2839 4159 3034 4212 Filium
3064 4157 3131 4211 ⁸ί.
3170 4156 3323 4222 Quod
3366 4159 3590 4226 quidem

2013 4257 2057 4311 si
2099 4269 2284 4309 verum
2316 4262 2438 4314 est,
2481 4265 2644 4303 unum
2691 4265 2817 4303 vero
2855 4264 2922 4302 ex
2976 4247 3228 4316 operibus
3265 4247 3443 4302 Patris
3504 4258 3587 4302 est

2013 4345 2300 4400 nonnullos
2322 4343 2624 4406 viviﬁcare,
2663 4349 2808 4394 certe
2837 4342 3159 4394 naturaliter
3193 4342 3298 4394 vita
3343 4343 3446 4395 erit
3499 4341 3590 4394 Fi-

2015 4437 2138 4500 lius,
2170 4450 2265 4504 per
2288 4449 2446 4500 quem
2473 4433 2655 4492 omnia
2678 4432 2938 4493 vivificat,
2975 4446 3042 4485 ne
3077 4432 3294 4496 spurius
3312 4433 3585 4486 mediator

2015 4527 2356 4582 introductus
2393 4539 2588 4593 expers
2613 4522 3053 4592 participatiouis
3082 4510 3201 4576 'Dei
3227 4523 3476 4577 ostendat
3533 4523 3586 4574 id

2017 4619 2158 4688 quod
2182 4626 2428 4687 respectu
2453 4615 2621 4684 ipsius
2650 4612 2980 4678 viviﬁcatum
3019 4622 3122 4666 est.

2681 4728 2915 4785 ALIUD.

2089 4845 2144 4900 Si
2177 4843 2346 4898 Filius
2377 4843 2642 4898 mediator
2689 4851 2771 4897 est
2811 4841 2906 4896 Dei
2963 4849 3018 4894 et
3073 4839 3350 4894 hominum
3375 4838 3444 4904 ⁸⁸,
3492 4839 3596 4908 qui

2017 4947 2258 4990 extrema
2287 4934 2452 4989 veluti
2483 4935 2534 4987 in
2567 4934 2826 4986 unitatem
2861 4932 3130 5001 copulavit
3159 4949 3172 4984 :
3206 4932 3572 4984 necessarimn

2014 5035 2097 5081 est
2129 5036 2206 5088 ut,
2235 5027 2684 5095 quemadmodum
2713 5024 3020 5079 hominibus
3065 5023 3384 5076 naturaliter
3411 5038 3580 5090 copu-

2013 5118 2152 5172 latus
2177 5128 2280 5181 est,
2307 5132 2428 5171 cum
2464 5118 2636 5171 factus
2682 5126 2767 5170 est
2811 5116 2996 5179 homo.
3051 5117 3121 5168 ita
3173 5116 3340 5169 etiam
3390 5117 3584 5171 divinae.

2015 5217 2223 5262 natura:
2252 5209 2432 5261 unitus
2453 5209 2543 5272 sit,
2577 5208 2876 5261 Deus‘vere
2937 5207 3229 5261 exsistens.
3287 5207 3343 5260 Si
3403 5219 3591 5260 autem

2013 5300 2114 5353 hoc
2145 5313 2328 5351 verum
2359 5308 2464 5362 est,
2491 5313 2616 5352 cum
2683 5297 3051 5352 essentialiter
3077 5311 3131 5352 et
3183 5313 3287 5352 non
3314 5299 3586 5352 extrinse-

2011 5404 2107 5443 cus
2137 5389 2188 5442 id
2217 5390 2411 5443 habcat
2442 5387 2604 5444 Pater
2633 5391 2774 5454 quod
2801 5389 2872 5443 sit
2899 5389 3008 5442 vita
3043 5405 3057 5441 :
3107 5390 3213 5443 erit
3239 5389 3401 5443 etiam
3467 5405 3586 5442 om-

2011 5477 2140 5532 nino
2167 5477 2289 5530 talis
2312 5477 2403 5546 qui
2449 5477 2499 5530 ei
2539 5477 2858 5546 coniunctus
2895 5487 3008 5544 est,
3031 5489 3083 5534 et
3130 5479 3449 5534 naturaliter
3517 5494 3596 5530 ex.

2012 5569 2128 5638 ipso
2160 5577 2244 5623 est
2271 5567 2458 5622 Filius.

1980 5722 2023 5754 ⁸³
2050 5722 2067 5776 I
2098 5721 2341 5779 Timoth.
2385 5739 2447 5788 tt,
