  <div class='ocr_page' id='page_1' title='image "/cluster/home/n/w/nwhite01/storage/ocr_20150623/75/hvd.32044073502031/127.png"; bbox 0 0 4106 6204; ppageno 0'>
   <div class='ocr_carea' id='block_1_1' title="bbox 473 283 3710 366">
    <p class='ocr_par' dir='ltr' id='par_1_1' title="bbox 473 283 3710 366">
     <span class='ocr_line' id='line_1_1' title="bbox 473 283 3710 366; baseline -0.009 -2"><span class='ocrx_word' id='word_1_1' title='bbox 473 312 581 366; x_wconf 69' lang='grc'><strong>245</strong></span> <span class='ocrx_word' id='word_1_2' title='bbox 1495 306 1554 362; x_wconf 91' lang='lat' dir='ltr'><strong>S.</strong></span> <span class='ocrx_word' id='word_1_3' title='bbox 1594 303 1869 360; x_wconf 76' lang='lat' dir='ltr'><strong>CYBILLI</strong></span> <span class='ocrx_word' id='word_1_4' title='bbox 1906 295 2375 356; x_wconf 76' lang='lat' dir='ltr'><strong>ALEXANDRINI</strong></span> <span class='ocrx_word' id='word_1_5' title='bbox 2410 291 2726 350; x_wconf 73' lang='lat' dir='ltr'><strong>ARCHIEP.</strong></span> <span class='ocrx_word' id='word_1_6' title='bbox 3605 283 3710 336; x_wconf 60' lang='grc'><strong>244</strong></span> 
     </span>
    </p>
   </div>
   <div class='ocr_carea' id='block_1_2' title="bbox 1137 419 1370 474">
    <p class='ocr_par' dir='ltr' id='par_1_2' title="bbox 1137 419 1370 474">
     <span class='ocr_line' id='line_1_2' title="bbox 1137 419 1370 474; baseline 0.009 -2"><span class='ocrx_word' id='word_1_7' title='bbox 1137 419 1370 474; x_wconf 82' lang='lat' dir='ltr'><strong>ALIUD.</strong></span> 
     </span>
    </p>
   </div>
   <div class='ocr_carea' id='block_1_3' title="bbox 450 530 2042 608">
    <p class='ocr_par' dir='ltr' id='par_1_3' title="bbox 450 530 2042 608">
     <span class='ocr_line' id='line_1_3' title="bbox 450 530 2042 608; baseline -0.006 -15"><span class='ocrx_word' id='word_1_8' title='bbox 450 542 457 549; x_wconf 88' lang='lat'>&#39;</span> <span class='ocrx_word' id='word_1_9' title='bbox 541 537 837 607; x_wconf 74' lang='lat' dir='ltr'><strong>Scriptum</strong></span> <span class='ocrx_word' id='word_1_10' title='bbox 864 539 1066 608; x_wconf 88' lang='lat' dir='ltr'><strong>passim</strong></span> <span class='ocrx_word' id='word_1_11' title='bbox 1099 537 1292 591; x_wconf 87' lang='lat' dir='ltr'><strong>Filium</strong></span> <span class='ocrx_word' id='word_1_12' title='bbox 1348 543 1545 589; x_wconf 89' lang='lat' dir='ltr'><strong>vocant</strong></span> <span class='ocrx_word' id='word_1_13' title='bbox 1597 530 1915 594; x_wconf 86' lang='lat' dir='ltr'><strong>Veritatem,</strong></span> <span class='ocrx_word' id='word_1_14' title='bbox 1986 540 2042 585; x_wconf 91' lang='lat' dir='ltr'><strong>et</strong></span> 
     </span>
    </p>
   </div>
   <div class='ocr_carea' id='block_1_4' title="bbox 473 621 2032 698">
    <p class='ocr_par' dir='ltr' id='par_1_4' title="bbox 473 621 2032 698">
     <span class='ocr_line' id='line_1_4' title="bbox 473 621 2032 698; baseline -0.008 -14"><span class='ocrx_word' id='word_1_15' title='bbox 473 634 588 697; x_wconf 85' lang='lat' dir='ltr'><strong>ipse</strong></span> <span class='ocrx_word' id='word_1_16' title='bbox 617 630 813 685; x_wconf 85' lang='lat' dir='ltr'><strong>alicubi</strong></span> <span class='ocrx_word' id='word_1_17' title='bbox 844 633 909 685; x_wconf 90' lang='lat' dir='ltr'><strong>de</strong></span> <span class='ocrx_word' id='word_1_18' title='bbox 939 631 1116 698; x_wconf 90' lang='lat' dir='ltr'><strong>seipso</strong></span> <span class='ocrx_word' id='word_1_19' title='bbox 1150 628 1258 682; x_wconf 89' lang='lat' dir='ltr'><strong>ait:</strong></span> <span class='ocrx_word' id='word_1_20' title='bbox 1295 644 1315 678; x_wconf 78' lang='grc' dir='ltr'><strong>ι</strong></span> <span class='ocrx_word' id='word_1_21' title='bbox 1348 627 1462 691; x_wconf 77' lang='lat' dir='ltr'><strong>Ego</strong></span> <span class='ocrx_word' id='word_1_22' title='bbox 1519 638 1638 678; x_wconf 90' lang='lat' dir='ltr'><strong>sum</strong></span> <span class='ocrx_word' id='word_1_23' title='bbox 1698 621 1978 676; x_wconf 71' lang='lat' dir='ltr'><strong>veritas”.</strong></span> <span class='ocrx_word' id='word_1_24' title='bbox 2013 640 2032 671; x_wconf 72' lang='grc' dir='ltr'><strong>ι</strong></span> 
     </span>
    </p>
   </div>
   <div class='ocr_carea' id='block_1_5' title="bbox 477 713 2040 788">
    <p class='ocr_par' dir='ltr' id='par_1_5' title="bbox 477 713 2040 788">
     <span class='ocr_line' id='line_1_5' title="bbox 477 713 2040 788; baseline -0.004 -16"><span class='ocrx_word' id='word_1_25' title='bbox 477 718 532 772; x_wconf 89' lang='lat' dir='ltr'><strong>Si</strong></span> <span class='ocrx_word' id='word_1_26' title='bbox 559 734 689 788; x_wconf 75' lang='lat' dir='ltr'><strong>ergo</strong></span> <span class='ocrx_word' id='word_1_27' title='bbox 722 719 906 774; x_wconf 81' lang='lat' dir='ltr'><strong>lictitia</strong></span> <span class='ocrx_word' id='word_1_28' title='bbox 947 720 1002 772; x_wconf 91' lang='lat' dir='ltr'><strong>in</strong></span> <span class='ocrx_word' id='word_1_29' title='bbox 1023 721 1137 788; x_wconf 85' lang='lat' dir='ltr'><strong>ipso</strong></span> <span class='ocrx_word' id='word_1_30' title='bbox 1159 719 1267 770; x_wconf 91' lang='lat' dir='ltr'><strong>vita</strong></span> <span class='ocrx_word' id='word_1_31' title='bbox 1290 725 1392 779; x_wconf 88' lang='lat' dir='ltr'><strong>est,</strong></span> <span class='ocrx_word' id='word_1_32' title='bbox 1430 729 1535 769; x_wconf 92' lang='lat' dir='ltr'><strong>non</strong></span> <span class='ocrx_word' id='word_1_33' title='bbox 1567 724 1749 768; x_wconf 89' lang='lat' dir='ltr'><strong>autem</strong></span> <span class='ocrx_word' id='word_1_34' title='bbox 1775 713 2040 768; x_wconf 86' lang='lat' dir='ltr'><strong>essentia-</strong></span> 
     </span>
    </p>
   </div>
   <div class='ocr_carea' id='block_1_6' title="bbox 476 804 2042 876">
    <p class='ocr_par' dir='ltr' id='par_1_6' title="bbox 476 804 2042 876">
     <span class='ocr_line' id='line_1_6' title="bbox 476 804 2042 876; baseline -0.004 -14"><span class='ocrx_word' id='word_1_35' title='bbox 476 810 600 863; x_wconf 87' lang='lat' dir='ltr'><strong>liter</strong></span> <span class='ocrx_word' id='word_1_36' title='bbox 628 825 693 864; x_wconf 91' lang='lat' dir='ltr'><strong>ac</strong></span> <span class='ocrx_word' id='word_1_37' title='bbox 726 825 870 876; x_wconf 83' lang='lat' dir='ltr'><strong>vere,</strong></span> <span class='ocrx_word' id='word_1_38' title='bbox 899 825 1005 876; x_wconf 89' lang='lat' dir='ltr'><strong>quo</strong></span> <span class='ocrx_word' id='word_1_39' title='bbox 1035 816 1193 876; x_wconf 91' lang='lat' dir='ltr'><strong>pacto</strong></span> <span class='ocrx_word' id='word_1_40' title='bbox 1223 821 1327 859; x_wconf 92' lang='lat' dir='ltr'><strong>non</strong></span> <span class='ocrx_word' id='word_1_41' title='bbox 1359 807 1652 860; x_wconf 81' lang='lat' dir='ltr'><strong>mentietur</strong></span> <span class='ocrx_word' id='word_1_42' title='bbox 1677 805 1868 859; x_wconf 91' lang='lat' dir='ltr'><strong>dicens</strong></span> <span class='ocrx_word' id='word_1_43' title='bbox 1897 804 2042 870; x_wconf 90' lang='lat' dir='ltr'><strong>seip-</strong></span> 
     </span>
    </p>
   </div>
   <div class='ocr_carea' id='block_1_7' title="bbox 472 893 2040 962">
    <p class='ocr_par' dir='ltr' id='par_1_7' title="bbox 472 893 2040 962">
     <span class='ocr_line' id='line_1_7' title="bbox 472 893 2040 962; baseline -0.006 -10"><span class='ocrx_word' id='word_1_44' title='bbox 472 913 594 952; x_wconf 88' lang='lat' dir='ltr'><strong>sum</strong></span> <span class='ocrx_word' id='word_1_45' title='bbox 623 911 743 952; x_wconf 85' lang='lat' dir='ltr'><strong>esse</strong></span> <span class='ocrx_word' id='word_1_46' title='bbox 777 897 1053 950; x_wconf 78' lang='lat' dir='ltr'><strong>veritatem</strong></span> <span class='ocrx_word' id='word_1_47' title='bbox 1077 896 1100 947; x_wconf 89' lang='lat'><strong>?</strong></span> <span class='ocrx_word' id='word_1_48' title='bbox 1128 895 1290 962; x_wconf 83' lang='lat' dir='ltr'><strong>Atqui</strong></span> <span class='ocrx_word' id='word_1_49' title='bbox 1355 911 1460 948; x_wconf 91' lang='lat' dir='ltr'><strong>non</strong></span> <span class='ocrx_word' id='word_1_50' title='bbox 1489 894 1748 947; x_wconf 81' lang='lat' dir='ltr'><strong>mentitur</strong></span> <span class='ocrx_word' id='word_1_51' title='bbox 1772 911 1786 945; x_wconf 92' lang='lat'><strong>:</strong></span> <span class='ocrx_word' id='word_1_52' title='bbox 1819 893 2040 960; x_wconf 87' lang='lat' dir='ltr'><strong>impimn</strong></span> 
     </span>
    </p>
   </div>
   <div class='ocr_carea' id='block_1_8' title="bbox 472 984 2040 1056">
    <p class='ocr_par' dir='ltr' id='par_1_8' title="bbox 472 984 2040 1056">
     <span class='ocr_line' id='line_1_8' title="bbox 472 984 2040 1056; baseline -0.004 -14"><span class='ocrx_word' id='word_1_53' title='bbox 472 988 614 1042; x_wconf 89' lang='lat' dir='ltr'><strong>enim</strong></span> <span class='ocrx_word' id='word_1_54' title='bbox 635 989 736 1040; x_wconf 91' lang='lat' dir='ltr'><strong>hoc</strong></span> <span class='ocrx_word' id='word_1_55' title='bbox 764 986 848 1039; x_wconf 88' lang='lat' dir='ltr'><strong>vel</strong></span> <span class='ocrx_word' id='word_1_56' title='bbox 876 986 988 1039; x_wconf 89' lang='lat' dir='ltr'><strong>sola</strong></span> <span class='ocrx_word' id='word_1_57' title='bbox 1021 987 1353 1056; x_wconf 82' lang='lat' dir='ltr'><strong>cogitatione</strong></span> <span class='ocrx_word' id='word_1_58' title='bbox 1387 985 1550 1040; x_wconf 83' lang='lat' dir='ltr'><strong>fuerit</strong></span> <span class='ocrx_word' id='word_1_59' title='bbox 1585 1001 1598 1036; x_wconf 91' lang='lat'><strong>:</strong></span> <span class='ocrx_word' id='word_1_60' title='bbox 1635 984 1833 1038; x_wconf 87' lang='lat' dir='ltr'><strong>veritas</strong></span> <span class='ocrx_word' id='word_1_61' title='bbox 1859 993 2040 1038; x_wconf 88' lang='lat' dir='ltr'><strong>autem</strong></span> 
     </span>
    </p>
   </div>
   <div class='ocr_carea' id='block_1_9' title="bbox 471 1075 1204 1142">
    <p class='ocr_par' dir='ltr' id='par_1_9' title="bbox 471 1075 1204 1142">
     <span class='ocr_line' id='line_1_9' title="bbox 471 1075 1204 1142; baseline 0.001 -12"><span class='ocrx_word' id='word_1_62' title='bbox 471 1088 572 1130; x_wconf 89' lang='lat' dir='ltr'><strong>est.</strong></span> <span class='ocrx_word' id='word_1_63' title='bbox 598 1075 736 1131; x_wconf 87' lang='lat' dir='ltr'><strong>Vere</strong></span> <span class='ocrx_word' id='word_1_64' title='bbox 769 1075 932 1142; x_wconf 76' lang='lat' dir='ltr'><strong>igitur</strong></span> <span class='ocrx_word' id='word_1_65' title='bbox 959 1076 1069 1131; x_wconf 88' lang='lat' dir='ltr'><strong>vita</strong></span> <span class='ocrx_word' id='word_1_66' title='bbox 1100 1085 1204 1132; x_wconf 89' lang='lat' dir='ltr'><strong>est.</strong></span> 
     </span>
    </p>
   </div>
   <div class='ocr_carea' id='block_1_10' title="bbox 1046 1275 1469 1346">
    <p class='ocr_par' dir='ltr' id='par_1_10' title="bbox 1046 1275 1469 1346">
     <span class='ocr_line' id='line_1_10' title="bbox 1046 1275 1469 1346; baseline 0.002 -18"><span class='ocrx_word' id='word_1_67' title='bbox 1046 1275 1202 1346; x_wconf 62' lang='lat'><strong>145</strong></span> <span class='ocrx_word' id='word_1_68' title='bbox 1235 1275 1469 1330; x_wconf 80' lang='lat' dir='ltr'><strong>ALIUD.</strong></span> 
     </span>
    </p>
   </div>
   <div class='ocr_carea' id='block_1_11' title="bbox 538 1385 2032 1457">
    <p class='ocr_par' dir='ltr' id='par_1_11' title="bbox 538 1385 2032 1457">
     <span class='ocr_line' id='line_1_11' title="bbox 538 1385 2032 1457; baseline 0.005 -19"><span class='ocrx_word' id='word_1_69' title='bbox 538 1385 593 1438; x_wconf 90' lang='lat' dir='ltr'><strong>Si</strong></span> <span class='ocrx_word' id='word_1_70' title='bbox 628 1385 816 1441; x_wconf 84' lang='lat' dir='ltr'><strong>notitia</strong></span> <span class='ocrx_word' id='word_1_71' title='bbox 855 1386 1034 1442; x_wconf 84' lang='lat' dir='ltr'><strong>Patris</strong></span> <span class='ocrx_word' id='word_1_72' title='bbox 1059 1388 1296 1443; x_wconf 80' lang='lat' dir='ltr'><strong>viviﬁcat</strong></span> <span class='ocrx_word' id='word_1_73' title='bbox 1350 1403 1445 1444; x_wconf 87' lang='lat' dir='ltr'><strong>eos</strong></span> <span class='ocrx_word' id='word_1_74' title='bbox 1483 1389 1572 1457; x_wconf 89' lang='lat' dir='ltr'><strong>qui</strong></span> <span class='ocrx_word' id='word_1_75' title='bbox 1611 1389 1755 1443; x_wconf 84' lang='lat' dir='ltr'><strong>illam</strong></span> <span class='ocrx_word' id='word_1_76' title='bbox 1809 1391 2032 1455; x_wconf 67' lang='lat' dir='ltr'><strong>habent,</strong></span> 
     </span>
    </p>
   </div>
   <div class='ocr_carea' id='block_1_12' title="bbox 467 1478 2042 1550">
    <p class='ocr_par' dir='ltr' id='par_1_12' title="bbox 467 1478 2042 1550">
     <span class='ocr_line' id='line_1_12' title="bbox 467 1478 2042 1550; baseline 0.001 -18"><span class='ocrx_word' id='word_1_77' title='bbox 467 1479 704 1534; x_wconf 76' lang='lat' dir='ltr'><strong>viviticat</strong></span> <span class='ocrx_word' id='word_1_78' title='bbox 734 1494 859 1534; x_wconf 87' lang='lat' dir='ltr'><strong>vero</strong></span> <span class='ocrx_word' id='word_1_79' title='bbox 889 1478 1137 1533; x_wconf 85' lang='lat' dir='ltr'><strong>similiter</strong></span> <span class='ocrx_word' id='word_1_80' title='bbox 1163 1479 1324 1533; x_wconf 89' lang='lat' dir='ltr'><strong>etiam</strong></span> <span class='ocrx_word' id='word_1_81' title='bbox 1358 1479 1560 1536; x_wconf 34' lang='lat' dir='ltr'><strong>notitia.</strong></span> <span class='ocrx_word' id='word_1_82' title='bbox 1609 1478 1726 1532; x_wconf 86' lang='lat' dir='ltr'><strong>Filii</strong></span> <span class='ocrx_word' id='word_1_83' title='bbox 1764 1498 1776 1533; x_wconf 94' lang='lat'><strong>:</strong></span> <span class='ocrx_word' id='word_1_84' title='bbox 1813 1496 1920 1549; x_wconf 90' lang='lat' dir='ltr'><strong>quo</strong></span> <span class='ocrx_word' id='word_1_85' title='bbox 1947 1497 2042 1550; x_wconf 86' lang='lat' dir='ltr'><strong>pa-</strong></span> 
     </span>
    </p>
   </div>
   <div class='ocr_carea' id='block_1_13' title="bbox 469 1569 2040 1642">
    <p class='ocr_par' dir='ltr' id='par_1_13' title="bbox 469 1569 2040 1642">
     <span class='ocr_line' id='line_1_13' title="bbox 469 1569 2040 1642; baseline 0.001 -17"><span class='ocrx_word' id='word_1_86' title='bbox 469 1580 556 1625; x_wconf 89' lang='lat' dir='ltr'><strong>cto</strong></span> <span class='ocrx_word' id='word_1_87' title='bbox 582 1586 686 1625; x_wconf 91' lang='lat' dir='ltr'><strong>non</strong></span> <span class='ocrx_word' id='word_1_88' title='bbox 719 1569 880 1624; x_wconf 86' lang='lat' dir='ltr'><strong>luerit</strong></span> <span class='ocrx_word' id='word_1_89' title='bbox 906 1569 1229 1624; x_wconf 85' lang='lat' dir='ltr'><strong>naturaliter</strong></span> <span class='ocrx_word' id='word_1_90' title='bbox 1252 1569 1414 1633; x_wconf 90' lang='lat' dir='ltr'><strong>idem,</strong></span> <span class='ocrx_word' id='word_1_91' title='bbox 1436 1570 1526 1638; x_wconf 87' lang='lat' dir='ltr'><strong>qui</strong></span> <span class='ocrx_word' id='word_1_92' title='bbox 1583 1569 1760 1625; x_wconf 83' lang='lat' dir='ltr'><strong>Patris</strong></span> <span class='ocrx_word' id='word_1_93' title='bbox 1792 1573 2040 1642; x_wconf 86' lang='lat' dir='ltr'><strong>proprie-</strong></span> 
     </span>
    </p>
   </div>
   <div class='ocr_carea' id='block_1_14' title="bbox 469 1660 2038 1732">
    <p class='ocr_par' dir='ltr' id='par_1_14' title="bbox 469 1660 2038 1732">
     <span class='ocr_line' id='line_1_14' title="bbox 469 1660 2038 1732; baseline 0.001 -18"><span class='ocrx_word' id='word_1_94' title='bbox 469 1672 604 1715; x_wconf 89' lang='lat' dir='ltr'><strong>tates</strong></span> <span class='ocrx_word' id='word_1_95' title='bbox 631 1660 765 1716; x_wconf 88' lang='lat' dir='ltr'><strong>adeo</strong></span> <span class='ocrx_word' id='word_1_96' title='bbox 794 1661 1121 1717; x_wconf 83' lang='lat' dir='ltr'><strong>excellentes</strong></span> <span class='ocrx_word' id='word_1_97' title='bbox 1149 1661 1312 1716; x_wconf 86' lang='lat' dir='ltr'><strong>habet</strong></span> <span class='ocrx_word' id='word_1_98' title='bbox 1339 1661 1390 1715; x_wconf 94' lang='lat' dir='ltr'><strong>in</strong></span> <span class='ocrx_word' id='word_1_99' title='bbox 1415 1675 1472 1716; x_wconf 86' lang='lat' dir='ltr'><strong>se</strong></span> <span class='ocrx_word' id='word_1_100' title='bbox 1543 1672 1704 1732; x_wconf 89' lang='lat' dir='ltr'><strong>atque</strong></span> <span class='ocrx_word' id='word_1_101' title='bbox 1753 1665 1870 1732; x_wconf 87' lang='lat' dir='ltr'><strong>ipse</strong></span> <span class='ocrx_word' id='word_1_102' title='bbox 1935 1663 2038 1716; x_wconf 84' lang='lat' dir='ltr'><strong>Pa-</strong></span> 
     </span>
    </p>
   </div>
   <div class='ocr_carea' id='block_1_15' title="bbox 469 1754 588 1807">
    <p class='ocr_par' dir='ltr' id='par_1_15' title="bbox 469 1754 588 1807">
     <span class='ocr_line' id='line_1_15' title="bbox 469 1754 588 1807; baseline 0 -1"><span class='ocrx_word' id='word_1_103' title='bbox 469 1754 588 1807; x_wconf 84' lang='lat' dir='ltr'><strong>ter?</strong></span> 
     </span>
    </p>
   </div>
   <div class='ocr_carea' id='block_1_16' title="bbox 641 1866 1859 1936">
    <p class='ocr_par' dir='ltr' id='par_1_16' title="bbox 641 1866 1859 1936">
     <span class='ocr_line' id='line_1_16' title="bbox 641 1866 1859 1936; baseline 0.002 -14"><span class='ocrx_word' id='word_1_104' title='bbox 641 1866 871 1929; x_wconf 85' lang='lat' dir='ltr'><strong>ALIUD,</strong></span> <span class='ocrx_word' id='word_1_105' title='bbox 909 1884 1000 1936; x_wconf 82' lang='lat' dir='ltr'><strong>per</strong></span> <span class='ocrx_word' id='word_1_106' title='bbox 1034 1868 1390 1922; x_wconf 72' lang='lat' dir='ltr'><strong>reductionem</strong></span> <span class='ocrx_word' id='word_1_107' title='bbox 1454 1869 1523 1922; x_wconf 80' lang='lat' dir='ltr'><strong>ad</strong></span> <span class='ocrx_word' id='word_1_108' title='bbox 1551 1869 1859 1927; x_wconf 76' lang='lat' dir='ltr'><strong>absurdum.</strong></span> 
     </span>
    </p>
   </div>
   <div class='ocr_carea' id='block_1_17' title="bbox 544 1979 2045 2050">
    <p class='ocr_par' dir='ltr' id='par_1_17' title="bbox 544 1979 2045 2050">
     <span class='ocr_line' id='line_1_17' title="bbox 544 1979 2045 2050; baseline 0.006 -21"><span class='ocrx_word' id='word_1_109' title='bbox 544 1997 563 2029; x_wconf 75' lang='grc' dir='ltr'><strong>ι</strong></span> <span class='ocrx_word' id='word_1_110' title='bbox 593 1979 1055 2045; x_wconf 83' lang='lat' dir='ltr'><strong>Quemadmodum</strong></span> <span class='ocrx_word' id='word_1_111' title='bbox 1087 1979 1250 2032; x_wconf 87' lang='lat' dir='ltr'><strong>Pater</strong></span> <span class='ocrx_word' id='word_1_112' title='bbox 1271 2021 1284 2044; x_wconf 90' lang='lat'><strong>,</strong></span> <span class='ocrx_word' id='word_1_113' title='bbox 1320 1980 1495 2049; x_wconf 90' lang='lat' dir='ltr'><strong>inquit</strong></span> <span class='ocrx_word' id='word_1_114' title='bbox 1542 1981 1844 2050; x_wconf 88' lang='lat' dir='ltr'><strong>Scriptura,</strong></span> <span class='ocrx_word' id='word_1_115' title='bbox 1879 1984 2045 2038; x_wconf 86' lang='lat' dir='ltr'><strong>habet</strong></span> 
     </span>
    </p>
   </div>
   <div class='ocr_carea' id='block_1_18' title="bbox 470 2053 2041 2138">
    <p class='ocr_par' dir='ltr' id='par_1_18' title="bbox 470 2053 2041 2138">
     <span class='ocr_line' id='line_1_18' title="bbox 470 2053 2041 2138; baseline 0.004 -17"><span class='ocrx_word' id='word_1_116' title='bbox 470 2071 632 2123; x_wconf 86' lang='lat' dir='ltr'><strong>vitam</strong></span> <span class='ocrx_word' id='word_1_117' title='bbox 670 2071 722 2124; x_wconf 90' lang='lat' dir='ltr'><strong>in</strong></span> <span class='ocrx_word' id='word_1_118' title='bbox 751 2070 952 2138; x_wconf 88' lang='lat' dir='ltr'><strong>seipso,</strong></span> <span class='ocrx_word' id='word_1_119' title='bbox 992 2071 1064 2124; x_wconf 91' lang='lat' dir='ltr'><strong>ita</strong></span> <span class='ocrx_word' id='word_1_120' title='bbox 1095 2053 1151 2124; x_wconf 82' lang='lat' dir='ltr'><strong>et</strong></span> <span class='ocrx_word' id='word_1_121' title='bbox 1187 2069 1324 2124; x_wconf 90' lang='lat' dir='ltr'><strong>Filio</strong></span> <span class='ocrx_word' id='word_1_122' title='bbox 1363 2071 1510 2125; x_wconf 88' lang='lat' dir='ltr'><strong>dedit</strong></span> <span class='ocrx_word' id='word_1_123' title='bbox 1545 2071 1742 2126; x_wconf 89' lang='lat' dir='ltr'><strong>habere</strong></span> <span class='ocrx_word' id='word_1_124' title='bbox 1799 2073 1962 2126; x_wconf 88' lang='lat' dir='ltr'><strong>vitam</strong></span> <span class='ocrx_word' id='word_1_125' title='bbox 1990 2077 2041 2127; x_wconf 91' lang='lat' dir='ltr'><strong>in</strong></span> 
     </span>
    </p>
   </div>
   <div class='ocr_carea' id='block_1_19' title="bbox 476 2157 2042 2227">
    <p class='ocr_par' dir='ltr' id='par_1_19' title="bbox 476 2157 2042 2227">
     <span class='ocr_line' id='line_1_19' title="bbox 476 2157 2042 2227; baseline 0.001 -15"><span class='ocrx_word' id='word_1_126' title='bbox 476 2160 674 2227; x_wconf 67' lang='lat' dir='ltr'><strong>seipso.</strong></span> <span class='ocrx_word' id='word_1_127' title='bbox 717 2177 736 2210; x_wconf 76' lang='grc' dir='ltr'><strong>ι</strong></span> <span class='ocrx_word' id='word_1_128' title='bbox 774 2157 874 2212; x_wconf 84' lang='lat' dir='ltr'><strong>llic</strong></span> <span class='ocrx_word' id='word_1_129' title='bbox 915 2158 1005 2226; x_wconf 85' lang='lat' dir='ltr'><strong>qui</strong></span> <span class='ocrx_word' id='word_1_130' title='bbox 1058 2166 1204 2213; x_wconf 88' lang='lat' dir='ltr'><strong>recte</strong></span> <span class='ocrx_word' id='word_1_131' title='bbox 1250 2159 1452 2213; x_wconf 90' lang='lat' dir='ltr'><strong>sentire</strong></span> <span class='ocrx_word' id='word_1_132' title='bbox 1501 2160 1728 2225; x_wconf 88' lang='lat' dir='ltr'><strong>nolunt,</strong></span> <span class='ocrx_word' id='word_1_133' title='bbox 1769 2175 2042 2215; x_wconf 85' lang='lat' dir='ltr'><strong>summum</strong></span> 
     </span>
    </p>
   </div>
   <div class='ocr_carea' id='block_1_20' title="bbox 473 2247 2044 2318">
    <p class='ocr_par' dir='ltr' id='par_1_20' title="bbox 473 2247 2044 2318">
     <span class='ocr_line' id='line_1_20' title="bbox 473 2247 2044 2318; baseline -0.001 -15"><span class='ocrx_word' id='word_1_134' title='bbox 473 2250 822 2318; x_wconf 71' lang='lat' dir='ltr'><strong>blasphemia:</strong></span> <span class='ocrx_word' id='word_1_135' title='bbox 853 2247 1148 2318; x_wconf 90' lang='lat' dir='ltr'><strong>periculum</strong></span> <span class='ocrx_word' id='word_1_136' title='bbox 1189 2249 1491 2302; x_wconf 88' lang='lat' dir='ltr'><strong>incurrunt.</strong></span> <span class='ocrx_word' id='word_1_137' title='bbox 1523 2249 1652 2302; x_wconf 78' lang='lat' dir='ltr'><strong>Nam</strong></span> <span class='ocrx_word' id='word_1_138' title='bbox 1685 2251 1728 2304; x_wconf 89' lang='lat' dir='ltr'><strong>si</strong></span> <span class='ocrx_word' id='word_1_139' title='bbox 1762 2249 1921 2303; x_wconf 76' lang='lat' dir='ltr'><strong>Pater</strong></span> <span class='ocrx_word' id='word_1_140' title='bbox 1961 2251 2044 2304; x_wconf 92' lang='lat' dir='ltr'><strong>di-</strong></span> 
     </span>
    </p>
   </div>
   <div class='ocr_carea' id='block_1_21' title="bbox 474 2326 2039 2409">
    <p class='ocr_par' dir='ltr' id='par_1_21' title="bbox 474 2326 2039 2409">
     <span class='ocr_line' id='line_1_21' title="bbox 474 2326 2039 2409; baseline -0.002 -13"><span class='ocrx_word' id='word_1_141' title='bbox 474 2343 616 2396; x_wconf 86' lang='lat' dir='ltr'><strong>citur</strong></span> <span class='ocrx_word' id='word_1_142' title='bbox 650 2342 850 2395; x_wconf 88' lang='lat' dir='ltr'><strong>habere</strong></span> <span class='ocrx_word' id='word_1_143' title='bbox 889 2340 941 2393; x_wconf 90' lang='lat' dir='ltr'><strong>in</strong></span> <span class='ocrx_word' id='word_1_144' title='bbox 979 2341 1157 2409; x_wconf 86' lang='lat' dir='ltr'><strong>seipso</strong></span> <span class='ocrx_word' id='word_1_145' title='bbox 1182 2341 1369 2404; x_wconf 85' lang='lat' dir='ltr'><strong>vitam,</strong></span> <span class='ocrx_word' id='word_1_146' title='bbox 1403 2341 1674 2394; x_wconf 85' lang='lat' dir='ltr'><strong>diversum</strong></span> <span class='ocrx_word' id='word_1_147' title='bbox 1741 2326 1866 2408; x_wconf 83' lang='lat' dir='ltr'><strong>quid</strong></span> <span class='ocrx_word' id='word_1_148' title='bbox 1895 2352 1980 2396; x_wconf 87' lang='lat' dir='ltr'><strong>est</strong></span> <span class='ocrx_word' id='word_1_149' title='bbox 2012 2357 2039 2393; x_wconf 91' lang='lat' dir='ltr'><strong>a</strong></span> 
     </span>
    </p>
   </div>
   <div class='ocr_carea' id='block_1_22' title="bbox 470 2433 2040 2504">
    <p class='ocr_par' dir='ltr' id='par_1_22' title="bbox 470 2433 2040 2504">
     <span class='ocr_line' id='line_1_22' title="bbox 470 2433 2040 2504; baseline 0.001 -18"><span class='ocrx_word' id='word_1_150' title='bbox 470 2437 578 2488; x_wconf 85' lang='lat' dir='ltr'><strong>vita</strong></span> <span class='ocrx_word' id='word_1_151' title='bbox 610 2450 728 2504; x_wconf 79' lang='lat' dir='ltr'><strong>qua:</strong></span> <span class='ocrx_word' id='word_1_152' title='bbox 772 2434 824 2488; x_wconf 89' lang='lat' dir='ltr'><strong>in</strong></span> <span class='ocrx_word' id='word_1_153' title='bbox 874 2449 934 2488; x_wconf 91' lang='lat' dir='ltr'><strong>se</strong></span> <span class='ocrx_word' id='word_1_154' title='bbox 987 2441 1091 2488; x_wconf 88' lang='lat' dir='ltr'><strong>est.</strong></span> <span class='ocrx_word' id='word_1_155' title='bbox 1162 2433 1217 2486; x_wconf 92' lang='lat' dir='ltr'><strong>Si</strong></span> <span class='ocrx_word' id='word_1_156' title='bbox 1273 2443 1451 2487; x_wconf 88' lang='lat' dir='ltr'><strong>autem</strong></span> <span class='ocrx_word' id='word_1_157' title='bbox 1517 2434 1618 2488; x_wconf 89' lang='lat' dir='ltr'><strong>hoc</strong></span> <span class='ocrx_word' id='word_1_158' title='bbox 1673 2433 2040 2502; x_wconf 88' lang='lat' dir='ltr'><strong>duplicitatcm</strong></span> 
     </span>
    </p>
   </div>
   <div class='ocr_carea' id='block_1_23' title="bbox 474 2525 2042 2596">
    <p class='ocr_par' dir='ltr' id='par_1_23' title="bbox 474 2525 2042 2596">
     <span class='ocr_line' id='line_1_23' title="bbox 474 2525 2042 2596; baseline -0.001 -15"><span class='ocrx_word' id='word_1_159' title='bbox 474 2527 756 2596; x_wconf 71' lang='lat' dir='ltr'><strong>quamdam</strong></span> <span class='ocrx_word' id='word_1_160' title='bbox 791 2536 848 2580; x_wconf 88' lang='lat' dir='ltr'><strong>et</strong></span> <span class='ocrx_word' id='word_1_161' title='bbox 878 2525 1320 2591; x_wconf 85' lang='lat' dir='ltr'><strong>compositionem</strong></span> <span class='ocrx_word' id='word_1_162' title='bbox 1377 2525 1582 2579; x_wconf 81' lang='lat' dir='ltr'><strong>inferre</strong></span> <span class='ocrx_word' id='word_1_163' title='bbox 1630 2527 1880 2589; x_wconf 87' lang='lat' dir='ltr'><strong>videtur,</strong></span> <span class='ocrx_word' id='word_1_164' title='bbox 1934 2542 2042 2596; x_wconf 92' lang='lat' dir='ltr'><strong>quo</strong></span> 
     </span>
    </p>
   </div>
   <div class='ocr_carea' id='block_1_24' title="bbox 469 2617 2039 2686">
    <p class='ocr_par' dir='ltr' id='par_1_24' title="bbox 469 2617 2039 2686">
     <span class='ocr_line' id='line_1_24' title="bbox 469 2617 2039 2686; baseline 0.001 -16"><span class='ocrx_word' id='word_1_165' title='bbox 469 2629 626 2686; x_wconf 88' lang='lat' dir='ltr'><strong>pacto</strong></span> <span class='ocrx_word' id='word_1_166' title='bbox 647 2618 812 2685; x_wconf 75' lang='lat' dir='ltr'><strong>igitur</strong></span> <span class='ocrx_word' id='word_1_167' title='bbox 861 2617 1088 2684; x_wconf 79' lang='lat' dir='ltr'><strong>simplex</strong></span> <span class='ocrx_word' id='word_1_168' title='bbox 1117 2628 1171 2672; x_wconf 91' lang='lat' dir='ltr'><strong>et</strong></span> <span class='ocrx_word' id='word_1_169' title='bbox 1225 2633 1329 2672; x_wconf 93' lang='lat' dir='ltr'><strong>non</strong></span> <span class='ocrx_word' id='word_1_170' title='bbox 1383 2619 1714 2685; x_wconf 89' lang='lat' dir='ltr'><strong>compositus</strong></span> <span class='ocrx_word' id='word_1_171' title='bbox 1743 2617 2039 2673; x_wconf 85' lang='lat' dir='ltr'><strong>secundum</strong></span> 
     </span>
    </p>
   </div>
   <div class='ocr_carea' id='block_1_25' title="bbox 469 2709 2039 2764">
    <p class='ocr_par' dir='ltr' id='par_1_25' title="bbox 469 2709 2039 2764">
     <span class='ocr_line' id='line_1_25' title="bbox 469 2709 2039 2764; baseline -0.001 -2"><span class='ocrx_word' id='word_1_172' title='bbox 469 2710 760 2764; x_wconf 87' lang='lat' dir='ltr'><strong>essentiam</strong></span> <span class='ocrx_word' id='word_1_173' title='bbox 793 2718 878 2764; x_wconf 87' lang='lat' dir='ltr'><strong>est</strong></span> <span class='ocrx_word' id='word_1_174' title='bbox 905 2709 1083 2763; x_wconf 80' lang='lat' dir='ltr'><strong>Deus?</strong></span> <span class='ocrx_word' id='word_1_175' title='bbox 1115 2710 1220 2764; x_wconf 91' lang='lat' dir='ltr'><strong>Sed</strong></span> <span class='ocrx_word' id='word_1_176' title='bbox 1278 2711 1379 2764; x_wconf 90' lang='lat' dir='ltr'><strong>hoc</strong></span> <span class='ocrx_word' id='word_1_177' title='bbox 1436 2710 1735 2764; x_wconf 86' lang='lat' dir='ltr'><strong>absurdum</strong></span> <span class='ocrx_word' id='word_1_178' title='bbox 1769 2718 1876 2764; x_wconf 90' lang='lat' dir='ltr'><strong>est.</strong></span> <span class='ocrx_word' id='word_1_179' title='bbox 1914 2709 2039 2762; x_wconf 84' lang='lat' dir='ltr'><strong>Vita</strong></span> 
     </span>
    </p>
   </div>
   <div class='ocr_carea' id='block_1_26' title="bbox 471 2798 2044 2869">
    <p class='ocr_par' dir='ltr' id='par_1_26' title="bbox 471 2798 2044 2869">
     <span class='ocr_line' id='line_1_26' title="bbox 471 2798 2044 2869; baseline 0.001 -18"><span class='ocrx_word' id='word_1_180' title='bbox 471 2801 635 2864; x_wconf 65' lang='lat' dir='ltr'><strong>igitur</strong></span> <span class='ocrx_word' id='word_1_181' title='bbox 657 2816 817 2869; x_wconf 89' lang='lat' dir='ltr'><strong>quam</strong></span> <span class='ocrx_word' id='word_1_182' title='bbox 860 2799 1024 2853; x_wconf 89' lang='lat' dir='ltr'><strong>habet</strong></span> <span class='ocrx_word' id='word_1_183' title='bbox 1061 2799 1219 2852; x_wconf 86' lang='lat' dir='ltr'><strong>Pater</strong></span> <span class='ocrx_word' id='word_1_184' title='bbox 1254 2801 1306 2852; x_wconf 91' lang='lat' dir='ltr'><strong>in</strong></span> <span class='ocrx_word' id='word_1_185' title='bbox 1338 2800 1536 2869; x_wconf 89' lang='lat' dir='ltr'><strong>seipso,</strong></span> <span class='ocrx_word' id='word_1_186' title='bbox 1571 2814 1677 2854; x_wconf 92' lang='lat' dir='ltr'><strong>non</strong></span> <span class='ocrx_word' id='word_1_187' title='bbox 1737 2807 1820 2854; x_wconf 85' lang='lat' dir='ltr'><strong>est</strong></span> <span class='ocrx_word' id='word_1_188' title='bbox 1851 2798 1956 2852; x_wconf 89' lang='lat' dir='ltr'><strong>alia</strong></span> <span class='ocrx_word' id='word_1_189' title='bbox 1990 2809 2044 2852; x_wconf 87' lang='lat' dir='ltr'><strong>et</strong></span> 
     </span>
    </p>
   </div>
   <div class='ocr_carea' id='block_1_27' title="bbox 469 2886 2038 2958">
    <p class='ocr_par' dir='ltr' id='par_1_27' title="bbox 469 2886 2038 2958">
     <span class='ocr_line' id='line_1_27' title="bbox 469 2886 2038 2958; baseline 0.001 -19"><span class='ocrx_word' id='word_1_190' title='bbox 469 2891 680 2940; x_wconf 86' lang='lat' dir='ltr'><strong>diversa</strong></span> <span class='ocrx_word' id='word_1_191' title='bbox 709 2887 952 2954; x_wconf 73' lang='lat' dir='ltr'><strong>quaedam</strong></span> <span class='ocrx_word' id='word_1_192' title='bbox 978 2903 1007 2940; x_wconf 89' lang='lat' dir='ltr'><strong>a</strong></span> <span class='ocrx_word' id='word_1_193' title='bbox 1040 2886 1213 2941; x_wconf 85' lang='lat' dir='ltr'><strong>Filio:</strong></span> <span class='ocrx_word' id='word_1_194' title='bbox 1241 2899 1296 2942; x_wconf 90' lang='lat' dir='ltr'><strong>et</strong></span> <span class='ocrx_word' id='word_1_195' title='bbox 1339 2889 1603 2954; x_wconf 86' lang='lat' dir='ltr'><strong>vicissim,</strong></span> <span class='ocrx_word' id='word_1_196' title='bbox 1654 2890 1762 2944; x_wconf 88' lang='lat' dir='ltr'><strong>vita</strong></span> <span class='ocrx_word' id='word_1_197' title='bbox 1810 2904 1933 2958; x_wconf 69' lang='lat' dir='ltr'><strong>quae</strong></span> <span class='ocrx_word' id='word_1_198' title='bbox 1986 2890 2038 2942; x_wconf 92' lang='lat' dir='ltr'><strong>in</strong></span> 
     </span>
    </p>
   </div>
   <div class='ocr_carea' id='block_1_28' title="bbox 471 2979 2037 3044">
    <p class='ocr_par' dir='ltr' id='par_1_28' title="bbox 471 2979 2037 3044">
     <span class='ocr_line' id='line_1_28' title="bbox 471 2979 2037 3044; baseline 0.001 -12"><span class='ocrx_word' id='word_1_199' title='bbox 471 2979 604 3032; x_wconf 81' lang='lat' dir='ltr'><strong>Filio</strong></span> <span class='ocrx_word' id='word_1_200' title='bbox 656 2987 739 3032; x_wconf 86' lang='lat' dir='ltr'><strong>est</strong></span> <span class='ocrx_word' id='word_1_201' title='bbox 769 2992 873 3031; x_wconf 92' lang='lat' dir='ltr'><strong>non</strong></span> <span class='ocrx_word' id='word_1_202' title='bbox 911 2988 1016 3042; x_wconf 91' lang='lat' dir='ltr'><strong>est,</strong></span> <span class='ocrx_word' id='word_1_203' title='bbox 1067 2979 1280 3032; x_wconf 82' lang='lat' dir='ltr'><strong>diversa</strong></span> <span class='ocrx_word' id='word_1_204' title='bbox 1330 2996 1357 3031; x_wconf 90' lang='lat' dir='ltr'><strong>a</strong></span> <span class='ocrx_word' id='word_1_205' title='bbox 1396 2980 1578 3044; x_wconf 85' lang='lat' dir='ltr'><strong>Patre,</strong></span> <span class='ocrx_word' id='word_1_206' title='bbox 1611 2991 1665 3036; x_wconf 90' lang='lat' dir='ltr'><strong>et</strong></span> <span class='ocrx_word' id='word_1_207' title='bbox 1706 2996 1832 3036; x_wconf 91' lang='lat' dir='ltr'><strong>vere</strong></span> <span class='ocrx_word' id='word_1_208' title='bbox 1868 2982 2037 3037; x_wconf 87' lang='lat' dir='ltr'><strong>dicit:</strong></span> 
     </span>
    </p>
   </div>
   <div class='ocr_carea' id='block_1_29' title="bbox 474 3064 1548 3135">
    <p class='ocr_par' dir='ltr' id='par_1_29' title="bbox 474 3064 1548 3135">
     <span class='ocr_line' id='line_1_29' title="bbox 474 3064 1548 3135; baseline 0.003 -19"><span class='ocrx_word' id='word_1_209' title='bbox 474 3086 491 3116; x_wconf 80' lang='grc' dir='ltr'><strong>ι</strong></span> <span class='ocrx_word' id='word_1_210' title='bbox 537 3067 647 3135; x_wconf 80' lang='lat' dir='ltr'><strong>Ego</strong></span> <span class='ocrx_word' id='word_1_211' title='bbox 682 3067 732 3119; x_wconf 90' lang='lat' dir='ltr'><strong>in</strong></span> <span class='ocrx_word' id='word_1_212' title='bbox 759 3065 941 3133; x_wconf 85' lang='lat' dir='ltr'><strong>Patre,</strong></span> <span class='ocrx_word' id='word_1_213' title='bbox 959 3075 1014 3120; x_wconf 88' lang='lat' dir='ltr'><strong>et</strong></span> <span class='ocrx_word' id='word_1_214' title='bbox 1053 3064 1211 3120; x_wconf 81' lang='lat' dir='ltr'><strong>Pater</strong></span> <span class='ocrx_word' id='word_1_215' title='bbox 1240 3068 1292 3120; x_wconf 93' lang='lat' dir='ltr'><strong>in</strong></span> <span class='ocrx_word' id='word_1_216' title='bbox 1321 3084 1405 3122; x_wconf 87' lang='lat' dir='ltr'><strong>me</strong></span> <span class='ocrx_word' id='word_1_217' title='bbox 1428 3069 1494 3122; x_wconf 62' lang='lat'><strong>3&quot;.</strong></span> <span class='ocrx_word' id='word_1_218' title='bbox 1530 3087 1548 3119; x_wconf 76' lang='grc' dir='ltr'><strong>ι</strong></span> 
     </span>
    </p>
   </div>
   <div class='ocr_carea' id='block_1_30' title="bbox 1156 3179 1386 3237">
    <p class='ocr_par' dir='ltr' id='par_1_30' title="bbox 1156 3179 1386 3237">
     <span class='ocr_line' id='line_1_30' title="bbox 1156 3179 1386 3237; baseline 0 -3"><span class='ocrx_word' id='word_1_219' title='bbox 1156 3179 1386 3237; x_wconf 82' lang='lat' dir='ltr'><strong>ALIUD.</strong></span> 
     </span>
    </p>
   </div>
   <div class='ocr_carea' id='block_1_31' title="bbox 539 3290 2040 3357">
    <p class='ocr_par' dir='ltr' id='par_1_31' title="bbox 539 3290 2040 3357">
     <span class='ocr_line' id='line_1_31' title="bbox 539 3290 2040 3357; baseline 0.009 -17"><span class='ocrx_word' id='word_1_220' title='bbox 539 3293 669 3357; x_wconf 66' lang='lat' dir='ltr'><strong>Qum</strong></span> <span class='ocrx_word' id='word_1_221' title='bbox 697 3292 804 3346; x_wconf 90' lang='lat' dir='ltr'><strong>Deo</strong></span> <span class='ocrx_word' id='word_1_222' title='bbox 835 3307 896 3346; x_wconf 88' lang='lat' dir='ltr'><strong>ac</strong></span> <span class='ocrx_word' id='word_1_223' title='bbox 920 3290 1067 3346; x_wconf 87' lang='lat' dir='ltr'><strong>Patri</strong></span> <span class='ocrx_word' id='word_1_224' title='bbox 1087 3293 1292 3356; x_wconf 88' lang='lat' dir='ltr'><strong>insunt,</strong></span> <span class='ocrx_word' id='word_1_225' title='bbox 1318 3296 1594 3350; x_wconf 85' lang='lat' dir='ltr'><strong>naturales</strong></span> <span class='ocrx_word' id='word_1_226' title='bbox 1640 3306 1694 3351; x_wconf 89' lang='lat' dir='ltr'><strong>et</strong></span> <span class='ocrx_word' id='word_1_227' title='bbox 1726 3299 2040 3354; x_wconf 86' lang='lat' dir='ltr'><strong>essentiales</strong></span> 
     </span>
    </p>
   </div>
   <div class='ocr_carea' id='block_1_32' title="bbox 469 3382 2039 3454">
    <p class='ocr_par' dir='ltr' id='par_1_32' title="bbox 469 3382 2039 3454">
     <span class='ocr_line' id='line_1_32' title="bbox 469 3382 2039 3454; baseline 0.004 -20"><span class='ocrx_word' id='word_1_228' title='bbox 469 3383 826 3450; x_wconf 82' lang='lat' dir='ltr'><strong>proprietates</strong></span> <span class='ocrx_word' id='word_1_229' title='bbox 864 3398 1062 3438; x_wconf 86' lang='lat' dir='ltr'><strong>vocans</strong></span> <span class='ocrx_word' id='word_1_230' title='bbox 1099 3382 1315 3448; x_wconf 82' lang='lat' dir='ltr'><strong>Paulus,</strong></span> <span class='ocrx_word' id='word_1_231' title='bbox 1353 3385 1549 3439; x_wconf 89' lang='lat' dir='ltr'><strong>alicubi</strong></span> <span class='ocrx_word' id='word_1_232' title='bbox 1601 3388 1670 3442; x_wconf 90' lang='lat' dir='ltr'><strong>ita</strong></span> <span class='ocrx_word' id='word_1_233' title='bbox 1704 3389 1780 3441; x_wconf 91' lang='lat' dir='ltr'><strong>ait</strong></span> <span class='ocrx_word' id='word_1_234' title='bbox 1813 3407 1825 3442; x_wconf 93' lang='lat'><strong>:</strong></span> <span class='ocrx_word' id='word_1_235' title='bbox 1865 3409 1882 3439; x_wconf 72' lang='grc' dir='ltr'><strong>ι</strong></span> <span class='ocrx_word' id='word_1_236' title='bbox 1939 3390 2039 3454; x_wconf 83' lang='lat' dir='ltr'><strong>Qui</strong></span> 
     </span>
    </p>
   </div>
   <div class='ocr_carea' id='block_1_33' title="bbox 468 3473 2037 3550">
    <p class='ocr_par' dir='ltr' id='par_1_33' title="bbox 468 3473 2037 3550">
     <span class='ocr_line' id='line_1_33' title="bbox 468 3473 2037 3550; baseline 0.006 -23"><span class='ocrx_word' id='word_1_237' title='bbox 468 3475 615 3530; x_wconf 82' lang='lat' dir='ltr'><strong>solus</strong></span> <span class='ocrx_word' id='word_1_238' title='bbox 653 3473 814 3530; x_wconf 84' lang='lat' dir='ltr'><strong>habet</strong></span> <span class='ocrx_word' id='word_1_239' title='bbox 848 3477 1309 3532; x_wconf 82' lang='lat' dir='ltr'><strong>immortalitatem</strong></span> <span class='ocrx_word' id='word_1_240' title='bbox 1345 3478 1413 3532; x_wconf 81' lang='grc'><strong>⁸⁵.</strong></span> <span class='ocrx_word' id='word_1_241' title='bbox 1443 3499 1460 3531; x_wconf 77' lang='grc' dir='ltr'><strong>ι</strong></span> <span class='ocrx_word' id='word_1_242' title='bbox 1490 3479 1544 3533; x_wconf 86' lang='lat' dir='ltr'><strong>Si</strong></span> <span class='ocrx_word' id='word_1_243' title='bbox 1606 3497 1732 3536; x_wconf 82' lang='lat' dir='ltr'><strong>vero</strong></span> <span class='ocrx_word' id='word_1_244' title='bbox 1767 3484 2037 3550; x_wconf 81' lang='lat' dir='ltr'><strong>quispiam</strong></span> 
     </span>
    </p>
   </div>
   <div class='ocr_carea' id='block_1_34' title="bbox 468 3567 2042 3644">
    <p class='ocr_par' dir='ltr' id='par_1_34' title="bbox 468 3567 2042 3644">
     <span class='ocr_line' id='line_1_34' title="bbox 468 3567 2042 3644; baseline 0.007 -26"><span class='ocrx_word' id='word_1_245' title='bbox 468 3568 653 3622; x_wconf 77' lang='lat' dir='ltr'><strong>dieens</strong></span> <span class='ocrx_word' id='word_1_246' title='bbox 680 3567 1165 3635; x_wconf 81' lang='lat' dir='ltr'><strong>immortalitatem,</strong></span> <span class='ocrx_word' id='word_1_247' title='bbox 1194 3570 1325 3624; x_wconf 88' lang='lat' dir='ltr'><strong>nihil</strong></span> <span class='ocrx_word' id='word_1_248' title='bbox 1364 3572 1504 3624; x_wconf 88' lang='lat' dir='ltr'><strong>aliud</strong></span> <span class='ocrx_word' id='word_1_249' title='bbox 1527 3587 1622 3641; x_wconf 81' lang='lat' dir='ltr'><strong>per</strong></span> <span class='ocrx_word' id='word_1_250' title='bbox 1669 3573 1719 3627; x_wconf 93' lang='lat' dir='ltr'><strong>id</strong></span> <span class='ocrx_word' id='word_1_251' title='bbox 1779 3575 2042 3644; x_wconf 81' lang='lat' dir='ltr'><strong>intelligat</strong></span> 
     </span>
    </p>
   </div>
   <div class='ocr_carea' id='block_1_35' title="bbox 466 3660 2038 3736">
    <p class='ocr_par' dir='ltr' id='par_1_35' title="bbox 466 3660 2038 3736">
     <span class='ocr_line' id='line_1_35' title="bbox 466 3660 2038 3736; baseline 0.006 -25"><span class='ocrx_word' id='word_1_252' title='bbox 466 3675 624 3726; x_wconf 86' lang='lat' dir='ltr'><strong>quam</strong></span> <span class='ocrx_word' id='word_1_253' title='bbox 667 3660 850 3722; x_wconf 73' lang='lat' dir='ltr'><strong>vitam,</strong></span> <span class='ocrx_word' id='word_1_254' title='bbox 875 3661 978 3713; x_wconf 82' lang='lat' dir='ltr'><strong>vita</strong></span> <span class='ocrx_word' id='word_1_255' title='bbox 1011 3671 1293 3716; x_wconf 84' lang='lat' dir='ltr'><strong>autemest</strong></span> <span class='ocrx_word' id='word_1_256' title='bbox 1321 3661 1491 3716; x_wconf 82' lang='lat' dir='ltr'><strong>Filius</strong></span> <span class='ocrx_word' id='word_1_257' title='bbox 1522 3664 1708 3718; x_wconf 89' lang='lat' dir='ltr'><strong>dicens</strong></span> <span class='ocrx_word' id='word_1_258' title='bbox 1742 3681 1754 3716; x_wconf 94' lang='lat'><strong>:</strong></span> <span class='ocrx_word' id='word_1_259' title='bbox 1786 3665 1896 3736; x_wconf 79' lang='lat' dir='ltr'><strong>Ego</strong></span> <span class='ocrx_word' id='word_1_260' title='bbox 1922 3682 2038 3720; x_wconf 79' lang='lat' dir='ltr'><strong>sum</strong></span> 
     </span>
    </p>
   </div>
   <div class='ocr_carea' id='block_1_36' title="bbox 466 3752 2039 3823">
    <p class='ocr_par' dir='ltr' id='par_1_36' title="bbox 466 3752 2039 3823">
     <span class='ocr_line' id='line_1_36' title="bbox 466 3752 2039 3823; baseline 0.004 -21"><span class='ocrx_word' id='word_1_261' title='bbox 466 3752 574 3804; x_wconf 87' lang='lat' dir='ltr'><strong>vita</strong></span> <span class='ocrx_word' id='word_1_262' title='bbox 594 3752 676 3818; x_wconf 84' lang='grc'><strong>⁸⁶;</strong></span> <span class='ocrx_word' id='word_1_263' title='bbox 707 3767 838 3820; x_wconf 74' lang='lat' dir='ltr'><strong>ergo</strong></span> <span class='ocrx_word' id='word_1_264' title='bbox 855 3753 1195 3807; x_wconf 82' lang='lat' dir='ltr'><strong>Paterhabet</strong></span> <span class='ocrx_word' id='word_1_265' title='bbox 1228 3755 1278 3807; x_wconf 92' lang='lat' dir='ltr'><strong>in</strong></span> <span class='ocrx_word' id='word_1_266' title='bbox 1309 3755 1486 3823; x_wconf 83' lang='lat' dir='ltr'><strong>seipso</strong></span> <span class='ocrx_word' id='word_1_267' title='bbox 1537 3755 1726 3818; x_wconf 89' lang='lat' dir='ltr'><strong>vitam,</strong></span> <span class='ocrx_word' id='word_1_268' title='bbox 1785 3757 2039 3812; x_wconf 91' lang='lat' dir='ltr'><strong>nimirum</strong></span> 
     </span>
    </p>
   </div>
   <div class='ocr_carea' id='block_1_37' title="bbox 468 3841 2041 3916">
    <p class='ocr_par' dir='ltr' id='par_1_37' title="bbox 468 3841 2041 3916">
     <span class='ocr_line' id='line_1_37' title="bbox 468 3841 2041 3916; baseline 0.004 -20"><span class='ocrx_word' id='word_1_269' title='bbox 468 3841 662 3896; x_wconf 77' lang='lat' dir='ltr'><strong>Filium</strong></span> <span class='ocrx_word' id='word_1_270' title='bbox 691 3862 704 3897; x_wconf 91' lang='lat'><strong>:</strong></span> <span class='ocrx_word' id='word_1_271' title='bbox 740 3858 914 3913; x_wconf 88' lang='lat' dir='ltr'><strong>neque</strong></span> <span class='ocrx_word' id='word_1_272' title='bbox 948 3844 1218 3916; x_wconf 82' lang='lat' dir='ltr'><strong>diversum</strong></span> <span class='ocrx_word' id='word_1_273' title='bbox 1251 3848 1377 3915; x_wconf 85' lang='lat' dir='ltr'><strong>quid</strong></span> <span class='ocrx_word' id='word_1_274' title='bbox 1411 3862 1439 3900; x_wconf 90' lang='lat' dir='ltr'><strong>a</strong></span> <span class='ocrx_word' id='word_1_275' title='bbox 1479 3861 1557 3902; x_wconf 90' lang='lat' dir='ltr'><strong>se.</strong></span> <span class='ocrx_word' id='word_1_276' title='bbox 1593 3847 1712 3916; x_wconf 85' lang='lat' dir='ltr'><strong>Ipse</strong></span> <span class='ocrx_word' id='word_1_277' title='bbox 1763 3849 1923 3903; x_wconf 86' lang='lat' dir='ltr'><strong>etiam</strong></span> <span class='ocrx_word' id='word_1_278' title='bbox 1969 3849 2041 3902; x_wconf 87' lang='lat' dir='ltr'><strong>si-</strong></span> 
     </span>
    </p>
   </div>
   <div class='ocr_carea' id='block_1_38' title="bbox 466 3934 2036 4006">
    <p class='ocr_par' dir='ltr' id='par_1_38' title="bbox 466 3934 2036 4006">
     <span class='ocr_line' id='line_1_38' title="bbox 466 3934 2036 4006; baseline 0.001 -17"><span class='ocrx_word' id='word_1_279' title='bbox 466 3934 663 3989; x_wconf 84' lang='lat' dir='ltr'><strong>militer</strong></span> <span class='ocrx_word' id='word_1_280' title='bbox 693 3935 960 3989; x_wconf 81' lang='lat' dir='ltr'><strong>exsistens</strong></span> <span class='ocrx_word' id='word_1_281' title='bbox 985 3935 1114 4003; x_wconf 83' lang='lat' dir='ltr'><strong>vita,</strong></span> <span class='ocrx_word' id='word_1_282' title='bbox 1145 3936 1290 3989; x_wconf 89' lang='lat' dir='ltr'><strong>dedit</strong></span> <span class='ocrx_word' id='word_1_283' title='bbox 1321 3939 1556 4006; x_wconf 90' lang='lat' dir='ltr'><strong>seipsum</strong></span> <span class='ocrx_word' id='word_1_284' title='bbox 1587 3937 1754 3998; x_wconf 88' lang='lat' dir='ltr'><strong>Filio:</strong></span> <span class='ocrx_word' id='word_1_285' title='bbox 1788 3955 1893 3994; x_wconf 94' lang='lat' dir='ltr'><strong>non</strong></span> <span class='ocrx_word' id='word_1_286' title='bbox 1913 3949 2036 3993; x_wconf 88' lang='lat' dir='ltr'><strong>tan-</strong></span> 
     </span>
    </p>
   </div>
   <div class='ocr_carea' id='block_1_39' title="bbox 466 4027 2038 4097">
    <p class='ocr_par' dir='ltr' id='par_1_39' title="bbox 466 4027 2038 4097">
     <span class='ocr_line' id='line_1_39' title="bbox 466 4027 2038 4097; baseline 0.003 -19"><span class='ocrx_word' id='word_1_287' title='bbox 466 4041 627 4092; x_wconf 83' lang='lat' dir='ltr'><strong>quam</strong></span> <span class='ocrx_word' id='word_1_288' title='bbox 671 4039 870 4093; x_wconf 84' lang='lat' dir='ltr'><strong>corpus</strong></span> <span class='ocrx_word' id='word_1_289' title='bbox 904 4027 1117 4094; x_wconf 86' lang='lat' dir='ltr'><strong>corpori</strong></span> <span class='ocrx_word' id='word_1_290' title='bbox 1145 4029 1510 4092; x_wconf 88' lang='lat' dir='ltr'><strong>committens,</strong></span> <span class='ocrx_word' id='word_1_291' title='bbox 1553 4043 1730 4097; x_wconf 91' lang='lat' dir='ltr'><strong>neque</strong></span> <span class='ocrx_word' id='word_1_292' title='bbox 1784 4039 2038 4097; x_wconf 88' lang='lat' dir='ltr'><strong>tanquam</strong></span> 
     </span>
    </p>
   </div>
   <div class='ocr_carea' id='block_1_40' title="bbox 465 4113 2038 4188">
    <p class='ocr_par' dir='ltr' id='par_1_40' title="bbox 465 4113 2038 4188">
     <span class='ocr_line' id='line_1_40' title="bbox 465 4113 2038 4188; baseline 0.004 -20"><span class='ocrx_word' id='word_1_293' title='bbox 465 4117 662 4168; x_wconf 78' lang='lat' dir='ltr'><strong>cedens</strong></span> <span class='ocrx_word' id='word_1_294' title='bbox 691 4113 828 4169; x_wconf 87' lang='lat' dir='ltr'><strong>Filio</strong></span> <span class='ocrx_word' id='word_1_295' title='bbox 847 4131 999 4169; x_wconf 87' lang='lat' dir='ltr'><strong>suam</strong></span> <span class='ocrx_word' id='word_1_296' title='bbox 1027 4118 1440 4187; x_wconf 86' lang='lat' dir='ltr'><strong>hypostasim,et</strong></span> <span class='ocrx_word' id='word_1_297' title='bbox 1461 4119 1720 4188; x_wconf 84' lang='lat' dir='ltr'><strong>deinceps</strong></span> <span class='ocrx_word' id='word_1_298' title='bbox 1737 4134 1857 4174; x_wconf 89' lang='lat' dir='ltr'><strong>esse</strong></span> <span class='ocrx_word' id='word_1_299' title='bbox 1879 4136 2038 4174; x_wconf 88' lang='lat' dir='ltr'><strong>suum</strong></span> 
     </span>
    </p>
   </div>
   <div class='ocr_carea' id='block_1_41' title="bbox 2067 422 2115 478">
    <p class='ocr_par' dir='ltr' id='par_1_41' title="bbox 2067 422 2115 478">
     <span class='ocr_line' id='line_1_41' title="bbox 2067 422 2115 478; baseline 0 -2"><span class='ocrx_word' id='word_1_300' title='bbox 2067 422 2115 478; x_wconf 80' lang='grc' dir='ltr'><strong>Δ</strong></span> 
     </span>
    </p>
   </div>
   <div class='ocr_carea' id='block_1_42' title="bbox 2823 426 3026 480">
    <p class='ocr_par' dir='ltr' id='par_1_42' title="bbox 2823 426 3026 480">
     <span class='ocr_line' id='line_1_42' title="bbox 2823 426 3026 480; baseline 0.005 -1"><span class='ocrx_word' id='word_1_301' title='bbox 2823 426 3026 480; x_wconf 77' lang='grc' dir='ltr'><strong>ΑΛΑΟ.</strong></span> 
     </span>
    </p>
   </div>
   <div class='ocr_carea' id='block_1_43' title="bbox 2212 528 3714 618">
    <p class='ocr_par' dir='ltr' id='par_1_43' title="bbox 2212 528 3714 618">
     <span class='ocr_line' id='line_1_43' title="bbox 2212 528 3714 618; baseline -0.013 -16"><span class='ocrx_word' id='word_1_302' title='bbox 2212 546 2493 618; x_wconf 85' lang='grc' dir='ltr'>Πανταχοῦ</span> <span class='ocrx_word' id='word_1_303' title='bbox 2523 547 2614 598; x_wconf 85' lang='grc' dir='ltr'>τὸν</span> <span class='ocrx_word' id='word_1_304' title='bbox 2648 544 2772 597; x_wconf 80' lang='grc' dir='ltr'>Υἱὺν</span> <span class='ocrx_word' id='word_1_305' title='bbox 2803 543 2858 595; x_wconf 83' lang='lat' dir='ltr'><strong>al</strong></span> <span class='ocrx_word' id='word_1_306' title='bbox 2888 540 3026 594; x_wconf 88' lang='grc' dir='ltr'>θεῖαι</span> <span class='ocrx_word' id='word_1_307' title='bbox 3050 534 3264 607; x_wconf 71' lang='grc' dir='ltr'>Γραφαὶ</span> <span class='ocrx_word' id='word_1_308' title='bbox 3280 531 3537 587; x_wconf 83' lang='grc' dir='ltr'>καλοῦσιν</span> <span class='ocrx_word' id='word_1_309' title='bbox 3565 528 3714 598; x_wconf 79' lang='grc' dir='ltr'><strong>Ἀλή-</strong></span> 
     </span>
    </p>
   </div>
   <div class='ocr_carea' id='block_1_44' title="bbox 2144 619 3712 703">
    <p class='ocr_par' dir='ltr' id='par_1_44' title="bbox 2144 619 3712 703">
     <span class='ocr_line' id='line_1_44' title="bbox 2144 619 3712 703; baseline -0.013 -11"><span class='ocrx_word' id='word_1_310' title='bbox 2144 639 2316 701; x_wconf 84' lang='grc' dir='ltr'>θειαν,</span> <span class='ocrx_word' id='word_1_311' title='bbox 2339 639 2433 692; x_wconf 74' lang='grc' dir='ltr'><strong>καὶ</strong></span> <span class='ocrx_word' id='word_1_312' title='bbox 2465 635 2626 696; x_wconf 81' lang='grc' dir='ltr'>αὐτὸς</span> <span class='ocrx_word' id='word_1_313' title='bbox 2654 633 2710 686; x_wconf 81' lang='grc' dir='ltr'>δὲ</span> <span class='ocrx_word' id='word_1_314' title='bbox 2740 631 2866 703; x_wconf 70' lang='grc' dir='ltr'>περὶ</span> <span class='ocrx_word' id='word_1_315' title='bbox 2889 626 3082 682; x_wconf 76' lang='grc' dir='ltr'>ἑαυτοῦ</span> <span class='ocrx_word' id='word_1_316' title='bbox 3105 626 3261 679; x_wconf 83' lang='grc' dir='ltr'>τοῦτό</span> <span class='ocrx_word' id='word_1_317' title='bbox 3289 639 3452 693; x_wconf 87' lang='grc' dir='ltr'>φησιν</span> <span class='ocrx_word' id='word_1_318' title='bbox 3471 637 3484 652; x_wconf 90' lang='grc'><strong>·</strong></span> <span class='ocrx_word' id='word_1_319' title='bbox 3512 641 3530 673; x_wconf 78' lang='grc' dir='ltr'><strong>ι</strong></span> <span class='ocrx_word' id='word_1_320' title='bbox 3574 619 3712 688; x_wconf 83' lang='grc' dir='ltr'>Ἑγὼ</span> 
     </span>
    </p>
   </div>
   <div class='ocr_carea' id='block_1_45' title="bbox 2143 712 3712 798">
    <p class='ocr_par' dir='ltr' id='par_1_45' title="bbox 2143 712 3712 798">
     <span class='ocr_line' id='line_1_45' title="bbox 2143 712 3712 798; baseline -0.012 -17"><span class='ocrx_word' id='word_1_321' title='bbox 2143 731 2277 798; x_wconf 82' lang='grc' dir='ltr'>εἰμι,</span> <span class='ocrx_word' id='word_1_322' title='bbox 2305 728 2498 795; x_wconf 79' lang='grc' dir='ltr'>λέγων,</span> <span class='ocrx_word' id='word_1_323' title='bbox 2537 727 2570 795; x_wconf 79' lang='grc' dir='ltr'><strong>ἡ</strong></span> <span class='ocrx_word' id='word_1_324' title='bbox 2597 722 2842 793; x_wconf 82' lang='grc' dir='ltr'>ἀλήθεια.</span> <span class='ocrx_word' id='word_1_325' title='bbox 2887 739 2904 770; x_wconf 78' lang='grc' dir='ltr'><strong>ι</strong></span> <span class='ocrx_word' id='word_1_326' title='bbox 2944 719 3009 772; x_wconf 82' lang='grc' dir='ltr'><strong>Εἰ</strong></span> <span class='ocrx_word' id='word_1_327' title='bbox 3046 716 3225 769; x_wconf 84' lang='grc' dir='ltr'>τοίνυν</span> <span class='ocrx_word' id='word_1_328' title='bbox 3252 713 3634 783; x_wconf 78' lang='grc' dir='ltr'><strong>διεψευσμένον</strong></span> <span class='ocrx_word' id='word_1_329' title='bbox 3655 712 3712 763; x_wconf 81' lang='grc' dir='ltr'>ἐν</span> 
     </span>
    </p>
   </div>
   <div class='ocr_carea' id='block_1_46' title="bbox 2142 804 3712 890">
    <p class='ocr_par' dir='ltr' id='par_1_46' title="bbox 2142 804 3712 890">
     <span class='ocr_line' id='line_1_46' title="bbox 2142 804 3712 890; baseline -0.011 -18"><span class='ocrx_word' id='word_1_330' title='bbox 2142 819 2290 890; x_wconf 82' lang='grc' dir='ltr'>αὐτῷ</span> <span class='ocrx_word' id='word_1_331' title='bbox 2321 818 2383 870; x_wconf 82' lang='grc' dir='ltr'>τὸ</span> <span class='ocrx_word' id='word_1_332' title='bbox 2415 818 2515 887; x_wconf 81' lang='grc' dir='ltr'>τῆς</span> <span class='ocrx_word' id='word_1_333' title='bbox 2563 814 2710 884; x_wconf 80' lang='grc' dir='ltr'>ζωῆς</span> <span class='ocrx_word' id='word_1_334' title='bbox 2741 815 2989 884; x_wconf 83' lang='grc' dir='ltr'>πρᾶγμα,</span> <span class='ocrx_word' id='word_1_335' title='bbox 3029 811 3123 862; x_wconf 74' lang='grc' dir='ltr'><strong>καὶ</strong></span> <span class='ocrx_word' id='word_1_336' title='bbox 3152 809 3251 860; x_wconf 86' lang='grc' dir='ltr'><strong>οὐκ</strong></span> <span class='ocrx_word' id='word_1_337' title='bbox 3293 805 3566 870; x_wconf 81' lang='grc' dir='ltr'><strong>οὐσιῶδες,</strong></span> <span class='ocrx_word' id='word_1_338' title='bbox 3591 804 3712 858; x_wconf 80' lang='grc' dir='ltr'>οὐδὲ</span> 
     </span>
    </p>
   </div>
   <div class='ocr_carea' id='block_1_47' title="bbox 2143 893 3713 979">
    <p class='ocr_par' dir='ltr' id='par_1_47' title="bbox 2143 893 3713 979">
     <span class='ocr_line' id='line_1_47' title="bbox 2143 893 3713 979; baseline -0.009 -17"><span class='ocrx_word' id='word_1_339' title='bbox 2143 909 2416 979; x_wconf 80' lang='grc' dir='ltr'>ἀληθινὸν,</span> <span class='ocrx_word' id='word_1_340' title='bbox 2453 909 2569 970; x_wconf 85' lang='grc' dir='ltr'><strong>πῶς</strong></span> <span class='ocrx_word' id='word_1_341' title='bbox 2601 907 2660 960; x_wconf 86' lang='grc' dir='ltr'>οὺ</span> <span class='ocrx_word' id='word_1_342' title='bbox 2695 905 2956 975; x_wconf 82' lang='grc' dir='ltr'><strong>ψεύσεται</strong></span> <span class='ocrx_word' id='word_1_343' title='bbox 3001 901 3175 970; x_wconf 81' lang='grc' dir='ltr'>λέγων</span> <span class='ocrx_word' id='word_1_344' title='bbox 3219 898 3412 951; x_wconf 77' lang='grc' dir='ltr'>ἑαυτὸν</span> <span class='ocrx_word' id='word_1_345' title='bbox 3457 893 3713 966; x_wconf 81' lang='grc' dir='ltr'><strong>εἶναιτὴν</strong></span> 
     </span>
    </p>
   </div>
   <div class='ocr_carea' id='block_1_48' title="bbox 2143 988 3715 1070">
    <p class='ocr_par' dir='ltr' id='par_1_48' title="bbox 2143 988 3715 1070">
     <span class='ocr_line' id='line_1_48' title="bbox 2143 988 3715 1070; baseline -0.01 -17"><span class='ocrx_word' id='word_1_346' title='bbox 2143 1000 2431 1070; x_wconf 77' lang='grc' dir='ltr'>ἀλήθειανς</span> <span class='ocrx_word' id='word_1_347' title='bbox 2479 997 2638 1051; x_wconf 74' lang='grc' dir='ltr'>Ἀλλὰ</span> <span class='ocrx_word' id='word_1_348' title='bbox 2680 997 2785 1068; x_wconf 74' lang='grc' dir='ltr'>μὴν</span> <span class='ocrx_word' id='word_1_349' title='bbox 2813 995 2873 1047; x_wconf 83' lang='grc' dir='ltr'>οὐ</span> <span class='ocrx_word' id='word_1_350' title='bbox 2917 992 3169 1062; x_wconf 77' lang='grc' dir='ltr'><strong>ψεύδεται</strong></span> <span class='ocrx_word' id='word_1_351' title='bbox 3194 1007 3207 1020; x_wconf 92' lang='grc'><strong>·</strong></span> <span class='ocrx_word' id='word_1_352' title='bbox 3239 989 3399 1042; x_wconf 87' lang='grc' dir='ltr'>τοῦτο</span> <span class='ocrx_word' id='word_1_353' title='bbox 3445 989 3554 1057; x_wconf 83' lang='grc' dir='ltr'><strong>γὰρ</strong></span> <span class='ocrx_word' id='word_1_354' title='bbox 3586 988 3715 1040; x_wconf 80' lang='grc' dir='ltr'>ἀσε-</span> 
     </span>
    </p>
   </div>
   <div class='ocr_carea' id='block_1_49' title="bbox 2144 1075 3714 1159">
    <p class='ocr_par' dir='ltr' id='par_1_49' title="bbox 2144 1075 3714 1159">
     <span class='ocr_line' id='line_1_49' title="bbox 2144 1075 3714 1159; baseline -0.008 -18"><span class='ocrx_word' id='word_1_355' title='bbox 2144 1090 2236 1152; x_wconf 78' lang='grc' dir='ltr'><strong>ϐὲς</strong></span> <span class='ocrx_word' id='word_1_356' title='bbox 2280 1090 2374 1143; x_wconf 77' lang='grc' dir='ltr'>καὶ</span> <span class='ocrx_word' id='word_1_357' title='bbox 2415 1088 2574 1159; x_wconf 88' lang='grc' dir='ltr'>μόνον</span> <span class='ocrx_word' id='word_1_358' title='bbox 2627 1088 2859 1139; x_wconf 73' lang='grc' dir='ltr'>ἐννοεῖνο</span> <span class='ocrx_word' id='word_1_359' title='bbox 2891 1081 3120 1150; x_wconf 79' lang='grc' dir='ltr'>ἀλήθεια</span> <span class='ocrx_word' id='word_1_360' title='bbox 3164 1078 3220 1132; x_wconf 82' lang='grc' dir='ltr'>δέ</span> <span class='ocrx_word' id='word_1_361' title='bbox 3265 1081 3434 1136; x_wconf 75' lang='grc' dir='ltr'>ἐστιν.</span> <span class='ocrx_word' id='word_1_362' title='bbox 3466 1077 3580 1130; x_wconf 78' lang='grc' dir='ltr'><strong>Οὐκ</strong></span> <span class='ocrx_word' id='word_1_363' title='bbox 3605 1075 3714 1146; x_wconf 77' lang='grc' dir='ltr'><strong>ἄρα.</strong></span> 
     </span>
    </p>
   </div>
   <div class='ocr_carea' id='block_1_50' title="bbox 2141 1171 3112 1250">
    <p class='ocr_par' dir='ltr' id='par_1_50' title="bbox 2141 1171 3112 1250">
     <span class='ocr_line' id='line_1_50' title="bbox 2141 1171 3112 1250; baseline -0.01 -18"><span class='ocrx_word' id='word_1_364' title='bbox 2141 1179 2525 1250; x_wconf 73' lang='grc' dir='ltr'><strong>διεψευσμένον</strong></span> <span class='ocrx_word' id='word_1_365' title='bbox 2562 1178 2673 1248; x_wconf 73' lang='grc' dir='ltr'>ἔχει</span> <span class='ocrx_word' id='word_1_366' title='bbox 2703 1177 2764 1230; x_wconf 82' lang='grc' dir='ltr'>τὸ</span> <span class='ocrx_word' id='word_1_367' title='bbox 2803 1171 2945 1228; x_wconf 76' lang='grc' dir='ltr'>εἶναι</span> <span class='ocrx_word' id='word_1_368' title='bbox 2975 1172 3112 1242; x_wconf 81' lang='grc' dir='ltr'><strong>ζωή.</strong></span> 
     </span>
    </p>
   </div>
   <div class='ocr_carea' id='block_1_51' title="bbox 2824 1284 3026 1336">
    <p class='ocr_par' dir='ltr' id='par_1_51' title="bbox 2824 1284 3026 1336">
     <span class='ocr_line' id='line_1_51' title="bbox 2824 1284 3026 1336; baseline 0 0"><span class='ocrx_word' id='word_1_369' title='bbox 2824 1284 3026 1336; x_wconf 79' lang='grc' dir='ltr'><strong>ΑΛΛΟ.</strong></span> 
     </span>
    </p>
   </div>
   <div class='ocr_carea' id='block_1_52' title="bbox 2211 1386 3718 1467">
    <p class='ocr_par' dir='ltr' id='par_1_52' title="bbox 2211 1386 3718 1467">
     <span class='ocr_line' id='line_1_52' title="bbox 2211 1386 3718 1467; baseline -0.011 -11"><span class='ocrx_word' id='word_1_370' title='bbox 2211 1402 2274 1456; x_wconf 84' lang='lat' dir='ltr'><strong>El</strong></span> <span class='ocrx_word' id='word_1_371' title='bbox 2307 1402 2559 1467; x_wconf 83' lang='grc' dir='ltr'>ζωοποιεῖ</span> <span class='ocrx_word' id='word_1_372' title='bbox 2582 1397 2678 1452; x_wconf 83' lang='grc' dir='ltr'><strong>τοῦ</strong></span> <span class='ocrx_word' id='word_1_373' title='bbox 2705 1396 2917 1466; x_wconf 69' lang='grc' dir='ltr'>Πατρός</span> <span class='ocrx_word' id='word_1_374' title='bbox 2944 1396 2978 1464; x_wconf 79' lang='grc' dir='ltr'><strong>ἡ</strong></span> <span class='ocrx_word' id='word_1_375' title='bbox 3001 1393 3198 1460; x_wconf 86' lang='grc' dir='ltr'>γνῶσις</span> <span class='ocrx_word' id='word_1_376' title='bbox 3219 1391 3344 1452; x_wconf 79' lang='grc' dir='ltr'>τοὺς</span> <span class='ocrx_word' id='word_1_377' title='bbox 3372 1388 3592 1460; x_wconf 75' lang='grc' dir='ltr'>ἔχοντας</span> <span class='ocrx_word' id='word_1_378' title='bbox 3620 1386 3718 1440; x_wconf 84' lang='grc' dir='ltr'><strong>αὐ-</strong></span> 
     </span>
    </p>
   </div>
   <div class='ocr_carea' id='block_1_53' title="bbox 2140 1479 3717 1565">
    <p class='ocr_par' dir='ltr' id='par_1_53' title="bbox 2140 1479 3717 1565">
     <span class='ocr_line' id='line_1_53' title="bbox 2140 1479 3717 1565; baseline -0.013 -15"><span class='ocrx_word' id='word_1_379' title='bbox 2140 1493 2562 1565; x_wconf 38' lang='grc' dir='ltr'>τὴνπζωοποιεῖ</span> <span class='ocrx_word' id='word_1_380' title='bbox 2601 1491 2658 1545; x_wconf 82' lang='grc' dir='ltr'>δὲ</span> <span class='ocrx_word' id='word_1_381' title='bbox 2696 1489 2898 1562; x_wconf 82' lang='grc' dir='ltr'>ὁμοίως</span> <span class='ocrx_word' id='word_1_382' title='bbox 2933 1487 3028 1540; x_wconf 60' lang='grc' dir='ltr'><strong>καὶ¹</strong></span> <span class='ocrx_word' id='word_1_383' title='bbox 3067 1487 3100 1557; x_wconf 81' lang='grc' dir='ltr'>ἡ</span> <span class='ocrx_word' id='word_1_384' title='bbox 3145 1482 3240 1536; x_wconf 86' lang='grc' dir='ltr'><strong>τοῦ</strong></span> <span class='ocrx_word' id='word_1_385' title='bbox 3276 1481 3429 1547; x_wconf 87' lang='grc' dir='ltr'>Υίοῦ,</span> <span class='ocrx_word' id='word_1_386' title='bbox 3471 1479 3588 1542; x_wconf 83' lang='grc' dir='ltr'><strong>πῶς</strong></span> <span class='ocrx_word' id='word_1_387' title='bbox 3616 1480 3717 1532; x_wconf 80' lang='grc' dir='ltr'><strong>οὐκ</strong></span> 
     </span>
    </p>
   </div>
   <div class='ocr_carea' id='block_1_54' title="bbox 2139 1569 3717 1642">
    <p class='ocr_par' dir='ltr' id='par_1_54' title="bbox 2139 1569 3717 1642">
     <span class='ocr_line' id='line_1_54' title="bbox 2139 1569 3717 1642; baseline -0.011 -5"><span class='ocrx_word' id='word_1_388' title='bbox 2139 1585 2292 1638; x_wconf 82' lang='grc' dir='ltr'>ἔσται</span> <span class='ocrx_word' id='word_1_389' title='bbox 2330 1583 2448 1636; x_wconf 87' lang='grc' dir='ltr'>κατ’</span> <span class='ocrx_word' id='word_1_390' title='bbox 2476 1580 2664 1634; x_wconf 81' lang='grc' dir='ltr'>οὐσίαν</span> <span class='ocrx_word' id='word_1_391' title='bbox 2686 1581 2714 1631; x_wconf 99' lang='lat'><strong>6</strong></span> <span class='ocrx_word' id='word_1_392' title='bbox 2737 1576 2918 1638; x_wconf 82' lang='grc' dir='ltr'>αὐτὸς,</span> <span class='ocrx_word' id='word_1_393' title='bbox 2947 1577 2976 1628; x_wconf 93' lang='lat'><strong>6</strong></span> <span class='ocrx_word' id='word_1_394' title='bbox 3010 1575 3129 1636; x_wconf 85' lang='grc' dir='ltr'>ταῖς</span> <span class='ocrx_word' id='word_1_395' title='bbox 3154 1571 3248 1627; x_wconf 86' lang='grc' dir='ltr'><strong>τοῦ</strong></span> <span class='ocrx_word' id='word_1_396' title='bbox 3275 1570 3490 1642; x_wconf 85' lang='grc' dir='ltr'>Πατρδς</span> <span class='ocrx_word' id='word_1_397' title='bbox 3527 1569 3717 1638; x_wconf 74' lang='grc' dir='ltr'>ἰδιότη-</span> 
     </span>
    </p>
   </div>
   <div class='ocr_carea' id='block_1_55' title="bbox 2143 1659 3714 1741">
    <p class='ocr_par' dir='ltr' id='par_1_55' title="bbox 2143 1659 3714 1741">
     <span class='ocr_line' id='line_1_55' title="bbox 2143 1659 3714 1741; baseline -0.004 -12"><span class='ocrx_word' id='word_1_398' title='bbox 2143 1693 2224 1729; x_wconf 86' lang='grc' dir='ltr'>σιν</span> <span class='ocrx_word' id='word_1_399' title='bbox 2257 1674 2398 1728; x_wconf 83' lang='grc' dir='ltr'>οῦτω</span> <span class='ocrx_word' id='word_1_400' title='bbox 2436 1669 2773 1741; x_wconf 81' lang='grc' dir='ltr'><strong>διαπρέπων,</strong></span> <span class='ocrx_word' id='word_1_401' title='bbox 2803 1666 2878 1728; x_wconf 85' lang='grc' dir='ltr'>ὡς</span> <span class='ocrx_word' id='word_1_402' title='bbox 2911 1665 2978 1718; x_wconf 78' lang='grc' dir='ltr'>ἂν</span> <span class='ocrx_word' id='word_1_403' title='bbox 3019 1663 3068 1716; x_wconf 84' lang='grc' dir='ltr'>εἰ</span> <span class='ocrx_word' id='word_1_404' title='bbox 3103 1661 3197 1715; x_wconf 73' lang='grc' dir='ltr'><strong>καὶ</strong></span> <span class='ocrx_word' id='word_1_405' title='bbox 3241 1660 3401 1723; x_wconf 80' lang='grc' dir='ltr'>αὐτὸς</span> <span class='ocrx_word' id='word_1_406' title='bbox 3430 1661 3458 1711; x_wconf 89' lang='lat'><strong>6</strong></span> <span class='ocrx_word' id='word_1_407' title='bbox 3491 1659 3714 1729; x_wconf 82' lang='grc' dir='ltr'>Πατήρ;</span> 
     </span>
    </p>
   </div>
   <div class='ocr_carea' id='block_1_56' title="bbox 2323 1858 3539 1936">
    <p class='ocr_par' dir='ltr' id='par_1_56' title="bbox 2323 1858 3539 1936">
     <span class='ocr_line' id='line_1_56' title="bbox 2323 1858 3539 1936; baseline -0.014 -8"><span class='ocrx_word' id='word_1_408' title='bbox 2323 1875 2525 1936; x_wconf 79' lang='grc' dir='ltr'><strong>ΑΛΛΟ,</strong></span> <span class='ocrx_word' id='word_1_409' title='bbox 2559 1871 2656 1924; x_wconf 84' lang='grc' dir='ltr'>διὰ</span> <span class='ocrx_word' id='word_1_410' title='bbox 2685 1868 2793 1936; x_wconf 79' lang='grc' dir='ltr'>τῆς</span> <span class='ocrx_word' id='word_1_411' title='bbox 2820 1868 2905 1932; x_wconf 78' lang='grc' dir='ltr'><strong>είς</strong></span> <span class='ocrx_word' id='word_1_412' title='bbox 2943 1864 3172 1918; x_wconf 75' lang='grc' dir='ltr'>ἄτοπον</span> <span class='ocrx_word' id='word_1_413' title='bbox 3197 1858 3539 1930; x_wconf 76' lang='grc' dir='ltr'><strong>ἀπαγωγῆς.</strong></span> 
     </span>
    </p>
   </div>
   <div class='ocr_carea' id='block_1_57' title="bbox 2219 1971 3720 2057">
    <p class='ocr_par' dir='ltr' id='par_1_57' title="bbox 2219 1971 3720 2057">
     <span class='ocr_line' id='line_1_57' title="bbox 2219 1971 3720 2057; baseline -0.013 -15"><span class='ocrx_word' id='word_1_414' title='bbox 2219 2011 2236 2042; x_wconf 74' lang='grc' dir='ltr'><strong>ι</strong></span> <span class='ocrx_word' id='word_1_415' title='bbox 2263 1991 2475 2057; x_wconf 83' lang='grc' dir='ltr'>Ὥσπερ</span> <span class='ocrx_word' id='word_1_416' title='bbox 2497 1988 2524 2037; x_wconf 92' lang='lat'><strong>6</strong></span> <span class='ocrx_word' id='word_1_417' title='bbox 2544 1984 2757 2054; x_wconf 84' lang='grc' dir='ltr'>Πατὴρ,</span> <span class='ocrx_word' id='word_1_418' title='bbox 2782 1981 2965 2050; x_wconf 72' lang='grc' dir='ltr'>φησὶν,</span> <span class='ocrx_word' id='word_1_419' title='bbox 2987 1977 3098 2048; x_wconf 76' lang='grc' dir='ltr'>ἔχει</span> <span class='ocrx_word' id='word_1_420' title='bbox 3119 1974 3262 2046; x_wconf 81' lang='grc' dir='ltr'>ζωὴν</span> <span class='ocrx_word' id='word_1_421' title='bbox 3279 1975 3337 2026; x_wconf 80' lang='grc' dir='ltr'>ὲν</span> <span class='ocrx_word' id='word_1_422' title='bbox 3359 1971 3555 2042; x_wconf 78' lang='grc' dir='ltr'>ἑαυτῷ,</span> <span class='ocrx_word' id='word_1_423' title='bbox 3576 1972 3720 2024; x_wconf 78' lang='grc' dir='ltr'>οὕτω</span> 
     </span>
    </p>
   </div>
   <div class='ocr_carea' id='block_1_58' title="bbox 2144 2063 3719 2149">
    <p class='ocr_par' dir='ltr' id='par_1_58' title="bbox 2144 2063 3719 2149">
     <span class='ocr_line' id='line_1_58' title="bbox 2144 2063 3719 2149; baseline -0.011 -15"><span class='ocrx_word' id='word_1_424' title='bbox 2144 2082 2238 2134; x_wconf 81' lang='grc' dir='ltr'><strong>καὶ</strong></span> <span class='ocrx_word' id='word_1_425' title='bbox 2275 2079 2352 2149; x_wconf 82' lang='grc' dir='ltr'><strong>τῷ</strong></span> <span class='ocrx_word' id='word_1_426' title='bbox 2383 2076 2494 2146; x_wconf 61' lang='lat' dir='ltr'><strong>mp</strong></span> <span class='ocrx_word' id='word_1_427' title='bbox 2509 2075 2706 2129; x_wconf 80' lang='grc' dir='ltr'>δέδωκε</span> <span class='ocrx_word' id='word_1_428' title='bbox 2733 2073 2877 2142; x_wconf 79' lang='grc' dir='ltr'>ζωὴν</span> <span class='ocrx_word' id='word_1_429' title='bbox 2904 2069 3046 2140; x_wconf 77' lang='grc' dir='ltr'>ἔχειν</span> <span class='ocrx_word' id='word_1_430' title='bbox 3071 2071 3128 2120; x_wconf 80' lang='grc' dir='ltr'>ὲν</span> <span class='ocrx_word' id='word_1_431' title='bbox 3158 2065 3362 2136; x_wconf 80' lang='grc' dir='ltr'>ἑαυτῷ·</span> <span class='ocrx_word' id='word_1_432' title='bbox 3400 2083 3417 2116; x_wconf 78' lang='grc' dir='ltr'><strong>ι</strong></span> <span class='ocrx_word' id='word_1_433' title='bbox 3453 2063 3719 2117; x_wconf 86' lang='grc' dir='ltr'>Ἐνταῦθα</span> 
     </span>
    </p>
   </div>
   <div class='ocr_carea' id='block_1_59' title="bbox 2141 2155 3718 2232">
    <p class='ocr_par' dir='ltr' id='par_1_59' title="bbox 2141 2155 3718 2232">
     <span class='ocr_line' id='line_1_59' title="bbox 2141 2155 3718 2232; baseline -0.01 -9"><span class='ocrx_word' id='word_1_434' title='bbox 2141 2174 2252 2232; x_wconf 78' lang='grc' dir='ltr'>τοῖς</span> <span class='ocrx_word' id='word_1_435' title='bbox 2286 2170 2387 2221; x_wconf 86' lang='grc' dir='ltr'><strong>οὐκ</strong></span> <span class='ocrx_word' id='word_1_436' title='bbox 2440 2165 2682 2218; x_wconf 76' lang='grc' dir='ltr'>ἐθέλουσι</span> <span class='ocrx_word' id='word_1_437' title='bbox 2730 2166 2868 2215; x_wconf 84' lang='grc' dir='ltr'>νοεῖν</span> <span class='ocrx_word' id='word_1_438' title='bbox 2899 2159 3095 2228; x_wconf 81' lang='grc' dir='ltr'>ὀρθῶς,</span> <span class='ocrx_word' id='word_1_439' title='bbox 3133 2159 3213 2221; x_wconf 83' lang='grc' dir='ltr'><strong>είς</strong></span> <span class='ocrx_word' id='word_1_440' title='bbox 3267 2155 3466 2226; x_wconf 80' lang='grc' dir='ltr'>πολλὴν</span> <span class='ocrx_word' id='word_1_441' title='bbox 3495 2158 3524 2209; x_wconf 92' lang='lat'><strong>6</strong></span> <span class='ocrx_word' id='word_1_442' title='bbox 3563 2155 3718 2225; x_wconf 85' lang='grc' dir='ltr'>λόγος</span> 
     </span>
    </p>
   </div>
   <div class='ocr_carea' id='block_1_60' title="bbox 2144 2245 3718 2323">
    <p class='ocr_par' dir='ltr' id='par_1_60' title="bbox 2144 2245 3718 2323">
     <span class='ocr_line' id='line_1_60' title="bbox 2144 2245 3718 2323; baseline -0.008 -10"><span class='ocrx_word' id='word_1_443' title='bbox 2144 2257 2476 2313; x_wconf 85' lang='grc' dir='ltr'>κινδυνεύσει</span> <span class='ocrx_word' id='word_1_444' title='bbox 2511 2251 2825 2323; x_wconf 83' lang='grc' dir='ltr'>δυσφημίαν</span> <span class='ocrx_word' id='word_1_445' title='bbox 2881 2251 3151 2302; x_wconf 79' lang='grc' dir='ltr'>ἐκπεσεῖν.</span> <span class='ocrx_word' id='word_1_446' title='bbox 3209 2249 3270 2300; x_wconf 82' lang='grc' dir='ltr'><strong>Εἰ</strong></span> <span class='ocrx_word' id='word_1_447' title='bbox 3311 2247 3421 2317; x_wconf 74' lang='grc' dir='ltr'><strong>γὰρ</strong></span> <span class='ocrx_word' id='word_1_448' title='bbox 3466 2245 3608 2317; x_wconf 77' lang='grc' dir='ltr'>ἔχειν</span> <span class='ocrx_word' id='word_1_449' title='bbox 3662 2249 3718 2300; x_wconf 83' lang='grc' dir='ltr'>ὲν</span> 
     </span>
    </p>
   </div>
   <div class='ocr_carea' id='block_1_61' title="bbox 2144 2338 3719 2419">
    <p class='ocr_par' dir='ltr' id='par_1_61' title="bbox 2144 2338 3719 2419">
     <span class='ocr_line' id='line_1_61' title="bbox 2144 2338 3719 2419; baseline -0.009 -15"><span class='ocrx_word' id='word_1_450' title='bbox 2144 2349 2322 2419; x_wconf 81' lang='grc' dir='ltr'>ἑαυτῷ</span> <span class='ocrx_word' id='word_1_451' title='bbox 2359 2348 2576 2415; x_wconf 79' lang='grc' dir='ltr'>λέγεται</span> <span class='ocrx_word' id='word_1_452' title='bbox 2605 2344 2750 2415; x_wconf 77' lang='grc' dir='ltr'>ζωὴν</span> <span class='ocrx_word' id='word_1_453' title='bbox 2777 2345 2804 2396; x_wconf 92' lang='lat'><strong>6</strong></span> <span class='ocrx_word' id='word_1_454' title='bbox 2837 2342 3048 2411; x_wconf 84' lang='grc' dir='ltr'>Πατὴρ,</span> <span class='ocrx_word' id='word_1_455' title='bbox 3082 2339 3267 2408; x_wconf 76' lang='grc' dir='ltr'>ἕτερόν</span> <span class='ocrx_word' id='word_1_456' title='bbox 3295 2338 3349 2390; x_wconf 83' lang='grc' dir='ltr'><strong>τί</strong></span> <span class='ocrx_word' id='word_1_457' title='bbox 3380 2339 3528 2390; x_wconf 76' lang='grc' dir='ltr'>ἐστιν</span> <span class='ocrx_word' id='word_1_458' title='bbox 3557 2338 3719 2402; x_wconf 75' lang='grc' dir='ltr'>αὐτὸς</span> 
     </span>
    </p>
   </div>
   <div class='ocr_carea' id='block_1_62' title="bbox 2144 2429 3718 2512">
    <p class='ocr_par' dir='ltr' id='par_1_62' title="bbox 2144 2429 3718 2512">
     <span class='ocr_line' id='line_1_62' title="bbox 2144 2429 3718 2512; baseline -0.01 -17"><span class='ocrx_word' id='word_1_459' title='bbox 2144 2441 2300 2512; x_wconf 82' lang='grc' dir='ltr'>παρὰ</span> <span class='ocrx_word' id='word_1_460' title='bbox 2349 2438 2445 2508; x_wconf 77' lang='grc' dir='ltr'>τὴν</span> <span class='ocrx_word' id='word_1_461' title='bbox 2477 2439 2534 2490; x_wconf 85' lang='grc' dir='ltr'>ὲν</span> <span class='ocrx_word' id='word_1_462' title='bbox 2580 2435 2728 2504; x_wconf 80' lang='grc' dir='ltr'>αὐτῷ</span> <span class='ocrx_word' id='word_1_463' title='bbox 2767 2434 2932 2504; x_wconf 82' lang='grc' dir='ltr'>ζωήν.</span> <span class='ocrx_word' id='word_1_464' title='bbox 2991 2433 3052 2486; x_wconf 81' lang='lat' dir='ltr'><strong>Ei</strong></span> <span class='ocrx_word' id='word_1_465' title='bbox 3082 2431 3140 2484; x_wconf 82' lang='grc' dir='ltr'>δὲ</span> <span class='ocrx_word' id='word_1_466' title='bbox 3189 2430 3346 2484; x_wconf 84' lang='grc' dir='ltr'>τοῦτο</span> <span class='ocrx_word' id='word_1_467' title='bbox 3397 2429 3590 2500; x_wconf 80' lang='grc' dir='ltr'>διπλόη</span> <span class='ocrx_word' id='word_1_468' title='bbox 3635 2447 3718 2493; x_wconf 83' lang='grc' dir='ltr'><strong>τις</strong></span> 
     </span>
    </p>
   </div>
   <div class='ocr_carea' id='block_1_63' title="bbox 2142 2517 3719 2602">
    <p class='ocr_par' dir='ltr' id='par_1_63' title="bbox 2142 2517 3719 2602">
     <span class='ocr_line' id='line_1_63' title="bbox 2142 2517 3719 2602; baseline -0.008 -16"><span class='ocrx_word' id='word_1_469' title='bbox 2142 2534 2330 2602; x_wconf 79' lang='grc' dir='ltr'>ὥσπερ</span> <span class='ocrx_word' id='word_1_470' title='bbox 2353 2531 2446 2584; x_wconf 76' lang='grc' dir='ltr'><strong>καὶ</strong></span> <span class='ocrx_word' id='word_1_471' title='bbox 2473 2529 2720 2592; x_wconf 83' lang='grc' dir='ltr'>σύνθεσις</span> <span class='ocrx_word' id='word_1_472' title='bbox 2761 2529 2888 2595; x_wconf 73' lang='grc' dir='ltr'>περὶ</span> <span class='ocrx_word' id='word_1_473' title='bbox 2915 2523 3076 2578; x_wconf 85' lang='grc' dir='ltr'>αὑτὸν</span> <span class='ocrx_word' id='word_1_474' title='bbox 3103 2522 3452 2593; x_wconf 81' lang='grc' dir='ltr'>νοηθήσεται,</span> <span class='ocrx_word' id='word_1_475' title='bbox 3487 2521 3605 2585; x_wconf 84' lang='grc' dir='ltr'><strong>πῶς</strong></span> <span class='ocrx_word' id='word_1_476' title='bbox 3625 2517 3719 2574; x_wconf 78' lang='grc' dir='ltr'>οὖν</span> 
     </span>
    </p>
   </div>
   <div class='ocr_carea' id='block_1_64' title="bbox 2143 2612 3719 2687">
    <p class='ocr_par' dir='ltr' id='par_1_64' title="bbox 2143 2612 3719 2687">
     <span class='ocr_line' id='line_1_64' title="bbox 2143 2612 3719 2687; baseline -0.009 -8"><span class='ocrx_word' id='word_1_477' title='bbox 2143 2624 2347 2687; x_wconf 82' lang='grc' dir='ltr'>ἁπλοῦς</span> <span class='ocrx_word' id='word_1_478' title='bbox 2367 2624 2460 2677; x_wconf 75' lang='grc' dir='ltr'>καὶ</span> <span class='ocrx_word' id='word_1_479' title='bbox 2487 2621 2735 2682; x_wconf 80' lang='grc' dir='ltr'>σύνθετος</span> <span class='ocrx_word' id='word_1_480' title='bbox 2759 2619 2875 2670; x_wconf 82' lang='grc' dir='ltr'>κατ’</span> <span class='ocrx_word' id='word_1_481' title='bbox 2905 2616 3092 2669; x_wconf 81' lang='grc' dir='ltr'>οὐσίαν</span> <span class='ocrx_word' id='word_1_482' title='bbox 3119 2616 3146 2667; x_wconf 91' lang='lat'><strong>6</strong></span> <span class='ocrx_word' id='word_1_483' title='bbox 3174 2614 3340 2678; x_wconf 83' lang='grc' dir='ltr'>Θεός;</span> <span class='ocrx_word' id='word_1_484' title='bbox 3380 2613 3538 2666; x_wconf 82' lang='grc' dir='ltr'>Ἀλλὰ</span> <span class='ocrx_word' id='word_1_485' title='bbox 3561 2612 3719 2667; x_wconf 89' lang='grc' dir='ltr'>τοῦτο</span> 
     </span>
    </p>
   </div>
   <div class='ocr_carea' id='block_1_65' title="bbox 2141 2706 3719 2784">
    <p class='ocr_par' dir='ltr' id='par_1_65' title="bbox 2141 2706 3719 2784">
     <span class='ocr_line' id='line_1_65' title="bbox 2141 2706 3719 2784; baseline -0.01 -12"><span class='ocrx_word' id='word_1_486' title='bbox 2141 2718 2363 2772; x_wconf 81' lang='grc' dir='ltr'>ἄτοπον.</span> <span class='ocrx_word' id='word_1_487' title='bbox 2407 2716 2471 2768; x_wconf 86' lang='grc' dir='ltr'><strong>Ἦ</strong></span> <span class='ocrx_word' id='word_1_488' title='bbox 2493 2714 2604 2782; x_wconf 77' lang='grc' dir='ltr'><strong>ζωὴ</strong></span> <span class='ocrx_word' id='word_1_489' title='bbox 2648 2714 2752 2784; x_wconf 83' lang='grc' dir='ltr'>ἄρα</span> <span class='ocrx_word' id='word_1_490' title='bbox 2778 2712 2844 2782; x_wconf 79' lang='grc' dir='ltr'>ἣν</span> <span class='ocrx_word' id='word_1_491' title='bbox 2885 2709 2998 2779; x_wconf 74' lang='grc' dir='ltr'>ἔχει</span> <span class='ocrx_word' id='word_1_492' title='bbox 3029 2709 3057 2760; x_wconf 90' lang='lat'><strong>6</strong></span> <span class='ocrx_word' id='word_1_493' title='bbox 3089 2706 3278 2776; x_wconf 84' lang='grc' dir='ltr'>Πατὴρ</span> <span class='ocrx_word' id='word_1_494' title='bbox 3305 2709 3363 2760; x_wconf 85' lang='grc' dir='ltr'>ὲν</span> <span class='ocrx_word' id='word_1_495' title='bbox 3391 2707 3588 2776; x_wconf 79' lang='grc' dir='ltr'>ἑαυτῷ,</span> <span class='ocrx_word' id='word_1_496' title='bbox 3622 2706 3719 2775; x_wconf 80' lang='grc' dir='ltr'>οὐχ</span> 
     </span>
    </p>
   </div>
   <div class='ocr_carea' id='block_1_66' title="bbox 2143 2797 3719 2877">
    <p class='ocr_par' dir='ltr' id='par_1_66' title="bbox 2143 2797 3719 2877">
     <span class='ocr_line' id='line_1_66' title="bbox 2143 2797 3719 2877; baseline -0.007 -17"><span class='ocrx_word' id='word_1_497' title='bbox 2143 2807 2305 2877; x_wconf 79' lang='grc' dir='ltr'>ἑτέρα</span> <span class='ocrx_word' id='word_1_498' title='bbox 2327 2807 2410 2868; x_wconf 87' lang='grc' dir='ltr'><strong>τίς</strong></span> <span class='ocrx_word' id='word_1_499' title='bbox 2439 2805 2558 2858; x_wconf 76' lang='grc' dir='ltr'>ἐστι</span> <span class='ocrx_word' id='word_1_500' title='bbox 2609 2801 2761 2871; x_wconf 79' lang='grc' dir='ltr'>παρὰ</span> <span class='ocrx_word' id='word_1_501' title='bbox 2788 2801 2878 2853; x_wconf 86' lang='grc' dir='ltr'>τὸν</span> <span class='ocrx_word' id='word_1_502' title='bbox 2921 2799 3080 2852; x_wconf 86' lang='grc' dir='ltr'>Υίόν·</span> <span class='ocrx_word' id='word_1_503' title='bbox 3116 2799 3211 2851; x_wconf 75' lang='grc' dir='ltr'><strong>καὶ</strong></span> <span class='ocrx_word' id='word_1_504' title='bbox 3245 2797 3406 2852; x_wconf 84' lang='grc' dir='ltr'>πάλιν</span> <span class='ocrx_word' id='word_1_505' title='bbox 3438 2800 3470 2868; x_wconf 84' lang='grc' dir='ltr'>ἡ</span> <span class='ocrx_word' id='word_1_506' title='bbox 3520 2799 3577 2850; x_wconf 82' lang='grc' dir='ltr'>ὲν</span> <span class='ocrx_word' id='word_1_507' title='bbox 3604 2797 3719 2867; x_wconf 83' lang='grc' dir='ltr'><strong>Υίῷ</strong></span> 
     </span>
    </p>
   </div>
   <div class='ocr_carea' id='block_1_67' title="bbox 2143 2881 3717 2966">
    <p class='ocr_par' dir='ltr' id='par_1_67' title="bbox 2143 2881 3717 2966">
     <span class='ocr_line' id='line_1_67' title="bbox 2143 2881 3717 2966; baseline -0.009 -17"><span class='ocrx_word' id='word_1_508' title='bbox 2143 2895 2277 2966; x_wconf 82' lang='grc' dir='ltr'>ζωὴ,</span> <span class='ocrx_word' id='word_1_509' title='bbox 2311 2895 2410 2964; x_wconf 80' lang='grc' dir='ltr'>οὐχ</span> <span class='ocrx_word' id='word_1_510' title='bbox 2438 2891 2598 2961; x_wconf 78' lang='grc' dir='ltr'>ἑτέρα</span> <span class='ocrx_word' id='word_1_511' title='bbox 2631 2891 2712 2951; x_wconf 87' lang='grc' dir='ltr'><strong>τίς</strong></span> <span class='ocrx_word' id='word_1_512' title='bbox 2743 2891 2856 2940; x_wconf 80' lang='grc' dir='ltr'>ἐστι</span> <span class='ocrx_word' id='word_1_513' title='bbox 2889 2885 3040 2956; x_wconf 72' lang='grc' dir='ltr'>παρὰ</span> <span class='ocrx_word' id='word_1_514' title='bbox 3070 2884 3160 2938; x_wconf 74' lang='grc' dir='ltr'>τὸν</span> <span class='ocrx_word' id='word_1_515' title='bbox 3192 2884 3432 2954; x_wconf 81' lang='grc' dir='ltr'><strong>Πατέρα,</strong></span> <span class='ocrx_word' id='word_1_516' title='bbox 3467 2883 3560 2936; x_wconf 77' lang='grc' dir='ltr'><strong>καὶ</strong></span> <span class='ocrx_word' id='word_1_517' title='bbox 3587 2881 3717 2949; x_wconf 83' lang='grc' dir='ltr'>ἀλη-</span> 
     </span>
    </p>
   </div>
   <div class='ocr_carea' id='block_1_68' title="bbox 2143 2974 3719 3053">
    <p class='ocr_par' dir='ltr' id='par_1_68' title="bbox 2143 2974 3719 3053">
     <span class='ocr_line' id='line_1_68' title="bbox 2143 2974 3719 3053; baseline -0.008 -14"><span class='ocrx_word' id='word_1_518' title='bbox 2143 2986 2290 3039; x_wconf 82' lang='grc' dir='ltr'>θεύει</span> <span class='ocrx_word' id='word_1_519' title='bbox 2316 2986 2485 3053; x_wconf 82' lang='grc' dir='ltr'>λέγων</span> <span class='ocrx_word' id='word_1_520' title='bbox 2510 3000 2522 3012; x_wconf 89' lang='grc'>·</span> <span class='ocrx_word' id='word_1_521' title='bbox 2558 3004 2574 3032; x_wconf 75' lang='grc' dir='ltr'><strong>ι</strong></span> <span class='ocrx_word' id='word_1_522' title='bbox 2621 2978 2762 3048; x_wconf 75' lang='grc' dir='ltr'><strong>Ἐγὼ</strong></span> <span class='ocrx_word' id='word_1_523' title='bbox 2807 2979 2866 3033; x_wconf 83' lang='grc' dir='ltr'>ὲν</span> <span class='ocrx_word' id='word_1_524' title='bbox 2912 2978 2985 3048; x_wconf 78' lang='grc' dir='ltr'><strong>τῷ</strong></span> <span class='ocrx_word' id='word_1_525' title='bbox 3017 2975 3191 3047; x_wconf 73' lang='grc' dir='ltr'>Πατρὶ</span> <span class='ocrx_word' id='word_1_526' title='bbox 3221 2976 3316 3030; x_wconf 73' lang='grc' dir='ltr'><strong>καὶ</strong></span> <span class='ocrx_word' id='word_1_527' title='bbox 3357 2975 3386 3026; x_wconf 88' lang='lat'><strong>6</strong></span> <span class='ocrx_word' id='word_1_528' title='bbox 3427 2974 3615 3045; x_wconf 80' lang='grc' dir='ltr'>Πατὴρ</span> <span class='ocrx_word' id='word_1_529' title='bbox 3661 2977 3719 3027; x_wconf 76' lang='grc' dir='ltr'>ἐν</span> 
     </span>
    </p>
   </div>
   <div class='ocr_carea' id='block_1_69' title="bbox 2065 3077 2342 3146">
    <p class='ocr_par' dir='ltr' id='par_1_69' title="bbox 2065 3077 2342 3146">
     <span class='ocr_line' id='line_1_69' title="bbox 2065 3077 2342 3146; baseline -0.022 -16"><span class='ocrx_word' id='word_1_530' title='bbox 2065 3083 2108 3142; x_wconf 79' lang='lat' dir='ltr'><strong><em>C</em></strong></span> <span class='ocrx_word' id='word_1_531' title='bbox 2141 3077 2282 3146; x_wconf 82' lang='grc' dir='ltr'>ἐμοί.</span> <span class='ocrx_word' id='word_1_532' title='bbox 2323 3095 2342 3124; x_wconf 76' lang='grc' dir='ltr'><strong>ι</strong></span> 
     </span>
    </p>
   </div>
   <div class='ocr_carea' id='block_1_70' title="bbox 2830 3181 3030 3233">
    <p class='ocr_par' dir='ltr' id='par_1_70' title="bbox 2830 3181 3030 3233">
     <span class='ocr_line' id='line_1_70' title="bbox 2830 3181 3030 3233; baseline 0.01 -2"><span class='ocrx_word' id='word_1_533' title='bbox 2830 3181 3030 3233; x_wconf 80' lang='grc' dir='ltr'><strong>ᾹΛᾹΟ.</strong></span> 
     </span>
    </p>
   </div>
   <div class='ocr_carea' id='block_1_71' title="bbox 2212 3291 3716 3366">
    <p class='ocr_par' dir='ltr' id='par_1_71' title="bbox 2212 3291 3716 3366">
     <span class='ocr_line' id='line_1_71' title="bbox 2212 3291 3716 3366; baseline -0.004 -17"><span class='ocrx_word' id='word_1_534' title='bbox 2212 3298 2293 3349; x_wconf 76' lang='grc' dir='ltr'>Τὰ</span> <span class='ocrx_word' id='word_1_535' title='bbox 2326 3294 2596 3366; x_wconf 79' lang='grc' dir='ltr'>προσόντα</span> <span class='ocrx_word' id='word_1_536' title='bbox 2619 3291 2696 3363; x_wconf 82' lang='grc' dir='ltr'><strong>τῷ</strong></span> <span class='ocrx_word' id='word_1_537' title='bbox 2723 3291 2841 3362; x_wconf 79' lang='grc' dir='ltr'>Θεῷ</span> <span class='ocrx_word' id='word_1_538' title='bbox 2867 3293 2959 3344; x_wconf 68' lang='grc' dir='ltr'><strong>καὶ</strong></span> <span class='ocrx_word' id='word_1_539' title='bbox 2983 3292 3156 3362; x_wconf 69' lang='grc' dir='ltr'>Πατρὶ</span> <span class='ocrx_word' id='word_1_540' title='bbox 3177 3292 3381 3360; x_wconf 84' lang='grc' dir='ltr'>φυσικά</span> <span class='ocrx_word' id='word_1_541' title='bbox 3415 3309 3472 3345; x_wconf 89' lang='grc' dir='ltr'><strong>τε</strong></span> <span class='ocrx_word' id='word_1_542' title='bbox 3508 3293 3601 3346; x_wconf 79' lang='grc' dir='ltr'>καὶ</span> <span class='ocrx_word' id='word_1_543' title='bbox 3628 3292 3716 3345; x_wconf 76' lang='grc' dir='ltr'><strong>οὑ-</strong></span> 
     </span>
    </p>
   </div>
   <div class='ocr_carea' id='block_1_72' title="bbox 2144 3383 3716 3459">
    <p class='ocr_par' dir='ltr' id='par_1_72' title="bbox 2144 3383 3716 3459">
     <span class='ocr_line' id='line_1_72' title="bbox 2144 3383 3716 3459; baseline -0.004 -17"><span class='ocrx_word' id='word_1_544' title='bbox 2144 3391 2305 3459; x_wconf 81' lang='grc' dir='ltr'>σιώδη</span> <span class='ocrx_word' id='word_1_545' title='bbox 2333 3389 2503 3456; x_wconf 79' lang='grc' dir='ltr'>λέγων</span> <span class='ocrx_word' id='word_1_546' title='bbox 2556 3385 2842 3454; x_wconf 74' lang='grc' dir='ltr'>ἰδιώματα,</span> <span class='ocrx_word' id='word_1_547' title='bbox 2884 3384 3018 3453; x_wconf 77' lang='grc' dir='ltr'>φησί</span> <span class='ocrx_word' id='word_1_548' title='bbox 3052 3400 3155 3436; x_wconf 90' lang='grc' dir='ltr'><strong>που</strong></span> <span class='ocrx_word' id='word_1_549' title='bbox 3188 3383 3429 3446; x_wconf 82' lang='grc' dir='ltr'>Παῦλος·</span> <span class='ocrx_word' id='word_1_550' title='bbox 3464 3403 3482 3434; x_wconf 74' lang='grc' dir='ltr'><strong>ι</strong></span> <span class='ocrx_word' id='word_1_551' title='bbox 3534 3385 3590 3437; x_wconf 86' lang='lat'><strong>&#39;0</strong></span> <span class='ocrx_word' id='word_1_552' title='bbox 3622 3385 3716 3453; x_wconf 81' lang='grc' dir='ltr'>μό-</span> 
     </span>
    </p>
   </div>
   <div class='ocr_carea' id='block_1_73' title="bbox 2143 3474 3718 3551">
    <p class='ocr_par' dir='ltr' id='par_1_73' title="bbox 2143 3474 3718 3551">
     <span class='ocr_line' id='line_1_73' title="bbox 2143 3474 3718 3551; baseline -0.006 -17"><span class='ocrx_word' id='word_1_553' title='bbox 2143 3499 2229 3544; x_wconf 84' lang='grc' dir='ltr'><strong>νος</strong></span> <span class='ocrx_word' id='word_1_554' title='bbox 2262 3481 2399 3551; x_wconf 77' lang='grc' dir='ltr'>ἔχων</span> <span class='ocrx_word' id='word_1_555' title='bbox 2456 3477 2771 3532; x_wconf 87' lang='grc' dir='ltr'>ἀθανασίαν.</span> <span class='ocrx_word' id='word_1_556' title='bbox 2823 3495 2840 3526; x_wconf 74' lang='grc' dir='ltr'><strong>ι</strong></span> <span class='ocrx_word' id='word_1_557' title='bbox 2887 3475 2951 3528; x_wconf 82' lang='grc' dir='ltr'><strong>Εἰ</strong></span> <span class='ocrx_word' id='word_1_558' title='bbox 2997 3475 3175 3527; x_wconf 84' lang='grc' dir='ltr'>τοίνυν</span> <span class='ocrx_word' id='word_1_559' title='bbox 3205 3474 3357 3528; x_wconf 77' lang='grc' dir='ltr'>οὐδὲν</span> <span class='ocrx_word' id='word_1_560' title='bbox 3408 3475 3594 3545; x_wconf 77' lang='grc' dir='ltr'>ἕτερόν</span> <span class='ocrx_word' id='word_1_561' title='bbox 3633 3491 3718 3536; x_wconf 86' lang='grc' dir='ltr'><strong>τις</strong></span> 
     </span>
    </p>
   </div>
   <div class='ocr_carea' id='block_1_74' title="bbox 2141 3564 3716 3642">
    <p class='ocr_par' dir='ltr' id='par_1_74' title="bbox 2141 3564 3716 3642">
     <span class='ocr_line' id='line_1_74' title="bbox 2141 3564 3716 3642; baseline -0.005 -18"><span class='ocrx_word' id='word_1_562' title='bbox 2141 3573 2366 3642; x_wconf 82' lang='grc' dir='ltr'>ὁριεῖται</span> <span class='ocrx_word' id='word_1_563' title='bbox 2399 3569 2573 3636; x_wconf 82' lang='grc' dir='ltr'>λέγων</span> <span class='ocrx_word' id='word_1_564' title='bbox 2605 3567 2703 3636; x_wconf 81' lang='grc' dir='ltr'>τὴν</span> <span class='ocrx_word' id='word_1_565' title='bbox 2730 3565 3030 3619; x_wconf 83' lang='grc' dir='ltr'>ἀθανασίαν</span> <span class='ocrx_word' id='word_1_566' title='bbox 3063 3564 3216 3634; x_wconf 78' lang='grc' dir='ltr'>παρὰ</span> <span class='ocrx_word' id='word_1_567' title='bbox 3241 3564 3342 3636; x_wconf 80' lang='grc' dir='ltr'>τὴν</span> <span class='ocrx_word' id='word_1_568' title='bbox 3379 3565 3543 3635; x_wconf 83' lang='grc' dir='ltr'>ζωὴν,</span> <span class='ocrx_word' id='word_1_569' title='bbox 3577 3565 3716 3636; x_wconf 87' lang='grc' dir='ltr'>αῦτη</span> 
     </span>
    </p>
   </div>
   <div class='ocr_carea' id='block_1_75' title="bbox 2142 3655 3712 3727">
    <p class='ocr_par' dir='ltr' id='par_1_75' title="bbox 2142 3655 3712 3727">
     <span class='ocr_line' id='line_1_75' title="bbox 2142 3655 3712 3727; baseline -0.005 -11"><span class='ocrx_word' id='word_1_570' title='bbox 2142 3663 2198 3716; x_wconf 82' lang='grc' dir='ltr'><em>δέ</em></span> <span class='ocrx_word' id='word_1_571' title='bbox 2229 3663 2378 3715; x_wconf 80' lang='grc' dir='ltr'>ἐστιν</span> <span class='ocrx_word' id='word_1_572' title='bbox 2421 3663 2446 3713; x_wconf 92' lang='lat'><strong>6</strong></span> <span class='ocrx_word' id='word_1_573' title='bbox 2487 3661 2612 3722; x_wconf 80' lang='grc' dir='ltr'>Υίδς</span> <span class='ocrx_word' id='word_1_574' title='bbox 2649 3661 2677 3710; x_wconf 88' lang='grc' dir='ltr'>ὁ</span> <span class='ocrx_word' id='word_1_575' title='bbox 2711 3657 2916 3724; x_wconf 82' lang='grc' dir='ltr'>λέγων·</span> <span class='ocrx_word' id='word_1_576' title='bbox 2984 3657 3125 3724; x_wconf 84' lang='grc' dir='ltr'><strong>Ἐγὼ</strong></span> <span class='ocrx_word' id='word_1_577' title='bbox 3146 3658 3259 3727; x_wconf 82' lang='grc' dir='ltr'>εἰμι</span> <span class='ocrx_word' id='word_1_578' title='bbox 3295 3659 3328 3726; x_wconf 80' lang='grc' dir='ltr'><strong>ἡ</strong></span> <span class='ocrx_word' id='word_1_579' title='bbox 3356 3655 3491 3727; x_wconf 81' lang='grc' dir='ltr'>ζωὴ,</span> <span class='ocrx_word' id='word_1_580' title='bbox 3543 3657 3571 3706; x_wconf 82' lang='grc' dir='ltr'><strong>ό</strong></span> <span class='ocrx_word' id='word_1_581' title='bbox 3604 3657 3712 3708; x_wconf 80' lang='lat' dir='ltr'><strong>Ila:-</strong></span> 
     </span>
    </p>
   </div>
   <div class='ocr_carea' id='block_1_76' title="bbox 2129 3747 3714 3826">
    <p class='ocr_par' dir='ltr' id='par_1_76' title="bbox 2129 3747 3714 3826">
     <span class='ocr_line' id='line_1_76' title="bbox 2129 3747 3714 3826; baseline -0.006 -18"><span class='ocrx_word' id='word_1_582' title='bbox 2129 3755 2245 3826; x_wconf 83' lang='grc' dir='ltr'><strong>·τὴρ</strong></span> <span class='ocrx_word' id='word_1_583' title='bbox 2275 3753 2388 3823; x_wconf 80' lang='grc' dir='ltr'>ἔχει</span> <span class='ocrx_word' id='word_1_584' title='bbox 2422 3751 2564 3822; x_wconf 81' lang='grc' dir='ltr'>ζωὴν</span> <span class='ocrx_word' id='word_1_585' title='bbox 2590 3752 2646 3802; x_wconf 83' lang='grc' dir='ltr'>ἐν</span> <span class='ocrx_word' id='word_1_586' title='bbox 2687 3747 2884 3816; x_wconf 80' lang='grc' dir='ltr'>ἑαυτῷ,</span> <span class='ocrx_word' id='word_1_587' title='bbox 2913 3747 3004 3800; x_wconf 84' lang='grc' dir='ltr'>τὸν</span> <span class='ocrx_word' id='word_1_588' title='bbox 3042 3748 3168 3801; x_wconf 82' lang='grc' dir='ltr'>Υἱὸν</span> <span class='ocrx_word' id='word_1_589' title='bbox 3199 3747 3463 3818; x_wconf 87' lang='grc' dir='ltr'>δηλονότι,</span> <span class='ocrx_word' id='word_1_590' title='bbox 3498 3748 3592 3800; x_wconf 74' lang='grc' dir='ltr'><strong>καὶ</strong></span> <span class='ocrx_word' id='word_1_591' title='bbox 3620 3749 3714 3816; x_wconf 64' lang='grc' dir='ltr'><strong>οὐχ</strong></span> 
     </span>
    </p>
   </div>
   <div class='ocr_carea' id='block_1_77' title="bbox 2143 3839 3714 3914">
    <p class='ocr_par' dir='ltr' id='par_1_77' title="bbox 2143 3839 3714 3914">
     <span class='ocr_line' id='line_1_77' title="bbox 2143 3839 3714 3914; baseline -0.004 -16"><span class='ocrx_word' id='word_1_592' title='bbox 2143 3844 2326 3914; x_wconf 75' lang='grc' dir='ltr'>ἕτερόν</span> <span class='ocrx_word' id='word_1_593' title='bbox 2351 3861 2402 3895; x_wconf 87' lang='grc' dir='ltr'><strong>τι</strong></span> <span class='ocrx_word' id='word_1_594' title='bbox 2425 3840 2554 3911; x_wconf 86' lang='grc' dir='ltr'>παρ’</span> <span class='ocrx_word' id='word_1_595' title='bbox 2581 3839 2766 3894; x_wconf 84' lang='grc' dir='ltr'>αὐτόν.</span> <span class='ocrx_word' id='word_1_596' title='bbox 2798 3839 2968 3902; x_wconf 85' lang='grc' dir='ltr'>Αὐτός</span> <span class='ocrx_word' id='word_1_597' title='bbox 2992 3856 3051 3892; x_wconf 88' lang='grc' dir='ltr'><strong>τε</strong></span> <span class='ocrx_word' id='word_1_598' title='bbox 3072 3841 3273 3910; x_wconf 85' lang='grc' dir='ltr'>ὁμοίως</span> <span class='ocrx_word' id='word_1_599' title='bbox 3293 3841 3550 3911; x_wconf 81' lang='grc' dir='ltr'>ὑπάρχων</span> <span class='ocrx_word' id='word_1_600' title='bbox 3581 3839 3714 3909; x_wconf 79' lang='grc' dir='ltr'>ζωὴ,</span> 
     </span>
    </p>
   </div>
   <div class='ocr_carea' id='block_1_78' title="bbox 2142 3925 3713 3999">
    <p class='ocr_par' dir='ltr' id='par_1_78' title="bbox 2142 3925 3713 3999">
     <span class='ocr_line' id='line_1_78' title="bbox 2142 3925 3713 3999; baseline -0.003 -15"><span class='ocrx_word' id='word_1_601' title='bbox 2142 3932 2370 3984; x_wconf 80' lang='grc' dir='ltr'>δέδωκεν</span> <span class='ocrx_word' id='word_1_602' title='bbox 2400 3929 2591 3982; x_wconf 79' lang='grc' dir='ltr'>ἑαυτὸν</span> <span class='ocrx_word' id='word_1_603' title='bbox 2623 3927 2700 3997; x_wconf 81' lang='grc' dir='ltr'>τῷ</span> <span class='ocrx_word' id='word_1_604' title='bbox 2734 3925 2848 3995; x_wconf 82' lang='grc' dir='ltr'>Υίῷ</span> <span class='ocrx_word' id='word_1_605' title='bbox 2871 3944 2884 3956; x_wconf 89' lang='grc'><strong>·</strong></span> <span class='ocrx_word' id='word_1_606' title='bbox 2928 3929 3026 3997; x_wconf 86' lang='grc' dir='ltr'><strong>οὐχ</strong></span> <span class='ocrx_word' id='word_1_607' title='bbox 3056 3928 3130 3990; x_wconf 84' lang='grc' dir='ltr'><strong>ὡς</strong></span> <span class='ocrx_word' id='word_1_608' title='bbox 3163 3927 3320 3998; x_wconf 82' lang='grc' dir='ltr'>σῶμα</span> <span class='ocrx_word' id='word_1_609' title='bbox 3364 3930 3619 3999; x_wconf 80' lang='grc' dir='ltr'>χωρήσας</span> <span class='ocrx_word' id='word_1_610' title='bbox 3660 3929 3713 3980; x_wconf 73' lang='grc' dir='ltr'><strong>ἐι.</strong></span> 
     </span>
    </p>
   </div>
   <div class='ocr_carea' id='block_1_79' title="bbox 2145 4019 3712 4091">
    <p class='ocr_par' dir='ltr' id='par_1_79' title="bbox 2145 4019 3712 4091">
     <span class='ocr_line' id='line_1_79' title="bbox 2145 4019 3712 4091; baseline 0 -17"><span class='ocrx_word' id='word_1_611' title='bbox 2145 4021 2377 4090; x_wconf 83' lang='grc' dir='ltr'>σώματι,</span> <span class='ocrx_word' id='word_1_612' title='bbox 2399 4019 2505 4072; x_wconf 82' lang='grc' dir='ltr'>οὐδ’</span> <span class='ocrx_word' id='word_1_613' title='bbox 2527 4019 2602 4082; x_wconf 87' lang='grc' dir='ltr'><strong>ὡς</strong></span> <span class='ocrx_word' id='word_1_614' title='bbox 2627 4019 2708 4090; x_wconf 82' lang='grc' dir='ltr'>τῷ</span> <span class='ocrx_word' id='word_1_615' title='bbox 2732 4021 2845 4089; x_wconf 80' lang='grc' dir='ltr'><strong>Υίῳ</strong></span> <span class='ocrx_word' id='word_1_616' title='bbox 2871 4021 3284 4090; x_wconf 81' lang='grc' dir='ltr'>παραχωρήσας</span> <span class='ocrx_word' id='word_1_617' title='bbox 3304 4021 3402 4091; x_wconf 83' lang='grc' dir='ltr'>τὴν</span> <span class='ocrx_word' id='word_1_618' title='bbox 3431 4020 3566 4074; x_wconf 86' lang='grc' dir='ltr'>ἰδίαν</span> <span class='ocrx_word' id='word_1_619' title='bbox 3595 4022 3712 4074; x_wconf 82' lang='grc' dir='ltr'>ὑπό-</span> 
     </span>
    </p>
   </div>
   <div class='ocr_carea' id='block_1_80' title="bbox 2125 4108 3710 4182">
    <p class='ocr_par' dir='ltr' id='par_1_80' title="bbox 2125 4108 3710 4182">
     <span class='ocr_line' id='line_1_80' title="bbox 2125 4108 3710 4182; baseline -0.001 -15"><span class='ocrx_word' id='word_1_620' title='bbox 2125 4129 2353 4176; x_wconf 84' lang='grc' dir='ltr'>στασιν,</span> <span class='ocrx_word' id='word_1_621' title='bbox 2384 4112 2477 4165; x_wconf 70' lang='grc' dir='ltr'><strong>καὶ</strong></span> <span class='ocrx_word' id='word_1_622' title='bbox 2501 4113 2560 4164; x_wconf 84' lang='grc' dir='ltr'>ἐν</span> <span class='ocrx_word' id='word_1_623' title='bbox 2582 4110 2731 4179; x_wconf 83' lang='grc' dir='ltr'><strong>αὑτῷ</strong></span> <span class='ocrx_word' id='word_1_624' title='bbox 2750 4111 2933 4164; x_wconf 79' lang='grc' dir='ltr'>λοιπὸν</span> <span class='ocrx_word' id='word_1_625' title='bbox 2949 4110 3010 4163; x_wconf 85' lang='grc' dir='ltr'>τὸ</span> <span class='ocrx_word' id='word_1_626' title='bbox 3034 4108 3172 4164; x_wconf 84' lang='grc' dir='ltr'>εἶναι</span> <span class='ocrx_word' id='word_1_627' title='bbox 3196 4111 3334 4181; x_wconf 77' lang='grc' dir='ltr'>ἔχων</span> <span class='ocrx_word' id='word_1_628' title='bbox 3359 4129 3371 4142; x_wconf 83' lang='lat'><strong><em>°</em></strong></span> <span class='ocrx_word' id='word_1_629' title='bbox 3404 4112 3518 4166; x_wconf 77' lang='grc' dir='ltr'>ἀλλ’</span> <span class='ocrx_word' id='word_1_630' title='bbox 3543 4113 3710 4182; x_wconf 80' lang='grc' dir='ltr'><strong>ὑπάρ-</strong></span> 
     </span>
    </p>
   </div>
   <div class='ocr_carea' id='block_1_81' title="bbox 469 4203 2039 4278">
    <p class='ocr_par' dir='ltr' id='par_1_81' title="bbox 469 4205 2039 4278">
     <span class='ocr_line' id='line_1_81' title="bbox 469 4205 2039 4278; baseline 0.006 -22"><span class='ocrx_word' id='word_1_631' title='bbox 469 4207 519 4258; x_wconf 94' lang='lat' dir='ltr'><strong>in</strong></span> <span class='ocrx_word' id='word_1_632' title='bbox 545 4205 680 4258; x_wconf 88' lang='lat' dir='ltr'><strong>Filio</strong></span> <span class='ocrx_word' id='word_1_633' title='bbox 710 4206 952 4271; x_wconf 82' lang='lat' dir='ltr'><strong>habens;</strong></span> <span class='ocrx_word' id='word_1_634' title='bbox 993 4209 1084 4261; x_wconf 80' lang='lat' dir='ltr'><strong>sed</strong></span> <span class='ocrx_word' id='word_1_635' title='bbox 1127 4209 1398 4262; x_wconf 78' lang='lat' dir='ltr'><strong>exsistens</strong></span> <span class='ocrx_word' id='word_1_636' title='bbox 1443 4208 1493 4260; x_wconf 91' lang='lat' dir='ltr'><strong>id</strong></span> <span class='ocrx_word' id='word_1_637' title='bbox 1523 4209 1666 4276; x_wconf 89' lang='lat' dir='ltr'><strong>quod</strong></span> <span class='ocrx_word' id='word_1_638' title='bbox 1691 4224 1906 4278; x_wconf 88' lang='lat' dir='ltr'><strong>semper</strong></span> <span class='ocrx_word' id='word_1_639' title='bbox 1957 4219 2039 4265; x_wconf 82' lang='lat' dir='ltr'><strong>est</strong></span> 
     </span>
    </p>
   </div>
   <div class='ocr_carea' id='block_1_82' title="bbox 2141 4203 3713 4278">
    <p class='ocr_par' dir='ltr' id='par_1_82' title="bbox 2143 4203 3713 4277">
     <span class='ocr_line' id='line_1_82' title="bbox 2143 4203 3713 4277; baseline 0.001 -21"><span class='ocrx_word' id='word_1_640' title='bbox 2143 4221 2251 4275; x_wconf 87' lang='grc' dir='ltr'>χων</span> <span class='ocrx_word' id='word_1_641' title='bbox 2282 4204 2380 4273; x_wconf 85' lang='grc' dir='ltr'>μὲν</span> <span class='ocrx_word' id='word_1_642' title='bbox 2417 4203 2562 4258; x_wconf 80' lang='grc' dir='ltr'>τοῦθ’</span> <span class='ocrx_word' id='word_1_643' title='bbox 2595 4205 2732 4274; x_wconf 82' lang='grc' dir='ltr'>ὅπερ</span> <span class='ocrx_word' id='word_1_644' title='bbox 2763 4206 2912 4257; x_wconf 73' lang='grc' dir='ltr'>ἐστὶν</span> <span class='ocrx_word' id='word_1_645' title='bbox 2957 4207 3045 4258; x_wconf 71' lang='grc' dir='ltr'><strong>ἀεὶ</strong></span> <span class='ocrx_word' id='word_1_646' title='bbox 3092 4205 3279 4277; x_wconf 83' lang='grc' dir='ltr'>Πατὴρ</span> <span class='ocrx_word' id='word_1_647' title='bbox 3325 4207 3418 4259; x_wconf 73' lang='grc' dir='ltr'><strong>καὶ</strong></span> <span class='ocrx_word' id='word_1_648' title='bbox 3450 4205 3600 4270; x_wconf 85' lang='grc' dir='ltr'>Θεός.</span> <span class='ocrx_word' id='word_1_649' title='bbox 3637 4207 3713 4276; x_wconf 78' lang='grc' dir='ltr'><strong>Τῇ</strong></span> 
     </span>
    </p>
   </div>
   <div class='ocr_carea' id='block_1_83' title="bbox 465 4295 2039 4375">
    <p class='ocr_par' dir='ltr' id='par_1_83' title="bbox 465 4295 2038 4368">
     <span class='ocr_line' id='line_1_83' title="bbox 465 4295 2038 4368; baseline 0.006 -20"><span class='ocrx_word' id='word_1_650' title='bbox 465 4295 628 4350; x_wconf 88' lang='lat' dir='ltr'><strong>Pater</strong></span> <span class='ocrx_word' id='word_1_651' title='bbox 660 4312 723 4350; x_wconf 83' lang='lat' dir='ltr'><strong>ac</strong></span> <span class='ocrx_word' id='word_1_652' title='bbox 765 4295 924 4351; x_wconf 89' lang='lat' dir='ltr'><strong>Deus.</strong></span> <span class='ocrx_word' id='word_1_653' title='bbox 951 4300 1209 4354; x_wconf 77' lang='lat' dir='ltr'><strong>Essenlia:</strong></span> <span class='ocrx_word' id='word_1_654' title='bbox 1239 4315 1366 4354; x_wconf 89' lang='lat' dir='ltr'><strong>vero</strong></span> <span class='ocrx_word' id='word_1_655' title='bbox 1402 4300 1707 4368; x_wconf 87' lang='lat' dir='ltr'><strong>identitate,</strong></span> <span class='ocrx_word' id='word_1_656' title='bbox 1751 4311 1805 4356; x_wconf 86' lang='lat' dir='ltr'><strong>et</strong></span> <span class='ocrx_word' id='word_1_657' title='bbox 1831 4311 2038 4358; x_wconf 70' lang='lat' dir='ltr'><strong>natura:</strong></span> 
     </span>
    </p>
   </div>
   <div class='ocr_carea' id='block_1_84' title="bbox 2141 4295 3712 4375">
    <p class='ocr_par' dir='ltr' id='par_1_84' title="bbox 2141 4295 3712 4367">
     <span class='ocr_line' id='line_1_84' title="bbox 2141 4295 3712 4367; baseline 0.001 -19"><span class='ocrx_word' id='word_1_658' title='bbox 2141 4296 2196 4348; x_wconf 79' lang='grc' dir='ltr'>δὲ</span> <span class='ocrx_word' id='word_1_659' title='bbox 2225 4295 2325 4365; x_wconf 82' lang='grc' dir='ltr'>τῆς</span> <span class='ocrx_word' id='word_1_660' title='bbox 2357 4296 2545 4359; x_wconf 77' lang='grc' dir='ltr'>οὐσίας</span> <span class='ocrx_word' id='word_1_661' title='bbox 2571 4297 2860 4367; x_wconf 83' lang='grc' dir='ltr'>ταυτότητι</span> <span class='ocrx_word' id='word_1_662' title='bbox 2894 4297 2987 4349; x_wconf 73' lang='grc' dir='ltr'><strong>καὶ</strong></span> <span class='ocrx_word' id='word_1_663' title='bbox 3033 4299 3096 4366; x_wconf 81' lang='grc' dir='ltr'><strong>τῇ</strong></span> <span class='ocrx_word' id='word_1_664' title='bbox 3134 4297 3229 4366; x_wconf 85' lang='grc' dir='ltr'><strong>τῆς</strong></span> <span class='ocrx_word' id='word_1_665' title='bbox 3259 4297 3474 4366; x_wconf 80' lang='grc' dir='ltr'>φύσεως</span> <span class='ocrx_word' id='word_1_666' title='bbox 3508 4298 3712 4366; x_wconf 74' lang='grc' dir='ltr'>ὲνότητι</span> 
     </span>
    </p>
   </div>
   <div class='ocr_carea' id='block_1_85' title="bbox 468 4386 2039 4463">
    <p class='ocr_par' dir='ltr' id='par_1_85' title="bbox 468 4386 2039 4463">
     <span class='ocr_line' id='line_1_85' title="bbox 468 4386 2039 4463; baseline 0.008 -25"><span class='ocrx_word' id='word_1_667' title='bbox 468 4389 672 4441; x_wconf 70' lang='grc' dir='ltr'>ιιιιίιιιιε</span> <span class='ocrx_word' id='word_1_668' title='bbox 696 4386 1038 4446; x_wconf 78' lang='lat' dir='ltr'><strong>incliabiliter</strong></span> <span class='ocrx_word' id='word_1_669' title='bbox 1070 4407 1192 4446; x_wconf 91' lang='lat' dir='ltr'><strong>cum</strong></span> <span class='ocrx_word' id='word_1_670' title='bbox 1222 4393 1397 4448; x_wconf 84' lang='lat' dir='ltr'><strong>Verbo</strong></span> <span class='ocrx_word' id='word_1_671' title='bbox 1421 4393 1565 4460; x_wconf 87' lang='lat' dir='ltr'><strong>quod</strong></span> <span class='ocrx_word' id='word_1_672' title='bbox 1589 4409 1656 4449; x_wconf 80' lang='lat' dir='ltr'><strong>ex</strong></span> <span class='ocrx_word' id='word_1_673' title='bbox 1684 4409 1742 4450; x_wconf 88' lang='lat' dir='ltr'><strong>se</strong></span> <span class='ocrx_word' id='word_1_674' title='bbox 1772 4396 2039 4463; x_wconf 77' lang='lat' dir='ltr'><strong>processit</strong></span> 
     </span>
    </p>
   </div>
   <div class='ocr_carea' id='block_1_86' title="bbox 2141 4386 3710 4463">
    <p class='ocr_par' dir='ltr' id='par_1_86' title="bbox 2143 4386 3710 4460">
     <span class='ocr_line' id='line_1_86' title="bbox 2143 4386 3710 4460; baseline 0.001 -19"><span class='ocrx_word' id='word_1_675' title='bbox 2143 4387 2278 4458; x_wconf 79' lang='grc' dir='ltr'>πρὸς</span> <span class='ocrx_word' id='word_1_676' title='bbox 2313 4388 2400 4440; x_wconf 86' lang='grc' dir='ltr'>τὸν</span> <span class='ocrx_word' id='word_1_677' title='bbox 2423 4386 2480 4453; x_wconf 80' lang='grc' dir='ltr'>ἐξ</span> <span class='ocrx_word' id='word_1_678' title='bbox 2503 4387 2666 4442; x_wconf 82' lang='grc' dir='ltr'>αὑτοῦ</span> <span class='ocrx_word' id='word_1_679' title='bbox 2692 4390 3021 4460; x_wconf 80' lang='grc' dir='ltr'>προελθόντα</span> <span class='ocrx_word' id='word_1_680' title='bbox 3038 4390 3210 4458; x_wconf 79' lang='grc' dir='ltr'>Λόγον</span> <span class='ocrx_word' id='word_1_681' title='bbox 3237 4389 3562 4460; x_wconf 75' lang='grc' dir='ltr'>ἀπορῥὴτως</span> <span class='ocrx_word' id='word_1_682' title='bbox 3591 4405 3710 4442; x_wconf 79' lang='grc' dir='ltr'>συν-</span> 
     </span>
    </p>
   </div>
   <div class='ocr_carea' id='block_1_87' title="bbox 465 4479 768 4546">
    <p class='ocr_par' dir='ltr' id='par_1_87' title="bbox 465 4479 768 4546">
     <span class='ocr_line' id='line_1_87' title="bbox 465 4479 768 4546; baseline 0.013 -16"><span class='ocrx_word' id='word_1_683' title='bbox 465 4479 768 4546; x_wconf 75' lang='lat' dir='ltr'><strong>copulatus.</strong></span> 
     </span>
    </p>
   </div>
   <div class='ocr_carea' id='block_1_88' title="bbox 1133 4593 1367 4650">
    <p class='ocr_par' dir='ltr' id='par_1_88' title="bbox 1133 4593 1367 4650">
     <span class='ocr_line' id='line_1_88' title="bbox 1133 4593 1367 4650; baseline -0.004 -3"><span class='ocrx_word' id='word_1_684' title='bbox 1133 4593 1367 4650; x_wconf 86' lang='lat' dir='ltr'><strong>ALIUD.</strong></span> 
     </span>
    </p>
   </div>
   <div class='ocr_carea' id='block_1_89' title="bbox 534 4694 2034 4774">
    <p class='ocr_par' dir='ltr' id='par_1_89' title="bbox 534 4694 2034 4774">
     <span class='ocr_line' id='line_1_89' title="bbox 534 4694 2034 4774; baseline 0.009 -22"><span class='ocrx_word' id='word_1_685' title='bbox 534 4694 879 4774; x_wconf 60' lang='lat' dir='ltr'><strong>Quaecunque</strong></span> <span class='ocrx_word' id='word_1_686' title='bbox 908 4706 1230 4760; x_wconf 87' lang='lat' dir='ltr'><strong>naturaliter</strong></span> <span class='ocrx_word' id='word_1_687' title='bbox 1251 4723 1313 4761; x_wconf 83' lang='lat' dir='ltr'><strong>ac</strong></span> <span class='ocrx_word' id='word_1_688' title='bbox 1341 4708 1707 4765; x_wconf 81' lang='lat' dir='ltr'><strong>essentialiler</strong></span> <span class='ocrx_word' id='word_1_689' title='bbox 1750 4709 1899 4765; x_wconf 84' lang='lat' dir='ltr'><strong>Patri</strong></span> <span class='ocrx_word' id='word_1_690' title='bbox 1957 4713 2034 4765; x_wconf 87' lang='lat' dir='ltr'><strong>in-</strong></span> 
     </span>
    </p>
   </div>
   <div class='ocr_carea' id='block_1_90' title="bbox 463 4797 2036 4862">
    <p class='ocr_par' dir='ltr' id='par_1_90' title="bbox 463 4797 2036 4862">
     <span class='ocr_line' id='line_1_90' title="bbox 463 4797 2036 4862; baseline 0.006 -16"><span class='ocrx_word' id='word_1_691' title='bbox 463 4813 581 4848; x_wconf 64' lang='lat' dir='ltr'><strong>esse</strong></span> <span class='ocrx_word' id='word_1_692' title='bbox 612 4797 888 4862; x_wconf 83' lang='lat' dir='ltr'><strong>dicuntur,</strong></span> <span class='ocrx_word' id='word_1_693' title='bbox 921 4797 1009 4850; x_wconf 84' lang='lat' dir='ltr'><strong>illa</strong></span> <span class='ocrx_word' id='word_1_694' title='bbox 1030 4798 1209 4852; x_wconf 86' lang='lat' dir='ltr'><strong>omnia</strong></span> <span class='ocrx_word' id='word_1_695' title='bbox 1242 4797 1532 4854; x_wconf 81' lang='lat' dir='ltr'><strong>eleilius.</strong></span> <span class='ocrx_word' id='word_1_696' title='bbox 1571 4799 1731 4856; x_wconf 90' lang='lat' dir='ltr'><strong>Solus</strong></span> <span class='ocrx_word' id='word_1_697' title='bbox 1756 4801 1916 4856; x_wconf 86' lang='lat' dir='ltr'><strong>Pater</strong></span> <span class='ocrx_word' id='word_1_698' title='bbox 1945 4817 2036 4856; x_wconf 87' lang='lat' dir='ltr'><strong>ve-</strong></span> 
     </span>
    </p>
   </div>
   <div class='ocr_carea' id='block_1_91' title="bbox 467 4889 2031 4957">
    <p class='ocr_par' dir='ltr' id='par_1_91' title="bbox 467 4889 2031 4957">
     <span class='ocr_line' id='line_1_91' title="bbox 467 4889 2031 4957; baseline 0.005 -17"><span class='ocrx_word' id='word_1_699' title='bbox 467 4905 556 4940; x_wconf 82' lang='lat' dir='ltr'><strong>rus</strong></span> <span class='ocrx_word' id='word_1_700' title='bbox 606 4889 744 4944; x_wconf 89' lang='lat' dir='ltr'><strong>Deus</strong></span> <span class='ocrx_word' id='word_1_701' title='bbox 774 4899 877 4953; x_wconf 90' lang='lat' dir='ltr'><strong>est,</strong></span> <span class='ocrx_word' id='word_1_702' title='bbox 932 4891 1056 4957; x_wconf 87' lang='lat' dir='ltr'><strong>quia</strong></span> <span class='ocrx_word' id='word_1_703' title='bbox 1078 4891 1224 4944; x_wconf 89' lang='lat' dir='ltr'><strong>solus</strong></span> <span class='ocrx_word' id='word_1_704' title='bbox 1262 4891 1426 4946; x_wconf 87' lang='lat' dir='ltr'><strong>habet</strong></span> <span class='ocrx_word' id='word_1_705' title='bbox 1469 4891 1662 4948; x_wconf 87' lang='lat' dir='ltr'><strong>Filium</strong></span> <span class='ocrx_word' id='word_1_706' title='bbox 1713 4893 1982 4948; x_wconf 82' lang='lat' dir='ltr'><strong>dicentem</strong></span> <span class='ocrx_word' id='word_1_707' title='bbox 2017 4913 2031 4948; x_wconf 89' lang='lat'><strong>:</strong></span> 
     </span>
    </p>
   </div>
   <div class='ocr_carea' id='block_1_92' title="bbox 464 4979 2032 5050">
    <p class='ocr_par' dir='ltr' id='par_1_92' title="bbox 464 4979 2032 5050">
     <span class='ocr_line' id='line_1_92' title="bbox 464 4979 2032 5050; baseline 0.004 -20"><span class='ocrx_word' id='word_1_708' title='bbox 464 4979 574 5043; x_wconf 77' lang='lat' dir='ltr'><strong>Ego</strong></span> <span class='ocrx_word' id='word_1_709' title='bbox 601 4993 718 5031; x_wconf 91' lang='lat' dir='ltr'><strong>sum</strong></span> <span class='ocrx_word' id='word_1_710' title='bbox 753 4981 956 5034; x_wconf 89' lang='lat' dir='ltr'><strong>veritas</strong></span> <span class='ocrx_word' id='word_1_711' title='bbox 985 4980 1052 5032; x_wconf 74' lang='grc'><strong>⁸⁸³.</strong></span> <span class='ocrx_word' id='word_1_712' title='bbox 1105 4980 1333 5048; x_wconf 84' lang='lat' dir='ltr'><strong>Sapiens</strong></span> <span class='ocrx_word' id='word_1_713' title='bbox 1393 4997 1455 5035; x_wconf 90' lang='lat' dir='ltr'><strong>ac</strong></span> <span class='ocrx_word' id='word_1_714' title='bbox 1504 4993 1696 5050; x_wconf 89' lang='lat' dir='ltr'><strong>potens</strong></span> <span class='ocrx_word' id='word_1_715' title='bbox 1741 4983 1991 5038; x_wconf 89' lang='lat' dir='ltr'><strong>similiter</strong></span> <span class='ocrx_word' id='word_1_716' title='bbox 2019 5023 2032 5048; x_wconf 90' lang='lat'><strong>,</strong></span> 
     </span>
    </p>
   </div>
   <div class='ocr_carea' id='block_1_93' title="bbox 464 5067 2034 5140">
    <p class='ocr_par' dir='ltr' id='par_1_93' title="bbox 464 5067 2034 5140">
     <span class='ocr_line' id='line_1_93' title="bbox 464 5067 2034 5140; baseline 0.006 -23"><span class='ocrx_word' id='word_1_717' title='bbox 464 5068 586 5130; x_wconf 74' lang='lat' dir='ltr'><strong>quia</strong></span> <span class='ocrx_word' id='word_1_718' title='bbox 612 5067 859 5122; x_wconf 88' lang='lat' dir='ltr'><strong>Christus</strong></span> <span class='ocrx_word' id='word_1_719' title='bbox 893 5070 982 5124; x_wconf 91' lang='lat' dir='ltr'><strong>Dei</strong></span> <span class='ocrx_word' id='word_1_720' title='bbox 1019 5073 1282 5138; x_wconf 80' lang='lat' dir='ltr'><strong>patentia,</strong></span> <span class='ocrx_word' id='word_1_721' title='bbox 1311 5081 1364 5126; x_wconf 91' lang='lat' dir='ltr'><strong>et</strong></span> <span class='ocrx_word' id='word_1_722' title='bbox 1417 5072 1508 5126; x_wconf 90' lang='lat' dir='ltr'><strong>Dei</strong></span> <span class='ocrx_word' id='word_1_723' title='bbox 1548 5073 1834 5140; x_wconf 88' lang='lat' dir='ltr'><strong>sapientia.</strong></span> <span class='ocrx_word' id='word_1_724' title='bbox 1875 5073 2034 5128; x_wconf 89' lang='lat' dir='ltr'><strong>Solus</strong></span> 
     </span>
    </p>
   </div>
   <div class='ocr_carea' id='block_1_94' title="bbox 464 5159 2037 5220">
    <p class='ocr_par' dir='ltr' id='par_1_94' title="bbox 464 5159 2037 5220">
     <span class='ocr_line' id='line_1_94' title="bbox 464 5159 2037 5220; baseline 0.007 -11"><span class='ocrx_word' id='word_1_725' title='bbox 464 5159 660 5211; x_wconf 85' lang='lat' dir='ltr'><strong>dicitur</strong></span> <span class='ocrx_word' id='word_1_726' title='bbox 687 5161 988 5216; x_wconf 87' lang='lat' dir='ltr'><strong>inhabitare</strong></span> <span class='ocrx_word' id='word_1_727' title='bbox 1033 5162 1205 5216; x_wconf 88' lang='lat' dir='ltr'><strong>lucem</strong></span> <span class='ocrx_word' id='word_1_728' title='bbox 1263 5164 1689 5219; x_wconf 87' lang='lat' dir='ltr'><strong>inaccessibilem</strong></span> <span class='ocrx_word' id='word_1_729' title='bbox 1749 5166 1833 5219; x_wconf 79' lang='grc'><strong>⁸⁸;</strong></span> <span class='ocrx_word' id='word_1_730' title='bbox 1875 5166 2037 5220; x_wconf 86' lang='lat' dir='ltr'><strong>habet</strong></span> 
     </span>
    </p>
   </div>
   <div class='ocr_carea' id='block_1_95' title="bbox 462 5249 2037 5322">
    <p class='ocr_par' dir='ltr' id='par_1_95' title="bbox 462 5249 2037 5322">
     <span class='ocr_line' id='line_1_95' title="bbox 462 5249 2037 5322; baseline 0.006 -22"><span class='ocrx_word' id='word_1_731' title='bbox 462 5251 607 5300; x_wconf 88' lang='lat' dir='ltr'><strong>enim</strong></span> <span class='ocrx_word' id='word_1_732' title='bbox 633 5249 690 5302; x_wconf 88' lang='lat' dir='ltr'><strong>in</strong></span> <span class='ocrx_word' id='word_1_733' title='bbox 721 5251 900 5318; x_wconf 70' lang='lat' dir='ltr'><strong>seipso</strong></span> <span class='ocrx_word' id='word_1_734' title='bbox 929 5251 1239 5306; x_wconf 88' lang='lat' dir='ltr'><strong>dicentem:</strong></span> <span class='ocrx_word' id='word_1_735' title='bbox 1277 5253 1388 5322; x_wconf 81' lang='lat' dir='ltr'><strong>Ego</strong></span> <span class='ocrx_word' id='word_1_736' title='bbox 1429 5269 1545 5307; x_wconf 90' lang='lat' dir='ltr'><strong>sum</strong></span> <span class='ocrx_word' id='word_1_737' title='bbox 1593 5255 1702 5308; x_wconf 81' lang='lat' dir='ltr'><strong>lux.</strong></span> <span class='ocrx_word' id='word_1_738' title='bbox 1745 5256 1903 5310; x_wconf 88' lang='lat' dir='ltr'><strong>Solus</strong></span> <span class='ocrx_word' id='word_1_739' title='bbox 1940 5259 2037 5310; x_wconf 87' lang='lat' dir='ltr'><strong>itu—</strong></span> 
     </span>
    </p>
   </div>
   <div class='ocr_carea' id='block_1_96' title="bbox 467 5338 2032 5412">
    <p class='ocr_par' dir='ltr' id='par_1_96' title="bbox 467 5338 2032 5412">
     <span class='ocr_line' id='line_1_96' title="bbox 467 5338 2032 5412; baseline 0.008 -24"><span class='ocrx_word' id='word_1_740' title='bbox 467 5338 852 5393; x_wconf 84' lang='lat' dir='ltr'><strong>mortalitatem</strong></span> <span class='ocrx_word' id='word_1_741' title='bbox 876 5340 1076 5395; x_wconf 88' lang='lat' dir='ltr'><strong>habere</strong></span> <span class='ocrx_word' id='word_1_742' title='bbox 1106 5343 1324 5409; x_wconf 88' lang='lat' dir='ltr'><strong>dicitur,</strong></span> <span class='ocrx_word' id='word_1_743' title='bbox 1353 5344 1476 5412; x_wconf 88' lang='lat' dir='ltr'><strong>quia</strong></span> <span class='ocrx_word' id='word_1_744' title='bbox 1505 5345 1662 5400; x_wconf 89' lang='lat' dir='ltr'><strong>habet</strong></span> <span class='ocrx_word' id='word_1_745' title='bbox 1684 5348 1734 5400; x_wconf 91' lang='lat' dir='ltr'><strong>in</strong></span> <span class='ocrx_word' id='word_1_746' title='bbox 1753 5362 1812 5401; x_wconf 89' lang='lat' dir='ltr'><strong>se</strong></span> <span class='ocrx_word' id='word_1_747' title='bbox 1839 5347 2032 5400; x_wconf 82' lang='lat' dir='ltr'><strong>Filium</strong></span> 
     </span>
    </p>
   </div>
   <div class='ocr_carea' id='block_1_97' title="bbox 464 5417 2036 5506">
    <p class='ocr_par' dir='ltr' id='par_1_97' title="bbox 464 5417 2036 5506">
     <span class='ocr_line' id='line_1_97' title="bbox 464 5417 2036 5506; baseline 0.007 -27"><span class='ocrx_word' id='word_1_748' title='bbox 464 5417 732 5480; x_wconf 67' lang='lat' dir='ltr'><strong>dit-cutem</strong></span> <span class='ocrx_word' id='word_1_749' title='bbox 765 5447 778 5481; x_wconf 89' lang='lat'><strong>:</strong></span> <span class='ocrx_word' id='word_1_750' title='bbox 813 5428 926 5499; x_wconf 78' lang='lat' dir='ltr'><strong>Ego</strong></span> <span class='ocrx_word' id='word_1_751' title='bbox 954 5447 1072 5486; x_wconf 89' lang='lat' dir='ltr'><strong>sum</strong></span> <span class='ocrx_word' id='word_1_752' title='bbox 1099 5434 1230 5488; x_wconf 90' lang='lat' dir='ltr'><strong>vita.</strong></span> <span class='ocrx_word' id='word_1_753' title='bbox 1287 5431 1343 5486; x_wconf 91' lang='lat' dir='ltr'><strong>Si</strong></span> <span class='ocrx_word' id='word_1_754' title='bbox 1402 5449 1530 5505; x_wconf 76' lang='lat' dir='ltr'><strong>ergo</strong></span> <span class='ocrx_word' id='word_1_755' title='bbox 1571 5439 1830 5506; x_wconf 88' lang='lat' dir='ltr'><strong>quidquid</strong></span> <span class='ocrx_word' id='word_1_756' title='bbox 1887 5437 2036 5491; x_wconf 82' lang='lat' dir='ltr'><strong>Patri</strong></span> 
     </span>
    </p>
   </div>
   <div class='ocr_carea' id='block_1_98' title="bbox 466 5519 2037 5594">
    <p class='ocr_par' dir='ltr' id='par_1_98' title="bbox 466 5519 2037 5594">
     <span class='ocr_line' id='line_1_98' title="bbox 466 5519 2037 5594; baseline 0.007 -23"><span class='ocrx_word' id='word_1_757' title='bbox 466 5519 740 5590; x_wconf 86' lang='lat' dir='ltr'><strong>proprium</strong></span> <span class='ocrx_word' id='word_1_758' title='bbox 775 5531 879 5586; x_wconf 88' lang='lat' dir='ltr'><strong>est,</strong></span> <span class='ocrx_word' id='word_1_759' title='bbox 911 5523 1012 5577; x_wconf 90' lang='lat' dir='ltr'><strong>hoc</strong></span> <span class='ocrx_word' id='word_1_760' title='bbox 1052 5524 1227 5594; x_wconf 91' lang='lat' dir='ltr'><strong>ipsum</strong></span> <span class='ocrx_word' id='word_1_761' title='bbox 1278 5533 1362 5579; x_wconf 90' lang='lat' dir='ltr'><strong>est</strong></span> <span class='ocrx_word' id='word_1_762' title='bbox 1389 5525 1589 5586; x_wconf 81' lang='lat' dir='ltr'><strong>Filius:</strong></span> <span class='ocrx_word' id='word_1_763' title='bbox 1615 5545 1738 5584; x_wconf 87' lang='lat' dir='ltr'><strong>cum</strong></span> <span class='ocrx_word' id='word_1_764' title='bbox 1765 5528 1926 5583; x_wconf 86' lang='lat' dir='ltr'><strong>Pater</strong></span> <span class='ocrx_word' id='word_1_765' title='bbox 1957 5529 2037 5582; x_wconf 80' lang='lat' dir='ltr'><strong>di-</strong></span> 
     </span>
    </p>
   </div>
   <div class='ocr_carea' id='block_1_99' title="bbox 538 5693 2089 5770">
    <p class='ocr_par' dir='ltr' id='par_1_99' title="bbox 538 5693 2089 5770">
     <span class='ocr_line' id='line_1_99' title="bbox 538 5693 2089 5770; baseline 0.007 -20"><span class='ocrx_word' id='word_1_766' title='bbox 538 5693 760 5752; x_wconf 74' lang='lat' dir='ltr'><strong>”.loan.</strong></span> <span class='ocrx_word' id='word_1_767' title='bbox 792 5713 903 5768; x_wconf 74' lang='lat' dir='ltr'><strong>Juv,</strong></span> <span class='ocrx_word' id='word_1_768' title='bbox 934 5701 987 5754; x_wconf 82' lang='grc'><strong>6.</strong></span> <span class='ocrx_word' id='word_1_769' title='bbox 1065 5701 1107 5732; x_wconf 74' lang='grc'><strong>⁸³</strong></span> <span class='ocrx_word' id='word_1_770' title='bbox 1161 5701 1287 5758; x_wconf 83' lang='lat' dir='ltr'><strong>ibid.</strong></span> <span class='ocrx_word' id='word_1_771' title='bbox 1331 5703 1412 5758; x_wconf 80' lang='grc'><strong>10.</strong></span> <span class='ocrx_word' id='word_1_772' title='bbox 1508 5704 1848 5759; x_wconf 79' lang='lat' dir='ltr'><strong>l&quot;‘lTimoth.</strong></span> <span class='ocrx_word' id='word_1_773' title='bbox 1886 5722 1960 5770; x_wconf 78' lang='grc' dir='ltr'>γι,</span> <span class='ocrx_word' id='word_1_774' title='bbox 2008 5705 2089 5761; x_wconf 80' lang='lat' dir='ltr'><strong>l6.</strong></span> 
     </span>
    </p>
   </div>
   <div class='ocr_carea' id='block_1_100' title="bbox 2140 4481 2416 4552">
    <p class='ocr_par' dir='ltr' id='par_1_100' title="bbox 2140 4481 2416 4552">
     <span class='ocr_line' id='line_1_100' title="bbox 2140 4481 2416 4552; baseline 0.007 -19"><span class='ocrx_word' id='word_1_775' title='bbox 2140 4481 2228 4533; x_wconf 83' lang='grc' dir='ltr'>δού</span> <span class='ocrx_word' id='word_1_776' title='bbox 2238 4499 2416 4552; x_wconf 81' lang='grc' dir='ltr'>μενος.</span> 
     </span>
    </p>
   </div>
   <div class='ocr_carea' id='block_1_101' title="bbox 2835 4599 3036 4650">
    <p class='ocr_par' dir='ltr' id='par_1_101' title="bbox 2835 4599 3036 4650">
     <span class='ocr_line' id='line_1_101' title="bbox 2835 4599 3036 4650; baseline 0.01 -2"><span class='ocrx_word' id='word_1_777' title='bbox 2835 4599 3036 4650; x_wconf 79' lang='grc' dir='ltr'>ΛΛΛΟ.</span> 
     </span>
    </p>
   </div>
   <div class='ocr_carea' id='block_1_102' title="bbox 2211 4709 3712 4781">
    <p class='ocr_par' dir='ltr' id='par_1_102' title="bbox 2211 4709 3712 4781">
     <span class='ocr_line' id='line_1_102' title="bbox 2211 4709 3712 4781; baseline 0 -21"><span class='ocrx_word' id='word_1_778' title='bbox 2211 4711 2352 4762; x_wconf 85' lang='grc' dir='ltr'>Ὅσα</span> <span class='ocrx_word' id='word_1_779' title='bbox 2395 4715 2670 4781; x_wconf 81' lang='grc' dir='ltr'>προσεῖναι</span> <span class='ocrx_word' id='word_1_780' title='bbox 2702 4710 2920 4777; x_wconf 79' lang='grc' dir='ltr'>λέγεται</span> <span class='ocrx_word' id='word_1_781' title='bbox 2944 4709 3021 4779; x_wconf 84' lang='grc' dir='ltr'><strong>τῷ</strong></span> <span class='ocrx_word' id='word_1_782' title='bbox 3066 4710 3219 4780; x_wconf 50' lang='grc' dir='ltr'>πατρὶ</span> <span class='ocrx_word' id='word_1_783' title='bbox 3250 4709 3497 4779; x_wconf 82' lang='grc' dir='ltr'>φυσικῶς</span> <span class='ocrx_word' id='word_1_784' title='bbox 3532 4725 3592 4760; x_wconf 83' lang='grc' dir='ltr'><strong>τε</strong></span> <span class='ocrx_word' id='word_1_785' title='bbox 3624 4710 3712 4761; x_wconf 69' lang='grc' dir='ltr'><strong>καῖ</strong></span> 
     </span>
    </p>
   </div>
   <div class='ocr_carea' id='block_1_103' title="bbox 2141 4799 3710 4870">
    <p class='ocr_par' dir='ltr' id='par_1_103' title="bbox 2141 4799 3710 4870">
     <span class='ocr_line' id='line_1_103' title="bbox 2141 4799 3710 4870; baseline -0.001 -16"><span class='ocrx_word' id='word_1_786' title='bbox 2141 4801 2434 4862; x_wconf 83' lang='grc' dir='ltr'>οὑσιωδῶς,</span> <span class='ocrx_word' id='word_1_787' title='bbox 2462 4801 2634 4854; x_wconf 82' lang='grc' dir='ltr'>ταῦτα</span> <span class='ocrx_word' id='word_1_788' title='bbox 2661 4803 2836 4855; x_wconf 81' lang='grc' dir='ltr'>πάντα</span> <span class='ocrx_word' id='word_1_789' title='bbox 2864 4803 3010 4855; x_wconf 72' lang='grc' dir='ltr'>ἐστὶν</span> <span class='ocrx_word' id='word_1_790' title='bbox 3036 4804 3064 4854; x_wconf 93' lang='lat'><strong>6</strong></span> <span class='ocrx_word' id='word_1_791' title='bbox 3090 4803 3236 4864; x_wconf 86' lang='grc' dir='ltr'>Υῑός.</span> <span class='ocrx_word' id='word_1_792' title='bbox 3263 4802 3438 4864; x_wconf 87' lang='grc' dir='ltr'>Μόνος</span> <span class='ocrx_word' id='word_1_793' title='bbox 3467 4799 3710 4870; x_wconf 79' lang='grc' dir='ltr'>ἀληθινὸς</span> 
     </span>
    </p>
   </div>
   <div class='ocr_carea' id='block_1_104' title="bbox 2141 4891 3704 4964">
    <p class='ocr_par' dir='ltr' id='par_1_104' title="bbox 2141 4891 3704 4964">
     <span class='ocr_line' id='line_1_104' title="bbox 2141 4891 3704 4964; baseline -0.001 -19"><span class='ocrx_word' id='word_1_794' title='bbox 2141 4893 2357 4960; x_wconf 84' lang='grc' dir='ltr'>λέγεται</span> <span class='ocrx_word' id='word_1_795' title='bbox 2390 4891 2520 4955; x_wconf 76' lang='grc' dir='ltr'>Θεὸς</span> <span class='ocrx_word' id='word_1_796' title='bbox 2563 4895 2590 4946; x_wconf 89' lang='grc' dir='ltr'>ὁ</span> <span class='ocrx_word' id='word_1_797' title='bbox 2626 4894 2836 4962; x_wconf 84' lang='grc' dir='ltr'>Πατὴρ,</span> <span class='ocrx_word' id='word_1_798' title='bbox 2883 4892 3073 4964; x_wconf 77' lang='grc' dir='ltr'>ἐπειδὴ</span> <span class='ocrx_word' id='word_1_799' title='bbox 3121 4893 3278 4963; x_wconf 84' lang='grc' dir='ltr'>μόνος</span> <span class='ocrx_word' id='word_1_800' title='bbox 3313 4892 3426 4962; x_wconf 78' lang='grc' dir='ltr'>ἔχει</span> <span class='ocrx_word' id='word_1_801' title='bbox 3468 4892 3559 4945; x_wconf 84' lang='grc' dir='ltr'>τὸν</span> <span class='ocrx_word' id='word_1_802' title='bbox 3589 4891 3704 4944; x_wconf 47' lang='lat' dir='ltr'><strong>Tibi</strong></span> 
     </span>
    </p>
   </div>
   <div class='ocr_carea' id='block_1_105' title="bbox 2142 4983 3710 5056">
    <p class='ocr_par' dir='ltr' id='par_1_105' title="bbox 2142 4983 3710 5056">
     <span class='ocr_line' id='line_1_105' title="bbox 2142 4983 3710 5056; baseline -0.003 -18"><span class='ocrx_word' id='word_1_803' title='bbox 2142 4986 2234 5038; x_wconf 69' lang='grc' dir='ltr'>τὸν</span> <span class='ocrx_word' id='word_1_804' title='bbox 2292 4985 2549 5052; x_wconf 77' lang='grc' dir='ltr'>λέγοντα·</span> <span class='ocrx_word' id='word_1_805' title='bbox 2630 4984 2769 5051; x_wconf 87' lang='grc' dir='ltr'><strong>Ἑγὼ</strong></span> <span class='ocrx_word' id='word_1_806' title='bbox 2818 4987 2933 5054; x_wconf 82' lang='grc' dir='ltr'>εἰμι</span> <span class='ocrx_word' id='word_1_807' title='bbox 2978 4986 3010 5055; x_wconf 85' lang='grc' dir='ltr'><strong>ή</strong></span> <span class='ocrx_word' id='word_1_808' title='bbox 3086 4984 3334 5056; x_wconf 82' lang='grc' dir='ltr'>ἀλήθεια.</span> <span class='ocrx_word' id='word_1_809' title='bbox 3397 4983 3569 5051; x_wconf 82' lang='grc' dir='ltr'>Σοφὸς</span> <span class='ocrx_word' id='word_1_810' title='bbox 3622 4983 3710 5034; x_wconf 61' lang='grc' dir='ltr'><strong>καἱ</strong></span> 
     </span>
    </p>
   </div>
   <div class='ocr_carea' id='block_1_106' title="bbox 2141 5069 3714 5144">
    <p class='ocr_par' dir='ltr' id='par_1_106' title="bbox 2141 5069 3714 5144">
     <span class='ocr_line' id='line_1_106' title="bbox 2141 5069 3714 5144; baseline -0.002 -17"><span class='ocrx_word' id='word_1_811' title='bbox 2141 5074 2364 5138; x_wconf 76' lang='grc' dir='ltr'>δυνατὸς</span> <span class='ocrx_word' id='word_1_812' title='bbox 2379 5075 2596 5144; x_wconf 75' lang='grc' dir='ltr'>ὁμοίιος.</span> <span class='ocrx_word' id='word_1_813' title='bbox 2614 5075 2736 5126; x_wconf 80' lang='grc' dir='ltr'>ἐπεὶ</span> <span class='ocrx_word' id='word_1_814' title='bbox 2761 5075 2992 5143; x_wconf 81' lang='grc' dir='ltr'>Χριστὸς</span> <span class='ocrx_word' id='word_1_815' title='bbox 3019 5073 3156 5126; x_wconf 86' lang='grc' dir='ltr'>Θεοῦ</span> <span class='ocrx_word' id='word_1_816' title='bbox 3183 5073 3434 5142; x_wconf 80' lang='grc' dir='ltr'>δύναμις,</span> <span class='ocrx_word' id='word_1_817' title='bbox 3463 5071 3556 5123; x_wconf 73' lang='grc' dir='ltr'><strong>καὶ</strong></span> <span class='ocrx_word' id='word_1_818' title='bbox 3582 5069 3714 5124; x_wconf 86' lang='grc' dir='ltr'>Θεοῦ</span> 
     </span>
    </p>
   </div>
   <div class='ocr_carea' id='block_1_107' title="bbox 2141 5160 3713 5234">
    <p class='ocr_par' dir='ltr' id='par_1_107' title="bbox 2141 5160 3713 5234">
     <span class='ocr_line' id='line_1_107' title="bbox 2141 5160 3713 5234; baseline -0.006 -15"><span class='ocrx_word' id='word_1_819' title='bbox 2141 5166 2318 5234; x_wconf 73' lang='grc' dir='ltr'>σοφία.</span> <span class='ocrx_word' id='word_1_820' title='bbox 2357 5167 2529 5228; x_wconf 86' lang='grc' dir='ltr'>Μόνος</span> <span class='ocrx_word' id='word_1_821' title='bbox 2577 5165 2794 5233; x_wconf 79' lang='grc' dir='ltr'>λέγεται</span> <span class='ocrx_word' id='word_1_822' title='bbox 2833 5169 2950 5232; x_wconf 80' lang='grc' dir='ltr'>φῶς</span> <span class='ocrx_word' id='word_1_823' title='bbox 2999 5167 3168 5217; x_wconf 81' lang='grc' dir='ltr'>οἰκεῖν</span> <span class='ocrx_word' id='word_1_824' title='bbox 3223 5161 3553 5232; x_wconf 80' lang='grc' dir='ltr'>ἀπρόσιτον·</span> <span class='ocrx_word' id='word_1_825' title='bbox 3605 5160 3713 5230; x_wconf 77' lang='grc' dir='ltr'>ἔχει</span> 
     </span>
    </p>
   </div>
   <div class='ocr_carea' id='block_1_108' title="bbox 2139 5250 3762 5327">
    <p class='ocr_par' dir='ltr' id='par_1_108' title="bbox 2139 5250 3762 5327">
     <span class='ocr_line' id='line_1_108' title="bbox 2139 5250 3762 5327; baseline -0.004 -18"><span class='ocrx_word' id='word_1_826' title='bbox 2139 5257 2245 5327; x_wconf 80' lang='grc' dir='ltr'><strong>γὰρ</strong></span> <span class='ocrx_word' id='word_1_827' title='bbox 2269 5257 2323 5309; x_wconf 80' lang='grc' dir='ltr'>ἐν</span> <span class='ocrx_word' id='word_1_828' title='bbox 2364 5255 2539 5325; x_wconf 75' lang='grc' dir='ltr'>ἑαυτῴ</span> <span class='ocrx_word' id='word_1_829' title='bbox 2565 5256 2655 5308; x_wconf 83' lang='grc' dir='ltr'>τὸν</span> <span class='ocrx_word' id='word_1_830' title='bbox 2684 5255 2908 5324; x_wconf 77' lang='grc' dir='ltr'>λέγοντα</span> <span class='ocrx_word' id='word_1_831' title='bbox 2929 5270 2942 5284; x_wconf 83' lang='grc'><em>’</em></span> <span class='ocrx_word' id='word_1_832' title='bbox 2977 5253 3116 5322; x_wconf 85' lang='grc' dir='ltr'><strong>Ἐγώ</strong></span> <span class='ocrx_word' id='word_1_833' title='bbox 3145 5254 3258 5322; x_wconf 83' lang='grc' dir='ltr'>εἰμι</span> <span class='ocrx_word' id='word_1_834' title='bbox 3290 5251 3351 5304; x_wconf 83' lang='grc' dir='ltr'>τὸ</span> <span class='ocrx_word' id='word_1_835' title='bbox 3385 5251 3522 5320; x_wconf 82' lang='grc' dir='ltr'>φῶς.</span> <span class='ocrx_word' id='word_1_836' title='bbox 3544 5251 3714 5312; x_wconf 77' lang='grc' dir='ltr'>Μόνος</span> <span class='ocrx_word' id='word_1_837' title='bbox 3757 5250 3762 5262; x_wconf 79' lang='grc'><strong><em>³</em></strong></span> 
     </span>
    </p>
   </div>
   <div class='ocr_carea' id='block_1_109' title="bbox 2139 5339 3753 5416">
    <p class='ocr_par' dir='ltr' id='par_1_109' title="bbox 2139 5339 3753 5416">
     <span class='ocr_line' id='line_1_109' title="bbox 2139 5339 3753 5416; baseline -0.004 -18"><span class='ocrx_word' id='word_1_838' title='bbox 2139 5347 2282 5416; x_wconf 76' lang='grc' dir='ltr'>ἔχειν</span> <span class='ocrx_word' id='word_1_839' title='bbox 2316 5348 2612 5400; x_wconf 82' lang='grc' dir='ltr'>ἀθανασίαν</span> <span class='ocrx_word' id='word_1_840' title='bbox 2657 5347 2894 5414; x_wconf 78' lang='grc' dir='ltr'>λέγεται·</span> <span class='ocrx_word' id='word_1_841' title='bbox 2919 5346 3027 5415; x_wconf 77' lang='grc' dir='ltr'>ἔχει</span> <span class='ocrx_word' id='word_1_842' title='bbox 3068 5344 3176 5414; x_wconf 77' lang='grc' dir='ltr'><strong>γὰρ</strong></span> <span class='ocrx_word' id='word_1_843' title='bbox 3210 5345 3268 5394; x_wconf 78' lang='grc' dir='ltr'>ἐν</span> <span class='ocrx_word' id='word_1_844' title='bbox 3300 5341 3480 5412; x_wconf 76' lang='grc' dir='ltr'>ἑαυτῷ</span> <span class='ocrx_word' id='word_1_845' title='bbox 3504 5339 3598 5394; x_wconf 83' lang='grc' dir='ltr'><strong>τόν</strong></span> <span class='ocrx_word' id='word_1_846' title='bbox 3630 5339 3688 5392; x_wconf 86' lang='grc' dir='ltr'>λὲ</span> <span class='ocrx_word' id='word_1_847' title='bbox 3739 5357 3753 5382; x_wconf 67' lang='grc' dir='ltr'><strong>ε</strong></span> 
     </span>
    </p>
   </div>
   <div class='ocr_carea' id='block_1_110' title="bbox 2141 5431 3752 5506">
    <p class='ocr_par' dir='ltr' id='par_1_110' title="bbox 2141 5431 3752 5506">
     <span class='ocr_line' id='line_1_110' title="bbox 2141 5431 3752 5506; baseline -0.006 -15"><span class='ocrx_word' id='word_1_848' title='bbox 2141 5455 2304 5505; x_wconf 86' lang='grc' dir='ltr'>γοντα</span> <span class='ocrx_word' id='word_1_849' title='bbox 2339 5439 2461 5490; x_wconf 84' lang='grc' dir='ltr'>Υἰόν</span> <span class='ocrx_word' id='word_1_850' title='bbox 2481 5454 2493 5466; x_wconf 91' lang='grc'><strong>·</strong></span> <span class='ocrx_word' id='word_1_851' title='bbox 2546 5437 2684 5506; x_wconf 85' lang='grc' dir='ltr'>Ἐγὼ</span> <span class='ocrx_word' id='word_1_852' title='bbox 2707 5440 2820 5506; x_wconf 85' lang='grc' dir='ltr'>είμι</span> <span class='ocrx_word' id='word_1_853' title='bbox 2854 5439 2886 5506; x_wconf 82' lang='grc' dir='ltr'>ἡ</span> <span class='ocrx_word' id='word_1_854' title='bbox 2917 5436 3052 5506; x_wconf 78' lang='grc' dir='ltr'>ζωή.</span> <span class='ocrx_word' id='word_1_855' title='bbox 3084 5436 3144 5487; x_wconf 80' lang='lat' dir='ltr'><strong>El</strong></span> <span class='ocrx_word' id='word_1_856' title='bbox 3186 5433 3365 5487; x_wconf 82' lang='grc' dir='ltr'>τοίνυν</span> <span class='ocrx_word' id='word_1_857' title='bbox 3406 5432 3631 5502; x_wconf 83' lang='grc' dir='ltr'>σύμπαν</span> <span class='ocrx_word' id='word_1_858' title='bbox 3659 5431 3710 5482; x_wconf 74' lang='grc' dir='ltr'>τὶ</span> <span class='ocrx_word' id='word_1_859' title='bbox 3739 5439 3752 5454; x_wconf 94' lang='grc'><em>¹</em></span> 
     </span>
    </p>
   </div>
   <div class='ocr_carea' id='block_1_111' title="bbox 2139 5523 3712 5600">
    <p class='ocr_par' dir='ltr' id='par_1_111' title="bbox 2139 5523 3712 5600">
     <span class='ocr_line' id='line_1_111' title="bbox 2139 5523 3712 5600; baseline -0.008 -16"><span class='ocrx_word' id='word_1_860' title='bbox 2139 5531 2233 5584; x_wconf 83' lang='grc' dir='ltr'><strong>τοῦ</strong></span> <span class='ocrx_word' id='word_1_861' title='bbox 2265 5530 2473 5600; x_wconf 71' lang='grc' dir='ltr'>Πατρός</span> <span class='ocrx_word' id='word_1_862' title='bbox 2502 5530 2654 5593; x_wconf 85' lang='grc' dir='ltr'>ἴδιον,</span> <span class='ocrx_word' id='word_1_863' title='bbox 2691 5529 2848 5582; x_wconf 81' lang='grc' dir='ltr'>τοῦτό</span> <span class='ocrx_word' id='word_1_864' title='bbox 2890 5529 3098 5584; x_wconf 83' lang='grc' dir='ltr'>ὲστιν·ό</span> <span class='ocrx_word' id='word_1_865' title='bbox 3127 5525 3276 5592; x_wconf 78' lang='grc' dir='ltr'>Υἱὸς,</span> <span class='ocrx_word' id='word_1_866' title='bbox 3318 5525 3446 5578; x_wconf 73' lang='grc' dir='ltr'>ὅταν</span> <span class='ocrx_word' id='word_1_867' title='bbox 3490 5523 3712 5592; x_wconf 69' lang='grc' dir='ltr'>λέγηται</span> 
     </span>
    </p>
   </div>
   <div class='ocr_carea' id='block_1_112' title="bbox 2187 5697 3604 5770">
    <p class='ocr_par' dir='ltr' id='par_1_112' title="bbox 2187 5697 3604 5770">
     <span class='ocr_line' id='line_1_112' title="bbox 2187 5697 3604 5770; baseline -0.004 -14"><span class='ocrx_word' id='word_1_868' title='bbox 2187 5707 2230 5732; x_wconf 62' lang='grc'><strong>⁸⁸</strong></span> <span class='ocrx_word' id='word_1_869' title='bbox 2256 5704 2405 5757; x_wconf 74' lang='lat' dir='ltr'><strong>Joan.</strong></span> <span class='ocrx_word' id='word_1_870' title='bbox 2449 5722 2554 5770; x_wconf 72' lang='lat' dir='ltr'><strong>MV,</strong></span> <span class='ocrx_word' id='word_1_871' title='bbox 2592 5706 2639 5758; x_wconf 76' lang='lat' dir='ltr'><strong>li.</strong></span> <span class='ocrx_word' id='word_1_872' title='bbox 2722 5706 2761 5735; x_wconf 74' lang='grc'><strong>’⁷</strong></span> <span class='ocrx_word' id='word_1_873' title='bbox 2796 5705 2920 5758; x_wconf 84' lang='lat' dir='ltr'><strong>Ibid.</strong></span> <span class='ocrx_word' id='word_1_874' title='bbox 3005 5703 3096 5755; x_wconf 68' lang='lat' dir='ltr'><strong>“&#39;l</strong></span> <span class='ocrx_word' id='word_1_875' title='bbox 3133 5700 3371 5756; x_wconf 87' lang='lat' dir='ltr'><strong>Timolh.</strong></span> <span class='ocrx_word' id='word_1_876' title='bbox 3405 5715 3478 5766; x_wconf 76' lang='lat' dir='ltr'><strong>Vt,</strong></span> <span class='ocrx_word' id='word_1_877' title='bbox 3519 5697 3604 5752; x_wconf 67' lang='grc'><strong>16.</strong></span> 
     </span>
    </p>
   </div>
  </div>
