4106 6204
372 355 484 409 245

1796 347 2237 409 THESAURUS.

3537 353 3642 407 εις

372 474 522 545 ζωὴν
550 474 690 543 ἔχειν
711 476 741 527 6
762 474 955 546 Πατὴρ
982 477 1040 529 ἐν
1060 476 1260 547 ἐαυτῷ,
1284 476 1373 530 τὸν
1405 477 1529 529 Υἱὸν
1564 476 1838 546 σημαίνει,
1865 473 1958 527 καὶ

2070 478 2216 525 catur
2242 468 2446 524 habere
2472 468 2641 522 vitam
2663 466 2715 521 in
2743 467 2944 538 seipso,
2978 468 3171 523 Filium
3221 471 3510 537 sngmticat,
3532 462 3677 559 non

372 566 474 635 οὐχ
496 565 677 636 ἔτερόν
706 583 759 618 τι
790 568 921 636 παρ’
946 568 1125 623 αὐτόν.
1176 568 1468 639 ’Υπάρχων
1496 567 1552 621 δὲ
1587 568 1682 619 καὶ
1714 566 1875 629 αὐτὸς
1903 568 1961 618 ἐν

378 655 495 725 Υίῷ
516 660 653 711 κατὰ
674 659 735 711 τὸ
759 660 860 728 τῆς
881 660 1071 722 οὐσίας
1092 659 1531 731 ἀπαράλλακτον.
1565 660 1658 713 καὶ
1678 656 1792 730 ζωὴ
1819 661 1960 713 κατά

336 766 345 771 ο
376 748 539 813 φύσιν
566 747 664 815 ὢν,
696 749 929 803 δέδωκεν
962 750 1151 803 ἑαυτὸν
1174 749 1341 821 αὐτῷ.

1066 952 1265 1006 ΑΛΛΟ.

449 1062 571 1133 Ζωὴ
602 1062 745 1116 κατὰ
777 1064 939 1129 φύσιν
988 1066 1250 1136 ὑπάρχων
1283 1069 1311 1120 6
1342 1068 1491 1131 Υἱὸς.
1526 1068 1774 1138 δέχεσθαι
1809 1068 1961 1138 παρὰ

377 1151 474 1204 τοῦ
528 1154 742 1224 Πατρὸς
795 1156 1000 1228 ταύτην
1049 1159 1235 1228 φησιν,
1274 1160 1375 1229 οὐχ
1509 1160 1681 1227 Λόγος
1727 1160 1874 1212 ἐστὶν
1925 1160 1956 1229 ἢ

376 1243 721 1312 ἀπαύγασμα
749 1247 996 1314 φυσικῶς
1037 1248 1243 1320 ἔχειτὰ
1284 1250 1378 1303 τοῦ
1414 1253 1626 1321 Πατρὸς
1652 1252 1780 1315 ἴδια,
1823 1251 1960 1305 ἀλλὰ

381 1333 521 1386 καθὸ
551 1334 774 1402 γέγονεν
818 1336 1125 1405 ἄνθρωπος,
1155 1334 1199 1408 ᾧ
1244 1342 1422 1394 πάντα
1465 1341 1741 1397 θεόσδοτα.
1774 1345 1960 1396 Κατα-

381 1419 572 1495 ιίτήσει
608 1425 666 1480 δὲ
700 1428 858 1480 τοῦτο
888 1432 1057 1499 σαφὲς
1096 1433 1153 1485 ὲν
1193 1435 1306 1497 τοῖς
1339 1434 1559 1504 ἐφεξῆς,
1591 1434 1686 1487 τοῦ
1714 1435 1959 1489 δεδόσθαι

379 1514 483 1586 τὴν
510 1517 688 1570 αἰτίαν
719 1517 1104 1590 ἐξηγούμενος.
1152 1522 1431 1587 Ἐξουσίαν
1458 1523 1588 1595 γὰρ,
1617 1524 1801 1595 φησὶν,
1824 1524 1959 1577 ἔδω-

380 1624 479 1659 κεν
514 1607 662 1676 αὗτῷ
688 1610 871 1677 κρίσιν
893 1615 1086 1676 ποιεῖν,
1110 1615 1192 1667 ὅτι
1224 1615 1350 1678 Υίδς
1376 1615 1664 1685 ἀνθρώπου
1690 1616 1855 1669 ἐστίν.
1894 1618 1957 1669 Ei

377 1697 433 1749 δὲ
479 1698 777 1771 ἐπειδήπερ
810 1702 933 1764 Υἱὸς
966 1703 1254 1773 ἀνθρώπου
1302 1707 1439 1770 ἐστὶ,
1473 1706 1571 1777 τὴν
1599 1708 1691 1760 ἐπὶ
1730 1707 1809 1777 τῷ
1838 1708 1957 1777 κρί-

2063 559 2265 629 aliquid
2314 574 2344 613 a
2420 573 2479 615 se
2522 560 2819 617 diversum.
2912 559 3195 616 Exsistcns
3276 576 3408 618 vero
3474 564 3642 618 etiam

2064 651 2177 719 ipse
2227 651 2280 704 in
2328 648 2463 703 Filio
2512 657 2730 718 propter
2788 652 3167 705 omnimodam
3252 653 3502 708 essentia;
3564 655 3642 709 si-

2064 740 2442 804 militudinem,
2470 756 2590 795 cum
2615 740 2782 795 etiam
2841 743 3166 796 naturaliter
3209 742 3281 797 sit
3327 744 3459 810 vita,
3493 744 3643 799 dedit

2064 830 2136 885 illi
2160 830 2415 899 seipsum.

2653 941 2813 1013 me
2836 941 3062 999 ALIUD.

2129 1052 2299 1108 Filius
2335 1055 2443 1108 vita
2482 1057 2802 1111 naturaliter
2830 1059 3123 1119 exsistens,
3154 1072 3274 1112 eam
3308 1073 3367 1113 se
3401 1075 3428 1112 a
3477 1061 3653 1115 Patre

2063 1146 2310 1213 accipere
2340 1145 2490 1212 dicit,
2520 1163 2624 1200 non
2654 1156 2920 1215 quatenus
2956 1148 3194 1202 Verbum
3225 1157 3427 1213 est,ant
3454 1151 3634 1218 splen-

2060 1236 2161 1290 dor
2190 1235 2515 1293 naturaliter
2545 1237 2752 1293 habens
2797 1252 2919 1306 quae
2964 1238 3141 1292 Patris
3201 1241 3418 1308 propria
3471 1251 3641 1307 sunt,

2063 1326 2157 1381 sed
2184 1334 2452 1395 quatenus
2477 1328 2650 1383 factus
2683 1336 2766 1383 est
2797 1329 2980 1393 homo,
3006 1330 3091 1383 cui
3114 1332 3296 1384 omnia
3324 1346 3353 1384 a
3380 1332 3489 1387 Deo
3518 1332 3644 1386 data

2062 1429 2206 1474 sunt.
2241 1419 2394 1486 Quod
2426 1419 2600 1489 ipsum
2633 1419 2687 1475 in
2743 1421 3101 1491 sequentibus
3148 1432 3336 1491 aperte
3377 1424 3643 1490 declarat,

2063 1526 2283 1567 causam
2336 1527 2435 1566 cur
2471 1512 2595 1566 data
2648 1512 2719 1567 sit
2747 1512 3048 1583 explicans.
3081 1512 3416 1569 Potestatem
3471 1516 3640 1581 enim,

2062 1603 2255 1672 inquit,
2286 1602 2433 1657 dedit
2454 1593 2795 1669 ei‘judicinm
2822 1604 3025 1669 facere,
3054 1605 3181 1674 quia
3213 1604 3384 1660 Filius
3406 1606 3645 1660 hominis

2060 1703 2143 1747 est
2167 1695 2230 1747 ³⁸.
2264 1691 2321 1747 Si
2354 1708 2482 1747 vero
2514 1694 2640 1763 quia
2691 1693 2862 1749 Filius
2903 1695 3140 1750 hominis
3170 1703 3273 1759 est,
3322 1704 3651 1765 potestatem

381 1807 492 1843 νειν
529 1790 775 1856 ἐξουσίαν
816 1794 1095 1865 εἰληφέναι
1139 1796 1377 1865 λέγεται,
1423 1799 1514 1851 τὸν
1552 1800 1713 1852 αὑτὸν
1760 1802 1960 1853 ἀνακυ-

2070 1783 2330 1847 iudicandi
2353 1786 2628 1851 accepisse
2655 1785 2874 1849 dicitur,
2914 1787 3103 1841 eodem
3145 1786 3307 1841 modo
3344 1797 3665 1857 repetentes.

380 1878 692 1944 κλώσαντες
734 1883 889 1951 λόγον
930 1885 1194 1956 ἐροῦμεν·
1236 1887 1453 1959 Ἐπειδὴ
1504 1889 1632 1953 Υἱὸς
1671 1891 1958 1963 ἀνθρώπου

378 1970 591 2038 γέγονε,
620 1971 719 2043 τὴν
749 1976 1042 2046 ὁμοιότητα
1066 1978 1301 2047 φορέσας
1336 1979 1441 2031 τῶν
1467 1980 1619 2051 παρὰ
1649 1981 1785 2034 Θεοῦ
1812 1982 1961 2052 δέχε-

380 2059 508 2113 σθαι
540 2061 608 2114 τὰ
642 2064 818 2117 πάντα
863 2068 1206 2135 πεφυκότων,
1253 2071 1347 2123 καὶ⁹
1387 2070 1530 2141 ζωὴν
1564 2073 1842 2143 εἰληφέναι
1868 2074 1958 2125 λέ-

377 2166 554 2214 γεται,
598 2151 733 2223 μόνῃ
766 2155 859 2206 καὶ
888 2159 1069 2226 γυμνῇ
1104 2160 1169 2227 τῇ
1207 2156 1328 2228 θείᾳ
1359 2157 1515 2225 φύσει
1541 2160 1745 2230 τηρῶν,
1778 2162 1872 2212 καὶ
1902 2159 1962 2211 τὸ

378 2242 616 2311 μετοχῆς
644 2261 788 2306 τινος
814 2246 1163 2301 ἀνεπίδεκτον
1197 2249 1289 2301 καὶ
1316 2248 1376 2300 τὸ
1394 2248 1651 2303 δύνασθαι
1684 2253 1797 2313 τοῖς
1826 2251 1960 2303 πᾶσι

376 2332 446 2385 τὰ
478 2334 653 2387 πάντα
682 2339 939 2407 χορηγεῖν

867 2448 1232 2571 ΛΟΓΟΣ
1306 2478 1453 2571 IE'.

373 2631 483 2708 Εἷς
526 2631 591 2708 tt?
618 2633 689 2687 ἐν
734 2636 866 2708 ταῖς
911 2641 1279 2707 Παροιμίαις,
1320 2660 1345 2691 ι
1381 2642 1597 2708 Κύριος
1642 2639 1847 2694 ἕκτισέ
1889 2656 1963 2706 με

444 2702 644 2781 ᾀρχὴν
694 2706 852 2781 door
910 2702 1412 2781 aoéop'ezq'spya
1465 2702 1677 2765 'asz'os.
1716 2711 1844 2781 Ὅτι
1874 2702 1961 2772 is,

447 2772 679 2850 ἔκτισεν,
711 2779 792 2850 Δοὐ
824 2779 977 2850 κατὰ
1006 2777 1115 2850 τῆς
1143 2772 1360 2844 οὖσίὶιξ
1390 2782 1497 2835 τοῦ
1525 2782 1719 2850 Λάγου
1744 2778 1960 2834 κεῖται·

444 2842 588 2896 οὐδὲ
622 2847 849 2915 κτίσμα
889 2848 924 2916 ἢ
956 2842 1189 2918 actium
1220 2854 1253 2905 ό
1296 2842 1447 2915 Υἶόςρ

453 3015 519 3070 Oi
548 3017 645 3087 τῆς
686 3021 899 3091 ’Δρείου
931 3024 1128 3092 μανίας
1156 3027 1456 3096 προστάται
1488 3026 1584 3097 τὴν
1614 3027 1825 3080 ἑαυτῶν
1846 3026 1968 3080 ἀσέο

388 3108 547 3160 εειαν
586 3110 842 3176 πιθανοῖς,
877 3114 952 3178 ὡς
994 3116 1217 3177 οῖονται.
1252 3118 1686 3184 καλλωπίζοντες
1731 3121 1962 3191 ῥήμασι,
1993 3154 2037 3214 C

388 3197 642 3264 λέγουσι’
686 3202 899 3271 κτίσμα
928 3205 1075 3259 ἐστὶν
1107 3209 1135 3259 6
1169 3207 1314 3270 Υἱὸς,
1352 3208 1467 3261 ἀλλ’
1513 3209 1610 3278 οὐχ
1640 3210 1716 3273 ὡς
1752 3210 1810 3263 ἓν
1856 3211 1966 3266 τῶν

392 3289 713 3357 κτισμάτων
732 3308 745 3321 ’
780 3295 982 3367 ποίημά
1011 3298 1179 3362 ἐστιν,
1212 3298 1326 3351 ἀλλ’
1355 3300 1453 3370 οὐχ
1481 3299 1557 3364 ὡς
1582 3300 1638 3354 ἒν
1675 3301 1781 3354 τῶν
1811 3319 1965 3371 ποιη-

403 3377 622 3447 μάτωνο
665 3381 905 3452 γέννημὰ
944 3388 1101 3454 ἐστιν,
1143 3388 1259 3443 ἀλλ’
1301 3390 1399 3460 οὐχ
1428 3391 1505 3454 ὡς
1543 3392 1602 3445 ἒν
1626 3392 1736 3446 τῶν
1775 3409 1968 3462 γεννη-

582 3586 741 3653 Πρός
779 3588 965 3642 ταῦτα
986 3593 1200 3659 λύσεις
1231 3592 1454 3665 ἐφεξῆς
1482 3596 1772 3665 διάφοροι.

456 3696 519 3747 Et
562 3697 775 3767 ποίημά
803 3699 953 3753 ἐστιν
986 3701 1014 3752 ό
1047 3703 1191 3767 Υἱὸς,
1229 3704 1345 3768 πῶς
1374 3705 1471 3777 οὐχ
1500 3707 1557 3760 ἓν
1590 3706 1699 3761 τῶν
1731 3713 1970 3781 ποιημά-

382 3804 527 3846 τωνξ
552 3789 647 3840 καὶ
686 3791 735 3841 εί
777 3791 915 3854 ὅλως
949 3794 1175 3864 κτίσμα,
1222 3796 1336 3859 πῶς
1369 3798 1466 3868 οὐχ
1501 3797 1560 3849 ἓν
1584 3797 1692 3851 τῶν
1738 3802 1970 3871 κτισμά-

383 3895 532 3945 των;
568 3880 727 3933 Ἔστι
776 3883 884 3953 γάρ
913 3883 1070 3936 τοῦτο
1115 3888 1330 3957 φρονεῖν
1368 3887 1727 3954 γελοιότατον.
1759 3891 1822 3943 Ei
1860 3890 1968 3962 γὰρ

382 3969 521 4033 ὅλως
560 3971 856 4042 κτίσμασιν
884 3975 917 4043 ἢ
953 3976 1253 4045 ποιήμασιν
1292 3978 1391 4030 οὐκ
1422 3977 1567 4032 ἔστιν
1595 3980 1909 4051 ἐναρίθμιος
1942 3985 1970 4035 ὁ

384 4062 540 4125 Υἱὸς,
564 4062 687 4115 οὔτε
723 4064 928 4135 κτίσμα
961 4066 1027 4119 ἂν
1047 4070 1129 4138 εἴη
1162 4066 1285 4121 οὕτε
1316 4069 1547 4139 ποίημα.
1568 4072 1630 4125 Εί
1659 4072 1715 4124 δὲ
1747 4073 1969 4144 ἐκτίσθη

384 4153 508 4205 καθ’
539 4153 683 4223 ὑμᾶς
713 4157 807 4207 καὶ
840 4157 1156 4227 πεποίηται,
1187 4157 1304 4220 πῶς
1332 4159 1432 4211 οὐκ
1460 4161 1773 4229 ἀναγκαίως
1808 4163 1883 4227 ὡς
1912 4164 1969 4217 ἓν

381 4243 539 4297 ἔσται
570 4245 681 4299 τῶν
718 4247 1029 4316 γενομένων
1051 4265 1065 4314 ;

1081 4538 1285 4590 ΑΛΛΟ.

455 4651 625 4703 Φασὶν
651 4652 736 4704 ὅτι
763 4650 980 4721 ποίημά
1001 4652 1146 4703 ἐστιν
1170 4654 1200 4704 6
1232 4651 1379 4719 Υἱός,
1408 4652 1522 4705 ἀλλ’
1550 4654 1647 4723 οὐχ
1672 4654 1747 4717 ὡς
1780 4655 1836 4707 ἓν
1862 4655 1971 4708 τῶν

387 4742 732 4812 ποιημάτων.
784 4743 894 4795 Καὶ
932 4742 1212 4810 νομίζουσι
1258 4743 1377 4812 μὲν,
1414 4743 1687 4815 ἐξαίρετόν
1736 4764 1858 4800 τινα
1885 4747 1973 4800 διὰ

384 4833 579 4887 τούτου
611 4834 909 4903 προσάγειν
936 4834 1089 4904 αὐτῷ
1106 4835 1206 4906 τὴν
1225 4836 1411 4906 τιμὴν,
1438 4837 1738 4909 ἐπειδήπερ
1763 4838 1973 4909 ποίημα

389 4923 490 4989 μὲν
516 4921 677 4988 εἶναι,
706 4926 765 4978 οὐ
791 4927 899 4997 μὴν
932 4927 1007 4989 ὡς
1036 4926 1095 4979 ἓν
1119 4944 1172 4980 τι
1197 4928 1305 4980 τῶν
1339 4929 1661 4999 ποιημάτων
1692 4930 1975 4998 ὁμολογοῦ-

387 5030 474 5064 σιν
505 5014 691 5067 αὐτόν.
740 5015 879 5068 Ἀλλ’
901 5018 1051 5070 οὐδὲν
1076 5020 1133 5070 ὲν
1161 5019 1337 5089 τούτῳ
1358 5020 1418 5073 τὸ
1441 5019 1716 5089 ἐξαίρετον
1740 5038 1752 5050 ·
1780 5020 1975 5074 ἀλλ’·ἕν

381 5123 437 5158 τι
470 5108 568 5161 καὶ
602 5108 764 5170 αὐτὸς
805 5108 913 5159 τῶν
959 5110 1133 5162 ἄλλων
1168 5114 1435 5179 φανεῖται.
1471 5112 1616 5173 Ἕως
1645 5112 1751 5183 γὰρ
1788 5112 1853 5163 ἂν
1887 5113 1973 5165 ἐπ’

381 5197 555 5251 αὐτοῦ
596 5199 659 5251 τὸ
709 5200 1041 5268 πεποιῆσθαι
1073 5205 1271 5272 κρατῇ,
1322 5203 1414 5253 καὶ
1458 5198 1597 5255 εἶναι
1648 5202 1851 5271 κτίσμα
1885 5220 1975 5256 πι-

386 5289 671 5359 στεύηται,
700 5291 850 5343 οὐδέν
871 5309 923 5343 τι
949 5292 1058 5345 τῶν
1088 5293 1261 5346 ἄλλων
1290 5291 1431 5345 κατὰ
1459 5292 1616 5345 τοῦτο
1636 5293 1844 5357 διοίσει,
1867 5293 1973 5347 κᾶν

381 5384 682 5458 διαλλάττει
712 5386 854 5439 κατὰ
883 5387 983 5458 τὴν
1022 5387 1205 5455 φύσιν,
1236 5388 1269 5457 ἢ
1300 5388 1441 5440 κατά
1481 5405 1600 5440 τινα
1631 5388 1829 5458 τρόπον
1862 5389 1980 5441 ἓτε-

387 5491 501 5541 ρον.
529 5473 693 5525 Οὕτω
723 5476 829 5544 γὰρ
875 5477 941 5529 ἄν
972 5494 1056 5538 τις
1094 5475 1284 5544 ἔχοντα
1321 5475 1504 5543 βλέποι
1534 5476 1601 5528 τὰ
1634 5476 1977 5547 πεποιημένα

386 5567 539 5635 παρὰ
582 5564 724 5618 Θεοῦ
771 5569 1093 5638 συγκρίνων·
1124 5570 1262 5638 πρὸς
1296 5567 1517 5637 ἄλληλα.
1578 5568 1813 5638 Εὑρήσει
1869 5567 1976 5638 γὰρ

464 5744 510 5772 ⁸⁹
535 5742 694 5797 Juatt.
734 5760 783 5804 ν,
820 5744 911 5796 "2‘2.
989 5748 1031 5773 ⁵³⁸³
1062 5745 1214 5796 l‘t'uv.
1253 5737 1364 5803 Mt,
1400 5744 1484 5794 22.

2066 1872 2325 1927 dicemus
2354 1887 2369 1926 :
2407 1872 2544 1937 Quia
2568 1873 2738 1927 Filius
2761 1876 2995 1930 hominis
3048 1876 3222 1930 factus
3242 1871 3344 1941 est,
3386 1878 3646 1933 similitu~

2064 1963 2242 2018 dinem
2264 1978 2458 2031 gerens
2475 1980 2666 2019 eorum
2704 1965 2795 2034 qui
2837 1966 3099 2036 quidquid
3131 1967 3351 2032 habent,
3380 1983 3407 2022 a
3431 1970 3538 2024 Deo
3559 1987 3647 2024 ac-

2062 2054 2305 2121 cipiunt,
2340 2055 2507 2107 vitam
2545 2070 2765 2123 quoque
2824 2057 3109 2125 accepisse
3156 2057 3537 2124 dicitur;-soli
3583 2078 3651 2115 ac

2064 2145 2221 2198 nudae
2245 2144 2440 2198 divina:
2459 2154 2667 2200 natura:
2702 2147 2752 2199 id
2779 2160 3083 2211 reservans,
3107 2149 3250 2216 quod
3277 2148 3476 2203 nullius
3520 2167 3646 2219 par-

2066 2234 2390 2302 ticipationis
2412 2250 2582 2305 capax
2616 2237 2708 2300 sit,
2734 2238 2986 2307 quodque
3021 2239 3203 2293 omnia
3256 2242 3507 2296 omnibus
3539 2243 3647 2297 lar—

2064 2325 2240 2392 giatur
2274 2335 2435 2395 atque
2454 2328 2797 2397 suppediteu

2424 2481 3004 2575 ASSERTIO
3082 2488 3301 2576 Χιπ..

2068 2630 2289 2712 Ιιιιίίιιά
2321 2634 2461 2699 quod
2493 2633 2707 2716 libro
2763 2633 3169 2716 Pt'ot'erbiorunt
3220 2640 3438 2699 dicitur,
3487 2657 3505 2688 ‹
3544 2639 3646 2716 Do.

2136 2710 2305 2753 minus
2334 2710 2522 2754 creavit
2560 2720 2638 2754 me
2693 2710 3011 2770 principium
3066 2710 3271 2758 viarum
3336 2724 3553 2763 suarum
3592 2710 3648 2761 in

2136 2786 2293 2834 opera
2320 2788 2417 2823 sua
2438 2773 2504 2824 νο.
2542 2790 2559 2822 ι
2594 2770 2745 2835 Quod
2812 2774 3021 2826 verbum
3065 2775 3234 2837 illud,
3282 2780 3507 2839 creavit,
3545 2793 3648 2830 non

2140 2840 2203 2891 de
2225 2843 2445 2893 essentia
2487 2840 2648 2913 Verbi
2698 2844 2941 2907 dicatur;
2978 2844 3418 2913 quodqueFilius
3446 2863 3548 2900 non
3581 2850 3648 2899 sit

2138 2920 2382 2962 creatura
2418 2912 2493 2964 vel
2532 2927 2681 2979 opus.

2136 3024 2517 3092 Quiinsaniam
2547 3024 2661 3079 Arii
2688 3033 2961 3079 sectantur
2996 3039 3060 3078 ac
3093 3035 3334 3091 tuentur,
3360 3028 3659 3082 verisimili

2071 3117 2121 3170 in
2157 3116 2389 3186 speciem
2425 3117 2672 3171 oratione
2698 3116 3034 3185 impietatem
3059 3131 3212 3171 suam
3242 3118 3515 3181 fut-antes,
3574 3120 3648 3173 ita

2067 3207 2253 3263 dicunt
2285 3224 2298 3259 :
2326 3205 2494 3263 Filius
2522 3219 2606 3262 est
2634 3218 2914 3273 creatura,
2974 3211 3068 3264 sed
3121 3226 3224 3264 non
3260 3219 3515 3280 tanquam
3547 3225 3653 3264 una

2068 3310 2439 3353 creaturarum
2473 3316 2488 3364 ;
2541 3314 2676 3368 opus
2718 3309 2841 3367 est,.
2880 3301 2974 3355 sed
3014 3316 3119 3355 non
3165 3301 3332 3355 veluti
3378 3316 3541 3353 unum
3583 3316 3651 3353 ex

2068 3391 2351 3458 operibus;
2379 3406 2601 3461 germen
2637 3401 2746 3457 est,
2807 3394 2902 3447 sed
2926 3408 3033 3448 non
3063 3391 3221 3460 quasi
3242 3407 3407 3445 unum
3436 3405 3501 3445 ex
3528 3406 3657 3461 ger-

2073 3481 2330 3535 minibus.

2294 3590 2468 3645 Varia:
2496 3594 2653 3661 hujus
2678 3604 2999 3663 operationis
3033 3595 3439 3663 confutatioues.

2138 3701 2193 3753 Si
2223 3700 2390 3754 Filius
2419 3712 2502 3755 est
2531 3717 2689 3769 opus,
2737 3719 2846 3771 quo
2895 3714 3052 3771 pacto
3098 3719 3204 3759 non
3253 3706 3355 3758 erit
3388 3720 3553 3757 unum
3582 3720 3667 3760 ex.

2070 3791 2500 3859 operibus?etsi
2548 3792 2768 3844 omnino
2791 3802 3039 3845 creatura
3071 3802 3172 3855 est,
3232 3793 3500 3859 quomodo
3547 3806 3667 3845 noni

2070 3884 2175 3936 erit
2203 3895 2309 3935 una
2343 3896 2409 3935 ex
2445 3880 2757 3935 creaturis?
2806 3878 2904 3933 Est
2949 3882 3093 3935 enim
3142 3882 3245 3935 hoc
3297 3882 3655 3935 vehementer

2074 3972 2355 4027 ridiculum
2381 3971 2641 4041 cogitatu.
2679 3968 2813 4023 Nam
2844 3970 2889 4024 si
2920 3971 2973 4023 in
3016 3969 3328 4025 universum
3388 3972 3655 4025 creaturis

2072 4064 2441 4133 autoperibus
2472 4079 2575 4118 non
2617 4072 3030 4127 annumeretur,
3064 4072 3212 4117 certe
3272 4076 3450 4131 neque
3502 4077 3677 4116 crea-t

2074 4164 2214 4218 tura,
2250 4170 2424 4224 neque
2455 4170 2591 4223 opus
2622 4154 2804 4209 fuerit.
2835 4154 2891 4208 Si
2924 4169 3051 4208 vero
3080 4154 3235 4223 juxta
3277 4164 3510 4207 vestram
3541 4155 3658 4222 Opi—

2072 4248 2289 4302 nionem
2325 4257 2544 4301 creatus
2582 4256 2638 4300 et
2687 4246 2864 4300 factus
2912 4255 3018 4310 est,
3047 4246 3318 4315 quomodo
3351 4260 3455 4299 non
3497 4243 3673 4299 fuerit

2073 4341 2382 4395 necessario
2413 4349 2665 4408 tanquam
2698 4355 2861 4392 unum
2887 4340 3088 4408 aliquid
3123 4354 3187 4395 ex
3215 4353 3437 4395 numero
3469 4354 3679 4394 eorum.

2077 4447 2195 4486 ante
2222 4430 2362 4487 facta
2388 4440 2442 4484 et
2467 4440 2650 4485 creata
2687 4429 2851 4485 sunt?

2741 4538 2968 4595 ALIUD.

2150 4654 2343 4707 Filium
2375 4669 2511 4724 opus
2534 4669 2653 4710 esse
2686 4655 2859 4717 aiunt,
2892 4652 2988 4707 sed
3020 4668 3125 4707 non
3176 4662 3433 4722 tanquam
3489 4668 3653 4705 unum

2080 4760 2142 4798 ex
2176 4746 2452 4814 operibus.
2485 4744 2554 4799 Et
2589 4745 2807 4814 quidem
2836 4742 3153 4799 existimant
3202 4758 3261 4797 se
3296 4745 3398 4796 hac
3448 4743 3660 4797 ratione

2082 4838 2340 4891 eximium
2389 4837 2677 4907 quemdam
2763 4837 3025 4892 honorem
3098 4834 3171 4889 illi
3219 4833 3453 4897 deferre,
3516 4836 3658 4902 quod

2084 4938 2391 4983 creaturam
2416 4928 2634 4997 quidem
2658 4927 2808 4981 illutn
2828 4942 2949 4982 esse
2979 4927 3178 4987 dicant,
3209 4940 3314 4978 non
3346 4932 3524 4979 tamen
3545 4926 3654 4979 vel-

2085 5020 2161 5072 uti
2221 5033 2381 5073 unam
2420 5034 2450 5073 e
2502 5034 2729 5072 numero
2753 5016 3143 5071 creaturarum.
3203 5015 3473 5070 (laterum
3527 5017 3659 5071 nihil

2086 5113 2138 5163 in
2164 5112 2265 5165 hoc
2290 5120 2377 5166 est
2403 5111 2698 5176 eximium;
2737 5110 2893 5181 147
2929 5111 3024 5164 sed
3058 5125 3222 5163 unum
3264 5108 3473 5179 aliquid
3520 5109 3667 5163 inter.

2084 5204 2186 5256 alia
2209 5212 2392 5258 creata
2415 5204 2713 5271 apparebit.
2749 5202 2999 5267 Quandiu
3027 5202 3171 5255 enim
3197 5204 3263 5255 de
3298 5215 3364 5255 eo
3419 5200 3525 5254 dici
3562 5216 3660 5268 po-

2079 5296 2204 5349 tcrit
2226 5294 2425 5348 factum
2451 5310 2591 5357 esse,
2623 5305 2677 5348 et
2707 5303 2957 5348 creatura
2992 5308 3116 5347 esse
3175 5292 3428 5347 credetur
3458 5304 3471 5344 :
3526 5290 3662 5345 nihil

2079 5387 2147 5438 ab
2178 5386 2243 5439 iis
2275 5385 2374 5439 hac
2404 5387 2454 5439 in
2485 5396 2636 5455 parte
2668 5384 3140 5459 dilicret,tametsi
3198 5384 3409 5438 ratione
3434 5392 3660 5446 naturas,

2081 5486 2173 5531 aut
2200 5476 2306 5531 alio
2341 5478 2518 5546 aliquo
2545 5479 2705 5533 modo
2740 5478 2811 5531 sit
2846 5476 3210 5545 praestantior.
3235 5476 3310 5529 Ita
3334 5474 3479 5531 enim
3516 5472 3667 5527 vide-

2084 5585 2142 5624 rc
2170 5579 2250 5625 cst
2278 5570 2478 5626 habere
2519 5586 2576 5626 sc
2600 5587 2717 5640 quae
2745 5586 2773 5623 a
2809 5570 2916 5627 Dco
2943 5578 3125 5627 creata
3166 5575 3313 5636 sunt,
3351 5566 3395 5623 si
3438 5563 3559 5634 quis
3593 5576 3658 5615 ea
