4106 6204
492 318 599 374 υτ

1471 314 1528 368 S.
1571 314 1840 369 CYRILLI
1883 310 2348 367 ALEXANDRINI
2392 312 2710 368 ARCIIIEP.

3624 321 3727 374 2-33

485 435 635 491 inter
684 445 743 488 se
794 430 1059 486 conferat.
1105 427 1345 481 Inveniet
1404 426 1544 480 enim
1607 426 1692 479 illa
1724 426 2050 480 ‘excellentia

2168 426 2297 479 ιὺτὰ
2324 428 2416 480 καὶ
2437 428 2559 489 ταῖς
2588 427 2880 497 ὑπεροχαῖς
2902 428 3134 481 νικῶντα
3168 428 3424 493 πολλάκις
3452 429 3521 482 τὰ
3543 430 3725 502 ἕτερα,

485 522 717 593 quadam
735 534 1107 589 saepenumero
1134 518 1253 572 aliis
1270 524 1549 585 praastare,
1582 524 1639 568 et
1692 516 1899 570 naturis
1950 517 2050 570 dif-

487 612 635 667 ferre
658 650 675 676 ,
702 611 776 665 ita
803 619 865 665 ut
916 610 1182 678 quispiam
1212 609 1390 662 dicere
1416 607 1589 674 possit
1612 607 1677 660 de
1694 606 1924 676 singulis
1949 622 2043 661 eo-

487 719 606 758 rum
639 716 653 755 :
684 701 945 757 Creatura
974 710 1078 763 est,
1114 699 1206 753 sed
1251 712 1355 750 non
1387 705 1640 763 tanquam
1667 712 1770 750 una
1804 712 1869 752 ex
1900 712 2054 752 crea-

488 794 644 847 turis.
678 790 922 860 Exempli
957 789 1147 858 gratia,
1174 786 1254 840 sol
1279 800 1414 853 opus
1440 793 1653 850 est,non
1679 795 1856 840 tamen
1887 802 2051 841 unum

487 896 555 937 ex
585 880 839 950 operibus
873 896 885 931 :
918 892 1091 945 neque
1114 878 1257 930 enim
1286 885 1370 931 est
1404 876 1542 930 alius
1588 876 1689 930 sol.
1747 875 1920 930 Simili
1968 892 2055 928 ra-

487 974 636 1027 tione
667 972 828 1025 etiam
863 969 1241 1035 luna,cmlum,
1278 967 1466 1029 stellae,
1497 976 1675 1021 terra:
1709 968 1885 1020 omnia
1911 966 2053 1020 enim

489 1062 607 1116 ha‘c
635 1075 796 1129 opera
826 1070 973 1126 sunt,
1031 1068 1084 1112 et
1138 1060 1346 1129 singula
1382 1074 1590 1121 eorum,
1619 1073 1723 1111 non
1764 1067 1823 1111 ut
1888 1072 2054 1111 unum

487 1167 553 1205 ex
571 1148 1131 1218 operibus.Creatura3
1156 1151 1295 1203 enim
1318 1150 1418 1203 hoc
1450 1149 1621 1205 solum
1645 1161 1931 1203 commune
1961 1148 2056 1201 ba-

488 1240 636 1306 bent,
674 1239 817 1310 quod
864 1239 1023 1293 facta:
1050 1241 1177 1309 sint.
1213 1240 1460 1296 Formam
1496 1256 1657 1303 vero,
1688 1241 1946 1309 Speciem,
1976 1251 2058 1293 at-

490 1345 595 1398 que
632 1342 879 1384 naturam
914 1331 1136 1400 singula:
1166 1331 1493 1400 peculiarem
1532 1341 1702 1385 nactae
1740 1339 1885 1384 sunt.
1912 1329 2055 1385 Nihil

488 1420 654 1487 igitur
691 1420 923 1489 amplius
966 1432 1047 1475 est
1087 1422 1137 1474 in
1177 1420 1336 1487 Filio,
1361 1422 1403 1476 si
1442 1421 1618 1475 lactus
1648 1434 1769 1474 esse
1810 1418 2053 1487 dicatur;

490 1514 703 1568 etiamsi
742 1513 884 1568 aliud
922 1512 1121 1582 aliquid
1150 1529 1401 1583 magnum
1431 1522 1594 1583 atque
1646 1512 1904 1566 eximium
1952 1528 2059 1581 pra:

490 1605 716 1675 reliquis
745 1605 1009 1659 creaturis
1038 1606 1267 1658 exsiStat
1294 1621 1306 1658 :
1342 1619 1517 1674 neque
1551 1604 1695 1658 enim
1725 1603 1804 1657 soi
1833 1604 1901 1657 ob
1924 1618 2060 1672 prm-

489 1694 743 1747 stanliam
774 1708 924 1747 suam
955 1708 1062 1761 qua
1096 1692 1303 1761 reliqua
1329 1703 1476 1748 astra
1499 1692 1654 1762 longe
1678 1701 2060 1760 superat,0pus

2155 519 2250 572 καὶ
2275 522 2395 583 ταῖς
2422 519 2649 587 φύσεσιν
2681 519 3079 590 ἐξηλλαγμένα,
3112 519 3187 582 ὼς
3214 519 3471 574 δύνασθαί
3503 538 3623 573 τινα
3644 522 3733 574 λέ-

2155 624 2273 670 γειν
2307 609 2393 677 ἐφ’
2429 609 2663 662 ἑκάστου
2685 627 2742 662 τε
2774 610 3016 672 ἐκείνων,
3048 611 3258 681 ποίημά
3290 612 3456 674 ἐστιν,
3491 612 3605 664 ἀλλ’
3631 613 3727 682 οὑχ

2153 695 2228 758 ὡς
2260 696 2318 748 ἒν
2351 696 2455 748 τῶν
2502 698 2839 766 ποιημάτων.
2882 700 2938 751 '0
2970 699 3119 769 ἥλιος
3153 700 3312 770 τυχὸν
3350 700 3557 771 ποίημα
3605 702 3725 771 μὲν,

2155 784 2251 853 οὑχ
2282 784 2357 846 ὡς
2403 784 2460 836 ἓν
2495 784 2551 837 δὲ
2588 785 2696 837 τῶν
2732 786 3081 857 ποιημάτων·
3133 788 3191 841 οὑ
3228 790 3335 859 γὰρ
3369 789 3512 843 ἔστιν
3545 791 3727 861 ἕτερος

2155 875 2323 945 ἥλιος.
2369 877 2429 930 Ἦ
2478 876 2673 948 σελήνη
2717 879 2936 948 ὁμοίως,
2970 881 2998 932 6
3040 880 3285 951 οὐρανὸς,
3319 883 3368 933 οἱ
3413 882 3659 952 ἀστέρες,
3692 883 3727 953 ὴ

2157 966 2247 1033 γῆν
2272 966 2449 1017 πάντα
2480 965 2590 1037 γὰρ
2612 967 2783 1020 ταῦτα
2811 969 3107 1037 ποιήματα,
3141 970 3233 1021 καὶ
3266 969 3491 1022 ἕκαστον
3525 972 3727 1035 αὑτῶν,

2156 1056 2253 1124 οὑχ
2283 1055 2356 1118 ὡς
2388 1056 2445 1109 ἓν
2489 1056 2597 1109 τῶν
2625 1058 2963 1127 ποιημάτων.
2994 1060 3171 1112 Μόνον
3220 1059 3328 1130 γὰρ
3366 1060 3426 1113 τὸ
3478 1060 3729 1128 γενέσθαι

2159 1146 2334 1198 κοινὸν
2358 1146 2468 1215 ἔχει
2493 1148 2561 1200 τά
2590 1148 2887 1216 κτίσματα·
2918 1150 2979 1201 τὸ
3004 1149 3059 1201 δὲ
3092 1150 3275 1219 σχῆμα
3297 1151 3391 1202 καὶ
3415 1151 3512 1220 τὴν
3548 1152 3725 1219 φύσιν,

2159 1235 2386 1288 ἕκαστον
2418 1236 2741 1301 ἰδιάζουσαν.
2776 1239 2939 1293 Οὐδὲν
2971 1236 3063 1293 οῦν
3101 1240 3158 1292 τὸ
3190 1240 3346 1294 πλέον
3384 1244 3441 1294 ἐν
3480 1241 3592 1311 Υίῷ
3634 1258 3732 1294 πε-

2163 1326 2419 1397 ποιῆσθαι
2447 1328 2742 1401 λεγομένῳ,
2778 1330 2877 1384 κᾶν
2907 1332 3091 1401 ἕτερόν
3124 1350 3176 1383 τι
3219 1333 3358 1401 μέγα
3396 1332 3489 1384 καὶ
3520 1331 3730 1401 ἐξαίρε-

2160 1435 2251 1471 τον
2281 1419 2500 1491 ὑπάρχῃ
2529 1422 2679 1490 παρὰ
2703 1421 2769 1474 τὰ
2801 1422 2934 1475 ἄλλα
2967 1425 3263 1494 ποιήματα.
3291 1424 3354 1477 Τί
3387 1423 3494 1493 γὰρ
3523 1422 3734 1492 ὠφελή-

2165 1524 2246 1562 σει
2282 1510 2371 1563 τὸν
2404 1511 2556 1581 ἥλιον
2596 1514 2677 1576 είς
2706 1512 2767 1566 τὸ
2799 1514 2873 1586 μὴ
2902 1510 3042 1568 εἶναι
3093 1516 3324 1586 ποίημα,
3362 1515 3422 1568 τὸ
3467 1515 3599 1567 πολὺ
3625 1514 3734 1566 τῶν

2163 1600 2409 1669 ἀστέρων
2438 1602 2728 1672 ὑπερέχειν
2753 1621 2765 1669 ;
2810 1605 2865 1657 'U
2890 1605 2946 1658 δὲ
2970 1607 3132 1669 αὑτὸς
3169 1599 3324 1669 οὗτος
3357 1607 3615 1677 κρατήσει
3646 1605 3733 1656 λό-

2164 1707 2260 1756 γος
2296 1692 2389 1745 καὶ
2435 1694 2525 1745 ἐπὶ
2567 1694 2673 1747 τῶν
2709 1697 2764 1746 ἐν
2794 1695 3006 1765 οὐρανῷ
3054 1696 3284 1765 λογικῶν
3315 1698 3613 1767 δυνάμεων,
3645 1691 3734 1760 αἷς

488 1800 607 1840 esse
632 1784 877 1847 desinet.,
903 1787 1097 1840 Eadem
1165 1800 1295 1839 vero
1330 1786 1466 1840 ratio
1504 1794 1607 1849 est,
1667 1785 1830 1838 etiam
1867 1798 2053 1837 earum

2168 1780 2323 1834 πάλιν
2351 1780 2410 1834 τὸ
2452 1782 2549 1852 μὲν
2582 1764 2912 1853 πεποιῆσθαι
2941 1764 3133 1839 κοινόν
3162 1786 3326 1841 ἐστιν.
3372 1787 3431 1839 'U
3453 1764 3519 1841 δὲ
3561 1784 3653 1840 τοῦ
3679 1785 3735 1839 τί

488 1890 608 1945 qua?
639 1876 691 1930 in
728 1877 885 1931 caelo
920 1887 1043 1930 sunt
1104 1876 1447 1930 rationalium
1486 1885 1831 1942 potestatum,
1860 1874 2059 1944 quibus

487 1970 701 2038 quidem
735 1971 984 2025 omnibus
1042 1984 1327 2027 commune
1371 1977 1453 2023 est
1483 1968 1653 2022 factas
1706 1982 1847 2021 esse.
1903 1967 2061 2021 Ratio

491 2072 672 2117 autem
699 2078 803 2131 qua
845 2061 973 2131 quid
999 2076 1227 2130 quaeque
1258 2075 1443 2113 earum
1480 2060 1572 2123 sit,
1607 2059 1817 2113 diversa
1851 2068 1953 2113 est.

1154 2167 1383 2224 ALIUD.

556 2284 613 2338 Si
643 2283 831 2351 Filius,
859 2284 1011 2353 juxta
1038 2294 1272 2339 vestram
1322 2284 1655 2353 opinionem,
1676 2291 1761 2337 est
1788 2290 2057 2342 creatura,

490 2387 672 2445 atque,
718 2377 768 2429 id
794 2391 913 2429 cum
944 2375 1034 2440 sit,
1080 2363 1403 2445 potestatem
1461 2374 1621 2428 habet
1655 2372 1899 2435 creandi,
1935 2372 2059 2438 quia

488 2483 595 2522 non
626 2478 710 2522 est
744 2477 803 2521 ut
838 2482 941 2520 una
965 2466 1290 2535 reliquarum
1352 2476 1723 2520 creaturarum
1761 2479 1775 2515 :
1804 2476 1899 2516 cur
1957 2476 2061 2516 cae-

490 2567 622 2611 tera:
649 2572 863 2626 quoque
897 2566 1158 2611 creatura:
1195 2556 1412 2609 creandi
1445 2553 1755 2608 facultatem
1812 2568 1917 2606 non
1955 2553 2056 2605 ha-

488 2650 674 2711 beant,
707 2649 835 2716 quia
871 2648 1016 2701 varia
1036 2655 1117 2702 est
1144 2663 1205 2700 ac
1236 2646 1451 2700 diversa
1504 2646 1557 2699 in
1620 2646 1699 2699 eis
1751 2653 1965 2708 natura,
2008 2652 2060 2696 et

493 2753 830 2809 unaqumque
850 2754 1035 2793 earum
1071 2746 1317 2791 creatura
1344 2745 1448 2803 est,
1516 2751 1620 2791 non
1674 2746 1852 2789 tamen
1893 2732 2058 2787 veluti

493 2844 659 2883 unum
707 2830 908 2898 aliquid
935 2829 1304 2898 reliquorum?
1339 2827 1514 2883 Unum
1552 2826 1693 2880 enim
1732 2834 1817 2879 est
1838 2823 2061 2887 cmlum,

494 2917 751 2981 unussol,
789 2931 892 2969 una
928 2917 1286 2979 luna,natura
1311 2918 1588 2972 stellarum
1639 2930 1766 2981 una,
1814 2923 1869 2968 et
1919 2921 2061 2966 terra

495 3022 623 3070 una,
650 3022 789 3060 unus
818 3006 980 3061 homo
1020 3016 1281 3075 quantum
1319 3008 1385 3061 ad
1435 3006 1789 3061 substantiam
1820 3006 2011 3058 attinet
2048 3019 2058 3050 :

494 3107 657 3166 atque
696 3098 781 3153 his
810 3099 1027 3167 quidem
1058 3099 1191 3153 nihil
1261 3099 1403 3153 inter
1438 3114 1497 3153 se
1582 3099 1791 3151 ratione
1861 3106 2067 3150 naturze

492 3202 782 3242 commune
804 3196 907 3252 est,
945 3190 1153 3243 tametsi
1187 3191 1437 3244 omnibus
1500 3190 1550 3243 id
1621 3204 1907 3244 commune
1976 3187 2063 3252 sit,

493 3278 637 3345 quod
664 3278 808 3333 facta
845 3280 973 3333 sint.
1004 3280 1145 3333 Nihil
1177 3292 1354 3335 tamen
1387 3282 1649 3334 creatoris
1699 3281 1752 3333 in
1802 3279 2067 3333 creaturis

494 3369 755 3431 cernitur,
785 3370 879 3423 sed
909 3371 1085 3437 potius
1106 3380 1404 3425 creatorem
1437 3370 1672 3425 Verbum
1707 3369 1798 3422 Dei
1819 3370 2063 3430 adorant,

493 3468 547 3510 et
581 3458 802 3512 factoris
825 3460 1050 3526 gloriam
1079 3461 1363 3514 extollunt.
1413 3478 1430 3511 ι
1463 3460 1596 3514 C(eli
1630 3460 1773 3511 enim
1805 3468 2063 3512 enat-rant

495 3548 720 3618 gloriam
741 3549 857 3609 Dei.
874 3560 929 3605 et
952 3551 1349 3605 lirmamentum
1367 3551 1612 3605 enuntiat
1629 3564 1792 3617 opera
1816 3564 2065 3601 manuum

495 3640 613 3704 ejus
634 3641 703 3694 ⁹¹.
747 3659 766 3691 ι
811 3639 877 3693 Ει
924 3641 1375 3709 quemadmodum
1421 3640 1623 3694 Esdras
1659 3638 1778 3694 ait:
1827 3657 1844 3690 ι
1878 3637 2067 3693 Omnis

496 3738 638 3784 terra
673 3731 953 3785 veritatem
988 3741 1162 3794 vocat.
1187 3742 1241 3786 et
1270 3734 1466 3787 coelum
1497 3732 1671 3800 ipsum
1731 3730 1942 3793 adorat,
2015 3739 2070 3783 et

495 3838 683 3877 mnues
704 3821 968 3876 creaturai
1005 3824 1173 3890 ipsam
1208 3824 1525 3877 tremiscunt
1550 3822 1613 3873 θ’.
1654 3839 1673 3872 ι
1702 3819 1870 3874 Filius
1890 3830 2067 3873 autem

496 3917 563 3968 de
604 3917 780 3983 svipso
815 3917 889 3969 ait
923 3933 936 3967 :
984 3934 1001 3965 ι
1042 3914 1151 3984 Ego
1183 3930 1300 3967 sum
1354 3916 1555 3967 veritas
1585 3914 1652 3966 ".
1691 3932 1709 3963 ι
1756 3910 1872 3966 Non
1939 3926 2066 3977 ergo

496 4022 631 4071 opus
652 4015 754 4070 est,
795 4020 969 4075 neque
989 4015 1238 4058 creatura
1288 4001 1357 4055 ob
1401 4002 1451 4054 id
1502 4001 1721 4054 creandi
1762 3998 2065 4053 facultatem

500 4099 728 4161 habens,
758 4099 879 4165 quia
908 4112 1012 4150 non
1039 4095 1200 4148 veluti
1235 4107 1339 4147 una
1388 4102 1761 4147 creaturarum
1796 4101 1917 4144 est:
1973 4090 2067 4143 sed

497 4190 621 4253 quia
660 4202 783 4239 cunt
819 4190 889 4239 sit
917 4188 1194 4255 pmprium
1227 4198 1447 4251 germen
1485 4183 1733 4237 essentia
1758 4180 1957 4247 Patris,
1981 4189 2065 4233 to-

2163 1873 2393 1926 ἓκαστον
2427 1873 2511 1943 εἴη
2542 1874 2718 1943 λόγος,
2752 1874 3169 1946 ἐξηλλαγμένος.

2838 2159 3041 2212 AAAO.

2232 2275 2295 2326 Εί
2328 2272 2540 2341 ποιημά
2568 2272 2702 2333 ἐστι,
2750 2268 2870 2321 καθ’
2913 2270 3075 2340 ὑμᾶς,
3110 2274 3138 2325 6
3166 2271 3312 2334 Υἱὸς,
3347 2272 3441 2325 καὶ
3476 2271 3633 2325 τοῦτο
3662 2270 3738 2324 ὢν

2163 2366 2279 2435 ἔχει
2311 2364 2373 2416 τὸ
2404 2362 2663 2416 δύνασθαι
2692 2362 2917 2427 κτίζειν,
2944 2363 3031 2415 διά
3074 2362 3136 2415 τὸ
3174 2362 3248 2433 μὴ
3287 2363 3360 2425 ὡς
3386 2363 3443 2415 ἓν
3474 2364 3738 2433 ὑπάρχειν

2163 2458 2270 2510 τῶν
2304 2456 2479 2509 ἄλλων
2526 2455 2863 2525 ποιημάτων,
2891 2452 3031 2507 ἔστω
3068 2454 3328 2523 ποιητικὰ
3367 2456 3461 2507 καί
3493 2455 3560 2507 τὰ
3580 2454 3743 2524 ἕτερα

2168 2549 2462 2618 κτίσματα,
2491 2547 2577 2599 διὰ
2608 2547 2667 2600 τὸ
2694 2546 2940 2617 ποικίλην
2966 2548 3024 2600 ὲν
3052 2546 3232 2609 αὑτοῖς
3259 2542 3395 2600 εἶναι
3427 2546 3526 2616 τὴν
3557 2545 3736 2613 φύσιν·

2169 2641 2262 2693 καὶ
2298 2640 2526 2692 ἕκαστον
2567 2638 2745 2691 αὑτῶν
2780 2634 2915 2690 εἶναι
2952 2638 3160 2707 ποίημα
3199 2637 3323 2706 μὲν,
3349 2637 3445 2706 οὑχ
3477 2637 3552 2699 ὡς
3597 2636 3653 2690 ἓν
3682 2634 3741 2688 δὲ

2169 2730 2277 2783 τῶν
2312 2730 2507 2783 ἄλλων.
2544 2724 2638 2792 Εἷς
2675 2728 2781 2799 γὰρ
2809 2731 2836 2782 ὁ
2885 2729 3131 2799 οὐρανὸς,
3175 2729 3325 2797 ἥλιος
3358 2722 3460 2791 εἷς,
3508 2732 3607 2798 μία
3649 2742 3741 2779 σε-

2171 2825 2328 2892 λὴνη,
2370 2823 2530 2891 φύσις
2560 2822 2801 2893 ἀστέρων
2839 2822 2956 2891 μία,
2995 2820 3091 2891 μία
3120 2837 3178 2873 τε
3213 2822 3304 2890 γῆ,
3337 2815 3417 2883 εἷς
3459 2820 3743 2890 ἄνθρωπος

2171 2916 2293 2967 ὅσον
2331 2918 2409 2977 εἰς
2439 2914 2657 2966 οὑσίανο
2693 2913 3015 2965 καὶτούτων
3055 2912 3204 2965 οὐδὲν
3246 2912 3494 2982 ἀλλήλοις
3538 2915 3745 2964 ἐπικοι-

2169 3007 2329 3059 νωνεῖ
2359 3004 2500 3058 κατὰ
2518 3004 2609 3057 τὸν
2639 3004 2737 3073 τῆς
2764 3003 2977 3071 φύσεως
3005 3003 3181 3071 λόγον,
3207 3005 3254 3055 εί
3284 3004 3377 3056 καὶ
3401 3004 3534 3055 πᾶσι
3567 3003 3627 3055 τὸ
3654 3019 3743 3054 πε-

2168 3095 2423 3165 ποιῆσθαι
2450 3096 2647 3147 κοινόν.
2697 3094 2833 3146 Ἀλλ’
2859 3094 3012 3146 οὐδὲν
3035 3096 3092 3144 ὲν
3124 3096 3237 3156 τοῖς
3262 3094 3523 3162 κτίσμασι
3558 3094 3744 3160 φαίνε-

2165 3202 2254 3238 ται
2285 3183 2637 3254 δημιουργοῦ,
2669 3183 2803 3234 ἀλλὰ
2831 3182 3029 3251 μᾶλλον
3056 3185 3351 3251 προσκυνεῖ
3380 3183 3468 3234 τὸν
3490 3182 3747 3251 δημιουρ-

2166 3278 2260 3344 γὸν
2287 3276 2380 3329 τοῦ
2404 3275 2538 3327 Θεοῦ
2574 3275 2765 3341 Λόγον,
2798 3275 2890 3326 καὶ
2916 3272 3010 3325 τοῦ
3039 3272 3263 3342 ποιητοῦ
3306 3273 3392 3343 τὴν
3421 3270 3575 3336 δόξαν
3607 3273 3742 3325 ἀνα-

2168 3367 2286 3437 ϐοᾷ·
2324 3386 2340 3415 ι
2375 3367 2438 3418 Οἱ
2466 3367 2524 3417 οὑ
2534 3364 2685 3434 ρανοὶ
2707 3364 3015 3435 διηγοῦνται
3045 3364 3200 3427 δόξαν
3220 3363 3375 3425 Θεοῦ,
3406 3364 3499 3417 καὶ
3526 3365 3744 3432 ποίησιν

2167 3458 2363 3528 χειρῶν
2396 3456 2557 3510 αὑτοῦ
2584 3456 2979 3525 ἀναγγέλλειτὸ
2998 3457 3336 3525 στερέωμα.»
3361 3456 3467 3507 Καὶ
3496 3455 3746 3524 καθάπερ

2168 3556 2196 3605 6
2232 3551 2467 3622 Ἔσδρας
2512 3550 2675 3618 φησί·
2720 3567 2737 3600 t
2775 3550 2930 3601 Πᾶσα
2968 3550 3000 3618 ὴ
3036 3550 3104 3616 γῆ
3154 3549 3251 3617 τὴν
3281 3546 3534 3617 ἀλήθειαν
3570 3546 3741 3609 καλεῖ,

2171 3644 2263 3695 καὶ
2288 3644 2315 3694 6
2343 3642 2569 3713 οὐρανὸς
2609 3641 2777 3710 αὐτὴν
2815 3640 3129 3709 προσκυνεῖ,
3169 3639 3261 3691 καὶ
3291 3637 3467 3690 πάντα
3495 3636 3563 3688 τὰ
3607 3635 3747 3706 ἔργα

2172 3736 2340 3805 αὐτὴν
2376 3735 2577 3787 σείεται
2617 3732 2709 3785 καὶ
2751 3732 2961 3800 τρέμει.
3004 3749 3021 3780 ι
3068 3731 3125 3783 '0
3151 3730 3205 3784 δὲ
3228 3730 3353 3792 Υἱὸς
3386 3729 3513 3799 περὶ
3551 3727 3746 3781 ἑαυτοῦ

2171 3841 2367 3896 φησιν·
2402 3844 2421 3875 ι
2476 3824 2616 3890 Ἐγώ
2645 3824 2759 3892 εἰμι
2801 3823 2833 3891 ή
2875 3821 3126 3890 ἀλήθεια.
3175 3841 3193 3875 ›
3231 3824 3342 3875 Οὐκ
3379 3822 3486 3892 ἄρα
3536 3820 3749 3889 ποίημά

2171 3907 2340 3977 ἐστιν,
2364 3915 2484 3968 οὑδὲ
2536 3913 2739 3982 κτίσμα
2768 3913 2857 3965 διά
2883 3913 3040 3966 τοῦτο
3078 3913 3282 3977 κτίζειν
3320 3913 3631 3982 δυνάμενος,
3664 3911 3747 3963 ὅτι

2173 4009 2248 4077 μὴ
2279 4006 2353 4069 ὡς
2386 4006 2444 4059 ἓν
2473 4007 2588 4058 ἐστι
2618 4004 2725 4057 τῶν
2758 4005 3096 4074 ποιημάτων,
3126 4004 3238 4056 ἀλλ’
3264 4005 3345 4057 ὅτι
3382 4003 3481 4072 τῆς
3511 4001 3601 4055 τοῦ
3634 4002 3745 4055 Πα-

2170 4101 2297 4168 τρὸς
2326 4100 2511 4161 οὐσίας
2538 4098 2666 4151 ἴδιον
2690 4098 2948 4167 ὑπάρχων
2969 4098 3232 4167 γέννημα,
3264 4098 3381 4150 ὅλον
3409 4113 3467 4147 τε
3493 4099 3549 4148 ὲν
3571 4093 3747 4162 ἑαυτῷ

2171 4191 2432 4244 δεικνύων
2473 4190 2653 4254 αὑτὸν,
2686 4190 2798 4261 ἔχει
2844 4192 2937 4243 καὶ
2982 4190 3042 4242 τὸ
3076 4189 3329 4243 δύνασθαι
3381 4188 3582 4254 κτίζειν
3620 4186 3693 4247 ὡς
3720 4186 3747 4239 ὁ

500 4288 609 4329 tum
640 4277 787 4328 illum
810 4278 859 4329 in
890 4278 1066 4344 seipso
1096 4278 1410 4340 ostendens,
1434 4275 1597 4351 habet
1613 4289 1825 4343 quoque
1847 4272 2064 4327 creandi
2098 4296 2147 4354 ι)
2175 4284 2381 4353 Πατήρ,

500 4374 822 4435 potestatem
854 4377 908 4419 ut
934 4367 1112 4422 Pater.

1085 4481 1246 4553 143
1274 4480 1503 4535 ALIUD.

569 4596 625 4651 Si
655 4594 823 4650 Filius
849 4606 928 4652 est
956 4604 1231 4660 creatura,
1251 4604 1305 4649 et
1330 4595 1586 4649 aduratur
1616 4606 1646 4643 a
1675 4590 1898 4660 reliquis
1914 4604 2070 4644 crea-

501 4689 658 4756 turis,
688 4690 809 4757 quia
840 4690 1113 4743 diversum
1138 4689 1265 4754 quid
1301 4687 1369 4741 ab
1405 4687 1471 4739 iis
1503 4684 1740 4746 exsistit,
1781 4696 1953 4751 neque
1987 4689 2072 4734 est

500 4781 649 4835 velut
680 4794 782 4833 una
820 4789 1215 4840 creaturarum,
1254 4779 1540 4846 oportebat
1573 4774 1736 4829 etiam
1767 4771 1888 4826 illas
1952 4786 1980 4824 a
2009 4786 2068 4826 se

501 4872 731 4925 invicem
764 4871 1004 4934 adorari,
1037 4869 1160 4938 quia
1192 4869 1403 4923 diversa
1435 4868 1578 4922 inter
1609 4882 1669 4921 se
1716 4876 1910 4920 natura
1930 4880 2065 4934 μιτρ-

501 4960 627 5013 ditae
656 4968 800 5013 sunt.
835 4960 1023 5030 Magna
1050 4959 1196 5012 enim
1226 4966 1310 5012 est
1340 4958 1391 5012 in
1434 4957 1697 5012 creaturis
1730 4954 2068 5010 diﬂ'erentia:

500 5056 555 5100 et
591 5063 924 5116 uuaqureque
965 5048 1288 5118 peculiarem
1324 5060 1477 5101 suam
1509 5055 1755 5100 naturam
1802 5045 1917 5098 sive
1940 5060 2073 5112 qua-

503 5136 709 5190 litatem
741 5136 1104 5209 habet,neqnc
1135 5139 1188 5192 id
1228 5138 1404 5206 ipsum
1434 5146 1519 5191 est
1541 5138 1762 5191 omnino
1779 5136 1919 5204 quod
1946 5134 2071 5190 alia.

2877 4487 3082 4540 ΑΛΛΟ.

2254 4601 2314 4651 Εἰ
2342 4598 2546 4668 κτίσμα
2580 4598 2728 4652 ἐστὶν
2749 4602 2778 4653 ὁ
2804 4599 2952 4664 Υἱὸς,
2984 4600 3367 4667 προσκυνεῖται
3396 4598 3453 4651 δὲ
3473 4596 3623 4667 παρὰ
3642 4596 3750 4650 τῶν

2180 4685 2356 4738 ἄλλων
2404 4686 2736 4755 κτισμάτων,
2783 4687 2872 4740 διὰ
2909 4689 2969 4740 τὸ
2990 4689 3175 4756 ἕτερόν
3218 4705 3270 4740 τι
3305 4688 3569 4760 ὑπάρχειν
3617 4688 3749 4756 παρ’

2178 4774 2336 4837 αὑτὰ,
2385 4775 2478 4826 καὶ
2517 4771 2652 4827 εἶναι
2698 4773 2772 4844 μὴ
2804 4774 2878 4838 ὡς
2919 4775 2975 4828 ἒν
3000 4793 3108 4828 των
3142 4776 3476 4845 κτισμάτων,
3511 4775 3617 4828 ἔδει
3645 4776 3749 4828 κά-

2181 4866 2334 4915 κεῖνα
2369 4864 2787 4934 προσκυνεῖσθαι
2816 4865 2946 4935 παρ’
2977 4866 3247 4934 ἀλλήλων,
3278 4866 3365 4920 διὰ
3402 4867 3462 4918 τὸ
3522 4865 3750 4935 ἐξηλλα-

2182 4956 2389 5026 γμένην
2423 4954 2565 5026 ἔχειν
2594 4956 2691 5028 τὴν
2716 4955 2877 5025 φύσιν
2911 4957 3046 5028 πρὸς
3071 4957 3293 5028 ἄλληλα.
3324 4957 3496 5029 Πολλὴ
3544 4956 3653 5025 γὰρ
3690 4957 3751 5009 ὲν

2181 5051 2291 5111 τοῖς
2320 5050 2616 5117 ποιήμασιν
2637 5050 2669 5118 ἡ
2698 5048 2931 5119 διαφορά
2948 5065 2961 5078 ·
2987 5050 3079 5102 καὶ
3104 5049 3248 5103 ἐστιν
3273 5051 3500 5103 ἕκαστον
3541 5050 3667 5102 ἰδεῖν
3692 5051 3755 5102 ὲν

2185 5135 2458 5208 ίδιαζοὺσῃ
2515 5136 2673 5205 φύσει
2718 5138 2837 5208 ἦτοι
2888 5140 3153 5211 ποιότητι,
3193 5142 3285 5193 καὶ
3319 5141 3418 5211 οὑχ
3465 5142 3602 5211 ὅπερ
3633 5142 3755 5195 ἐστὶ

504 5225 657 5280 Nulla
689 5237 865 5282 tamen
900 5243 967 5283 ex
1035 5229 1102 5283 iis
1142 5230 1419 5294 adoratur,
1471 5229 1601 5298 quin
1654 5228 1830 5296 potius
1884 5239 2075 5281 omnes

504 5327 804 5371 creatorem
838 5317 1069 5373 Verbum
1100 5320 1194 5375 Dei
1230 5320 1476 5374 adorant.
1512 5318 1627 5373 Non
1657 5319 1823 5389 igitur
1852 5334 1986 5373 unus
2005 5332 2071 5371 ex

504 5407 772 5459 creaturis
802 5417 885 5461 est
916 5407 1105 5473 Filius,
1154 5420 1328 5479 neque
1364 5419 1637 5473 creatura,
1671 5418 1729 5463 ut
1765 5424 1859 5463 vos
1879 5407 2071 5476 opina-

506 5493 657 5551 mini.
694 5496 810 5563 Quo
838 5508 996 5566 pacto
1021 5506 1163 5555 enim
1201 5502 1246 5556 is
1275 5500 1366 5554 cui
1413 5500 1693 5565 adoratur,
1742 5501 1794 5553 in
1852 5512 2077 5553 numero

577 5672 620 5707 ⁶¹
647 5672 791 5732 Psal.
830 5688 981 5741 mu,
1013 5673 1065 5726 2.
1108 5677 1153 5706 θ’
1178 5674 1243 5729 ΙΙΙ
1270 5675 1423 5730 Esdr.
1454 5691 1526 5744 tv,
1559 5674 1646 5729 36.

1728 5674 1771 5703 ⁸³³
1794 5673 1949 5728 Joan.
1981 5688 2089 5742 xw,
2123 5674 2174 5728 6.

2181 5229 2397 5292 πάντως
2426 5228 2487 5282 τὸ
2530 5229 2733 5299 ἓτερον.
2773 5229 2910 5283 Ἀλλ’
2938 5230 3085 5284 οὐδὲν
3122 5233 3180 5283 ὲν
3210 5232 3393 5294 αὐτοῖς
3429 5234 3754 5302 προσκυνεῖ-
3796 5252 3809 5305 ξ

2180 5337 2287 5379 ται,
2320 5319 2496 5371 πάντα
2531 5318 2585 5372 δὲ
2615 5320 2705 5371 τὸν
2731 5319 3059 5391 δημιουργὸν
3084 5320 3174 5375 τοῦ
3217 5320 3352 5373 Θεοῦ
3378 5322 3547 5390 Λόγον
3581 5338 3790 5391 προσ-ε

2181 5412 2351 5463 κυνεῖ.
2395 5412 2507 5465 Οὑκ
2537 5409 2644 5480 ἄρα
2689 5410 2746 5463 ἓν
2779 5410 2839 5475 ἐξ
2883 5412 3061 5466 αὑτῶν
3107 5413 3137 5465 6
3180 5413 3326 5477 Υἱὸς,
3354 5414 3479 5466 οὑδὲ
3522 5413 3752 5482 κτίσμα,

2182 5500 2303 5552 καθ’
2356 5501 2516 5571 ὑμᾶς.
2566 5500 2756 5555 Ἔσται
2807 5501 2915 5570 γὰρ
2966 5502 3104 5557 κατὰ
3145 5502 3263 5556 τίνα
3315 5502 3512 5575 τρόπον
3549 5502 3607 5554 ὲν
3638 5503 3793 5569 τοῖς⁴

2862 5704 2887 5737 ἐι
