4036 6208
352 338 453 394 ’219

1757 296 2198 399 'rncssnnus.

3493 343 3600 399 250

348 454 744 528 προσκυνοῦσιν
780 456 810 507 6
852 457 1341 528 προσκυνούμενος,
1374 460 1431 511 ὲν
1462 461 1571 521 τοῖς
1613 458 1915 526 605010106-

2022 473 2205 511 enrum
2232 469 2461 525 ponatur
2483 456 2574 525 qui
2603 456 2855 519 adorant,
2879 464 2973 509 aut
3022 454 3112 523 qui
3165 453 3499 525 glorificatur
3530 460 3597 512 sit

348 563 434 600 σιν
464 548 492 598 6
528 544 1005 614 δοξολογούμενοςς
1035 548 1175 601 Πολὺ
1205 549 1314 618 γάρ
1341 551 1398 601 ὲν
1428 550 1601 618 τούτῳ
1626 550 1686 600 τὸ
1711 550 1913 613 μεταξὺ

343 637 441 690 καὶ
500 635 790 705 διάφορον,
850 637 943 690 καὶ
1014 637 1076 690 16
1150 639 1363 708 ἑκάστῳ
1423 638 1631 709 πρέπον
1686 639 1917 711 διορίζον

355 727 561 790 σαφῶς.

1031 816 1233 870 ΑΛΛΟ.

412 926 478 980 Εί
510 929 713 996 κτίσμα
733 928 878 981 ἐστὶν
902 929 929 981 6
956 930 1103 993 Υἱὸς,
1129 930 1306 983 πάντα
1340 931 1394 984 δὲ
1426 933 1453 984 6
1482 931 1667 1003 Πατὴρ
1690 934 1917 1005 ἐργάζε-

338 1035 428 1069 ται
465 1017 535 1069 δι’
584 1016 769 1079 αὑτοῦ,
816 1018 974 1080 αύτὸς
1020 1017 1210 1070 ἑαυτὸν
1250 1018 1357 1089 ἄρα
1390 1024 1532 1072 ποιεῖ
1572 1023 1664 1073 καὶ
1710 1024 1909 1087 κτίζει·

334 1106 452 1159 ἀλλ’
488 1106 607 1158 ἔστι
636 1105 790 1158 τοῦτο
818 1110 956 1158 νοεῖν
984 1107 1092 1159 τῶν
1135 1109 1516 1164 ἀτοπωτάτων.
1561 1112 1681 1174 Πῶς
1714 1114 1821 1184 γὰρ
1855 1115 1915 1167 τὸ

336 1197 533 1265 μήπω,
584 1195 708 1248 καθ’
759 1197 923 1264 ὑμᾶς,
973 1195 1052 1259 ὃν,
1091 1198 1259 1249 ἑαυτὸ
1290 1202 1539 1269 ποιήσει;
1594 1202 1801 1255 Οὐκοῦν
1852 1205 1911 1257 ού

335 1281 548 1350 κτίσμα
578 1282 744 1347 ἐστὶν,
770 1283 889 1335 οὐδὲ
920 1284 1150 1353 ποίημα,
1176 1285 1308 1338 ἀλλὰ
1336 1289 1532 1357 μᾶλλον
1561 1291 1660 1359 τῆς
1689 1291 1781 1344 τοῦ
1807 1295 1915 1346 Πα-

332 1372 465 1442 τρὺς
498 1372 683 1435 οὐσίας
716 1374 948 1443 καρπὸς,
988 1375 1123 1446 ἔχων
1149 1376 1224 1439 ώς
1253 1377 1384 1440 Θεὸς
1413 1379 1473 1431 16
1500 1379 1758 1434 δύνασθαι
1794 1384 1911 1435 κτί-

333 1462 452 1527 ζειν
482 1467 580 1518 καὶ
608 1470 796 1520 ποιεῖν.

1027 1581 1227 1635 AAAO.

402 1685 471 1738 Εί
513 1685 719 1757 κτίσμα
754 1687 900 1742 ἐστὶν
933 1691 961 1743 6
993 1689 1137 1755 Υἱὸς,
1167 1691 1281 1754 πῶς
1307 1693 1364 1746 ὲν
1401 1694 1547 1765 αύτῷ
1590 1675 1831 1752 κείσεται
1854 1700 1913 1753 16

328 1775 601 1830 δύνασθαι
645 1777 869 1842 κτίζειν,
903 1780 997 1833 καὶ
1033 1782 1112 1844 είς
1141 1782 1200 1835 16
1242 1780 1380 1836 εἶναι

331 1866 511 1919 ὄντων
555 1868 622 1919 τὰ
664 1870 971 1939 ποιήματα;
1004 1872 1066 1923 Εἰ
1101 1871 1208 1943 γὰρ
1250 1873 1384 1936 ὅλως
1425 1876 1695 1946 ἐνδέχεται
1754 1881 1916 1948 φύσιν

332 1955 575 2025 γενητὴν
599 1959 661 2009 ἐκ
686 1956 780 2010 τοῦ
818 1959 891 2029 μὴ
912 1960 1061 2024 ὄντος
1087 1963 1166 2024 είς
1190 1962 1249 2015 τὸ
1272 1958 1408 2016 εἶναι
1438 1967 1727 2035 παράγειν,
1767 1969 1915 2024 ἔσται

330 2046 566 2116 δυνάμει
612 2048 920 2120 δημιουργὰ
959 2054 1052 2105 καὶ
1086 2053 1157 2106 τὰ
1197 2053 1332 2107 ἄλλα
1380 2057 1679 2127 ποιήματα,
1734 2061 1828 2113 καὶ
1868 2064 1915 2114 εί

334 2139 509 2209 μήπω
536 2138 696 2192 τοῦτο
732 2141 818 2195 διὰ
849 2144 945 2212 τῆς
971 2144 1252 2216 ἐνεργείας
1295 2148 1486 2216 ὁρᾶται
1510 2164 1523 2178 ο
1558 2147 1745 2220 ὥσπερ
1778 2152 1916 2221 ἁμέ-

332 2231 410 2283 let
446 2231 543 2283 καὶ
572 2231 601 2281 6
637 2235 767 2294 παῖς
794 2235 821 2285 6
860 2233 1115 2304 βραχεῖαν
1142 2235 1289 2303 ἄγων
1326 2236 1406 2289 ἐτι
1436 2238 1534 2308 τὴν
1562 2239 1799 2309 ἡλικίαν,
1828 2242 1916 2295 δυ-

330 2322 499 2392 νάμει
528 2322 626 2392 μὲν
658 2325 1086 2395 σπερματιστὴς,
1109 2326 1243 2379 καθὸ
1277 2329 1369 2379 καὶ
1394 2329 1532 2398 ἀνήρ
1573 2331 1740 2395 ἐστιν,
1766 2333 1917 2387 οὔπω

330 2413 385 2465 δὲ
431 2416 503 2483 τῇ
541 2414 810 2485 ἐνεργείᾳ.
844 2416 916 2467 Τὸ
958 2416 1013 2468 δὲ
1052 2416 1173 2486 ἔχον
1202 2435 1254 2470 τι
1296 2421 1558 2489 πεφυκὸς,
1591 2424 1690 2478 οὐκ
1720 2426 1784 2480 ἂν
1828 2427 1915 2480 λέ-

331 2522 490 2571 γοιτο
523 2504 598 2575 μὴ
628 2505 790 2574 ἔχειν,
825 2507 873 2558 εί
899 2508 991 2560 καὶ
1020 2510 1186 2578 μήπω
1228 2510 1384 2564 τοῦτο
1408 2513 1653 2581 φαίνεται
1683 2534 1916 2589 κρύπτο-

334 2597 508 2667 μένης
540 2599 618 2649 ἔτι
652 2598 750 2666 τῆς
775 2599 1009 2669 φυσικῆς
1034 2602 1331 2671 ἐνεργείας,
1362 2604 1451 2657 διά
1472 2622 1591 2659 τινα
1617 2609 1912 2678 πρόφασιν,

329 2688 361 2757 ἢ
392 2687 492 2740 διὰ
531 2687 622 2741 τὸν
670 2688 880 2758 χρόνον.
931 2689 1137 2741 Οὐκοῦν
1172 2689 1323 2745 ἔσται
1359 2692 1667 2765 δημιούργὰ
1714 2700 1808 2751 καὶ
1847 2701 1916 2754 τὰ

331 2780 475 2833 ἄλλα
499 2780 799 2849 ποιήματα,
831 2782 923 2833 καὶ
951 2782 1010 2834 16
1031 2784 1281 2853 περιττὸν
1311 2785 1461 2839 οὐδὲν
1487 2788 1543 2839 ὲν
1578 2788 1716 2860 Θεῷ.
1758 2791 1917 2844 Ἀλλὰ

333 2874 498 2925 τοῦτο
522 2874 739 2926 ἄτοπονι
767 2874 931 2927 Οὐδὲν
962 2875 1070 2945 γὰρ
1095 2876 1203 2927 τών
1232 2878 1552 2948 ποιημάτων
1572 2881 1911 2954 δημιουργεῖ.

332 2966 454 3018 Οὐκ
490 2965 599 3035 ἄρα
638 2968 841 3035 κτίσμα
882 2969 1029 3020 ἐστὶν
1052 2971 1080 3022 6
1110 2970 1257 3035 Υἱὸς,
1286 2972 1351 3023 δι’
1391 2968 1449 3027 οὗ
1490 2974 1558 3026 τὰ
1585 2977 1763 3030 πάντα
1791 2979 1914 3045 ἐνγέ-

335 3073 482 3120 νετο,
509 3058 594 3110 ἵνα
643 3060 717 3129 μὴ
749 3059 809 3111 16
847 3060 978 3113 αὐτὸ
1023 3060 1277 3131 φαίνηται
1314 3063 1497 3117 ποιοῦν
1528 3067 1623 3118 καὶ
1663 3068 1917 3138 ποιούμε-

2024 546 2088 601 ex
2120 549 2185 600 iis
2216 547 2306 616 qui
2333 547 2666 616 glorilicant?
2696 544 2925 599 Maxima
2959 546 3103 599 enim
3164 546 3308 598 inter
3361 545 3461 600 hos
3516 558 3600 601 est

2022 637 2344 702 dili‘erentia,
2369 636 2649 692 manifeste
2677 636 2728 692 id
2763 636 2905 706 quod
2939 637 3133 706 cuique
3170 636 3425 690 convenit
3481 637 3597 692 dis—

2026 728 2295 799 tinguens.

2694 837 2922 895 ALIUD.

2095 950 2151 1003 Si
2175 950 2340 1005 Filius
2368 958 2448 1005 est
2477 960 2749 1015 creatura,
2781 963 2835 1006 et
2859 951 3020 1007 Pater
3060 954 3242 1007 omnia
3292 968 3389 1022 per
3441 967 3594 1022 psum

2022 1051 2294 1108 operatur,
2325 1057 2452 1111 ergo
2475 1043 2554 1095 sui
2593 1042 2762 1109 ipsius
2785 1054 2866 1096 est
2901 1043 3072 1096 factor
3095 1054 3149 1097 et
3177 1054 3395 1097 creator
3425 1058 3438 1094 :
3498 1041 3594 1094 sed

2024 1133 2125 1185 hoc
2156 1130 2234 1185 vel
2284 1131 2394 1184 sola
2463 1131 2788 1199 cogitatione
2821 1131 3270 1185 absurdissimum
3314 1142 3418 1186 est.
3452 1131 3597 1199 Quo-

2022 1224 2176 1276 modo
2197 1222 2338 1275 enim
2366 1222 2416 1275 id
2445 1222 2586 1290 quod
2619 1226 2877 1285 nondum,
2900 1222 3049 1291 juxta
3072 1223 3427 1286 vos,exsistit,
3446 1222 3593 1290 seip-

2021 1328 2141 1366 sum
2169 1328 2355 1368 creare
2388 1312 2599 1379 possit?
2631 1310 2899 1377 Quocirca
2950 1329 3054 1367 non
3082 1325 3352 1377 creatura,
3421 1327 3595 1380 neque

2020 1418 2153 1473 Optls
2178 1413 2279 1468 est,
2321 1403 2412 1456 sed
2437 1404 2613 1472 potius
2643 1401 2847 1457 fructus
2900 1403 3147 1456 essentia:
3205 1403 3382 1457 Patris
3421 1444 3436 1471 ,
3494 1402 3592 1456 ha-

2020 1494 2173 1559 bens,
2208 1502 2263 1548 ut
2296 1492 2458 1559 Deus,
2486 1492 2793 1548 facultatem
2817 1493 3036 1547 creandi
3064 1491 3382 1549 etfaciendi.

2721 1601 2957 1660 ALIUD.

2099 1714 2153 1770 Si
2186 1715 2351 1771 Filius
2366 1716 2448 1770 εει
2476 1725 3006 1786 creatura,quonam
3031 1726 3201 1788 pacto
3241 1716 3458 1771 creandi
3516 1715 3595 1768 fa-

1421 1787 1690 1856 παράγειν
1723 1790 1779 1855 ἐξ
1809 1793 1908 1843 ούκ

2019 1808 2209 1863 cnltate
2260 1808 2520 1876 prmditus
2576 1809 2700 1871 erit,
2735 1818 2829 1862 aut
2874 1787 3156 1864 creaturas
3207 1822 3272 1861 ex
3328 1807 3497 1859 nihilo
3526 1806 3592 1857 ad

2017 1914 2135 1956 esse
2176 1901 2456 1955 traducere
2484 1902 2720 1969 poterit?
2755 1901 2811 1955 Si
2843 1902 2988 1955 enint
3027 1903 3247 1954 omnino
3271 1898 3383 1952 fieri
3417 1906 3595 1966 potest

2017 2002 2074 2046 nt
2109 2003 2297 2045 natura
2328 2001 2505 2045 creata
2531 2006 2596 2045 ετ
2654 1992 2824 2047 nihilo
2865 1992 2931 2045 ad
2984 2006 3108 2046 esse
3140 1988 3407 2052 traducat,
3431 1993 3595 2040 erunt

2015 2083 2178 2134 etiam
2208 2081 2427 2148 reliquae
2460 2091 2725 2134 creatura:
2757 2082 2996 2147 potentia
3025 2078 3345 2139 creatrices.
3380 2073 3590 2129 tametsi

2017 2172 2067 2226 id
2098 2172 2331 2226 nondum
2362 2181 2481 2225 actu
2506 2186 2625 2227 esse
2697 2172 3065 2241 conspiciatur
3094 2190 3108 2225 :
3141 2167 3591 2240 quemadmodum

2018 2262 2130 2316 fere
2163 2276 2296 2329 puer
2326 2264 2581 2316 intenera
2611 2262 2787 2316 adhuc
2835 2272 3017 2328 aetate,
3080 2259 3324 2330 potentia
3372 2258 3592 2328 quidem

2014 2356 2319 2409 seminosus
2341 2364 2447 2419 est,
2486 2362 2671 2423 utpote
2690 2354 2780 2422 qui
2820 2368 2936 2406 mas
2962 2361 3064 2414 est,
3096 2361 3218 2404 actu
3272 2365 3400 2403 vero
3457 2362 3596 2401 non-

2016 2445 2163 2499 dum.
2197 2445 2350 2511 Quod
2383 2452 2562 2498 autem
2586 2443 2792 2513 aliquid
2829 2441 3049 2495 insitum
3082 2439 3183 2492 sibi
3237 2438 3417 2500 habet,
3484 2449 3591 2487 non

2016 2535 2213 2590 dicitur
2262 2553 2365 2589 non
2413 2536 2636 2601 habere,
2704 2533 2916 2588 tametsi
2967 2533 3019 2586 id
3052 2532 3284 2586 nondum
3313 2537 3590 2596 appareat,

2015 2625 2216 2681 latente
2248 2627 2423 2681 adhuc
2444 2626 2677 2679 naturali
2742 2624 3057 2695 operatione
3103 2630 3320 2690 promer
3354 2618 3591 2686 aliquam

2015 2717 2377 2783 occasionem,
2400 2716 2481 2771 vel
2510 2727 2730 2785 propter
2756 2724 2985 2782 tempus.
3015 2712 3187 2766 Erunt
3221 2711 3385 2781 igitur
3440 2723 3594 2759 crea-

2018 2813 2177 2866 trices
2200 2812 2362 2865 etiam
2407 2812 2631 2879 reliqua:
2675 2819 2959 2873 creatum,
3027 2807 3270 2875 nihilque
3323 2801 3593 2857 excellens

2016 2914 2100 2959 est
2136 2905 2186 2957 in
2220 2904 2349 2956 Deo.
2378 2902 2649 2957 Cmterum
2681 2900 2978 2955 absurdum
3010 2900 3112 2952 hoc
3142 2908 3264 2954 est‘
3282 2895 3429 2949 Nulla
3449 2892 3591 2945 enim

2016 3004 2386 3049 creaturarum
2424 2994 2642 3047 creandi
2677 2992 2989 3046 facultatem
3024 2990 3205 3043 habet.
3254 2987 3421 3040 Filius
3465 3000 3594 3054 ergo

2018 3093 2267 3138 creatura
2292 3097 2396 3136 non
2427 3091 2530 3146 est,
2576 3096 2668 3151 per
2720 3096 2877 3148 quem
2937 3079 3115 3133 omnia
3173 3076 3314 3129 facta
3338 3084 3484 3139 sunt,
3526 3089 3593 3125 ne

334 3165 449 3212 ιον,
498 3149 679 3212 κτίζον
724 3151 819 3204 καί¹
858 3154 1204 3217 κτιζόιιενον·
1237 3155 1366 3219 Θεὸς
1400 3157 1455 3209 δὲ
1485 3157 1685 3227 μᾶλλον
1749 3161 1823 3225 ώς
1853 3163 1915 3215 ὲκ

2020 3176 2158 3230 idem
2188 3189 2307 3228 esse
2355 3174 2621 3237 videatur,
2673 3173 2877 3227 faciens
2930 3180 2985 3225 et
3035 3169 3252 3230 factum,
3310 3181 3503 3220 creans
3539 3173 3594 3218 et

331 3239 474 3294 θεοῦ
506 3243 599 3295 καὶ
626 3243 859 3315 Πατρός.

384 3442 596 3507 AAAO,
619 3443 769 3511 μετὰ
800 3445 1160 3514 συμπλοκῆς
1187 3447 1392 3517 ἐτέρου
1423 3453 1865 3523 συλλογισμοῦ.

404 3555 475 3609 El
504 3556 709 3625 κτίσμα
759 3558 906 3612 ἐστὶν
934 3560 963 3611 6
992 3558 1140 3625 Υἱὸς,
1166 3560 1283 3623 πῶς
1318 3561 1478 3624 αὐτὸς
1507 3563 1665 3632 μόνος
1705 3566 1917 3619 ἀποκα-

332 3646 531 3700 λύπτει
568 3648 661 3700 τὸν
690 3647 930 3720 Πατέρα,
963 3650 1072 3702 τῶν
1104 3652 1279 3705 ἄλλων
1304 3653 1620 3722 κτισμάτων
1646 3656 1745 3707 οὐκ
1768 3657 1918 3726 ἐχόν-

334 3757 450 3794 των
482 3740 638 3793 τοῦτο
673 3744 873 3806 ποιεῖν;
905 3743 1028 3805 Πῶς
1057 3743 1112 3796 δὲ
1142 3745 1298 3815 μόνος
1327 3746 1355 3797 6
1386 3744 1513 3807 Υἱὸς
1544 3744 1801 3812 γινώσκει
1824 3747 1917 3800 τὸν

337 3828 582 3899 Πατέρα,
628 3830 735 3881 τῶν
783 3830 956 3885 ἄλλων
1005 3834 1324 3903 ποιημάτων
1368 3835 1467 3887 οὐκ
1516 3834 1729 3887 εἰδότων
1780 3836 1916 3906 ὅπερ

336 3919 520 3987 ἐστίνς
563 3940 580 3971 ι
623 3921 809 3985 Οὐδεὶς
837 3922 971 3994 γὰρ,
998 3924 1152 3993 φησι,
1184 3924 1439 3991 γινώσκει
1470 3924 1552 3987 τίς
1587 3927 1777 3978 ὲστινό
1816 3927 1917 3979 Πα-

334 4011 446 4081 τὴρ
499 4014 549 4064 εί
602 4013 676 4083 μὴ
703 4014 730 4065 6
762 4013 908 4079 Υἱὸς,
942 4016 1036 4068 καὶ
1090 4012 1134 4083 ᾧ
1162 4016 1227 4069 ἂν
1270 4019 1297 4070 6
1329 4017 1454 4081 Υἱὸς
1510 4018 1855 4092 ἀποκαλύψῃ.
1892 4038 1910 4072 ι

338 4105 470 4167 Πῶς
497 4104 555 4157 δὲ
583 4105 715 4158 Θεὸν
744 4106 969 4175 μηδενὸς
991 4107 1293 4175 ἑωρακότος
1318 4107 1557 4172 πώποτε,
1583 4109 1726 4162 καθά
1754 4127 1915 4180 φησιν

334 4197 365 4249 6
424 4196 835 4268 εύαγγελιστὴς,
875 4197 1060 4267 βλέπει
1110 4198 1269 4267 μόνος
1304 4200 1332 4251 6
1389 4199 1547 4263 Υίός;
1605 4200 1916 4271 Γέγραπται

334 4288 451 4357 γὰρ
487 4288 586 4357 οὐχ
620 4290 703 4340 ὅτι
757 4288 848 4341 τὸν
891 4288 1107 4359 Πατέρα
1135 4305 1219 4351 τις
1269 4289 1531 4360 ἑώρακεν,
1559 4292 1607 4341 εί
1651 4292 1727 4360 μὴ
1762 4291 1790 4342 6
1838 4291 1915 4344 ὣν

336 4380 494 4450 παρὰ
525 4378 620 4431 τοῦ
654 4380 898 4452 Πατρός;
928 4381 1137 4433 Οὐκοῦν
1167 4381 1216 4432 ει
1266 4381 1424 4450 μόνος
1458 4384 1484 4435 6
1524 4382 1649 4445 Υἱὸς
1689 4384 1792 4454 ὁρᾷ
1822 4387 1914 4436 καὶ

2019 3274 2259 3322 creatum
2295 3283 2308 3320 :
2344 3276 2400 3319 at
2448 3266 2627 3337 potius
2683 3264 2845 3330 Deus,
2896 3264 3079 3332 utpote
3125 3275 3187 3314 ex
3243 3258 3350 3311 Deo
3391 3266 3447 3311 et
3491 3254 3594 3307 Pa-

2021 3362 2122 3408 tre.

2123 3465 2355 3530 ALIUD,
2392 3482 2509 3518 cum
2545 3466 2866 3520 connexione
2899 3464 3118 3518 alterius
3172 3460 3481 3533 syllogismi.

2088 3578 2141 3631 Si
2172 3578 2340 3631 Filius
2372 3590 2454 3632 est
2487 3589 2761 3642 creatura,
2802 3580 3071 3647 quomodo
3101 3577 3213 3645 ipse
3250 3576 3398 3628 solus
3437 3586 3593 3626 reve-

2018 3665 2091 3719 lat
2116 3667 2352 3728 Patrem,
2385 3670 2526 3735 quod
2559 3678 2765 3723 caetera:
2783 3678 3045 3722 creatura:
3074 3667 3255 3720 facere
3278 3662 3594 3735 nequeunt?

2016 3755 2123 3807 Aut
2151 3756 2419 3823 quomodo
2449 3756 2595 3810 solus
2626 3757 2794 3811 Filius
2842 3757 3118 3823 cognoscit
3181 3755 3418 3818 Patrem,
3472 3769 3593 3807 cum

2019 3845 2241 3910 reliqua:
2266 3852 2528 3898 creatura:
2560 3846 2801 3899 nesciant
2836 3848 2957 3914 quis
3006 3845 3110 3898 sit?
3149 3863 3167 3894 ι
3207 3844 3375 3897 Nemo
3425 3843 3593 3904 enim,

2022 3932 2181 4006 149
2233 3934 2426 4002 inquit,
2450 3933 2598 3987 novit
2622 3932 2835 3986 Patrem
2870 3934 2970 3987 nisi
3004 3932 3198 3994 Filius,
3249 3939 3301 3983 et
3364 3931 3447 3982 cui
3516 3928 3599 3981 Fi-

2017 4024 2120 4078 lius
2146 4023 2461 4077 rcvelaverit
2489 4022 2557 4077 “.
2596 4042 2616 4076 ι
2655 4022 2773 4088 Quo
2793 4032 2949 4090 pacto
2971 4034 3122 4083 vero,
3148 4034 3266 4072 cum
3296 4016 3464 4071 Deum
3496 4032 3595 4072 ne-

2018 4128 2107 4168 mo
2142 4114 2335 4168 viderit
2370 4129 2626 4183 unquam.
2667 4114 2809 4169 sicut
2872 4113 2947 4166 ait
2976 4109 3309 4179 evangelista
3343 4109 3409 4170 ".
3448 4110 3597 4163 solus

2018 4205 2186 4260 Filius
2205 4206 2385 4261 videt?
2410 4206 2599 4259 Nonne
2629 4205 2769 4260 enim
2825 4207 3084 4273 scriptum
3109 4213 3191 4257 est
3219 4204 3288 4268 ⁸⁸,
3320 4220 3338 4252 ι
3381 4202 3594 4255 Patrem

2018 4312 2176 4351 nemo
2204 4298 2337 4350 vidit
2358 4296 2728 4365 unquam,nisi
2754 4296 2843 4363 qui
2871 4307 3037 4349 estex
3061 4294 3260 4347 Patre?
3286 4312 3304 4345 ι
3332 4293 3594 4359 Quocirca

2017 4386 2062 4440 si
2098 4386 2246 4439 solus
2281 4384 2464 4438 Filius
2495 4386 2636 4439 videt
2665 4393 2720 4439 et
2746 4385 3022 4454 cognoscit
3050 4384 3288 4447 Patrem,
3313 4386 3597 4452 ipsumque

338 4469 606 4539 γινώσκει
624 4470 716 4523 τὸν
739 4471 980 4540 Πατέρα,
996 4472 1087 4524 καὶ
1103 4471 1477 4525 ἀποκαλύπτει
1495 4473 1676 4538 αὐτὸν,
1695 4475 1793 4526 οὑκ
1810 4475 1915 4543 ἄρα

2020 4478 2223 4531 revelat
2261 4494 2275 4530 :
2309 4492 2415 4531 non
2443 4478 2604 4543 igitur
2621 4485 2865 4530 creatura
2902 4483 3009 4538 est,
3054 4475 3148 4528 sed
3209 4474 3485 4542 proprium
3522 4475 3596 4539 ipe

336 4558 549 4629 κτίσμα
587 4560 754 4623 ἐστὶν,
791 4560 903 4613 ἀλλ’
932 4561 1058 4624 ίδιος
1085 4562 1246 4614 αὑτοῦ
1269 4562 1461 4630 Λόγος,
1499 4564 1635 4634 ὅπερ
1661 4566 1808 4618 ἐστὶν
1829 4566 1919 4618 αὐ-

335 4652 432 4714 τὸς
452 4649 596 4703 κατὰ
635 4650 826 4720 φύσιν’
860 4651 1018 4705 τοῦτο
1059 4654 1323 4723 ὑπάρχειν
1360 4652 1514 4717 είδὼς
1553 4656 1648 4708 καὶ
1680 4656 1770 4709 16v
1795 4656 1917 4711 ὅθεν

335 4739 669 4810 ἐϐλάστησε,
708 4741 949 4811 Πατέρα,
993 4743 1086 4795 καὶ
1118 4744 1174 4795 ὲν
1214 4742 1391 4813 ἑαυτῷ
1426 4743 1686 4796 δεικνύων
1734 4745 1917 4810 αὑτὸν,

337 4831 520 4885 καίτοι
557 4832 667 4887 τῶν
718 4831 893 4886 ἄλλων
938 4833 1252 4903 κτισμάτων
1300 4835 1360 4887 ού
1414 4834 1725 4904 δυναμένων
1763 4835 1921 4889 τοῦτο

338 4924 532 4977 ποιεῖν.
572 4921 647 4975 Ού
686 4924 795 4994 γὰρ
821 4926 879 4977 ὲν
925 4926 1038 4988 τοῖς
1086 4926 1383 4996 ποιήμασιν
1426 4928 1457 4996 ή
1508 4927 1603 4979 τοῦ
1637 4928 1915 4992 ποιοῦντος

336 5011 596 5081 ὁμοιότης
625 5012 877 5077 σώζεται,
907 5014 1029 5067 οὐδὲ
1056 5015 1113 5066 ἐν
1133 5018 1242 5079 τοῖς
1270 5019 1515 5087 γενητοῖς
1544 5019 1573 5070 6
1601 5018 1913 5087 ἁγέννητος,

338 5103 459 5156 οὐδὲ
493 5104 552 5156 ἑν
580 5108 690 5168 τοῖς
719 5106 783 5158 ὲκ
821 5105 913 5158 τοῦ
944 5106 1017 5177 μὴ
1062 5107 1211 5171 ὄντος
1248 5111 1328 5170 εἰς
1355 5108 1414 5161 τὸ
1454 5103 1591 5161 εἶναι
1632 5109 1918 5181 παρηγμέ-

338 5211 451 5257 νοις
483 5197 511 5247 ὁ
542 5196 630 5248 ἀεὶ
669 5197 762 5249 καὶ
800 5196 1061 5261 ώσαύτως
1086 5197 1161 5251 ὢν
1196 5200 1547 5270 όραθήσεται.
1577 5200 1826 5254 Φαίνεται
1860 5201 1916 5254 δὲ

341 5288 400 5337 ἐν
426 5284 539 5355 Υίῷ
558 5303 571 5316 ·
600 5286 715 5339 ἐστι
736 5286 845 5358 γὰρ
860 5286 1025 5341 εἰκὼν
1050 5288 1467 5359 ἀπαράλλακτος
1487 5289 1671 5343 αὐτοῦ.
1696 5291 1919 5362 Ὄμοιος

339 5372 434 5429 οὖν
483 5378 606 5430 κατ’
646 5378 834 5432 οὐσίαν
894 5378 1010 5432 ἐστὶ
1049 5378 1140 5432 τοῦ
1191 5377 1421 5449 Πατρδς,
1456 5381 1516 5434 ού
1565 5381 1768 5452 κτίσμα
1823 5387 1918 5438 καὶ

345 5466 573 5536 ποίημα.
619 5467 836 5538 Ἐπειδὴ
869 5468 1073 5521 τούτων
1104 5468 1253 5522 ούδέν
1289 5469 1435 5522 ἐστιν
1474 5471 1501 5523 6
1531 5470 1737 5542 Πατὴρ,
1784 5473 1917 5543 πρὸς

342 5554 401 5607 ὃν
437 5556 531 5607 καὶ
573 5574 637 5625 με
647 5558 950 5627 μόρφωται.

421 5730 673 5789 "Matth.
714 5750 785 5795 tu,
825 5734 916 5787 27.
992 5734 1209 5789 “Joan.
1251 5750 1286 5801 ι,
1325 5735 1405 5788 l8.
1482 5734 1697 5789 "Joan.
1729 5736 1911 5809 ιἰηλίϋ.

2022 4569 2138 4623 sius
2185 4569 2441 4634 Verbum,
2485 4569 2625 4637 quod
2654 4566 2869 4635 quidem
2926 4575 3011 4620 est
3053 4565 3167 4633 ipse
3225 4564 3592 4618 naturaliter:

2026 4659 2128 4713 hoc
2153 4659 2315 4711 etiam
2343 4658 2604 4712 exsistere
2626 4657 2807 4710 sciens
2840 4669 2964 4709 eum
2990 4668 3019 4706 ε
3069 4668 3175 4723 quo
3225 4651 3469 4720 procedit
3497 4648 3597 4702 Pa-

2019 4756 2181 4811 trem,
2218 4754 2270 4800 et
2303 4747 2355 4800 in
2386 4748 2565 4816 seipso
2594 4760 2716 4800 eum
2746 4745 3188 4807 ostendens,cum
3213 4748 3419 4795 εεειετω
3440 4752 3596 4792 crea-

2018 4848 2151 4892 turae
2182 4839 2231 4891 id
2272 4847 2529 4907 praestare
2562 4852 2666 4892 non
2695 4838 2925 4907 possint.
2958 4835 3144 4903 Neque
3192 4834 3336 4886 enim
3368 4830 3420 4885 in
3437 4844 3594 4885 crea-

2022 4930 2160 4983 turis
2182 4928 2449 4983 creatoris
2484 4928 2782 4983 similitudo
2816 4936 3087 4989 servatur,
3147 4938 3321 4992 neque
3372 4922 3596 4976 factoris

2020 5020 2073 5075 iu
2104 5021 2170 5073 iis
2201 5034 2320 5088 quae
2347 5018 2489 5074 facta
2524 5028 2685 5074 sunt:
2721 5019 2964 5089 nequein
2994 5017 3059 5071 iis
3083 5030 3201 5085 qua:
3233 5030 3297 5069 ex
3327 5014 3495 5068 nihilo
3528 5014 3593 5065 ad

2021 5126 2143 5165 esse
2172 5111 2415 5165 traducta
2446 5111 2659 5175 sunt,is
2706 5110 2796 5179 qui
2856 5124 3071 5178 semper
3117 5107 3414 5176 eodemque
3438 5105 3596 5159 modo

2024 5200 2260 5263 exsistit,
2302 5200 2563 5254 cernitur.
2584 5198 2837 5253 Cernitur
2866 5195 3115 5249 autemin
3134 5193 3267 5249 Filio
3302 5210 3316 5245 :
3345 5201 3427 5246 est
3449 5191 3593 5244 enim

2022 5292 2327 5347 omnimoda
2358 5291 2527 5363 ipsius
2569 5294 2764 5359 imago.
2815 5288 3020 5344 Similis
3065 5289 3247 5358 itaque
3299 5284 3593 5341 secundum
3656 5285 3662 5291 ’

2024 5383 2318 5437 essentiam
2344 5392 2428 5438 est
2483 5382 2653 5445 Patri,
2707 5397 2810 5437 non
2864 5396 2999 5450 opus
3044 5390 3138 5434 aut
3193 5387 3458 5434 creatura.
3510 5375 3595 5430 Si-

2023 5475 2237 5543 quidem
2268 5476 2402 5532 nihil
2428 5478 2619 5533 borum
2649 5484 2731 5531 est
2755 5474 2933 5538 Pater,
2971 5472 3122 5543 cujus
3168 5472 3452 5543 imaginem
3512 5483 3595 5523 re-

2024 5568 2146 5622 fert.
