4036 6208
486 348 588 405 ΞἍ

1485 346 1542 400 S.
1585 341 1856 400 CYRILLI
1901 337 2368 394 ALEXANDRINI
2409 338 2726 395 ARCHIEP.

3649 339 3756 394 259..

487 464 892 538 Demonstratur
930 484 1022 538 per
1055 468 1437 522 observationes
1480 481 1544 518 ea:
1587 479 1738 538 sacra
1774 460 2036 524 Scriptum

2169 456 2588 538 'Axoqezftcftf
2617 457 3034 538 ἐπιτηρησεων
3057 454 3376 535 πραςρικῶν,
3400 456 3489 508 ὅτι
3509 455 3591 538 ῶς
3613 456 3756 538 Θερς

550 537 760 606 petitus,
813 530 951 606 quod
995 539 1138 592 nulla
1187 547 1550 591 creaturarum
1579 532 1845 606 adoretur
1900 530 2057 606 quasi

561 605 696 676 Deus
727 623 744 659 :
774 600 1012 676 quodque
1035 626 1093 661 ea
1122 623 1238 675 qua:
1269 608 1489 659 adorant
1521 600 1736 657 adorari
1763 608 1850 652 aut
1891 600 2054 667 glori-

551 673 706 743 βίαιτί
736 673 839 730 non
872 673 1180 732 sustineam.

558 783 752 842 Petrus
810 786 1122 842 Cornelium
1163 786 1478 838 adorantem
1522 795 1580 835 se
1614 780 1860 850 prohibet
1896 788 2057 844 atque

483 885 655 942 arcet,
681 877 865 933 dicens
895 895 938 930 ει
963 878 1038 932 Ne
1058 877 1252 941 facias;
1274 891 1396 928 nam
1418 882 1472 928 et
1490 888 1723 943 egosmn
1750 872 1908 924 homo
1927 872 2015 922 ³⁵⁸.
2032 889 2049 918 ι

482 969 720 1040 Angelus
771 970 931 1023 etiam
979 969 1029 1020 in
1067 965 1385 1036 Apocalypsi
1433 962 1698 1018 Joannem
1741 963 2053 1016 adorantem

482 1075 541 1116 se
584 1061 848 1128 increpat,
897 1059 1129 1112 dicens:
1173 1076 1192 1108 ι
1225 1058 1368 1112 Cave
1403 1071 1470 1110 ne
1523 1055 1708 1114 facias.
1761 1068 2055 1109 conservus

479 1149 622 1202 enim
657 1158 778 1202 tuus
827 1163 968 1210 sum,
1019 1157 1074 1202 et
1118 1149 1343 1201 fratrum
1383 1156 1594 1200 tuorum
1645 1145 2052 1215 prophelarum,

477 1247 531 1292 et
553 1252 740 1292 eorum
761 1239 852 1310 qui
885 1239 1383 1294 custodiuntverba
1406 1239 1528 1293 libri
1555 1238 1712 1308 hujus
1731 1238 1797 1288 ³⁷.
1825 1255 1843 1286 ι
1868 1234 2054 1288 Manoe

477 1341 694 1396 quoque
729 1337 937 1395 patrem
976 1327 1318 1397 Sampsonis,
1350 1327 1680 1381 sacrificium
1712 1324 2050 1388 offerentem,

477 1417 702 1488 angelus
737 1417 1027 1486 prohibuit,
1061 1418 1246 1472 dicens
1274 1435 1287 1471 :
1320 1435 1339 1467 ‹
1367 1416 1422 1471 Si
1450 1417 1784 1471 sacrilleabis
1818 1415 2052 1477 haedum,

477 1508 704 1562 Domino
737 1507 1074 1563 saeriticahis
1107 1523 1231 1563 eum
1254 1510 1325 1562 ”.
1354 1528 1372 1559 ι
1405 1509 1478 1563 De
1511 1507 1647 1562 Filio
1695 1516 1874 1561 autem
1918 1505 2054 1560 scri-

474 1609 620 1667 ptum
648 1607 771 1654 est:
808 1618 826 1651 ι
861 1599 1101 1654 Adorent
1128 1614 1250 1654 eum
1282 1605 1470 1655 omnes
1499 1599 1674 1667 angeli
1709 1597 1803 1653 Dei
1843 1598 1910 1651 θ’.
1945 1615 1963 1648 ι
1997 1593 2050 1648 lu

473 1687 607 1742 Isaia
639 1689 896 1757 scriptum
925 1698 1008 1743 est
1041 1707 1056 1744 :
1098 1708 1116 1741 ι
1153 1687 1213 1744 ln
1254 1699 1303 1745 te
1327 1690 1662 1754 adorabunt,
1678 1700 1732 1745 et
1761 1690 1814 1744 iu
1853 1699 1904 1742 te
1929 1696 2051 1740 vota

471 1778 692 1834 facient.
726 1778 806 1833 Tu
840 1781 981 1834 enim
1019 1795 1078 1835 es
1123 1781 1285 1846 Deus,
1321 1791 1374 1837 et
1419 1783 1764 1847 nescivimus,
1802 1781 1942 1834 Deus
1974 1777 2051 1833 ls-

473 1875 583 1929 rael
630 1874 888 1931 Servator
936 1877 974 1932 ⁸.
1009 1897 1028 1929 ι
1078 1877 1263 1932 Fuerit
1309 1888 1490 1931 autem
1525 1876 1893 1931 verisimiliter
1938 1874 2052 1928 lucc

473 1980 575 2020 vox
617 1980 804 2021 eorum
835 1968 925 2037 qui
969 1982 1031 2022 ex
1067 1968 1316 2039 gentibus
1352 1967 1531 2022 vocati
1575 1975 1720 2031 sunt,
1748 1966 1838 2036 qui
1883 1965 2047 2019 Deum

469 2057 722 2126 deinceps
749 2069 1132 2128 cognoverunt.
1173 2057 1228 2113 Si
1273 2072 1403 2111 vero
1430 2056 1623 2110 Filium
1656 2066 2049 2127 cognoscentes

469 2147 634 2201 Deum
670 2157 1061 2219 ceguoverunt,
1097 2161 1151 2203 et
1175 2156 1430 2218 tanquam
1464 2150 1634 2205 Deum
1665 2149 1916 2213 adorant,
1943 2162 2045 2200 non

467 2238 630 2307 igitur
675 2248 924 2293 creatura
976 2249 1094 2305 est,
1141 2254 1208 2294 ne
1269 2249 1457 2311 gentes
1511 2249 1818 2298 creaturam
1868 2240 2047 2311 potius

463 2341 626 2394 quant
652 2326 965 2383 Creatorem
1000 2329 1178 2384 colere
1199 2329 1512 2386 videantur.

1139 2525 1372 2582 ALIUD.

529 2637 780 2694 Christus
807 2639 874 2694 ad
909 2639 1201 2709 discipulos
1234 2654 1364 2695 suos
1418 2655 1470 2694 .a
1503 2640 1575 2696 ait
1612 2664 1623 2695 :
1657 2660 1674 2691 ι
1706 2639 1816 2694 Vos
1839 2641 2042 2694 vocatis

459 2746 566 2794 me,
617 2732 895 2792 Dominus,
956 2742 1008 2785 et
1054 2713 1333 2802 Magister,
1361 2741 1415 2787 et
1446 2743 1595 2788 recte
1645 2733 1827 2787 dicitis
1867 2750 1882 2786 :
1919 2748 2039 2786 sum

457 2823 599 2876 enim
623 2821 663 2872 '.
702 2839 720 2872 ι
755 2819 959 2875 Deinde
985 2819 1224 2876 Thomas
1261 2822 1331 2875 ita
1362 2821 1427 2876 ad
1461 2821 1638 2892 ipsum
1674 2822 1844 2876 dicit:
1884 2839 1902 2873 ι
1932 2821 2039 2876 Do-

458 2911 636 2964 minus
685 2925 856 2974 meus,
893 2920 949 2964 et
999 2911 1138 2965 Deus
1179 2911 1403 2976 meus';
1443 2929 1461 2961 ι
1499 2927 1673 2982 neque
1705 2922 1880 2967 tamen
1914 2928 2040 2982 pro-

458 3001 651 3067 hibuit,
712 3017 780 3056 ne
831 3001 1126 3070 discipulus
1174 3001 1227 3056 id
1293 3001 1530 3069 diceret,
1585 3004 2037 3072 quemadmodum

456 3092 628 3163 angeli
675 3093 905 3148 sanctis.
953 3094 1236 3148 Psalmista
1269 3096 1432 3149 etiam
1473 3115 1486 3151 :
1525 3115 1543 3148 ι
1582 3097 1838 3149 Thronus
1888 3106 2032 3160 tuus,

2234 526 2417 580 οὐδὲν
2447 524 2566 578 τῶν
2600 525 2941 594 κτισμάτων
2966 524 3394 592 προσκυνεῖται
3419 541 3433 555 ο
3467 527 3607 578 οὐτε
3629 525 3756 594 μὴν

2229 595 2733 665 προσκυνούμενα
2807 595 3081 663 ἀνέχεται
3151 594 3628 662 προσκυνεῖσθαι
3714 595 3751 665 ἦ

2231 663 2702 732 δοξολογεῖσθαι.

2241 776 2298 828 Ὀ
2331 775 2603 846 μακάριος
2632 775 2838 846 Πέτρος
2871 775 3286 846 προσκυνοῦντα
3311 775 3402 829 τὸν
3426 775 3747 847 Κορνήλιον,

2155 866 2442 920 διακωλύει
2467 867 2670 935 λέγων·
2697 885 2715 917 ι
2743 868 2834 936 Μὴ
2864 867 3028 920 ποίει·
3051 868 3146 920 καὶ
3177 868 3285 939 γὰρ
3323 867 3436 935 ἐγὼ
3465 867 3750 938 ἄνθρωπός

2157 958 2294 1027 εἰμι.
2329 977 2347 1008 ι
2369 955 2671 1009 Ἐκώλυσεν
2698 956 2926 1026 ἄγγελος
2945 958 3352 1028 προσκυνοῦντα
3387 959 3478 1011 τὸν
3493 959 3748 1030 Ἰωάννην

2156 1052 2212 1102 ὲν
2235 1052 2299 1120 τῆ
2330 1049 2494 1103 αὑτοῦ
2512 1049 2898 1117 Ἀποκαλύψει,
2918 1049 3109 1118 λέγων’
3134 1069 3151 1102 ι
3181 1050 3323 1121 Ὅρα
3351 1056 3425 1120 μή
3460 1049 3747 1114 σύνδουλός

2159 1159 2251 1194 σου
2284 1142 2400 1212 εἰμὶ
2420 1185 2434 1208 ,
2481 1143 2576 1195 καὶ
2617 1141 2725 1194 τῶν
2765 1141 3010 1208 ἀδελφῶν
3041 1159 3134 1194 σου
3165 1143 3272 1195 τῶν
3305 1141 3620 1211 προφητῶν,
3655 1145 3746 1195 καὶ

2155 1232 2263 1283 τὼν
2295 1231 2675 1299 φυλασσόντων
2709 1220 2841 1296 τοὺς
2861 1232 3055 1300 λόγους
3086 1231 3180 1285 τοῦ
3231 1231 3435 1300 βιϐλίου
3478 1231 3687 1284 τούτου.
3722 1251 3740 1283 ι

2157 1322 2262 1374 Τὸν
2309 1323 2510 1376 Μανιοὲ
2558 1321 2653 1375 τοῦ
2705 1322 2944 1393 Σαμψὼν
2988 1323 3082 1376 τὸν
3111 1325 3322 1393 πατέρα
3363 1322 3550 1376 θυσίαν
3579 1340 3746 1387 προσ-

2157 1415 2396 1481 άγοντα,
2451 1415 2763 1467 κεκώλυκεν
2817 1417 2845 1468 6
2894 1415 3122 1483 ἄγγελος
3169 1413 3375 1482 λέγων·
3431 1433 3448 1465 ι
3491 1416 3600 1466 Ka‘t
3649 1415 3744 1467 ἐὰν

2155 1506 2389 1576 ποιήσῃς
2441 1504 2650 1574 ἔριφον,
2697 1505 2889 1577 Κυρίῳ
2937 1506 3183 1574 ποιήσεις
3233 1504 3415 1557 αὐτόν.
3452 1523 3469 1556 ι
3507 1505 3642 1575 Περὶ
3685 1504 3741 1557 δὲ

2154 1596 2246 1648 τοῦ
2283 1595 2411 1650 Υἱοῦ
2439 1597 2778 1666 γέγραπται·
2815 1615 2832 1648 ι
2860 1596 3402 1666 Προσκυνησάτωσαν
3432 1595 3579 1667 αὺτῷ
3600 1597 3738 1649 πάν-

2155 1707 2244 1752 τες
2274 1689 2494 1758 ἄγγελοι
2532 1688 2688 1742 Θεοῦ.
2717 1707 2735 1739 ι
2756 1687 2845 1741 Ἐν
2870 1688 2949 1758 τῷ
2976 1688 3172 1759 Ἡσαΐᾳ
3203 1688 3511 1760 γέγραπται
3543 1689 3733 1757 πάλιν·

2163 1800 2179 1831 ι
2217 1783 2327 1834 Καὶ
2361 1783 2418 1834 ὲν
2455 1780 2539 1833 σοὶ
2573 1781 3028 1850 προσκυνήσουσι,
3060 1781 3155 1834 xal.
3188 1783 3246 1834 ὲν
3279 1781 3362 1835 σοὶ
3407 1781 3732 1852 προσεύξον-

2084 1836 2124 1889 Β
2151 1889 2260 1925 ται.
2309 1872 2382 1924 Σὺ
2408 1871 2519 1943 γὰρ
2548 1836 2651 1924 εῑιό
2676 1836 2848 1936 Θεὸςί
2867 1872 2966 1926 καὶ
3007 1836 3108 1925 οὐκ
3138 1873 3390 1942 ᾔδειμεν·
3427 1836 3464 1924 6.
3482 1836 3737 1935 Θεὸςστοῦ

2164 1961 2378 2033 Ἰσραὴλ
2429 1963 2641 2032 Σωτήρ.
2675 1981 2694 2014 ι
2725 1961 2824 2032 Εῖη
2869 1961 2914 2014 δ’
2951 1961 3018 2014 ἂν
3061 1962 3284 2024 εἰκότως
3327 1961 3435 2014 τῶν
3469 1960 3528 2026 ἐξ
3569 1962 3739 2016 ἐθνῶν

2150 2055 2504 2125 κεκλημένων
2547 2055 2581 2124 ή
2625 2053 2852 2124 τοιαύτη
2905 2053 3056 2124 φωνὴ
3110 2053 3298 2106 λοιπὸν
3347 2055 3736 2122 ὲπεγνωκότων

2148 2145 2299 2202 Θεόν.
2330 2148 2392 2200 El
2437 2146 2494 2198 δὲ
2544 2145 2634 2198 τὸν
2675 2144 2800 2198 Υἱὸν
2845 2145 3181 2211 ἐπιγνόντες,
3211 2146 3343 2198 Θεὸν
3394 2145 3733 2214 ἐπέγνωσαν⁹

2148 2238 2241 2291 καὶ
2287 2238 2363 2301 ὡς
2407 2235 2526 2307 Θεῷ
2573 2235 2995 2307 προσκυνοῦσιν,
3025 2236 3125 2289 οὐκ
3156 2235 3264 2306 ἄρα
3301 2238 3508 2307 κτίσμα
3563 2238 3732 2301 ἐστὶν,

2146 2329 2232 2382 ἵνα
2264 2331 2339 2398 μὴ
2371 2327 2534 2382 πάλιν
2570 2327 2832 2396 κτίσματι
2868 2326 3104 2396 λατρεύῃ
3148 2326 3217 2379 τὰ
3266 2327 3392 2398 ἔθνη
3440 2327 3593 2398 παρὰ
3644 2327 3734 2381 τὸν

2147 2420 2433 2473 κτίσαντα.

2835 2531 3038 2586 ΛΛΛο.

2213 2645 2374 2712 Λέγει
2435 2644 2570 2715 πρὸς
2623 2661 2750 2708 τους
2820 2644 3014 2698 ἑαυτοῦ
3073 2643 3319 2714 μαθητὰς
3369 2645 3396 2696 6
3450 2629 3678 2716 Χριστός
3716 2663 3727 2675 ·

2149 2754 2168 2786 ι
2191 2737 2379 2806 Ὑμεῖς
2410 2735 2622 2790 καλεῖτέ
2653 2754 2741 2807 με,
2777 2737 2805 2788 6
2836 2737 3038 2808 Κύριος
3074 2736 3167 2788 καὶ
3200 2737 3227 2788 ό
3262 2735 3610 2799 Διδάσκαλος,
3635 2739 3733 2788 καὶ

2141 2827 2322 2890 καλῶς
2368 2828 2554 2896 λέγετε
2575 2845 2586 2857 ·
2617 2829 2734 2898 εἰμὶ
2768 2829 2896 2898 γάρ.
2929 2847 2948 2880 ι
2986 2823 3116 2880 Εἶτα
3163 2827 3312 2896 λέγει
3346 2827 3479 2898 πρὸς
3512 2828 3670 2880 αὑτὸν
3701 2829 3730 2881 6

2139 2916 2342 2985 Θωμᾶς
2364 2931 2377 2944 ·
2419 2936 2436 2968 ι
2461 2917 2518 2968 Ὀ
2551 2915 2753 2986 Κύριός
2782 2934 2911 2987 μου,
2948 2917 3042 2970 καὶ
3071 2919 3099 2970 6
3126 2917 3257 2979 Θεός
3307 2934 3428 2986 μου,
3463 2936 3481 2968 ι
3503 2917 3598 2969 xal.
3625 2918 3727 2969 οὐκ

2139 3005 2464 3060 ἀπεκώλυσε
2495 3007 2670 3062 ταῦτα
2699 3008 2924 3076 λέγοντα
2948 3007 3040 3060 τὸν
3071 3007 3316 3078 μαθητὴν
3344 3008 3417 3071 ὼς
3439 3009 3487 3060 οἱ
3508 3007 3728 3076 ἄγγελοι

2137 3099 2262 3161 τοὺς
2287 3098 2496 3166 ἁγίους.
2513 3100 2622 3152 Καὶ
2640 3101 2668 3151 6
2691 3099 2996 3169 Ψαλμῳδός
3012 3111 3027 3126 °
3058 3118 3076 3148 ι
3098 3100 3155 3152 Ὀ
3181 3099 3366 3169 θρόνος
3391 3116 3505 3161 σου,
3529 3099 3556 3150 6
3573 3098 3726 3162 Θεὸς,

457 3183 618 3248 Deus,
650 3185 811 3247 Deus,
847 3183 900 3238 in
933 3183 1186 3240 sarculum
1220 3186 1400 3240 saeculi
1427 3185 1470 3239 ⁸.
1501 3204 1520 3237 ›
1562 3185 1722 3254 15o
1749 3186 1815 3239 At
1848 3186 1892 3241 si
1918 3196 2036 3240 erat

2152 3189 2166 3240 5
2196 3188 2351 3251 Θεὸς,
2398 3190 2479 3251 είς
2513 3188 2604 3240 τὸν
2636 3167 2934 3241 αἰῶναήτοῦ
2974 3167 3236 3252 αἰῶνοςι
3289 3189 3427 3241 Ἀλλ’
3462 3188 3619 3259 εἴπερ
3659 3186 3727 3260 ἦν

453 3288 704 3332 creatura
749 3277 914 3332 etiam
961 3278 1096 3347 ipse,
1134 3293 1238 3332 non
1274 3276 1468 3332 fuisset
1529 3279 1808 3341 adoratus,
1860 3292 2035 3347 neque

2152 3278 2346 3346 ιιτίσμα
2400 3280 2492 3330 καὶ
2546 3279 2730 3344 αὐτὸς,
2789 3279 2888 3332 οὐκ
2941 3279 3006 3333 ἂν
3057 3281 3460 3351 προσεκυνήθη,
3509 3282 3608 3333 οὐκ
3658 3282 3725 3334 ἂν

453 3377 674 3421 vocatus
712 3367 989 3435 Dominus,
1043 3382 1220 3437 neque
1255 3368 1464 3422 tulisset
1491 3382 1818 3437 quemquam
1849 3367 2033 3422 dicen-

2152 3369 2343 3438 ὲκλήθη
2394 3369 2618 3440 Κύριος,
2653 3370 2753 3422 οὐκ
2797 3369 2864 3422 ἂν
2912 3370 3173 3439 ἠνέσχετο
3205 3370 3419 3423 ἀκούων
3454 3371 3600 3433 τινὸς
3640 3371 3725 3423 λέ-

455 3469 560 3512 lem
601 3477 615 3512 :
653 3457 731 3512 Tu
765 3475 824 3514 es
853 3460 996 3514 Deus
1028 3475 1197 3514 meus.
1231 3458 1364 3515 Cum
1399 3475 1528 3515 vero
1561 3459 1879 3514 naturaliter
1918 3459 2033 3514 haec

2152 3472 2361 3523 τοντος·
2396 3458 2467 3510 Σὺ
2517 3453 2569 3510 εἰ
2624 3460 2652 3510 6
2697 3458 2830 3521 Θεός
2865 3459 3226 3530 μου.Ἐπειδὴ
3270 3459 3325 3512 δὲ
3379 3462 3519 3512 κατὰ
3563 3461 3723 3528 φύσιν

451 3549 544 3612 sit,
579 3549 784 3602 habens
817 3563 878 3603 ea
907 3564 1026 3617 qua:
1058 3547 1234 3603 Patris
1267 3558 1413 3614 sunt,
1449 3557 1507 3602 ut
1542 3547 1712 3602 Filius
1757 3555 1812 3600 et
1845 3561 2030 3600 verum

2152 3548 2306 3602 ταῦτά
2331 3551 2499 3612 ἐστιν,
2532 3549 2668 3620 ἔχων
2701 3551 2768 3603 τὰ
2801 3550 2893 3603 τοῦ
2945 3551 3155 3622 Πατρὸς
3199 3551 3274 3610 ὡς
3305 3551 3428 3614 Υἱὸς
3464 3554 3558 3605 καὶ
3591 3555 3724 3622 γινήο

453 3639 619 3708 ipsius
665 3653 906 3709 germen,
960 3639 1196 3694 admittit
1226 3640 1389 3694 etiam
1438 3655 1530 3694 eos
1560 3641 1652 3709 qui
1699 3638 1825 3693 talia
1873 3639 1940 3692 de
1973 3652 2032 3692 se

2152 3659 2250 3694 nov
2278 3642 2544 3712 γέννημα,
2563 3643 2656 3696 καὶ
2680 3643 3002 3712 ἀποδέχεται
3032 3643 3158 3707 τοὺς
3188 3643 3256 3696 τὰ
3285 3644 3508 3698 τοιαῦτα
3537 3645 3721 3711 λέγον-

451 3733 763 3800 praedicant,
803 3743 861 3786 ut
884 3747 1067 3786 verum
1100 3732 1433 3802 profitentes.

1130 3839 1358 3896 ALIUD.

450 3950 688 4022 Objectio
727 3969 791 4008 ea:
841 3953 1170 4022 dogmatibus
1216 3953 1353 4016 Arii,
1403 3970 1519 4022 qua:
1574 3971 1769 4017 vereor,
1824 3965 1880 4008 ut
1929 3957 2026 4018 ipsi

512 4033 722 4088 putant,
759 4041 975 4076 causam
1008 4025 1260 4083 continet,
1295 4035 1504 4090 propter
1542 4040 1698 4090 quam
1741 4027 1912 4091 {nctus
1960 4025 2024 4076 sit

517 4091 713 4158 Filius,
773 4106 819 4146 et
847 4093 960 4161 ejus
985 4110 1074 4161 per
1097 4093 1294 4145 sottdos
1329 4092 1661 4161 syttogismos
1695 4095 1966 4160 refutatio.

517 4270 674 4334 Cum,
708 4270 976 4339 inquiunt,
1009 4269 1148 4324 Deus
1184 4267 1342 4324 vellet
1372 4275 1741 4323 creaturarum
1775 4279 2023 4325 naturam

444 4359 792 4421 constituere,
825 4373 946 4411 eum
977 4357 1066 4412 illa
1096 4358 1414 4413 iii-.meusam
1434 4357 1604 4426 ipsius
1627 4359 1734 4412 vim
1767 4375 1828 4413 ae
1855 4360 2025 4414 virtu-

2131 3750 2252 3798 τας,
2283 3734 2359 3797 ὡς
2382 3733 2778 3805 ὁμολογοῦντας
2808 3734 2870 3786 τὸ
2900 3734 3122 3805 ἀληθές.

2821 3850 3028 3905 ΛΛΛΟ.

2143 3960 2470 4028 Ἀντίυεσις
2517 3963 2635 4017 ἀπὸ
2683 3962 2800 4016 τῶν
2851 3963 3078 4030 Ἀρείου
3127 3964 3468 4032 δογμάτων,
3517 3966 3719 4018 alt/ar

2200 4031 2434 4099 ἔχουσα
2491 4033 2595 4085 τοῦ
2650 4032 3014 4100 πεποιῆσθαι
3065 4036 3173 4088 τὸν
3209 4031 3366 4096 Υἱὸν,
3418 4036 3500 4101 ὠς
3547 4036 3716 4088 αὐτοὶ

2200 4101 2544 4174 νομίζουσιν
2574 4101 2794 4170 ἀληθῆ.
2839 4103 2936 4174 καί
2972 4105 3152 4170 λύσις
3188 4102 3408 4172 ἐφεξῆς
3431 4107 3582 4174 μετὰ
3618 4119 3716 4158 πι-

2200 4172 2524 4239 θανότητος
2554 4171 3008 4242 συλλογισμῶν.

2197 4281 2550 4352 Βουλόμενος,
2583 4285 2772 4352 φασὶν,
2809 4285 2838 4337 6
2871 4285 2979 4337 τῶν
3007 4285 3146 4338 ὅλων
3177 4285 3306 4348 Θεὸς
3338 4285 3438 4357 τὴν
3468 4286 3578 4339 τῶν
3621 4301 3713 4353 γει

2126 4372 2304 4443 νητῶν
2352 4374 2656 4444 ὑποστῆσαι
2711 4375 2895 4444 φύσιν,
2936 4376 3058 4428 ἐπεὶ
3110 4375 3185 4446 μὴ
3236 4375 3464 4445 ἠδύνατο
3514 4379 3713 4446 χωρεῖν

447 4458 550 4502 tem
593 4462 789 4518 capere
838 4463 947 4502 non
1011 4460 1214 4518 posset,
1282 4449 1516 4518 primum
1556 4449 1763 4503 ereavit
1803 4450 2019 4516 Filium,

2152 4462 2262 4533 ιῦτη
2291 4461 2389 4532 τὴν
2413 4463 2650 4533 ἄκρατον
2681 4464 2845 4517 αὐτοῦ
2873 4464 3123 4535 δύναμιν,
3165 4465 3340 4528 κτίζει
3374 4465 3592 4533 πρῶτον
3620 4466 3710 4520 τὸν

441 4554 598 4610 quem
651 4548 706 4594 et
754 4537 989 4594 Verbum
1033 4543 1348 4608 nominavit,
1407 4549 1464 4594 ut
1507 4554 1605 4606 per
1665 4541 1812 4595 illum
1865 4545 2016 4612 quasi

441 4632 677 4688 medium
728 4633 951 4702 reliquie
997 4646 1264 4688 creaturae
1317 4643 1482 4688 tantm
1529 4634 1746 4688 virtutis
1792 4650 2018 4703 capaces

437 4723 802 4780 edicerentur.
831 4723 1121 4779 Eratenim
1150 4725 1348 4793 alioqui
1378 4724 1667 4780 absurdum
1695 4724 2013 4781 iuetl‘abilem

441 4819 531 4871 Dei
566 4819 818 4872 virtutem
870 4817 937 4872 ad
988 4818 1100 4873 hanc
1149 4818 1371 4872 minima
1415 4818 1720 4889 pervenire,
1767 4827 1820 4874 et
1870 4820 2013 4874 circa

437 4909 571 4964 adeo
605 4910 764 4965 exilia
793 4909 1063 4966 laborare.

952 5022 1150 5079 S'olutio
1177 5024 1504 5094 objectiom's.

504 5128 560 5182 St
593 5129 844 5184 virtutem
876 5147 939 5186 ac
970 5135 1264 5200 potentiam
1295 5134 1387 5190 Dei
1418 5145 1607 5192 natura
1638 5150 2006 5194 creaturarum

436 5233 628 5287 capere
656 5231 711 5274 ct
738 5221 881 5276 ferre
911 5239 1014 5275 non
1048 5234 1246 5290 potest,
1280 5241 1389 5295 quo
1419 5238 1578 5296 pacto
1605 5244 1724 5283 eam
1761 5233 1883 5286 tulit
1914 5233 2007 5287 Fi-

435 5309 559 5370 lius,
587 5325 708 5364 cum
741 5313 814 5367 sit
851 5322 905 5367 et
940 5315 1053 5382 ipse
1087 5324 1311 5370 creatus
1345 5318 1626 5386 factusque
1657 5335 1688 5374 e
1733 5323 1920 5388 nihilo,
1951 5335 2008 5378 ut

433 5415 528 5455 vos
583 5403 857 5458 censetis?
906 5405 1011 5459 Aut
1064 5422 1170 5476 quo
1222 5421 1379 5476 pacto
1425 5413 1678 5466 sustinuit
1734 5413 2004 5484 ingentem

434 5491 579 5547 illam
612 5490 786 5546 Patris
818 5498 1214 5564 operationem,
1245 5516 1364 5554 cum
1399 5502 1489 5567 sit,
1532 5511 1590 5557 ut
1619 5502 1820 5570 dicitis,
1853 5524 2006 5562 crea-

496 5674 700 5761 I‘H'Art.
733 5677 904 5761 x,f.’.ti.
1051 5681 1213 5761 Apoc.
1252 5698 1370 5761 atth
1397 5685 1478 5740 lO.
1557 5690 1599 5719 ³⁸
1622 5687 1796 5747 Judic.
1833 5708 1950 5761 χιιι,
1985 5693 2033 5748 Pi,

433 5747 451 5776 ³
476 5745 629 5801 Joau.
661 5763 748 5801 xx.
781 5749 870 5802 28.
949 5748 964 5778 ‘
989 5745 1127 5805 I‘sal.
1161 5765 1303 5820 λων,
1341 5755 1388 5809 ’1.

2129 4553 2273 4620 Υἱὸν,
2313 4553 2373 4606 ὃν
2407 4553 2504 4606 καὶ
2549 4554 2720 4622 Λόγον
2759 4555 3078 4625 ὠνόμασεν·
3115 4556 3203 4610 ἵνα
3235 4557 3300 4608 δι’
3333 4557 3494 4611 αὑτοῦ
3541 4556 3711 4610 τᾶλλα

2123 4646 2346 4715 γένηται
2384 4647 2547 4716 μέσου
2572 4647 2867 4718 γενομένου
2899 4651 3097 4718 χωρεῖν
3133 4649 3382 4718 ἰσχύοντα
3413 4649 3511 4720 τὴν
3541 4650 3707 4702 αὐτοῦ

2125 4737 2277 4806 μόλις
2314 4737 2781 4809 δύναμιν.“Ἀλλως
2813 4758 2871 4794 τε
2895 4736 2964 4812 ἦν
2994 4742 3191 4794 ἄτοπον
3233 4741 3330 4812 τὴν
3381 4741 3588 4809 ἄφατον
3610 4740 3706 4794 τοῦ

2120 4828 2254 4881 Θεοῦ
2291 4829 2520 4898 δύναμιν
2556 4831 2718 4902 μέχρι
2767 4831 2875 4883 τῶν
2909 4831 3094 4894 οὕτως
3131 4830 3428 4901 ἐλαχίστων
3477 4831 3704 4900 φθάσαι,

2121 4919 2212 4972 καὶ
2249 4919 2591 4989 ἀσχολεῖσθαι
2623 4921 2719 4973 καὶ
2754 4922 2880 4991 περὶ
2903 4922 2969 4974 τὰ
3002 4921 3145 4974 οὕτω
3176 4924 3368 4993 μικρά.

2599 5033 2757 5102 Πρὸς
2795 5034 2970 5088 τοῦτο
3007 5036 3211 5102 λύσις.

2189 5145 2250 5196 Εἰ
2282 5144 2551 5215 ἀφόρητος
2579 5141 2646 5216 ἦν
2675 5146 2708 5216 ἡ
2737 5145 2830 5199 τοῦ
2857 5146 2992 5199 Θεοῦ
3037 5146 3268 5218 δύναμις
3303 5150 3366 5219 τῇ
3396 5149 3506 5200 τῶν
3535 5167 3704 5221 γενηα

2114 5236 2220 5288 τῶν
2273 5237 2452 5304 φύσει,
2487 5238 2600 5300 πῶς
2649 5238 2817 5309 αὐτὴν
2867 5240 3097 5310 ἤνεγκεν
3125 5241 3155 5292 6
3186 5240 3330 5304 Υίὸς,
3361 5242 3591 5311 γενητὸς
3625 5242 3702 5297 ῶν

2117 5329 2208 5381 καὶ
2235 5327 2395 5391 αὐτὸς
2426 5329 2520 5381 καὶ
2546 5327 2604 5393 ἐξ
2636 5331 2736 5382 οὐκ
2765 5329 2953 5396 ὄντων,
2983 5330 3106 5384 καθ’
3137 5331 3315 5398 ὑμᾶςς
3347 5332 3473 5396 Πῶς
3499 5333 3555 5385 δὲ
3594 5336 3698 5386 ὑπ-

2115 5417 2295 5487 έμεινε
2339 5419 2438 5487 τὴν
2481 5417 2719 5489 ἄκρατον
2749 5420 3081 5488 αὐτουργίαν
3111 5419 3205 5470 τοῦ
3243 5420 3452 5490 Ῑῐατρὸς
3488 5423 3698 5492 κτίσμα

2117 5511 2398 5580 ὑπάρχων,
2427 5509 2500 5573 ῶς
2529 5528 2666 5579 φατε
2687 5529 2698 5540 ·
2742 5511 2981 5580 ’Λνόιγκη
3019 5513 3126 5581 γὰρ
3158 5510 3190 5580 ῆ
3223 5511 3412 5565 τούτου
3441 5512 3701 5583 δυνηθένο

3186 5691 3384 5744 2.Ioan.
3436 5706 3556 5757 XIII,
3605 5692 3689 5745 15.

2115 5697 2155 5726 ³⁹
2181 5692 2321 5748 l‘sal.
2351 5708 2491 5756 xcvi,
2530 5693 2578 5745 7.
2706 5693 2805 5746 lsa.
2845 5709 2966 5758 κων,
3024 5693 3102 5746 ίιί.
