4036 6208
307 344 412 398 253

1696 338 2139 396 TIIESAURUS.

3437 339 3544 392 ΞΜ

301 478 413 523 τος,
451 459 626 511 πᾶσαν
654 459 913 509 δύνασθαι
959 455 1057 525 τὴν
1088 456 1263 509 κτίσιν
1283 474 1297 486 ·
1329 455 1361 526 ἢ
1409 457 1507 527 τῆς
1552 458 1717 527 ἄλλης
1749 459 1869 510 ἀτο.

1978 460 2133 512 tura?
2159 457 2530 513 Necessarium
2552 456 2696 512 enim
2714 466 2821 520 est,
2848 463 2906 509 ut
2933 469 3055 509 cum
3076 454 3188 523 ipse
3210 452 3352 506 illius
3373 467 3543 521 capax

302 550 492 618 νούσης
528 546 784 608 κτίσεως,
819 546 1167 599 συνασθενεῖν
1209 548 1302 601 καὶ
1349 548 1512 600 αὐτὸν
1541 549 1616 610 ὠς
1647 549 1872 616 κτιστῆς

299 641 428 692 ὄντα
463 640 702 707 φύσεως.
736 638 800 689 Ei
844 637 899 689 δὲ
946 637 1223 707 ἐχώρησεν
1256 640 1283 690 6
1317 638 1443 701 Υἱὸς
1487 638 1714 708 κτίσμα,
1750 637 1870 690 καθ’

300 733 460 800 ὑμᾶς,
491 729 752 799 ὑπάρχων
774 729 873 797 τὴν
897 727 987 781 τοῦ
1018 730 1227 799 Πατρὸς
1253 729 1601 799 αὐτουργίαν,
1633 730 1872 800 χωρήσει

298 822 389 873 καὶ
427 819 598 873 τᾶλλα
624 818 921 887 κτίσματα,
949 818 1042 870 καὶ
1070 818 1295 888 περιττὴ
1325 822 1572 887 φανεῖται
1615 819 1800 873 λοιπὸν
1837 821 1870 889 ή

293 909 385 963 τοῦ
419 907 549 962 Υίοῦ
597 908 809 974 γένεσις
848 907 965 975 ἦτοι
1008 906 1244 975 ποίησις,
1276 907 1360 959 ἵνα
1399 907 1466 960 τὰ
1495 907 1628 961 ἄλλα
1656 908 1869 978 κτισθῇ,

293 1001 547 1070 άτονήσει
584 999 640 1051 δὲ
670 998 763 1049 καὶ
793 998 854 1049 τὸ
888 997 1108 1066 ὑϐρίζον
1142 997 1381 1068 σόφισμα
1420 999 1482 1051 τὸ
1527 1000 1773 1069 κρεῖττον
1814 1001 1873 1052 ὲν

292 1093 598 1161 ποιήμασιν
627 1088 897 1157 ἀπονέμον
926 1086 1002 1156 τῷ
1031 1087 1177 1156 Υίῴ·
1215 1089 1308 1141 καὶ
1360 1089 1425 1141 δι’
1463 1083 1539 1143 ὧν
1588 1089 1872 1143 ὑπονοοῦσι

291 1184 476 1252 τιμᾷν,
506 1180 761 1249 ὑϐρισταὶ
813 1178 1011 1247 μᾶλλον
1057 1179 1374 1234 ἁλώσονται.
1409 1181 1481 1232 Τὸ
1510 1181 1618 1250 γὰρ
1650 1182 1784 1244 ὅλως
1815 1184 1873 1235 ὲν

293 1275 566 1341 ποιήμασι
598 1269 1124 1340 καταριθμούμενον,
1160 1270 1396 1339 γενητῆς
1426 1270 1490 1323 ἂν
1520 1272 1603 1339 εῐη
1633 1269 1870 1339 φύσεως,

291 1364 389 1417 κᾶν
417 1364 687 1432 ἀμέτροις
721 1361 1013 1430 ὑπεροχαῖς
1048 1359 1158 1412 τῶν
1183 1360 1358 1414 ἄλλων
1403 1360 1656 1431 φαίνηται
1691 1365 1873 1432 κρεῖτ-

289 1474 399 1509 τον.
427 1456 499 1508 Εἰ
521 1454 579 1506 δὲ
609 1454 807 1506 ἄτοπον
836 1446 975 1504 εἶναί
1006 1470 1135 1520 φασι
1158 1452 1219 1504 τὸ
1255 1452 1415 1522 μέχρι
1443 1453 1549 1505 τῶν
1576 1453 1872 1523 ἐλαχίστων

290 1546 503 1614 φθάσαι
524 1544 625 1614 τὴν
654 1541 969 1610 άφατον⁹τοῦ
993 1541 1126 1595 Θεοῦ
1148 1542 1397 1613 δύναμιν,
1418 1544 1873 1598 δυσωπείσθωσαν

289 1638 588 1700 ἀκούοντες
616 1636 863 1703 λέγοντος
886 1635 980 1688 τοῦ
1001 1636 1258 1707 Χριστοῦ’
1291 1656 1309 1687 ι
1337 1638 1469 1708 Οὐχὶ
1493 1638 1585 1691 δύο
1617 1639 1873 1709 στρουθία

289 1728 560 1799 ἀσσαρίου
601 1726 881 1790 πωλεῖται,
916 1727 1010 1779 καὶ
1042 1726 1100 1778 ἒν
1134 1726 1193 1790 ἐξ
1222 1727 1399 1779 αὐτῶν
1427 1728 1487 1780 οὐ
1512 1732 1759 1782 πεσεῖται
1779 1729 1873 1782 ἐπὶ

1973 552 2062 613 sit,
2097 565 2323 618 capaces
2368 550 2527 604 etiam
2576 547 2686 601 sint
2734 545 2953 615 reliquae
2986 553 3249 599 creatura:
3290 561 3303 596 :
3354 553 3446 597 aut
3500 546 3544 597 si

1974 642 2292 696 imbecillior
2322 641 2396 695 sit
2446 648 2819 694 creaturarum
2865 646 3082 701 natura,
3114 650 3274 704 quam
3322 645 3382 689 ut
3430 636 3546 704 ejus

1973 749 2143 802 capax
2174 747 2292 788 esse
2337 732 2528 801 possit,
2557 732 2743 784 eadem
2770 729 3139 783 imbecillitate
3168 729 3329 783 etiam
3366 729 3543 797 ipsum

1975 824 2240 886 laborare,
2271 823 2466 890 quippe
2496 822 2587 890 qui
2620 828 2813 874 creata
2842 819 2913 874 sit
2943 828 3165 872 naturae.
3199 818 3257 874 Si
3291 818 3545 892 verotFi-

1973 914 2076 968 lius
2104 928 2226 967 cum
2269 914 2339 966 sit
2369 920 2641 976 creatura,
2679 920 2735 964 ut
2770 924 2860 964 vos
2900 909 3217 978 opinamini,
3250 925 3417 979 capax
3448 911 3547 964 fuit

1973 1015 2213 1073 paterna:
2234 1004 2483 1056 virtutis:
2510 1016 2737 1070 capaces
2760 1008 2920 1054 erunt
2942 1009 2993 1051 et
3017 1009 3226 1054 car-tera:
3248 1010 3540 1067 creaturae;

1974 1103 2134 1160 atque
2166 1093 2236 1145 ita
2272 1106 2669 1159 supervacanea
2708 1092 2871 1144 fuerit
2925 1092 3046 1145 Filii
3091 1095 3390 1163 generatio,
3432 1096 3546 1150 sive

1974 1183 2228 1237 formatio
2273 1182 2339 1235 ad
2393 1182 2497 1234 alia
2537 1181 2829 1235 creandqu
2862 1199 2873 1235 :
2906 1190 2960 1235 et
3010 1183 3334 1236 imbecillum
3390 1185 3546 1252 plane

1975 1285 2135 1343 atque
2175 1275 2334 1328 inane
2364 1274 2465 1325 erit
2497 1271 2943 1326 contumeliosum
2993 1275 3122 1327 illud
3163 1276 3436 1328 inventum
3483 1291 3546 1329 ac

1973 1363 2248 1427 cavillum,
2297 1363 2436 1430 quod
2484 1366 2846 1431 praestantiam
2899 1365 3041 1417 inter
3082 1373 3359 1417 creaturas
3409 1364 3545 1418 Filio

1975 1457 2161 1510 tribuit
2194 1478 2205 1510 ;
2240 1464 2291 1507 et
2325 1469 2388 1508 eo
2423 1456 2542 1522 ipso
2582 1470 2689 1522 quo
2737 1454 2883 1507 illtnn
2940 1456 3145 1509 honore
3188 1455 3397 1508 allicere
3428 1469 3547 1508 sese

1974 1545 2316 1605 existimant,
2377 1544 2753 1598 contumeliosi
2820 1546 2997 1613 potius
3053 1560 3171 1599 esse
3232 1556 3541 1599 cernentur.

1974 1638 2124 1703 Quod
2176 1637 2319 1692 enim
2369 1635 2590 1689 omnino
2635 1637 2904 1690 creaturis
2952 1646 3341 1689 annumeratur
3390 1636 3545 1689 facta:

1977 1739 2181 1783 naturae
2207 1728 2278 1782 sit
2304 1735 2540 1795 oportet,
2573 1728 2781 1781 tametsi
2813 1730 3079 1781 immenso
3112 1726 3392 1780 intervallo
3426 1726 3548 1779 reli—

287 1823 380 1893 τὴν
395 1822 510 1889 γῆν
538 1820 666 1873 ἄνευ
694 1818 786 1871 τοῦ
806 1821 919 1871 Πατ
929 1819 1017 1887 ρὺς
1039 1819 1191 1888 ὑμῶν
1210 1820 1305 1872 τοῦ
1327 1821 1384 1872 ὲν
1408 1822 1520 1883 τοῖς
1540 1822 1787 1891 οὐρανοῖς
1808 1839 1821 1887 ;
1849 1839 1867 1873 ι

1976 1820 2097 1888 quis
2129 1819 2473 1890 praestantius
2497 1818 2587 1873 sit.
2617 1819 2672 1872 Si
2702 1833 2830 1872 vero
2861 1818 3154 1871 absurdum
3184 1832 3303 1871 esse
3328 1824 3549 1871 censent

286 1913 393 1965 Καὶ
429 1910 597 1963 πάλιν
615 1929 627 1941 -
655 1928 674 1960 ι
696 1909 1019 1977 Ἑκϐλέψατε
1049 1911 1127 1972 εἰς
1158 1910 1226 1963 τά
1250 1912 1468 1963 πετεινὰ
1496 1911 1587 1964 τοῦ
1619 1912 1869 1981 οὐρανοῦ,

287 2005 363 2055 ὅτι
401 2004 469 2056 οὐ
505 2002 841 2072 σπείρουσιν,
868 2001 986 2054 οὐδὲ
1013 2001 1303 2071 θερίζουσι,
1333 2004 1427 2056 καὶ
1454 2004 1482 2054 6
1504 2004 1693 2075 Πατὴρ
1720 2004 1871 2074 ὑμῶν

286 2095 321 2144 6
343 2092 602 2164 οὐράνιος
648 2091 839 2163 τρέφει
888 2092 1046 2146 αὑτά.
1079 2111 1097 2142 ι
1132 2093 1243 2145 Καὶ
1293 2093 1454 2147 πάλιν
1478 2111 1491 2123 ’
1546 2113 1564 2145 ι
1592 2096 1655 2148 El
1688 2095 1743 2147 δὲ
1780 2095 1871 2149 τὸν

289 2185 486 2253 χόρτον
519 2183 614 2237 τοῦ
649 2182 821 2254 ἀγροῦ
858 2183 1095 2254 σήμερον
1124 2183 1251 2238 ὄντα
1296 2189 1391 2239 καὶ
1420 2185 1606 2257 αὔριον
1642 2189 1718 2249 είς
1749 2187 1870 2239 κλί-

286 2276 451 2327 ϐανον
505 2274 855 2343 βαλλόμενον,
900 2275 928 2326 6
982 2273 1113 2337 Θεὸς
1160 2274 1331 2339 οὕτως
1378 2278 1721 2347 ἀμφιέννυσι,
1752 2278 1870 2341 πῶς

285 2369 399 2436 οὐχὶ
428 2366 638 2436 μᾶλλον
662 2366 805 2435 ὑμᾶς
823 2381 836 2426 ;
852 2365 943 2417 »Τί
958 2365 1001 2418 δ’
1025 2365 1089 2419 ἂν
1110 2367 1319 2434 γένοιτο
1341 2368 1533 2439 χόρτου
1562 2370 1653 2422 καὶ
1679 2388 1869 2442 στρου-

288 2456 414 2508 θίων
446 2454 853 2525 εὐτελέστερον,
872 2446 944 2506 ὧν
974 2453 1032 2519 ἐξ
1056 2455 1394 2526 ἁγαθότητος
1413 2459 1441 2509 6
1463 2457 1595 2521 Θεὸς
1619 2463 1866 2530 προνοεῖς

286 2543 416 2600 Εἶτα
457 2545 578 2606 πῶς
606 2545 666 2597 τὸ
696 2540 831 2597 εἶναι
868 2544 1096 2615 ποιητὴς
1130 2546 1228 2599 οὐκ
1258 2545 1323 2600 ἂν
1358 2546 1665 2612 ἀξιώσειεν,
1704 2544 1779 2603 ὧν
1808 2552 1867 2602 οὺ

287 2638 648 2708 παραιτεῖται
694 2635 791 2706 τὴν
842 2636 1133 2704 πρόνοιανς
1197 2636 1334 2688 Ἀλλ’
1362 2628 1506 2692 οὗτοι
1556 2639 1723 2708 τῦφον
1770 2641 1871 2694 οὐκ

287 2729 495 2790 εἰδότες
545 2728 918 2797 προσάπτουσι
965 2727 1041 2795 τῷ
1082 2725 1221 2797 Θεῷ,
1268 2726 1514 2795 λέγοντες
1564 2729 1724 2784 αὑτὸν
1771 2731 1871 2784 οὐκ

287 2817 477 2881 ἀξιοῦν
503 2816 616 2870 τῶν
639 2816 934 2885 ἐλαχίστων
975 2810 1116 2869 εἶναι
1150 2818 1400 2888 ποιητήν.
1430 2819 1491 2870 Εἰ
1524 2818 1699 2873 τοίνυν
1729 2819 1868 2873 πάν-

287 2929 390 2964 των
419 2911 545 2962 ἐστὶ
571 2909 820 2978 ποιητὴς,
843 2906 1034 2976 φθάνει
1056 2907 1112 2959 δὲ
1138 2908 1233 2959 καὶ
1265 2907 1423 2977 μέχρι
1444 2908 1551 2961 τῶν
1573 2908 1869 2979 ἐλαχίστων

286 3002 373 3054 διὰ
417 2998 833 3069 φιλανθρωπίαν
878 2999 991 3059 τοῖς
1035 2998 1167 3049 πᾶσι
1219 2996 1598 3067 χωρούμενος,
1642 2998 1869 3069 περιττὴ

288 3092 397 3143 τῶν
430 3089 718 3159 αἱρετικῶν
745 3090 776 3159 ἡ
807 3088 1075 3158 πρόφασις
1102 3086 1188 3139 διὰ
1210 3088 1276 3139 τὰ
1310 3088 1479 3160 μικρὰ
1504 3088 1612 3142 τῶν
1635 3090 1869 3160 κτισμάο

286 3199 393 3234 των
422 3178 827 3251 προϐεϐλῆσθαι
865 3177 1134 3245 λεγόντων
1166 3177 1257 3229 τὸν
1284 3178 1432 3231 Υίόν.

1974 1912 2038 1965 ad
2070 1912 2345 1964 minimam
2376 1909 2540 1964 etiam
2571 1909 2662 1963 Dei
2691 1910 2984 1978 potentiam
3017 1924 3080 1962 ac
3103 1910 3353 1962 virtutem
3388 1923 3547 1976 pene-

1974 2011 2140 2066 trare,
2181 2002 2528 2065 erubescant,
2578 2015 2699 2055 cum
2742 2002 3018 2054 Christum
3061 2001 3233 2068 ipsum
3282 2000 3546 2053 dicentem

1972 2095 2191 2148 audiant
2221 2111 2233 2146 :
2273 2110 2291 2143 ι
2330 2092 2517 2147 Nonne
2544 2093 2650 2147 duo
2683 2092 2978 2161 passerculi
3029 2107 3151 2146 asse
3197 2100 3464 2154 vat-neunt,
3495 2105 3549 2144 et

1974 2200 2110 2239 unus
2151 2199 2217 2239 ex
2265 2187 2344 2238 eis
2395 2199 2497 2238 non
2552 2184 2708 2239 cadet
2762 2185 2814 2237 in
2871 2194 3073 2237 terram
3135 2185 3337 2251 absque
3388 2182 3549 2235 Patre

1973 2288 2149 2331 vestro
2179 2277 2269 2344 qui
2300 2277 2352 2330 in
2402 2276 2554 2330 coelis
2583 2285 2666 2329 est
2692 2276 2733 2327 ⁸.
2773 2294 2792 2327 ι
2847 2274 2910 2328 Ει
2945 2290 3135 2329 rursus
3170 2288 3186 2327 :
3225 2291 3243 2323 ι
3278 2273 3548 2342 Respicite

1972 2365 2209 2419 volatilia
2250 2365 2395 2430 caeli,
2433 2366 2573 2434 quod
2626 2380 2731 2419 non
2780 2373 2971 2420 serunt
3005 2378 3178 2431 neque
3226 2372 3458 2429 metunt,
3493 2372 3548 2415 et

1974 2456 2131 2510 Pater
2155 2466 2338 2510 vester
2359 2457 2593 2511 caelestis
2620 2457 2789 2509 nutrit
2812 2456 2899 2509 illa
2930 2456 2971 2509 ⁸.
3004 2474 3020 2505 ι
3048 2456 3115 2509 Ει
3146 2470 3361 2507 rursum
3392 2472 3405 2507 :
3443 2472 3461 2503 ι
3488 2453 3543 2507 Si

1974 2547 2154 2600 fenum
2183 2548 2296 2616 agri
2338 2547 2479 2613 quod
2512 2547 2670 2600 hodie
2695 2556 2778 2601 est
2807 2556 2859 2599 et
2886 2561 3008 2601 cras
3034 2546 3086 2599 in
3111 2546 3382 2599 clihamnu
3421 2544 3546 2595 mit-

1976 2634 2125 2699 titur,
2160 2634 2300 2689 Dcus
2328 2636 2407 2689 sic
2442 2636 2621 2699 vestit,
2672 2646 2876 2703 quanto
2910 2636 3080 2704 magis
3117 2650 3211 2689 vos
3257 2634 3315 2686 7?
3350 2653 3368 2685 ι
3410 2633 3545 2699 Quid

1972 2733 2151 2777 autem
2184 2724 2307 2779 leno
2346 2736 2400 2779 et
2444 2727 2767 2795 passerculis
2810 2726 2963 2796 151
3006 2727 3160 2780 vilius
3206 2736 3308 2792 cst,
3352 2727 3549 2794 quibus

1974 2816 2115 2871 Deus
2145 2832 2239 2884 pro
2266 2832 2361 2872 sua
2398 2818 2639 2872 bonitate
2676 2818 2964 2886 providet?
3001 2818 3108 2871 Aut
3139 2816 3412 2886 quomodo
3444 2832 3548 2869 non

1973 2908 2223 2978 dignetur
2244 2922 2364 2962 esse
2394 2917 2610 2962 creator
2639 2922 2849 2970 eorum,
2888 2922 3114 2975 quorum
3153 2908 3546 2976 providentiam

1973 3011 2078 3049 non
2123 2996 2418 3050 detrectat?
2466 2995 2536 3048 At
2584 2994 2673 3049 isti
2724 2995 3036 3063 ignorantes
3080 2994 3389 3061 superbiam
3439 2991 3549 3045 Deo

1973 3088 2311 3157 impingunt,
2359 3088 2602 3141 dicentes
2662 3101 2786 3140 eum
2852 3085 3134 3155 dedignari
3196 3085 3544 3139 minimorum

1890 3167 1933 3224 C
1966 3191 2268 3234 creatorem
2298 3193 2443 3232 esse.
2480 3177 2539 3232 Si
2573 3193 2701 3247 ergo
2729 3178 2970 3232 omnium
2998 3188 3081 3231 est
3108 3184 3347 3239 creator,
3376 3185 3428 3227 et
3454 3187 3549 3240 pro

288 3291 383 3329 sua
423 3272 763 3343 benignitate
833 3271 996 3324 etiam
1027 3270 1094 3324 ad
1167 3270 1392 3325 minima
1433 3282 1697 3341 permeat,
1735 3289 2031 3343 omnesque
2065 3276 2147 3329 sui
2214 3288 2441 3344 capaces
2483 3273 2629 3339 facit,
2671 3273 2849 3327 inanis
2881 3284 2963 3327 est
3004 3273 3384 3327 haereticorum
3421 3284 3547 3339 pro-

289 3367 493 3437 positio
525 3363 842 3428 dicentium,
868 3369 1091 3431 propter
1128 3361 1362 3418 minores
1388 3373 1667 3421 creaturas
1690 3369 2005 3436 productum
2034 3381 2155 3421 esse
2179 3366 2397 3424 Filium.

290 3486 416 3538 Ἔτι
448 3484 536 3547 εις
566 3480 632 3532 τὸ
689 3499 707 3530 ι
736 3478 949 3543 Κύριος
972 3477 1179 3601 (ἐξκῖνέςέ
1212 3494 1288 3547 με
1314 3494 1326 3507 ·
1360 3497 1378 3530 ι
1422 3479 1511 3532 ὅτι
1546 3483 1616 3534 οὐ
1646 3482 1868 3550 κτίσμα

1108 3568 1195 3601 oc.

1108 3568 1195 3614 oc.

352 3665 417 3717 Εί
456 3662 578 3715 καθ’
609 3662 772 3730 ὑμᾶς,
803 3655 848 3713 ὦ
878 3660 1154 3730 θεομάχοι,
1177 3660 1264 3714 διὰ
1293 3659 1353 3712 τὸ
1390 3660 1462 3730 μὴ
1489 3660 1743 3714 δύνασθαι
1768 3661 1866 3733 τὴν

285 3755 391 3808 τῶν
417 3752 666 3820 γενητῶν
698 3752 857 3831 φῦσιν
886 3750 1133 3821 χωρῆσαι
1153 3750 1250 3821 τὴν
1272 3750 1509 3818 ἄκρατον
1538 3750 1867 3820 αὐτουργίαν

285 3842 377 3895 τοῦ
414 3840 556 3893 Θεοῦ
587 3841 682 3892 καὶ
712 3840 943 3909 Πατρὸς,
979 3838 1200 3910 μεσίτου
1231 3840 1390 3911 χρεία
1419 3840 1628 3907 γέγονε,
1662 3841 1755 3893 καὶ
1779 3842 1867 3894 οῦ-

287 3953 391 3998 τως
415 3933 603 3985 ἔκτισε
632 3932 720 3985 τὸν
745 3932 872 3984 Υἰδν
894 3934 921 3984 6
954 3931 1160 4002 Πατὴρ,
1181 3931 1297 3994 πῶς
1327 3934 1354 3984 6
1376 3931 1497 3991 Υἱὸς
1524 3932 1747 4002 γενητὸς
1768 3932 1866 4000 ὢν,

290 4025 409 4078 καθ’
448 4026 614 4094 ὑμᾶς,
656 4024 900 4094 ἐχώρησε
935 4022 1029 4075 τοῦ
1076 4022 1289 4093 Πατρὸς
1316 4022 1415 4092 τὴν
1449 4022 1713 4094 δύναμιν;
1750 4025 1867 4077 Ἀν-

288 4117 436 4184 άγκη
482 4114 593 4183 γὰρ
632 4113 727 4165 καὶ¹
771 4111 919 4181 αὐτῷ
965 4110 1148 4165 δοῦναι
1180 4112 1271 4164 τὸν
1313 4112 1695 4181 μεσιτεύοντα·
1731 4112 1867 4167 ἀλλὰ

288 4207 565 4266 κάκεῖνος,
597 4204 646 4255 εί
694 4204 925 4273 ὑπάρχοι
954 4202 1201 4273 γενητὸς,
1236 4202 1407 4255 δεῖται
1440 4203 1601 4256 πάλιν
1634 4204 1726 4255 τοῦ
1768 4221 1862 4274 με·

291 4294 617 4357 σιτεύοντος,
651 4294 747 4345 καὶ
791 4291 963 4355 οὕτως
993 4295 1071 4356 εἰς
1101 4294 1325 4363 ἄπειρον
1371 4295 1609 4362 μεσιτῶν
1651 4295 1805 4365 ὄχλον
1839 4296 1868 4346 ὁ

287 4387 447 4456 λόγος
475 4385 792 4454 ἐκϐήσεται.
821 4384 1036 4438 Είκαίον
1060 4381 1151 4438 οῦν
1182 4386 1289 4457 ἄρα
1316 4386 1376 4439 τὸ
1408 4388 1537 4458 περὶ
1561 4388 1751 4441 τούτου
1780 4389 1868 4441 σό-

1975 3479 2043 3533 In
2073 3481 2227 3548 illud,
2264 3499 2284 3533 ι
2315 3481 2451 3536 Deus
2481 3480 2726 3550 formavit
2776 3496 2853 3531 me
2876 3479 2896 3507 '
2945 3497 2957 3533 :
2993 3496 3011 3528 ι
3047 3478 3184 3547 quod
3239 3474 3405 3528 Filius
3448 3491 3549 3528 non

2588 3553 2654 3601 sit
2687 3550 2986 3602 creatura!

2048 3662 2103 3717 Si
2136 3663 2286 3730 juxta
2321 3670 2580 3724 vestram,
2623 3661 2714 3715 Dei
2760 3662 2964 3724 hostes,
3002 3660 3311 3727 opinionem
3347 3657 3551 3712 idcirco

1972 3772 2108 3826 opus
2134 3755 2236 3808 fuit
2268 3754 2587 3815 mediatore,
2631 3753 2754 3819 quia
2801 3762 3171 3806 creaturarum
3212 3758 3404 3804 natura
3448 3750 3550 3802 im-

1973 3858 2211 3901 mensam
2234 3842 2327 3895 Dei
2360 3842 2612 3893 virtutem
2632 3854 2827 3907 capere
2851 3840 2903 3892 in
2928 3854 2987 3892 se
3010 3854 3115 3891 non
3138 3846 3367 3905 poterat,
3406 3837 3551 3889 ideo-

1973 3950 2078 4005 que
2101 3934 2260 3987 Pater
2292 3931 2486 3986 Filiunt
2528 3929 2730 3983 creavit
2764 3947 2775 3982 :
2816 3942 2921 3997 quo
2950 3937 3109 3996 pacto
3144 3925 3331 3991 Filius,
3369 3925 3458 3993 qui
3494 3934 3552 3978 ut

1973 4041 2068 4080 vos
2100 4024 2299 4090 dicitis,
2333 4029 2547 4076 creatus
2578 4028 2683 4085 est,
2712 4020 2803 4074 Dei
2835 4021 3089 4074 virtutem
3118 4030 3312 4085 capere
3343 4015 3551 4085 potuit?

1973 4116 2207 4171 Necesse
2240 4114 2382 4168 enim
2419 4114 2771 4168 fueritetiam
2802 4113 2875 4168 illi
2922 4111 3275 4166 mediatorem
3314 4109 3548 4179 aliquem

1973 4209 2103 4263 dare
2138 4225 2152 4262 ε
2209 4216 2466 4261 caeterum
2520 4206 2684 4259 etiam
2728 4205 2837 4268 ille,
2888 4204 2931 4258 si
2967 4215 3182 4257 creatus
3211 4211 3315 4268 est,
3348 4200 3551 4269 indiget

1974 4299 2302 4361 mcdiatore;
2335 4306 2498 4365 atque
2527 4293 2597 4348 ita
2628 4294 2784 4349 turba
2810 4294 3167 4349 mediatorum
3193 4292 3245 4346 in
3282 4291 3550 4346 inﬁnitum

1976 4398 2202 4445 crescet.
2256 4387 2529 4441 Frivolum
2561 4389 2743 4454 itaque
2769 4396 2854 4440 est
2892 4395 3130 4440 vestrum
3158 4395 3549 4452 commentum,

287 4497 490 4550 φισμα,
526 4480 705 4531 πᾶσαν
732 4476 866 4546 ὁμοῦ
890 4477 988 4547 τὴν
1018 4477 1381 4548 δημιουργίαν
1406 4479 1729 4550 ἀνατρέπον.
1759 4481 1869 4550 Οὐχ

1976 4481 2280 4535 universam
2322 4479 2481 4534 simul
2524 4480 2852 4533 creationem
2896 4479 3239 4533 subvertens.
3271 4477 3403 4531 Nam
3444 4493 3548 4530 non

289 4571 681 4643 εὑρισκομένου
713 4571 841 4641 γὰρ,
886 4570 1084 4640 μᾶλλον
1128 4571 1183 4623 δὲ
1231 4569 1305 4640 μὴ
1350 4569 1681 4642 ζητουμένου
1714 4590 1865 4643 μεσι-

291 4664 561 4727 τεύοντος,
590 4661 689 4713 οὐκ
715 4660 779 4714 ἂν
806 4660 1012 4732 ὑπέστη
1047 4661 1115 4715 τὰ
1145 4664 1369 4733 γενητὰ.

290 4775 493 4827 AAAO.
544 4771 666 4844 Τῷν
694 4772 1034 4844 ἓὸρθοδόξωφ
1070 4774 1410 4844 φλεγόντων-ο
1458 4779 1524 4829 Et
1572 4777 1798 4844 κτίσμα⁹
1834 4779 1866 4831 ό

357 4844 514 4907 Υἱὸς,
532 4841 806 4915 πῶς-ἕχει
830 4843 980 4915 {ard
1001 4841 1188 4915 φύσιν
1208 4843 1271 4895 τὸ
1300 4841 1451 4898 εἶναι
1475 4841 1829 4915 δημιουργός
1850 4863 1866 4910 ;

362 4916 446 4984 οὺ
474 4916 586 4979 γὰρ
626 4912 779 4965 ἴδιον
808 4910 927 4965 τῶν
963 4914 1300 4984 κτισμάτων
1330 4916 1506 4969 τοῦτό
1528 4910 1611 4984 γε’
1638 4910 1867 4984 difﬂuat-

360 4981 726 5055 1irerxar_o_l
776 4982 1052 5055 ιιίβετριοί
1097 4983 1165 5035 τὰ
1198 4981 1662 5055 ὑποτεταγμένα,
1686 4982 1772 5039 ὧν
1809 4989 1867 5040 αι

357 5054 578 5116 ,λύσεις
606 5050 764 5104 εἰσίν
787 5050 1030 5120 ἐφεξῆς.

514 5167 918 5236 Ἁνθυπορορὰ
953 5169 1034 5232 ὼς
1070 5168 1138 5221 ἐκ
1178 5166 1293 5220 τῶν
1330 5169 1658 5236 αἰρετικῶν.

360 5280 606 5347 κτίσμα,
634 5280 814 5347 φασιν,
848 5280 996 5333 ἔστιν
1026 5282 1052 5333 ὁ
1083 5280 1230 5343 Υἱὸς,
1260 5285 1352 5332 καὶ
1381 5281 1488 5334 τῶν
1516 5281 1757 5352 γενητῶν
1790 5276 1867 5347 εἷς

292 5372 529 5440 ὑπάρχει
549 5390 561 5402 ο
604 5372 664 5425 τὸ
694 5373 749 5426 δὲ
781 5374 987 5438 κτίζειν
1019 5374 1093 5435 ὡς
1121 5372 1273 5442 παρὰ
1315 5372 1631 5426 διδασκάλου
1683 5374 1867 5443 μαθὼν

291 5462 323 5528 ἣ
358 5462 624 5530 τεχνίτου,
656 5464 968 5534 ὑπηρέτησε
1000 5464 1134 5534 πρὸς
1168 5464 1266 5535 τὴν
1299 5463 1407 5516 τῶν
1456 5462 1631 5533 ἔργων
1681 5466 1867 5535 χρείαν

292 5552 372 5620 τῷ
398 5553 671 5617 διδάξαντι
703 5555 842 5625 Θεῷ.

360 5730 382 5758 ⁸
409 5729 592 5786 Matth.
634 5748 661 5785 κ
716 5732 804 5787 ‘29.

885 5733 902 5757 ‘
925 5731 1109 5786 Malllt.
1148 5746 1216 5785 VI.
1259 5730 1345 5786 ‘26.
1429 5733 1446 5763 ⁷
1471 5731 1601 5787 Ibid.
1634 5733 1719 5788 30.

1973 4572 2194 4628 invento
2223 4580 2316 4626 aut
2354 4572 2533 4641 potius
2570 4586 2675 4625 non
2720 4570 2945 4641 quaesito
2996 4571 3313 4635 mediatore,
3367 4578 3549 4621 creata

1973 4678 2079 4719 non
2106 4665 2481 4719 substiterunt.

1975 4777 2203 4831 ALIUD.
2226 4777 2354 4831 Cum
2375 4776 2651 4831 orthodoxi
2672 4778 2883 4829 dicunt:
2909 4774 2967 4828 Si
2990 4772 3160 4826 Filius
3189 4781 3262 4825 est
3286 4777 3549 4833 creatura,

2046 4866 2145 4917 quo
2173 4858 2325 4917 pacto
2349 4848 2443 4898 hoc
2472 4849 2519 4898 ei
2547 4848 2789 4900 naturale
2806 4858 2903 4907 est,
2940 4854 2994 4896 ut
3021 4848 3085 4896 sit
3106 4842 3364 4917 creator?
3386 4856 3549 4906 neque

2049 4913 2185 4970 enini
2221 4928 2583 4969 creaturarum
2626 4919 2894 4982 proprium
2933 4926 3051 4977 est;
3095 4913 3331 4965 Invrctici
3367 4919 3549 4963 contra

2043 4988 2293 5055 objiciunt
2325 5003 2441 5054 qua:
2474 4997 2785 5055 sequuntur,
2825 5002 3046 5055 quorum
3080 4984 3368 5036 solutiones
3396 4982 3548 5034 etiam

2051 5056 2387 5125 adjiciuntur.

2434 5166 2669 5235 Objectio
2708 5165 3094 5219 Itwreticorunt.

2045 5282 2232 5346 Filius,
2269 5281 2538 5350 inquiunt,
2565 5289 2811 5334 creatura
2852 5293 3096 5345 unusque
3129 5285 3208 5330 cst
3233 5291 3298 5329 ex
3337 5276 3403 5330 iis
3430 5290 3549 5344 qua:

1971 5375 2109 5426 facta
2141 5383 2267 5425 sunt
2302 5390 2313 5424 :
2348 5372 2564 5426 creandi
2604 5386 2729 5424 vero
2765 5369 3074 5423 facultatem
3100 5384 3129 5422 a
3162 5368 3419 5435 magistro
3455 5377 3549 5418 aut

1969 5466 2178 5519 artitice
2203 5464 2412 5529 didicit,
2440 5473 2492 5517 et
2526 5464 2632 5519 Deo
2658 5462 2746 5533 Qui
2776 5463 2949 5533 ipsum
2981 5462 3183 5527 docuit,
3217 5460 3268 5514 in
3294 5458 3545 5529 operibus

1966 5554 2083 5609 suis
2118 5554 2466 5609 ministravit.

1801 5736 1817 5763 “
1843 5732 1999 5786 Prov.
2038 5749 2151 5798 \‘lll,
2190 5733 2276 5783 "‘.
