4106 6204
460 315 566 371 255
1472 317 1528 371 S.
1576 311 1840 369 CYllLLLl
1882 308 2351 366 ALEXANDRINI
2390 313 2714 371 ARCIIIEP.
3620 317 3728 375 2Ἷῦ
3793 388 3799 395 ⁴

925 434 1226 490 Solutiones
1253 432 1577 505 objectiouis.

538 544 594 600 Si
632 547 892 617 quidquid
940 565 1045 603 non
1095 546 1412 602 naturaliter
1459 541 1616 596 alicui
1670 541 1889 594 insitum
1938 547 2042 604 est,

464 638 560 691 sed
600 648 807 693 tantum
838 640 1206 695 accidentarie
1239 637 1401 698 inest,
1442 642 1496 688 et
1525 630 1925 701 quodammodo
1952 643 2045 682 ac-

467 728 727 795 quisitum
760 739 862 793 est,
895 730 1011 785 ﬁeri
1043 737 1217 799 potest
1252 736 1311 781 ut
1351 724 1645 795 aliquando
1687 737 1792 776 non
1835 722 2047 775 accidat

470 819 567 887 (ea
602 821 745 873 enim
791 830 871 874 est
933 818 1292 873 accidentium
1342 814 1569 884 natura)
1614 815 1864 869 accidens
1916 812 2044 866 illud

467 921 565 974 per
591 911 729 976 quod
762 907 928 961 Filius
958 915 1170 961 creator
1208 913 1312 969 est,
1341 904 1628 973 aliquando
1662 905 1713 958 in
1745 918 1811 957 eo
1848 916 2048 957 evane-

468 1013 623 1053 scere
668 997 885 1067 poterit.
937 999 1115 1067 Atque
1158 998 1227 1050 ita
1272 996 1530 1066 dignitate
1579 1010 1674 1049 sua
1722 992 2044 1063 privabitur,

467 1089 722 1142 amittens
768 1089 817 1141 id
866 1089 1008 1157 quod
1046 1086 1331 1140 didicerat.
1382 1084 1512 1139 Nam
1545 1084 1591 1138 is
1631 1085 1720 1151 qui
1757 1082 2047 1151 aliquando

466 1178 609 1244 quod
646 1177 925 1231 nesciebat
959 1175 1170 1242 didicit,
1209 1184 1385 1244 potest
1418 1175 1580 1227 etiam
1617 1175 1853 1242 ejusdem
1905 1172 2047 1227 obli-

463 1265 618 1320 visci.
1114 1250 1119 1255 ἢ

1137 1378 1368 1434 ALIUD.

536 1492 827 1547 Creaturas
853 1510 881 1549 a
909 1494 1077 1549 nihilo
1101 1495 1167 1550 ad
1189 1508 1310 1550 esse
1336 1494 1637 1557 traducere,
1668 1507 1771 1545 non
1806 1501 1890 1546 est
1912 1507 2047 1561 opus

467 1588 621 1653 artis,
672 1588 766 1641 sed
824 1586 1102 1643 facultatis
1153 1588 1268 1643 sive
1311 1587 1567 1657 potentiae
1620 1588 1888 1666 creatiyaa.
1942 1589 2047 1641 Ars

469 1677 614 1731 enim
650 1692 709 1731 ea
752 1692 872 1746 qua!
911 1679 1181 1733 exsistunt
1223 1679 1277 1733 in
1317 1677 1459 1732 aliud
1487 1678 1615 1747 quid
1650 1687 1864 1731 mutat:
1896 1693 2047 1733 crea-

2698 431 2889 497 Λύσις
2925 431 3167 501 ἐφεξῆς.

2221 543 2279 594 Εἰ
2313 544 2419 596 πᾶν
2449 542 2585 613 ὅπερ
2615 543 2678 597 ἄν
2706 562 2812 597 τινι
2844 545 3090 613 φαίνοιτο
3116 542 3483 614 συμϐεϐηκὸς,
3509 543 3602 597 καὶ
3627 542 3730 598 οὔκ

2146 633 2202 683 ἑν
2249 635 2316 703 τῇ
2363 632 2522 702 φύσει
2570 635 2843 704 κείμενον,
2883 635 3176 706 ἐπικτηθὲν
3200 635 3257 687 δέ
3284 652 3401 697 πως
3433 635 3577 688 κατά
3607 652 3726 689 τινα

2144 723 2365 792 τρόπον,
2392 726 2550 777 τοῦτο
2580 726 2675 778 καὶ
2707 726 3095 797 ἀποσυμϐἧναι
3142 725 3363 779 δύναταί
3400 743 3549 788 ποτε,
3585 726 3725 779 οὕτω

2148 814 2363 883 φύσεως
2395 816 2609 885 ἔχοντος
2637 819 2727 871 ἀεὶ
2754 817 2848 870 τοῦ
2883 818 3309 888 συμϐεϐηκότος,
3340 818 3727 890 άποσυμϐήσε-

2145 906 2235 959 ταί
2261 923 2391 961 ποτε
2419 907 2510 961 τοῦ
2530 907 2658 961 Υίοῦ
2689 909 2748 962 τὸ
2775 907 2915 961 εἶναι
2939 908 3289 979 δημιουργόν.
3318 910 3424 962 Καὶ
3451 909 3602 962 ἔσται
3631 909 3726 963 τοῦ

2147 993 2457 1064 ἀξιώματος
2504 996 2729 1068 ἕρημος,
2762 996 3050 1050 ἀποϐαλὼν
3101 998 3235 1067 ὅπερ
3282 998 3507 1068 ἔμαθεν.
3526 1000 3584 1052 ὐ
3617 1000 3726 1071 γάρ

2147 1082 2283 1145 ὅλως
2309 1085 2371 1135 ὲκ
2395 1084 2489 1136 τοῦ
2533 1086 2607 1155 μὴ
2636 1084 2832 1137 εἰδέναι
2853 1102 2905 1136 τι
2941 1086 3074 1155 πρὸς
3105 1086 3163 1137 τὸ
3192 1088 3389 1139 εἰδέναι
3436 1087 3726 1159 κεκλημέ-

2147 1189 2256 1238 νος,
2289 1172 2501 1237 δέξεταί
2527 1190 2657 1226 ποτε
2695 1175 2788 1227 καὶ
2819 1175 2917 1245 τῆς
2948 1174 3115 1246 λήθης
3155 1175 3215 1227 τὸ
3250 1176 3440 1239 πάθος.

2833 1375 3016 1429 ΑΛΛο

2222 1483 2295 1536 Τὸ
2320 1483 2385 1536 ὲκ
2414 1483 2508 1537 τοῦ
2540 1484 2615 1555 μὴ
2645 1484 2795 1548 ὄντος
2827 1486 2911 1548 είς
2938 1486 2997 1538 τὸ
3033 1480 3171 1539 εἶναι
3207 1488 3475 1559 παράγειν
3506 1489 3573 1542 τὰ
3606 1490 3726 1543 κτί-

2150 1590 2351 1642 σματα,
2383 1576 2443 1627 οὐ
2491 1577 2687 1646 τέχνης
2733 1577 2892 1647 ἔργον
2938 1579 3104 1643 ἐστὶν,
3135 1580 3269 1631 ἀλλὰ
3319 1579 3599 1650 δυνάμεως
3629 1583 3728 1653 δη-

2154 1667 2502 1738 μιουργικῆς.
2534 1668 2709 1738 Τέχνη
2742 1669 2839 1737 μὲν
2872 1669 2981 1740 γὰρ
3021 1669 3089 1722 τὰ
3124 1671 3250 1731 ὄντα
3282 1671 3416 1741 πρὸς
3460 1673 3645 1743 ἕτερόν
3675 1688 3729 1726 τι

470 1766 575 1818 trix
611 1774 791 1820 autem
833 1765 1081 1832 facultas,
1112 1782 1174 1821 ea
1220 1782 1341 1834 quae
1385 1782 1488 1821 non
1518 1767 1791 1821 exsistunt
1833 1768 1957 1822 facit
1989 1776 2046 1821 ut

2154 1759 2582 1826 μετασκευάζει·
2611 1760 2972 1831 δημιουργικὴ
3000 1761 3055 1813 δὲ
3099 1761 3329 1831 δύναμις
3355 1762 3424 1815 τὰ
3475 1764 3549 1834 μὴ
3599 1765 3729 1818 ὄντα

468 1857 758 1911 exsistant.
793 1857 848 1911 Si
881 1874 1009 1929 ergo
1044 1861 1111 1913 ab
1140 1868 1259 1913 arte
1290 1858 1446 1928 152
1480 1866 1572 1912 aut
1602 1859 1845 1913 doctrina
1878 1869 2053 1928 potest

467 1960 589 2002 csse
610 1957 825 2003 creator
850 1948 1039 2014 Filius,
1070 1949 1290 2003 videant
1322 1950 1453 2018 quid
1500 1948 1567 2003 de
1606 1948 1767 2004 Patre
1807 1959 2052 2004 statuere

468 2038 654 2102 velint,
691 2038 735 2093 si
782 2038 905 2108 quis
943 2040 1106 2093 etiam
1141 2038 1208 2093 de
1259 2039 1349 2093 illo
1383 2040 1498 2093 haec
1548 2039 1715 2093 dicat.
1769 2040 1837 2093 At
1883 2040 2051 2107 dices,

469 2125 683 2182 Patrem
716 2129 933 2199 quidem
960 2139 1155 2182 natura
1191 2142 1332 2193 esse,
1363 2127 1557 2181 Filium
1594 2143 1721 2182 vero
1755 2130 2049 2184 edoctum:

471 2217 585 2272 fieri
620 2219 803 2287 itaque
827 2228 1006 2288 potest
1041 2228 1099 2272 ut
1128 2219 1250 2288 quis
1276 2211 1924 2288 consequatur‘doctrina
1956 2237 2055 2274 na-

400 2326 401 2329 η
470 2308 699 2364 turalem
738 2311 1137 2387 [operationem
1205 2311 1321 2376 Dei,
1359 2321 1524 2378 utque
1577 2312 1801 2366 edoctus
1842 2327 2050 2380 creare,

471 2396 609 2450 idem
639 2398 959 2453 naturaliter
995 2400 1068 2454 sit
1090 2400 1234 2469 quod
1263 2399 1399 2469 ipse.
1424 2398 1636 2453 Nullum
1673 2399 1834 2470 igitur
1860 2402 2053 2456 discri-

471 2502 590 2542 men
638 2489 743 2544 erit
791 2489 934 2545 inter
992 2490 1156 2545 Deum
1198 2500 1254 2546 et
1310 2500 1640 2557 creaturam,
1694 2502 2052 2562 praeterquam

469 2578 709 2634 scientiae
760 2581 1057 2651 diSparitas
1104 2599 1116 2634 :
1170 2592 1367 2638 natura
1422 2592 1600 2637 autem
1654 2585 1721 2637 ab
1776 2585 1893 2655 ipso
1947 2601 2051 2640 non

469 2667 801 2735 differemus,
833 2672 926 2726 sed
962 2672 1074 2727 sola
1106 2672 1333 2728 scientia
1363 2672 1651 2728 inferiores
1682 2673 1772 2728 illo
1802 2676 2049 2730 erimus:

470 2774 591 2827 quae
618 2763 705 2816 ubi
739 2762 947 2833 adjecta
983 2766 1137 2820 nobis
1177 2765 1361 2830 fuerit,
1394 2768 1601 2821 erimus
1637 2781 1827 2822 omnes
1861 2778 2051 2823 natura

471 2853 566 2907 dii.
604 2854 885 2920 Quomodo
922 2857 1088 2926 igitur
1121 2873 1260 2912 unus
1303 2867 1386 2912 est
1428 2857 1591 2920 Deus,
1636 2858 1683 2911 si
1739 2873 1834 2928 per
1881 2859 2051 2912 solam

471 2944 773 2999 doctrinam
798 2961 957 3013 quam
995 2949 1406 3015 consequimur,
1441 2947 1512 3000 dii
1562 2946 1866 3003 ellicimur?
1912 2952 1978 3002 At
2006 2952 2051 3006 si

471 3032 588 3103 ipsa
633 3048 694 3088 se
737 3036 925 3090 barum
979 3038 1457 3092 ratiocinationem
1508 3038 1819 3094 absurditas
1855 3042 2048 3108 prodit,

472 3125 793 3181 naturaliter
824 3127 1009 3195 itaque
1046 3137 1261 3182 creator
1298 3138 1383 3181 est
1429 3127 1595 3181 Filius
1618 3170 1631 3192 ,
1685 3143 1790 3183 non
1824 3145 1919 3199 per
1948 3132 2041 3187 do-

472 3218 727 3283 ctrinam,
755 3228 811 3273 ut
843 3236 938 3275 vos
971 3222 1293 3290 opinamini.

1150 3355 1373 3415 ALIUD.

540 3461 698 3515 Aliud
736 3465 1123 3559 quidpiam.est
1152 3470 1438 3536 sapientia,
1482 3473 1625 3526 aliud
1666 3474 1883 3543 sapiens
1916 3495 1928 3530 :
1966 3490 2052 3529 sa-

471 3553 672 3621 pientia
705 3557 848 3609 enim
880 3570 964 3612 est
991 3553 1075 3613 re's
1109 3577 1228 3630 qua:
1258 3578 1447 3631 sapere
1474 3563 1628 3631 facit;
1683 3569 1898 3637 sapiens
1927 3585 2053 3624 vero

471 3648 562 3714 qui
604 3662 715 3700 rem
747 3664 866 3718 qua:
903 3665 1096 3719 sapere
1129 3651 1281 3720 fat-it,
1329 3655 1571 3723 suscipit.
1620 3656 1675 3712 Si
1717 3674 1846 3729 ergo
1884 3659 2053 3716 Filius

470 3738 709 3808 seipsum
768 3743 1093 3807 sapientiam
1145 3759 1268 3799 esse
1319 3746 1470 3811 dicit,
1526 3752 1792 3818 quomodo
1839 3753 2053 3822 sapiens

469 3828 695 3887 effectus
738 3833 859 3888 est?
917 3834 1051 3890 Nam
1102 3836 1145 3890 si
1195 3839 1417 3893 omnino
1462 3840 1711 3896 doctrina
1753 3841 2051 3913 indigebat,

472 3936 578 3976 non
604 3932 721 3977 erat
748 3925 1036 3993 sapientia.
1071 3926 1134 3980 Et
1156 3928 1201 3981 si
1227 3931 1489 3997 sapientia
1520 3932 1872 3986 accidentalis
1900 3933 1952 3987 in
1984 3948 2049 3988 eo

469 4025 571 4079 est,
608 4018 809 4085 poterit
851 4018 1141 4087 aliquando
1174 4021 1297 4076 talis
1335 4038 1438 4074 non
1472 4036 1617 4084 esse,
1661 4037 1783 4077 cum
1823 4023 1874 4077 id
1906 4025 2047 4091 quod

470 4106 666 4160 accidit
704 4108 874 4176 possit
924 4109 1087 4162 etiam
1130 4125 1233 4163 nou
1263 4112 1526 4165 accidere.
1565 4112 1829 4177 Quidnam
1885 4113 2050 4184 igitur

467 4207 586 4248 erat
610 4206 735 4250 ante
759 4198 899 4253 hoc?
926 4200 1189 4267 sapientia
1217 4201 1359 4255 enim
1391 4216 1494 4255 non
1522 4211 1660 4266 erat,
1691 4219 1810 4257 cum
1835 4207 2049 4275 sapien-

471 4284 544 4337 tia
573 4284 857 4354 indigeret.
893 4288 959 4341 At
998 4305 1213 4360 semper
1243 4291 1341 4345 fuit
1385 4292 1647 4360 sapientia
1688 4294 1879 4349 Filius.
1933 4296 2047 4352 lloc

468 4375 612 4428 enim
656 4390 809 4430 sacra
848 4377 1127 4449 Scriptura
1154 4382 1220 4435 de
1255 4382 1367 4452 ipso
1395 4384 1669 4450 przedicat.
1702 4385 1910 4441 Vanqu
1946 4389 2047 4441 ita-

469 4482 575 4537 que
607 4477 661 4523 et
688 4468 978 4527 absurdum
1014 4483 1098 4528 est
1135 4474 1336 4541 dicere,
1383 4473 1521 4531 Filio
1553 4476 1756 4546 aliquid
1791 4478 2041 4534 doctrina

467 4562 749 4619 accidisse.

1139 4681 1363 4739 ALIUD.

2155 1850 2291 1919 πρὸς
2323 1851 2384 1902 τὸ
2417 1847 2556 1905 εἶναι
2588 1852 2761 1909 καλεῖ.
2798 1853 2862 1906 Εί
2900 1852 3081 1907 τοίνυν
3112 1853 3220 1906 ἀπὸ
3245 1852 3437 1923 τέχνης
3482 1856 3575 1907 καὶ
3623 1873 3727 1925 μα-

2154 1941 2363 2013 θήσεως
2405 1939 2544 1997 εἶναι
2578 1944 2799 1998 δύναται
2846 1943 3173 2014 δημιουργὸς
3206 1947 3234 1996 ὁ
3263 1945 3408 2009 Υἱὸς,
3443 1947 3727 2015 όράτωσαν

2152 2031 2204 2083 τί
2235 2049 2365 2084 ποτε
2394 2032 2500 2103 ἄρα
2531 2034 2625 2085 καὶ
2658 2034 2786 2103 περὶ
2817 2033 2910 2087 τοῦ
2943 2032 3155 2104 Πατρὸς
3181 2032 3419 2103 ἐροῦσιν,
3453 2033 3508 2086 ετ
3530 2052 3612 2097 τις
3633 2037 3730 2089 καὶ

2154 2125 2237 2176 ἐπ’
2267 2125 2431 2177 αὐτοῦ
2470 2124 2643 2177 ταῦτα
2673 2124 2850 2193 λέγον
2903 2125 3039 2178 Ἀλλ’
3066 2128 3229 2195 ἐρεῖς.
3257 2128 3339 2179 ὅτι
3377 2126 3536 2195 φύσει
3569 2127 3667 2196 μὲν
3702 2130 3732 2180 ὁ

2154 2213 2362 2284 Πατὴρ,
2390 2214 2635 2278 διδακτὸς
2679 2214 2736 2266 δὲ
2787 2213 2988 2276 ὁΥίός.
3037 2214 3283 2279 Ἔξεστιν
3331 2210 3423 2268 οὖν
3467 2214 3732 2277 διδακτῶς

2154 2304 2457 2375 κτήσασθαί
2490 2321 2610 2357 τινα
2640 2303 2736 2374 τὴν
2760 2304 2996 2373 φυσικὴν
3027 2304 3307 2375 ἐνέργειαν
3331 2303 3423 2357 τοῦ
3450 2304 3609 2368 Θεοῦ,
3636 2305 3734 2357 καὶ

2157 2396 2397 2465 μαθόντα
2418 2394 2623 2458 κτίζειν
2648 2394 2899 2463 γενέσθαι
2925 2394 3084 2448 τοῦτο
3104 2398 3242 2466 ὅπερ
3267 2397 3383 2448 ἐστὶ
3407 2396 3547 2450 κατὰ
3570 2396 3733 2465 φύσιν

2155 2489 2334 2551 αὐτός.
2361 2486 2529 2541 Οὐδὲν
2550 2484 2642 2542 οὖν
2667 2488 2776 2559 ἄρα
2800 2488 2859 2541 τὸ
2884 2489 3084 2559 μεταξὺ
3114 2488 3248 2541 Θεοῦ
3274 2489 3364 2542 καὶ
3391 2489 3728 2558 κτισμάτων,

2154 2579 2201 2630 εἰ
2234 2578 2310 2649 μὴ
2340 2578 2539 2647 γνῶσις
2578 2580 2826 2650 περιττὴ,
2860 2580 2956 2634 καὶ
2990 2581 3149 2649 φύσει
3181 2580 3277 2649 μὲν
3314 2580 3448 2651 πρὸς
3475 2580 3639 2632 αὑτὸν
3669 2579 3730 2631 οὐ

2153 2669 2482 2742 διῃρήμεθα,
2521 2671 2657 2743 μόνῃ
2683 2670 2739 2724 δὲ
2773 2673 2841 2741 τῇ
2876 2670 3074 2740 γνώσει
3104 2671 3433 2742 λειπόμεθα·
3464 2666 3531 2741 ἧς
3564 2688 3733 2741 προσ⁹

2153 2761 2424 2830 τεθείσης,
2462 2762 2698 2833 ἐσόμεθα
2729 2763 2929 2826 πάντες
2972 2762 3112 2817 κατὰ
3143 2762 3302 2831 φύσιν
3329 2761 3460 2816 θεοί.
3486 2761 3609 2825 [Ιῶς
3637 2761 3730 2816 οὖν

2154 2849 2233 2918 εἷς
2267 2856 2417 2917 Θεὸς,
2453 2855 2500 2906 εί
2549 2856 2607 2907 ὲν
2656 2855 2803 2927 μόνῳ
2841 2855 2920 2925 τῷ
2969 2855 3160 2927 μαθεῖν
3190 2859 3367 2908 κεῖται
3390 2855 3449 2908 τὸ
3477 2854 3730 2923 γενέσθαι

2128 2947 2341 3013 η-Οεούς;
2374 2948 2436 3000 Εί
2465 2946 2521 2999 δὲ
2550 2948 2717 3018 πολλή
2748 2948 2831 3011 τίς
2874 2948 3020 3002 ἐστιν
3062 2951 3119 3001 ὲν
3149 2948 3356 3011 τούτοις
3382 2950 3415 3019 ή
3445 2947 3553 3001 τῶν
3581 2947 3730 3013 λογι-

2157 3039 2307 3108 σμῶν
2355 3040 2570 3101 ἀτοπία,
2601 3040 2845 3107 φυσικῶς
2896 3041 3003 3111 ἄρα
3052 3040 3379 3110 δημιουργὸς
3424 3043 3452 3093 ὁ
3492 3039 3635 3104 Υἱὸς,
3667 3034 3727 3090 οὗ

2154 3130 2438 3195 διδακτῶς,
2471 3130 2589 3184 καθ’
2627 3133 2790 3202 ὑμᾶς.

2842 3355 3044 3407 ΑΛΛΟ.

2224 3467 2448 3539 Ἕτερόν
2477 3468 2531 3521 τί
2556 3468 2672 3522 ἐστι
2703 3467 2886 3536 σοφία,
2916 3468 3008 3521 καὶ
3035 3466 3221 3536 ἕτερον
3257 3467 3286 3517 ὁ
3332 3466 3492 3534 σοφός
3515 3479 3529 3494 '
3563 3466 3596 3536 ἡ
3634 3465 3733 3535 μὲν

2153 3561 2265 3631 γάρ
2299 3560 2462 3629 σοφία
2505 3560 2635 3613 αὐτὸ
2683 3560 2745 3612 τὸ
2796 3561 3026 3629 πρᾶγμα
3076 3556 3137 3612 τὸ
3184 3555 3382 3628 σοφοῦν
3414 3559 3582 3619 ἔστιν,
3617 3559 3645 3610 ὁ
3673 3557 3731 3609 δὲ

2155 3653 2318 3722 σοφὸς
2368 3655 2397 3707 ό
2448 3651 2542 3706 τοῦ
2580 3652 2868 3721 σοφοῦντος
2901 3651 3168 3714 δεκτικός.
3197 3650 3261 3702 Et
3310 3650 3490 3703 τοίνυν
3538 3649 3732 3717 σοφίαν

2153 3744 2344 3797 ἑαυτὸν
2369 3739 2507 3798 εἷναί
2528 3761 2689 3813 φησιν
2712 3744 2740 3794 ό
2759 3743 2904 3808 Υἱὸς,
2925 3742 3040 3805 πῶς
3066 3740 3356 3811 ὲσοφοῦτος
3381 3742 3443 3794 El
3466 3740 3575 3813 γάρ
3596 3740 3732 3804 ὅλως

2150 3835 2320 3889 ἐδεῖτο
2361 3835 2668 3905 μαθήσεως,
2698 3835 2797 3887 οὐκ
2825 3830 2893 3905 ἦν
2924 3835 3105 3902 σοφία.
3139 3834 3249 3887 Καὶ
3289 3834 3336 3886 εί
3387 3832 3731 3903 συμὸἑὸηκεν

2150 3925 2299 3995 αὐτῷ
2325 3925 2385 3978 τὸ
2413 3926 2595 3995 σοφὸν,
2621 3925 2772 3978 ἔσται
2809 3927 2939 3979 ποτὲ
2968 3928 3061 3979 καὶ
3085 3926 3146 3979 οὐ
3175 3924 3433 3990 τοιοῦτος,
3464 3923 3559 3976 τοῦ
3588 3940 3729 3994 συμ-

2150 4016 2445 4086 ϐεϐηκότος
2498 4018 2591 4069 καὶ
2643 4017 3027 4087 ἀποσυμὸἧναι
3070 4016 3387 4085 δυναμένου.
3422 4014 3487 4068 Τί
3529 4012 3621 4068 οὖν
3661 4012 3729 4087 ἧν

2149 4108 2257 4176 ἄρα
2312 4108 2418 4178 πρὸ
2464 4107 2693 4173 τούτους
2748 4108 2909 4177 σοφία
2957 4109 3063 4179 γὰρ
3114 4107 3213 4161 οὔκ
3269 4102 3358 4177 ἦν,
3407 4106 3727 4176 λειπόμενος

2151 4199 2484 4270 φρονήσεως.
2502 4200 2641 4252 Ἀλλ’
2686 4196 2754 4271 ἦν
2805 4201 2890 4253 ἀεὶ
2937 4200 3099 4268 σοφία
3148 4202 3176 4252 ὁ
3220 4200 3367 4263 Υἱός.
3401 4198 3569 4252 Τοῦτο
3622 4200 3730 4269 γὰρ

2148 4289 2510 4361 κηρύττουσιν
2536 4294 2591 4344 αί
2623 4291 2761 4344 θεῖαι
2797 4291 3030 4361 Γραφαί.
3069 4291 3468 4360 Διεψευσμένον
3494 4291 3602 4360 ἄρα
3631 4292 3728 4342 καὶ

2148 4381 2360 4450 ἀμαθὲς
2407 4383 2469 4435 τὸ
2513 4385 2577 4437 ἐκ
2629 4382 2917 4455 μαθήσεώς
2971 4402 3019 4436 τι
3070 4382 3495 4454 προσγεγονέναι
3550 4383 3729 4449 λέγειν

2150 4492 2316 4545 αυτῳ.

2837 4678 3042 4730 ΑΛΛΟ.

538 4788 596 4844 S’.
624 4789 850 4846 facultas
876 4792 1096 4849 creandi
1131 4793 1268 4849 Filio
1310 4810 1408 4864 per
1435 4794 1738 4853 doctrinam
1786 4799 2036 4863 accessit,

2219 4789 2283 4841 Εί
2306 4788 2553 4842 διδακτόν
2576 4788 2689 4841 ἐστι
2716 4788 2777 4842 τὸ
2798 4787 3057 4842 δύνασθαι
3077 4790 3449 4861 δημιουργεῖν,
3467 4792 3560 4845 καὶ
3584 4792 3728 4848 οὕτω

464 4891 628 4949 atque
676 4883 748 4936 ita
781 4882 953 4938 factus
972 4893 1053 4940 est
1070 4894 1283 4940 creator
1310 4887 1500 4954 Filius,
1530 4890 1742 4945 invidia:
1772 4892 1901 4945 vitio
1936 4890 2039 4944 Pa-

2150 4877 2335 4946 γέγονε
2376 4877 2708 4949 δημιουργὸς
2752 4880 2779 4931 ὁ
2807 4879 2953 4943 Υίὸς,
2982 4880 3179 4947 φθόνου
3232 4880 3402 4944 πάθος
3443 4883 3726 4951 εἰσάγουσι

464 4977 603 5020 trem
634 4981 889 5036 onerant,
936 4974 979 5027 si
1021 4989 1145 5029 eum
1178 4976 1377 5032 multos
1404 4979 1599 5034 docere
1632 4990 1838 5050 posset,
1874 4995 2037 5034 unmn

2150 4969 2363 5039 γεγονὸς
2394 4971 2529 5041 πρὸς
2558 4971 2649 5023 τὸν
2677 4970 2915 5042 Πατέρα,
2944 4973 2998 5024 εἴ
3017 4990 3080 5041 γε
3116 4972 3341 5037 πολλοὺς
3383 4974 3589 5039 διδάξαι
3632 4975 3723 5027 δυ-

463 5066 673 5112 tantum
713 5061 917 5117 docuit.
960 5064 1099 5131 Quid
1141 5067 1285 5121 enim
1327 5070 1619 5134 nocuisset,
1660 5072 1853 5127 multos
1893 5074 2037 5127 circa

2150 5062 2390 5132 ψάμενος,
2420 5062 2517 5115 ἕνα
2549 5061 2711 5132 μόνον
2741 5062 2971 5127 ἐδίδαξε.
3005 5064 3071 5116 Τί
3118 5063 3226 5135 γὰρ
3274 5063 3460 5117 ἐλύπει
3497 5065 3726 5129 πολλοὺς

464 5146 643 5227 ἱρειιιη
666 5162 942 5207 creatores
972 5155 1201 5223 versari,
1234 5158 1688 5227 quemadmodum
1721 5161 1918 5215 multos
1946 5177 2037 5215 ar-

2150 5156 2273 5227 περὶ
2302 5156 2464 5208 αὑτὸν
2488 5150 2627 5208 εἶναι
2648 5156 2709 5225 δη
2719 5158 3033 5227 μιουργοὺς,
3052 5156 3242 5228 ὥσπερ
3268 5153 3360 5210 οὖν
3383 5159 3474 5211 καὶ
3497 5158 3727 5222 πολλοὺς

465 5238 757 5307 cltangelos
798 5253 961 5312 atque
990 5247 1209 5317 angelos
1261 5250 1462 5304 habet?
1516 5250 1670 5307 Nunc
1723 5267 1853 5308 vero
1896 5253 2042 5308 solus

2150 5247 2517 5318 άρχαγγέλους
2545 5248 2639 5301 καὶ
2667 5248 2931 5315 ἀγγέλους
2960 5248 3101 5318 ἔχεις
3136 5248 3249 5302 Νῦν
3274 5250 3330 5303 δὲ
3365 5250 3525 5320 μόνος
3547 5251 3574 5303 ό
3597 5250 3726 5314 Υἱὸς

464 5328 632 5384 Filius
664 5345 923 5401 operatur
969 5353 1088 5406 qua:
1138 5338 1321 5396 Pater.
1374 5340 1708 5397 Naturaliter
1756 5345 1940 5413 itaque
1991 5346 2038 5398 ci

2150 5341 2212 5395 τὰ
2254 5341 2347 5394 τοῦ
2399 5340 2609 5412 [ἰατρὸς
2656 5341 2971 5411 ἐργάζεται.
2998 5344 3229 5395 Φυσικὸν
3260 5340 3354 5396 οὖν
3389 5343 3497 5414 ἄρα
3540 5344 3635 5395 καὶ
3662 5343 3724 5395 οὐ

464 5420 649 5486 insita,
683 5439 788 5479 non
826 5427 1067 5483 doctrina
1109 5432 1374 5502 acquisita
1409 5441 1492 5488 est
1520 5434 1740 5489 creandi
1786 5434 2037 5500 facultas,

2150 5432 2389 5486 διδακτὸν
2433 5435 2490 5486 ἐν
2539 5432 2688 5501 αὐτῷ
2728 5433 2789 5485 τὸ
2837 5433 3210 5503 δημιουργεῖν,
3239 5434 3325 5488 ἵνα
3376 5435 3471 5489 καὶ
3527 5434 3724 5502 φθόνου

465 5526 535 5566 ne
565 5511 724 5567 Pater
756 5514 956 5571 invidia
1014 5520 1292 5578 laborasse
1331 5534 1623 5581 censeatur
1656 5545 1667 5579 :
1709 5528 1907 5597 quippe
1946 5527 2035 5597 qui

2150 5525 2403 5593 φαίνηται
2430 5523 2689 5593 κρείττων
2714 5525 2741 5577 ὁ
2774 5526 2982 5595 Πατὴρ,
3005 5526 3064 5578 οὐ
3094 5525 3311 5591 διδάξας
3344 5527 3561 5598 μᾶλλον.
3586 5525 3723 5580 ἀλλὰ

466 5619 573 5660 non
605 5604 809 5673 docuit,
849 5608 942 5662 sed
977 5624 1042 5662 ex
1080 5625 1138 5664 se
1180 5614 1364 5681 genuit
1396 5631 1560 5671 unum
1592 5626 1915 5684 creatorem,
1946 5633 2040 5687 per

2150 5620 2413 5686 γεννήσας
2456 5618 2513 5681 ἐξ
2548 5618 2741 5672 ἑαυτοῦ
2790 5620 2880 5672 τὸν
2926 5619 3018 5673 ἕνα
3062 5620 3412 5691 δημιουργὸν,
3442 5620 3509 5673 δι’
3541 5612 3601 5671 οὗ
3653 5616 3722 5671 τὰ

466 5713 624 5769 quem
653 5701 830 5756 omnia
860 5713 1132 5772 operatur.

2154 5710 2328 5763 πάντα
2356 5710 2665 5776 ἐργάζεται.
