4036 6208
277 305 388 362 εδει
1665 294 2111 354 TIIESAURL'S.
3438 309 3544 366 253

529 419 736 484 AAAO,
777 416 1034 473 πιθανὸν
1069 415 1217 484 ἕχον
1256 416 1321 468 τὸ
1359 415 1592 487 σχῆμα.
1888 419 1937 476 Α

1888 419 1937 476 Α
2314 415 2544 484 ALIUD,
2579 427 2636 471 ιιι
2665 419 2872 473 ridetur
2903 420 3191 488 probabile.

338 536 409 588 Ei
439 535 526 588 διὰ
550 535 732 598 τοῦτο,
751 534 874 588 καθ’
896 535 1062 604 ὑμᾶς,
1087 533 1179 586 τὸν
1198 533 1325 586 Υἱὸν
1352 533 1565 587 ἔκτισεν
1592 535 1620 587 6
1645 533 1858 606 Πατὴρ,

2037 526 2093 581 Si
2149 537 2456 596 propterea,
2493 541 2549 583 ιιι
2584 547 2680 587 vos
2723 534 3044 602 opinamini,
3090 533 3286 589 Filium
3338 537 3547 592 crearit

272 631 357 682 ἵνα
387 629 489 696 τῆς
517 627 756 699 γενητῆς
801 627 1016 696 φύσεως
1043 626 1240 698 εὑρεθῇ
1275 627 1524 697 ποιητὴς,
1564 626 1733 698 ἐχρῆν
1764 627 1864 682 αὖ·

1963 616 2145 681 Pater,
2197 629 2255 672 ut
2300 629 2501 674 creata;
2559 631 2770 676 natura:
2818 622 2992 678 factor
3024 639 3146 679 esse
3195 635 3541 691 cerneretur,

271 721 360 772 τὸν
393 720 640 788 ἀργῆσαι
674 718 860 771 λοιπὸν
890 717 1037 781 ἅπαξ
1082 717 1180 770 τοῦ
1212 718 1341 770 Υἱοῦ
1372 717 1690 788 γενομένου.
1734 717 1861 780 Πῶς

1967 712 2331 765 necessarium
2363 712 2588 767 omnino
2624 723 2708 767 est
2748 723 2806 768 ut
2841 725 3026 769 cre‘ato
3057 714 3196 770 Filio
3230 718 3539 772 cessaverit.

271 808 362 866 οὖν
396 811 698 881 ἐργάζεται
727 811 823 863 καὶ
864 811 1001 880 μετὰ
1045 809 1136 862 τὸν
1168 809 1331 874 Υἱόν;
1378 809 1550 872 Αὐτὸς
1596 809 1706 880 γάρ
1757 826 1862 861 που

1965 801 2245 868 Quomodo
2288 803 2449 872 igitur
2490 814 2746 871 operatur
2789 818 2910 874 post
2959 806 3191 861 Filium?
3238 808 3353 878 Ipse
3400 809 3541 863 enim

269 903 428 957 τοῦτό
464 919 636 972 φησιν
662 903 690 953 6
714 903 907 970 Σωτήρ
934 919 947 930 ·
987 920 1006 952 ι
1029 903 1086 952 '0
1116 896 1306 972 Πατήρ
1348 918 1450 970 μου
1483 901 1588 962 ἕως
1617 900 1742 972 ἄρτι
1770 901 1862 970 ἐρ-

1966 891 2227 947 Servator
2252 893 2356 948 hoc
2393 896 2469 947 ait
2499 913 2512 950 :
2554 913 2571 946 ι
2603 893 2764 951 Pater
2801 913 2951 952 mens
2981 915 3150 967 usque
3186 916 3328 954 nunc
3351 917 3544 971 opera-

270 993 523 1064 γάζεται,
558 993 715 1062 κάγὼ
739 992 1064 1065 ἐργάζομαι.
1094 1012 1111 1043 ι
1139 993 1202 1045 Εἰ
1232 992 1409 1045 τοίνυν
1439 991 1730 1062 ἐργάζεται
1767 992 1863 1045 καὶ⁵

1965 991 2072 1046 tttr,
2119 993 2172 1037 et
2203 1000 2304 1054 ego
2333 1001 2529 1054 (ψει-οι·
2550 988 2592 1040 ⁸.
2624 1007 2640 1038 ι
2683 987 2737 1042 Si
2772 1004 2899 1058 ergo
2926 1000 3180 1058 cperatur
3222 993 3382 1046 etiam
3424 1005 3545 1062 post

273 1085 410 1155 μετὰ
461 1084 561 1137 τὸν
593 1085 740 1146 Υἰὸν,
768 1082 1021 1153 περιττὸς
1069 1081 1135 1134 ἂν
1189 1081 1275 1150 εἴη
1322 1081 1444 1134 καθ’
1472 1082 1614 1150 ὑμᾶς
1655 1083 1684 1134 6
1712 1081 1861 1144 Υἱός.

1964 1073 2177 1135 Filium,
2212 1091 2649 1144 supervacaneus
2685 1079 2848 1148 igitur
2881 1079 3068 1146 fuerit,
3101 1082 3395 1135 secundum
3428 1099 3540 1146 vos,

281 1177 442 1230 Ἀλλά
469 1176 636 1228 τοῦτο
668 1176 866 1228 ἄτοπον
900 1176 1118 1244 φρονεῖν
1155 1191 1214 1227 τε
1245 1173 1340 1226 καὶ
1371 1173 1572 1240 λέγειν.
1605 1173 1720 1225 Οὐκ
1752 1171 1860 1242 ἄρα

1961 1162 2150 1218 Filius.
2187 1165 2450 1220 Caeterum
2484 1167 2586 1221 hoc
2613 1177 2667 1223 et
2711 1169 2858 1224 dictu
2899 1180 2950 1224 et
2989 1169 3224 1238 cogitatu
3254 1171 3541 1226 absurdum

269 1267 538 1338 παρήχθη
572 1268 707 1337 πρὸς
723 1268 784 1320 τὸ
809 1263 945 1320 εἶναι
973 1266 1200 1338 γενητὸς
1227 1265 1416 1327 ὁΥἱὸς,
1436 1265 1524 1318 ἵνα
1551 1264 1658 1316 τῶν
1686 1264 1860 1318 ἄλλων

1962 1268 2066 1313 est.
2095 1257 2210 1312 Non
2241 1267 2474 1330 estergo
2506 1271 2724 1316 creatus
2757 1261 2946 1325 Filius,
2983 1272 3040 1318 ιιι
3073 1265 3186 1332 ipse
3209 1265 3539 1333 reliquorum

269 1361 504 1428 γένηται
559 1359 807 1429 ποιητὴς,
839 1359 951 1411 ἀλλ’
979 1347 1042 1410 ἐκ
1092 1361 1191 1427 τῆς
1239 1357 1477 1428 ἀρρήτου
1523 1356 1616 1409 τοῦ
1648 1356 1861 1427 Πατρὸς

1966 1350 2124 1421 153
2148 1357 2362 1404 creator
2387 1351 2540 1404 ﬁeret
2569 1368 2583 1403 :
2609 1353 2702 1405 sed
2729 1367 2791 1405 ex
2823 1352 3078 1408 incliabili
3109 1353 3282 1408 Patris
3309 1355 3543 1410 essentia

269 1453 459 1514 οὐσίας
520 1450 818 1520 προελθὼν,
873 1450 948 1513 ὡς
973 1451 1118 1514 Υἱὸς,
1157 1449 1334 1502 πάντα
1382 1448 1448 1502 τά
1502 1446 1596 1501 τοῦ
1648 1449 1861 1519 [ἰατρὸς

1961 1439 2278 1508 procedens,
2313 1447 2372 1492 ιιι
2424 1438 2614 1503 Filius,
2667 1442 2846 1493 omnia
2898 1459 3015 1510 qua:
3057 1443 3234 1497 Patris
3263 1455 3543 1500 suntcum

272 1545 410 1615 μετὰ
441 1543 544 1596 τοῦ
571 1543 780 1613 [ἰατρὸς
803 1542 1118 1613 ἐργάζεται,
1147 1539 1390 1609 φυσικῶς
1415 1539 1674 1610 ὑπάρχων
1702 1539 1829 1592 τοῦθ
1846 1541 1860 1560 ’

1961 1527 2120 1583 Patre
2163 1537 2442 1598 operatur,
2490 1530 2812 1586 naturaliter
2846 1532 2896 1586 id
2941 1535 3208 1588 cxsistens
3255 1537 3398 1603 quod
3437 1544 3541 1598 est,

269 1639 403 1707 ὅπερ
460 1634 606 1702 ἐστὶ,
640 1635 772 1698 Θεὸς
819 1633 1082 1704 δηλονότι,
1121 1632 1218 1686 καὶ
1265 1631 1356 1687 διά
1403 1633 1560 1686 τοῦτο
1599 1631 1861 1703 δημιουρ-⁹

1491 1633 1560 1686 iro
1599 1631 1861 1703 δημιουρο-
1961 1622 2216 1677 nimirum
2239 1620 2402 1687 Dens,
2435 1636 2498 1677 ac
2525 1632 2816 1692 propterea
2849 1635 3085 1680 creator.

269 1731 380 1798 γύς.
1771 1763 1776 1770 -
1890 1771 1936 1831 Β

965 1839 1170 1893 ΑΛΛΟ.
1892 1820 1935 1831 ψ

1892 1820 1935 1831 "
2648 1820 2875 1876 ALIUD.

344 1959 406 2011 Ei
462 1957 545 2028 τῷ
592 1957 721 2025 θείῳ
771 1953 1093 2024 βουλήματι,
1132 1953 1273 2006 κατὰ
1303 1953 1401 2024 τὴν
1435 1952 1584 2006 θείαν
1613 1949 1856 2022 Γραφὴν,

2034 1936 2090 1989 Si
2124 1938 2383 1992 voluntati
2418 1937 2645 2001 divinae,
2683 1949 2739 1991 ut
2782 1937 3060 2008 Scriptura
3108 1951 3260 1992 sacra
3295 1944 3542 2001 testatur,

272 2049 615 2118 ἀνθέστηκεν
665 2046 864 2109 οὐδεὶς,
895 2046 1005 2098 ἀλλ’
1042 2045 1264 2115 ἐξαρκεῖ
1313 2043 1470 2097 τοῦτο
1524 2043 1619 2097 καὶ
1676 2043 1860 2114 μόνον,

1965 2043 2124 2082 nemo
2154 2029 2375 2093 restitit,
2435 2031 2528 2082 sed
2563 2030 2666 2083 hoc
2695 2039 2746 2083 et
2777 2031 2993 2099 quidem
3025 2030 3199 2084 solum
3231 2029 3430 2086 snliicit
3477 2031 3544 2084 ad

273 2142 406 2212 πρὸς
433 2140 538 2210 τὴν
565 2139 673 2192 τῶν
715 2137 852 2190 ὅλων
887 2135 1175 2190 σύστασινο
1214 2136 1332 2206 ἅμα
1377 2135 1486 2206 γὰρ
1522 2133 1752 2205 ἠθέλησὲ
1783 2151 1857 2200 τι,

1964 2119 2342 2173 universorum
2388 2120 2852 2184 constitutionem,
2886 2123 3042 2175 simul
3080 2123 3222 2174 enim
3255 2132 3416 2191 atque
3447 2137 3544 2175 vo-

274 2210 622 2302 παραχρῆμα
657 2230 892 2298 γίνεται,
928 2227 1071 2280 κατὰ
1117 2227 1207 2281 τὸν
1256 2226 1483 2294 λέγοντα
1514 2221 1819 2294 Ψαλμῳδόν
1841 2240 1856 2254 ⁸

1966 2210 2082 2274 luit,
2109 2213 2390 2267 confestim
2428 2213 2565 2266 facta
2600 2223 2745 2277 sunt,
2789 2215 2939 2281 juxta
2979 2213 3280 2268 Psalmistze
3311 2230 3496 2268 vocem
3529 2232 3541 2267 τ

279 2341 295 2373 ι
331 2323 530 2375 Πάντα
552 2323 653 2374 ὅσα
687 2320 956 2388 ἠθέλησεν
979 2319 1224 2388 ἐποίησε,
1261 2339 1280 2369 ι
1315 2319 1399 2381 τίς
1424 2313 1548 2388 ἦνή
1579 2315 1672 2369 τοῦ
1701 2332 1859 2385 μεσι-

1969 2324 1986 2356 ι
2021 2305 2213 2375 Omnia
2243 2321 2579 2374 quacunque
2597 2306 2785 2369 voluit,
2812 2305 2936 2361 fecit
2963 2308 3035 2369 ¹⁰ς
3065 2308 3222 2376 »ιιιιῑε
3250 2308 3413 2375 igitur
3428 2315 3546 2362 erat

273 2414 524 2476 τεύοντος
556 2413 752 2483 χρεία;
787 2411 1066 2480 Περιττῶς
1094 2412 1201 2480 ἄρα
1229 2412 1448 2479 γέγονεν
1487 2412 1514 2463 6
1541 2409 1680 2471 Υἱός.
1701 2407 1860 2460 Ἀλλὰ

1964 2415 2094 2453 usus
2129 2399 2485 2452 mediatoris?
2517 2397 2738 2452 Frustra
2768 2413 2898 2466 ergo
2930 2397 3101 2452 factus
3129 2409 3210 2452 est
3239 2398 3408 2452 Filius
3439 2415 3454 2452 :
3489 2409 3546 2451 at

271 2507 428 2560 τοῦτο
479 2507 659 2573 λέγειν
701 2504 809 2558 τῶν
851 2504 1238 2557 ἀτοπωτάτων.
1273 2503 1444 2566 Αὐτὸς
1492 2503 1599 2572 ἄρα
1642 2501 1787 2553 ἐστὶν
1826 2500 1859 2570 ἡ

1964 2488 2066 2542 Ιιοε
2099 2487 2547 2542 absurdissimum
2574 2488 2716 2541 dictu
2743 2496 2847 2541 est.
2884 2487 3000 2556 Ipse
3031 2487 3194 2558 igitur
3231 2497 3310 2542 est
3341 2487 3545 2541 inexsi-

274 2599 523 2661 ὲνούσιος
569 2598 663 2650 καὶ
698 2595 849 2659 ζῶσα
877 2595 984 2648 τοῦ
1032 2593 1242 2664 [ἰατρὸς
1291 2592 1560 2664 βούλησις,
1587 2591 1654 2646 δι’
1688 2585 1754 2662 ἦς
1791 2589 1860 2643 τὰ

1963 2587 2112 2632 stens
2141 2593 2203 2631 ac
2243 2578 2365 2632 viva
2415 2577 2594 2631 Patris
2622 2577 2894 2639 voluntas,
2933 2592 3025 2645 per
3055 2592 3215 2645 quant
3244 2576 3426 2629 omnia
3475 2575 3541 2628 ad

273 2689 458 2741 πάντα
489 2685 626 2757 πρὸς
654 2686 714 2738 τὸ
746 2681 887 2738 εἶναι
915 2684 1087 2738 καλεῖ.
1118 2681 1250 2738 Εἶτα
1299 2684 1415 2747 πῶς
1459 2683 1596 2756 αὕτη
1631 2681 1860 2754 πεποίη-

2003 2685 2082 2724 sse
2113 2669 2372 2724 traducit.
2407 2669 2691 2735 Quomodo
2725 2671 2905 2742 itaque
2947 2669 3058 2723 haec
3089 2669 3202 2737 ipsa
3248 2667 3388 2720 facta
3419 2665 3546 2720 est?
3593 2709 3597 2712 .

273 2791 392 2844 ται;
439 2755 570 2840 Πῶς
594 2777 650 2829 δέ
673 2776 808 2838 ὅλως
843 2775 943 2828 οὐκ
972 2771 1040 2845 ἦν
1073 2775 1298 2828 ἐκείνων
1329 2775 1540 2843 εἰπεῖν;
1587 2755 1591 2756 ν

1961 2762 2069 2814 Aut
2115 2760 2386 2832 quomodo
2432 2763 2484 2814 in
2531 2761 2845 2815 universum
2893 2775 2999 2814 non
3044 2767 3184 2822 erat,
3229 2765 3286 2811 ut
3328 2755 3416 2810 isti
3447 2769 3544 2810 vo-

1963 2851 2119 2908 Iunt?

779 2972 982 3036 AAAO,
1024 2971 1122 3024 καὶ
1159 2971 1354 3039 δριμύ.

2411 2964 2646 3032 ALIUD,
2677 2965 2832 3032 idque
2859 2975 3091 3018 uetitum.

347 3085 414 3139 El
466 3084 551 3137 διὰ
598 3081 756 3136 τοῦτό
805 3099 968 3150 φασιν
1016 3081 1262 3135 ἐκτίσθαι
1308 3081 1398 3135 τὸν
1429 3083 1580 3148 Υἱὸν,
1615 3085 1683 3137 ἵν’
1713 3087 1859 3158 ἡμᾶς
1888 3104 1933 3165 C

2035 3078 2091 3132 Si
2128 3087 2410 3149 propterea
2448 3089 2688 3132 creatum
2738 3091 2858 3132 esse
2895 3075 3090 3130 Filium
3125 3075 3330 3140 dicunt,
3359 3083 3415 3128 ut
3449 3091 3545 3130 nos

273 3179 658 3249 δημιουργήσῃ
693 3175 825 3238 Θεὸς
850 3175 918 3227 δι’
945 3173 1134 3236 αὐτοῦ,
1165 3175 1446 3244 ὁράτωσαν
1477 3178 1556 3240 εὶς
1582 3176 1712 3248 ὅσην
1739 3179 1863 3232 ἀσέ-

1966 3169 2108 3224 Deus
2133 3185 2230 3239 per
2255 3169 2428 3238 ipsum
2462 3178 2695 3232 crearet,
2731 3169 2950 3222 videant
2981 3169 3032 3221 in
3067 3176 3322 3236 quantam
3358 3167 3546 3236 impie-

276 3267 436 3320 ϐειαν
468 3267 652 3327 αὐτοῖς
679 3267 707 3318 6
738 3265 894 3334 λόγος
924 3265 1240 3336 ἐκϐήσεται.
1276 3267 1525 3320 Φαίνεται
1559 3267 1669 3340 γάρ
1701 3270 1864 3334 αὐτὸς

1965 3273 2128 3316 tatem
2179 3259 2452 3315 labantur.
2483 3257 2711 3314 Videtur
2752 3259 2896 3314 enim
2931 3260 3032 3314 hoc
3075 3269 3234 3328 pacto
3278 3258 3392 3326 ipse
3423 3273 3544 3327 pro-

275 3360 338 3413 δι’
363 3360 522 3430 ἡμᾶς
553 3356 810 3427 γεγονὼς,
835 3357 932 3409 καὶ
953 3358 1051 3426 οὐχ
1084 3359 1244 3428 ἡμεῖς
1276 3356 1342 3410 δι’
1365 3359 1547 3412 αὐτόν.
1572 3359 1680 3412 Καὶ
1703 3361 1865 3431 ἡμεῖς

1963 3362 2085 3423 pter
2109 3368 2228 3416 nos,
2267 3367 2371 3407 non
2407 3366 2535 3405 vero
2561 3367 2661 3407 nos
2690 3360 2925 3422 propter.
2949 3353 3122 3420 ipsum
3155 3349 3282 3404 farti
3311 3365 3450 3406 esse.
3485 3350 3547 3404 Et

279 3451 374 3520 μὲν
425 3451 660 3520 ποίημα,
711 3449 872 3512 αὐτὸς
923 3449 978 3501 δὲ
1027 3451 1297 3520 ποιήσεως
1350 3449 1598 3521 ὄργανον.
1653 3451 1864 3505 Οὐκοῦν

1965 3460 2063 3500 nos
2105 3445 2321 3512 quidem
2371 3459 2526 3511 opus,
2562 3443 2676 3512 ipse
2721 3458 2847 3496 vero
2875 3443 3056 3511 operis
3101 3443 3542 3499 instrumentum.

276 3543 618 3612 ὁμολογεξτω
667 3541 764 3611 μὲν
814 3541 976 3603 αὐτὸς
1010 3543 1105 3596 καὶ
1145 3541 1305 3611 χάριν
1335 3543 1489 3611 ἡμῖν·
1518 3541 1723 3614 ὑπέστη
1755 3543 1864 3614 γὰρ

1965 3533 2078 3588 IIoc
2104 3534 2270 3599 igitur
2290 3533 2446 3588 nobis
2471 3539 2754 3600 acceptum
2779 3531 2936 3592 ferat.
2961 3530 3104 3600 quod
3131 3530 3200 3584 sit
3222 3531 3547 3586 constitutus

275 3632 338 3684 δι’
363 3633 747 3704 ήμᾶς.Ἐσται
772 3633 827 3686 δὲ
852 3632 1008 3702 ἡμῶν
1042 3632 1137 3685 καὶ
1163 3631 1308 3696 δόξα,
1340 3631 1529 3704 ὥσπερ
1549 3635 1644 3686 καὶ
1668 3635 1700 3704 ἡ
1725 3634 1862 3705 γυνὴ

1967 3633 2193 3694 propter
2225 3638 2343 3677 nos.
2395 3622 2620 3690 Eritque
2666 3623 2782 3692 ipse
2818 3622 2988 3690 gloria
3031 3631 3239 3687 nostra,
3285 3621 3546 3690 quemad-

275 3725 366 3778 τοῦ
407 3725 626 3796 ἀνδρὸς·
669 3745 684 3776 ι
709 3725 770 3778 Ἡ
795 3725 904 3794 γὰρ
928 3725 1089 3794 γυνὴ,
1123 3725 1274 3796 φησὶ,
1298 3725 1422 3788 δόξα
1451 3724 1646 3795 ἀνδρός
1679 3728 1814 3778 ἐστι’
1840 3743 1859 3777 ι

1966 3715 2183 3768 modum
2214 3715 2408 3768 mulier
2435 3725 2515 3767 est
2545 3715 2668 3767 viri.
2702 3733 2720 3765 ι
2752 3713 2943 3768 Mulier
2973 3715 3140 3778 enim,
3185 3723 3242 3766 ut
3289 3714 3366 3767 ait
3401 3711 3547 3766 Scri-

277 3818 370 3869 καὶ
404 3816 628 3884 γείτονα
653 3815 832 3886 τίθησι
865 3816 961 3887 τὴν
992 3817 1190 3882 αἰτίαν,
1219 3816 1410 3884 λέγων’
1443 3837 1460 3868 ι
1491 3817 1564 3870 Οὐ
1587 3817 1695 3886 γὰρ
1711 3817 1863 3870 ἐκτε-

1966 3814 2144 3875 plura,
2177 3801 2345 3872 gloria
2380 3802 2478 3854 viri
2511 3811 2592 3854 est
2620 3803 2686 3865 ¹¹,
2720 3820 2738 3851 ι
2775 3815 3108 3868 causamque
3147 3802 3295 3854 addit
3321 3803 3543 3855 dicens:

281 3909 380 3978 σθη
417 3907 562 3976 ἀνὴρ
592 3906 679 3960 διά
725 3907 820 3978 τὴν
867 3912 1119 3976 γυναῖκα,
1167 3907 1302 3962 ἀλλὰ
1341 3909 1480 3980 γυνὴ
1523 3910 1611 3963 διὰ
1644 3911 1736 3962 τὸν
1768 3911 1863 3964 ἆν-

1973 3915 1992 3948 ι
2024 3895 2139 3950 Νοιι
2186 3893 2329 3948 enim
2361 3891 2443 3945 vir
2473 3899 2689 3945 creatus
2720 3902 2804 3944 est
2848 3903 3070 3958 propter
3103 3889 3403 3955 mulierem,
3452 3896 3545 3946 sed

279 3998 402 4068 δρα.
443 4017 461 4050 ι
513 3999 574 4050 Et
623 3997 801 4051 τοίνυν
850 3998 916 4051 δι’
953 3999 1103 4068 ἡμᾶς
1132 3999 1353 4066 γέγονεν
1389 4002 1417 4052 6
1445 3999 1589 4064 Υἱὸς,
1621 4000 1717 4054 καὶ
1767 4001 1865 4070 οὐχ

1967 3986 2160 4043 mulier
2184 3993 2400 4053 propter
2430 3983 2605 4037 virum
2632 3983 2697 4036 ¹².
2723 4000 2742 4033 ι
2783 3979 2837 4035 Si
2869 3996 2998 4050 ergo
3021 3990 3235 4048 promer
3263 3996 3360 4035 nos
3388 3996 3544 4036 crea»

280 4091 448 4160 ἡμεῖς
475 4088 543 4141 δι’
579 4089 762 4152 αὑτὸν,
791 4089 1030 4160 ἐσόμεθα
1060 4091 1277 4153 πάντως
1321 4091 1486 4144 αὐτοῦ
1515 4091 1862 4162 τελειότεροι,

1968 4087 2054 4132 ιιιε
2075 4088 2158 4132 εει
2178 4076 2365 4140 Filius,
2394 4091 2498 4130 non
2526 4083 2704 4129 autem
2731 4088 2829 4128 nos
2850 4081 3072 4142 pmpter
3101 4073 3274 4140 ipsum
3301 4086 3315 4124 :
3344 4072 3548 4129 erimus

281 4180 476 4252 ὥσπερ
529 4177 622 4234 οὖν
672 4181 766 4234 καὶ
810 4181 980 4252 Ἀδάμ
1014 4181 1112 4252 τῆς
1150 4185 1408 4250 γυναικὸς
1460 4183 1556 4253 τῆς
1603 4183 1672 4236 δι’
1705 4161 1866 4236 αυτὸν

1967 4168 2208 4238 profecto
2269 4181 2368 4220 nos
2438 4164 2527 4219 illo
2585 4163 3036 4244 prtestantiores,
3095 4161 3545 4229 quemadmodum

279 4250 610 4341 γενομένης.
628 4271 788 4324 Ἀλλὰ
809 4250 966 4326 τοῦτο
986 4250 1186 4326 ἄτοπον
1204 4289 1218 4305 ο
1241 4274 1342 4326 οὐκ
1362 4274 1467 4345 ἄρα
1490 4250 1695 4344 κτίσμα
1719 4276 1866 4327 ἐστὶν

1966 4260 2136 4312 Adam
2169 4257 2394 4312 muliere
2422 4264 2644 4326 propter
2667 4256 2842 4325 ipsum
2879 4254 3040 4308 facta.
3074 4251 3180 4306 Sed
3213 4251 3315 4306 hoc
3355 4250 3546 4306 absur-

280 4366 307 4416 6
341 4365 498 4426 Υἱὸς,
531 4363 649 4416 οὑδέ
684 4365 873 4432 γέγονε
920 4364 985 4416 δι’
1023 4367 1167 4434 ἡμᾶς
1190 4380 1201 4392 ·
1241 4365 1376 4420 ἀλλὰ
1409 4366 1568 4434 φύσει
1596 4367 1727 4430 Θεὸς
1759 4367 1862 4418 ὑπ-

1967 4351 2094 4403 dum
2123 4360 2228 4403 est.
2256 4347 2422 4403 Filius
2457 4347 2636 4415 itaque
2661 4357 2912 4400 creatura
2939 4359 3042 4399 non
3072 4352 3175 4408 est,
3211 4355 3386 4414 neque
3419 4357 3546 4410 pro-

285 4457 495 4526 άρχων,
531 4455 606 4517 ὡς
638 4456 665 4507 6
696 4455 904 4526 Πατὴρ,
935 4459 1000 4527 τῇ
1035 4456 1212 4526 οἰκείᾳ
1235 4455 1459 4527 δυνάμει
1493 4456 1586 4510 καὶ
1613 4458 1761 4528 ἡμᾶς
1786 4457 1866 4520 είς

1970 4449 2090 4509 pter
2120 4455 2220 4493 nos
2254 4440 2426 4494 lactus
2466 4447 2546 4492 est
2591 4456 2605 4492 :
2647 4437 2740 4492 sed
2785 4452 2906 4491 cum
2939 4436 3008 4490 sit
3038 4435 3359 4490 naturaliter
3388 4434 3541 4498 Dens,

283 4547 342 4600 τὸ
380 4544 526 4600 εἶναι
559 4546 905 4616 παρήγαγεν.
977 4526 996 4527 η
1377 4526 1380 4527 ν
1635 4526 1666 4528 Π

1970 4533 2112 4586 sicut
2145 4531 2329 4596 Pater,
2360 4529 2582 4602 propria
2632 4544 2728 4584 sua
2769 4529 2970 4583 virtute
3002 4528 3164 4582 etiam
3200 4542 3297 4582 nos
3325 4526 3390 4580 ad
3427 4539 3548 4580 esse

1969 4621 2226 4675 traduxit.

787 4745 994 4808 AAAO,
1037 4748 1134 4797 καὶ
1175 4743 1370 4813 δριμύ.

2413 4757 2645 4824 ALIUD,
2673 4759 2829 4813 etiam
2857 4771 3090 4813 acutum.

360 4858 426 4910 Et
447 4856 672 4925 γέγονεν
692 4857 720 4908 6
746 4857 874 4919 Υἱὸς
891 4855 957 4908 δι’
981 4858 1147 4928 ἡμᾶς,
1179 4855 1431 4925 καθάπερ
1459 4853 1657 4907 ἐκεῖνοί
1681 4872 1865 4924 φασιν,

2047 4868 2102 4924 Si
2131 4867 2300 4924 Filius
2323 4880 2544 4938 propter
2575 4884 2672 4924 nos
2703 4869 2878 4924 Iactus
2903 4879 3006 4930 est,
3032 4878 3088 4922 nt
3115 4868 3187 4923 illi
3212 4869 3415 4932 dicunt,
3441 4883 3543 4924 non

289 4950 390 5002 οὐκ
439 4948 590 5001 ἔστιν
637 4948 759 5000 οὐδὲ
807 4947 1024 5018 πρῶτος
1071 4948 1227 5018 ἡμῶν
1277 4947 1428 5018 παρὰ
1477 4945 1629 5017 Θεῷ·
1669 4948 1730 5000 οὐ
1758 4945 1868 5017 γὰρ

1976 4961 2078 5016 erit
2109 4960 2197 5014 ille
2227 4959 2432 5028 primus
2479 4967 2720 5013 nostrum
2757 4960 2895 5027 apud
2934 4959 3096 5012 Deum
3141 4976 3154 5013 :
3203 4973 3375 5028 neque
3399 4959 3543 5014 enim

291 5041 501 5090 ἐκεῖνον
544 5038 682 5106 ἔχων
719 5040 800 5101 εἰς
830 5037 975 5099 νοῦν,
1013 5040 1157 5108 ἡμᾶς
1191 5038 1416 5108 ὕστερον
1467 5039 1756 5109 ἐργάζεται
1793 5038 1872 5091 δι’

1977 5051 2126 5104 illum
2166 5061 2346 5103 mente
2375 5050 2705 5117 concipiens,
2759 5063 2856 5102 nos
2885 5056 3068 5116 postea
3115 5057 3332 5116 propter
3373 5047 3544 5115 ipsum

291 5131 480 5188 αὑτὸν,
514 5129 652 5181 ἀλλὰ
690 5130 760 5182 τὰ
808 5131 937 5201 περὶ
967 5131 1122 5200 ἡμῶν
1153 5131 1432 5200 ἐννοήσας,
1465 5130 1670 5182 ἐκεῖνον
1702 5129 1870 5200 ἐργά-

1976 5140 2200 5205 creavit,
2253 5139 2346 5195 sed
2399 5141 2464 5194 de
2513 5148 2697 5194 nostra
2756 5142 3031 5194 creatione
3081 5138 3347 5208 cogitans,
3401 5139 3546 5192 illum

291 5219 446 5282 ζεται
477 5219 544 5272 δι’
570 5222 739 5290 ἡμᾶς.
1705 5275 1710 5280 ,

1705 5275 1710 5280 .
1968 5238 2189 5302 propter
2218 5245 2318 5286 nos
2341 5232 2566 5286 creavit.

981 5332 1189 5385 AAAO.

2649 5341 2875 5398 ALIUD.

367 5444 432 5496 Et
481 5444 547 5497 δι’
579 5446 729 5515 ἡμᾶς
777 5444 960 5498 ἔκτισε
997 5446 1088 5498 τὸν
1115 5445 1238 5498 Υῐὸν
1263 5448 1292 5499 6
1321 5445 1531 5516 Πατὴρ,
1563 5445 1624 5498 οὐ
1659 5446 1874 5510 πάντως

2047 5453 2102 5508 Si
2140 5454 2297 5510 Pater
2318 5454 2510 5510 Filium
2538 5465 2719 5511 nostra
2750 5470 2912 5510 causa
2937 5455 3162 5520 creavit,
3192 5468 3296 5509 non
3325 5456 3549 5511 omnino

291 5535 360 5586 ἐκ
387 5537 760 5608 προαιρέσεως
793 5537 949 5592 τοῦτο
995 5541 1156 5604 ποιεῖ,
1186 5539 1300 5592 ἀλλ’
1329 5538 1404 5604 ὡς
1435 5540 1495 5605 ἐξ
1525 5541 1767 5610 ἀνάγκης
1797 5540 1875 5593 δι’

1974 5561 2039 5604 ex
2074 5548 2348 5604 voluntate
2398 5550 2500 5606 hoc
2541 5548 2669 5605 fecit
2735 5549 2830 5605 sed
2859 5563 2924 5604 ex
2969 5549 3298 5605 necessitate
3327 5555 3548 5618 propter

368 5707 568 5771 'Joan.
606 5731 657 5781 ν,
697 5717 784 5770 I'I.
867 5718 909 5749 ¹⁰
941 5717 1083 5773 Psal.
1115 5733 1268 5783 cxtn,
1295 5719 1347 5774 '5.
1428 5722 1468 5752 “
1497 5721 1513 5774 I
1539 5721 1664 5777 Cor.
1701 5737 1776 5788 XI,
1810 5723 1862 5776 7.
1947 5722 1962 5752 ¹

644 5756 657 5781 ,
697 5717 784 5770 I'l.
867 5718 909 5749 ¹⁰
941 5717 1083 5773 Psal.
1115 5733 1268 5783 cxttt,
1295 5719 1347 5774 '5.
1428 5722 1468 5752 “
1497 5721 1513 5774 I
1539 5721 1664 5777 Cor.
1701 5737 1776 5788 χι,
1810 5723 1862 5776 7.
1947 5722 1989 5754 ¹¹
2017 5713 2149 5780 Ibid.
2185 5724 2238 5778 9.
