4036 6208
511 315 616 371 259

1501 306 1556 362 S.
1600 304 1876 362 CYRILLI
1915 300 2382 357 ALEXANDRINI
2422 303 2739 359 ARCHIEP.

3656 306 3757 361 ‘260

514 448 633 489 nos.
682 430 795 485 Non
841 429 1004 498 igitur
1038 426 1259 482 omnino
1303 425 1478 481 factus
1519 426 1711 480 fuisset
1755 424 1948 489 Filius,
1989 423 2089 477 nisi

2197 427 2364 495 ἡμᾶς.
2393 426 2505 478 Οὐκ
2534 426 2600 478 ἂν
2630 421 2721 479 οὖν
2756 424 2891 487 ὅλως
2914 426 2941 478 6
2965 424 3089 487 Υἱὸς
3114 424 3318 495 ὑπέστη
3343 428 3443 496 τῆς
3478 426 3597 479 καθ’
3619 428 3759 497 ἡμᾶς

515 524 684 580 nostri
713 534 874 578 causa
902 538 916 587 ;
953 521 1048 575 sed
1078 534 1253 588 neque
1279 517 1449 572 voluit
1473 516 1689 585 quidem
1717 515 1874 571 Pater
1897 528 2088 569 creare

517 617 731 680 Filium,
759 615 851 668 sed
878 612 1177 667 necessitas
1213 612 1324 677 ipsa
1358 609 1529 672 illum,
1558 616 1615 659 ut
1649 606 1829 673 vellet,
1866 606 2040 674 coegit
2073 624 2084 658 :

516 720 681 777 atque
714 707 788 760 ita
821 720 884 760 ex
923 705 1143 758 illorum
1182 699 1341 769 154
1372 697 1647 766 Opinione,
1678 698 1818 751 Deus
1852 698 1964 764 ipse
1997 712 2092 750 ne-

517 799 759 855 cessitati
813 795 1092 863 subjectus
1144 790 1263 843 fuit.
1306 788 1564 859 Apagesis
1597 789 1755 844 istam
1802 787 2090 842 ratiocina-

520 891 679 947 tionis
708 887 1092 944 absurditatem
1115 882 1127 934 l

1182 989 1410 1046 ALIUD.

589 1092 646 1145 Si
679 1097 899 1160 propter
930 1100 1030 1141 nos
1077 1083 1269 1139 Filium
1322 1083 1527 1139 creavit
1568 1082 1761 1147 Pater,
1808 1097 1930 1136 cum
1978 1081 2089 1153 jam

517 1184 714 1237 factum
745 1183 813 1234 sit
838 1188 998 1247 atque
1025 1177 1333 1233 absolutum
1358 1192 1492 1245 opus
1516 1177 1669 1243 cujus
1696 1190 1857 1229 causa
1880 1183 2092 1227 creatus

516 1282 620 1336 est,
658 1283 1092 1339 supervacaucus
1131 1268 1384 1335 deinceps
1424 1276 1508 1322 est
1539 1266 1728 1329 Filius,
1781 1274 1964 1332 utpote
1988 1264 2091 1318 'iu-

518 1370 875 1416 stramentum
917 1360 1060 1414 illius
1098 1358 1277 1427 Operis
1306 1358 1418 1427 jam
1453 1358 1706 1423 absoluti,
1744 1355 1897 1422 cujus
1931 1368 2090 1409 causa

517 1454 693 1508 factus
720 1460 855 1506 erat.

906 1541 1021 1594 Alia
1052 1541 1342 1611 probabilia
1375 1540 1721 1593 theoremata.

589 1633 646 1687 Si
699 1632 859 1687 Pater
907 1641 1127 1701 propter
1180 1646 1280 1686 nos
1316 1630 1511 1685 Filium
1560 1628 1784 1691 creavit,
1822 1629 1887 1682 de
1935 1628 2091 1682 nobis

517 1726 706 1793 primis
738 1723 1078 1777 deliberavit.
1115 1721 1170 1775 Si
1205 1734 1335 1775 vero
1355 1721 1469 1789 ejus
1492 1721 1811 1774 deliberatio
1832 1721 1972 1773 circa
1997 1734 2091 1771 nos

520 1813 722 1881 primos
748 1820 959 1864 versata
991 1819 1095 1875 est,
1132 1811 1483 1878 quamobrem
1539 1809 1625 1861 ille
1657 1819 1781 1862 ante
1821 1823 1917 1862 nos
1946 1821 2093 1861 crea-

521 1915 626 1967 tur,
662 1903 751 1971 qui
786 1903 838 1955 in
886 1900 1115 1956 consilio
1155 1908 1210 1954 ct
1258 1900 1647 1953 deliberatione
1681 1908 1799 1951 erat
1830 1896 2095 1951 ultimus?

518 1995 624 2047 Aut
653 2008 771 2057 cur,
809 2007 929 2046 cum
959 1992 1109 2046 illum
1140 1990 1372 2058 primum
1399 1990 1622 2052 creavit,
1655 2003 1759 2042 non
1793 1988 1955 2041 etiam
1985 1988 2095 2055 pri-

522 2101 608 2139 mo
634 2086 701 2140 de
738 2084 830 2139 illo
868 2082 1224 2138 deliberavit?
1257 2096 1426 2149 quare
1456 2082 1620 2134 etiam
1667 2095 1789 2134 cum
1841 2079 1906 2133 de
1942 2078 2096 2132 nobis

519 2177 749 2243 primum
778 2173 1051 2243 cogitarit,
1081 2172 1230 2225 illum
1260 2171 1474 2239 quidem
1510 2169 1705 2237 Filium
1731 2180 1785 2223 et
1827 2169 2093 2222 haeredetn

515 2274 697 2329 vocat,
732 2279 830 2319 nos
863 2270 1041 2317 autem
1084 2274 1293 2322 servos,
1337 2270 1390 2313 et
1423 2261 1789 2314 haereditatem
1838 2259 1980 2313 illius
2005 2260 2094 2328 qui

517 2365 738 2425 propter
769 2369 867 2408 nos
900 2353 1075 2407 lactus
1102 2352 1226 2407 est?
1249 2352 1544 2419 Oportebat
1566 2351 1710 2405 enim
1741 2366 1770 2404 e
1796 2350 2091 2416 contrario,

516 2461 616 2500 nos
640 2446 853 2515 quidem
910 2444 1049 2499 ﬁlios
1097 2453 1151 2497 et
1197 2444 1442 2497 hmredes
1484 2456 1628 2507 esse,
1681 2442 2093 2494 instrumentum

518 2551 648 2589 vero
688 2545 889 2591 nostra
923 2534 1165 2597 factum,
1204 2535 1345 2601 quod
1383 2547 1593 2601 quoque
1624 2543 1842 2599 propter
1874 2549 1971 2586 nos
2016 2533 2095 2586 fa-

518 2637 661 2681 rtum
680 2638 785 2690 est,
805 2641 1017 2680 servum
1044 2638 1163 2677 esse
1195 2624 1456 2693 nobisque
1483 2624 1817 2678 inferiorem.
1842 2624 2097 2679 Facessat

515 2716 750 2772 absurda
777 2714 1036 2784 ejusmodi
1080 2715 1253 2770 ratio!

797 2824 1072 2894 Expositio
1104 2838 1253 2881 recta:
1283 2828 1555 2880 sententia:
1579 2836 1628 2879 el
1664 2826 1812 2896 ﬁdei.

588 2938 763 2993 Filius
798 2951 1140 3005 nequaquam
1176 2948 1397 3006 propter
1426 2954 1523 2993 nos
1557 2940 1731 2992 factus
1771 2947 1871 3005 est,
1904 2939 1995 2993 sed
2028 2954 2095 2993 ne

518 3032 691 3083 factus
724 3028 939 3097 quidem
979 3028 1204 3083 omnino
1252 3038 1357 3082 est.
1404 3027 1537 3081 Nam
1571 3029 1783 3083 etiamsi
1814 3036 2095 3083 creaturas

514 3121 815 3191 producere
839 3118 998 3173 Pater
1033 3118 1295 3173 uoluisset
1320 3159 1336 3185 ,
1379 3138 1395 3169 ι
1431 3129 1548 3174 erat
1592 3117 1827 3173 Verbum
1870 3119 1923 3172 in
1955 3120 2087 3187 ipso,
2118 3101 2161 3159 (ἶ

516 3220 569 3263 et
615 3207 754 3263 Deus
792 3218 910 3262 erat
945 3208 1173 3264 Verbum
1201 3249 1215 3274 ,
1256 3226 1276 3260 ι
1324 3208 1777 3277 quemadmodum
1831 3210 2090 3277 scriptum

514 3310 597 3355 est
623 3301 777 3355 “.Ea
800 3310 1111 3369 tamenquae
1136 3310 1322 3355 creata
1356 3310 1502 3365 sunt,
1537 3301 1759 3355 omnino
1796 3316 1890 3369 per
1920 3303 2090 3370 ipsum

518 3390 633 3446 ﬁeri
661 3391 967 3460 oportebat.
1003 3388 1140 3444 Nam
1168 3391 1311 3446 sicut
1351 3392 1531 3445 lumen
1584 3391 1740 3444 aliter
1789 3391 2094 3445 illuminare

518 3494 623 3536 n'on
674 3490 871 3552 potest,
905 3482 1005 3536 nisi
1048 3498 1140 3551 per
1169 3498 1325 3537 suum
1376 3482 1721 3553 Splendorcm
1773 3502 1787 3537 :
1836 3482 1909 3537 ita
1962 3483 2093 3537 nihil

513 3578 711 3627 eorum
744 3589 865 3643 qua:
937 3584 1061 3629 sunt
1109 3586 1361 3644 operatur
1404 3573 1585 3639 Pater,
1638 3574 1741 3628 nisi
1794 3588 1889 3643 per
1935 3590 2089 3628 suum

517 3665 776 3720 Verbum.
805 3684 825 3717 ι
850 3664 1041 3720 Omnia
1065 3666 1231 3730 enim,
1260 3666 1433 3734 inquit
1461 3666 1761 3734 Scriptura,
1793 3680 1887 3734 per
1919 3666 2090 3734 ipsum

515 3756 654 3809 facta
688 3765 834 3821 sunt,
855 3764 909 3811 et
936 3757 1052 3811 sine
1079 3756 1195 3825 ipso
1224 3755 1423 3810 factum
1451 3767 1533 3811 est
1563 3756 1693 3810 nihil
1721 3757 1783 3810 "*.
1814 3774 1832 3807 ι
1864 3755 2090 3823 Idcirco,

511 3858 566 3902 et
596 3847 841 3913 dextera,
876 3857 929 3901 et
958 3847 1245 3902 brachium
1285 3847 1380 3902 Dei
1426 3856 1666 3901 vocatur.
1714 3845 1907 3902 Omnia
1947 3849 2089 3902 enim

510 3951 605 4005 per
636 3937 829 4005 ipsum,
860 3936 1021 4011 veluti
1056 3951 1150 4005 per
1188 3951 1423 4000 manum,
1461 3945 1736 4003 Operatur.

510 4049 816 4106 Observatio
850 4024 1094 4118 quaedam
1139 4047 1634 4165 sacrcerScriptune
1675 4046 1894 4113 pulchra
1935 4058 2089 4117 atque

1215 4128 1291 4165 ιιιι
1320 4132 1381 4165 τε.

1215 4128 1381 4168 utilis.

577 4228 723 4282 Dixit
739 4227 1088 4294 Deus,inquit
1106 4223 1461 4295 Scriptura“'
1490 4223 1775 4290 :Fiatlux,
1799 4226 2087 4284 ﬁatﬁrma-

510 4329 773 4383 mentum,
811 4317 941 4370 ﬁant
975 4318 1261 4371 luminaria
1290 4335 1302 4371 :
1340 4325 1393 4370 et
1421 4315 1615 4369 factum
1650 4326 1733 4371 est
1766 4317 1861 4372 ita.
1896 4319 2080 4375 Dixit:

2191 515 2436 585 ἀπούσης
2470 518 2667 579 αἰτίας,
2705 517 2799 568 καὶ
2849 516 2989 585 τάχα
3038 515 3157 569 οὐδὲ
3217 517 3423 581 κτίζειν
3472 517 3629 586 ἤθελε
3675 521 3760 572 τὸν

2192 608 2318 660 Υίὸν
2341 610 2368 660 6
2391 609 2598 677 Πατὴρ,
2627 606 2760 661 ἀλλὰ
2785 608 2938 676 μόλις
2963 606 3125 659 αὐτὸν
3152 608 3229 667 εὶς
3260 606 3321 658 τὺ
3350 606 3608 676 ἐθελῆσαι
3631 625 3763 677 προ⁶

2191 700 2397 769 ήγαγεν
2434 699 2465 767 ἡ
2495 698 2675 768 χρεία,
2720 698 2817 751 καὶ
2849 698 3060 765 γέγονε,
3089 697 3209 749 κατ’
3244 696 3506 762 ἐκείνους,
3540 699 3632 750 καὶ
3663 699 3763 750 ὑπὸ

2192 789 2435 859 ἀνάγκην
2461 788 2611 852 Θεός.
2645 787 2815 857 Φεῦγε
2844 788 2938 841 τοῦ
2963 788 3120 856 λόγου
3151 786 3249 858 τὴν
3279 787 3528 840 ἀτοπίαν.

2874 987 3079 1040 ΑΛΛΟ.

2264 1080 2326 1132 Ei
2359 1080 2425 1132 δι’
2450 1079 2596 1149 ἡμᾶς
2633 1077 2813 1130 ἔκτισε
2832 1078 2922 1131 τὸν
2942 1078 3068 1131 Υίὸν
3091 1080 3118 1131 ό
3144 1077 3355 1148 Πατὴρ,
3378 1077 3571 1145 γέγονε
3596 1077 3653 1130 δὲ
3678 1078 3769 1131 καὶ

2194 1171 2551 1242 πεπλήρωται
2577 1170 2636 1222 τὸ
2663 1170 2821 1241 ἔργον
2844 1170 2910 1223 δι’
2941 1170 2968 1223 ὃ
2994 1170 3087 1223 καὶ
3119 1169 3364 1239 ἐκτίσθη,
3388 1169 3640 1239 περιττὸς
3662 1168 3771 1220 λοι-

2194 1265 2293 1315 πὸν
2327 1266 2354 1316 6
2383 1263 2617 1326 Υἱὸς,ὡς
2649 1263 2879 1333 ὄργανον
2899 1263 2998 1333 τῆς
3019 1263 3085 1315 δι’
3107 1263 3173 1332 ἣν
3199 1262 3563 1332 προϐέϐληται
3584 1262 3769 1332 χρείας

2193 1354 2423 1407 ἀποτελε
2433 1354 2669 1425 σθείσης.

2561 1536 2753 1587 Ἀλ..α
2791 1534 3009 1588 πιθανὰ
3046 1531 3408 1599 θεωρήματα.

2266 1628 2329 1679 Εἰ
2374 1628 2442 1681 δι’
2478 1628 2623 1697 ἡμᾶς
2670 1626 2851 1679 ἔκτισε
2882 1624 2973 1677 τὸν
3008 1624 3134 1676 Υίὸν
3166 1625 3195 1675 6
3222 1622 3427 1693 Πατὴρ,
3459 1623 3583 1692 περὶ
3614 1621 3767 1693 πρώ-

2194 1737 2301 1773 των
2333 1718 2488 1789 ήμῶν
2522 1717 2884 1787 βεϐούλευται.
2936 1718 2998 1770 El
3041 1717 3099 1770 δὲ
3128 1716 3254 1787 περὶ
3284 1715 3511 1786 πρώτων
3542 1715 3702 1786 ἡμῶν

2200 1807 2391 1877 σκέψις
2417 1808 2672 1875 ἐγγέγονε
2704 1806 2781 1876 τῷ
2812 1805 3005 1875 Πατρὶ,
3040 1806 3182 1858 διατί
3224 1805 3331 1877 πρὸ
3370 1804 3526 1876 ἡμῶν
3562 1805 3769 1868 ἐκεῖνος

2197 1898 2439 1962 κτίζεται
2476 1899 2505 1949 6
2542 1900 2597 1950 ὲν
2644 1897 2857 1966 βουλαῖς
2903 1898 3247 1961 τελευταῖος;
3286 1896 3436 1949 Διατί
3470 1895 3525 1948 δὲ
3556 1896 3769 1966 πρῶτον

2196 1989 2356 2041 αὐτὸν
2390 1990 2601 2052 κτίσας,
2635 1989 2694 2041 οὐ
2727 1989 2855 2059 περὶ
2884 1988 3100 2060 πρώτου
3132 1990 3225 2041 καὶ
3254 1987 3600 2054 ὲϐουλεύετο;
3630 1988 3769 2041 διατί

2194 2078 2251 2130 δὲ
2288 2077 2449 2130 πάλιν
2479 2077 2728 2148 πρώτους
2752 2078 2898 2147 ἡμᾶς
2938 2077 3077 2147 ἔχων
3106 2079 3163 2130 ὲν
3193 2077 3402 2147 σκέψει,
3437 2078 3641 2129 ἐκεῖνον
3671 2079 3767 2146 μὲν

2196 2169 2324 2221 Υἱὸν
2354 2169 2447 2221 καὶ
2478 2168 2813 2238 κληρονόμον
2848 2167 3131 2230 ἀποκαλεῖ,
3167 2167 3313 2237 ἡμᾶς
3336 2166 3392 2220 δὲ
3430 2166 3649 2229 δούλους
3676 2167 3769 2218 καὶ

2195 2259 2393 2330 κλῆρον
2421 2258 2513 2311 τοῦ
2560 2259 2625 2310 δι’
2656 2260 2804 2328 ἡμᾶς
2845 2258 3175 2327 γενομένου;
3210 2258 3355 2310 Ἔδει
3402 2257 3509 2327 γὰρ
3553 2259 3616 2310 ὲκ
3660 2259 3769 2310 τῶν

2194 2349 2472 2412 ἐναντίων,
2508 2350 2655 2418 ἡμᾶς
2691 2349 2787 2419 μὲν
2816 2349 2978 2412 Υἱοὺς
3029 2350 3121 2403 καὶ
3171 2348 3537 2419 κληρονόμους
3590 2349 3768 2419 ὑπάρ-

2194 2456 2339 2509 χεινσ
2373 2440 2432 2492 τὸ
2454 2440 2507 2492 δὲ
2538 2443 2636 2508 τῆς
2663 2441 2932 2506 ποιήσεως
2958 2442 3113 2510 ἡμῶν
3137 2440 3386 2511 ὄργανον,
3407 2440 3435 2492 ὃ
3464 2440 3555 2499 καὶ
3580 2440 3768 2508 γέγονε

2193 2533 2258 2585 δι’
2284 2534 2450 2603 ἡμᾶς,
2485 2534 2671 2587 δοῦλον
2718 2530 2856 2588 εἶναι
2900 2536 2993 2588 καὶ
3040 2533 3415 2590 ὑποκείμενον.
3446 2532 3619 2602 Φεῦγε
3672 2532 3765 2585 τοῦ

2194 2625 2350 2693 λόγου
2380 2624 2476 2696 τὴν
2508 2626 2755 2680 ἀτοπίαν.

2362 2823 2676 2894 Ἐξήγησις
2717 2825 2935 2878 λοιπὸν
2971 2824 3081 2893 τῆς
3118 2825 3300 2895 ὀρθῆς
3337 2828 3612 2892 πίστεως.

2265 2939 2337 2992 Οὐ
2390 2938 2455 2990 δι’
2485 2938 2632 3008 ἡμᾶς
2681 2937 2903 3005 γέγονεν
2949 2938 2977 2989 6
3032 2939 3190 3004 Υἱὸς,
3233 2940 3347 2992 ἀλλ’
3377 2940 3495 2993 οὐδὲ
3543 2940 3769 3008 γέγονεν

2193 3031 2346 3094 ὅλως.
2374 3030 2485 3084 Καὶ
2516 3031 2626 3100 γὰρ
2657 3032 2750 3084 καὶ
2780 3031 2827 3081 εί
2860 3031 2934 3100 μὴ
2965 3029 3121 3096 δόξαν
3148 3028 3214 3103 ἦν
3241 3031 3317 3103 τῷ
3344 3033 3515 3102 Πατρὶ
3545 3036 3770 3103 ποιῆσαι

2193 3122 2263 3175 τὰ
2309 3121 2529 3193 γενητὰ,
2582 3141 2600 3172 ι
2629 3118 2695 3193 ἦν
2738 3124 2766 3174 6
2813 3122 2981 3190 Λόγος
3029 3124 3086 3175 ὲν
3132 3123 3301 3194 αὐτῷ,
3330 3124 3423 3176 καὶ
3474 3124 3603 3190 Θεὸς
3641 3120 3708 3196 ἦν
3742 3129 3771 3180 6

2195 3214 2385 3281 Λόγος,
2420 3233 2437 3265 ι
2478 3214 2551 3275 ὡς
2582 3214 2912 3282 γέγραπται.
2949 3214 3029 3266 Τὰ
3062 3214 3159 3284 μέν
3191 3231 3272 3267 τοι
3307 3215 3600 3287 κτιζόμενα
3630 3216 3769 3270 πάν-

2193 3323 2299 3369 τως
2333 3305 2438 3357 ἔδει
2482 3304 2731 3372 γενέσθαι
2773 3304 2840 3356 δι’
2869 3305 3271 3376 αὑτοῦ.”ονπερ
3302 3306 3410 3375 γὰρ
3444 3306 3644 3378 τρόπον
3670 3308 3770 3361 οὐκ

2195 3395 2261 3448 ἂν
2297 3395 2498 3465 ἑτέρως
2527 3394 2757 3463 φωτίσαι
2783 3394 2843 3447 τὸ
2872 3395 3005 3463 φῶς,
3033 3396 3081 3448 εί
3108 3394 3182 3466 μὴ
3202 3396 3288 3448 διὰ
3315 3395 3408 3449 τοῦ
3440 3396 3569 3449 ἰδίου
3596 3398 3775 3450 ἀπαυ-

2194 3487 2497 3556 γάσματοςο
2522 3484 2694 3547 οὕτως
2713 3486 2812 3538 οὐκ
2841 3487 2905 3540 ἄν
2932 3504 2985 3538 τι
3010 3485 3118 3538 τῶν
3141 3486 3306 3540 ὄντων
3330 3487 3626 3558 ἐργάσαιτο
3652 3490 3767 3541 Πα-

2193 3578 2319 3650 τὴρ,
2377 3578 2425 3629 εί
2476 3578 2550 3648 μὴ
2590 3576 2678 3629 διὰ
2706 3577 2801 3629 τοῦ
2846 3577 3046 3630 οἰκείου
3077 3578 3271 3647 Λόγου.
3329 3597 3346 3628 ι
3403 3579 3589 3632 Πάντα
3635 3581 3767 3652 γὰρ,

2195 3669 2348 3739 φησὶ,
2408 3668 2474 3720 δι’
2533 3666 2695 3719 αὑτοῦ
2750 3668 2987 3734 ἐγένετο,
3019 3668 3112 3721 καὶ
3144 3670 3313 3739 χωρὶς
3340 3669 3505 3723 αὑτοῦ
3550 3671 3769 3738 ἐγένετο

2191 3759 2311 3812 οὐδὲ
2337 3757 2414 3810 ἓν.
2443 3776 2461 3807 ι
2495 3756 2592 3809 Διὰ
2619 3755 2777 3809 τοῦτο
2802 3758 2896 3809 καὶ
2928 3778 2945 3807 ι
2970 3756 3119 3821 δεξιὰ
3145 3758 3238 3811 καὶ
3272 3758 3511 3830 βραχίων
3531 3779 3547 3811 ι
3575 3760 3769 3830 ὀνομά-

2192 3851 2343 3915 ζεται
2384 3847 2541 3901 Θεοῦ.
2570 3848 2753 3900 Πάντα
2776 3847 2883 3919 γὰρ
2908 3847 2973 3900 δι’
2999 3848 3186 3915 αὑτοῦ,
3219 3848 3294 3912 ὠς
3321 3850 3407 3902 διὰ
3437 3848 3637 3920 χειρὸς,
3670 3850 3765 3920 ἐρ-

2190 3941 2429 4009 γάζεται.

2239 4049 2615 4117 Ἐπιτήρησις
2648 4050 2765 4104 ἀπὸ
2799 4048 2905 4116 τῆς
2935 4051 3096 4114 θείας
3126 4049 3392 4120 Γραφῆς,
3427 4050 3586 4119 καλὴ
3627 4050 3727 4104 καὶ

2809 4120 3146 4189 ἐπωφελής.

2260 4231 2415 4299 Eine,
2468 4232 2650 4304 φησὶν,
2694 4236 2722 4286 6
2773 4233 2923 4297 Θεός’
2976 4234 3264 4304 Γενηθήτω
3312 4234 3446 4302 φῶς,
3472 4232 3763 4304 γενηθήτω

2191 4327 2507 4398 στερέωμα,
2562 4324 2945 4395 γενηθήτωσαν
3017 4324 3343 4395 φωστῆρες·
3394 4325 3490 4378 καὶ
3543 4326 3766 4394 ἐγένετο

507 4410 790 4464 Faciamus
817 4410 1087 4463 hominem
1124 4428 1137 4463 ε
1174 4423 1227 4465 et
1254 4410 1394 4477 lfecit
1428 4409 1566 4463 Deus
1588 4410 1883 4467 hominem.
1930 4413 1999 4467 At
2028 4414 2081 4467 in

2194 4420 2380 4481 οὕτως.
2427 4413 2585 4470 Εἶπε’
2620 4419 2943 4487 Ποιήσωμεν
2970 4416 3288 4487 ἄνθρωπον
3321 4416 3412 4469 καὶ
3440 4417 3694 4487 ἐποίησεν
3735 4418 3764 4467 6

507 4501 592 4556 his
617 4499 871 4554 omnibus
899 4515 1164 4569 nusquam
1191 4509 1276 4556 est
1308 4500 1493 4555 videre
1523 4499 1719 4555 Filium
1747 4502 1942 4571 alloqui
1975 4503 2076 4558 Pa-

508 4604 667 4659 trem,
699 4593 853 4662 quasi
884 4593 1152 4647 volentem
1183 4594 1390 4647 discere
1433 4592 1736 4659 qualianam
1767 4608 1887 4649 esse
1914 4610 2075 4663 opor-

504 4695 583 4742 tet
610 4701 730 4757 qua:
762 4688 995 4740 creauda
1028 4694 1208 4749 erant,
1253 4685 1345 4739 sed
1383 4700 1485 4739 vox
1540 4686 1654 4755 ipsa
1708 4701 1842 4755 opus
1869 4697 1952 4741 est
1982 4705 1995 4741 :
2028 4688 2071 4741 si

504 4790 684 4833 autem
715 4776 892 4832 Verbo
921 4790 1085 4847 opera
1121 4775 1254 4828 liunt
1299 4775 1454 4842 juxta
1491 4776 1817 4830 voluntatem
1870 4777 2070 4842 Patris,

2181 4510 2312 4572 Θεὸς
2348 4508 2438 4561 τὸν
2468 4506 2772 4577 ἄνθρωπον.
2793 4505 2930 4557 Ἀλλ’
2964 4507 3021 4557 ὲν
3046 4505 3256 4567 τούτοις
3292 4506 3493 4557 ἅπασιν
3520 4504 3761 4573 οὐδαμοῦ

2181 4600 2432 4669 φαίνεται
2462 4598 2620 4667 λόγος
2648 4597 2724 4660 ὡς
2754 4597 2811 4663 ἐξ
2841 4597 2970 4650 Υίοῦ
3010 4597 3145 4668 πρὸς
3175 4596 3266 4651 τὸν
3298 4596 3516 4667 Πατέρα
3551 4596 3761 4667 μανθά-

2178 4706 2288 4742 νειν
2318 4687 2593 4751 ἐθέλοντος
2620 4686 2780 4739 ὁποῖά
2799 4704 2921 4741 τινα
2942 4686 3047 4757 χρὴ
3071 4686 3323 4754 γενέσθαι
3350 4685 3417 4738 τὰ
3438 4685 3753 4756 κτιζόμεναο

2178 4780 2293 4832 ἀλλ’
2320 4781 2352 4849 ἡ
2384 4777 2534 4849 φωνὴ
2581 4778 2643 4831 τὸ
2687 4777 2844 4849 ἔργον
2873 4778 3103 4844 γίνεται.
3136 4777 3198 4829 Εἰ
3239 4776 3297 4829 δὲ
3342 4776 3484 4845 λόγῳ
3516 4776 3582 4829 τὰ
3617 4776 3756 4847 ἔργα

505 4866 740 4922 Verbum
775 4868 960 4936 itaque
988 4876 1073 4922 est
1113 4866 1363 4921 voluntas
1394 4867 1570 4920 Patris
1610 4873 1793 4922 vivens
1837 4879 1997 4937 atque
2026 4870 2076 4923 ei

2194 4871 2383 4935 Γίνεται
2416 4869 2555 4923 κατὰ
2601 4867 2699 4939 τὴν
2750 4868 2944 4937 βουλὴν
2990 4867 3083 4919 τοῦ
3124 4868 3357 4939 Πατρὸς,
3387 4868 3414 4917 ὁ
3445 4865 3611 4934 Λόγος
3645 4867 3754 4936 ἄρα

505 4959 851 5026 iuexsistens,
875 4975 994 5030 quae
1018 4958 1179 5015 simul
1209 4958 1263 5013 in
1289 4958 1404 5029 ipso
1431 4969 1533 5023 est,
1553 4969 1603 5014 et
1633 4959 1869 5014 vicissim
1900 4962 2073 5028 ipsum

2194 4960 2321 5012 ;στὶν
2351 4962 2383 5029 ή
2419 4959 2581 5029 βουλὴ
2612 4959 2700 5011 τοῦ
2731 4959 2940 5028 Πατρὸς
2969 4960 2998 5028 ἡ
3028 4958 3178 5022 ζῶσα
3208 4962 3299 5011 καὶ
3325 4958 3584 5020 ἐνούσιος,
3609 4958 3751 5026 αὐτή

503 5047 556 5099 in
594 5061 652 5101 se
682 5048 864 5103 habet.

507 5158 663 5230 155
694 5158 814 5212 Alia
863 5161 1172 5224 observatio,
1217 5175 1282 5213 ea:
1330 5175 1433 5225 qua
1486 5158 1733 5230 discimus
1782 5158 1990 5230 angelis_
2024 5166 2074 5210 et

572 5227 768 5283 ia'nctis
803 5232 1062 5295 prophetis
1099 5230 1519 5283 consuetudinem
1551 5245 1660 5280 esse
1681 5228 1850 5296 jussis
1893 5246 1921 5278 a
1965 5227 2072 5280 Deo

574 5300 733 5350 etiam
757 5299 1191 5367 interrogationes
1225 5299 1480 5367 proferre,
1514 5298 1879 5363 ignorantibus
1910 5298 2072 5349 inter-

568 5368 691 5417 dum
733 5370 784 5418 id
813 5365 1195 5435 quodjussum
1228 5365 1332 5422 est.
1378 5365 1583 5420 Verbua
1643 5376 1814 5419 autem
1859 5384 1958 5419 non
1995 5368 2069 5419 ita

572 5435 743 5501 facere
774 5440 1049 5501 reperitur.

570 5545 710 5599 Deus
724 5546 969 5614 promisit
991 5549 1219 5603 Abrahae
1240 5549 1436 5616 ﬁlium,
1458 5559 1511 5605 et
1530 5550 1644 5620 ipse
1662 5551 1929 5620 interroga
1955 5549 2029 5604 vit
2052 5566 2066 5602 :

575 5698 794 5756 "Joan.
827 5714 871 5768 ι,
905 5700 955 5753 l.
1037 5701 1233 5760 “Ibid.
1305 5705 1366 5735 ιν
1392 5704 1528 5761 Gen.
1568 5724 1610 5761 ι.

2172 5065 2230 5101 τε
2260 5044 2396 5103 οὖσα
2428 5050 2487 5103 ὲν
2522 5049 2715 5119 Πατρὶ,
2747 5049 2841 5100 καὶ
2874 5047 3070 5118 ἔχουσα
3106 5049 3268 5101 αὑτὸν
3296 5052 3353 5101 ἐν
3378 5049 3511 5118 αὐτῇ

2184 5157 2562 5226 Ἐπιτήρησις
2603 5158 2837 5227 ὁμοίως,
2865 5158 2934 5223 ἐξ
2978 5156 3053 5229 ἧς
3097 5160 3483 5229 μανθάνομεν
3515 5159 3603 5229 ὅτι
3653 5161 3754 5213 καί

2242 5230 2518 5297 ἀγγέλοις
2546 5230 2643 5282 καὶ
2683 5229 2873 5297 ἁγίοις
2895 5228 3227 5298 προφήταις
3262 5230 3396 5295 ἔθος
3424 5228 3597 5282 ἐστὶν
3625 5230 3758 5282 ἐπι-

2247 5300 2648 5363 ταττομένοις,
2668 5299 2827 5364 πίιρὰ
2847 5300 3014 5363 Θεοῦ,
3042 5300 3137 5352 καὶ
3159 5300 3479 5364 ἐρωτήσεις
3496 5300 3758 5366 ἀγνοοῖ)-

2243 5385 2346 5421 σιν
2381 5368 2507 5421 ἐσθ’
2538 5368 2635 5420 ὅτε
2660 5367 2723 5420 τὸ
2752 5369 3244 5437 ἐπιταττόμενον,
3274 5370 3337 5419 '0
3364 5367 3432 5420 δὲ
3469 5371 3576 5423 τοῦ
3601 5369 3754 5421 Θεοῦ

2241 5438 2430 5506 Λόγος
2463 5440 2575 5506 οὐχ
2606 5438 2794 5502 οὕτως
2838 5435 3075 5506 ἐδείχθη
3115 5435 3320 5490 ποιῶν.

2240 5550 2330 5620 Τῷ
2377 5550 2625 5622 Ἀϐραὰμ
2655 5553 2767 5607 υἱὸν
2794 5555 3161 5625 ἐπηγγέλλετο
3194 5557 3221 5607 ὁ
3260 5554 3414 5618 Θεὸς,
3465 5554 3557 5607 καὶ
3588 5553 3755 5615 αὐτὸς
