  <div class='ocr_page' id='page_1' title='image "/cluster/home/n/w/nwhite01/storage/ocr_20150623/75/hvd.32044073502031/136.png"; bbox 0 0 4036 6208; ppageno 0'>
   <div class='ocr_carea' id='block_1_1' title="bbox 296 243 378 296">
    <p class='ocr_par' dir='ltr' id='par_1_1' title="bbox 296 243 378 296">
     <span class='ocr_line' id='line_1_1' title="bbox 296 243 378 296; baseline 0 -1"><span class='ocrx_word' id='word_1_1' title='bbox 296 243 378 296; x_wconf 63' lang='lat' dir='ltr'><strong>ibi</strong></span> 
     </span>
    </p>
   </div>
   <div class='ocr_carea' id='block_1_2' title="bbox 1653 238 2097 296">
    <p class='ocr_par' dir='ltr' id='par_1_2' title="bbox 1653 238 2097 296">
     <span class='ocr_line' id='line_1_2' title="bbox 1653 238 2097 296; baseline -0.005 -2"><span class='ocrx_word' id='word_1_2' title='bbox 1653 238 2097 296; x_wconf 77' lang='lat' dir='ltr'><strong>THESAURUS.</strong></span> 
     </span>
    </p>
   </div>
   <div class='ocr_carea' id='block_1_3' title="bbox 3418 241 3525 317">
    <p class='ocr_par' dir='ltr' id='par_1_3' title="bbox 3418 241 3525 317">
     <span class='ocr_line' id='line_1_3' title="bbox 3418 241 3525 317; baseline -0.019 -22"><span class='ocrx_word' id='word_1_3' title='bbox 3418 241 3525 317; x_wconf 73' lang='lat'><strong>262</strong></span> 
     </span>
    </p>
   </div>
   <div class='ocr_carea' id='block_1_4' title="bbox 294 355 1868 430">
    <p class='ocr_par' dir='ltr' id='par_1_4' title="bbox 294 358 1864 430">
     <span class='ocr_line' id='line_1_4' title="bbox 294 358 1864 430; baseline -0.001 -17"><span class='ocrx_word' id='word_1_4' title='bbox 294 362 498 430; x_wconf 61' lang='grc' dir='ltr'>ἔφασκε</span> <span class='ocrx_word' id='word_1_5' title='bbox 540 385 555 407; x_wconf 78' lang='grc' dir='ltr'><strong>ι</strong></span> <span class='ocrx_word' id='word_1_6' title='bbox 592 358 747 411; x_wconf 84' lang='grc' dir='ltr'><strong>Κατὰ</strong></span> <span class='ocrx_word' id='word_1_7' title='bbox 776 358 827 411; x_wconf 86' lang='grc' dir='ltr'><strong>τί</strong></span> <span class='ocrx_word' id='word_1_8' title='bbox 853 358 1134 428; x_wconf 82' lang='grc' dir='ltr'>γνώσομαι</span> <span class='ocrx_word' id='word_1_9' title='bbox 1174 359 1367 425; x_wconf 74' lang='grc' dir='ltr'>τοῦτο;</span> <span class='ocrx_word' id='word_1_10' title='bbox 1404 378 1420 407; x_wconf 75' lang='grc' dir='ltr'><strong>ι</strong></span> <span class='ocrx_word' id='word_1_11' title='bbox 1475 359 1864 412; x_wconf 81' lang='grc' dir='ltr'>Ἀπεστέλλετο</span> 
     </span>
    </p>
   </div>
   <div class='ocr_carea' id='block_1_5' title="bbox 1971 355 3520 430">
    <p class='ocr_par' dir='ltr' id='par_1_5' title="bbox 1973 355 3520 430">
     <span class='ocr_line' id='line_1_5' title="bbox 1973 355 3520 430; baseline -0.005 -12"><span class='ocrx_word' id='word_1_12' title='bbox 1973 386 1990 418; x_wconf 76' lang='grc' dir='ltr'><strong>ι</strong></span> <span class='ocrx_word' id='word_1_13' title='bbox 2018 364 2134 429; x_wconf 85' lang='lat' dir='ltr'><strong>Quo</strong></span> <span class='ocrx_word' id='word_1_14' title='bbox 2158 362 2314 430; x_wconf 82' lang='lat' dir='ltr'><strong>signo</strong></span> <span class='ocrx_word' id='word_1_15' title='bbox 2342 374 2664 430; x_wconf 85' lang='lat' dir='ltr'><strong>cognoscam</strong></span> <span class='ocrx_word' id='word_1_16' title='bbox 2704 359 2806 413; x_wconf 93' lang='lat' dir='ltr'><strong>hoc</strong></span> <span class='ocrx_word' id='word_1_17' title='bbox 2832 358 2910 411; x_wconf 61' lang='lat'><strong>‘5?</strong></span> <span class='ocrx_word' id='word_1_18' title='bbox 2936 378 2953 409; x_wconf 74' lang='grc' dir='ltr'><strong>ι</strong></span> <span class='ocrx_word' id='word_1_19' title='bbox 2990 355 3303 412; x_wconf 79' lang='lat' dir='ltr'><strong>Mittebatur</strong></span> <span class='ocrx_word' id='word_1_20' title='bbox 3324 355 3520 423; x_wconf 78' lang='lat' dir='ltr'><strong>Moses,</strong></span> 
     </span>
    </p>
   </div>
   <div class='ocr_carea' id='block_1_6' title="bbox 291 447 1856 519">
    <p class='ocr_par' dir='ltr' id='par_1_6' title="bbox 291 447 1856 519">
     <span class='ocr_line' id='line_1_6' title="bbox 291 447 1856 519; baseline 0 -17"><span class='ocrx_word' id='word_1_21' title='bbox 291 451 479 517; x_wconf 81' lang='grc' dir='ltr'><strong>Μωσῆς</strong></span> <span class='ocrx_word' id='word_1_22' title='bbox 526 448 621 500; x_wconf 87' lang='grc' dir='ltr'><strong>καί</strong></span> <span class='ocrx_word' id='word_1_23' title='bbox 666 464 834 517; x_wconf 85' lang='grc' dir='ltr'>φησιν</span> <span class='ocrx_word' id='word_1_24' title='bbox 856 464 869 478; x_wconf 76' lang='grc'><strong><em>⁸</em></strong></span> <span class='ocrx_word' id='word_1_25' title='bbox 903 466 921 498; x_wconf 79' lang='grc' dir='ltr'><strong>ι</strong></span> <span class='ocrx_word' id='word_1_26' title='bbox 957 447 1082 499; x_wconf 86' lang='grc' dir='ltr'><strong>Ἐὰν</strong></span> <span class='ocrx_word' id='word_1_27' title='bbox 1110 449 1424 519; x_wconf 84' lang='grc' dir='ltr'>ὲρωτήσωσί</span> <span class='ocrx_word' id='word_1_28' title='bbox 1473 466 1563 519; x_wconf 85' lang='grc' dir='ltr'><strong>με,</strong></span> <span class='ocrx_word' id='word_1_29' title='bbox 1596 448 1659 500; x_wconf 90' lang='grc' dir='ltr'><strong>Τί</strong></span> <span class='ocrx_word' id='word_1_30' title='bbox 1685 448 1856 518; x_wconf 75' lang='grc' dir='ltr'>ὄνομα</span> 
     </span>
    </p>
   </div>
   <div class='ocr_carea' id='block_1_7' title="bbox 290 537 1855 609">
    <p class='ocr_par' dir='ltr' id='par_1_7' title="bbox 290 537 1855 609">
     <span class='ocr_line' id='line_1_7' title="bbox 290 537 1855 609; baseline 0 -17"><span class='ocrx_word' id='word_1_31' title='bbox 290 539 457 607; x_wconf 53' lang='lat' dir='ltr'><strong>uorti);</strong></span> <span class='ocrx_word' id='word_1_32' title='bbox 496 539 549 590; x_wconf 85' lang='grc' dir='ltr'><strong>τί</strong></span> <span class='ocrx_word' id='word_1_33' title='bbox 571 537 679 609; x_wconf 76' lang='grc' dir='ltr'><strong>ἐρῶ</strong></span> <span class='ocrx_word' id='word_1_34' title='bbox 712 538 850 608; x_wconf 84' lang='grc' dir='ltr'>πρὸς</span> <span class='ocrx_word' id='word_1_35' title='bbox 878 537 1109 601; x_wconf 81' lang='grc' dir='ltr'>αὑτούς;</span> <span class='ocrx_word' id='word_1_36' title='bbox 1138 558 1154 589; x_wconf 74' lang='grc' dir='ltr'><strong>ι</strong></span> <span class='ocrx_word' id='word_1_37' title='bbox 1189 540 1296 592; x_wconf 83' lang='grc' dir='ltr'>Καὶ</span> <span class='ocrx_word' id='word_1_38' title='bbox 1340 541 1365 591; x_wconf 86' lang='grc' dir='ltr'><strong>ό</strong></span> <span class='ocrx_word' id='word_1_39' title='bbox 1394 539 1624 607; x_wconf 78' lang='grc' dir='ltr'>ἄγγελος</span> <span class='ocrx_word' id='word_1_40' title='bbox 1657 540 1713 592; x_wconf 81' lang='grc' dir='ltr'>δὲ</span> <span class='ocrx_word' id='word_1_41' title='bbox 1740 540 1767 590; x_wconf 83' lang='grc' dir='ltr'>ὁ</span> <span class='ocrx_word' id='word_1_42' title='bbox 1798 541 1855 592; x_wconf 79' lang='grc' dir='ltr'><strong>ἐν</strong></span> 
     </span>
    </p>
   </div>
   <div class='ocr_carea' id='block_1_8' title="bbox 290 626 1855 700">
    <p class='ocr_par' dir='ltr' id='par_1_8' title="bbox 290 626 1855 700">
     <span class='ocr_line' id='line_1_8' title="bbox 290 626 1855 700; baseline -0.001 -18"><span class='ocrx_word' id='word_1_43' title='bbox 290 628 358 698; x_wconf 82' lang='grc' dir='ltr'><strong>τῷ</strong></span> <span class='ocrx_word' id='word_1_44' title='bbox 382 629 622 699; x_wconf 75' lang='grc' dir='ltr'>Ζαχαρία</span> <span class='ocrx_word' id='word_1_45' title='bbox 650 626 889 700; x_wconf 84' lang='grc' dir='ltr'><strong>διηρώτα</strong></span> <span class='ocrx_word' id='word_1_46' title='bbox 934 626 1087 689; x_wconf 82' lang='grc' dir='ltr'>Θεὸν,</span> <span class='ocrx_word' id='word_1_47' title='bbox 1123 628 1330 695; x_wconf 85' lang='grc' dir='ltr'>λέγων·</span> <span class='ocrx_word' id='word_1_48' title='bbox 1378 648 1395 681; x_wconf 82' lang='grc' dir='ltr'><strong>ι</strong></span> <span class='ocrx_word' id='word_1_49' title='bbox 1445 629 1617 697; x_wconf 77' lang='grc' dir='ltr'>Κύριε</span> <span class='ocrx_word' id='word_1_50' title='bbox 1662 646 1855 682; x_wconf 84' lang='grc' dir='ltr'>παντο-</span> 
     </span>
    </p>
   </div>
   <div class='ocr_carea' id='block_1_9' title="bbox 289 717 1849 789">
    <p class='ocr_par' dir='ltr' id='par_1_9' title="bbox 289 717 1849 789">
     <span class='ocr_line' id='line_1_9' title="bbox 289 717 1849 789; baseline -0.002 -18"><span class='ocrx_word' id='word_1_51' title='bbox 289 718 520 788; x_wconf 83' lang='grc' dir='ltr'>κράτωρ,</span> <span class='ocrx_word' id='word_1_52' title='bbox 545 718 648 778; x_wconf 78' lang='grc' dir='ltr'>ἓως</span> <span class='ocrx_word' id='word_1_53' title='bbox 676 717 820 779; x_wconf 87' lang='grc' dir='ltr'>τίνος</span> <span class='ocrx_word' id='word_1_54' title='bbox 842 718 901 770; x_wconf 85' lang='grc' dir='ltr'><strong>οὐ</strong></span> <span class='ocrx_word' id='word_1_55' title='bbox 927 718 1001 789; x_wconf 83' lang='grc' dir='ltr'>μὴ</span> <span class='ocrx_word' id='word_1_56' title='bbox 1024 719 1252 789; x_wconf 76' lang='grc' dir='ltr'><strong>ἐλεήσῃς</strong></span> <span class='ocrx_word' id='word_1_57' title='bbox 1276 718 1376 789; x_wconf 82' lang='grc' dir='ltr'>τὴν</span> <span class='ocrx_word' id='word_1_58' title='bbox 1413 719 1799 788; x_wconf 78' lang='grc' dir='ltr'>Ἰερουσαλήμ;</span> <span class='ocrx_word' id='word_1_59' title='bbox 1831 737 1849 768; x_wconf 85' lang='grc'><strong>›</strong></span> 
     </span>
    </p>
   </div>
   <div class='ocr_carea' id='block_1_10' title="bbox 289 806 1856 878">
    <p class='ocr_par' dir='ltr' id='par_1_10' title="bbox 289 806 1856 878">
     <span class='ocr_line' id='line_1_10' title="bbox 289 806 1856 878; baseline 0.001 -18"><span class='ocrx_word' id='word_1_60' title='bbox 289 809 387 860; x_wconf 75' lang='grc' dir='ltr'>Καὶ</span> <span class='ocrx_word' id='word_1_61' title='bbox 421 807 583 860; x_wconf 79' lang='grc' dir='ltr'>πάλιν</span> <span class='ocrx_word' id='word_1_62' title='bbox 604 806 877 875; x_wconf 80' lang='grc' dir='ltr'>ἐκδέχεται</span> <span class='ocrx_word' id='word_1_63' title='bbox 912 807 1069 877; x_wconf 85' lang='grc' dir='ltr'>ἄχρις</span> <span class='ocrx_word' id='word_1_64' title='bbox 1104 807 1169 860; x_wconf 83' lang='grc' dir='ltr'>ἂν</span> <span class='ocrx_word' id='word_1_65' title='bbox 1200 808 1407 878; x_wconf 77' lang='grc' dir='ltr'>ἀκούσῃ</span> <span class='ocrx_word' id='word_1_66' title='bbox 1442 808 1631 875; x_wconf 82' lang='grc' dir='ltr'><strong>λόγους</strong></span> <span class='ocrx_word' id='word_1_67' title='bbox 1658 808 1856 870; x_wconf 72' lang='grc' dir='ltr'>καλοὺς</span> 
     </span>
    </p>
   </div>
   <div class='ocr_carea' id='block_1_11' title="bbox 287 898 1851 969">
    <p class='ocr_par' dir='ltr' id='par_1_11' title="bbox 287 898 1851 969">
     <span class='ocr_line' id='line_1_11' title="bbox 287 898 1851 969; baseline -0.001 -17"><span class='ocrx_word' id='word_1_68' title='bbox 287 901 371 953; x_wconf 73' lang='grc' dir='ltr'><strong>καὶ</strong></span> <span class='ocrx_word' id='word_1_69' title='bbox 422 898 887 969; x_wconf 81' lang='grc' dir='ltr'>παρακλητικούς.</span> <span class='ocrx_word' id='word_1_70' title='bbox 939 900 1046 951; x_wconf 77' lang='grc' dir='ltr'><strong>Καὶ</strong></span> <span class='ocrx_word' id='word_1_71' title='bbox 1100 900 1128 951; x_wconf 86' lang='grc' dir='ltr'><strong>ὁ</strong></span> <span class='ocrx_word' id='word_1_72' title='bbox 1194 899 1507 969; x_wconf 78' lang='grc' dir='ltr'>Ἀὸὄακοὺμ</span> <span class='ocrx_word' id='word_1_73' title='bbox 1549 899 1603 952; x_wconf 86' lang='grc' dir='ltr'><strong>δέ</strong></span> <span class='ocrx_word' id='word_1_74' title='bbox 1657 916 1851 967; x_wconf 87' lang='grc' dir='ltr'>φησιν·</span> 
     </span>
    </p>
   </div>
   <div class='ocr_carea' id='block_1_12' title="bbox 290 989 1855 1060">
    <p class='ocr_par' dir='ltr' id='par_1_12' title="bbox 290 989 1855 1060">
     <span class='ocr_line' id='line_1_12' title="bbox 290 989 1855 1060; baseline -0.001 -17"><span class='ocrx_word' id='word_1_75' title='bbox 290 1011 307 1043; x_wconf 82' lang='grc' dir='ltr'><strong>ι</strong></span> <span class='ocrx_word' id='word_1_76' title='bbox 358 993 481 1044; x_wconf 73' lang='grc' dir='ltr'>Ἐπὶ</span> <span class='ocrx_word' id='word_1_77' title='bbox 512 991 610 1059; x_wconf 78' lang='grc' dir='ltr'><strong>τῆς</strong></span> <span class='ocrx_word' id='word_1_78' title='bbox 654 989 901 1058; x_wconf 79' lang='grc' dir='ltr'>φυλακῆς</span> <span class='ocrx_word' id='word_1_79' title='bbox 931 1007 1034 1059; x_wconf 92' lang='grc' dir='ltr'><strong>μου</strong></span> <span class='ocrx_word' id='word_1_80' title='bbox 1079 991 1367 1060; x_wconf 79' lang='grc' dir='ltr'>στήσομαι,</span> <span class='ocrx_word' id='word_1_81' title='bbox 1405 991 1498 1043; x_wconf 81' lang='grc' dir='ltr'><strong>καὶ</strong></span> <span class='ocrx_word' id='word_1_82' title='bbox 1525 989 1855 1059; x_wconf 80' lang='grc' dir='ltr'>ἐπιϐήσομαι</span> 
     </span>
    </p>
   </div>
   <div class='ocr_carea' id='block_1_13' title="bbox 284 1077 1856 1151">
    <p class='ocr_par' dir='ltr' id='par_1_13' title="bbox 284 1077 1856 1151">
     <span class='ocr_line' id='line_1_13' title="bbox 284 1077 1856 1151; baseline -0.004 -16"><span class='ocrx_word' id='word_1_83' title='bbox 284 1083 367 1137; x_wconf 71' lang='grc' dir='ltr'><strong>ἐπὶ</strong></span> <span class='ocrx_word' id='word_1_84' title='bbox 396 1080 632 1151; x_wconf 85' lang='grc' dir='ltr'>πέτραν,</span> <span class='ocrx_word' id='word_1_85' title='bbox 664 1080 758 1131; x_wconf 77' lang='grc' dir='ltr'>καὶ</span> <span class='ocrx_word' id='word_1_86' title='bbox 790 1079 1190 1131; x_wconf 86' lang='grc' dir='ltr'>ἁποσκοπεύσω</span> <span class='ocrx_word' id='word_1_87' title='bbox 1231 1078 1324 1130; x_wconf 77' lang='grc' dir='ltr'>τοῦ</span> <span class='ocrx_word' id='word_1_88' title='bbox 1361 1079 1488 1130; x_wconf 82' lang='grc' dir='ltr'>ἰδεῖν</span> <span class='ocrx_word' id='word_1_89' title='bbox 1536 1079 1587 1129; x_wconf 80' lang='grc' dir='ltr'><strong>τί</strong></span> <span class='ocrx_word' id='word_1_90' title='bbox 1634 1077 1856 1147; x_wconf 82' lang='grc' dir='ltr'><strong>λαλήσει</strong></span> 
     </span>
    </p>
   </div>
   <div class='ocr_carea' id='block_1_14' title="bbox 284 1168 1855 1241">
    <p class='ocr_par' dir='ltr' id='par_1_14' title="bbox 284 1168 1855 1241">
     <span class='ocr_line' id='line_1_14' title="bbox 284 1168 1855 1241; baseline -0.003 -16"><span class='ocrx_word' id='word_1_91' title='bbox 284 1176 334 1226; x_wconf 81' lang='grc' dir='ltr'>ἐν</span> <span class='ocrx_word' id='word_1_92' title='bbox 354 1172 483 1241; x_wconf 67' lang='grc' dir='ltr'>ἐμοὶ</span> <span class='ocrx_word' id='word_1_93' title='bbox 512 1173 541 1222; x_wconf 82' lang='grc' dir='ltr'>ὁ</span> <span class='ocrx_word' id='word_1_94' title='bbox 566 1169 716 1232; x_wconf 81' lang='grc' dir='ltr'>Θεός.</span> <span class='ocrx_word' id='word_1_95' title='bbox 760 1189 777 1220; x_wconf 77' lang='grc' dir='ltr'><strong>ι</strong></span> <span class='ocrx_word' id='word_1_96' title='bbox 814 1169 997 1223; x_wconf 81' lang='grc' dir='ltr'>Ταῦτα</span> <span class='ocrx_word' id='word_1_97' title='bbox 1020 1170 1127 1239; x_wconf 78' lang='grc' dir='ltr'><strong>γὰρ</strong></span> <span class='ocrx_word' id='word_1_98' title='bbox 1152 1170 1226 1232; x_wconf 79' lang='grc' dir='ltr'><strong>ὡς</strong></span> <span class='ocrx_word' id='word_1_99' title='bbox 1254 1168 1414 1221; x_wconf 76' lang='grc' dir='ltr'>δοῦλα</span> <span class='ocrx_word' id='word_1_100' title='bbox 1436 1169 1529 1221; x_wconf 72' lang='grc' dir='ltr'><strong>καὶ</strong></span> <span class='ocrx_word' id='word_1_101' title='bbox 1553 1170 1855 1239; x_wconf 88' lang='grc' dir='ltr'>ποιήματα,</span> 
     </span>
    </p>
   </div>
   <div class='ocr_carea' id='block_1_15' title="bbox 284 1260 1857 1333">
    <p class='ocr_par' dir='ltr' id='par_1_15' title="bbox 284 1260 1857 1333">
     <span class='ocr_line' id='line_1_15' title="bbox 284 1260 1857 1333; baseline -0.003 -17"><span class='ocrx_word' id='word_1_102' title='bbox 284 1265 368 1317; x_wconf 74' lang='grc' dir='ltr'><strong>καὶ</strong></span> <span class='ocrx_word' id='word_1_103' title='bbox 410 1264 519 1333; x_wconf 83' lang='grc' dir='ltr'>τῆς</span> <span class='ocrx_word' id='word_1_104' title='bbox 568 1260 662 1314; x_wconf 81' lang='grc' dir='ltr'><strong>τοῦ</strong></span> <span class='ocrx_word' id='word_1_105' title='bbox 712 1260 870 1329; x_wconf 90' lang='grc' dir='ltr'>λόγου</span> <span class='ocrx_word' id='word_1_106' title='bbox 918 1260 1194 1331; x_wconf 86' lang='grc' dir='ltr'>μεσιτείας</span> <span class='ocrx_word' id='word_1_107' title='bbox 1236 1261 1486 1330; x_wconf 86' lang='grc' dir='ltr'>δεόμενα,</span> <span class='ocrx_word' id='word_1_108' title='bbox 1531 1260 1681 1329; x_wconf 75' lang='grc' dir='ltr'>ἠξίου</span> <span class='ocrx_word' id='word_1_109' title='bbox 1728 1261 1857 1330; x_wconf 82' lang='grc' dir='ltr'>παρ’</span> 
     </span>
    </p>
   </div>
   <div class='ocr_carea' id='block_1_16' title="bbox 283 1352 1857 1422">
    <p class='ocr_par' dir='ltr' id='par_1_16' title="bbox 283 1352 1857 1422">
     <span class='ocr_line' id='line_1_16' title="bbox 283 1352 1857 1422; baseline -0.001 -16"><span class='ocrx_word' id='word_1_110' title='bbox 283 1354 440 1406; x_wconf 72' lang='grc' dir='ltr'>αὑτοῦ</span> <span class='ocrx_word' id='word_1_111' title='bbox 495 1352 841 1405; x_wconf 78' lang='grc' dir='ltr'>διδάσκεσθαι</span> <span class='ocrx_word' id='word_1_112' title='bbox 886 1353 986 1422; x_wconf 78' lang='grc' dir='ltr'>τὴν</span> <span class='ocrx_word' id='word_1_113' title='bbox 1039 1352 1235 1421; x_wconf 84' lang='grc' dir='ltr'>βουλὴν</span> <span class='ocrx_word' id='word_1_114' title='bbox 1272 1352 1366 1405; x_wconf 79' lang='grc' dir='ltr'><strong>τοῦ</strong></span> <span class='ocrx_word' id='word_1_115' title='bbox 1410 1353 1641 1422; x_wconf 84' lang='grc' dir='ltr'>Πατρός.</span> <span class='ocrx_word' id='word_1_116' title='bbox 1693 1354 1749 1404; x_wconf 87' lang='grc' dir='ltr'><strong>Ὀ</strong></span> <span class='ocrx_word' id='word_1_117' title='bbox 1801 1352 1857 1404; x_wconf 83' lang='grc' dir='ltr'>δὲ</span> 
     </span>
    </p>
   </div>
   <div class='ocr_carea' id='block_1_17' title="bbox 286 1442 1858 1515">
    <p class='ocr_par' dir='ltr' id='par_1_17' title="bbox 286 1442 1858 1515">
     <span class='ocr_line' id='line_1_17' title="bbox 286 1442 1858 1515; baseline -0.002 -17"><span class='ocrx_word' id='word_1_118' title='bbox 286 1447 401 1509; x_wconf 73' lang='grc' dir='ltr'>Υἱὸς</span> <span class='ocrx_word' id='word_1_119' title='bbox 435 1444 731 1515; x_wconf 75' lang='grc' dir='ltr'>μανθάνειν</span> <span class='ocrx_word' id='word_1_120' title='bbox 759 1444 859 1495; x_wconf 84' lang='grc' dir='ltr'><strong>οὐκ</strong></span> <span class='ocrx_word' id='word_1_121' title='bbox 891 1442 1139 1512; x_wconf 77' lang='grc' dir='ltr'>ἐπιζητεῖ</span> <span class='ocrx_word' id='word_1_122' title='bbox 1185 1442 1354 1509; x_wconf 83' lang='grc' dir='ltr'>Λόγος</span> <span class='ocrx_word' id='word_1_123' title='bbox 1397 1442 1472 1494; x_wconf 81' lang='grc' dir='ltr'>ὢν</span> <span class='ocrx_word' id='word_1_124' title='bbox 1514 1442 1609 1495; x_wconf 77' lang='grc' dir='ltr'>τοῦ</span> <span class='ocrx_word' id='word_1_125' title='bbox 1646 1442 1858 1514; x_wconf 79' lang='grc' dir='ltr'>Πατρδς</span> 
     </span>
    </p>
   </div>
   <div class='ocr_carea' id='block_1_18' title="bbox 284 1533 1857 1604">
    <p class='ocr_par' dir='ltr' id='par_1_18' title="bbox 284 1533 1857 1604">
     <span class='ocr_line' id='line_1_18' title="bbox 284 1533 1857 1604; baseline -0.004 -13"><span class='ocrx_word' id='word_1_126' title='bbox 284 1538 370 1591; x_wconf 71' lang='grc' dir='ltr'><strong>καὶ</strong></span> <span class='ocrx_word' id='word_1_127' title='bbox 408 1536 658 1597; x_wconf 79' lang='grc' dir='ltr'>ὲνούσιος</span> <span class='ocrx_word' id='word_1_128' title='bbox 697 1534 970 1604; x_wconf 79' lang='grc' dir='ltr'>βούλησις.</span> <span class='ocrx_word' id='word_1_129' title='bbox 1003 1535 1114 1586; x_wconf 77' lang='grc' dir='ltr'><strong>Οὐκ</strong></span> <span class='ocrx_word' id='word_1_130' title='bbox 1157 1534 1265 1604; x_wconf 81' lang='grc' dir='ltr'><strong>ἄρα</strong></span> <span class='ocrx_word' id='word_1_131' title='bbox 1293 1535 1357 1587; x_wconf 87' lang='grc' dir='ltr'><strong>ἐκ</strong></span> <span class='ocrx_word' id='word_1_132' title='bbox 1409 1534 1703 1604; x_wconf 84' lang='grc' dir='ltr'>μαθήσεως</span> <span class='ocrx_word' id='word_1_133' title='bbox 1745 1533 1857 1602; x_wconf 80' lang='grc' dir='ltr'>ἔχει</span> 
     </span>
    </p>
   </div>
   <div class='ocr_carea' id='block_1_19' title="bbox 288 1625 1853 1698">
    <p class='ocr_par' dir='ltr' id='par_1_19' title="bbox 288 1625 1853 1698">
     <span class='ocr_line' id='line_1_19' title="bbox 288 1625 1853 1698; baseline -0.003 -15"><span class='ocrx_word' id='word_1_134' title='bbox 288 1631 335 1683; x_wconf 74' lang='grc' dir='ltr'>τὸ</span> <span class='ocrx_word' id='word_1_135' title='bbox 362 1628 510 1683; x_wconf 75' lang='grc' dir='ltr'>εἶναι</span> <span class='ocrx_word' id='word_1_136' title='bbox 542 1626 895 1698; x_wconf 84' lang='grc' dir='ltr'>δημιουργὸς,</span> <span class='ocrx_word' id='word_1_137' title='bbox 930 1626 1042 1679; x_wconf 85' lang='grc' dir='ltr'>ἀλλ’</span> <span class='ocrx_word' id='word_1_138' title='bbox 1078 1626 1348 1688; x_wconf 82' lang='grc' dir='ltr'>οὑσιωδῶς</span> <span class='ocrx_word' id='word_1_139' title='bbox 1378 1643 1436 1678; x_wconf 89' lang='grc' dir='ltr'><strong>τε</strong></span> <span class='ocrx_word' id='word_1_140' title='bbox 1468 1626 1560 1678; x_wconf 73' lang='grc' dir='ltr'><strong>καὶ</strong></span> <span class='ocrx_word' id='word_1_141' title='bbox 1590 1625 1853 1693; x_wconf 79' lang='grc' dir='ltr'><strong>φυσικῶς.</strong></span> 
     </span>
    </p>
   </div>
   <div class='ocr_carea' id='block_1_20' title="bbox 285 1698 1930 1806">
    <p class='ocr_par' dir='ltr' id='par_1_20' title="bbox 285 1698 1930 1806">
     <span class='ocr_line' id='line_1_20' title="bbox 285 1698 1930 1806; baseline -0.004 -12"><span class='ocrx_word' id='word_1_142' title='bbox 285 1743 398 1794; x_wconf 83' lang='grc' dir='ltr'>Ἔτι</span> <span class='ocrx_word' id='word_1_143' title='bbox 433 1743 525 1806; x_wconf 82' lang='grc' dir='ltr'><strong>είς</strong></span> <span class='ocrx_word' id='word_1_144' title='bbox 558 1740 644 1800; x_wconf 82' lang='grc' dir='ltr'>τὸ,</span> <span class='ocrx_word' id='word_1_145' title='bbox 678 1758 696 1789; x_wconf 87' lang='grc'><strong>‹</strong></span> <span class='ocrx_word' id='word_1_146' title='bbox 731 1739 944 1806; x_wconf 81' lang='grc' dir='ltr'>Κύριος</span> <span class='ocrx_word' id='word_1_147' title='bbox 990 1737 1191 1791; x_wconf 60' lang='lat' dir='ltr'><strong>eum</strong></span> <span class='ocrx_word' id='word_1_148' title='bbox 1219 1755 1293 1805; x_wconf 85' lang='grc' dir='ltr'><strong>με</strong></span> <span class='ocrx_word' id='word_1_149' title='bbox 1328 1737 1522 1806; x_wconf 75' lang='grc' dir='ltr'><strong>ἀρχὴν</strong></span> <span class='ocrx_word' id='word_1_150' title='bbox 1557 1736 1713 1791; x_wconf 74' lang='grc' dir='ltr'>ὁδῶν</span> <span class='ocrx_word' id='word_1_151' title='bbox 1749 1739 1853 1791; x_wconf 81' lang='grc' dir='ltr'><strong>αὺ-</strong></span> <span class='ocrx_word' id='word_1_152' title='bbox 1888 1698 1930 1754; x_wconf 67' lang='grc' dir='ltr'><strong>Β</strong></span> 
     </span>
    </p>
   </div>
   <div class='ocr_carea' id='block_1_21' title="bbox 346 1806 1857 1875">
    <p class='ocr_par' dir='ltr' id='par_1_21' title="bbox 346 1806 1857 1875">
     <span class='ocr_line' id='line_1_21' title="bbox 346 1806 1857 1875; baseline -0.004 -11"><span class='ocrx_word' id='word_1_153' title='bbox 346 1811 479 1864; x_wconf 80' lang='grc' dir='ltr'>τοῦ.</span> <span class='ocrx_word' id='word_1_154' title='bbox 522 1831 539 1860; x_wconf 77' lang='grc' dir='ltr'><strong>ι</strong></span> <span class='ocrx_word' id='word_1_155' title='bbox 578 1811 706 1861; x_wconf 83' lang='grc' dir='ltr'>’Ὁτι</span> <span class='ocrx_word' id='word_1_156' title='bbox 750 1812 822 1861; x_wconf 84' lang='grc' dir='ltr'>οὺ</span> <span class='ocrx_word' id='word_1_157' title='bbox 865 1808 1084 1875; x_wconf 79' lang='grc' dir='ltr'><strong>κτίσμα</strong></span> <span class='ocrx_word' id='word_1_158' title='bbox 1118 1812 1149 1861; x_wconf 93' lang='lat' dir='ltr'><strong>o&#39;</strong></span> <span class='ocrx_word' id='word_1_159' title='bbox 1182 1808 1333 1873; x_wconf 74' lang='grc' dir='ltr'>Υἱὸς,</span> <span class='ocrx_word' id='word_1_160' title='bbox 1379 1808 1539 1862; x_wconf 76' lang='grc' dir='ltr'><em>ἀλλὰ</em></span> <span class='ocrx_word' id='word_1_161' title='bbox 1570 1806 1648 1870; x_wconf 84' lang='grc' dir='ltr'>τῷ</span> <span class='ocrx_word' id='word_1_162' title='bbox 1679 1807 1857 1873; x_wconf 75' lang='lat' dir='ltr'><strong>Ilatpl</strong></span> 
     </span>
    </p>
   </div>
   <div class='ocr_carea' id='block_1_22' title="bbox 345 1876 1858 1944">
    <p class='ocr_par' dir='ltr' id='par_1_22' title="bbox 345 1876 1858 1944">
     <span class='ocr_line' id='line_1_22' title="bbox 345 1876 1858 1944; baseline -0.005 -10"><span class='ocrx_word' id='word_1_163' title='bbox 345 1880 681 1943; x_wconf 75' lang='grc' dir='ltr'>συναΐδιος.</span> <span class='ocrx_word' id='word_1_164' title='bbox 736 1880 934 1942; x_wconf 81' lang='grc' dir='ltr'>’Ὅπως</span> <span class='ocrx_word' id='word_1_165' title='bbox 966 1877 1032 1928; x_wconf 77' lang='grc' dir='ltr'>δὲ</span> <span class='ocrx_word' id='word_1_166' title='bbox 1078 1876 1192 1944; x_wconf 79' lang='grc' dir='ltr'><strong>χρὴ</strong></span> <span class='ocrx_word' id='word_1_167' title='bbox 1233 1877 1396 1929; x_wconf 71' lang='grc' dir='ltr'>νοεῖν</span> <span class='ocrx_word' id='word_1_168' title='bbox 1433 1878 1519 1940; x_wconf 84' lang='grc' dir='ltr'>τὸ,</span> <span class='ocrx_word' id='word_1_169' title='bbox 1577 1896 1593 1927; x_wconf 76' lang='grc' dir='ltr'><strong>ι</strong></span> <span class='ocrx_word' id='word_1_170' title='bbox 1643 1877 1858 1942; x_wconf 71' lang='grc' dir='ltr'>Κύριος</span> 
     </span>
    </p>
   </div>
   <div class='ocr_carea' id='block_1_23' title="bbox 349 1944 1859 2016">
    <p class='ocr_par' dir='ltr' id='par_1_23' title="bbox 349 1944 1859 2016">
     <span class='ocr_line' id='line_1_23' title="bbox 349 1944 1859 2016; baseline -0.004 -13"><span class='ocrx_word' id='word_1_171' title='bbox 349 1949 555 2004; x_wconf 76' lang='grc' dir='ltr'>ἓκτισέ</span> <span class='ocrx_word' id='word_1_172' title='bbox 578 1966 652 2016; x_wconf 81' lang='grc' dir='ltr'><strong>με</strong></span> <span class='ocrx_word' id='word_1_173' title='bbox 678 1948 876 2016; x_wconf 75' lang='grc' dir='ltr'>ἀρχὴν</span> <span class='ocrx_word' id='word_1_174' title='bbox 903 1946 1059 2000; x_wconf 79' lang='grc' dir='ltr'>ὁδῶν</span> <span class='ocrx_word' id='word_1_175' title='bbox 1093 1946 1299 2010; x_wconf 78' lang='grc' dir='ltr'>αὑτοῦ,</span> <span class='ocrx_word' id='word_1_176' title='bbox 1345 1966 1363 1998; x_wconf 75' lang='grc' dir='ltr'><strong>ι</strong></span> <span class='ocrx_word' id='word_1_177' title='bbox 1409 1948 1475 1999; x_wconf 81' lang='grc' dir='ltr'>ἐκ</span> <span class='ocrx_word' id='word_1_178' title='bbox 1500 1944 1617 1999; x_wconf 77' lang='grc' dir='ltr'><strong>τῶν</strong></span> <span class='ocrx_word' id='word_1_179' title='bbox 1635 1946 1859 2014; x_wconf 74' lang='grc' dir='ltr'>ἐφεξῆς</span> 
     </span>
    </p>
   </div>
   <div class='ocr_carea' id='block_1_24' title="bbox 352 2019 970 2087">
    <p class='ocr_par' dir='ltr' id='par_1_24' title="bbox 352 2019 970 2087">
     <span class='ocr_line' id='line_1_24' title="bbox 352 2019 970 2087; baseline -0.008 -13"><span class='ocrx_word' id='word_1_180' title='bbox 352 2019 643 2087; x_wconf 72' lang='grc' dir='ltr'><strong>κειμένων</strong></span> <span class='ocrx_word' id='word_1_181' title='bbox 672 2020 970 2085; x_wconf 72' lang='grc' dir='ltr'>εἰσόμεθα.</span> 
     </span>
    </p>
   </div>
   <div class='ocr_carea' id='block_1_25' title="bbox 349 2130 1859 2202">
    <p class='ocr_par' dir='ltr' id='par_1_25' title="bbox 349 2130 1859 2202">
     <span class='ocr_line' id='line_1_25' title="bbox 349 2130 1859 2202; baseline -0.003 -18"><span class='ocrx_word' id='word_1_182' title='bbox 349 2133 579 2202; x_wconf 84' lang='grc' dir='ltr'>Πρῶτον</span> <span class='ocrx_word' id='word_1_183' title='bbox 606 2132 704 2202; x_wconf 84' lang='grc' dir='ltr'><strong>μὲν</strong></span> <span class='ocrx_word' id='word_1_184' title='bbox 733 2132 909 2184; x_wconf 76' lang='grc' dir='ltr'>ἐκεῖνο</span> <span class='ocrx_word' id='word_1_185' title='bbox 942 2130 1045 2200; x_wconf 85' lang='grc' dir='ltr'>χρὴ</span> <span class='ocrx_word' id='word_1_186' title='bbox 1077 2130 1279 2197; x_wconf 85' lang='grc' dir='ltr'>λέγειν,</span> <span class='ocrx_word' id='word_1_187' title='bbox 1326 2130 1406 2182; x_wconf 84' lang='grc' dir='ltr'><strong>ὅτι</strong></span> <span class='ocrx_word' id='word_1_188' title='bbox 1436 2130 1504 2182; x_wconf 83' lang='grc' dir='ltr'><strong>τὰ</strong></span> <span class='ocrx_word' id='word_1_189' title='bbox 1550 2145 1859 2198; x_wconf 79' lang='grc' dir='ltr'>παροιμιω-</span> 
     </span>
    </p>
   </div>
   <div class='ocr_carea' id='block_1_26' title="bbox 287 2220 1861 2294">
    <p class='ocr_par' dir='ltr' id='par_1_26' title="bbox 287 2220 1861 2294">
     <span class='ocr_line' id='line_1_26' title="bbox 287 2220 1861 2294; baseline -0.003 -18"><span class='ocrx_word' id='word_1_190' title='bbox 287 2225 377 2287; x_wconf 72' lang='grc' dir='ltr'>εὼς</span> <span class='ocrx_word' id='word_1_191' title='bbox 439 2223 713 2294; x_wconf 84' lang='grc' dir='ltr'>λεγόμενα</span> <span class='ocrx_word' id='word_1_192' title='bbox 772 2222 918 2275; x_wconf 87' lang='grc' dir='ltr'>δοκεῖ</span> <span class='ocrx_word' id='word_1_193' title='bbox 978 2221 1076 2292; x_wconf 85' lang='grc' dir='ltr'><strong>μέν</strong></span> <span class='ocrx_word' id='word_1_194' title='bbox 1136 2239 1189 2273; x_wconf 87' lang='grc' dir='ltr'><strong>τι</strong></span> <span class='ocrx_word' id='word_1_195' title='bbox 1239 2220 1521 2291; x_wconf 78' lang='grc' dir='ltr'>σημαίνειν</span> <span class='ocrx_word' id='word_1_196' title='bbox 1581 2220 1720 2273; x_wconf 79' lang='grc' dir='ltr'>κατὰ</span> <span class='ocrx_word' id='word_1_197' title='bbox 1771 2220 1861 2272; x_wconf 82' lang='grc' dir='ltr'><strong>τὸν</strong></span> 
     </span>
    </p>
   </div>
   <div class='ocr_carea' id='block_1_27' title="bbox 288 2310 1859 2385">
    <p class='ocr_par' dir='ltr' id='par_1_27' title="bbox 288 2310 1859 2385">
     <span class='ocr_line' id='line_1_27' title="bbox 288 2310 1859 2385; baseline -0.002 -20"><span class='ocrx_word' id='word_1_198' title='bbox 288 2314 577 2385; x_wconf 70' lang='grc' dir='ltr'>πρόχειρον</span> <span class='ocrx_word' id='word_1_199' title='bbox 604 2311 748 2378; x_wconf 83' lang='grc' dir='ltr'>νοῦν,</span> <span class='ocrx_word' id='word_1_200' title='bbox 780 2312 890 2382; x_wconf 75' lang='grc' dir='ltr'>ἔχει</span> <span class='ocrx_word' id='word_1_201' title='bbox 918 2310 974 2362; x_wconf 83' lang='grc' dir='ltr'>δὲ</span> <span class='ocrx_word' id='word_1_202' title='bbox 1008 2311 1105 2381; x_wconf 79' lang='grc' dir='ltr'>οὐχ</span> <span class='ocrx_word' id='word_1_203' title='bbox 1135 2310 1307 2374; x_wconf 75' lang='grc' dir='ltr'>οὕτως</span> <span class='ocrx_word' id='word_1_204' title='bbox 1347 2312 1423 2374; x_wconf 83' lang='grc' dir='ltr'>ὡς</span> <span class='ocrx_word' id='word_1_205' title='bbox 1467 2311 1705 2379; x_wconf 86' lang='grc' dir='ltr'>λέγεται,</span> <span class='ocrx_word' id='word_1_206' title='bbox 1748 2311 1859 2364; x_wconf 82' lang='grc' dir='ltr'>ἀλλ’</span> 
     </span>
    </p>
   </div>
   <div class='ocr_carea' id='block_1_28' title="bbox 286 2401 1860 2474">
    <p class='ocr_par' dir='ltr' id='par_1_28' title="bbox 286 2401 1860 2474">
     <span class='ocr_line' id='line_1_28' title="bbox 286 2401 1860 2474; baseline -0.001 -17"><span class='ocrx_word' id='word_1_207' title='bbox 286 2405 479 2474; x_wconf 71' lang='grc' dir='ltr'>ἑτέραν</span> <span class='ocrx_word' id='word_1_208' title='bbox 520 2404 699 2456; x_wconf 86' lang='grc' dir='ltr'>ὠδίνει</span> <span class='ocrx_word' id='word_1_209' title='bbox 745 2403 1001 2456; x_wconf 82' lang='grc' dir='ltr'>διάνοιαν.</span> <span class='ocrx_word' id='word_1_210' title='bbox 1036 2403 1145 2456; x_wconf 74' lang='grc' dir='ltr'>Καὶ</span> <span class='ocrx_word' id='word_1_211' title='bbox 1178 2403 1307 2469; x_wconf 79' lang='grc' dir='ltr'>γοῦν</span> <span class='ocrx_word' id='word_1_212' title='bbox 1353 2402 1587 2471; x_wconf 81' lang='grc' dir='ltr'>ἔφασκεν</span> <span class='ocrx_word' id='word_1_213' title='bbox 1614 2404 1641 2455; x_wconf 86' lang='grc' dir='ltr'>ὁ</span> <span class='ocrx_word' id='word_1_214' title='bbox 1674 2401 1860 2473; x_wconf 81' lang='grc' dir='ltr'>Σωτὴρ</span> 
     </span>
    </p>
   </div>
   <div class='ocr_carea' id='block_1_29' title="bbox 287 2492 1861 2564">
    <p class='ocr_par' dir='ltr' id='par_1_29' title="bbox 287 2492 1861 2564">
     <span class='ocr_line' id='line_1_29' title="bbox 287 2492 1861 2564; baseline -0.002 -18"><span class='ocrx_word' id='word_1_215' title='bbox 287 2497 416 2564; x_wconf 71' lang='grc' dir='ltr'>πρὸς</span> <span class='ocrx_word' id='word_1_216' title='bbox 448 2494 579 2557; x_wconf 69' lang='grc' dir='ltr'>τους</span> <span class='ocrx_word' id='word_1_217' title='bbox 619 2494 815 2546; x_wconf 79' lang='grc' dir='ltr'>ἑαυτοῦ</span> <span class='ocrx_word' id='word_1_218' title='bbox 848 2493 1093 2563; x_wconf 85' lang='grc' dir='ltr'>μαθητάς</span> <span class='ocrx_word' id='word_1_219' title='bbox 1116 2507 1131 2523; x_wconf 79' lang='grc'><strong><em>⁸</em></strong></span> <span class='ocrx_word' id='word_1_220' title='bbox 1164 2512 1182 2543; x_wconf 75' lang='grc' dir='ltr'><strong>ι</strong></span> <span class='ocrx_word' id='word_1_221' title='bbox 1219 2492 1402 2546; x_wconf 76' lang='grc' dir='ltr'>Ταῦτα</span> <span class='ocrx_word' id='word_1_222' title='bbox 1442 2496 1500 2545; x_wconf 82' lang='grc' dir='ltr'>ὲν</span> <span class='ocrx_word' id='word_1_223' title='bbox 1543 2493 1861 2563; x_wconf 81' lang='grc' dir='ltr'>παροιμίαις</span> 
     </span>
    </p>
   </div>
   <div class='ocr_carea' id='block_1_30' title="bbox 287 2584 1862 2656">
    <p class='ocr_par' dir='ltr' id='par_1_30' title="bbox 287 2584 1862 2656">
     <span class='ocr_line' id='line_1_30' title="bbox 287 2584 1862 2656; baseline -0.002 -18"><span class='ocrx_word' id='word_1_224' title='bbox 287 2587 561 2656; x_wconf 72' lang='grc' dir='ltr'>λελάληκα</span> <span class='ocrx_word' id='word_1_225' title='bbox 587 2586 713 2655; x_wconf 84' lang='grc' dir='ltr'>ὑμῖν</span> <span class='ocrx_word' id='word_1_226' title='bbox 734 2603 746 2615; x_wconf 86' lang='grc'><strong>·</strong></span> <span class='ocrx_word' id='word_1_227' title='bbox 779 2586 994 2656; x_wconf 80' lang='grc' dir='ltr'>ἔρχεται</span> <span class='ocrx_word' id='word_1_228' title='bbox 1025 2585 1081 2639; x_wconf 82' lang='grc' dir='ltr'>δὲ</span> <span class='ocrx_word' id='word_1_229' title='bbox 1109 2584 1226 2655; x_wconf 81' lang='grc' dir='ltr'>ὥρα</span> <span class='ocrx_word' id='word_1_230' title='bbox 1252 2585 1339 2637; x_wconf 85' lang='grc' dir='ltr'>ὅτε</span> <span class='ocrx_word' id='word_1_231' title='bbox 1382 2584 1563 2638; x_wconf 81' lang='grc' dir='ltr'>οὐκέτι</span> <span class='ocrx_word' id='word_1_232' title='bbox 1587 2586 1645 2636; x_wconf 75' lang='grc' dir='ltr'><strong>ἐν</strong></span> <span class='ocrx_word' id='word_1_233' title='bbox 1671 2601 1862 2655; x_wconf 82' lang='grc' dir='ltr'>παροι-</span> 
     </span>
    </p>
   </div>
   <div class='ocr_carea' id='block_1_31' title="bbox 288 2675 1863 2748">
    <p class='ocr_par' dir='ltr' id='par_1_31' title="bbox 288 2675 1863 2748">
     <span class='ocr_line' id='line_1_31' title="bbox 288 2675 1863 2748; baseline -0.003 -17"><span class='ocrx_word' id='word_1_234' title='bbox 288 2681 438 2748; x_wconf 74' lang='grc' dir='ltr'>μίαις</span> <span class='ocrx_word' id='word_1_235' title='bbox 472 2677 691 2746; x_wconf 82' lang='grc' dir='ltr'>λαλήσω</span> <span class='ocrx_word' id='word_1_236' title='bbox 721 2678 867 2747; x_wconf 83' lang='grc' dir='ltr'>ὑμῖν,</span> <span class='ocrx_word' id='word_1_237' title='bbox 896 2676 1033 2729; x_wconf 82' lang='grc' dir='ltr'>ἀλλὰ</span> <span class='ocrx_word' id='word_1_238' title='bbox 1062 2677 1364 2747; x_wconf 72' lang='grc' dir='ltr'>παρρησίᾳ,</span> <span class='ocrx_word' id='word_1_239' title='bbox 1395 2695 1413 2727; x_wconf 73' lang='grc' dir='ltr'><strong>ι</strong></span> <span class='ocrx_word' id='word_1_240' title='bbox 1445 2675 1520 2739; x_wconf 88' lang='grc' dir='ltr'>ὡς</span> <span class='ocrx_word' id='word_1_241' title='bbox 1545 2676 1643 2745; x_wconf 86' lang='grc' dir='ltr'>τῆς</span> <span class='ocrx_word' id='word_1_242' title='bbox 1672 2692 1863 2745; x_wconf 80' lang='grc' dir='ltr'>παροι-</span> 
     </span>
    </p>
   </div>
   <div class='ocr_carea' id='block_1_32' title="bbox 290 2766 1861 2839">
    <p class='ocr_par' dir='ltr' id='par_1_32' title="bbox 290 2766 1861 2839">
     <span class='ocr_line' id='line_1_32' title="bbox 290 2766 1861 2839; baseline -0.002 -18"><span class='ocrx_word' id='word_1_243' title='bbox 290 2772 412 2839; x_wconf 79' lang='grc' dir='ltr'>μίας</span> <span class='ocrx_word' id='word_1_244' title='bbox 450 2770 553 2821; x_wconf 76' lang='grc' dir='ltr'><strong>οὐκ</strong></span> <span class='ocrx_word' id='word_1_245' title='bbox 582 2768 809 2838; x_wconf 77' lang='grc' dir='ltr'>ἐχούσης</span> <span class='ocrx_word' id='word_1_246' title='bbox 834 2767 931 2838; x_wconf 81' lang='grc' dir='ltr'>τὴν</span> <span class='ocrx_word' id='word_1_247' title='bbox 959 2768 1290 2839; x_wconf 75' lang='grc' dir='ltr'>παρρησίαν.</span> <span class='ocrx_word' id='word_1_248' title='bbox 1326 2767 1398 2819; x_wconf 85' lang='grc' dir='ltr'><strong>Τὸ</strong></span> <span class='ocrx_word' id='word_1_249' title='bbox 1424 2766 1602 2820; x_wconf 78' lang='grc' dir='ltr'>τοίνυν</span> <span class='ocrx_word' id='word_1_250' title='bbox 1632 2786 1651 2817; x_wconf 81' lang='grc' dir='ltr'><strong>ι</strong></span> <span class='ocrx_word' id='word_1_251' title='bbox 1683 2766 1861 2819; x_wconf 80' lang='grc' dir='ltr'>ἔκτισέ</span> 
     </span>
    </p>
   </div>
   <div class='ocr_carea' id='block_1_33' title="bbox 289 2856 1862 2929">
    <p class='ocr_par' dir='ltr' id='par_1_33' title="bbox 289 2856 1862 2929">
     <span class='ocr_line' id='line_1_33' title="bbox 289 2856 1862 2929; baseline -0.001 -18"><span class='ocrx_word' id='word_1_252' title='bbox 289 2878 373 2929; x_wconf 86' lang='grc' dir='ltr'><strong>με,</strong></span> <span class='ocrx_word' id='word_1_253' title='bbox 410 2879 431 2910; x_wconf 74' lang='grc' dir='ltr'><strong>ι</strong></span> <span class='ocrx_word' id='word_1_254' title='bbox 489 2860 523 2928; x_wconf 84' lang='grc' dir='ltr'>ἡ</span> <span class='ocrx_word' id='word_1_255' title='bbox 576 2857 735 2926; x_wconf 88' lang='grc' dir='ltr'>σοφία</span> <span class='ocrx_word' id='word_1_256' title='bbox 788 2858 1119 2927; x_wconf 86' lang='grc' dir='ltr'>γυμνότερον</span> <span class='ocrx_word' id='word_1_257' title='bbox 1163 2856 1417 2924; x_wconf 81' lang='grc' dir='ltr'>λέγουσα,</span> <span class='ocrx_word' id='word_1_258' title='bbox 1468 2857 1648 2927; x_wconf 85' lang='grc' dir='ltr'>τίθησι</span> <span class='ocrx_word' id='word_1_259' title='bbox 1702 2857 1862 2910; x_wconf 82' lang='grc' dir='ltr'>πάλιν</span> 
     </span>
    </p>
   </div>
   <div class='ocr_carea' id='block_1_34' title="bbox 287 2946 1859 3020">
    <p class='ocr_par' dir='ltr' id='par_1_34' title="bbox 287 2946 1859 3020">
     <span class='ocr_line' id='line_1_34' title="bbox 287 2946 1859 3020; baseline -0.003 -17"><span class='ocrx_word' id='word_1_260' title='bbox 287 2951 544 3020; x_wconf 76' lang='grc' dir='ltr'>τοιαύτην</span> <span class='ocrx_word' id='word_1_261' title='bbox 571 2949 691 3002; x_wconf 74' lang='grc' dir='ltr'>τινὰ</span> <span class='ocrx_word' id='word_1_262' title='bbox 723 2950 907 3018; x_wconf 77' lang='grc' dir='ltr'>φωνήν</span> <span class='ocrx_word' id='word_1_263' title='bbox 927 2965 940 2978; x_wconf 90' lang='grc'><strong>·</strong></span> <span class='ocrx_word' id='word_1_264' title='bbox 970 2968 986 2999; x_wconf 82' lang='grc' dir='ltr'><strong>ι</strong></span> <span class='ocrx_word' id='word_1_265' title='bbox 1029 2949 1093 3001; x_wconf 84' lang='grc' dir='ltr'><strong><em>Ἠ</em></strong></span> <span class='ocrx_word' id='word_1_266' title='bbox 1128 2946 1288 3016; x_wconf 82' lang='grc' dir='ltr'>σοφία</span> <span class='ocrx_word' id='word_1_267' title='bbox 1317 2947 1665 3017; x_wconf 84' lang='grc' dir='ltr'>ᾠκοδόμησεν</span> <span class='ocrx_word' id='word_1_268' title='bbox 1696 2949 1859 3017; x_wconf 78' lang='grc' dir='ltr'>ἑαυτῇ</span> 
     </span>
    </p>
   </div>
   <div class='ocr_carea' id='block_1_35' title="bbox 1956 447 3525 519">
    <p class='ocr_par' dir='ltr' id='par_1_35' title="bbox 1956 447 3525 519">
     <span class='ocr_line' id='line_1_35' title="bbox 1956 447 3525 519; baseline -0.008 -8"><span class='ocrx_word' id='word_1_269' title='bbox 1956 465 2010 512; x_wconf 91' lang='lat' dir='ltr'><strong>et</strong></span> <span class='ocrx_word' id='word_1_270' title='bbox 2027 454 2166 509; x_wconf 84' lang='lat' dir='ltr'><strong>dixit</strong></span> <span class='ocrx_word' id='word_1_271' title='bbox 2186 453 2261 505; x_wconf 77' lang='grc' dir='ltr'><strong>¹⁶ι</strong></span> <span class='ocrx_word' id='word_1_272' title='bbox 2291 470 2307 502; x_wconf 80' lang='grc' dir='ltr'><strong>ι</strong></span> <span class='ocrx_word' id='word_1_273' title='bbox 2338 451 2394 505; x_wconf 88' lang='lat' dir='ltr'><strong>Si</strong></span> <span class='ocrx_word' id='word_1_274' title='bbox 2415 452 2750 519; x_wconf 90' lang='lat' dir='ltr'><strong>interrogant</strong></span> <span class='ocrx_word' id='word_1_275' title='bbox 2776 463 2861 503; x_wconf 90' lang='lat' dir='ltr'><strong>me</strong></span> <span class='ocrx_word' id='word_1_276' title='bbox 2886 467 2898 503; x_wconf 93' lang='lat'><strong>:</strong></span> <span class='ocrx_word' id='word_1_277' title='bbox 2921 448 3074 513; x_wconf 83' lang='lat' dir='ltr'><strong>Quod</strong></span> <span class='ocrx_word' id='word_1_278' title='bbox 3096 454 3177 501; x_wconf 91' lang='lat' dir='ltr'><strong>est</strong></span> <span class='ocrx_word' id='word_1_279' title='bbox 3196 460 3389 501; x_wconf 88' lang='lat' dir='ltr'><strong>nomen</strong></span> <span class='ocrx_word' id='word_1_280' title='bbox 3410 447 3525 516; x_wconf 82' lang='lat' dir='ltr'><strong>ejus</strong></span> 
     </span>
    </p>
   </div>
   <div class='ocr_carea' id='block_1_36' title="bbox 1957 538 3523 617">
    <p class='ocr_par' dir='ltr' id='par_1_36' title="bbox 1957 538 3523 617">
     <span class='ocr_line' id='line_1_36' title="bbox 1957 538 3523 617; baseline -0.007 -16"><span class='ocrx_word' id='word_1_281' title='bbox 1957 548 2047 617; x_wconf 88' lang='lat' dir='ltr'><strong>qui</strong></span> <span class='ocrx_word' id='word_1_282' title='bbox 2098 556 2148 600; x_wconf 90' lang='lat' dir='ltr'><strong>te</strong></span> <span class='ocrx_word' id='word_1_283' title='bbox 2213 542 2401 597; x_wconf 84' lang='lat' dir='ltr'><strong>misit?</strong></span> <span class='ocrx_word' id='word_1_284' title='bbox 2458 542 2583 611; x_wconf 89' lang='lat' dir='ltr'><strong>quid</strong></span> <span class='ocrx_word' id='word_1_285' title='bbox 2631 542 2804 594; x_wconf 89' lang='lat' dir='ltr'><strong>dicam</strong></span> <span class='ocrx_word' id='word_1_286' title='bbox 2859 541 2970 595; x_wconf 77' lang='lat' dir='ltr'><strong>eis?</strong></span> <span class='ocrx_word' id='word_1_287' title='bbox 3016 558 3035 591; x_wconf 73' lang='grc' dir='ltr'><strong>ι</strong></span> <span class='ocrx_word' id='word_1_288' title='bbox 3084 538 3319 607; x_wconf 79' lang='lat' dir='ltr'><strong>Angelus</strong></span> <span class='ocrx_word' id='word_1_289' title='bbox 3359 538 3523 592; x_wconf 89' lang='lat' dir='ltr'><strong>etiam</strong></span> 
     </span>
    </p>
   </div>
   <div class='ocr_carea' id='block_1_37' title="bbox 1956 628 3526 707">
    <p class='ocr_par' dir='ltr' id='par_1_37' title="bbox 1956 628 3526 707">
     <span class='ocr_line' id='line_1_37' title="bbox 1956 628 3526 707; baseline -0.006 -15"><span class='ocrx_word' id='word_1_290' title='bbox 1956 638 2095 707; x_wconf 87' lang='lat' dir='ltr'><strong>apud</strong></span> <span class='ocrx_word' id='word_1_291' title='bbox 2147 634 2463 689; x_wconf 81' lang='lat' dir='ltr'><strong>Zachariam</strong></span> <span class='ocrx_word' id='word_1_292' title='bbox 2514 647 2544 684; x_wconf 89' lang='lat' dir='ltr'><strong>a</strong></span> <span class='ocrx_word' id='word_1_293' title='bbox 2584 631 2697 686; x_wconf 89' lang='lat' dir='ltr'><strong>Deo</strong></span> <span class='ocrx_word' id='word_1_294' title='bbox 2750 633 3049 700; x_wconf 74' lang='lat' dir='ltr'><strong>qumrebat,</strong></span> <span class='ocrx_word' id='word_1_295' title='bbox 3098 631 3327 685; x_wconf 75' lang='lat' dir='ltr'><strong>dicens:</strong></span> <span class='ocrx_word' id='word_1_296' title='bbox 3366 648 3385 679; x_wconf 76' lang='grc' dir='ltr'><strong>ι</strong></span> <span class='ocrx_word' id='word_1_297' title='bbox 3418 628 3526 683; x_wconf 86' lang='lat' dir='ltr'><strong>Do-</strong></span> 
     </span>
    </p>
   </div>
   <div class='ocr_carea' id='block_1_38' title="bbox 1960 719 3527 795">
    <p class='ocr_par' dir='ltr' id='par_1_38' title="bbox 1960 719 3527 795">
     <span class='ocr_line' id='line_1_38' title="bbox 1960 719 3527 795; baseline -0.007 -12"><span class='ocrx_word' id='word_1_298' title='bbox 1960 732 2106 784; x_wconf 87' lang='lat' dir='ltr'><strong>mine</strong></span> <span class='ocrx_word' id='word_1_299' title='bbox 2149 726 2512 795; x_wconf 88' lang='lat' dir='ltr'><strong>omnipotens,</strong></span> <span class='ocrx_word' id='word_1_300' title='bbox 2551 738 2829 791; x_wconf 88' lang='lat' dir='ltr'><strong>usquequo</strong></span> <span class='ocrx_word' id='word_1_301' title='bbox 2873 739 2976 777; x_wconf 90' lang='lat' dir='ltr'><strong>non</strong></span> <span class='ocrx_word' id='word_1_302' title='bbox 3005 722 3349 777; x_wconf 83' lang='lat' dir='ltr'><strong>misereberis</strong></span> <span class='ocrx_word' id='word_1_303' title='bbox 3373 719 3527 775; x_wconf 87' lang='lat' dir='ltr'><strong>Jeru-</strong></span> 
     </span>
    </p>
   </div>
   <div class='ocr_carea' id='block_1_39' title="bbox 1958 813 3527 882">
    <p class='ocr_par' dir='ltr' id='par_1_39' title="bbox 1958 813 3527 882">
     <span class='ocr_line' id='line_1_39' title="bbox 1958 813 3527 882; baseline -0.007 -8"><span class='ocrx_word' id='word_1_304' title='bbox 1958 824 2125 875; x_wconf 86' lang='lat' dir='ltr'><strong>salem</strong></span> <span class='ocrx_word' id='word_1_305' title='bbox 2160 815 2246 868; x_wconf 74' lang='lat'><strong>&quot;7</strong></span> <span class='ocrx_word' id='word_1_306' title='bbox 2276 833 2295 865; x_wconf 83' lang='grc'>›</span> <span class='ocrx_word' id='word_1_307' title='bbox 2332 815 2397 868; x_wconf 85' lang='grc' dir='ltr'>Ει</span> <span class='ocrx_word' id='word_1_308' title='bbox 2429 813 2777 882; x_wconf 78' lang='lat' dir='ltr'><strong>exspectabat</strong></span> <span class='ocrx_word' id='word_1_309' title='bbox 2804 828 3081 881; x_wconf 87' lang='lat' dir='ltr'><strong>quousque</strong></span> <span class='ocrx_word' id='word_1_310' title='bbox 3110 813 3271 866; x_wconf 84' lang='lat' dir='ltr'><strong>verba</strong></span> <span class='ocrx_word' id='word_1_311' title='bbox 3305 813 3444 866; x_wconf 89' lang='lat' dir='ltr'><strong>bona</strong></span> <span class='ocrx_word' id='word_1_312' title='bbox 3473 819 3527 863; x_wconf 88' lang='lat' dir='ltr'><strong>et</strong></span> 
     </span>
    </p>
   </div>
   <div class='ocr_carea' id='block_1_40' title="bbox 1957 902 3524 971">
    <p class='ocr_par' dir='ltr' id='par_1_40' title="bbox 1957 902 3524 971">
     <span class='ocr_line' id='line_1_40' title="bbox 1957 902 3524 971; baseline -0.006 -5"><span class='ocrx_word' id='word_1_313' title='bbox 1957 907 2320 966; x_wconf 75' lang='lat' dir='ltr'><strong>consolatorie</strong></span> <span class='ocrx_word' id='word_1_314' title='bbox 2372 906 2621 959; x_wconf 88' lang='lat' dir='ltr'><strong>audiret.</strong></span> <span class='ocrx_word' id='word_1_315' title='bbox 2682 903 2749 957; x_wconf 84' lang='grc' dir='ltr'>Ει</span> <span class='ocrx_word' id='word_1_316' title='bbox 2813 903 3064 957; x_wconf 83' lang='lat' dir='ltr'><strong>llabacuc</strong></span> <span class='ocrx_word' id='word_1_317' title='bbox 3121 904 3295 971; x_wconf 87' lang='lat' dir='ltr'><strong>inquit</strong></span> <span class='ocrx_word' id='word_1_318' title='bbox 3345 921 3361 958; x_wconf 90' lang='lat'><strong>:</strong></span> <span class='ocrx_word' id='word_1_319' title='bbox 3418 923 3435 953; x_wconf 80' lang='grc' dir='ltr'><strong>ι</strong></span> <span class='ocrx_word' id='word_1_320' title='bbox 3469 902 3524 957; x_wconf 89' lang='lat' dir='ltr'><strong>In</strong></span> 
     </span>
    </p>
   </div>
   <div class='ocr_carea' id='block_1_41' title="bbox 1958 995 3527 1062">
    <p class='ocr_par' dir='ltr' id='par_1_41' title="bbox 1958 995 3527 1062">
     <span class='ocr_line' id='line_1_41' title="bbox 1958 995 3527 1062; baseline -0.004 -7"><span class='ocrx_word' id='word_1_321' title='bbox 1958 1018 2074 1057; x_wconf 90' lang='lat' dir='ltr'><strong>mea</strong></span> <span class='ocrx_word' id='word_1_322' title='bbox 2110 999 2357 1055; x_wconf 85' lang='lat' dir='ltr'><strong>custodia</strong></span> <span class='ocrx_word' id='word_1_323' title='bbox 2393 997 2571 1061; x_wconf 89' lang='lat' dir='ltr'><strong>stabo,</strong></span> <span class='ocrx_word' id='word_1_324' title='bbox 2603 1005 2657 1049; x_wconf 90' lang='lat' dir='ltr'><strong>et</strong></span> <span class='ocrx_word' id='word_1_325' title='bbox 2677 995 2962 1049; x_wconf 82' lang='lat' dir='ltr'><strong>ascendam</strong></span> <span class='ocrx_word' id='word_1_326' title='bbox 2984 996 3035 1048; x_wconf 92' lang='lat' dir='ltr'><strong>in</strong></span> <span class='ocrx_word' id='word_1_327' title='bbox 3063 1004 3291 1062; x_wconf 89' lang='lat' dir='ltr'><strong>petram,</strong></span> <span class='ocrx_word' id='word_1_328' title='bbox 3316 1004 3370 1049; x_wconf 90' lang='lat' dir='ltr'><strong>et</strong></span> <span class='ocrx_word' id='word_1_329' title='bbox 3398 1010 3527 1049; x_wconf 87' lang='lat' dir='ltr'><strong>con-</strong></span> 
     </span>
    </p>
   </div>
   <div class='ocr_carea' id='block_1_42' title="bbox 1956 1084 3525 1159">
    <p class='ocr_par' dir='ltr' id='par_1_42' title="bbox 1956 1084 3525 1159">
     <span class='ocr_line' id='line_1_42' title="bbox 1956 1084 3525 1159; baseline -0.006 -12"><span class='ocrx_word' id='word_1_330' title='bbox 1956 1091 2206 1148; x_wconf 89' lang='lat' dir='ltr'><strong>siderabo</strong></span> <span class='ocrx_word' id='word_1_331' title='bbox 2247 1089 2374 1159; x_wconf 88' lang='lat' dir='ltr'><strong>quid</strong></span> <span class='ocrx_word' id='word_1_332' title='bbox 2425 1087 2676 1156; x_wconf 86' lang='lat' dir='ltr'><strong>loquatur</strong></span> <span class='ocrx_word' id='word_1_333' title='bbox 2726 1086 2777 1139; x_wconf 92' lang='lat' dir='ltr'><strong>in</strong></span> <span class='ocrx_word' id='word_1_334' title='bbox 2827 1100 2913 1139; x_wconf 91' lang='lat' dir='ltr'><strong>me</strong></span> <span class='ocrx_word' id='word_1_335' title='bbox 2961 1084 3187 1138; x_wconf 70' lang='lat' dir='ltr'><strong>Dens“.</strong></span> <span class='ocrx_word' id='word_1_336' title='bbox 3221 1104 3238 1136; x_wconf 76' lang='grc' dir='ltr'><strong>ι</strong></span> <span class='ocrx_word' id='word_1_337' title='bbox 3285 1085 3347 1138; x_wconf 90' lang='lat' dir='ltr'><strong>Hi</strong></span> <span class='ocrx_word' id='word_1_338' title='bbox 3381 1085 3525 1139; x_wconf 87' lang='lat' dir='ltr'><strong>enim</strong></span> 
     </span>
    </p>
   </div>
   <div class='ocr_carea' id='block_1_43' title="bbox 1958 1176 3527 1242">
    <p class='ocr_par' dir='ltr' id='par_1_43' title="bbox 1958 1176 3527 1242">
     <span class='ocr_line' id='line_1_43' title="bbox 1958 1176 3527 1242; baseline -0.006 -4"><span class='ocrx_word' id='word_1_339' title='bbox 1958 1197 2146 1239; x_wconf 89' lang='lat' dir='ltr'><strong>omnes</strong></span> <span class='ocrx_word' id='word_1_340' title='bbox 2175 1191 2233 1235; x_wconf 92' lang='lat' dir='ltr'><strong>ut</strong></span> <span class='ocrx_word' id='word_1_341' title='bbox 2266 1179 2407 1235; x_wconf 84' lang='lat' dir='ltr'><strong>servi</strong></span> <span class='ocrx_word' id='word_1_342' title='bbox 2452 1190 2505 1234; x_wconf 90' lang='lat' dir='ltr'><strong>et</strong></span> <span class='ocrx_word' id='word_1_343' title='bbox 2538 1186 2824 1242; x_wconf 78' lang='lat' dir='ltr'><strong>creaturae,</strong></span> <span class='ocrx_word' id='word_1_344' title='bbox 2861 1176 3012 1231; x_wconf 83' lang='lat' dir='ltr'><strong>verbi</strong></span> <span class='ocrx_word' id='word_1_345' title='bbox 3058 1176 3407 1231; x_wconf 86' lang='lat' dir='ltr'><strong>meditatione</strong></span> <span class='ocrx_word' id='word_1_346' title='bbox 3448 1176 3527 1230; x_wconf 90' lang='lat' dir='ltr'><strong>in-</strong></span> 
     </span>
    </p>
   </div>
   <div class='ocr_carea' id='block_1_44' title="bbox 1962 1266 3528 1343">
    <p class='ocr_par' dir='ltr' id='par_1_44' title="bbox 1962 1266 3528 1343">
     <span class='ocr_line' id='line_1_44' title="bbox 1962 1266 3528 1343; baseline -0.005 -16"><span class='ocrx_word' id='word_1_347' title='bbox 1962 1276 2235 1343; x_wconf 86' lang='lat' dir='ltr'><strong>digentes,</strong></span> <span class='ocrx_word' id='word_1_348' title='bbox 2266 1272 2598 1325; x_wconf 89' lang='lat' dir='ltr'><strong>voluntatem</strong></span> <span class='ocrx_word' id='word_1_349' title='bbox 2653 1278 2704 1323; x_wconf 89' lang='lat' dir='ltr'><strong>et</strong></span> <span class='ocrx_word' id='word_1_350' title='bbox 2765 1267 3075 1322; x_wconf 83' lang='lat' dir='ltr'><strong>consilium</strong></span> <span class='ocrx_word' id='word_1_351' title='bbox 3107 1266 3283 1320; x_wconf 86' lang='lat' dir='ltr'><strong>Patris</strong></span> <span class='ocrx_word' id='word_1_352' title='bbox 3338 1267 3405 1320; x_wconf 89' lang='lat' dir='ltr'><strong>ab</strong></span> <span class='ocrx_word' id='word_1_353' title='bbox 3462 1281 3528 1319; x_wconf 91' lang='lat' dir='ltr'><strong>eo</strong></span> 
     </span>
    </p>
   </div>
   <div class='ocr_carea' id='block_1_45' title="bbox 1960 1356 3525 1432">
    <p class='ocr_par' dir='ltr' id='par_1_45' title="bbox 1960 1356 3525 1432">
     <span class='ocr_line' id='line_1_45' title="bbox 1960 1356 3525 1432; baseline -0.006 -12"><span class='ocrx_word' id='word_1_354' title='bbox 1960 1367 2172 1420; x_wconf 86' lang='lat' dir='ltr'><strong>discere</strong></span> <span class='ocrx_word' id='word_1_355' title='bbox 2206 1363 2516 1432; x_wconf 88' lang='lat' dir='ltr'><strong>cupiebant.</strong></span> <span class='ocrx_word' id='word_1_356' title='bbox 2550 1359 2717 1414; x_wconf 85' lang='lat' dir='ltr'><strong>Filius</strong></span> <span class='ocrx_word' id='word_1_357' title='bbox 2748 1374 2873 1412; x_wconf 90' lang='lat' dir='ltr'><strong>vero</strong></span> <span class='ocrx_word' id='word_1_358' title='bbox 2909 1374 3028 1413; x_wconf 91' lang='lat' dir='ltr'><strong>cum</strong></span> <span class='ocrx_word' id='word_1_359' title='bbox 3065 1358 3134 1411; x_wconf 89' lang='lat' dir='ltr'><strong>sit</strong></span> <span class='ocrx_word' id='word_1_360' title='bbox 3163 1356 3391 1411; x_wconf 84' lang='lat' dir='ltr'><strong>Verbum</strong></span> <span class='ocrx_word' id='word_1_361' title='bbox 3420 1356 3525 1410; x_wconf 84' lang='lat' dir='ltr'><strong>Pa-</strong></span> 
     </span>
    </p>
   </div>
   <div class='ocr_carea' id='block_1_46' title="bbox 1961 1447 3528 1519">
    <p class='ocr_par' dir='ltr' id='par_1_46' title="bbox 1961 1447 3528 1519">
     <span class='ocr_line' id='line_1_46' title="bbox 1961 1447 3528 1519; baseline -0.006 -10"><span class='ocrx_word' id='word_1_362' title='bbox 1961 1456 2079 1519; x_wconf 82' lang='lat' dir='ltr'><strong>tris,</strong></span> <span class='ocrx_word' id='word_1_363' title='bbox 2098 1465 2152 1508; x_wconf 76' lang='grc' dir='ltr'><strong>ει</strong></span> <span class='ocrx_word' id='word_1_364' title='bbox 2178 1453 2432 1507; x_wconf 81' lang='lat' dir='ltr'><strong>voluntas</strong></span> <span class='ocrx_word' id='word_1_365' title='bbox 2450 1450 2547 1517; x_wconf 86' lang='lat' dir='ltr'><strong>ipsi</strong></span> <span class='ocrx_word' id='word_1_366' title='bbox 2574 1450 2921 1514; x_wconf 76' lang='lat' dir='ltr'><strong>inexsistens,</strong></span> <span class='ocrx_word' id='word_1_367' title='bbox 2956 1461 3058 1501; x_wconf 92' lang='lat' dir='ltr'><strong>non</strong></span> <span class='ocrx_word' id='word_1_368' title='bbox 3082 1448 3271 1515; x_wconf 81' lang='lat' dir='ltr'><strong>quaerit</strong></span> <span class='ocrx_word' id='word_1_369' title='bbox 3298 1447 3528 1502; x_wconf 81' lang='lat' dir='ltr'><strong>discere.</strong></span> 
     </span>
    </p>
   </div>
   <div class='ocr_carea' id='block_1_47' title="bbox 1959 1540 3530 1615">
    <p class='ocr_par' dir='ltr' id='par_1_47' title="bbox 1959 1540 3530 1615">
     <span class='ocr_line' id='line_1_47' title="bbox 1959 1540 3530 1615; baseline -0.007 -14"><span class='ocrx_word' id='word_1_370' title='bbox 1959 1546 2075 1601; x_wconf 88' lang='lat' dir='ltr'><strong>Non</strong></span> <span class='ocrx_word' id='word_1_371' title='bbox 2105 1546 2265 1615; x_wconf 81' lang='lat' dir='ltr'><strong>igitur</strong></span> <span class='ocrx_word' id='word_1_372' title='bbox 2299 1559 2395 1614; x_wconf 89' lang='lat' dir='ltr'><strong>per</strong></span> <span class='ocrx_word' id='word_1_373' title='bbox 2421 1543 2721 1596; x_wconf 89' lang='lat' dir='ltr'><strong>doctrinam</strong></span> <span class='ocrx_word' id='word_1_374' title='bbox 2760 1541 2859 1593; x_wconf 88' lang='lat' dir='ltr'><strong>hoc</strong></span> <span class='ocrx_word' id='word_1_375' title='bbox 2894 1547 3213 1593; x_wconf 87' lang='lat' dir='ltr'><strong>consecutus</strong></span> <span class='ocrx_word' id='word_1_376' title='bbox 3248 1548 3331 1593; x_wconf 89' lang='lat' dir='ltr'><strong>est</strong></span> <span class='ocrx_word' id='word_1_377' title='bbox 3363 1548 3414 1592; x_wconf 85' lang='lat' dir='ltr'><strong>ut</strong></span> <span class='ocrx_word' id='word_1_378' title='bbox 3460 1540 3530 1592; x_wconf 90' lang='lat' dir='ltr'><strong>sit</strong></span> 
     </span>
    </p>
   </div>
   <div class='ocr_carea' id='block_1_48' title="bbox 1961 1630 3531 1704">
    <p class='ocr_par' dir='ltr' id='par_1_48' title="bbox 1961 1630 3531 1704">
     <span class='ocr_line' id='line_1_48' title="bbox 1961 1630 3531 1704; baseline -0.009 -9"><span class='ocrx_word' id='word_1_379' title='bbox 1961 1648 2195 1704; x_wconf 88' lang='lat' dir='ltr'><strong>creator,</strong></span> <span class='ocrx_word' id='word_1_380' title='bbox 2242 1637 2333 1692; x_wconf 88' lang='lat' dir='ltr'><strong>sed</strong></span> <span class='ocrx_word' id='word_1_381' title='bbox 2369 1633 2731 1689; x_wconf 89' lang='lat' dir='ltr'><strong>essentialiter</strong></span> <span class='ocrx_word' id='word_1_382' title='bbox 2766 1640 2819 1685; x_wconf 84' lang='lat' dir='ltr'><strong>et</strong></span> <span class='ocrx_word' id='word_1_383' title='bbox 2863 1630 3180 1684; x_wconf 88' lang='lat' dir='ltr'><strong>naturaliter</strong></span> <span class='ocrx_word' id='word_1_384' title='bbox 3211 1631 3313 1684; x_wconf 89' lang='lat' dir='ltr'><strong>hoc</strong></span> <span class='ocrx_word' id='word_1_385' title='bbox 3348 1630 3531 1683; x_wconf 83' lang='lat' dir='ltr'><strong>habet.</strong></span> 
     </span>
    </p>
   </div>
   <div class='ocr_carea' id='block_1_49' title="bbox 1966 1743 3533 1811">
    <p class='ocr_par' dir='ltr' id='par_1_49' title="bbox 1966 1743 3533 1811">
     <span class='ocr_line' id='line_1_49' title="bbox 1966 1743 3533 1811; baseline -0.008 -6"><span class='ocrx_word' id='word_1_386' title='bbox 1966 1753 2150 1806; x_wconf 82' lang='lat' dir='ltr'><strong>Adhuc</strong></span> <span class='ocrx_word' id='word_1_387' title='bbox 2185 1752 2239 1803; x_wconf 88' lang='lat' dir='ltr'><strong>in</strong></span> <span class='ocrx_word' id='word_1_388' title='bbox 2285 1749 2440 1811; x_wconf 82' lang='lat' dir='ltr'><strong>illud,</strong></span> <span class='ocrx_word' id='word_1_389' title='bbox 2477 1766 2493 1797; x_wconf 79' lang='grc' dir='ltr'><strong>ι</strong></span> <span class='ocrx_word' id='word_1_390' title='bbox 2531 1746 2785 1799; x_wconf 77' lang='lat' dir='ltr'><strong>Dominus</strong></span> <span class='ocrx_word' id='word_1_391' title='bbox 2825 1745 3014 1797; x_wconf 80' lang='lat' dir='ltr'><strong>creavit</strong></span> <span class='ocrx_word' id='word_1_392' title='bbox 3060 1760 3139 1797; x_wconf 83' lang='lat' dir='ltr'><strong>me</strong></span> <span class='ocrx_word' id='word_1_393' title='bbox 3178 1743 3385 1797; x_wconf 84' lang='lat' dir='ltr'><strong>initium</strong></span> <span class='ocrx_word' id='word_1_394' title='bbox 3425 1743 3533 1795; x_wconf 74' lang='lat' dir='ltr'><strong>ria-</strong></span> 
     </span>
    </p>
   </div>
   <div class='ocr_carea' id='block_1_50' title="bbox 2035 1813 3531 1879">
    <p class='ocr_par' dir='ltr' id='par_1_50' title="bbox 2035 1813 3531 1879">
     <span class='ocr_line' id='line_1_50' title="bbox 2035 1813 3531 1879; baseline -0.009 -5"><span class='ocrx_word' id='word_1_395' title='bbox 2035 1840 2149 1874; x_wconf 81' lang='lat' dir='ltr'><strong>rum</strong></span> <span class='ocrx_word' id='word_1_396' title='bbox 2187 1836 2404 1873; x_wconf 83' lang='lat' dir='ltr'><strong>suarum</strong></span> <span class='ocrx_word' id='word_1_397' title='bbox 2431 1819 2492 1870; x_wconf 84' lang='grc'><strong>¹⁹.</strong></span> <span class='ocrx_word' id='word_1_398' title='bbox 2529 1835 2544 1866; x_wconf 75' lang='grc' dir='ltr'><strong>ι</strong></span> <span class='ocrx_word' id='word_1_399' title='bbox 2586 1816 2737 1879; x_wconf 83' lang='lat' dir='ltr'><strong>Quod</strong></span> <span class='ocrx_word' id='word_1_400' title='bbox 2784 1813 2955 1867; x_wconf 78' lang='lat' dir='ltr'><strong>Filius</strong></span> <span class='ocrx_word' id='word_1_401' title='bbox 3000 1831 3101 1866; x_wconf 86' lang='lat' dir='ltr'><strong>non</strong></span> <span class='ocrx_word' id='word_1_402' title='bbox 3152 1814 3217 1865; x_wconf 78' lang='lat' dir='ltr'><strong>sit</strong></span> <span class='ocrx_word' id='word_1_403' title='bbox 3269 1825 3531 1875; x_wconf 79' lang='lat' dir='ltr'><strong>creatura,</strong></span> 
     </span>
    </p>
   </div>
   <div class='ocr_carea' id='block_1_51' title="bbox 2034 1883 3535 1950">
    <p class='ocr_par' dir='ltr' id='par_1_51' title="bbox 2034 1883 3535 1950">
     <span class='ocr_line' id='line_1_51' title="bbox 2034 1883 3535 1950; baseline -0.008 -6"><span class='ocrx_word' id='word_1_404' title='bbox 2034 1893 2124 1945; x_wconf 80' lang='lat' dir='ltr'><strong>sed</strong></span> <span class='ocrx_word' id='word_1_405' title='bbox 2161 1890 2458 1943; x_wconf 70' lang='lat' dir='ltr'><strong>corcternus</strong></span> <span class='ocrx_word' id='word_1_406' title='bbox 2503 1886 2677 1938; x_wconf 81' lang='lat' dir='ltr'><strong>Patri.</strong></span> <span class='ocrx_word' id='word_1_407' title='bbox 2725 1884 2996 1947; x_wconf 84' lang='lat' dir='ltr'><strong>Quomodo</strong></span> <span class='ocrx_word' id='word_1_408' title='bbox 3037 1894 3209 1935; x_wconf 84' lang='lat' dir='ltr'><strong>autent</strong></span> <span class='ocrx_word' id='word_1_409' title='bbox 3251 1883 3535 1950; x_wconf 77' lang='lat' dir='ltr'><strong>intelligere</strong></span> 
     </span>
    </p>
   </div>
   <div class='ocr_carea' id='block_1_52' title="bbox 2038 1951 3534 2027">
    <p class='ocr_par' dir='ltr' id='par_1_52' title="bbox 2038 1951 3534 2027">
     <span class='ocr_line' id='line_1_52' title="bbox 2038 1951 3534 2027; baseline -0.008 -13"><span class='ocrx_word' id='word_1_410' title='bbox 2038 1970 2270 2027; x_wconf 84' lang='lat' dir='ltr'><strong>oporteat</strong></span> <span class='ocrx_word' id='word_1_411' title='bbox 2306 1957 2464 2019; x_wconf 83' lang='lat' dir='ltr'><strong>illud,</strong></span> <span class='ocrx_word' id='word_1_412' title='bbox 2500 1973 2518 2006; x_wconf 78' lang='grc' dir='ltr'><strong>ι</strong></span> <span class='ocrx_word' id='word_1_413' title='bbox 2552 1954 2811 2005; x_wconf 79' lang='lat' dir='ltr'><strong>Dominus</strong></span> <span class='ocrx_word' id='word_1_414' title='bbox 2839 1955 3027 2027; x_wconf 64' lang='lat' dir='ltr'><strong>creauit</strong></span> <span class='ocrx_word' id='word_1_415' title='bbox 3067 1968 3145 2027; x_wconf 81' lang='lat' dir='ltr'><strong>nte</strong></span> <span class='ocrx_word' id='word_1_416' title='bbox 3182 1953 3387 2027; x_wconf 78' lang='lat' dir='ltr'><strong>initium</strong></span> <span class='ocrx_word' id='word_1_417' title='bbox 3425 1951 3534 2004; x_wconf 86' lang='lat' dir='ltr'><strong>via-</strong></span> 
     </span>
    </p>
   </div>
   <div class='ocr_carea' id='block_1_53' title="bbox 2034 2022 3424 2090">
    <p class='ocr_par' dir='ltr' id='par_1_53' title="bbox 2034 2022 3424 2090">
     <span class='ocr_line' id='line_1_53' title="bbox 2034 2022 3424 2090; baseline -0.006 -9"><span class='ocrx_word' id='word_1_418' title='bbox 2034 2022 2153 2082; x_wconf 82' lang='lat' dir='ltr'><strong>rum</strong></span> <span class='ocrx_word' id='word_1_419' title='bbox 2180 2042 2420 2089; x_wconf 80' lang='lat' dir='ltr'><strong>suarum,</strong></span> <span class='ocrx_word' id='word_1_420' title='bbox 2452 2045 2470 2077; x_wconf 70' lang='grc' dir='ltr'><strong>ι</strong></span> <span class='ocrx_word' id='word_1_421' title='bbox 2516 2040 2580 2078; x_wconf 82' lang='lat' dir='ltr'><strong>ea:</strong></span> <span class='ocrx_word' id='word_1_422' title='bbox 2609 2023 3045 2090; x_wconf 78' lang='lat' dir='ltr'><strong>consequentibus</strong></span> <span class='ocrx_word' id='word_1_423' title='bbox 3082 2022 3424 2089; x_wconf 78' lang='lat' dir='ltr'><strong>intelligetur.</strong></span> 
     </span>
    </p>
   </div>
   <div class='ocr_carea' id='block_1_54' title="bbox 2038 2132 3531 2201">
    <p class='ocr_par' dir='ltr' id='par_1_54' title="bbox 2038 2132 3531 2201">
     <span class='ocr_line' id='line_1_54' title="bbox 2038 2132 3531 2201; baseline -0.005 -10"><span class='ocrx_word' id='word_1_424' title='bbox 2038 2137 2276 2191; x_wconf 86' lang='lat' dir='ltr'><strong>Primum</strong></span> <span class='ocrx_word' id='word_1_425' title='bbox 2310 2135 2438 2195; x_wconf 68' lang='lat' dir='ltr'><strong>illud</strong></span> <span class='ocrx_word' id='word_1_426' title='bbox 2470 2132 2756 2188; x_wconf 89' lang='lat' dir='ltr'><strong>dicendum</strong></span> <span class='ocrx_word' id='word_1_427' title='bbox 2788 2142 2889 2195; x_wconf 90' lang='lat' dir='ltr'><strong>est,</strong></span> <span class='ocrx_word' id='word_1_428' title='bbox 2925 2134 3141 2201; x_wconf 85' lang='lat' dir='ltr'><strong>quando</strong></span> <span class='ocrx_word' id='word_1_429' title='bbox 3162 2148 3279 2201; x_wconf 65' lang='lat' dir='ltr'><strong>qua;</strong></span> <span class='ocrx_word' id='word_1_430' title='bbox 3311 2148 3531 2201; x_wconf 86' lang='lat' dir='ltr'><strong>prover-</strong></span> 
     </span>
    </p>
   </div>
   <div class='ocr_carea' id='block_1_55' title="bbox 1968 2221 3531 2289">
    <p class='ocr_par' dir='ltr' id='par_1_55' title="bbox 1968 2221 3531 2289">
     <span class='ocr_line' id='line_1_55' title="bbox 1968 2221 3531 2289; baseline -0.005 -8"><span class='ocrx_word' id='word_1_431' title='bbox 1968 2227 2182 2282; x_wconf 81' lang='lat' dir='ltr'><strong>bialiter</strong></span> <span class='ocrx_word' id='word_1_432' title='bbox 2221 2227 2493 2289; x_wconf 90' lang='lat' dir='ltr'><strong>dicuntur,</strong></span> <span class='ocrx_word' id='word_1_433' title='bbox 2542 2223 2790 2276; x_wconf 89' lang='lat' dir='ltr'><strong>videntur</strong></span> <span class='ocrx_word' id='word_1_434' title='bbox 2833 2221 3141 2289; x_wconf 84' lang='lat' dir='ltr'><strong>signiﬁcare</strong></span> <span class='ocrx_word' id='word_1_435' title='bbox 3186 2221 3387 2288; x_wconf 87' lang='lat' dir='ltr'><strong>aliquid</strong></span> <span class='ocrx_word' id='word_1_436' title='bbox 3441 2236 3531 2273; x_wconf 85' lang='lat' dir='ltr'><strong>se-</strong></span> 
     </span>
    </p>
   </div>
   <div class='ocr_carea' id='block_1_56' title="bbox 1967 2311 3538 2375">
    <p class='ocr_par' dir='ltr' id='par_1_56' title="bbox 1967 2311 3538 2375">
     <span class='ocr_line' id='line_1_56' title="bbox 1967 2311 3538 2375; baseline -0.008 -1"><span class='ocrx_word' id='word_1_437' title='bbox 1967 2319 2200 2375; x_wconf 91' lang='lat' dir='ltr'><strong>cundum</strong></span> <span class='ocrx_word' id='word_1_438' title='bbox 2229 2316 2445 2371; x_wconf 90' lang='lat' dir='ltr'><strong>obvium</strong></span> <span class='ocrx_word' id='word_1_439' title='bbox 2476 2329 2691 2369; x_wconf 89' lang='lat' dir='ltr'><strong>sensum</strong></span> <span class='ocrx_word' id='word_1_440' title='bbox 2719 2330 2733 2366; x_wconf 91' lang='lat'><strong>:</strong></span> <span class='ocrx_word' id='word_1_441' title='bbox 2760 2326 2866 2365; x_wconf 89' lang='lat' dir='ltr'><strong>non</strong></span> <span class='ocrx_word' id='word_1_442' title='bbox 2898 2320 3075 2366; x_wconf 84' lang='lat' dir='ltr'><strong>tamen</strong></span> <span class='ocrx_word' id='word_1_443' title='bbox 3101 2311 3171 2363; x_wconf 88' lang='lat' dir='ltr'><strong>ita</strong></span> <span class='ocrx_word' id='word_1_444' title='bbox 3199 2322 3259 2363; x_wconf 86' lang='lat' dir='ltr'><strong>ut</strong></span> <span class='ocrx_word' id='word_1_445' title='bbox 3287 2312 3538 2364; x_wconf 85' lang='lat' dir='ltr'><strong>dicuntur</strong></span> 
     </span>
    </p>
   </div>
   <div class='ocr_carea' id='block_1_57' title="bbox 1968 2404 3532 2474">
    <p class='ocr_par' dir='ltr' id='par_1_57' title="bbox 1968 2404 3532 2474">
     <span class='ocr_line' id='line_1_57' title="bbox 1968 2404 3532 2474; baseline -0.006 -10"><span class='ocrx_word' id='word_1_446' title='bbox 1968 2426 2089 2464; x_wconf 90' lang='lat' dir='ltr'><strong>sese</strong></span> <span class='ocrx_word' id='word_1_447' title='bbox 2116 2409 2338 2474; x_wconf 86' lang='lat' dir='ltr'><strong>habent,</strong></span> <span class='ocrx_word' id='word_1_448' title='bbox 2375 2406 2650 2474; x_wconf 89' lang='lat' dir='ltr'><strong>aliumque</strong></span> <span class='ocrx_word' id='word_1_449' title='bbox 2684 2404 3017 2459; x_wconf 89' lang='lat' dir='ltr'><strong>reconditum</strong></span> <span class='ocrx_word' id='word_1_450' title='bbox 3053 2418 3268 2456; x_wconf 82' lang='lat' dir='ltr'><strong>sensum</strong></span> <span class='ocrx_word' id='word_1_451' title='bbox 3312 2404 3532 2456; x_wconf 84' lang='lat' dir='ltr'><strong>habent.</strong></span> 
     </span>
    </p>
   </div>
   <div class='ocr_carea' id='block_1_58' title="bbox 1968 2492 3532 2562">
    <p class='ocr_par' dir='ltr' id='par_1_58' title="bbox 1968 2492 3532 2562">
     <span class='ocr_line' id='line_1_58' title="bbox 1968 2492 3532 2562; baseline -0.004 -12"><span class='ocrx_word' id='word_1_452' title='bbox 1968 2496 2173 2551; x_wconf 91' lang='lat' dir='ltr'><strong>Idcirco</strong></span> <span class='ocrx_word' id='word_1_453' title='bbox 2207 2496 2465 2549; x_wconf 88' lang='lat' dir='ltr'><strong>Servator</strong></span> <span class='ocrx_word' id='word_1_454' title='bbox 2492 2494 2557 2547; x_wconf 89' lang='lat' dir='ltr'><strong>ad</strong></span> <span class='ocrx_word' id='word_1_455' title='bbox 2594 2493 2884 2562; x_wconf 89' lang='lat' dir='ltr'><strong>discipulos</strong></span> <span class='ocrx_word' id='word_1_456' title='bbox 2915 2508 3039 2547; x_wconf 85' lang='lat' dir='ltr'><strong>suos</strong></span> <span class='ocrx_word' id='word_1_457' title='bbox 3069 2493 3204 2545; x_wconf 78' lang='lat' dir='ltr'><strong>dixit</strong></span> <span class='ocrx_word' id='word_1_458' title='bbox 3235 2510 3246 2546; x_wconf 89' lang='lat'>:</span> <span class='ocrx_word' id='word_1_459' title='bbox 3282 2512 3299 2543; x_wconf 76' lang='grc' dir='ltr'><strong>ι</strong></span> <span class='ocrx_word' id='word_1_460' title='bbox 3333 2492 3454 2546; x_wconf 68' lang='lat' dir='ltr'><strong>llaec</strong></span> <span class='ocrx_word' id='word_1_461' title='bbox 3482 2494 3532 2545; x_wconf 92' lang='lat' dir='ltr'><strong>in</strong></span> 
     </span>
    </p>
   </div>
   <div class='ocr_carea' id='block_1_59' title="bbox 1968 2582 3539 2657">
    <p class='ocr_par' dir='ltr' id='par_1_59' title="bbox 1968 2582 3539 2657">
     <span class='ocr_line' id='line_1_59' title="bbox 1968 2582 3539 2657; baseline -0.004 -15"><span class='ocrx_word' id='word_1_462' title='bbox 1968 2588 2237 2657; x_wconf 88' lang='lat' dir='ltr'><strong>parabolis</strong></span> <span class='ocrx_word' id='word_1_463' title='bbox 2260 2586 2477 2639; x_wconf 87' lang='lat' dir='ltr'><strong>locutus</strong></span> <span class='ocrx_word' id='word_1_464' title='bbox 2504 2600 2621 2639; x_wconf 91' lang='lat' dir='ltr'><strong>sum</strong></span> <span class='ocrx_word' id='word_1_465' title='bbox 2655 2585 2829 2649; x_wconf 88' lang='lat' dir='ltr'><strong>vobis,</strong></span> <span class='ocrx_word' id='word_1_466' title='bbox 2852 2582 2942 2637; x_wconf 90' lang='lat' dir='ltr'><strong>sed</strong></span> <span class='ocrx_word' id='word_1_467' title='bbox 2967 2586 3137 2636; x_wconf 83' lang='lat' dir='ltr'><strong>veniet</strong></span> <span class='ocrx_word' id='word_1_468' title='bbox 3174 2585 3299 2636; x_wconf 90' lang='lat' dir='ltr'><strong>hora</strong></span> <span class='ocrx_word' id='word_1_469' title='bbox 3323 2584 3539 2650; x_wconf 78' lang='lat' dir='ltr'><strong>quando</strong></span> 
     </span>
    </p>
   </div>
   <div class='ocr_carea' id='block_1_60' title="bbox 1970 2670 3531 2745">
    <p class='ocr_par' dir='ltr' id='par_1_60' title="bbox 1970 2670 3531 2745">
     <span class='ocr_line' id='line_1_60' title="bbox 1970 2670 3531 2745; baseline -0.006 -13"><span class='ocrx_word' id='word_1_470' title='bbox 1970 2694 2076 2733; x_wconf 91' lang='lat' dir='ltr'><strong>non</strong></span> <span class='ocrx_word' id='word_1_471' title='bbox 2129 2678 2183 2730; x_wconf 89' lang='lat' dir='ltr'><strong>in</strong></span> <span class='ocrx_word' id='word_1_472' title='bbox 2226 2674 2528 2745; x_wconf 88' lang='lat' dir='ltr'><strong>proverbiis</strong></span> <span class='ocrx_word' id='word_1_473' title='bbox 2579 2672 2769 2741; x_wconf 86' lang='lat' dir='ltr'><strong>loquar</strong></span> <span class='ocrx_word' id='word_1_474' title='bbox 2811 2672 3001 2734; x_wconf 89' lang='lat' dir='ltr'><strong>vobis,</strong></span> <span class='ocrx_word' id='word_1_475' title='bbox 3050 2672 3142 2725; x_wconf 90' lang='lat' dir='ltr'><strong>sed</strong></span> <span class='ocrx_word' id='word_1_476' title='bbox 3204 2671 3378 2739; x_wconf 86' lang='lat' dir='ltr'><strong>palam</strong></span> <span class='ocrx_word' id='word_1_477' title='bbox 3404 2670 3479 2735; x_wconf 77' lang='lat'><strong>&#39;°;</strong></span> <span class='ocrx_word' id='word_1_478' title='bbox 3513 2690 3531 2723; x_wconf 73' lang='grc' dir='ltr'><strong>ι</strong></span> 
     </span>
    </p>
   </div>
   <div class='ocr_carea' id='block_1_61' title="bbox 1969 2763 3541 2841">
    <p class='ocr_par' dir='ltr' id='par_1_61' title="bbox 1969 2763 3541 2841">
     <span class='ocr_line' id='line_1_61' title="bbox 1969 2763 3541 2841; baseline -0.005 -18"><span class='ocrx_word' id='word_1_479' title='bbox 1969 2772 2169 2841; x_wconf 89' lang='lat' dir='ltr'><strong>quippe</strong></span> <span class='ocrx_word' id='word_1_480' title='bbox 2205 2767 2351 2838; x_wconf 79' lang='lat' dir='ltr'><strong>qdod</strong></span> <span class='ocrx_word' id='word_1_481' title='bbox 2384 2768 2435 2819; x_wconf 91' lang='lat' dir='ltr'><strong>in</strong></span> <span class='ocrx_word' id='word_1_482' title='bbox 2461 2764 2769 2835; x_wconf 87' lang='lat' dir='ltr'><strong>proverbiis</strong></span> <span class='ocrx_word' id='word_1_483' title='bbox 2798 2777 2883 2818; x_wconf 88' lang='lat' dir='ltr'><strong>res</strong></span> <span class='ocrx_word' id='word_1_484' title='bbox 2908 2763 3020 2831; x_wconf 86' lang='lat' dir='ltr'><strong>ipsa</strong></span> <span class='ocrx_word' id='word_1_485' title='bbox 3052 2778 3153 2815; x_wconf 88' lang='lat' dir='ltr'><strong>non</strong></span> <span class='ocrx_word' id='word_1_486' title='bbox 3187 2763 3356 2831; x_wconf 89' lang='lat' dir='ltr'><strong>palam</strong></span> <span class='ocrx_word' id='word_1_487' title='bbox 3385 2778 3541 2830; x_wconf 84' lang='lat' dir='ltr'><strong>aper-</strong></span> 
     </span>
    </p>
   </div>
   <div class='ocr_carea' id='block_1_62' title="bbox 1973 2854 3540 2932">
    <p class='ocr_par' dir='ltr' id='par_1_62' title="bbox 1973 2854 3540 2932">
     <span class='ocr_line' id='line_1_62' title="bbox 1973 2854 3540 2932; baseline -0.006 -16"><span class='ocrx_word' id='word_1_488' title='bbox 1973 2873 2133 2932; x_wconf 89' lang='lat' dir='ltr'><strong>teque</strong></span> <span class='ocrx_word' id='word_1_489' title='bbox 2175 2860 2495 2930; x_wconf 83' lang='lat' dir='ltr'><strong>explicetur.</strong></span> <span class='ocrx_word' id='word_1_490' title='bbox 2548 2857 2683 2912; x_wconf 88' lang='lat' dir='ltr'><strong>Cum</strong></span> <span class='ocrx_word' id='word_1_491' title='bbox 2720 2857 2904 2925; x_wconf 89' lang='lat' dir='ltr'><strong>itaque</strong></span> <span class='ocrx_word' id='word_1_492' title='bbox 2954 2857 3148 2909; x_wconf 88' lang='lat' dir='ltr'><strong>nudius</strong></span> <span class='ocrx_word' id='word_1_493' title='bbox 3188 2856 3410 2910; x_wconf 79' lang='lat' dir='ltr'><strong>dixisset</strong></span> <span class='ocrx_word' id='word_1_494' title='bbox 3442 2854 3540 2908; x_wconf 65' lang='grc' dir='ltr'><strong>δε-</strong></span> 
     </span>
    </p>
   </div>
   <div class='ocr_carea' id='block_1_63' title="bbox 1972 2947 3535 3023">
    <p class='ocr_par' dir='ltr' id='par_1_63' title="bbox 1972 2947 3535 3023">
     <span class='ocr_line' id='line_1_63' title="bbox 1972 2947 3535 3023; baseline -0.001 -18"><span class='ocrx_word' id='word_1_495' title='bbox 1972 2954 2193 3023; x_wconf 80' lang='lat' dir='ltr'><strong>pientia.</strong></span> <span class='ocrx_word' id='word_1_496' title='bbox 2237 2971 2255 3003; x_wconf 77' lang='grc' dir='ltr'><strong>ι</strong></span> <span class='ocrx_word' id='word_1_497' title='bbox 2286 2951 2492 3006; x_wconf 87' lang='lat' dir='ltr'><strong>creavit</strong></span> <span class='ocrx_word' id='word_1_498' title='bbox 2526 2964 2631 3014; x_wconf 90' lang='lat' dir='ltr'><strong>me,</strong></span> <span class='ocrx_word' id='word_1_499' title='bbox 2664 2967 2683 3000; x_wconf 72' lang='grc' dir='ltr'><strong>ι</strong></span> <span class='ocrx_word' id='word_1_500' title='bbox 2722 2947 2981 3017; x_wconf 88' lang='lat' dir='ltr'><strong>ejusmodi</strong></span> <span class='ocrx_word' id='word_1_501' title='bbox 3022 2947 3293 3016; x_wconf 89' lang='lat' dir='ltr'><strong>quidpiam</strong></span> <span class='ocrx_word' id='word_1_502' title='bbox 3340 2947 3489 3002; x_wconf 89' lang='lat' dir='ltr'><strong>addit</strong></span> <span class='ocrx_word' id='word_1_503' title='bbox 3522 2966 3535 3003; x_wconf 90' lang='lat'><strong>:</strong></span> 
     </span>
    </p>
   </div>
   <div class='ocr_carea' id='block_1_64' title="bbox 286 3038 1868 3115">
    <p class='ocr_par' dir='ltr' id='par_1_64' title="bbox 286 3038 1862 3109">
     <span class='ocr_line' id='line_1_64' title="bbox 286 3038 1862 3109; baseline -0.002 -15"><span class='ocrx_word' id='word_1_504' title='bbox 286 3038 461 3095; x_wconf 70' lang='grc' dir='ltr'>οἷκον.</span> <span class='ocrx_word' id='word_1_505' title='bbox 512 3060 530 3092; x_wconf 72' lang='grc' dir='ltr'><strong>ι</strong></span> <span class='ocrx_word' id='word_1_506' title='bbox 577 3039 643 3093; x_wconf 83' lang='grc' dir='ltr'><strong>Εἰ</strong></span> <span class='ocrx_word' id='word_1_507' title='bbox 672 3042 849 3093; x_wconf 81' lang='grc' dir='ltr'>τοίνυν</span> <span class='ocrx_word' id='word_1_508' title='bbox 902 3041 935 3109; x_wconf 80' lang='grc' dir='ltr'>ἡ</span> <span class='ocrx_word' id='word_1_509' title='bbox 982 3039 1141 3107; x_wconf 87' lang='grc' dir='ltr'>σοφία</span> <span class='ocrx_word' id='word_1_510' title='bbox 1196 3040 1293 3109; x_wconf 84' lang='grc' dir='ltr'><strong>μὲν</strong></span> <span class='ocrx_word' id='word_1_511' title='bbox 1344 3038 1488 3091; x_wconf 80' lang='grc' dir='ltr'>ἔστιν</span> <span class='ocrx_word' id='word_1_512' title='bbox 1521 3042 1548 3093; x_wconf 86' lang='grc' dir='ltr'><strong>ό</strong></span> <span class='ocrx_word' id='word_1_513' title='bbox 1588 3038 1681 3092; x_wconf 80' lang='grc' dir='ltr'>τοῦ</span> <span class='ocrx_word' id='word_1_514' title='bbox 1730 3040 1862 3092; x_wconf 74' lang='grc' dir='ltr'>Θεοῦ</span> 
     </span>
    </p>
   </div>
   <div class='ocr_carea' id='block_1_65' title="bbox 1971 3038 3539 3115">
    <p class='ocr_par' dir='ltr' id='par_1_65' title="bbox 1974 3039 3539 3115">
     <span class='ocr_line' id='line_1_65' title="bbox 1974 3039 3539 3115; baseline -0.004 -16"><span class='ocrx_word' id='word_1_515' title='bbox 1974 3067 1992 3099; x_wconf 78' lang='grc' dir='ltr'><strong>ι</strong></span> <span class='ocrx_word' id='word_1_516' title='bbox 2025 3045 2297 3115; x_wconf 79' lang='lat' dir='ltr'><strong>Sapientia</strong></span> <span class='ocrx_word' id='word_1_517' title='bbox 2325 3042 2608 3097; x_wconf 83' lang='lat' dir='ltr'><strong>aediﬁcavit</strong></span> <span class='ocrx_word' id='word_1_518' title='bbox 2654 3040 2755 3095; x_wconf 88' lang='lat' dir='ltr'><strong>sibi</strong></span> <span class='ocrx_word' id='word_1_519' title='bbox 2787 3041 3004 3094; x_wconf 91' lang='lat' dir='ltr'><strong>domum</strong></span> <span class='ocrx_word' id='word_1_520' title='bbox 3029 3040 3092 3093; x_wconf 82' lang='grc'><strong>²¹.</strong></span> <span class='ocrx_word' id='word_1_521' title='bbox 3128 3060 3145 3090; x_wconf 73' lang='grc' dir='ltr'><strong>ι</strong></span> <span class='ocrx_word' id='word_1_522' title='bbox 3179 3040 3233 3094; x_wconf 91' lang='lat' dir='ltr'><strong>Si</strong></span> <span class='ocrx_word' id='word_1_523' title='bbox 3280 3054 3407 3110; x_wconf 83' lang='lat' dir='ltr'><strong>ergo</strong></span> <span class='ocrx_word' id='word_1_524' title='bbox 3437 3039 3539 3095; x_wconf 87' lang='lat' dir='ltr'><strong>Sa-</strong></span> 
     </span>
    </p>
   </div>
   <div class='ocr_carea' id='block_1_66' title="bbox 287 3127 1868 3203">
    <p class='ocr_par' dir='ltr' id='par_1_66' title="bbox 287 3127 1868 3203">
     <span class='ocr_line' id='line_1_66' title="bbox 287 3127 1868 3203; baseline -0.003 -17"><span class='ocrx_word' id='word_1_525' title='bbox 287 3135 482 3202; x_wconf 82' lang='grc' dir='ltr'>Λόγος,</span> <span class='ocrx_word' id='word_1_526' title='bbox 512 3134 678 3203; x_wconf 79' lang='grc' dir='ltr'>ἑαυτῇ</span> <span class='ocrx_word' id='word_1_527' title='bbox 713 3132 767 3184; x_wconf 73' lang='grc' dir='ltr'><strong>δὲ</strong></span> <span class='ocrx_word' id='word_1_528' title='bbox 797 3132 888 3183; x_wconf 74' lang='grc' dir='ltr'><strong>τὸν</strong></span> <span class='ocrx_word' id='word_1_529' title='bbox 916 3127 1061 3183; x_wconf 83' lang='grc' dir='ltr'>οἷκον</span> <span class='ocrx_word' id='word_1_530' title='bbox 1101 3132 1392 3200; x_wconf 83' lang='grc' dir='ltr'>οἰκοδομεῖ,</span> <span class='ocrx_word' id='word_1_531' title='bbox 1419 3131 1521 3184; x_wconf 78' lang='grc' dir='ltr'>ποῦ</span> <span class='ocrx_word' id='word_1_532' title='bbox 1549 3131 1608 3183; x_wconf 78' lang='grc' dir='ltr'>τὸ</span> <span class='ocrx_word' id='word_1_533' title='bbox 1638 3150 1656 3181; x_wconf 77' lang='grc' dir='ltr'><strong>ι</strong></span> <span class='ocrx_word' id='word_1_534' title='bbox 1688 3130 1868 3183; x_wconf 57' lang='lat' dir='ltr'><strong>sum</strong></span> 
     </span>
    </p>
   </div>
   <div class='ocr_carea' id='block_1_67' title="bbox 289 3222 1869 3295">
    <p class='ocr_par' dir='ltr' id='par_1_67' title="bbox 289 3222 1869 3295">
     <span class='ocr_line' id='line_1_67' title="bbox 289 3222 1869 3295; baseline 0 -19"><span class='ocrx_word' id='word_1_535' title='bbox 289 3241 354 3295; x_wconf 84' lang='grc' dir='ltr'><strong>με</strong></span> <span class='ocrx_word' id='word_1_536' title='bbox 406 3245 427 3276; x_wconf 84' lang='grc'><strong>›</strong></span> <span class='ocrx_word' id='word_1_537' title='bbox 476 3226 737 3294; x_wconf 79' lang='grc' dir='ltr'><strong>χωρήσει,</strong></span> <span class='ocrx_word' id='word_1_538' title='bbox 787 3222 1029 3285; x_wconf 85' lang='grc' dir='ltr'>πιθανῶς</span> <span class='ocrx_word' id='word_1_539' title='bbox 1071 3223 1351 3293; x_wconf 78' lang='grc' dir='ltr'>ζητητέον.</span> <span class='ocrx_word' id='word_1_540' title='bbox 1413 3222 1570 3276; x_wconf 83' lang='grc' dir='ltr'>Ἐστι</span> <span class='ocrx_word' id='word_1_541' title='bbox 1622 3223 1802 3276; x_wconf 84' lang='grc' dir='ltr'>τοίνυν</span> <span class='ocrx_word' id='word_1_542' title='bbox 1842 3225 1869 3276; x_wconf 85' lang='grc' dir='ltr'>ὁ</span> 
     </span>
    </p>
   </div>
   <div class='ocr_carea' id='block_1_68' title="bbox 288 3315 1871 3386">
    <p class='ocr_par' dir='ltr' id='par_1_68' title="bbox 288 3315 1871 3386">
     <span class='ocr_line' id='line_1_68' title="bbox 288 3315 1871 3386; baseline 0.001 -19"><span class='ocrx_word' id='word_1_543' title='bbox 288 3316 450 3369; x_wconf 77' lang='grc' dir='ltr'>τοῦτο</span> <span class='ocrx_word' id='word_1_544' title='bbox 474 3316 649 3382; x_wconf 83' lang='grc' dir='ltr'>λέγων</span> <span class='ocrx_word' id='word_1_545' title='bbox 681 3316 935 3384; x_wconf 79' lang='grc' dir='ltr'>Χριστὸς,</span> <span class='ocrx_word' id='word_1_546' title='bbox 967 3316 1041 3378; x_wconf 79' lang='grc' dir='ltr'><strong>ὡς</strong></span> <span class='ocrx_word' id='word_1_547' title='bbox 1068 3315 1165 3385; x_wconf 77' lang='grc' dir='ltr'><strong>ήδη</strong></span> <span class='ocrx_word' id='word_1_548' title='bbox 1203 3315 1414 3386; x_wconf 75' lang='grc' dir='ltr'>τεχθεὶς</span> <span class='ocrx_word' id='word_1_549' title='bbox 1455 3316 1548 3369; x_wconf 74' lang='grc' dir='ltr'>καὶ</span> <span class='ocrx_word' id='word_1_550' title='bbox 1581 3315 1871 3385; x_wconf 88' lang='grc' dir='ltr'>γενόμενος</span> 
     </span>
    </p>
   </div>
   <div class='ocr_carea' id='block_1_69' title="bbox 288 3399 1872 3478">
    <p class='ocr_par' dir='ltr' id='par_1_69' title="bbox 288 3399 1872 3478">
     <span class='ocr_line' id='line_1_69' title="bbox 288 3399 1872 3478; baseline -0.002 -18"><span class='ocrx_word' id='word_1_551' title='bbox 288 3408 611 3478; x_wconf 73' lang='grc' dir='ltr'>ἄνθρωπος’</span> <span class='ocrx_word' id='word_1_552' title='bbox 650 3407 733 3473; x_wconf 77' lang='grc' dir='ltr'><strong>ἐφ’</strong></span> <span class='ocrx_word' id='word_1_553' title='bbox 761 3399 822 3459; x_wconf 70' lang='grc' dir='ltr'>οὗ</span> <span class='ocrx_word' id='word_1_554' title='bbox 869 3406 949 3471; x_wconf 84' lang='grc' dir='ltr'><strong>τὸ,</strong></span> <span class='ocrx_word' id='word_1_555' title='bbox 997 3424 1014 3456; x_wconf 77' lang='grc' dir='ltr'><strong>ι</strong></span> <span class='ocrx_word' id='word_1_556' title='bbox 1056 3404 1234 3458; x_wconf 72' lang='grc' dir='ltr'>ἔκτισε</span> <span class='ocrx_word' id='word_1_557' title='bbox 1284 3424 1373 3476; x_wconf 89' lang='grc' dir='ltr'><strong>με,</strong></span> <span class='ocrx_word' id='word_1_558' title='bbox 1416 3425 1433 3457; x_wconf 73' lang='grc' dir='ltr'><strong>ι</strong></span> <span class='ocrx_word' id='word_1_559' title='bbox 1472 3406 1872 3477; x_wconf 83' lang='grc' dir='ltr'>ἁδυσφημήτως</span> 
     </span>
    </p>
   </div>
   <div class='ocr_carea' id='block_1_70' title="bbox 287 3494 1873 3567">
    <p class='ocr_par' dir='ltr' id='par_1_70' title="bbox 287 3494 1873 3567">
     <span class='ocr_line' id='line_1_70' title="bbox 287 3494 1873 3567; baseline -0.001 -15"><span class='ocrx_word' id='word_1_560' title='bbox 287 3501 556 3559; x_wconf 86' lang='grc' dir='ltr'>κείσεται,</span> <span class='ocrx_word' id='word_1_561' title='bbox 588 3496 723 3549; x_wconf 84' lang='grc' dir='ltr'>καθὸ</span> <span class='ocrx_word' id='word_1_562' title='bbox 752 3497 1055 3567; x_wconf 83' lang='grc' dir='ltr'>ἄνθρωπος.</span> <span class='ocrx_word' id='word_1_563' title='bbox 1080 3497 1277 3565; x_wconf 84' lang='grc' dir='ltr'>Γέγονε</span> <span class='ocrx_word' id='word_1_564' title='bbox 1301 3498 1356 3550; x_wconf 85' lang='grc' dir='ltr'>δὲ</span> <span class='ocrx_word' id='word_1_565' title='bbox 1382 3498 1479 3567; x_wconf 83' lang='grc' dir='ltr'>τῆς</span> <span class='ocrx_word' id='word_1_566' title='bbox 1511 3497 1702 3566; x_wconf 89' lang='grc' dir='ltr'>σοφίας</span> <span class='ocrx_word' id='word_1_567' title='bbox 1727 3494 1873 3561; x_wconf 75' lang='grc' dir='ltr'>οἶκος</span> 
     </span>
    </p>
   </div>
   <div class='ocr_carea' id='block_1_71' title="bbox 289 3588 1874 3659">
    <p class='ocr_par' dir='ltr' id='par_1_71' title="bbox 289 3588 1874 3659">
     <span class='ocr_line' id='line_1_71' title="bbox 289 3588 1874 3659; baseline 0 -18"><span class='ocrx_word' id='word_1_568' title='bbox 289 3591 377 3641; x_wconf 68' lang='grc' dir='ltr'><strong>ὑπ’</strong></span> <span class='ocrx_word' id='word_1_569' title='bbox 446 3588 619 3659; x_wconf 78' lang='grc' dir='ltr'>αὐτῆς</span> <span class='ocrx_word' id='word_1_570' title='bbox 692 3590 1197 3659; x_wconf 82' lang='grc' dir='ltr'>κατεσκευασμένος</span> <span class='ocrx_word' id='word_1_571' title='bbox 1256 3590 1316 3642; x_wconf 83' lang='grc' dir='ltr'>τὸ</span> <span class='ocrx_word' id='word_1_572' title='bbox 1383 3590 1541 3659; x_wconf 85' lang='grc' dir='ltr'>σῶμα</span> <span class='ocrx_word' id='word_1_573' title='bbox 1595 3588 1753 3642; x_wconf 79' lang='grc' dir='ltr'>τοῦτο</span> <span class='ocrx_word' id='word_1_574' title='bbox 1814 3590 1874 3642; x_wconf 78' lang='grc' dir='ltr'><strong>τὸ</strong></span> 
     </span>
    </p>
   </div>
   <div class='ocr_carea' id='block_1_72' title="bbox 288 3672 1871 3750">
    <p class='ocr_par' dir='ltr' id='par_1_72' title="bbox 288 3672 1871 3750">
     <span class='ocr_line' id='line_1_72' title="bbox 288 3672 1871 3750; baseline -0.002 -17"><span class='ocrx_word' id='word_1_575' title='bbox 288 3679 474 3733; x_wconf 75' lang='grc' dir='ltr'>κοινὸν</span> <span class='ocrx_word' id='word_1_576' title='bbox 519 3678 581 3729; x_wconf 69' lang='grc' dir='ltr'><strong>τὸ</strong></span> <span class='ocrx_word' id='word_1_577' title='bbox 611 3679 675 3730; x_wconf 79' lang='grc' dir='ltr'>ὲκ</span> <span class='ocrx_word' id='word_1_578' title='bbox 717 3679 817 3747; x_wconf 85' lang='grc' dir='ltr'>τῆς</span> <span class='ocrx_word' id='word_1_579' title='bbox 852 3679 1012 3747; x_wconf 85' lang='grc' dir='ltr'>ἁγίας</span> <span class='ocrx_word' id='word_1_580' title='bbox 1046 3679 1322 3750; x_wconf 80' lang='grc' dir='ltr'>Παρθένου</span> <span class='ocrx_word' id='word_1_581' title='bbox 1362 3679 1571 3749; x_wconf 83' lang='grc' dir='ltr'>τεχθὲν,</span> <span class='ocrx_word' id='word_1_582' title='bbox 1614 3682 1671 3732; x_wconf 80' lang='grc' dir='ltr'>ὲν</span> <span class='ocrx_word' id='word_1_583' title='bbox 1694 3672 1738 3747; x_wconf 84' lang='grc' dir='ltr'>ᾧ</span> <span class='ocrx_word' id='word_1_584' title='bbox 1782 3680 1871 3731; x_wconf 77' lang='grc' dir='ltr'><strong>εὐ-</strong></span> 
     </span>
    </p>
   </div>
   <div class='ocr_carea' id='block_1_73' title="bbox 289 3770 1876 3841">
    <p class='ocr_par' dir='ltr' id='par_1_73' title="bbox 289 3770 1876 3841">
     <span class='ocr_line' id='line_1_73' title="bbox 289 3770 1876 3841; baseline 0 -18"><span class='ocrx_word' id='word_1_585' title='bbox 289 3772 491 3841; x_wconf 78' lang='grc' dir='ltr'>δόκησε</span> <span class='ocrx_word' id='word_1_586' title='bbox 533 3772 858 3840; x_wconf 83' lang='grc' dir='ltr'>κατοικῆσαι</span> <span class='ocrx_word' id='word_1_587' title='bbox 906 3772 1015 3823; x_wconf 80' lang='grc' dir='ltr'><strong>πᾶν</strong></span> <span class='ocrx_word' id='word_1_588' title='bbox 1068 3771 1127 3823; x_wconf 82' lang='grc' dir='ltr'><strong>τὸ</strong></span> <span class='ocrx_word' id='word_1_589' title='bbox 1180 3771 1453 3841; x_wconf 82' lang='grc' dir='ltr'>πλήρωμα</span> <span class='ocrx_word' id='word_1_590' title='bbox 1490 3773 1587 3841; x_wconf 83' lang='grc' dir='ltr'>τῆς</span> <span class='ocrx_word' id='word_1_591' title='bbox 1625 3770 1876 3840; x_wconf 85' lang='grc' dir='ltr'>θεότητος</span> 
     </span>
    </p>
   </div>
   <div class='ocr_carea' id='block_1_74' title="bbox 290 3856 1875 3929">
    <p class='ocr_par' dir='ltr' id='par_1_74' title="bbox 290 3856 1875 3929">
     <span class='ocr_line' id='line_1_74' title="bbox 290 3856 1875 3929; baseline -0.001 -18"><span class='ocrx_word' id='word_1_592' title='bbox 290 3858 655 3929; x_wconf 81' lang='grc' dir='ltr'>σωματικῶς,</span> <span class='ocrx_word' id='word_1_593' title='bbox 690 3856 831 3910; x_wconf 84' lang='grc' dir='ltr'>κατὰ</span> <span class='ocrx_word' id='word_1_594' title='bbox 874 3856 973 3927; x_wconf 77' lang='grc' dir='ltr'>τὴν</span> <span class='ocrx_word' id='word_1_595' title='bbox 1015 3857 1111 3911; x_wconf 82' lang='grc' dir='ltr'>τοῦ</span> <span class='ocrx_word' id='word_1_596' title='bbox 1162 3859 1375 3910; x_wconf 80' lang='grc' dir='ltr'>Παύλου</span> <span class='ocrx_word' id='word_1_597' title='bbox 1430 3860 1634 3927; x_wconf 75' lang='grc' dir='ltr'>φωνήν.</span> <span class='ocrx_word' id='word_1_598' title='bbox 1667 3856 1875 3909; x_wconf 78' lang='grc' dir='ltr'>Οὐκοῦν</span> 
     </span>
    </p>
   </div>
   <div class='ocr_carea' id='block_1_75' title="bbox 289 3945 1875 4019">
    <p class='ocr_par' dir='ltr' id='par_1_75' title="bbox 289 3945 1875 4019">
     <span class='ocr_line' id='line_1_75' title="bbox 289 3945 1875 4019; baseline -0.003 -18"><span class='ocrx_word' id='word_1_599' title='bbox 289 3951 597 4019; x_wconf 78' lang='grc' dir='ltr'>ἐπειδήπερ</span> <span class='ocrx_word' id='word_1_600' title='bbox 628 3951 657 4001; x_wconf 86' lang='grc' dir='ltr'><strong>ὁ</strong></span> <span class='ocrx_word' id='word_1_601' title='bbox 686 3948 859 4016; x_wconf 89' lang='grc' dir='ltr'>Λόγος</span> <span class='ocrx_word' id='word_1_602' title='bbox 892 3949 1030 4019; x_wconf 76' lang='grc' dir='ltr'>σὰρξ</span> <span class='ocrx_word' id='word_1_603' title='bbox 1063 3948 1301 4016; x_wconf 79' lang='grc' dir='ltr'>ἐγένετο,</span> <span class='ocrx_word' id='word_1_604' title='bbox 1341 3948 1522 4018; x_wconf 86' lang='grc' dir='ltr'>τίθησι</span> <span class='ocrx_word' id='word_1_605' title='bbox 1558 3947 1685 4017; x_wconf 72' lang='grc' dir='ltr'>περὶ</span> <span class='ocrx_word' id='word_1_606' title='bbox 1712 3945 1875 4000; x_wconf 74' lang='grc' dir='ltr'>αὐτοῦ</span> 
     </span>
    </p>
   </div>
   <div class='ocr_carea' id='block_1_76' title="bbox 291 4042 1873 4114">
    <p class='ocr_par' dir='ltr' id='par_1_76' title="bbox 291 4042 1873 4114">
     <span class='ocr_line' id='line_1_76' title="bbox 291 4042 1873 4114; baseline 0.001 -19"><span class='ocrx_word' id='word_1_607' title='bbox 291 4045 369 4105; x_wconf 76' lang='grc' dir='ltr'><strong>τὸ,</strong></span> <span class='ocrx_word' id='word_1_608' title='bbox 411 4064 433 4096; x_wconf 74' lang='grc' dir='ltr'><strong>ι</strong></span> <span class='ocrx_word' id='word_1_609' title='bbox 464 4044 645 4096; x_wconf 79' lang='grc' dir='ltr'>ἕκτισέ</span> <span class='ocrx_word' id='word_1_610' title='bbox 681 4060 769 4112; x_wconf 90' lang='grc' dir='ltr'><strong>με,</strong></span> <span class='ocrx_word' id='word_1_611' title='bbox 812 4062 830 4094; x_wconf 78' lang='grc' dir='ltr'><strong>ι</strong></span> <span class='ocrx_word' id='word_1_612' title='bbox 869 4044 903 4113; x_wconf 80' lang='grc' dir='ltr'><strong>ἡ</strong></span> <span class='ocrx_word' id='word_1_613' title='bbox 930 4042 1049 4095; x_wconf 88' lang='grc' dir='ltr'>θεία</span> <span class='ocrx_word' id='word_1_614' title='bbox 1077 4044 1291 4114; x_wconf 80' lang='grc' dir='ltr'>Γραφὴ,</span> <span class='ocrx_word' id='word_1_615' title='bbox 1325 4045 1460 4097; x_wconf 75' lang='grc' dir='ltr'>καθὸ</span> <span class='ocrx_word' id='word_1_616' title='bbox 1489 4044 1678 4113; x_wconf 80' lang='grc' dir='ltr'>γέγονε</span> <span class='ocrx_word' id='word_1_617' title='bbox 1709 4043 1873 4114; x_wconf 53' lang='grc' dir='ltr'>σάρξ</span> 
     </span>
    </p>
   </div>
   <div class='ocr_carea' id='block_1_77' title="bbox 292 4133 1442 4205">
    <p class='ocr_par' dir='ltr' id='par_1_77' title="bbox 292 4133 1442 4205">
     <span class='ocr_line' id='line_1_77' title="bbox 292 4133 1442 4205; baseline 0 -16"><span class='ocrx_word' id='word_1_618' title='bbox 292 4138 389 4189; x_wconf 70' lang='grc' dir='ltr'><strong>καὶ</strong></span> <span class='ocrx_word' id='word_1_619' title='bbox 426 4135 604 4199; x_wconf 79' lang='grc' dir='ltr'>οὕτως</span> <span class='ocrx_word' id='word_1_620' title='bbox 637 4135 873 4190; x_wconf 85' lang='grc' dir='ltr'>νοεῖσθαι</span> <span class='ocrx_word' id='word_1_621' title='bbox 907 4133 1013 4205; x_wconf 83' lang='grc' dir='ltr'><strong>χρὴ</strong></span> <span class='ocrx_word' id='word_1_622' title='bbox 1044 4134 1105 4187; x_wconf 84' lang='grc' dir='ltr'><strong>τὸ</strong></span> <span class='ocrx_word' id='word_1_623' title='bbox 1136 4135 1442 4205; x_wconf 85' lang='grc' dir='ltr'>λεγόμενον.</span> 
     </span>
    </p>
   </div>
   <div class='ocr_carea' id='block_1_78' title="bbox 292 4290 1875 4361">
    <p class='ocr_par' dir='ltr' id='par_1_78' title="bbox 292 4290 1875 4361">
     <span class='ocr_line' id='line_1_78' title="bbox 292 4290 1875 4361; baseline 0.003 -18"><span class='ocrx_word' id='word_1_624' title='bbox 292 4291 512 4352; x_wconf 75' lang='grc' dir='ltr'>ΑΛΛΟ,</span> <span class='ocrx_word' id='word_1_625' title='bbox 548 4290 685 4361; x_wconf 27' lang='grc' dir='ltr'>-Ὃτι</span> <span class='ocrx_word' id='word_1_626' title='bbox 722 4290 809 4361; x_wconf 69' lang='grc' dir='ltr'>τό.</span> <span class='ocrx_word' id='word_1_627' title='bbox 857 4307 876 4341; x_wconf 75' lang='grc' dir='ltr'><strong>ε</strong></span> <span class='ocrx_word' id='word_1_628' title='bbox 922 4292 1123 4343; x_wconf 74' lang='grc' dir='ltr'>ἐκτισέ</span> <span class='ocrx_word' id='word_1_629' title='bbox 1156 4306 1252 4357; x_wconf 83' lang='grc' dir='ltr'><strong>με,</strong></span> <span class='ocrx_word' id='word_1_630' title='bbox 1307 4308 1325 4339; x_wconf 74' lang='grc' dir='ltr'><strong>ι</strong></span> <span class='ocrx_word' id='word_1_631' title='bbox 1366 4290 1875 4361; x_wconf 15' lang='grc' dir='ltr'>μόνοννκείμενον,</span> 
     </span>
    </p>
   </div>
   <div class='ocr_carea' id='block_1_79' title="bbox 1972 3130 3539 3207">
    <p class='ocr_par' dir='ltr' id='par_1_79' title="bbox 1972 3130 3539 3207">
     <span class='ocr_line' id='line_1_79' title="bbox 1972 3130 3539 3207; baseline -0.003 -19"><span class='ocrx_word' id='word_1_632' title='bbox 1972 3136 2172 3207; x_wconf 86' lang='lat' dir='ltr'><strong>pientia</strong></span> <span class='ocrx_word' id='word_1_633' title='bbox 2217 3144 2298 3188; x_wconf 91' lang='lat' dir='ltr'><strong>est</strong></span> <span class='ocrx_word' id='word_1_634' title='bbox 2331 3131 2564 3187; x_wconf 84' lang='lat' dir='ltr'><strong>Verbum</strong></span> <span class='ocrx_word' id='word_1_635' title='bbox 2604 3130 2719 3196; x_wconf 89' lang='lat' dir='ltr'><strong>Dei,</strong></span> <span class='ocrx_word' id='word_1_636' title='bbox 2762 3130 3096 3200; x_wconf 69' lang='lat' dir='ltr'><strong>aadilicatque</strong></span> <span class='ocrx_word' id='word_1_637' title='bbox 3142 3130 3241 3185; x_wconf 91' lang='lat' dir='ltr'><strong>sibi</strong></span> <span class='ocrx_word' id='word_1_638' title='bbox 3296 3131 3394 3199; x_wconf 90' lang='lat' dir='ltr'><strong>ipsi</strong></span> <span class='ocrx_word' id='word_1_639' title='bbox 3440 3132 3539 3185; x_wconf 83' lang='lat' dir='ltr'><strong>do-</strong></span> 
     </span>
    </p>
   </div>
   <div class='ocr_carea' id='block_1_80' title="bbox 1973 3222 3542 3294">
    <p class='ocr_par' dir='ltr' id='par_1_80' title="bbox 1973 3222 3542 3294">
     <span class='ocr_line' id='line_1_80' title="bbox 1973 3222 3542 3294; baseline -0.003 -13"><span class='ocrx_word' id='word_1_640' title='bbox 1973 3244 2141 3290; x_wconf 88' lang='lat' dir='ltr'><strong>mum,</strong></span> <span class='ocrx_word' id='word_1_641' title='bbox 2172 3239 2405 3294; x_wconf 87' lang='lat' dir='ltr'><strong>quonam</strong></span> <span class='ocrx_word' id='word_1_642' title='bbox 2443 3222 2594 3286; x_wconf 90' lang='lat' dir='ltr'><strong>illud,</strong></span> <span class='ocrx_word' id='word_1_643' title='bbox 2631 3240 2649 3273; x_wconf 78' lang='grc' dir='ltr'><strong>ι</strong></span> <span class='ocrx_word' id='word_1_644' title='bbox 2680 3222 2885 3277; x_wconf 88' lang='lat' dir='ltr'><strong>creavit</strong></span> <span class='ocrx_word' id='word_1_645' title='bbox 2916 3238 3021 3287; x_wconf 87' lang='lat' dir='ltr'><strong>me,</strong></span> <span class='ocrx_word' id='word_1_646' title='bbox 3061 3241 3078 3272; x_wconf 88' lang='grc'><strong>›</strong></span> <span class='ocrx_word' id='word_1_647' title='bbox 3116 3223 3396 3291; x_wconf 82' lang='lat' dir='ltr'><strong>pertineat,</strong></span> <span class='ocrx_word' id='word_1_648' title='bbox 3427 3239 3542 3279; x_wconf 81' lang='lat' dir='ltr'><strong>me-</strong></span> 
     </span>
    </p>
   </div>
   <div class='ocr_carea' id='block_1_81' title="bbox 1973 3314 3542 3389">
    <p class='ocr_par' dir='ltr' id='par_1_81' title="bbox 1973 3314 3542 3389">
     <span class='ocr_line' id='line_1_81' title="bbox 1973 3314 3542 3389; baseline -0.004 -16"><span class='ocrx_word' id='word_1_649' title='bbox 1973 3321 2078 3374; x_wconf 87' lang='lat' dir='ltr'><strong>rito</strong></span> <span class='ocrx_word' id='word_1_650' title='bbox 2100 3318 2269 3389; x_wconf 65' lang='lat' dir='ltr'><strong>quaeri</strong></span> <span class='ocrx_word' id='word_1_651' title='bbox 2298 3323 2493 3385; x_wconf 90' lang='lat' dir='ltr'><strong>potest.</strong></span> <span class='ocrx_word' id='word_1_652' title='bbox 2518 3314 2769 3369; x_wconf 88' lang='lat' dir='ltr'><strong>Christus</strong></span> <span class='ocrx_word' id='word_1_653' title='bbox 2804 3314 2987 3384; x_wconf 85' lang='lat' dir='ltr'><strong>itaque</strong></span> <span class='ocrx_word' id='word_1_654' title='bbox 3023 3323 3104 3369; x_wconf 88' lang='lat' dir='ltr'><strong>est</strong></span> <span class='ocrx_word' id='word_1_655' title='bbox 3136 3314 3225 3384; x_wconf 90' lang='lat' dir='ltr'><strong>qni</strong></span> <span class='ocrx_word' id='word_1_656' title='bbox 3263 3316 3365 3369; x_wconf 92' lang='lat' dir='ltr'><strong>hoc</strong></span> <span class='ocrx_word' id='word_1_657' title='bbox 3388 3315 3542 3381; x_wconf 88' lang='lat' dir='ltr'><strong>dicit,</strong></span> 
     </span>
    </p>
   </div>
   <div class='ocr_carea' id='block_1_82' title="bbox 1975 3404 3546 3478">
    <p class='ocr_par' dir='ltr' id='par_1_82' title="bbox 1975 3404 3546 3478">
     <span class='ocr_line' id='line_1_82' title="bbox 1975 3404 3546 3478; baseline -0.002 -15"><span class='ocrx_word' id='word_1_658' title='bbox 1975 3419 2158 3478; x_wconf 92' lang='lat' dir='ltr'><strong>utpote</strong></span> <span class='ocrx_word' id='word_1_659' title='bbox 2180 3408 2287 3477; x_wconf 87' lang='lat' dir='ltr'><strong>jam</strong></span> <span class='ocrx_word' id='word_1_660' title='bbox 2315 3417 2472 3462; x_wconf 86' lang='lat' dir='ltr'><strong>natus</strong></span> <span class='ocrx_word' id='word_1_661' title='bbox 2502 3415 2556 3460; x_wconf 91' lang='lat' dir='ltr'><strong>et</strong></span> <span class='ocrx_word' id='word_1_662' title='bbox 2584 3406 2745 3461; x_wconf 90' lang='lat' dir='ltr'><strong>homo</strong></span> <span class='ocrx_word' id='word_1_663' title='bbox 2774 3404 2951 3459; x_wconf 86' lang='lat' dir='ltr'><strong>l‘actus</strong></span> <span class='ocrx_word' id='word_1_664' title='bbox 2978 3424 2989 3457; x_wconf 91' lang='lat'>:</span> <span class='ocrx_word' id='word_1_665' title='bbox 3021 3406 3087 3459; x_wconf 91' lang='lat' dir='ltr'><strong>de</strong></span> <span class='ocrx_word' id='word_1_666' title='bbox 3118 3420 3223 3473; x_wconf 90' lang='lat' dir='ltr'><strong>quo</strong></span> <span class='ocrx_word' id='word_1_667' title='bbox 3249 3414 3305 3459; x_wconf 92' lang='lat' dir='ltr'><strong>ut</strong></span> <span class='ocrx_word' id='word_1_668' title='bbox 3331 3406 3546 3460; x_wconf 90' lang='lat' dir='ltr'><strong>homine</strong></span> 
     </span>
    </p>
   </div>
   <div class='ocr_carea' id='block_1_83' title="bbox 1975 3496 3545 3567">
    <p class='ocr_par' dir='ltr' id='par_1_83' title="bbox 1975 3496 3545 3567">
     <span class='ocr_line' id='line_1_83' title="bbox 1975 3496 3545 3567; baseline -0.002 -14"><span class='ocrx_word' id='word_1_669' title='bbox 1975 3500 2127 3564; x_wconf 89' lang='lat' dir='ltr'><strong>illud,</strong></span> <span class='ocrx_word' id='word_1_670' title='bbox 2156 3518 2175 3550; x_wconf 78' lang='grc' dir='ltr'><strong>ι</strong></span> <span class='ocrx_word' id='word_1_671' title='bbox 2207 3501 2417 3555; x_wconf 87' lang='lat' dir='ltr'><strong>creavit</strong></span> <span class='ocrx_word' id='word_1_672' title='bbox 2444 3512 2549 3563; x_wconf 91' lang='lat' dir='ltr'><strong>me,</strong></span> <span class='ocrx_word' id='word_1_673' title='bbox 2580 3516 2599 3550; x_wconf 84' lang='grc'><strong>›</strong></span> <span class='ocrx_word' id='word_1_674' title='bbox 2632 3498 2767 3552; x_wconf 89' lang='lat' dir='ltr'><strong>citra</strong></span> <span class='ocrx_word' id='word_1_675' title='bbox 2803 3496 3189 3566; x_wconf 89' lang='lat' dir='ltr'><strong>blasphemiam</strong></span> <span class='ocrx_word' id='word_1_676' title='bbox 3220 3497 3323 3551; x_wconf 90' lang='lat' dir='ltr'><strong>dici</strong></span> <span class='ocrx_word' id='word_1_677' title='bbox 3348 3506 3545 3567; x_wconf 88' lang='lat' dir='ltr'><strong>potest.</strong></span> 
     </span>
    </p>
   </div>
   <div class='ocr_carea' id='block_1_84' title="bbox 1976 3587 3546 3657">
    <p class='ocr_par' dir='ltr' id='par_1_84' title="bbox 1976 3587 3546 3657">
     <span class='ocr_line' id='line_1_84' title="bbox 1976 3587 3546 3657; baseline -0.004 -12"><span class='ocrx_word' id='word_1_678' title='bbox 1976 3592 2138 3645; x_wconf 87' lang='lat' dir='ltr'><strong>Facta</strong></span> <span class='ocrx_word' id='word_1_679' title='bbox 2179 3601 2264 3646; x_wconf 92' lang='lat' dir='ltr'><strong>est</strong></span> <span class='ocrx_word' id='word_1_680' title='bbox 2305 3600 2486 3644; x_wconf 89' lang='lat' dir='ltr'><strong>autem</strong></span> <span class='ocrx_word' id='word_1_681' title='bbox 2514 3590 2707 3643; x_wconf 86' lang='lat' dir='ltr'><strong>domus</strong></span> <span class='ocrx_word' id='word_1_682' title='bbox 2742 3587 3021 3657; x_wconf 56' lang='lat' dir='ltr'><strong>sapientia</strong></span> <span class='ocrx_word' id='word_1_683' title='bbox 3062 3601 3090 3638; x_wconf 88' lang='lat' dir='ltr'><strong>a</strong></span> <span class='ocrx_word' id='word_1_684' title='bbox 3136 3600 3194 3640; x_wconf 90' lang='lat' dir='ltr'><strong>se</strong></span> <span class='ocrx_word' id='word_1_685' title='bbox 3240 3596 3546 3641; x_wconf 88' lang='lat' dir='ltr'><strong>constructa</strong></span> 
     </span>
    </p>
   </div>
   <div class='ocr_carea' id='block_1_85' title="bbox 1977 3675 3545 3747">
    <p class='ocr_par' dir='ltr' id='par_1_85' title="bbox 1977 3675 3545 3747">
     <span class='ocr_line' id='line_1_85' title="bbox 1977 3675 3545 3747; baseline -0.006 -10"><span class='ocrx_word' id='word_1_686' title='bbox 1977 3696 2260 3737; x_wconf 86' lang='lat' dir='ltr'><strong>commune</strong></span> <span class='ocrx_word' id='word_1_687' title='bbox 2299 3681 2401 3734; x_wconf 93' lang='lat' dir='ltr'><strong>hoc</strong></span> <span class='ocrx_word' id='word_1_688' title='bbox 2432 3694 2629 3747; x_wconf 90' lang='lat' dir='ltr'><strong>corpus</strong></span> <span class='ocrx_word' id='word_1_689' title='bbox 2669 3693 2733 3733; x_wconf 77' lang='lat' dir='ltr'><strong>ex</strong></span> <span class='ocrx_word' id='word_1_690' title='bbox 2771 3686 2956 3731; x_wconf 88' lang='lat' dir='ltr'><strong>sancta</strong></span> <span class='ocrx_word' id='word_1_691' title='bbox 2989 3675 3209 3743; x_wconf 80' lang='lat' dir='ltr'><strong>Virgine</strong></span> <span class='ocrx_word' id='word_1_692' title='bbox 3246 3685 3447 3739; x_wconf 89' lang='lat' dir='ltr'><strong>natum,</strong></span> <span class='ocrx_word' id='word_1_693' title='bbox 3492 3675 3545 3728; x_wconf 88' lang='lat' dir='ltr'><strong>in</strong></span> 
     </span>
    </p>
   </div>
   <div class='ocr_carea' id='block_1_86' title="bbox 1977 3765 3549 3843">
    <p class='ocr_par' dir='ltr' id='par_1_86' title="bbox 1977 3765 3549 3843">
     <span class='ocr_line' id='line_1_86' title="bbox 1977 3765 3549 3843; baseline -0.006 -16"><span class='ocrx_word' id='word_1_694' title='bbox 1977 3787 2083 3843; x_wconf 92' lang='lat' dir='ltr'><strong>quo</strong></span> <span class='ocrx_word' id='word_1_695' title='bbox 2113 3772 2332 3839; x_wconf 81' lang='lat' dir='ltr'><strong>dignata</strong></span> <span class='ocrx_word' id='word_1_696' title='bbox 2364 3778 2452 3824; x_wconf 90' lang='lat' dir='ltr'><strong>est</strong></span> <span class='ocrx_word' id='word_1_697' title='bbox 2482 3769 2730 3821; x_wconf 83' lang='lat' dir='ltr'><strong>habitare</strong></span> <span class='ocrx_word' id='word_1_698' title='bbox 2763 3766 2921 3837; x_wconf 76' lang='lat'><strong>156</strong></span> <span class='ocrx_word' id='word_1_699' title='bbox 2944 3766 3217 3834; x_wconf 87' lang='lat' dir='ltr'><strong>plenitudo</strong></span> <span class='ocrx_word' id='word_1_700' title='bbox 3251 3765 3549 3818; x_wconf 87' lang='lat' dir='ltr'><strong>divinitatis</strong></span> 
     </span>
    </p>
   </div>
   <div class='ocr_carea' id='block_1_87' title="bbox 1978 3853 3548 3932">
    <p class='ocr_par' dir='ltr' id='par_1_87' title="bbox 1978 3853 3548 3932">
     <span class='ocr_line' id='line_1_87' title="bbox 1978 3853 3548 3932; baseline -0.009 -13"><span class='ocrx_word' id='word_1_701' title='bbox 1978 3861 2354 3932; x_wconf 88' lang='lat' dir='ltr'><strong>corporaliter,</strong></span> <span class='ocrx_word' id='word_1_702' title='bbox 2392 3859 2543 3926; x_wconf 77' lang='lat' dir='ltr'><strong>juxta</strong></span> <span class='ocrx_word' id='word_1_703' title='bbox 2585 3857 2731 3911; x_wconf 87' lang='lat' dir='ltr'><strong>Pauli</strong></span> <span class='ocrx_word' id='word_1_704' title='bbox 2758 3872 2941 3910; x_wconf 90' lang='lat' dir='ltr'><strong>vocem</strong></span> <span class='ocrx_word' id='word_1_705' title='bbox 2965 3855 3050 3907; x_wconf 80' lang='lat'><strong>“‘.</strong></span> <span class='ocrx_word' id='word_1_706' title='bbox 3072 3854 3203 3909; x_wconf 85' lang='lat' dir='ltr'><strong>Cum</strong></span> <span class='ocrx_word' id='word_1_707' title='bbox 3231 3855 3395 3920; x_wconf 80' lang='lat' dir='ltr'><strong>igitur</strong></span> <span class='ocrx_word' id='word_1_708' title='bbox 3416 3853 3548 3906; x_wconf 90' lang='lat' dir='ltr'><strong>Ver-</strong></span> 
     </span>
    </p>
   </div>
   <div class='ocr_carea' id='block_1_88' title="bbox 1978 3941 3545 4012">
    <p class='ocr_par' dir='ltr' id='par_1_88' title="bbox 1978 3941 3545 4012">
     <span class='ocr_line' id='line_1_88' title="bbox 1978 3941 3545 4012; baseline -0.01 -5"><span class='ocrx_word' id='word_1_709' title='bbox 1978 3956 2103 4008; x_wconf 91' lang='lat' dir='ltr'><strong>bum</strong></span> <span class='ocrx_word' id='word_1_710' title='bbox 2144 3965 2271 4004; x_wconf 87' lang='lat' dir='ltr'><strong>caro</strong></span> <span class='ocrx_word' id='word_1_711' title='bbox 2308 3950 2507 4003; x_wconf 79' lang='lat' dir='ltr'><strong>factum</strong></span> <span class='ocrx_word' id='word_1_712' title='bbox 2546 3947 2638 4011; x_wconf 90' lang='lat' dir='ltr'><strong>sit,</strong></span> <span class='ocrx_word' id='word_1_713' title='bbox 2674 3946 2740 4000; x_wconf 91' lang='lat' dir='ltr'><strong>de</strong></span> <span class='ocrx_word' id='word_1_714' title='bbox 2775 3945 2891 4012; x_wconf 91' lang='lat' dir='ltr'><strong>ipso</strong></span> <span class='ocrx_word' id='word_1_715' title='bbox 2922 3943 3051 3997; x_wconf 90' lang='lat' dir='ltr'><strong>dicit</strong></span> <span class='ocrx_word' id='word_1_716' title='bbox 3078 3958 3231 3994; x_wconf 87' lang='lat' dir='ltr'><strong>sacra</strong></span> <span class='ocrx_word' id='word_1_717' title='bbox 3269 3941 3545 4009; x_wconf 86' lang='lat' dir='ltr'><strong>Scriptura</strong></span> 
     </span>
    </p>
   </div>
   <div class='ocr_carea' id='block_1_89' title="bbox 1980 4033 3546 4105">
    <p class='ocr_par' dir='ltr' id='par_1_89' title="bbox 1980 4033 3546 4105">
     <span class='ocr_line' id='line_1_89' title="bbox 1980 4033 3546 4105; baseline -0.008 -7"><span class='ocrx_word' id='word_1_718' title='bbox 1980 4044 2128 4099; x_wconf 91' lang='lat' dir='ltr'><strong>illud.</strong></span> <span class='ocrx_word' id='word_1_719' title='bbox 2176 4061 2195 4093; x_wconf 76' lang='grc' dir='ltr'><strong>ι</strong></span> <span class='ocrx_word' id='word_1_720' title='bbox 2240 4040 2442 4095; x_wconf 85' lang='lat' dir='ltr'><strong>creavit</strong></span> <span class='ocrx_word' id='word_1_721' title='bbox 2488 4054 2595 4100; x_wconf 87' lang='lat' dir='ltr'><strong>me,</strong></span> <span class='ocrx_word' id='word_1_722' title='bbox 2631 4056 2649 4089; x_wconf 74' lang='grc' dir='ltr'><strong>ι</strong></span> <span class='ocrx_word' id='word_1_723' title='bbox 2696 4043 2963 4105; x_wconf 90' lang='lat' dir='ltr'><strong>quatenus</strong></span> <span class='ocrx_word' id='word_1_724' title='bbox 3020 4033 3195 4088; x_wconf 79' lang='lat' dir='ltr'><strong>factus</strong></span> <span class='ocrx_word' id='word_1_725' title='bbox 3245 4042 3324 4087; x_wconf 89' lang='lat' dir='ltr'><strong>est</strong></span> <span class='ocrx_word' id='word_1_726' title='bbox 3373 4034 3546 4086; x_wconf 78' lang='lat' dir='ltr'><strong>caro:</strong></span> 
     </span>
    </p>
   </div>
   <div class='ocr_carea' id='block_1_90' title="bbox 1981 4124 3005 4202">
    <p class='ocr_par' dir='ltr' id='par_1_90' title="bbox 1981 4124 3005 4202">
     <span class='ocr_line' id='line_1_90' title="bbox 1981 4124 3005 4202; baseline -0.01 -13"><span class='ocrx_word' id='word_1_727' title='bbox 1981 4136 2163 4202; x_wconf 88' lang='lat' dir='ltr'><strong>itaque</strong></span> <span class='ocrx_word' id='word_1_728' title='bbox 2191 4131 2291 4185; x_wconf 93' lang='lat' dir='ltr'><strong>hoc</strong></span> <span class='ocrx_word' id='word_1_729' title='bbox 2326 4130 2527 4185; x_wconf 86' lang='lat' dir='ltr'><strong>dictum</strong></span> <span class='ocrx_word' id='word_1_730' title='bbox 2556 4126 2795 4199; x_wconf 75' lang='lat' dir='ltr'><strong>intelligi</strong></span> <span class='ocrx_word' id='word_1_731' title='bbox 2823 4124 3005 4180; x_wconf 87' lang='lat' dir='ltr'><strong>debet.</strong></span> 
     </span>
    </p>
   </div>
   <div class='ocr_carea' id='block_1_91' title="bbox 1982 4282 3545 4353">
    <p class='ocr_par' dir='ltr' id='par_1_91' title="bbox 1982 4282 3545 4353">
     <span class='ocr_line' id='line_1_91' title="bbox 1982 4282 3545 4353; baseline -0.01 -5"><span class='ocrx_word' id='word_1_732' title='bbox 1982 4291 2213 4353; x_wconf 86' lang='lat' dir='ltr'><strong>ALIUD,</strong></span> <span class='ocrx_word' id='word_1_733' title='bbox 2250 4289 2401 4353; x_wconf 80' lang='lat' dir='ltr'><strong>Quod</strong></span> <span class='ocrx_word' id='word_1_734' title='bbox 2448 4288 2543 4339; x_wconf 80' lang='lat' dir='ltr'><strong>hoc</strong></span> <span class='ocrx_word' id='word_1_735' title='bbox 2596 4285 2763 4337; x_wconf 77' lang='lat' dir='ltr'><strong>solum</strong></span> <span class='ocrx_word' id='word_1_736' title='bbox 2806 4283 3053 4353; x_wconf 70' lang='lat' dir='ltr'><strong>positum,</strong></span> <span class='ocrx_word' id='word_1_737' title='bbox 3100 4299 3118 4332; x_wconf 78' lang='grc' dir='ltr'><strong>ι</strong></span> <span class='ocrx_word' id='word_1_738' title='bbox 3157 4282 3347 4334; x_wconf 80' lang='lat' dir='ltr'><strong>crearit</strong></span> <span class='ocrx_word' id='word_1_739' title='bbox 3392 4297 3493 4353; x_wconf 10' lang='lat' dir='ltr'><strong>nire,</strong></span> <span class='ocrx_word' id='word_1_740' title='bbox 3527 4299 3545 4332; x_wconf 76' lang='grc' dir='ltr'><strong>ι</strong></span> 
     </span>
    </p>
   </div>
   <div class='ocr_carea' id='block_1_92' title="bbox 364 4352 1868 4442">
    <p class='ocr_par' dir='ltr' id='par_1_92' title="bbox 364 4352 1868 4442">
     <span class='ocr_line' id='line_1_92' title="bbox 364 4352 1868 4442; baseline 0.003 -30"><span class='ocrx_word' id='word_1_741' title='bbox 364 4363 446 4412; x_wconf 72' lang='grc' dir='ltr'>εὑ</span> <span class='ocrx_word' id='word_1_742' title='bbox 476 4359 713 4442; x_wconf 59' lang='grc' dir='ltr'>πὰξτως</span> <span class='ocrx_word' id='word_1_743' title='bbox 733 4359 848 4424; x_wconf 76' lang='grc' dir='ltr'><strong>τὴν</strong></span> <span class='ocrx_word' id='word_1_744' title='bbox 876 4361 1073 4438; x_wconf 60' lang='lat' dir='ltr'><strong>aitlar</strong></span> <span class='ocrx_word' id='word_1_745' title='bbox 1096 4352 1396 4442; x_wconf 59' lang='grc' dir='ltr'>σῂμᾱίγεὶ,</span> <span class='ocrx_word' id='word_1_746' title='bbox 1429 4352 1731 4442; x_wconf 40' lang='lat' dir='ltr'><strong>(Uiuri-pur</strong></span> <span class='ocrx_word' id='word_1_747' title='bbox 1757 4352 1868 4418; x_wconf 66' lang='grc' dir='ltr'><strong>ἀπὸ</strong></span> 
     </span>
    </p>
   </div>
   <div class='ocr_carea' id='block_1_93' title="bbox 1971 4352 3551 4442">
    <p class='ocr_par' dir='ltr' id='par_1_93' title="bbox 2053 4352 3551 4442">
     <span class='ocr_line' id='line_1_93' title="bbox 2053 4352 3551 4442; baseline -0.009 -26"><span class='ocrx_word' id='word_1_748' title='bbox 2053 4380 2155 4416; x_wconf 90' lang='lat' dir='ltr'><strong>non</strong></span> <span class='ocrx_word' id='word_1_749' title='bbox 2185 4362 2236 4414; x_wconf 84' lang='lat' dir='ltr'><strong>in</strong></span> <span class='ocrx_word' id='word_1_750' title='bbox 2266 4352 2565 4442; x_wconf 57' lang='lat' dir='ltr'><strong>universum</strong></span> <span class='ocrx_word' id='word_1_751' title='bbox 2592 4369 2804 4406; x_wconf 78' lang='lat' dir='ltr'><strong>causam</strong></span> <span class='ocrx_word' id='word_1_752' title='bbox 2838 4352 3118 4442; x_wconf 62' lang='lat' dir='ltr'><strong>signiﬁcat,</strong></span> <span class='ocrx_word' id='word_1_753' title='bbox 3146 4354 3244 4433; x_wconf 43' lang='grc' dir='ltr'>,θεά</span> <span class='ocrx_word' id='word_1_754' title='bbox 3277 4368 3341 4442; x_wconf 60' lang='lat' dir='ltr'><strong>ea:</strong></span> <span class='ocrx_word' id='word_1_755' title='bbox 3375 4352 3551 4442; x_wconf 44' lang='lat' dir='ltr'><strong>oliqlna</strong></span> 
     </span>
    </p>
   </div>
   <div class='ocr_carea' id='block_1_94' title="bbox 362 4428 1879 4498">
    <p class='ocr_par' dir='ltr' id='par_1_94' title="bbox 362 4428 1879 4498">
     <span class='ocr_line' id='line_1_94' title="bbox 362 4428 1879 4498; baseline 0.002 -16"><span class='ocrx_word' id='word_1_756' title='bbox 362 4447 536 4493; x_wconf 80' lang='grc' dir='ltr'>τινος</span> <span class='ocrx_word' id='word_1_757' title='bbox 559 4428 688 4494; x_wconf 80' lang='grc' dir='ltr'>ἤτοι</span> <span class='ocrx_word' id='word_1_758' title='bbox 718 4428 1158 4498; x_wconf 15' lang='grc' dir='ltr'>κατασκευνῆςίῆ</span> <span class='ocrx_word' id='word_1_759' title='bbox 1189 4428 1527 4497; x_wconf 57' lang='grc' dir='ltr'>πράγματος</span> <span class='ocrx_word' id='word_1_760' title='bbox 1557 4434 1643 4496; x_wconf 76' lang='grc' dir='ltr'>εἰς</span> <span class='ocrx_word' id='word_1_761' title='bbox 1675 4432 1793 4498; x_wconf 65' lang='lat' dir='ltr'><strong>Eri-:1</strong></span> <span class='ocrx_word' id='word_1_762' title='bbox 1808 4436 1879 4485; x_wconf 72' lang='grc' dir='ltr'>όν</span> 
     </span>
    </p>
   </div>
   <div class='ocr_carea' id='block_1_95' title="bbox 364 4497 1880 4565">
    <p class='ocr_par' dir='ltr' id='par_1_95' title="bbox 364 4497 1880 4565">
     <span class='ocr_line' id='line_1_95' title="bbox 364 4497 1880 4565; baseline 0.003 -15"><span class='ocrx_word' id='word_1_763' title='bbox 364 4517 423 4550; x_wconf 86' lang='grc' dir='ltr'><strong>τι</strong></span> <span class='ocrx_word' id='word_1_764' title='bbox 459 4498 1060 4565; x_wconf 78' lang='grc' dir='ltr'>μετάστασιν.Ἕστω</span> <span class='ocrx_word' id='word_1_765' title='bbox 1088 4497 1177 4557; x_wconf 80' lang='grc' dir='ltr'>δὲ,</span> <span class='ocrx_word' id='word_1_766' title='bbox 1205 4500 1256 4549; x_wconf 83' lang='grc' dir='ltr'>εἰ</span> <span class='ocrx_word' id='word_1_767' title='bbox 1280 4500 1516 4565; x_wconf 79' lang='grc' dir='ltr'>βούλει,</span> <span class='ocrx_word' id='word_1_768' title='bbox 1544 4502 1633 4565; x_wconf 83' lang='grc' dir='ltr'>τὸ,</span> <span class='ocrx_word' id='word_1_769' title='bbox 1667 4519 1685 4551; x_wconf 78' lang='grc' dir='ltr'><strong>ι</strong></span> <span class='ocrx_word' id='word_1_770' title='bbox 1727 4503 1880 4555; x_wconf 68' lang='lat' dir='ltr'><strong>Extr-</strong></span> 
     </span>
    </p>
   </div>
   <div class='ocr_carea' id='block_1_96' title="bbox 366 4567 1396 4635">
    <p class='ocr_par' dir='ltr' id='par_1_96' title="bbox 366 4567 1396 4635">
     <span class='ocr_line' id='line_1_96' title="bbox 366 4567 1396 4635; baseline 0.001 -14"><span class='ocrx_word' id='word_1_771' title='bbox 366 4584 511 4631; x_wconf 81' lang='grc' dir='ltr'>σεν,</span> <span class='ocrx_word' id='word_1_772' title='bbox 546 4587 565 4619; x_wconf 76' lang='grc' dir='ltr'><strong>ι</strong></span> <span class='ocrx_word' id='word_1_773' title='bbox 600 4567 951 4635; x_wconf 83' lang='grc' dir='ltr'>ἀδιορίστως</span> <span class='ocrx_word' id='word_1_774' title='bbox 990 4568 1088 4621; x_wconf 84' lang='grc' dir='ltr'><strong>ἐπὶ</strong></span> <span class='ocrx_word' id='word_1_775' title='bbox 1120 4568 1396 4635; x_wconf 77' lang='grc' dir='ltr'>Χριστοῦ.</span> 
     </span>
    </p>
   </div>
   <div class='ocr_carea' id='block_1_97' title="bbox 376 4680 1881 4751">
    <p class='ocr_par' dir='ltr' id='par_1_97' title="bbox 376 4680 1881 4751">
     <span class='ocr_line' id='line_1_97' title="bbox 376 4680 1881 4751; baseline 0.003 -18"><span class='ocrx_word' id='word_1_776' title='bbox 376 4703 397 4733; x_wconf 87' lang='grc'><em>‹</em></span> <span class='ocrx_word' id='word_1_777' title='bbox 450 4681 655 4751; x_wconf 82' lang='grc' dir='ltr'>Κύριος</span> <span class='ocrx_word' id='word_1_778' title='bbox 692 4680 873 4733; x_wconf 75' lang='grc' dir='ltr'>ἐκτισέ</span> <span class='ocrx_word' id='word_1_779' title='bbox 910 4698 976 4749; x_wconf 90' lang='grc' dir='ltr'><strong>με</strong></span> <span class='ocrx_word' id='word_1_780' title='bbox 1014 4680 1189 4750; x_wconf 79' lang='grc' dir='ltr'>ἀρχὴν</span> <span class='ocrx_word' id='word_1_781' title='bbox 1226 4680 1360 4733; x_wconf 81' lang='grc' dir='ltr'>όδῶν</span> <span class='ocrx_word' id='word_1_782' title='bbox 1402 4682 1566 4735; x_wconf 80' lang='grc' dir='ltr'>αὐτοῦ</span> <span class='ocrx_word' id='word_1_783' title='bbox 1591 4698 1605 4713; x_wconf 76' lang='grc' dir='ltr'><strong>ο</strong></span> <span class='ocrx_word' id='word_1_784' title='bbox 1646 4701 1664 4732; x_wconf 75' lang='grc' dir='ltr'><strong>ι</strong></span> <span class='ocrx_word' id='word_1_785' title='bbox 1712 4685 1765 4737; x_wconf 83' lang='grc' dir='ltr'>εἴ</span> <span class='ocrx_word' id='word_1_786' title='bbox 1797 4702 1881 4749; x_wconf 86' lang='grc' dir='ltr'><strong>τις</strong></span> 
     </span>
    </p>
   </div>
   <div class='ocr_carea' id='block_1_98' title="bbox 294 4773 1878 4847">
    <p class='ocr_par' dir='ltr' id='par_1_98' title="bbox 294 4773 1878 4847">
     <span class='ocr_line' id='line_1_98' title="bbox 294 4773 1878 4847; baseline 0.001 -19"><span class='ocrx_word' id='word_1_787' title='bbox 294 4774 555 4845; x_wconf 75' lang='grc' dir='ltr'>ἀκριϐῶς</span> <span class='ocrx_word' id='word_1_788' title='bbox 596 4773 771 4827; x_wconf 75' lang='grc' dir='ltr'>ἐθέλοι</span> <span class='ocrx_word' id='word_1_789' title='bbox 816 4774 879 4826; x_wconf 79' lang='grc' dir='ltr'>τὸ</span> <span class='ocrx_word' id='word_1_790' title='bbox 914 4773 1298 4843; x_wconf 88' lang='grc' dir='ltr'>γεγραμμένον</span> <span class='ocrx_word' id='word_1_791' title='bbox 1336 4777 1496 4839; x_wconf 87' lang='grc' dir='ltr'>νοεῖν,</span> <span class='ocrx_word' id='word_1_792' title='bbox 1542 4776 1760 4847; x_wconf 86' lang='grc' dir='ltr'>εὑρήσει</span> <span class='ocrx_word' id='word_1_793' title='bbox 1799 4778 1878 4842; x_wconf 75' lang='grc' dir='ltr'><strong>τὸ,</strong></span> 
     </span>
    </p>
   </div>
   <div class='ocr_carea' id='block_1_99' title="bbox 300 4862 1886 4939">
    <p class='ocr_par' dir='ltr' id='par_1_99' title="bbox 300 4862 1886 4939">
     <span class='ocr_line' id='line_1_99' title="bbox 300 4862 1886 4939; baseline 0.004 -25"><span class='ocrx_word' id='word_1_794' title='bbox 300 4884 320 4914; x_wconf 76' lang='grc' dir='ltr'><strong>ι</strong></span> <span class='ocrx_word' id='word_1_795' title='bbox 363 4865 609 4927; x_wconf 78' lang='grc' dir='ltr'>ἔκτισεν,</span> <span class='ocrx_word' id='word_1_796' title='bbox 651 4883 670 4916; x_wconf 74' lang='grc' dir='ltr'><strong>ι</strong></span> <span class='ocrx_word' id='word_1_797' title='bbox 711 4863 901 4917; x_wconf 76' lang='grc' dir='ltr'>ἐνθάδε</span> <span class='ocrx_word' id='word_1_798' title='bbox 925 4864 983 4915; x_wconf 81' lang='grc' dir='ltr'><strong>οὐ</strong></span> <span class='ocrx_word' id='word_1_799' title='bbox 1015 4862 1108 4914; x_wconf 79' lang='grc' dir='ltr'>τοῦ</span> <span class='ocrx_word' id='word_1_800' title='bbox 1136 4865 1309 4931; x_wconf 77' lang='grc' dir='ltr'>Λόγου</span> <span class='ocrx_word' id='word_1_801' title='bbox 1348 4866 1446 4933; x_wconf 84' lang='grc' dir='ltr'>τὴν</span> <span class='ocrx_word' id='word_1_802' title='bbox 1473 4866 1660 4921; x_wconf 78' lang='grc' dir='ltr'>οὐσίαν</span> <span class='ocrx_word' id='word_1_803' title='bbox 1690 4871 1886 4939; x_wconf 85' lang='grc' dir='ltr'>σημαῖ-</span> 
     </span>
    </p>
   </div>
   <div class='ocr_carea' id='block_1_100' title="bbox 294 4951 1887 5026">
    <p class='ocr_par' dir='ltr' id='par_1_100' title="bbox 294 4951 1887 5026">
     <span class='ocr_line' id='line_1_100' title="bbox 294 4951 1887 5026; baseline 0.001 -21"><span class='ocrx_word' id='word_1_804' title='bbox 294 4970 395 5005; x_wconf 82' lang='grc' dir='ltr'><strong>νον</strong></span> <span class='ocrx_word' id='word_1_805' title='bbox 442 4954 519 5016; x_wconf 82' lang='grc' dir='ltr'><strong>ὡς</strong></span> <span class='ocrx_word' id='word_1_806' title='bbox 559 4953 954 5022; x_wconf 83' lang='grc' dir='ltr'>πεποιημένην,</span> <span class='ocrx_word' id='word_1_807' title='bbox 984 4951 1100 5004; x_wconf 85' lang='grc' dir='ltr'>ἀλλ’</span> <span class='ocrx_word' id='word_1_808' title='bbox 1132 4952 1325 5022; x_wconf 81' lang='grc' dir='ltr'>ἑτέραν</span> <span class='ocrx_word' id='word_1_809' title='bbox 1355 4953 1478 5007; x_wconf 81' lang='grc' dir='ltr'>τινὰ</span> <span class='ocrx_word' id='word_1_810' title='bbox 1524 4955 1759 5010; x_wconf 82' lang='grc' dir='ltr'>διάνοιαν</span> <span class='ocrx_word' id='word_1_811' title='bbox 1797 4958 1887 5026; x_wconf 81' lang='grc' dir='ltr'><strong>ὀρ-</strong></span> 
     </span>
    </p>
   </div>
   <div class='ocr_carea' id='block_1_101' title="bbox 294 5042 1885 5116">
    <p class='ocr_par' dir='ltr' id='par_1_101' title="bbox 294 5042 1885 5116">
     <span class='ocr_line' id='line_1_101' title="bbox 294 5042 1885 5116; baseline 0.001 -19"><span class='ocrx_word' id='word_1_812' title='bbox 294 5046 428 5109; x_wconf 71' lang='grc' dir='ltr'>θήν.</span> <span class='ocrx_word' id='word_1_813' title='bbox 471 5045 707 5112; x_wconf 84' lang='grc' dir='ltr'>Λέγεται</span> <span class='ocrx_word' id='word_1_814' title='bbox 761 5043 870 5113; x_wconf 84' lang='grc' dir='ltr'>γὰρ</span> <span class='ocrx_word' id='word_1_815' title='bbox 917 5042 1197 5106; x_wconf 79' lang='grc' dir='ltr'>κτίζεσθαι</span> <span class='ocrx_word' id='word_1_816' title='bbox 1247 5044 1343 5097; x_wconf 70' lang='grc' dir='ltr'><strong>καὶ</strong></span> <span class='ocrx_word' id='word_1_817' title='bbox 1379 5044 1448 5097; x_wconf 86' lang='grc' dir='ltr'>τὰ</span> <span class='ocrx_word' id='word_1_818' title='bbox 1499 5044 1625 5097; x_wconf 73' lang='grc' dir='ltr'>ὅντα</span> <span class='ocrx_word' id='word_1_819' title='bbox 1663 5063 1719 5097; x_wconf 90' lang='grc' dir='ltr'><strong>τε</strong></span> <span class='ocrx_word' id='word_1_820' title='bbox 1763 5047 1885 5116; x_wconf 76' lang='grc' dir='ltr'>ήδη,</span> 
     </span>
    </p>
   </div>
   <div class='ocr_carea' id='block_1_102' title="bbox 295 5133 1888 5206">
    <p class='ocr_par' dir='ltr' id='par_1_102' title="bbox 295 5133 1888 5206">
     <span class='ocr_line' id='line_1_102' title="bbox 295 5133 1888 5206; baseline -0.001 -16"><span class='ocrx_word' id='word_1_821' title='bbox 295 5140 399 5190; x_wconf 67' lang='grc' dir='ltr'><strong>καὶ</strong></span> <span class='ocrx_word' id='word_1_822' title='bbox 448 5136 517 5189; x_wconf 76' lang='grc' dir='ltr'>τὰ</span> <span class='ocrx_word' id='word_1_823' title='bbox 573 5137 739 5206; x_wconf 81' lang='grc' dir='ltr'>μήπω</span> <span class='ocrx_word' id='word_1_824' title='bbox 790 5135 1078 5204; x_wconf 83' lang='grc' dir='ltr'>γενόμενα.</span> <span class='ocrx_word' id='word_1_825' title='bbox 1118 5133 1192 5185; x_wconf 80' lang='grc' dir='ltr'>Τὸ</span> <span class='ocrx_word' id='word_1_826' title='bbox 1227 5133 1282 5185; x_wconf 83' lang='grc' dir='ltr'><strong>δὲ</strong></span> <span class='ocrx_word' id='word_1_827' title='bbox 1323 5136 1567 5205; x_wconf 81' lang='grc' dir='ltr'>ὑπάρχον</span> <span class='ocrx_word' id='word_1_828' title='bbox 1612 5135 1734 5205; x_wconf 71' lang='grc' dir='ltr'>ἤδη,</span> <span class='ocrx_word' id='word_1_829' title='bbox 1770 5137 1888 5200; x_wconf 80' lang='grc' dir='ltr'><strong>πῶς</strong></span> 
     </span>
    </p>
   </div>
   <div class='ocr_carea' id='block_1_103' title="bbox 293 5224 1878 5295">
    <p class='ocr_par' dir='ltr' id='par_1_103' title="bbox 293 5224 1878 5295">
     <span class='ocr_line' id='line_1_103' title="bbox 293 5224 1878 5295; baseline -0.001 -14"><span class='ocrx_word' id='word_1_830' title='bbox 293 5230 367 5281; x_wconf 81' lang='grc' dir='ltr'><strong>ἂν</strong></span> <span class='ocrx_word' id='word_1_831' title='bbox 414 5227 626 5294; x_wconf 81' lang='grc' dir='ltr'>λέγοιτο</span> <span class='ocrx_word' id='word_1_832' title='bbox 660 5225 960 5290; x_wconf 79' lang='grc' dir='ltr'>κτίζεσθαι,</span> <span class='ocrx_word' id='word_1_833' title='bbox 993 5224 1087 5277; x_wconf 75' lang='grc' dir='ltr'><strong>καὶ</strong></span> <span class='ocrx_word' id='word_1_834' title='bbox 1124 5225 1296 5295; x_wconf 83' lang='grc' dir='ltr'>ἀρχὴν</span> <span class='ocrx_word' id='word_1_835' title='bbox 1339 5225 1530 5295; x_wconf 79' lang='grc' dir='ltr'>ἑτέραν</span> <span class='ocrx_word' id='word_1_836' title='bbox 1564 5225 1878 5295; x_wconf 78' lang='grc' dir='ltr'>λαμϐάνειν,</span> 
     </span>
    </p>
   </div>
   <div class='ocr_carea' id='block_1_104' title="bbox 295 5315 1882 5385">
    <p class='ocr_par' dir='ltr' id='par_1_104' title="bbox 295 5315 1882 5385">
     <span class='ocr_line' id='line_1_104' title="bbox 295 5315 1882 5385; baseline 0 -14"><span class='ocrx_word' id='word_1_837' title='bbox 295 5317 604 5371; x_wconf 75' lang='grc' dir='ltr'>ἀκόλουθον</span> <span class='ocrx_word' id='word_1_838' title='bbox 634 5318 779 5370; x_wconf 77' lang='grc' dir='ltr'>ἰδεῖν.</span> <span class='ocrx_word' id='word_1_839' title='bbox 836 5316 959 5367; x_wconf 77' lang='grc' dir='ltr'><strong>Ἐπὶ</strong></span> <span class='ocrx_word' id='word_1_840' title='bbox 997 5315 1095 5383; x_wconf 78' lang='grc' dir='ltr'><strong>μὲν</strong></span> <span class='ocrx_word' id='word_1_841' title='bbox 1134 5316 1242 5385; x_wconf 84' lang='grc' dir='ltr'>γὰρ</span> <span class='ocrx_word' id='word_1_842' title='bbox 1270 5315 1375 5368; x_wconf 83' lang='grc' dir='ltr'>τῶν</span> <span class='ocrx_word' id='word_1_843' title='bbox 1405 5315 1555 5369; x_wconf 71' lang='grc' dir='ltr'>οὔπω</span> <span class='ocrx_word' id='word_1_844' title='bbox 1585 5317 1882 5384; x_wconf 87' lang='grc' dir='ltr'>γεγονότων</span> 
     </span>
    </p>
   </div>
   <div class='ocr_carea' id='block_1_105' title="bbox 292 5408 1881 5479">
    <p class='ocr_par' dir='ltr' id='par_1_105' title="bbox 292 5408 1881 5479">
     <span class='ocr_line' id='line_1_105' title="bbox 292 5408 1881 5479; baseline -0.001 -16"><span class='ocrx_word' id='word_1_845' title='bbox 292 5415 344 5463; x_wconf 77' lang='grc' dir='ltr'><strong>εί</strong></span> <span class='ocrx_word' id='word_1_846' title='bbox 382 5410 571 5479; x_wconf 83' lang='grc' dir='ltr'>τεθείη</span> <span class='ocrx_word' id='word_1_847' title='bbox 614 5410 695 5472; x_wconf 83' lang='grc' dir='ltr'><strong>τὸ,</strong></span> <span class='ocrx_word' id='word_1_848' title='bbox 747 5427 765 5461; x_wconf 75' lang='grc' dir='ltr'><strong>ι</strong></span> <span class='ocrx_word' id='word_1_849' title='bbox 818 5408 1052 5472; x_wconf 75' lang='grc' dir='ltr'>ἔκτισεν,</span> <span class='ocrx_word' id='word_1_850' title='bbox 1116 5425 1134 5458; x_wconf 75' lang='grc' dir='ltr'><strong>ι</strong></span> <span class='ocrx_word' id='word_1_851' title='bbox 1172 5408 1405 5477; x_wconf 79' lang='grc' dir='ltr'>εὐλόγως</span> <span class='ocrx_word' id='word_1_852' title='bbox 1447 5410 1512 5462; x_wconf 84' lang='grc' dir='ltr'>ἂν</span> <span class='ocrx_word' id='word_1_853' title='bbox 1550 5409 1646 5479; x_wconf 82' lang='grc' dir='ltr'>τὴν</span> <span class='ocrx_word' id='word_1_854' title='bbox 1693 5411 1755 5462; x_wconf 84' lang='grc' dir='ltr'>ὲκ</span> <span class='ocrx_word' id='word_1_855' title='bbox 1788 5409 1881 5463; x_wconf 75' lang='grc' dir='ltr'><strong>τοῦ</strong></span> 
     </span>
    </p>
   </div>
   <div class='ocr_carea' id='block_1_106' title="bbox 390 5585 1395 5649">
    <p class='ocr_par' dir='ltr' id='par_1_106' title="bbox 390 5585 1395 5649">
     <span class='ocr_line' id='line_1_106' title="bbox 390 5585 1395 5649; baseline 0.007 -17"><span class='ocrx_word' id='word_1_856' title='bbox 390 5588 436 5617; x_wconf 83' lang='grc'><strong>³⁸</strong></span> <span class='ocrx_word' id='word_1_857' title='bbox 461 5587 595 5639; x_wconf 64' lang='lat' dir='ltr'><strong>Gen.</strong></span> <span class='ocrx_word' id='word_1_858' title='bbox 632 5602 718 5648; x_wconf 70' lang='lat' dir='ltr'><strong>xv,</strong></span> <span class='ocrx_word' id='word_1_859' title='bbox 758 5587 811 5640; x_wconf 91' lang='lat'><strong>8.</strong></span> <span class='ocrx_word' id='word_1_860' title='bbox 915 5586 958 5617; x_wconf 73' lang='grc'>¹⁶</span> <span class='ocrx_word' id='word_1_861' title='bbox 982 5585 1151 5639; x_wconf 72' lang='lat' dir='ltr'><strong>Evod.</strong></span> <span class='ocrx_word' id='word_1_862' title='bbox 1190 5601 1270 5649; x_wconf 82' lang='grc'><strong>111,</strong></span> <span class='ocrx_word' id='word_1_863' title='bbox 1313 5587 1395 5639; x_wconf 70' lang='lat' dir='ltr'><strong>i5.</strong></span> 
     </span>
    </p>
   </div>
   <div class='ocr_carea' id='block_1_107' title="bbox 300 5654 1453 5725">
    <p class='ocr_par' dir='ltr' id='par_1_107' title="bbox 300 5654 1453 5725">
     <span class='ocr_line' id='line_1_107' title="bbox 300 5654 1453 5725; baseline 0 -16"><span class='ocrx_word' id='word_1_864' title='bbox 300 5659 377 5711; x_wconf 63' lang='lat'><strong>£3)”</strong></span> <span class='ocrx_word' id='word_1_865' title='bbox 483 5660 519 5688; x_wconf 82' lang='lat'><strong>&quot;</strong></span> <span class='ocrx_word' id='word_1_866' title='bbox 552 5658 712 5711; x_wconf 77' lang='lat' dir='ltr'><strong>l&#39;xov.</strong></span> <span class='ocrx_word' id='word_1_867' title='bbox 749 5674 823 5725; x_wconf 68' lang='grc' dir='ltr'>ις,</span> <span class='ocrx_word' id='word_1_868' title='bbox 859 5658 906 5710; x_wconf 78' lang='grc'>1.</span> <span class='ocrx_word' id='word_1_869' title='bbox 978 5657 1043 5687; x_wconf 71' lang='grc'><strong>¹¹¹</strong></span> <span class='ocrx_word' id='word_1_870' title='bbox 1079 5654 1269 5710; x_wconf 78' lang='lat' dir='ltr'><strong>Cnioss</strong></span> <span class='ocrx_word' id='word_1_871' title='bbox 1319 5672 1375 5722; x_wconf 81' lang='lat' dir='ltr'><strong>ll,</strong></span> <span class='ocrx_word' id='word_1_872' title='bbox 1407 5660 1453 5709; x_wconf 75' lang='lat'><strong>9.</strong></span> 
     </span>
    </p>
   </div>
   <div class='ocr_carea' id='block_1_108' title="bbox 1478 5585 1967 5652">
    <p class='ocr_par' dir='ltr' id='par_1_108' title="bbox 1478 5585 1967 5652">
     <span class='ocr_line' id='line_1_108' title="bbox 1478 5585 1967 5652; baseline 0.002 -13"><span class='ocrx_word' id='word_1_873' title='bbox 1478 5589 1517 5619; x_wconf 70' lang='grc' dir='ltr'><em>π</em></span> <span class='ocrx_word' id='word_1_874' title='bbox 1544 5586 1766 5642; x_wconf 81' lang='lat' dir='ltr'><strong>Zachar.</strong></span> <span class='ocrx_word' id='word_1_875' title='bbox 1803 5602 1842 5652; x_wconf 83' lang='grc' dir='ltr'><strong>ι,</strong></span> <span class='ocrx_word' id='word_1_876' title='bbox 1886 5585 1967 5640; x_wconf 74' lang='lat'><strong>12.</strong></span> 
     </span>
    </p>
   </div>
   <div class='ocr_carea' id='block_1_109' title="bbox 2060 4421 3552 4485">
    <p class='ocr_par' dir='ltr' id='par_1_109' title="bbox 2060 4421 3552 4485">
     <span class='ocr_line' id='line_1_109' title="bbox 2060 4421 3552 4485; baseline -0.009 0"><span class='ocrx_word' id='word_1_877' title='bbox 2060 4432 2430 4485; x_wconf 83' lang='lat' dir='ltr'><strong>constitutione</strong></span> <span class='ocrx_word' id='word_1_878' title='bbox 2484 4425 2560 4478; x_wconf 79' lang='lat' dir='ltr'><strong>re!</strong></span> <span class='ocrx_word' id='word_1_879' title='bbox 2610 4439 2664 4474; x_wconf 88' lang='lat' dir='ltr'><strong>re</strong></span> <span class='ocrx_word' id='word_1_880' title='bbox 2699 4421 3095 4473; x_wconf 82' lang='lat' dir='ltr'><strong>translationem</strong></span> <span class='ocrx_word' id='word_1_881' title='bbox 3140 4422 3193 4473; x_wconf 84' lang='lat' dir='ltr'><strong>in</strong></span> <span class='ocrx_word' id='word_1_882' title='bbox 3236 4422 3420 4472; x_wconf 82' lang='lat' dir='ltr'><strong>aliam.</strong></span> <span class='ocrx_word' id='word_1_883' title='bbox 3473 4421 3552 4473; x_wconf 71' lang='lat' dir='ltr'><strong>Sat</strong></span> 
     </span>
    </p>
   </div>
   <div class='ocr_carea' id='block_1_110' title="bbox 2058 4490 3553 4561">
    <p class='ocr_par' dir='ltr' id='par_1_110' title="bbox 2058 4490 3553 4561">
     <span class='ocr_line' id='line_1_110' title="bbox 2058 4490 3553 4561; baseline -0.008 -7"><span class='ocrx_word' id='word_1_884' title='bbox 2058 4517 2200 4561; x_wconf 80' lang='lat' dir='ltr'><strong>vero,</strong></span> <span class='ocrx_word' id='word_1_885' title='bbox 2232 4501 2275 4552; x_wconf 84' lang='lat' dir='ltr'><strong>si</strong></span> <span class='ocrx_word' id='word_1_886' title='bbox 2308 4498 2466 4558; x_wconf 77' lang='lat' dir='ltr'><strong>voles,</strong></span> <span class='ocrx_word' id='word_1_887' title='bbox 2510 4492 2666 4555; x_wconf 83' lang='lat' dir='ltr'><strong>illud,</strong></span> <span class='ocrx_word' id='word_1_888' title='bbox 2702 4508 2720 4541; x_wconf 74' lang='grc' dir='ltr'><strong>ι</strong></span> <span class='ocrx_word' id='word_1_889' title='bbox 2752 4490 2945 4543; x_wconf 86' lang='lat' dir='ltr'><strong>creavit</strong></span> <span class='ocrx_word' id='word_1_890' title='bbox 2969 4506 3067 4553; x_wconf 82' lang='lat' dir='ltr'><strong>me,</strong></span> <span class='ocrx_word' id='word_1_891' title='bbox 3105 4508 3123 4540; x_wconf 71' lang='grc' dir='ltr'><strong>ι</strong></span> <span class='ocrx_word' id='word_1_892' title='bbox 3176 4490 3447 4558; x_wconf 72' lang='lat' dir='ltr'><strong>indeﬁnite</strong></span> <span class='ocrx_word' id='word_1_893' title='bbox 3490 4493 3553 4542; x_wconf 83' lang='lat' dir='ltr'><strong>de</strong></span> 
     </span>
    </p>
   </div>
   <div class='ocr_carea' id='block_1_111' title="bbox 2058 4569 3115 4624">
    <p class='ocr_par' dir='ltr' id='par_1_111' title="bbox 2058 4569 3115 4624">
     <span class='ocr_line' id='line_1_111' title="bbox 2058 4569 3115 4624; baseline -0.018 -1"><span class='ocrx_word' id='word_1_894' title='bbox 2058 4570 2273 4624; x_wconf 82' lang='lat' dir='ltr'><strong>Christo</strong></span> <span class='ocrx_word' id='word_1_895' title='bbox 2303 4569 2519 4619; x_wconf 76' lang='lat' dir='ltr'><strong>dictum.</strong></span> <span class='ocrx_word' id='word_1_896' title='bbox 3107 4588 3115 4597; x_wconf 71' lang='grc' dir='ltr'><strong><em>ο</em></strong></span> 
     </span>
    </p>
   </div>
   <div class='ocr_carea' id='block_1_112' title="bbox 2064 4670 3551 4735">
    <p class='ocr_par' dir='ltr' id='par_1_112' title="bbox 2064 4670 3551 4735">
     <span class='ocr_line' id='line_1_112' title="bbox 2064 4670 3551 4735; baseline -0.009 -3"><span class='ocrx_word' id='word_1_897' title='bbox 2064 4699 2083 4732; x_wconf 77' lang='grc' dir='ltr'><strong>ι</strong></span> <span class='ocrx_word' id='word_1_898' title='bbox 2114 4680 2372 4734; x_wconf 91' lang='lat' dir='ltr'><strong>Dominus</strong></span> <span class='ocrx_word' id='word_1_899' title='bbox 2402 4672 2610 4730; x_wconf 89' lang='lat' dir='ltr'><strong>creavit</strong></span> <span class='ocrx_word' id='word_1_900' title='bbox 2652 4686 2737 4727; x_wconf 91' lang='lat' dir='ltr'><strong>me</strong></span> <span class='ocrx_word' id='word_1_901' title='bbox 2763 4670 2976 4725; x_wconf 89' lang='lat' dir='ltr'><strong>initium</strong></span> <span class='ocrx_word' id='word_1_902' title='bbox 3009 4670 3215 4723; x_wconf 85' lang='lat' dir='ltr'><strong>viarum</strong></span> <span class='ocrx_word' id='word_1_903' title='bbox 3247 4682 3498 4735; x_wconf 89' lang='lat' dir='ltr'><strong>suarum,</strong></span> <span class='ocrx_word' id='word_1_904' title='bbox 3531 4685 3551 4719; x_wconf 71' lang='grc' dir='ltr'><strong>ι</strong></span> 
     </span>
    </p>
   </div>
   <div class='ocr_carea' id='block_1_113' title="bbox 1988 4759 3550 4840">
    <p class='ocr_par' dir='ltr' id='par_1_113' title="bbox 1988 4759 3550 4840">
     <span class='ocr_line' id='line_1_113' title="bbox 1988 4759 3550 4840; baseline -0.012 -13"><span class='ocrx_word' id='word_1_905' title='bbox 1988 4772 2031 4827; x_wconf 90' lang='lat' dir='ltr'><strong>si</strong></span> <span class='ocrx_word' id='word_1_906' title='bbox 2055 4771 2176 4840; x_wconf 88' lang='lat' dir='ltr'><strong>quis</strong></span> <span class='ocrx_word' id='word_1_907' title='bbox 2197 4777 2389 4824; x_wconf 81' lang='lat' dir='ltr'><strong>exacte</strong></span> <span class='ocrx_word' id='word_1_908' title='bbox 2414 4764 2717 4832; x_wconf 80' lang='lat' dir='ltr'><strong>intelligere</strong></span> <span class='ocrx_word' id='word_1_909' title='bbox 2745 4761 2895 4827; x_wconf 87' lang='lat' dir='ltr'><strong>velit,</strong></span> <span class='ocrx_word' id='word_1_910' title='bbox 2929 4759 3187 4823; x_wconf 87' lang='lat' dir='ltr'><strong>inveniet,</strong></span> <span class='ocrx_word' id='word_1_911' title='bbox 3224 4776 3242 4808; x_wconf 78' lang='grc' dir='ltr'><strong>ι</strong></span> <span class='ocrx_word' id='word_1_912' title='bbox 3274 4759 3498 4823; x_wconf 86' lang='lat' dir='ltr'><strong>creavit,</strong></span> <span class='ocrx_word' id='word_1_913' title='bbox 3532 4777 3550 4809; x_wconf 73' lang='grc' dir='ltr'><strong>ι</strong></span> 
     </span>
    </p>
   </div>
   <div class='ocr_carea' id='block_1_114' title="bbox 1987 4848 3556 4921">
    <p class='ocr_par' dir='ltr' id='par_1_114' title="bbox 1987 4848 3556 4921">
     <span class='ocr_line' id='line_1_114' title="bbox 1987 4848 3556 4921; baseline -0.008 -6"><span class='ocrx_word' id='word_1_914' title='bbox 1987 4863 2075 4915; x_wconf 92' lang='lat' dir='ltr'><strong>hic</strong></span> <span class='ocrx_word' id='word_1_915' title='bbox 2103 4874 2209 4913; x_wconf 91' lang='lat' dir='ltr'><strong>non</strong></span> <span class='ocrx_word' id='word_1_916' title='bbox 2238 4856 2397 4912; x_wconf 88' lang='lat' dir='ltr'><strong>Verbi</strong></span> <span class='ocrx_word' id='word_1_917' title='bbox 2426 4855 2715 4910; x_wconf 71' lang='lat' dir='ltr'><strong>esswtiam</strong></span> <span class='ocrx_word' id='word_1_918' title='bbox 2750 4851 3078 4921; x_wconf 88' lang='lat' dir='ltr'><strong>signiﬁcare,</strong></span> <span class='ocrx_word' id='word_1_919' title='bbox 3114 4859 3170 4901; x_wconf 92' lang='lat' dir='ltr'><strong>ut</strong></span> <span class='ocrx_word' id='word_1_920' title='bbox 3204 4848 3421 4914; x_wconf 79' lang='lat' dir='ltr'><strong>factam,</strong></span> <span class='ocrx_word' id='word_1_921' title='bbox 3463 4851 3556 4904; x_wconf 82' lang='lat' dir='ltr'><strong>sed</strong></span> 
     </span>
    </p>
   </div>
   <div class='ocr_carea' id='block_1_115' title="bbox 1985 4940 3554 5018">
    <p class='ocr_par' dir='ltr' id='par_1_115' title="bbox 1985 4940 3554 5018">
     <span class='ocr_line' id='line_1_115' title="bbox 1985 4940 3554 5018; baseline -0.008 -13"><span class='ocrx_word' id='word_1_922' title='bbox 1985 4952 2149 5005; x_wconf 86' lang='lat' dir='ltr'><strong>alium</strong></span> <span class='ocrx_word' id='word_1_923' title='bbox 2204 4946 2491 5018; x_wconf 90' lang='lat' dir='ltr'><strong>quemdam</strong></span> <span class='ocrx_word' id='word_1_924' title='bbox 2541 4954 2749 4999; x_wconf 88' lang='lat' dir='ltr'><strong>rectum</strong></span> <span class='ocrx_word' id='word_1_925' title='bbox 2802 4956 3045 4996; x_wconf 87' lang='lat' dir='ltr'><strong>sensum.</strong></span> <span class='ocrx_word' id='word_1_926' title='bbox 3103 4940 3361 4993; x_wconf 89' lang='lat' dir='ltr'><strong>Dicuntur</strong></span> <span class='ocrx_word' id='word_1_927' title='bbox 3411 4940 3554 4994; x_wconf 89' lang='lat' dir='ltr'><strong>enim</strong></span> 
     </span>
    </p>
   </div>
   <div class='ocr_carea' id='block_1_116' title="bbox 1986 5030 3556 5109">
    <p class='ocr_par' dir='ltr' id='par_1_116' title="bbox 1986 5030 3556 5109">
     <span class='ocr_line' id='line_1_116' title="bbox 1986 5030 3556 5109; baseline -0.01 -10"><span class='ocrx_word' id='word_1_928' title='bbox 1986 5042 2184 5104; x_wconf 88' lang='lat' dir='ltr'><strong>creari,</strong></span> <span class='ocrx_word' id='word_1_929' title='bbox 2218 5049 2271 5095; x_wconf 82' lang='lat' dir='ltr'><strong>et</strong></span> <span class='ocrx_word' id='word_1_930' title='bbox 2302 5053 2420 5109; x_wconf 81' lang='lat' dir='ltr'><strong>quae</strong></span> <span class='ocrx_word' id='word_1_931' title='bbox 2445 5036 2557 5104; x_wconf 85' lang='lat' dir='ltr'><strong>jam</strong></span> <span class='ocrx_word' id='word_1_932' title='bbox 2586 5034 2876 5096; x_wconf 77' lang='lat' dir='ltr'><strong>exsistunt,</strong></span> <span class='ocrx_word' id='word_1_933' title='bbox 2916 5041 2970 5085; x_wconf 90' lang='lat' dir='ltr'><strong>et</strong></span> <span class='ocrx_word' id='word_1_934' title='bbox 2997 5046 3115 5100; x_wconf 73' lang='lat' dir='ltr'><strong>qure</strong></span> <span class='ocrx_word' id='word_1_935' title='bbox 3145 5031 3379 5085; x_wconf 83' lang='lat' dir='ltr'><strong>nondum</strong></span> <span class='ocrx_word' id='word_1_936' title='bbox 3416 5030 3556 5085; x_wconf 80' lang='lat' dir='ltr'><strong>facta</strong></span> 
     </span>
    </p>
   </div>
   <div class='ocr_carea' id='block_1_117' title="bbox 1986 5119 3561 5195">
    <p class='ocr_par' dir='ltr' id='par_1_117' title="bbox 1986 5119 3561 5195">
     <span class='ocr_line' id='line_1_117' title="bbox 1986 5119 3561 5195; baseline -0.011 -6"><span class='ocrx_word' id='word_1_937' title='bbox 1986 5141 2132 5189; x_wconf 91' lang='lat' dir='ltr'><strong>sunt.</strong></span> <span class='ocrx_word' id='word_1_938' title='bbox 2184 5129 2241 5185; x_wconf 91' lang='lat' dir='ltr'><strong>Id</strong></span> <span class='ocrx_word' id='word_1_939' title='bbox 2270 5142 2400 5182; x_wconf 87' lang='lat' dir='ltr'><strong>vero</strong></span> <span class='ocrx_word' id='word_1_940' title='bbox 2424 5125 2564 5195; x_wconf 91' lang='lat' dir='ltr'><strong>quod</strong></span> <span class='ocrx_word' id='word_1_941' title='bbox 2607 5124 2720 5194; x_wconf 87' lang='lat' dir='ltr'><strong>jam</strong></span> <span class='ocrx_word' id='word_1_942' title='bbox 2766 5120 3001 5183; x_wconf 77' lang='lat' dir='ltr'><strong>exsistit,</strong></span> <span class='ocrx_word' id='word_1_943' title='bbox 3045 5119 3313 5188; x_wconf 89' lang='lat' dir='ltr'><strong>quomodo</strong></span> <span class='ocrx_word' id='word_1_944' title='bbox 3350 5120 3561 5174; x_wconf 88' lang='lat' dir='ltr'><strong>dicatur</strong></span> 
     </span>
    </p>
   </div>
   <div class='ocr_carea' id='block_1_118' title="bbox 1987 5210 3556 5289">
    <p class='ocr_par' dir='ltr' id='par_1_118' title="bbox 1987 5210 3556 5289">
     <span class='ocr_line' id='line_1_118' title="bbox 1987 5210 3556 5289; baseline -0.008 -11"><span class='ocrx_word' id='word_1_945' title='bbox 1987 5222 2185 5289; x_wconf 88' lang='lat' dir='ltr'><strong>creari,</strong></span> <span class='ocrx_word' id='word_1_946' title='bbox 2241 5220 2492 5287; x_wconf 90' lang='lat' dir='ltr'><strong>aliudque</strong></span> <span class='ocrx_word' id='word_1_947' title='bbox 2542 5215 2755 5270; x_wconf 91' lang='lat' dir='ltr'><strong>initium</strong></span> <span class='ocrx_word' id='word_1_948' title='bbox 2809 5210 3071 5273; x_wconf 89' lang='lat' dir='ltr'><strong>nancisci,</strong></span> <span class='ocrx_word' id='word_1_949' title='bbox 3113 5210 3404 5263; x_wconf 85' lang='lat' dir='ltr'><strong>videndum</strong></span> <span class='ocrx_word' id='word_1_950' title='bbox 3453 5223 3556 5265; x_wconf 84' lang='lat' dir='ltr'><strong>est.</strong></span> 
     </span>
    </p>
   </div>
   <div class='ocr_carea' id='block_1_119' title="bbox 1990 5299 3557 5377">
    <p class='ocr_par' dir='ltr' id='par_1_119' title="bbox 1990 5299 3557 5377">
     <span class='ocr_line' id='line_1_119' title="bbox 1990 5299 3557 5377; baseline -0.01 -9"><span class='ocrx_word' id='word_1_951' title='bbox 1990 5314 2123 5368; x_wconf 83' lang='lat' dir='ltr'><strong>Nam</strong></span> <span class='ocrx_word' id='word_1_952' title='bbox 2172 5311 2217 5366; x_wconf 89' lang='lat' dir='ltr'><strong>si</strong></span> <span class='ocrx_word' id='word_1_953' title='bbox 2265 5310 2331 5365; x_wconf 90' lang='lat' dir='ltr'><strong>de</strong></span> <span class='ocrx_word' id='word_1_954' title='bbox 2380 5310 2446 5364; x_wconf 91' lang='lat' dir='ltr'><strong>iis</strong></span> <span class='ocrx_word' id='word_1_955' title='bbox 2491 5322 2612 5377; x_wconf 61' lang='lat' dir='ltr'><strong>quae</strong></span> <span class='ocrx_word' id='word_1_956' title='bbox 2668 5303 2904 5359; x_wconf 89' lang='lat' dir='ltr'><strong>nondum</strong></span> <span class='ocrx_word' id='word_1_957' title='bbox 2957 5300 3096 5355; x_wconf 82' lang='lat' dir='ltr'><strong>facta</strong></span> <span class='ocrx_word' id='word_1_958' title='bbox 3149 5308 3275 5353; x_wconf 91' lang='lat' dir='ltr'><strong>sunt</strong></span> <span class='ocrx_word' id='word_1_959' title='bbox 3324 5299 3557 5363; x_wconf 86' lang='lat' dir='ltr'><strong>dicatur,</strong></span> 
     </span>
    </p>
   </div>
   <div class='ocr_carea' id='block_1_120' title="bbox 1997 5391 3563 5469">
    <p class='ocr_par' dir='ltr' id='par_1_120' title="bbox 1997 5391 3563 5469">
     <span class='ocr_line' id='line_1_120' title="bbox 1997 5391 3563 5469; baseline -0.009 -10"><span class='ocrx_word' id='word_1_960' title='bbox 1997 5426 2015 5459; x_wconf 77' lang='grc' dir='ltr'><strong>ι</strong></span> <span class='ocrx_word' id='word_1_961' title='bbox 2042 5404 2270 5469; x_wconf 82' lang='lat' dir='ltr'><strong>creavit,</strong></span> <span class='ocrx_word' id='word_1_962' title='bbox 2303 5425 2320 5455; x_wconf 76' lang='grc' dir='ltr'><strong>ι</strong></span> <span class='ocrx_word' id='word_1_963' title='bbox 2363 5416 2423 5456; x_wconf 90' lang='lat' dir='ltr'><strong>ea</strong></span> <span class='ocrx_word' id='word_1_964' title='bbox 2468 5415 2588 5454; x_wconf 88' lang='lat' dir='ltr'><strong>cum</strong></span> <span class='ocrx_word' id='word_1_965' title='bbox 2633 5405 2794 5451; x_wconf 87' lang='lat' dir='ltr'><strong>antea</strong></span> <span class='ocrx_word' id='word_1_966' title='bbox 2828 5410 2932 5449; x_wconf 91' lang='lat' dir='ltr'><strong>non</strong></span> <span class='ocrx_word' id='word_1_967' title='bbox 2962 5400 3168 5457; x_wconf 87' lang='lat' dir='ltr'><strong>essent,</strong></span> <span class='ocrx_word' id='word_1_968' title='bbox 3196 5391 3307 5458; x_wconf 86' lang='lat' dir='ltr'><strong>jam</strong></span> <span class='ocrx_word' id='word_1_969' title='bbox 3345 5392 3409 5447; x_wconf 89' lang='lat' dir='ltr'><strong>ad</strong></span> <span class='ocrx_word' id='word_1_970' title='bbox 3441 5406 3563 5447; x_wconf 87' lang='lat' dir='ltr'><strong>esse</strong></span> 
     </span>
    </p>
   </div>
   <div class='ocr_carea' id='block_1_121' title="bbox 2061 5561 3558 5641">
    <p class='ocr_par' dir='ltr' id='par_1_121' title="bbox 2061 5561 3558 5641">
     <span class='ocr_line' id='line_1_121' title="bbox 2061 5561 3558 5641; baseline -0.015 -5"><span class='ocrx_word' id='word_1_971' title='bbox 2061 5583 2102 5613; x_wconf 66' lang='grc'><strong>’⁸</strong></span> <span class='ocrx_word' id='word_1_972' title='bbox 2129 5581 2327 5635; x_wconf 86' lang='lat' dir='ltr'><strong>llabac.</strong></span> <span class='ocrx_word' id='word_1_973' title='bbox 2359 5593 2418 5641; x_wconf 88' lang='lat' dir='ltr'><strong>ll,</strong></span> <span class='ocrx_word' id='word_1_974' title='bbox 2452 5577 2503 5630; x_wconf 83' lang='lat' dir='ltr'><strong>l.</strong></span> <span class='ocrx_word' id='word_1_975' title='bbox 2603 5576 2642 5606; x_wconf 76' lang='grc'><strong>¹⁰</strong></span> <span class='ocrx_word' id='word_1_976' title='bbox 2672 5572 2829 5625; x_wconf 84' lang='lat' dir='ltr'><strong>Prov.</strong></span> <span class='ocrx_word' id='word_1_977' title='bbox 2862 5585 2978 5633; x_wconf 79' lang='lat' dir='ltr'><strong>vin,</strong></span> <span class='ocrx_word' id='word_1_978' title='bbox 3015 5568 3105 5620; x_wconf 71' lang='grc'><strong>20.</strong></span> <span class='ocrx_word' id='word_1_979' title='bbox 3183 5567 3228 5598; x_wconf 84' lang='grc'><strong>¹⁰</strong></span> <span class='ocrx_word' id='word_1_980' title='bbox 3256 5561 3410 5618; x_wconf 86' lang='lat' dir='ltr'><strong>Joan.</strong></span> <span class='ocrx_word' id='word_1_981' title='bbox 3446 5574 3558 5624; x_wconf 78' lang='lat' dir='ltr'><strong>xvr,</strong></span> 
     </span>
    </p>
   </div>
  </div>
