4106 6204
463 254 569 314 2'35

1490 251 1547 305 S.
1589 246 1861 304 CYllll.Ll
1904 240 2378 297 ALEXAINDRINI
2420 241 2733 297 ARClIIEP.

3628 246 3735 301 265

467 376 710 430 traducta
759 372 1137 443 signiﬁcantur
1173 390 1186 425 :
1216 372 1285 424 de
1319 371 1387 425 iis
1426 384 1554 424 vero
1583 382 1706 435 qua:
1744 366 1856 433 jam
1892 365 2032 418 exsi-

2147 365 2222 435 μὴ
2257 364 2410 427 ὄντος
2448 364 2529 426 είς
2566 363 2629 418 τὸ
2661 360 2803 416 εἶναι
2838 374 3097 433 σημαινοι
3138 340 3514 434 παραγωγηνέ
3550 365 3643 417 ἐπὶ
3675 366 3734 420 δὲ

464 476 632 530 stunt,
672 480 848 533 neque
887 465 1184 529 creatione,
1231 471 1289 516 ut
1329 462 1457 525 sint,
1488 458 1755 527 indigent,
1791 471 1895 510 non
1932 456 2043 525 jam

462 570 650 614 creare
686 556 979 611 essentiam
1019 554 1311 624 signiﬁcat,
1342 551 1437 605 sed
1480 564 1546 602 ex
1588 548 1694 601 alio
1725 552 1957 617 quodam
1991 548 2045 600 in

462 650 610 704 aliud
643 649 1074 703 translationem.
1113 645 1182 699 Ut
1225 658 1346 698 cum
1380 641 1547 695 David
1579 638 1752 694 dicit:
1792 656 1811 687 ι
1848 638 1912 692 Ει
1952 652 2046 708 po-

460 741 619 808 pulus
644 740 738 811 qui
773 740 1049 795 creabitur
1088 734 1332 790 laudabit
1361 732 1647 787 Dominum
1671 732 1738 783 “.
1775 750 1796 782 ι
1828 728 1896 783 Et
1922 744 2044 783 rur-

460 848 552 889 sus
580 851 595 887 :
632 850 651 884 ι
681 832 787 887 Cor
817 829 1072 885 mundum
1097 839 1222 880 crea
1251 824 1305 878 in
1344 838 1457 889 me,
1490 822 1637 877 Deus
1659 821 1728 875 ".
1766 840 1784 874 ι
1816 820 1881 874 Et
1905 818 2045 874 Pau-

463 926 545 980 lus
588 923 783 977 alicubi
820 922 885 975 de
933 919 1153 975 Christo
1200 916 1276 969 ait
1308 932 1322 968 :
1359 934 1377 965 ι
1410 914 1611 984 Legem
1664 914 2042 968 mandatorum

461 1016 693 1070 decretis
742 1024 1032 1073 evacuaus,
1079 1018 1140 1062 ut
1189 1010 1324 1062 duos
1358 1008 1519 1072 Zcreet
1571 1005 1623 1059 in
1663 1005 1843 1073 seipso
1877 1017 2043 1057 unum

459 1120 654 1159 novum
700 1101 970 1155 hominem
993 1099 1060 1153 “.
1094 1118 1111 1148 ι
1151 1098 1215 1152 Et
1248 1112 1464 1152 rursum
1502 1114 1515 1150 :
1551 1114 1569 1147 ι
1606 1093 1907 1151 lnduamini
1939 1106 2043 1146 no-

456 1211 581 1250 vum
606 1194 884 1248 hominem
915 1200 1157 1267 creatum
1188 1189 1487 1245 secundum
1523 1186 1688 1240 Deum
1751 1186 1803 1239 in
1833 1183 2042 1254 justitia

455 1294 511 1341 et
550 1285 841 1341 sanctitate
877 1284 1123 1338 veritatis
1145 1282 1211 1336 ³⁸.
1246 1300 1265 1333 ι
1305 1280 1465 1335 Certe
1510 1279 1679 1332 David
1731 1293 1837 1332 non
1870 1290 2043 1345 popu-

456 1376 566 1430 lum
592 1375 881 1444 quemdam
916 1373 1212 1427 secuudum
1233 1368 1528 1425 essentiam
1559 1368 1852 1423 creandum
1880 1366 2044 1436 signi-

456 1467 656 1530 ﬁcavit,
696 1465 789 1520 sed
830 1480 894 1519 ex
923 1478 1109 1518 errore
1144 1462 1210 1517 ad
1256 1461 1633 1532 cognitionem
1663 1459 1756 1513 Dei
1801 1458 2039 1514 transla-

457 1568 589 1611 tum.
619 1556 803 1625 Neque
839 1555 1001 1609 etiam
1045 1552 1194 1607 aliud
1233 1561 1429 1621 praeter
1469 1551 1519 1604 id
1549 1551 1691 1619 quod
1728 1551 1912 1612 habet,
1946 1563 2041 1603 cor

452 1646 626 1700 creari
671 1646 722 1699 in
768 1659 828 1699 se
858 1644 1011 1713 petit,
1043 1641 1138 1697 sed
1196 1643 1263 1696 ad
1313 1642 1602 1711 puritatem
1646 1641 1825 1694 cordis
1861 1650 2037 1692 trans-

455 1737 581 1791 ferri
614 1736 783 1804 cupit.
816 1735 1267 1803 Sapientissimus
1306 1741 1484 1786 autem
1517 1730 1737 1794 Paulus,
1771 1746 1875 1784 non
1900 1731 2037 1785 duos

455 1826 703 1881 homines
733 1827 783 1878 in
811 1827 1076 1879 unitatem
1107 1822 1408 1877 naturalem
1437 1838 1530 1890 per
1556 1822 1835 1876 Christum
1862 1823 2036 1876 creari

454 1917 604 1980 dicit,
646 1917 717 1970 ita
753 1925 811 1971 ut
851 1914 1149 1969 exsistendi
1192 1914 1518 1984 principium
1562 1914 1899 1982 acciperent,
1943 1915 2037 1968 sed

454 2008 707 2078 populum
742 2006 1095 2061 lsraeliticum
1135 2018 1189 2059 et
1232 2014 1419 2075 gentes
1466 2006 1517 2058 in
1552 2005 1845 2058 novitatem
1888 2021 2038 2058 men-

456 2100 524 2153 tis
583 2100 859 2153 traductos
916 2097 1068 2161 dicit,
1127 2107 1290 2166 atque
1340 2095 1457 2149 illos
1515 2096 1733 2173 quidem
1797 2112 1825 2149 ιι
1882 2096 2036 2165 legali

452 2191 626 2255 cultu,
686 2189 784 2243 hos
818 2204 946 2244 vero
976 2188 1044 2241 ab
1074 2188 1273 2241 usitato
1310 2196 1366 2241 et
1400 2185 1654 2240 familiari
1672 2176 1821 2257 ’ipsis
1850 2201 2038 2242 errore

453 2284 733 2335 abductos.
785 2280 851 2333 Et
901 2293 1094 2333 rursus
1138 2293 1329 2332 omnes
1387 2278 1530 2333 indui
1560 2278 1714 2348 jubet
1763 2280 2035 2333 hominem

454 2388 669 2439 novum,
695 2373 786 2442 qui
818 2372 1111 2427 secundum
1142 2370 1310 2425 Deum
1338 2380 1555 2425 creatus
1584 2381 1687 2424 est.
1726 2371 1887 2441 Atqui
1922 2386 2036 2424 ma-

453 2464 706 2520 nifestum
760 2474 863 2526 cst,
899 2463 1047 2517 illum
1084 2479 1191 2517 non
1243 2463 1515 2517 hominem
1566 2462 1803 2531 aliquem
1839 2479 2033 2517 secun-

451 2557 576 2610 dum
623 2556 917 2611 essentiam
971 2555 1171 2611 factum
1226 2555 1557 2624 signiﬁcare,
1606 2570 1763 2624 quem
1813 2555 2034 2610 induere

449 2654 723 2712 oporteat,
774 2646 867 2700 sed
919 2648 1087 2700 vitam
1116 2644 1269 2713 juxta
1313 2645 1528 2700 virtutis
1577 2661 1826 2699 normam
1880 2645 2033 2699 insti-

451 2740 552 2805 tui,
598 2747 654 2792 et
711 2737 1044 2792 voluntatem
1097 2736 1389 2791 instaurari
1441 2745 1603 2805 atque
1652 2737 1918 2791 innovari.
1974 2735 2030 2791 Si

450 2843 579 2896 ergo
611 2828 788 2882 creari
825 2843 928 2881 non
960 2841 1172 2895 semper
1202 2825 1360 2897 157
1404 2828 1695 2882 essentiam
1730 2827 2030 2896 signiﬁcat,

450 2933 612 2985 (piam
648 2917 910 2971 rationem
956 2917 1140 2983 habet,
1181 2926 1276 2970 aut
1344 2919 1615 2985 quomodo
1660 2934 1764 2973 non
1810 2918 2028 2972 stultum

453 3004 647 3068 fuerit,
702 3006 769 3059 de
830 3006 895 3059 iis
931 3007 1148 3074 quidem
1207 3010 1298 3077 qui
1354 3024 1541 3063 revera
1595 3021 1858 3065 creatura:
1902 3020 2028 3065 sunt

452 3107 597 3150 recte
628 3095 677 3149 id
714 3099 857 3164 quod
888 3100 1149 3167 scriptum
1185 3110 1270 3153 est
1295 3101 1563 3169 accipere,
1606 3101 1674 3156 de
1711 3100 1887 3157 Verbo
1918 3116 2030 3156 au-

454 3196 558 3239 tent
600 3185 714 3253 Dei,
752 3188 804 3240 in
835 3201 941 3254 quo
974 3187 1244 3257 praacipue
1282 3189 1336 3243 id
1364 3189 1641 3243 observari
1686 3199 1919 3259 oportet,
1953 3194 2031 3247 si-

451 3282 620 3337 nistre
674 3267 775 3336 hoc
807 3282 1193 3349 interpretari?
1230 3301 1247 3334 ι
1293 3284 1548 3338 Dominus
1596 3284 1777 3351 enim,
1820 3285 2029 3355 inquit,

448 3375 658 3428 creavit
693 3390 797 3441 Ine,
828 3394 846 3425 ι
887 3390 1063 3444 neque
1093 3375 1144 3429 in
1178 3376 1281 3431 hoc
1315 3376 1502 3442 verbo,
1530 3396 1547 3427 ι
1580 3378 1805 3443 creavit,
1847 3396 1866 3430 ι
1901 3380 2029 3434 dicti

454 3465 562 3518 vim
592 3465 759 3530 sistit,
795 3466 888 3520 sed
934 3466 1106 3530 addit,
1165 3485 1183 3517 ι
1214 3467 1426 3520 initium
1460 3468 1667 3522 viarum
1710 3462 1929 3522 suarum
1976 3470 2028 3524 in

449 3568 613 3621 opera
639 3555 756 3623 ejus
789 3573 806 3605 ι
850 3555 1079 3619 creavit,
1112 3566 1168 3610 et
1201 3571 1305 3609 non
1332 3557 1401 3609 ad
1433 3570 1554 3611 esse
1587 3556 1898 3622 traducens,
1935 3561 2029 3615 sed

450 3645 660 3699 creavit
689 3646 900 3700 initium
928 3647 1132 3700 viarum
1162 3663 1380 3701 suarum
1418 3649 1468 3701 in
1497 3664 1659 3718 Opera
1690 3648 1837 3718 ejus;
1886 3653 2028 3722 quod

451 3735 525 3787 ita
580 3735 850 3805 intelliges
885 3753 898 3788 :
929 3737 1049 3791 Vita
1104 3736 1295 3808 legalis
1350 3737 1607 3794 aJudaeis
1654 3741 1951 3809 colebatur,
1999 3758 2026 3796 a

449 3825 701 3895 gentibus
732 3841 858 3881 vero
902 3827 1010 3879 vita
1057 3829 1349 3883 secundum
1386 3828 1652 3896 justitiam
1689 3833 1838 3887 nullo
1873 3836 2029 3887 modo

450 3917 900 3984 cognoscebatur.
938 3914 1169 3972 Verbum
1212 3919 1393 3988 itaque
1420 3920 1511 3973 Dei
1549 3921 1751 3979 factum
1778 3931 1881 3986 est,
1915 3924 2029 3978 sive

449 4018 690 4059 creatum
735 4016 839 4071 est,
886 4022 1037 4071 caro,
1074 4010 1177 4063 hoc
1220 4020 1304 4062 est
1333 4011 1528 4077 homo,
1566 4020 1623 4065 ut
1669 4013 1876 4065 initium
1911 4015 2027 4066 via-

451 4110 568 4148 rum
600 4096 808 4149 Domini
846 4106 901 4149 et
937 4112 1159 4166 operum
1189 4098 1584 4167 ejus_omnihus
1614 4103 1936 4155 inveniatur.
1970 4103 2022 4155 In

453 4187 627 4251 primo
675 4187 819 4238 enim
867 4186 1087 4241 Christo
1128 4190 1436 4257 evangelica
1482 4193 1588 4244 vita
1635 4191 1851 4246 ellulsit.
1900 4193 2026 4248 Visis

451 4283 630 4326 autent
682 4284 735 4331 et
770 4291 931 4344 opera
974 4278 1206 4345 Domini,
1255 4281 1380 4348 quid
1431 4282 1573 4336 aliud
1625 4299 1745 4338 esse
1799 4299 2023 4339 censea-

2145 454 2253 506 τῶν
2284 453 2453 507 ὄντων
2482 453 2581 524 ἠδη
2622 453 2717 505 καὶ
2748 451 2857 504 τῶν
2888 451 3166 515 κτίξεσθαι
3205 452 3348 506 κατά
3372 450 3433 505 τὸ
3476 448 3619 505 εἶναι
3660 455 3733 524 μὴ

2144 544 2434 615 δεομένων,
2472 543 2658 597 οὐκέτι
2691 542 2793 614 τὴν
2831 542 3017 595 οὐσίαν
3052 544 3328 614 σημαίνει,
3368 543 3503 598 ἀλλά
3539 545 3641 615 τὴν
3673 545 3734 599 ἐκ

2145 653 2289 699 τινος
2329 635 2517 704 ἐτέρου
2562 634 2697 706 πρὸς
2732 634 2919 706 ἕτερόν
2964 652 3018 687 τι
3074 635 3427 705 μετάστασιν.
3476 636 3565 700 Ὠς
3606 639 3733 692 ὅταν

2145 728 2278 798 λέγῃ
2321 727 2521 781 Δαϐίδ·
2564 747 2582 778 ι
2628 727 2737 780 Καὶ
2782 726 2909 792 λαὸς
2938 727 2966 779 ό
2999 726 3343 797 κτιζόμενος,
3398 728 3603 782 αἰνέσει
3642 729 3731 783 τὸν

2145 820 2371 891 Κύριον.
2417 839 2434 871 ι
2476 821 2587 873 Kal
2628 819 2824 873 πάλιν·
2882 838 2901 870 ‹
2956 820 3202 890 Καρδίαν
3251 819 3501 891 καθαρὰν
3548 822 3730 875 κτίσον

2145 913 2203 963 ἐν
2238 912 2383 982 ἐμοὶ,
2413 914 2441 965 ό
2474 912 2628 976 Θεός.
2658 931 2676 964 ›
2712 911 2769 965 Ὀ
2799 910 2855 963 δὲ
2893 910 3105 975 Παῦλός
3134 911 3267 982 φησί
3303 929 3403 964 που
3438 913 3568 983 περὶ
3603 914 3732 986 Χρι-

2147 1003 2271 1056 στοῦ
2294 1020 2308 1034 ·
2342 1021 2360 1054 ι
2399 1003 2504 1056 Τὸν
2528 1004 2690 1072 νόμον
2710 1001 2815 1055 τῶν
2847 1002 3072 1055 ἐντολῶν
3103 1005 3158 1054 ἐν
3186 1002 3422 1072 δόγμασι
3449 1006 3730 1075 καταργή-

2146 1111 2265 1159 σας,
2302 1094 2387 1147 ἴνα
2436 1096 2566 1157 τοὺς
2618 1094 2712 1146 δύο
2752 1094 2911 1164 κτίσῃ
2961 1095 3019 1146 ἐν
3066 1092 3244 1162 ἐαυτῷ
3288 1096 3367 1157 είς
3414 1094 3509 1147 ἕνα
3542 1096 3727 1149 καινὸν

2143 1186 2449 1256 ἄνθρωπον.
2514 1204 2532 1236 ι
2590 1186 2701 1237 Kal
2752 1185 2946 1238 πάλιν·
3006 1204 3025 1236 ι
3098 1185 3423 1238 Ἐνδύσασθε
3471 1185 3563 1238 τὸν
3610 1187 3729 1239 νέον

2142 1277 2431 1347 ἄνθρωπον
2480 1277 2570 1330 τὸν
2626 1277 2769 1330 κατά
2807 1277 2939 1329 Θεὸν
2985 1262 3277 1330 κτισθέντα
3310 1279 3365 1329 ἐν
3411 1275 3724 1349 δικαιοσύνῃ

2141 1372 2237 1424 καὶ
2273 1370 2512 1441 ὁσιότητι
2567 1370 2669 1439 τῆς
2720 1369 2996 1440 ἀληθείας.
3039 1387 3056 1420 ι
3097 1368 3208 1422 Καὶ
3242 1369 3303 1420 οὐ
3344 1369 3405 1438 δή
3462 1387 3563 1422 που
3598 1369 3724 1422 λαὸν

2145 1460 2243 1531 μέν
2269 1477 2391 1513 τινα
2421 1460 2541 1513 κατ’
2568 1459 2755 1512 οὐσίαν
2782 1459 3097 1529 κτιζόμενον
3133 1459 3428 1528 ἐσήμαινεν
3462 1460 3489 1511 ὁ
3526 1458 3688 1511 Δαϐίδ
3706 1474 3719 1489 ·

2142 1551 2276 1605 ἀλλά
2327 1551 2417 1604 τὸν
2467 1553 2530 1604 ἐκ
2580 1550 2788 1621 πλάνης
2820 1551 2901 1613 είς
2934 1549 3230 1616 ἐπίγνωσιν
3262 1548 3395 1601 Θεοῦ
3435 1547 3723 1619 μετατιθέ-

2146 1661 2306 1714 μενον
2340 1644 2509 1712 λέγει.
2559 1641 2647 1695 Ἐν
2682 1640 2861 1712 ἐαυτῷ
2907 1642 2965 1694 δὲ
3016 1640 3297 1705 κτίζεσθαι
3344 1641 3571 1711 καρδίαν
3624 1642 3720 1711 οὐχ

2140 1734 2335 1803 ἑτέραν
2392 1734 2521 1804 παρ’
2559 1734 2624 1803 ἢν
2672 1726 2816 1801 εἶχεν
2865 1729 3039 1800 ἠξίου,
3082 1730 3197 1783 ἀλλ’
3246 1732 3324 1792 είς
3373 1730 3725 1807 καθαρότητα.

2140 1826 2309 1897 αὐτὴν
2346 1822 2758 1896 μεταποιεῖσθαι
2808 1823 3128 1894 παρεκάλει.
3182 1821 3241 1874 Ὀ
3287 1822 3343 1875 δέ
3381 1837 3444 1889 γε
3478 1821 3719 1889 σοφώτα-

2139 1935 2231 1981 τος
2280 1915 2513 1979 Παῦλος,
2566 1914 2625 1967 οὐ
2668 1912 2761 1966 δύο
2797 1913 2947 1975 τινάς
2984 1913 3301 1982 ἀνθρώπους
3365 1914 3445 1976 είς
3491 1913 3717 1983 ἑνότητα

2140 2008 2375 2079 φυσικὴν
2408 2005 2793 2071 ἀνακτίζεσθαι
2838 2004 2986 2073 λέγει
3019 2005 3104 2057 διὰ
3139 2005 3397 2076 Χριστοῦ,
3436 2004 3511 2068 ὡς
3544 2004 3715 2075 ἀρχὴν

2138 2100 2231 2154 τοῦ
2269 2095 2408 2153 εἶναι
2435 2097 2809 2168 λαμϐάνοντας
2834 2111 2847 2123 ⁸
2878 2095 3013 2151 ἀλλὰ
3038 2095 3165 2159 τούς
3194 2112 3251 2148 τε
3281 2097 3338 2161 ἐξ
3377 2095 3594 2166 Ἰσραὴλ
3623 2096 3715 2146 καὶ
3781 2107 3787 2113 ’

2138 2192 2263 2253 τοὺς
2295 2187 2353 2254 ἐξ
2379 2188 2548 2242 ἐθνῶν
2583 2188 2663 2249 είς
2692 2186 2988 2255 καινότητα
3017 2184 3244 2255 γνώμης
3281 2183 3714 2254 μεταποιηθήσε-

2142 2280 2265 2333 σθαι
2296 2279 2444 2347 λέγει
2465 2294 2478 2307 ·
2520 2279 2645 2343 τοὺς
2680 2280 2778 2348 μέν
2815 2280 2957 2331 κατὰ
2990 2277 3153 2347 νόμον
3186 2277 3458 2348 λατρείας,
3503 2282 3629 2344 τοὺς
3659 2280 3715 2335 δὲ

2137 2371 2236 2441 τῆς
2286 2370 2584 2440 συντρόφου
2626 2369 2837 2440 πλάνης
2882 2368 3327 2438 ἐπιλαθομένους.
3388 2370 3498 2424 Καὶ
3554 2371 3714 2425 πάλιν

2139 2462 2463 2516 ἐνδύσασθαι
2499 2464 2664 2516 πᾶσιν
2694 2463 2827 2532 ἡμῖν
2855 2460 3131 2513 ἐπιτάττει
3160 2462 3252 2514 τὸν
3296 2462 3477 2515 καινὸν
3506 2463 3713 2535 ἄνθρω-

2139 2571 2238 2608 πον
2270 2556 2361 2607 τὸν
2398 2552 2540 2606 κατὰ
2570 2552 2701 2605 Θεὸν
2740 2551 3048 2606 κτισθέντα.
3088 2553 3196 2605 Καὶ
3242 2551 3398 2623 δῆλόν
3446 2554 3593 2605 ἐστιν
3638 2554 3711 2618 ὡς

2134 2647 2235 2700 οὐκ
2283 2645 2568 2718 ἄνθρωπόν
2610 2662 2732 2700 τινα
2768 2647 2886 2698 κατ’
2920 2636 3106 2697 οὐσίαν
3141 2644 3400 2711 γεγονότα
3435 2645 3709 2713 σημαίνει,

2134 2737 2194 2790 ὃν
2229 2720 2555 2792 ἐνδύσασθαῖ
2587 2737 2714 2809 χρὴ,
2752 2736 2888 2791 ἀλλά
2934 2736 3023 2789 τὸν
3056 2736 3175 2789 κατ’
3213 2734 3413 2806 ἀρετὴν
3458 2735 3571 2805 βίον
3618 2736 3713 2789 καὶ

2132 2831 2223 2882 τὸν
2277 2829 2377 2899 τῆς
2433 2830 2807 2900 προαιρέσεως
2845 2828 3256 2897 ἀνακαινισμόν.
3313 2828 3373 2880 El
3429 2828 3604 2881 τοίνυν
3653 2828 3712 2880 τὸ

2136 2918 2418 2984 κτίζεσθαι
2451 2920 2510 2971 οὐ
2545 2919 2763 2981 πάντως
2793 2917 2889 2985 τὴν
2918 2918 3105 2971 οὐσίαν
3131 2916 3300 2987 δηλοῖ,
3328 2920 3476 2970 ποῖον
3510 2917 3575 2970 ἂν
3600 2917 3713 2988 ἔχοι

2135 3010 2315 3079 λόγον,
2348 3010 2381 3081 ἢ
2422 3011 2539 3073 πῶς
2580 3011 2679 3062 οὐκ
2723 3009 2948 3079 ἀνόητον
2989 3011 3083 3063 ἐπὶ
3123 3010 3221 3079 μὲν
3253 3010 3361 3061 τῶν
3391 3010 3556 3071 ὅντως
3596 3028 3711 3063 κτι-

2145 3102 2369 3173 σμάτων
2402 3102 2580 3172 ὀρθῶς
2616 3102 2677 3154 τὸ
2708 3101 3094 3172 γεγραμμένον
3139 3101 3475 3172 ἐκδέχεσθαι,
3513 3102 3605 3154 ἐπὶ
3655 3103 3710 3155 δὲ

2132 3193 2226 3248 τοῦ
2269 3192 2403 3247 Θεοῦ
2435 3193 2631 3261 Λόγου,
2678 3193 2763 3262 ἐφ’
2795 3187 2838 3260 ᾧ
2867 3192 2931 3264 δὴ
2969 3194 3203 3262 μάλιστα
3239 3194 3399 3246 τοῦτο
3445 3194 3708 3263 φυλάττε-

2134 3287 2256 3341 σθαι
2277 3286 2403 3358 χρὴ,
2426 3283 2603 3356 σαθρά
2627 3284 2881 3346 νοοῦντας
2906 3284 3275 3356 εὑρίσκεσθαις
3299 3304 3315 3334 ι
3344 3283 3545 3354 Κύριος
3580 3284 3709 3354 γὰρ,

2134 3380 2318 3450 φησὶν,
2346 3378 2529 3432 ἐκτισέ
2561 3394 2627 3449 με
2650 3394 2662 3405 ·
2693 3396 2711 3429 ι
2748 3376 2842 3429 καὶ
2861 3376 2924 3429 οὐ
2955 3377 3115 3447 μέχρι
3138 3374 3255 3438 τοῦ,
3286 3392 3304 3426 ι
3345 3375 3526 3429 ἕκτισέ
3560 3392 3648 3446 με,
3685 3394 3706 3428 ι

2132 3470 2225 3524 τοῦ
2255 3470 2414 3539 λόγου
2463 3470 2562 3540 τὴν
2594 3469 2827 3539 δύναμιν
2872 3468 3104 3537 ἵστησιν,
3148 3465 3287 3519 ἀλλά
3334 3465 3709 3537 προστίθησιν,

2130 3564 2212 3616 ὃτι
2254 3580 2271 3613 ι
2307 3562 2484 3633 ἀρχὴν
2515 3562 2651 3615 ὁδῶν
2672 3559 2837 3615 αὑτοῦ
2871 3579 2889 3611 ι
2924 3561 3003 3623 εἰς
3029 3558 3166 3629 ἔργα
3193 3558 3357 3613 αὑτοῦ
3386 3558 3587 3621 ἔκτισε,
3617 3558 3707 3610 καὶ

2130 3656 2230 3708 οὐκ
2272 3656 2353 3717 είς
2396 3654 2457 3707 τὸ
2512 3651 2651 3707 εἶναι
2702 3649 3063 3724 παραγαγὼν,
3111 3649 3225 3704 ἀλλ’
3273 3650 3482 3703 ἔκτισεν
3535 3651 3710 3719 ἀρχὴν

2129 3745 2263 3800 ὁδῶν
2303 3744 2465 3798 αὐτοῦ
2497 3745 2575 3806 είς
2604 3742 2742 3812 ἔργα
2786 3723 2950 3794 αῦτοῦ
2973 3756 2987 3771 '
3026 3742 3160 3812 ὅπερ
3195 3740 3337 3794 οὕτω
3366 3742 3598 3811 νοήσεις.
3646 3741 3708 3793 'H

2130 3838 2273 3892 κατὰ
2310 3836 2472 3905 νόμον
2506 3833 2751 3886 πολιτεία
2789 3832 3078 3903 ἐτετίμητο
3104 3832 3201 3903 μὲν
3232 3832 3382 3903 παρά
3419 3835 3528 3896 τοῖς
3581 3830 3707 3884 Ἰονο

2127 3929 2317 3991 δαίοις,
2349 3926 2502 3996 παρά
2538 3924 2595 3978 δέ
2632 3927 2744 3988 τοῖς
2795 3923 3002 3977 ἔθνεσιν
3044 3925 3153 3977 οὐδ’
3186 3926 3320 3987 ὅλως
3368 3927 3395 3978 ό
3446 3924 3585 3977 κατά
3629 3924 3710 3978 δι-

2129 4018 2425 4088 καιοσύνην
2454 4017 2566 4086 βίος
2592 4014 2942 4084 ἐγινώσκετο.
2970 4015 3163 4083 Γέγονε
3195 4017 3394 4081 τοίνυν,
3427 4016 3544 4086 ἦτοι
3566 4015 3709 4067 ἐκτί-

2132 4109 2253 4178 σθη,
2295 4108 2433 4179 σὰρξ
2474 4109 2502 4159 ὁ
2534 4107 2627 4160 τοῦ
2668 4107 2801 4160 Θεοῦ
2847 4108 3039 4175 Λόγος,
3077 4107 3353 4159 τουτέστιν
3398 4105 3703 4175 ἅνθρωπος.

2129 4199 2217 4251 ἵνα
2247 4198 2341 4251 καὶ
2367 4197 2510 4267 ἀρχὴ
2542 4197 2650 4251 τῶν
2684 4197 2819 4251 ὁδῶν
2852 4196 2944 4249 τοῦ
2988 4196 3192 4266 Κυρίου
3243 4199 3335 4249 καὶ
3377 4197 3485 4249 τῶν
3532 4197 3707 4267 ἔργων

2132 4289 2294 4343 αὑτοῦ
2354 4290 2522 4342 πᾶσιν
2575 4288 2796 4359 εὑρεθῇ.
2851 4288 2938 4342 Ἐν
3000 4290 3107 4358 γάρ
3165 4287 3364 4358 πρώτῳ
3410 4289 3632 4359 Χριστῷ
3679 4289 3708 4340 ὁ

453 4377 592 4423 mus,
639 4378 799 4431 quam
845 4379 1112 4437 prazccpta
1159 4374 1306 4439 ejus?
1335 4388 1456 4441 qua:
1504 4383 1821 4442 pt‘mstatttes
1861 4388 2023 4446 atque

2137 4381 2488 4452 εὐαγγελικὸς
2515 4380 2791 4451 ἀνέλαμψε
2824 4380 2955 4451 βίος.
3008 4381 3195 4443 Ὁδοὺς
3218 4380 3274 4433 δὲ
3310 4381 3402 4433 καὶ
3441 4380 3575 4454 ἔργα
3601 4383 3706 4433 Κυ-

448 4464 808 4520 exsequentes
848 4458 1011 4513 Veluti
1060 4461 1245 4516 multis
1284 4478 1346 4515 ac
1373 4465 1539 4518 variis
1590 4464 1691 4519 viis
1736 4465 1802 4518 ad
1850 4467 2023 4535 ipsum

451 4544 812 4613 procedimus.
857 4549 1009 4613 Quod
1055 4565 1183 4605 vero
1217 4568 1384 4622 opera
1424 4554 1680 4607 eximiam
1728 4566 1781 4607 et
1818 4566 2022 4611 rectam

449 4633 613 4690 vitam
643 4637 974 4705 signiﬁcent,
1001 4652 1053 4694 et
1081 4652 1356 4711 praecepta
1391 4644 1505 4709 Dei,
1544 4646 1665 4699 audi
1702 4647 1830 4715 quid
1868 4663 2021 4701 sacra

451 4726 728 4798 Scriptura
767 4730 912 4786 dicat
943 4750 957 4786 :
991 4750 1010 4784 ι
1048 4731 1136 4786 Va:
1172 4735 1261 4803 qui
1300 4735 1505 4789 faciunt
1531 4751 1694 4806 opera
1726 4738 1815 4792 Dei
1849 4741 2021 4810 negli-

450 4830 637 4887 genter
658 4822 748 4877 “'.
789 4841 806 4874 ι
851 4823 1049 4879 Beatus
1088 4836 1267 4881 autem
1299 4827 1463 4881 David
1500 4839 1763 4898 praecepta
1806 4830 1900 4885 Dei
1930 4848 2025 4900 ap-

451 4911 653 4978 pellans
701 4917 837 4983 vias,
890 4917 962 4971 ita
1008 4919 1319 4974 exclamat:
1357 4938 1374 4971 ι
1412 4920 1537 4975 Vias
1586 4931 1726 4985 tuas,
1779 4924 2023 4992 Domine,

452 5014 607 5058 notas
648 5007 731 5060 fac
762 5010 915 5076 mihi,
951 5022 1004 5066 et
1035 5014 1262 5067 semitas
1288 5022 1406 5069 tuas
1433 5016 1564 5069 doce
1599 5032 1682 5070 Ine
1700 5019 1765 5071 ’°.
1801 5037 1818 5068 ι

2135 4476 2274 4550 ρίου,
2308 4473 2362 4527 τί
2391 4472 2495 4543 χρὴ
2521 4474 2662 4525 νοεῖν
2687 4472 2891 4542 ἕτερον,
2924 4472 2957 4542 ἢ
2990 4472 3205 4534 πάντως
3234 4471 3336 4533 τὰς
3364 4471 3585 4534 ἐντολὰς
3613 4471 3698 4523 αὐο

2133 4567 2266 4631 τοῦ;
2321 4565 2498 4636 ἇσπερ
2549 4564 2919 4627 ἐπιτελοῦντες
2963 4564 3058 4617 καὶ
3101 4563 3479 4634 ἐργαζόμενοι,
3519 4562 3706 4631 ῶσπερ

2132 4659 2220 4712 διὰ
2249 4657 2459 4712 πολλῶν
2483 4658 2577 4711 καὶ
2597 4657 2847 4727 ποικίλης
2877 4655 2996 4709 ὁδοῦ
3025 4655 3311 4725 βαδίζομεν
3350 4654 3486 4725 πρὸς
3519 4652 3703 4706 αὐτόν.

2137 4752 2256 4802 ’Ότι
2304 4750 2361 4803 δὲ
2408 4749 2478 4802 τὰ
2508 4749 2644 4818 ἔργα
2682 4747 2773 4800 τὸν
2818 4746 3095 4815 ἐξαίρετον
3136 4746 3385 4816 σημαίνει
3427 4744 3562 4814 βίον,
3614 4744 3705 4796 καὶ

2131 4841 2201 4895 τὰ
2234 4842 2630 4911 προστάγματα
2671 4838 2763 4891 τοῦ
2814 4838 2971 4900 Θεοῦ,
3022 4838 3183 4891 ἄκουε
3232 4836 3283 4889 τί
3317 4852 3480 4905 φησιν
3512 4838 3545 4905 ἡ
3590 4835 3704 4887 θεία

2133 4933 2353 5005 Γραφή·
2395 4950 2413 4981 ι
2464 4931 2599 4985 Οὐαὶ
2627 4930 2676 4983 oi
2722 4929 3003 4991 ποιοῦντες
3050 4927 3119 4980 τὰ
3156 4927 3292 4998 ἔργα
3327 4926 3531 4995 Κυρίου
3568 4926 3703 4993 ἀμε-

2130 5026 2259 5089 λῶς.
2299 5044 2317 5076 ι
2365 5023 2424 5077 'U
2457 5022 2514 5075 δὲ
2550 5022 2817 5093 μακάριος
2844 5020 3028 5085 Δαὸὶδ,
3069 5019 3218 5082 ὁδοὺς
3250 5014 3387 5071 εἶναι
3415 5018 3586 5086 λέγων
3608 5015 3704 5077 τὰς

448 5092 683 5161 ἐντολὰς,
725 5100 1155 5173 ἀναφθέγγεταιο
1206 5126 1225 5159 ι
1288 5107 1397 5170 Τὰς
1444 5107 1593 5171 ὁδούς
1648 5126 1763 5174 σου,
1818 5114 2018 5185 Κυριε,
2054 5117 2319 5191 γνώρισόν
2385 5133 2495 5186 μοι,
2546 5116 2639 5169 καὶ
2680 5115 2778 5178 τὰς
2818 5113 3039 5184 τρίϐους
3068 5129 3160 5165 σου
3192 5110 3401 5177 δίδαξόν
3444 5127 3534 5181 με.
3577 5130 3593 5161 ι

1048 5238 1196 5293 Idem
1241 5242 1415 5295 aliter.

524 5384 542 5417 ι
578 5368 834 5427 Dominus
862 5379 1067 5432 creavit
1103 5394 1187 5433 me
1215 5378 1424 5433 initium
1459 5380 1669 5432 viarum
1705 5394 1929 5433 suarum
1959 5381 2014 5435 in

446 5473 609 5530 opera
660 5461 848 5530 ipsius.
879 5485 897 5517 ι
954 5468 1183 5523 Verbum
1226 5470 1345 5534 hoc,
1392 5488 1410 5520 ι
1443 5472 1671 5536 creavit,
1708 5491 1727 5524 ι
1782 5490 1884 5526 non
1933 5490 2021 5529 es-

514 5622 559 5653 "
580 5621 718 5676 Psal.
748 5637 799 5677 Cl
858 5622 942 5674 19.
1017 5621 1221 5677 "Psal.
1245 5640 1295 5689 1.,
1325 5624 1406 5677 l2.
1482 5626 1523 5654 “
1549 5624 1737 5696 Ephes.
1770 5641 1827 5689 II,
1858 5626 1941 5678 13.

448 5711 595 5761 χειν,
622 5696 673 5752 4.
844 5714 849 5717 ’

2093 5627 2136 5658 ⁸⁵
2186 5628 2377 5699 Epltcs.

2643 5250 2874 5313 ’Ἄλλως
2912 5248 2974 5299 τὸ
3009 5247 3175 5301 αὐτός

2208 5407 2226 5436 ι
2276 5384 2478 5455 Κύριος
2524 5384 2705 5438 ἐκτισέ
2760 5402 2824 5455 με
2864 5384 3035 5455 ἀρχὴν
3078 5381 3212 5434 ὁδῶν
3248 5380 3415 5435 αὐτοῦ
3455 5383 3534 5441 είς
3572 5395 3703 5450 εργσ

2129 5475 2317 5528 αὐτοῦ.
2368 5495 2384 5527 ι
2425 5476 2518 5537 Τὸ,
2571 5494 2587 5523 ι
2641 5476 2871 5539 ἔκτισεν,
2916 5493 2935 5524 ›
2977 5474 3036 5526 οὐ
3086 5471 3226 5526 κατὰ
3257 5473 3356 5543 τῆς
3396 5472 3583 5533 οὐσίας
3614 5469 3704 5521 τοῦ

2433 5645 2505 5693 Iv,
2560 5629 2650 5683 25.
2758 5631 2825 5661 ’⁸⁵
2863 5628 3060 5686 Jerctn.
3101 5643 3285 5697 XLVIII,
3324 5630 3405 5684 10.
3484 5628 3529 5659 ’⁸
3556 5627 3696 5683 Psal.
