4036 6208
307 276 413 341 963

1683 278 2126 339 TllESAURUS.

3457 294 3560 350 266

306 404 473 472 Λόγου
497 399 679 454 θετέον
704 414 717 427 ⁸
747 399 1030 470 δύσφημον
1071 399 1178 469 γὰρ
1209 400 1376 463 ὄντως
1410 401 1503 453 καὶ
1543 401 1756 464 άσεὸἐς,
1789 403 1875 455 τὸν

1985 406 2215 459 sentiam
2269 404 2427 458 Verbi
2477 405 2746 475 significat
2785 424 2797 459 :
2835 404 3211 476 blasphemuin
3261 412 3404 465 enlm
3462 415 3561 467 im-

305 494 385 545 ἀεὶ
414 493 511 543 καὶ
558 487 815 550 ὡσαύτως
863 488 990 540 ὄντα
1043 489 1182 557 μετὰ
1226 489 1455 559 Πατρὸς,
1496 489 1590 543 νῦν
1639 490 1883 543 ἐκτίσθαι

304 586 482 651 λέγειν
526 582 791 651 ¹Νοήσεις
844 580 898 633 δὲ
943 580 1087 633 οὕτω
1134 580 1538 652 πιθανώτερον·
1588 601 1607 633 ι
1659 582 1884 636 Ἐκτισέ

307 693 389 746 με,
420 674 606 743 φησιν,
640 671 816 743 ἀρχὴν
844 671 979 724 ὁδῶν
1006 671 1195 727 αὑτοῦ.
1237 692 1256 725 ›
1306 673 1487 736 Ὁδοὺς
1518 672 1704 728 ἐνθάδε
1725 674 1880 743 φησι,

304 767 388 820 τόν
413 781 475 816 τε
507 762 809 832 νομοθέτην
841 763 1043 816 Μωσέα
1081 764 1176 816 καὶ
1197 764 1324 826 τοὺς
1350 765 1649 835 προφήτας,
1681 766 1765 833 ἐφ’
1792 764 1886 827 οὓς

300 857 437 924 ἀρχή
468 871 557 915 τις
586 852 780 923 ὥσπερ
814 854 907 905 καὶ
939 853 1154 917 ἐξουσία
1186 853 1444 906 τέτακται
1480 854 1740 925 Χριστός·
1784 871 1883 924 με-

300 945 658 1009 τασκευάζων
704 946 785 1006 είς
830 944 929 1013 τὴν
960 945 1069 997 τῶν
1108 944 1477 1012 εὑαγγελικῶν
1517 946 1885 1015 κηρυγμάτων

300 1036 601 1106 καινότητα
657 1037 724 1089 τά
774 1036 906 1107 παρ’
961 1036 1185 1089 ἐκείνων
1231 1035 1530 1106 εἰρημένα,
1581 1036 1677 1090 καὶ
1730 1034 1887 1089 τοῦτο

298 1128 746 1193 ἐξουσιαστικῶς,
793 1128 850 1180 Ὀ
880 1129 976 1197 μὲν
999 1127 1109 1197 γάρ
1136 1128 1298 1196 νόμος
1330 1127 1494 1196 φησίν
1518 1143 1531 1157 ο
1573 1146 1591 1176 ι
1630 1127 1704 1179 Οὐ
1751 1144 1883 1198 πορ-

298 1221 537 1281 νεύσεις.
555 1238 572 1269 ι
606 1222 634 1272 ό
653 1219 709 1272 δέ
736 1219 991 1287 Χριστός·
1021 1239 1037 1268 ι
1064 1218 1207 1286 Ἐγὼ
1228 1218 1446 1288 δὲλέγω
1466 1218 1614 1289 ὑμῖν·
1636 1218 1747 1271 Οὐκ
1764 1219 1884 1270 ἐπι-

298 1310 593 1381 θυμήσεις.
640 1329 656 1359 ι
680 1310 864 1372 Ὀδοὺς
893 1302 947 1361 δὲ
974 1309 1100 1372 τοὺς
1127 1309 1313 1377 ἁγίους
1342 1307 1597 1361 ἐκάλεσεν
1626 1308 1700 1371 ὠς
1722 1308 1884 1361 δυνα-

299 1403 496 1471 μένους
552 1401 851 1470 ἀποφέρειν
894 1400 979 1452 διὰ
1031 1400 1315 1463 νουθεσίας
1359 1399 1495 1470 πρὸς
1532 1398 1686 1453 Θεόν.
1730 1397 1886 1450 Οὖτω

297 1495 519 1563 νοήσεις
554 1494 615 1546 τὸ
644 1492 797 1563 παρὰ
819 1491 897 1562 τῷ
941 1492 1177 1563 Ἱερεμίᾳ
1206 1492 1456 1563 κείμενον
1476 1510 1490 1523 ·
1534 1511 1550 1543 ι
1593 1491 1762 1562 Στῆτε
1793 1493 1885 1544 ἐπὶ

295 1588 412 1646 ταῖς
453 1583 624 1647 ὁδοῖς,
651 1584 744 1636 καὶ
777 1585 1082 1653 ἐρωτήσετε
1124 1582 1342 1653 τρίϐους
1371 1583 1575 1654 Κυρίου
1610 1583 1882 1647 αἰωνίους,

295 1676 385 1727 καὶ
421 1673 637 1744 μάθετε
672 1673 800 1727 ποία
831 1674 978 1727 ἐστὶν
1007 1677 1039 1744 ή
1071 1674 1185 1737 ὁδὸς
1215 1677 1249 1744 ἡ
1274 1674 1473 1745 ἀγαθὴ,
1506 1675 1602 1729 καὶ
1637 1675 1882 1745 βαδίζετε

1986 495 2241 564 pimnque
2293 496 2396 549 hoc
2452 506 2620 559 esset,
2674 512 2796 551 eum
2862 501 2951 566 qui
3001 514 3216 568 semper
3263 504 3561 573 eodemque

1985 589 2143 640 modo
2172 601 2293 640 cum
2326 586 2487 641 Patre
2522 587 2759 651 exsistit,
2802 599 3044 642 creatum
3084 590 3283 645 dicere.
3323 591 3398 646 lta
3437 602 3562 647 vero

1985 676 2197 731 facilius
2254 677 2561 748 intelliges:
2603 697 2621 727 ι
2653 678 2872 732 Creavit
2924 696 3030 742 me,
3089 682 3288 749 inquit,
3349 684 3561 737 initium

1984 770 2195 821 viarum
2242 783 2487 823 suarum.
2523 788 2541 820 ι
2597 770 2724 823 Vias
2770 770 2859 825 hic
2906 773 3152 827 nominat
3194 773 3560 842 legislatorem

1985 857 2166 912 Mosen
2199 869 2251 912 et
2289 860 2604 929 prophetas,
2641 860 2836 929 quibus
2864 862 3007 915 velut
3041 864 3364 933 principium
3389 865 3561 932 quod-

1987 950 2108 1003 dam
2140 964 2203 1003 ac
2233 961 2394 1017 caput
2425 961 2480 1005 et
2525 961 2760 1019 potestas
2803 953 3130 1009 constitutus
3165 964 3246 1008 est
3279 955 3557 1021 Christus;

1984 1053 2103 1107 qure
2129 1039 2197 1092 ab
2228 1039 2334 1094 illis
2364 1041 2508 1094 dicta
2542 1051 2668 1094 sunt
2706 1041 2771 1096 ad
2806 1043 3130 1111 evangelica:
3161 1046 3561 1114 praedicationis

1986 1130 2280 1184 novitatem
2300 1132 2604 1195 traducens,
2625 1132 2782 1201 idque
2799 1148 2922 1187 cum
2942 1135 3270 1203 proprietate
3287 1136 3556 1191 absoluta.

1988 1219 2097 1273 Lex
2143 1222 2285 1275 enim
2334 1222 2467 1276 dicit
2498 1241 2511 1277 :
2548 1242 2566 1273 ι
2599 1223 2712 1277 Non
2759 1226 3119 1280 mwchaheris
3142 1228 3219 1290 ’7;
3255 1246 3271 1277 ι
3310 1226 3560 1282 Christus

1984 1325 2113 1365 vero
2139 1330 2151 1365 :
2183 1330 2202 1363 ι
2227 1311 2336 1381 Ego
2357 1323 2537 1366 autem
2569 1314 2689 1370 dico
2716 1318 2866 1368 vobis
2892 1329 2907 1367 :
2931 1315 3045 1368 Non
3081 1318 3431 1385 cancupisces
3452 1317 3551 1369 ν’.»

1988 1400 2114 1456 Vias
2145 1412 2326 1456 autem
2352 1413 2577 1459 sanctos
2608 1405 2839 1470 vocavit,
2881 1407 3079 1474 quippe
3113 1407 3201 1475 qui
3230 1408 3343 1460 suis
3374 1408 3558 1459 adnio-

1990 1492 2284 1547 nitionibus
2330 1495 2396 1547 ad
2448 1496 2616 1549 Deum
2669 1497 2867 1550 ducere
2900 1497 3128 1566 possint.
3180 1498 3252 1550 lta
3288 1497 3558 1566 intelliges

1986 1582 2114 1635 illud
2151 1581 2400 1637 Jeremia:
2449 1586 2646 1639 dictum
2678 1604 2688 1637 :
2720 1604 2737 1636 ι
2774 1584 2928 1640 State
2978 1586 3031 1639 iu
3082 1586 3207 1649 viis,
3244 1596 3297 1640 et
3336 1588 3560 1655 qumrite

1984 1677 2209 1730 semitas
2251 1678 2464 1733 Domini
2511 1680 2897 1748 sempiternas,
2950 1691 3003 1733 et
3048 1680 3240 1734 discite
3281 1680 3455 1747 qualis
3489 1679 3560 1732 sit

294 1769 351 1819 ἐν
374 1769 547 1836 αὐτῇ,
579 1768 674 1819 καὶ
698 1767 956 1837 εὑρήσετε
985 1767 1250 1836 ἁγνισμὸν
1278 1770 1396 1830 ταῖς
1421 1767 1619 1838 ψυχαῖς
1653 1767 1825 1836 ὑμῶν.
1859 1786 1875 1816 ι

1991 1769 2073 1821 via
2119 1768 2236 1837 ejus
2266 1769 2427 1831 bona,
2469 1776 2526 1822 et
2576 1770 2851 1825 ambulate
2904 1771 2957 1824 in
2990 1771 3128 1839 ipsa,
3177 1780 3231 1825 et
3276 1769 3561 1823 invenietis

297 1861 402 1912 Καὶ
441 1860 569 1911 ἔστι
600 1858 756 1927 δῆλον
795 1858 871 1920 ὡς
908 1859 967 1910 οὐ
1012 1859 1140 1928 περὶ
1188 1858 1391 1911 τούτων
1437 1859 1571 1929 φησι
1608 1858 1714 1911 τῶν
1745 1858 1880 1910 ὁδῶν

294 1951 398 2003 τῶν
446 1950 598 2003 κατὰ
650 1949 937 2019 συνήθειαν
989 1950 1313 2020 νοουμένων.
1370 1949 1492 2011 Πῶς
1533 1950 1640 2019 γὰρ
1687 1950 1752 2003 ἄν
1796 1966 1880 2011 τις

296 2044 462 2107 αὐτάς
500 2044 834 2113 ἐρωτήσειε;
874 2043 997 2106 Πῶς
1024 2043 1082 2096 δέ
1116 2044 1245 2113 παρ’
1280 2042 1501 2095 ἐκείνων
1531 2041 1875 2112 μαθήσεται;

298 2135 355 2186 ΕΞ
381 2135 439 2187 δέ
469 2151 560 2195 τις
596 2134 688 2186 ἐπὶ
716 2135 842 2197 τοὺς
872 2135 1057 2202 άγίους
1087 2135 1285 2202 ἀγάγοι
1326 2135 1415 2186 τὸν
1446 2133 1622 2200 λόγον,
1656 2132 1878 2201 εὑρήσει

295 2227 351 2278 τὸ
400 2228 465 2278 ἐκ
519 2226 614 2278 τοῦ
664 2227 932 2296 νοήματος
976 2226 1265 2297 χρήσιμον.
1320 2226 1381 2278 Εἰ
1425 2224 1531 2295 γάρ
1568 2241 1651 2285 τις
1692 2223 1877 2292 ὥσπερ

296 2318 429 2369 τισὶν
463 2318 691 2380 ὀδείαις,
736 2320 851 2379 τοῖς
897 2318 1073 2385 ἁγίοις
1117 2318 1423 2388 προφήταις
1465 2319 1755 2386 ἐπιστήσαι
1785 2316 1876 2367 τὸν

294 2409 434 2473 νοῦν,
460 2410 543 2478 μὴ
575 2409 1028 2480 παρατρεχόντως
1056 2409 1235 2473 αὐτοῖς
1256 2408 1479 2479 ὁμιλῶν,
1517 2408 1633 2460 ἀλλ’
1670 2407 1875 2474 ἐξάγων

292 2501 543 2571 ἀκριϐῶς
585 2500 694 2552 τῶν
736 2501 1135 2572 γεγραμμένων
1175 2502 1231 2553 ἐν
1276 2501 1456 2563 αὐτοῖς
1488 2501 1586 2571 τὴν
1614 2501 1872 2561 διάνοιαν,

295 2595 609 2665 μαθήσεται
656 2595 755 2663 τὴν
802 2594 917 2647 ὁδὸν
950 2594 1046 2663 τὴν
1076 2592 1306 2662 ἀγαθὴν,
1342 2594 1611 2656 τουτέστι,
1653 2592 1744 2642 τὸν
1791 2592 1875 2643 λέ·

293 2703 463 2753 γοντα.
492 2685 730 2754 Χριστόν
754 2702 799 2736 ἰ
843 2684 983 2753 Ἐγώ
1014 2687 1129 2753 εἰμι
1166 2686 1198 2755 ή
1223 2685 1393 2746 ὁδός.»
1420 2683 1496 2736 Δι’
1522 2685 1689 2753 αὐτῆς
1724 2686 1874 2752 ἀγνι-

296 2779 565 2849 σθήσεται
613 2778 719 2833 τῶν
769 2778 1053 2848 ἁμαρτιῶν
1101 2778 1199 2848 τὴν
1254 2778 1446 2845 ἄφεσιν
1496 2776 1870 2847 κακιζόμενος.

299 2871 563 2923 Ἐκτισεν
612 2865 706 2920 οὖν
763 2885 851 2939 με,
892 2869 1048 2939 φησι,
1098 2869 1373 2934 τουτέστι,
1430 2869 1731 2939 πεποίηκεν
1781 2868 1876 2921 ἐπὶ

297 2962 461 3029 νόμον
515 2961 612 3012 καὶ
667 2960 948 3029 προφήτας
992 2959 1167 3029 ἀρχὴν
1216 2960 1333 3027 ήτοι
1387 2960 1656 3025 ἐξουσίαν,
1705 2958 1765 3011 οὐ
1806 2959 1874 3012 τά

298 3051 527 3102 ἐκείνων
568 3050 781 3111 πάντως
827 3048 1055 3101 ἱστῶντα
1102 3049 1323 3118 ῥήματα
1370 3048 1595 3112 τυπικά,
1648 3048 1761 3101 ἀλλ’
1794 3051 1873 3111 εἰς

293 3142 433 3213 ἔργα
486 3140 654 3192 αὑτοῦ
700 3138 1091 3208 νομοθετοῦντα
1140 3139 1210 3191 τά
1260 3139 1656 3207 βελτίονα.”οτι
1685 3139 1741 3191 δέ
1790 3139 1872 3204 τὸ,

305 3253 322 3283 ι
362 3234 605 3289 ἔκτισεν.
644 3252 662 3283 ι
695 3232 757 3283 οὑ
788 3231 1001 3293 πάντως
1030 3230 1128 3301 τὴν
1148 3231 1333 3283 οὐσίαν
1360 3230 1528 3298 δηλοῖ,
1562 3230 1875 3302 ἀρκούντως

294 3327 397 3398 ήδη
433 3326 787 3398 προείρηται.

809 3501 1040 3566 Ἄλλως
1070 3500 1136 3552 τὸ
1175 3501 1342 3552 αὑτό.

368 3655 389 3685 ‹
440 3634 649 3704 Κύριος
703 3632 883 3686 ἐκτισέ
932 3650 1021 3703 με,
1062 3652 1082 3686 ι
1114 3634 1298 3702 ὅμοιον
1342 3632 1530 3701 ὥσπερ
1581 3631 1647 3683 ἂν
1689 3633 1737 3684 εί
1783 3632 1875 3683 καὶ

292 3723 479 3791 λέγοιο
530 3725 589 3775 Ὀ
643 3724 830 3795 Πατήρ
865 3741 954 3793 μοι
1005 3723 1162 3793 σῶμα
1212 3723 1597 3792 κατηρτίσατο,
1638 3724 1731 3774 καὶ
1764 3715 1875 3774 οἷον

294 3816 589 3885 ἄνθρωπόν
616 3832 682 3883 με
709 3814 918 3868 ἔκτισεν
952 3814 1092 3885 ὑπὲρ
1122 3817 1221 3884 τῆς
1247 3813 1551 3885 ἀνθρώπων
1580 3812 1869 3883 σωτηρίας.

295 3910 513 3977 Ὠσπερ
557 3908 666 3975 γάρ
705 3907 948 3960 Ἰωάννου
1002 3907 1099 3976 μὲν
1143 3905 1428 3973 λέγοντοςο
1487 3925 1505 3956 ι
1588 3905 1645 3957 '0
1703 3905 1875 3973 Λόγος

295 4002 434 4071 σάρξ
469 4000 707 4069 ἐγένετο,
741 4018 759 4050 ι
788 3999 997 4053 Παύλου
1028 3999 1085 4052 δὲ
1114 3999 1415 4069 γράφοντος
1445 3997 1571 4068 περὶ
1606 3997 1871 4069 Χριστοῦο

299 4116 315 4145 ι
361 4097 491 4149 Ὅτι
532 4094 755 4161 γέγονεν
800 4091 940 4162 ὑπὲρ
981 4090 1137 4161 ἡμῶν
1181 4090 1416 4158 κατάρα,
1468 4108 1486 4140 ι
1526 4090 1619 4141 καὶ
1672 4088 1869 4141 πάλιν·

298 4207 317 4238 ι
361 4189 469 4239 Τὸν
504 4186 578 4255 μὴ
624 4183 820 4252 γνόντα
851 4183 1149 4252 ἁμαρτίαν,
1198 4181 1340 4252 ὑπὲρ
1390 4182 1547 4251 ἡμῶν
1599 4183 1874 4251 ἁμαρτίαν

292 4281 573 4348 ἐποίησεν,
613 4296 632 4326 ι
665 4274 786 4327 οὗτε
818 4275 907 4327 τὸν
942 4275 1112 4341 Λόγον
1160 4274 1239 4335 είς
1289 4274 1466 4343 σάρκα
1501 4272 1873 4342 μεταπεποιῆ·

295 4370 419 4421 σθαι
462 4366 813 4436 πιστεύομεν,
863 4363 986 4417 οὔτε
1022 4365 1129 4434 μὴν
1172 4362 1301 4417 αὐτὸ
1338 4363 1583 4435 κατάραν
1628 4363 1873 4433 ἢάμαρ-

291 4462 415 4512 τίαν
441 4459 616 4520 ὅντως
661 4457 840 4525 φαμὲν
871 4456 1122 4524 γενέσθαι
1162 4455 1413 4525 Χριστὸν,
1445 4455 1580 4519 ἀλλ’,
1616 4454 1757 4507 οὕτω
1782 4454 1869 4506 λε-

291 4550 503 4617 γούσης
551 4549 649 4618 τῆς
696 4547 847 4610 θείας
898 4546 1144 4616 Γραφῆς,
1203 4545 1431 4615 νοοῦμεν
1483 4545 1741 4609 εὐσεϐῶς·
1777 4545 1869 4597 τὸν

1982 4537 2255 4606 Scriptura
2314 4538 2385 4590 ita
2436 4536 2707 4603 loquatur,
2768 4537 2853 4604 pie
2909 4538 3312 4604 intelligimus:

291 4642 458 4695 αὑτὸν
483 4640 546 4708 δὴ
576 4638 795 4707 τρόπον,
826 4639 873 4689 εἰ
902 4637 1047 4704 λέγοι
1096 4637 1224 4707 περὶ
1253 4635 1447 4688 ἑαυτοῦ
1494 4636 1573 4698 τὸ,
1613 4634 1868 4687 ι”Εκτισέ

294 4750 384 4801 με,
412 4751 430 4782 ι
464 4733 493 4784 ό
511 4729 605 4782 τοῦ
625 4728 758 4781 Θεοῦ
782 4728 974 4795 Λόγος,
993 4728 1113 4779 ἀντὶ
1146 4726 1263 4791 τοῦ,
1287 4726 1417 4780 ’Λνο
1428 4744 1604 4799 ρωπον
1625 4726 1863 4797 ἐποίησε,

291 4822 535 4891 νοητέον,
568 4820 661 4872 καὶ
695 4818 768 4889 μὴ
796 4818 937 4870 κατὰ
961 4819 1060 4887 τῆς
1086 4817 1273 4879 οὐσίας
1302 4815 1465 4868 αὐτοῦ
1496 4816 1554 4867 τὸ
1580 4816 1867 4887 εἰρημένον

291 4912 665 4985 ἐκδεχώμεθα.

490 5046 694 5108 ΑΛΛΟ,
731 5043 819 5096 ὅτι
850 5044 921 5096 οὐ
952 5042 1176 5110 κτίσμα
1207 5044 1239 5094 ὀ
1280 5039 1424 5103 Θεὸς
1453 5038 1659 5105 Λόγος.

360 5179 426 5230 EE
464 5175 711 5245 γέννημά
756 5176 871 5226 ἐστι
913 5173 1006 5225 τοῦ
1044 5172 1257 5241 Πατρδς
1297 5174 1326 5222 ό
1368 5169 1461 5223 τοῦ
1506 5168 1639 5222 Θεοῦ
1673 5169 1863 5235 Λόγος,

288 5268 382 5318 καὶ
414 5256 557 5317 οὕτω
596 5264 840 5318 καλεῖται
867 5265 1016 5335 παρά
1040 5265 1105 5332 τῇ
1140 5261 1259 5333 θείᾳ
1288 5262 1500 5331 Γραφῇ,
1533 5259 1649 5322 πῶς
1681 5259 1747 5311 ἂν
1776 5259 1861 5328 εἴη

288 5359 384 5410 καὶ
432 5358 670 5426 κτίσμα;
718 5357 955 5426 Ἀνάγκη
990 5358 1098 5425 γάρ
1145 5354 1303 5407 αὑτὸν
1348 5354 1496 5406 δυοῖν
1528 5350 1665 5404 εἶναι
1709 5350 1864 5403 θάτε-

290 5464 414 5515 ρον⁸
450 5447 484 5515 ἢ
512 5446 621 5516 γάρ
653 5446 897 5517 γέννημα
938 5446 1219 5516 ὑπάρχων,
1248 5445 1307 5497 τὸ
1336 5440 1474 5496 εἶναι
1515 5441 1719 5511 κτίσμα
1748 5441 1863 5493 δια-

362 5628 405 5657 "
445 5626 613 5679 Exod.
648 5643 739 5683 xx.
786 5626 872 5679 Η».
950 5626 993 5657 ⁸⁸
1021 5624 1208 5677 Matth.
1239 5639 1293 5687 v,
1350 5623 1439 5676 ‘28.

294 5711 377 5759 ttt,
406 5697 490 5750 15.
585 5696 628 5726 ³³
669 5695 705 5748 11
738 5694 864 5749 Cor.
908 5710 960 5756 ν,
989 5695 1078 5747 21.

531 5788 800 5847 Ρλτῐιοι.
850 5788 963 5847 GR.
1014 5785 1234 5845 LXXV.
1330 5844 1351 5853 η,

1538 5625 1594 5679 ν²⁹
1628 5621 1828 5678 Jerem.
1869 5636 1941 5685 vt,
1978 5619 2061 5674 16.

1994 1861 2313 1914 munditiam
2360 1861 2648 1915 animabus
2674 1861 2873 1916 vestris
2893 1861 2959 1915 ²⁹.
2994 1880 3012 1911 ι
3055 1859 3394 1913 Manifestum
3432 1871 3559 1910 vero

1990 1963 2076 2007 est
2124 1968 2246 2006 eum
2277 1968 2381 2008 non
2414 1952 2482 2006 de
2515 1953 2617 2006 viis
2647 1952 2852 2021 vulgari
2880 1953 3272 2022 significatione
3302 1951 3372 2005 ita
3400 1950 3560 2005 dictis

1990 2046 2157 2113 loqui.
2211 2045 2490 2110 Quomodo
2534 2045 2677 2096 enim
2732 2044 2999 2112 quispiam
3054 2042 3173 2097 illas
3222 2040 3561 2110 interroget?

1986 2138 2096 2189 Aut
2124 2138 2392 2205 quomodo
2432 2135 2499 2187 ab
2532 2134 2596 2187 iis
2624 2134 2839 2188 discat?
2875 2132 2929 2186 Si
2972 2134 3091 2202 quis
3125 2144 3304 2186 autem
3352 2147 3559 2187 ενι-ωο-

1986 2244 2107 2283 nem
2154 2230 2220 2282 ad
2265 2234 2484 2281 sanctos
2508 2226 2731 2289 referat,
2766 2225 3224 2295 158sententia:
3271 2224 3556 2277 utilitatem

1987 2320 2266 2389 percipiet.
2304 2319 2437 2372 Nam
2481 2319 2526 2372 si
2557 2320 2706 2387 quis,
2742 2330 2998 2387 tauquam
3047 2317 3149 2370 viis
3202 2316 3552 2385 quibusdam,

1985 2414 2185 2466 sanctis
2218 2413 2494 2481 prophetis
2519 2421 2755 2465 mentem
2791 2411 3048 2478 applicet,
3077 2425 3181 2463 non
3210 2410 3402 2462 leviter
3437 2410 3556 2463 illos

1985 2518 2333 2570 percurrens,
2357 2503 2450 2557 sed
2481 2513 2730 2557 accurate
2752 2502 2967 2555 illorum
2986 2502 3307 2556 sententiam
3332 2515 3552 2563 eruens,

1984 2594 2155 2647 discet
2189 2593 2331 2647 viam
2382 2598 2596 2658 bonam,
2638 2594 2737 2647 hoc
2786 2603 2890 2658 est,
2925 2594 3196 2646 Christum
3237 2592 3502 2645 dicentem
3536 2609 3549 2643 :

1992 2684 2132 2752 «Ego
2150 2700 2268 2739 sum
2293 2685 2378 2737 via
2400 2683 2498 2747 “,i
2523 2700 2616 2752 per
2636 2685 2773 2736 hanc
2792 2684 3155 2745 mandabitur,
3178 2683 3551 2736 remissionem

1961 2784 2333 2853 peccatorum
2365 2789 2727 2843 consequens.
2773 2774 2985 2827 Creavit
3017 2774 3181 2842 igitur
3216 2790 3322 2835 me,
3355 2773 3550 2840 inquit,

1985 2866 2086 2922 hoc
2126 2878 2231 2933 est,
2272 2870 2553 2921 constituit
2583 2880 2667 2919 me
2698 2866 3054 2934 principatum
3106 2874 3266 2933 atque
3298 2866 3549 2933 pietatem

1984 2958 2272 3012 habentem
2321 2973 2483 3028 super
2513 2958 2686 3027 legem
2723 2967 2777 3011 et
2821 2958 3135 3025 prophetas,
3186 2972 3289 3009 non
3340 2957 3551 3010 illorum

1982 3052 2125 3106 dicta
2164 3051 2341 3119 typica
2377 3051 2429 3103 in
2462 3051 2774 3103 universum
2802 3057 3151 3110 statuentem,
3185 3048 3277 3101 sed
3312 3048 3361 3100 in
3387 3062 3550 3116 opera

1983 3143 2153 3210 ipsius
2190 3142 2411 3195 meliora
2443 3142 2614 3210 legem
2670 3140 3105 3194 transferentem.
3140 3138 3291 3205 Quod
3324 3155 3446 3191 \‘cru
3491 3140 3547 3192 il.

1982 3232 2092 3296 Iud,
2145 3251 2163 3282 ι
2195 3232 2419 3296 creavit,
2457 3250 2474 3281 ι
2505 3246 2612 3284 ηοη
2662 3230 2884 3284 omnino
2916 3228 3209 3284 essentiam
3259 3228 3549 3297 signiticet,

1980 3324 2189 3378 aliunde
2226 3325 2359 3377 satis
2387 3334 2543 3377 antea
2576 3322 2779 3377 dictum
2807 3331 2910 3377 est.
3306 3316 3309 3319 ’

2575 3496 2727 3549 Idem
2780 3496 2932 3548 aliter

2053 3650 2069 3680 ι
2105 3628 2363 3684 Dominus
2391 3630 2597 3683 creavit
2630 3645 2737 3696 me,
2775 3649 2792 3680 ι
2830 3630 3053 3699 perinde
3078 3641 3160 3685 est
3194 3643 3258 3684 ac
3287 3631 3332 3685 sl
3363 3632 3547 3687 dicat:

1980 3720 2139 3774 Pater
2183 3720 2314 3772 mihi
2354 3734 2552 3787 corpus
2598 3722 2904 3783 constituit,
2957 3729 3009 3773 ct
3058 3721 3223 3774 veluti
3274 3721 3548 3779 hominem

1980 3826 2065 3863 me
2104 3810 2340 3872 ereavit,
2374 3823 2472 3877 pro
2522 3809 2696 3861 salute
2741 3811 3039 3863 hominum.
3083 3812 3549 3875 Quemadmodum

1977 3903 2122 3957 enim
2172 3915 2294 3956 cum
2340 3898 2578 3953 Joannes
2622 3899 2793 3953 dicit:
2827 3918 2845 3950 ι
2880 3899 3114 3953 Verbum
3171 3915 3300 3954 caro
3348 3900 3549 3957 factum

1977 4004 2061 4049 est
2082 3994 2155 4057 a1;
2202 4012 2220 4042 ›
2292 4004 2348 4046 et
2395 3990 2596 4045 Paulus
2642 3991 2708 4045 de
2772 3990 2989 4045 Christo
3039 4008 3052 4043 :
3109 4010 3125 4040 ι
3166 3991 3318 4056 Quod
3374 3991 3549 4045 factus

1975 4096 2062 4140 est
2104 4099 2202 4153 pro
2259 4084 2414 4138 nobis
2462 4082 2770 4139 maledictio
2792 4084 2874 4148 ³³;
2906 4101 2924 4134 i
2985 4091 3039 4135 et
3095 4096 3324 4137 rursus:
3359 4101 3377 4133 ι
3410 4083 3546 4137 Eum

1975 4176 2068 4245 qui
2119 4189 2227 4229 non
2279 4174 2430 4229 novit
2478 4184 2780 4243 peccatum,
2829 4189 2927 4243 pro
2971 4174 3123 4229 nobis
3155 4183 3433 4242 peccatum
3466 4172 3547 4226 [ες

1975 4267 2154 4332 cit";
2184 4286 2203 4319 ι
2242 4281 2416 4336 neque
2440 4264 2685 4321 'Verbum
2740 4266 2795 4321 in
2849 4281 3069 4322 carnem
3123 4274 3385 4331 mutatum
3426 4280 3549 4321 esse

1978 4359 2290 4422 credimus,
2340 4373 2514 4427 neque
2561 4358 2833 4413 Christum
2888 4359 3062 4426 ipsam
3112 4358 3547 4413 maledictioueui

1979 4459 2071 4503 aut
2100 4458 2374 4517 peccatum
2417 4462 2601 4501 revera
2635 4446 2832 4500 factum
2863 4447 3049 4511 fuisse,
3108 4449 3203 4501 sed
3234 4464 3355 4502 cum
3388 4462 3548 4500 sacra

3355 4538 3545 4589 eadem

1980 4631 2184 4683 ratione
2226 4630 2269 4681 si
2327 4628 2453 4681 dicit
2500 4629 2564 4680 de
2619 4628 2796 4695 seipso
2846 4625 3076 4680 Verhuni
3127 4629 3243 4691 Dei,
3280 4646 3296 4677 ‹
3328 4625 3546 4679 Cremit

1981 4736 2086 4782 me,
2120 4739 2137 4770 ι
2175 4720 2245 4773 ita
2275 4718 2676 4787 intelligendum
2705 4730 2808 4779 est,
2842 4716 3121 4771 Hominem
3159 4732 3242 4769 me
3262 4719 3408 4776 fecit,
3437 4733 3543 4767 non

1978 4824 2105 4863 vero
2133 4808 2200 4861 de
2232 4810 2466 4862 essentia
2502 4808 2670 4875 ipsius
2702 4810 2903 4862 dictum
2949 4809 3407 4875 interpretamlum
3437 4816 3541 4858 est.

2081 5029 2310 5094 ALIUD,
2351 5030 2505 5108 quod
2538 5027 2759 5082 Verbum
2796 5028 2887 5082 Dei
2918 5045 3019 5081 non
3062 5029 3128 5081 sit
3172 5037 3435 5099 creatura.

2046 5164 2102 5219 Si
2134 5164 2370 5218 Verbum
2424 5163 2515 5217 Dei
2561 5171 2642 5218 est
2670 5163 2915 5232 genimen
2964 5162 3159 5223 Patris,
3215 5171 3376 5230 atque
3409 5163 3479 5217 ita
3513 5180 3540 5216 a

1972 5258 2150 5312 divina
2183 5257 2459 5324 Scriptura
2496 5266 2741 5322 vocatur,
2775 5257 3042 5326 quomodo
3074 5256 3142 5308 sit
3175 5266 3228 5308 et
3255 5257 3547 5309 creatura?

1973 5348 2204 5403 Necesse
2236 5349 2378 5402 enim
2410 5358 2489 5402 est
2518 5349 2690 5417 ipsum
2723 5364 2753 5403 e
2776 5349 2983 5403 duobus
3017 5348 3100 5401 his
3136 5349 3363 5401 alterum
3396 5362 3540 5402 esse.

1972 5441 2079 5492 Aut
2123 5439 2291 5501 enim,
2331 5453 2450 5491 cum
2501 5440 2572 5494 sit
2611 5438 2825 5507 genitus
2856 5452 2885 5491 a
2922 5437 3102 5502 Patre,
3137 5448 3385 5492 creatura
3435 5451 3540 5491 non

2744 5619 2783 5650 ³¹
2822 5616 2975 5674 Joan.
3022 5636 3058 5683 ι,
3097 5614 3182 5668 14.
3288 5613 3331 5644 ³¹
3362 5607 3533 5664 Galat.

3094 5757 3105 5767 ’
3149 5767 3187 5823 9

2166 5620 2209 5650 ³ο
2248 5617 2403 5672 Juan.
2442 5633 2555 5684 xtv,
2586 5618 2637 5672 6.
