4106 6204
476 252 584 307 967

1483 254 1545 310 S.
1594 250 1874 308 CYRILLI
1917 248 2389 309 ALEXANDRINI
2428 250 2749 311 ARCIIIEP.

3649 254 3753 310 263

476 372 582 427 erit
616 398 628 433 :
660 386 750 431 aut
791 376 834 431 si
868 389 1004 446 opus
1039 383 1095 430 et
1138 382 1388 431 creatura
1434 382 1537 440 est,
1566 372 1722 441 juxta
1755 386 1875 439 vos,
1907 373 2049 444 geni-

2166 375 2450 444 φεύξεται,
2481 377 2514 448 ἢ
2544 379 2757 448 ποίημα
2802 374 2897 430 καλ⁸
2931 374 3136 445 κτίσμα
3166 373 3289 428 καθ’
3331 372 3474 443 ὑμᾶς
3520 371 3619 438 ὢν,
3651 373 3751 427 οὐκ

480 479 569 526 tus
615 485 645 523 a
692 467 851 522 Patre
905 481 1013 522 non
1067 468 1191 522 erit.
1243 465 1412 522 Nemo
1459 465 1604 519 enim
1652 478 1887 533 unquam
1931 479 2067 536 opus

477 575 633 615 suum
676 558 926 629 genimen
955 567 1009 615 et
1058 559 1226 612 lilium
1267 567 1444 611 vocat.
1478 554 1611 610 Cum
1656 568 1784 610 vero
1816 556 2064 625 genimen

475 654 572 717 sit,
606 651 777 707 Filius
803 666 935 722 ergo
962 661 1017 707 et
1056 666 1160 706 non
1194 659 1445 705 creatura
1479 646 1812 703 censebitur.

779 760 1009 824 ALIUD,
1047 762 1103 813 in
1141 759 1377 812 eamdem
1418 759 1754 813 sententiam.

547 873 716 930 Sacra
749 872 1031 943 Scriptura
1072 880 1232 925 vocat
1264 872 1498 927 Verbum
1539 873 1655 937 Dei,
1692 872 2059 944 Unigenitum.

474 964 532 1021 Si
568 979 699 1036 ergo
746 964 847 1018 hoc
892 974 996 1029 est,
1046 964 1320 1032 quomodo
1353 965 1567 1018 censeri
1624 965 1796 1031 possit
1844 975 2060 1021 creatus

473 1071 600 1111 esse
646 1053 943 1110 secundum
990 1055 1281 1109 essentiam
1335 1054 1388 1107 in
1441 1056 1765 1124 principium
1809 1058 2058 1124 aliorum,

472 1159 612 1214 quos
646 1152 837 1199 auctor
871 1142 1293 1199 Proverbiorutn
1324 1155 1482 1199 vocat
1507 1146 1661 1199 vias?
1690 1147 1822 1201 Nam
1864 1148 1909 1202 si
1938 1164 2058 1202 om-

472 1236 604 1290 nino
651 1235 774 1290 aliis
825 1246 1243 1300 annumeratur,
1292 1248 1454 1305 atque
1502 1238 1809 1308 aliquorum
1858 1240 2059 1308 princi-

471 1327 619 1399 pium
652 1338 759 1395 εει,
805 1337 955 1382 certe
987 1341 1112 1397 pars
1155 1328 1319 1382 totius
1351 1328 1597 1398 corporis
1634 1329 1817 1395 fuerit,
1849 1340 1906 1384 et
1950 1345 2057 1385 non

469 1418 576 1472 erit
610 1418 944 1488 unigenitns,
991 1433 1113 1472 cunt
1152 1418 1352 1474 multos
1377 1429 1640 1489 praeterea
1678 1422 1875 1477 habeat
1921 1436 2057 1491 quo-

469 1522 595 1561 rum
629 1508 951 1579 principium
982 1517 1225 1564 creatum
1258 1522 1316 1562 se
1346 1523 1468 1563 esse
1500 1509 1651 1565 dicit.
1680 1510 1738 1566 Si
1765 1511 1909 1566 enim
1944 1512 2055 1581 pri-

470 1612 593 1656 Inus
620 1602 850 1656 aliorum
882 1610 988 1667 est,
1022 1616 1126 1655 non
1152 1601 1259 1655 erit
1291 1603 1496 1657 idcirco
1526 1604 1693 1658 solus.
1721 1603 2055 1674 Principium

468 1693 613 1747 enim
644 1687 895 1761 alicuius,
927 1692 1141 1747 tametsi
1182 1693 1247 1748 iis
1268 1707 1387 1761 qua;
1415 1705 1537 1763 pOSt
1562 1695 1735 1764 ipsum
1762 1705 1892 1750 sunt
1917 1705 2056 1751 tem-

463 1798 602 1852 pore
631 1783 784 1852 prius
820 1783 913 1847 sit,
973 1782 1136 1853 159
1164 1786 1269 1839 erit
1297 1795 1473 1840 tamen
1501 1801 1567 1840 ex
1591 1800 1777 1841 eorum
1805 1801 2053 1851 numero,

468 1883 633 1944 atque
664 1875 798 1929 adeo
831 1874 961 1943 ipsis
994 1886 1305 1946 cognatum.
1356 1878 1515 1945 Atqui
1547 1876 1738 1932 Ruben
1772 1878 1944 1933 factus
1972 1889 2058 1933 est

467 1966 799 2036 principium
828 1965 1063 2020 filiorum
1084 1964 1286 2034 Jacob,
1319 1969 1413 2022 sed
1447 1984 1554 2023 non
1578 1969 1781 2023 idcirco
1810 1970 2057 2039 unigeni-

469 2067 579 2121 tus,
620 2071 794 2127 neque
829 2057 897 2111 ab
947 2070 1136 2111 eorum
1176 2058 1269 2126 qui
1321 2058 1652 2127 posteriores
1694 2070 1873 2127 erant,
1923 2063 2055 2116 sub-

466 2150 671 2202 stantia
713 2147 942 2202 alienus.
974 2148 1031 2202 Si
1065 2162 1196 2217 ergo
1227 2148 1459 2203 Verbum
1495 2150 1816 2218 principium
1840 2152 2053 2222 aliquo-

468 2250 588 2294 rum
633 2247 877 2294 creatum
931 2246 1038 2301 est,
1088 2253 1263 2307 neque
1310 2240 1621 2310 unigenitns
1662 2239 1843 2305 fuerit,
1880 2256 2054 2311 neque

469 2332 681 2385 ratione
723 2341 928 2385 naturae
974 2332 1042 2384 ab
1073 2330 1140 2384 iis
1186 2343 1417 2400 quorum
1474 2341 1557 2387 est
1602 2332 1923 2402 principium
1971 2334 2055 2389 di-

468 2438 683 2487 versus,
712 2429 875 2492 a‘tqu'e
908 2423 980 2476 ita
1004 2424 1279 2478 creaturis
1307 2424 1776 2482 annumerabitur.
1814 2425 1880 2480 Et
1904 2441 2052 2481 men-

466 2516 633 2569 tietur
658 2515 878 2584 quidem
915 2514 1079 2569 Pater
1114 2515 1306 2569 Filium
1341 2517 1517 2586 ipsum
1548 2533 1778 2585 vocans;
1825 2521 2051 2574 mentie-

467 2615 557 2659 tur
611 2608 775 2660 etiam
825 2606 1025 2660 beatus
1074 2604 1314 2661 Joannes
1362 2607 1588 2663 dicens:
1625 2626 1642 2659 ι
1679 2609 1734 2663 ltt
1787 2611 2051 2679 principio

466 2708 587 2753 erat
622 2697 855 2753 Verbum
879 2694 949 2752 “.
1003 2717 1021 2749 ι
1051 2696 1338 2764 Quomodo
1383 2700 1527 2752 enim
1566 2710 1707 2766 erat,
1757 2702 1802 2755 si
1850 2702 2048 2757 factum

2172 469 2240 523 ἂν
2292 469 2380 540 είη
2442 468 2706 540 γέννημα.
2759 468 2947 531 Οὐδεὶς
2993 468 3101 537 γὰρ
3159 465 3377 519 πώποτε
3433 464 3494 517 τὸ
3554 464 3750 518 ἑαυτοῦ

2171 562 2386 633 ποίημα
2416 562 2663 631 γέννημα
2696 560 2789 614 καὶ
2819 559 2932 613 υίὸν
2965 558 3246 612 ἀποκαλεῖ.
3295 555 3515 626 Ἐπειδὴ
3542 556 3598 609 δὲ
3630 557 3751 625 γέν-

2170 654 2321 724 νημὰ
2349 656 2519 717 ἐστιν,
2556 654 2683 717 Υἱὸς
2717 653 2825 724 ἄρα
2858 652 2955 705 καὶ
2982 652 3044 705 οὐ
3082 650 3298 721 ποίημα
3329 648 3677 719 νοηθήσεται.

2650 767 2847 833 ΑΛΛΟ,
2886 767 2975 831 εὶς
3004 764 3071 818 τὸ
3104 763 3273 819 αὐτό.

2240 862 2519 948 Μονογενῆ
2567 879 2657 932 τὸν
2702 877 2797 931 τοῦ
2848 877 2985 930 Θεοῦ
3035 876 3210 944 Λόγον
3250 877 3307 929 αἱ
3344 873 3484 929 θεῖαι
3524 873 3747 927 καλοῦσι

2167 972 2405 1044 Γραφαί.
2441 972 2505 1023 Ei
2534 970 2715 1023 τοίνυν
2743 969 2901 1023 τοῦτό
2944 970 3081 1036 ἐστι,
3118 966 3237 1029 πῶς
3277 966 3341 1019 ἂν
3369 967 3539 1019 νοοῖτο
3567 964 3739 1016 κτίσε-

2169 1063 2293 1118 σθαι
2327 1057 2449 1118 κατ⁴
2473 1061 2662 1116 οὐσίαν
2689 1057 2771 1125 είς
2800 1059 3006 1132 ἑτέρων
3036 1059 3209 1131 ἀρχὴν
3229 1099 3243 1123 ,
3277 1058 3343 1121 ἃς
3367 1057 3520 1120 ὁδοὺς
3553 1055 3735 1111 ἐκάλεε

2168 1173 2260 1211 σεν
2290 1157 2319 1210 6
2350 1152 2798 1226 Παροιμιαστής;
2836 1153 2898 1206 Ei
2932 1151 3042 1224 γὰρ
3074 1149 3211 1214 ὅλως
3240 1149 3447 1221 ἑτέροις
3492 1147 3749 1200 συντέταα

2164 1264 2292 1300 κται
2322 1245 2417 1300 καί
2448 1242 2612 1298 τινών
2640 1244 2789 1296 ἐστιν
2815 1239 2981 1314 ἀρχὴ,
3019 1240 3185 1313 μέρος
3213 1239 3279 1293 ἂν
3312 1239 3400 1309 εἴη
3432 1237 3523 1291 τοῦ
3545 1237 3746 1298 παντὸς

2166 1339 2439 1410 σώματος,
2482 1335 2577 1391 καὶ
2606 1336 2708 1390 οὐκ
2740 1334 2895 1389 ἔσται
2929 1335 3244 1404 μονογενὴς,
3288 1333 3316 1384 6
3345 1330 3573 1393 πολλοὺς
3607 1330 3744 1399 έχων

2161 1432 2289 1494 τοὺς
2329 1427 2549 1500 ἑφεξῆς,
2586 1420 2662 1482 ὧν
2692 1424 3027 1480 ἐαυτδνθκαὶ
3068 1422 3242 1494 ἀρχὴν
3266 1420 3511 1475 ἐκτίσθαι
3555 1421 3739 1490 φησιν.

2162 1523 2226 1577 Εί
2272 1522 2378 1593 γὰρ
2428 1521 2524 1573 καὶ
2573 1518 2790 1590 πρῶτος
2817 1514 3044 1585 ἐκτίσθη
3091 1513 3201 1567 τῶν
3244 1514 3440 1577 ἄλλων,
3494 1512 3609 1566 ἀλλ’
3642 1512 3741 1564 οὐκ

2162 1611 2315 1664 ἔσται
2338 1608 2427 1663 διὰ
2462 1606 2621 1661 τοῦτο
2652 1608 2830 1677 μόνος.
2868 1604 2933 1658 Ἦ
2965 1603 3075 1674 γάρ
3111 1618 3253 1666 τινος
3279 1601 3443 1672 ἁρχὴ,
3474 1599 3577 1653 κᾶν
3604 1612 3740 1668 προ-

2161 1702 2360 1776 τερεύῃ
2388 1702 2494 1756 τῶν
2528 1699 2646 1771 μεθ’
2674 1697 2873 1769 ἑαυτὴν
2900 1697 2987 1750 διὰ
3014 1696 3107 1748 τὸν
3136 1694 3346 1765 χρόνον,
3385 1693 3536 1745 ἐσται
3577 1690 3742 1744 πάλιν

2160 1797 2342 1858 αὐτοῖς
2376 1792 2690 1864 ὲναρίθμιός
2734 1806 2795 1842 τε
2843 1789 2938 1842 καὶ
2967 1786 3257 1855 συγγενής.
3310 1784 3504 1851 Γέγονε
3554 1781 3680 1851 γοῦν
3711 1784 3743 1833 6

2170 1885 2397 1956 Ῥουὸὶμ
2425 1883 2567 1956 ἀρχὴ
2594 1884 2799 1935 τέκνων
2840 1878 3057 1945 Ἰακὼϐ,
3093 1877 3208 1931 ἀλλ’
3235 1877 3298 1930 οὐ
3337 1875 3424 1929 διὰ
3461 1874 3618 1927 τοῦτο
3647 1892 3742 1944 μοο

2155 1977 2403 2049 νογενὴς,
2430 1976 2550 2030 οὐδὲ
2579 1976 2679 2046 τῆς
2711 1974 2819 2027 τῶν
2850 1972 2968 2043 μεθ’
2996 1971 3188 2024 ἑαυτὸν
3218 1968 3408 2031 οὐσίας
3436 1965 3734 2036 ἀλλότριος.

2155 2071 2221 2126 Ei
2264 2072 2445 2126 τοίνυν
2473 2069 2615 2141 ἀρχή
2657 2084 2820 2120 τινων
2855 2066 2884 2118 6
2917 2064 3088 2132 Λόγος
3136 2060 3383 2131 ἐκτίσθη.
3414 2058 3526 2111 οὐτ’
3555 2058 3619 2110 ἂν
3650 2059 3735 2126 εἴη

2158 2164 2471 2238 μονογενὴς,
2520 2160 2644 2215 οὐτε
2696 2159 2803 2230 μὴν
2847 2157 2988 2211 κατὰ
3036 2156 3131 2209 τὸν
3174 2154 3273 2225 τῆς
3316 2152 3533 2222 φύσεως
3578 2149 3736 2217 λόγον

2154 2258 2379 2313 ἐκείνων
2408 2252 2820 2323 ἁπεξενωμένος
2848 2244 2923 2304 ὧν
2953 2251 3103 2302 ἐστιν
3134 2246 3299 2318 ἀρχὴ,
3345 2244 3489 2298 οὕτω
3526 2261 3586 2297 τε
3625 2246 3737 2305 τοϊς

2153 2349 2416 2421 κτίσμασι
2448 2345 2900 2417 συνταχθήσεται.
2936 2343 3048 2397 Καὶ
3071 2341 3346 2411 ψεύσεται·
3365 2339 3463 2409 μὲν
3488 2338 3517 2391 6
3548 2336 3735 2406 Πατὴρ

2154 2442 2281 2495 Υίὺν
2315 2440 2479 2494 αὐτὸν
2513 2435 2804 2493 ἀποκαλῶν
2826 2451 2841 2468 ο
2875 2435 3136 2505 ψεύσεται
3167 2431 3224 2485 δὲ
3267 2430 3361 2484 καὶ
3389 2432 3419 2483 6
3463 2428 3734 2499 μακάριος

2164 2533 2439 2603 Ἰωάννης,
2479 2530 2689 2599 λέγων·
2738 2549 2757 2580 ι
2812 2530 2901 2582 Ἐν
2938 2528 3082 2599 ἀρχῇ
3119 2521 3189 2597 ἦν
3236 2526 3264 2578 6
3298 2524 3491 2591 Λόγος.
3542 2539 3561 2572 ι
3609 2519 3733 2582 Πῶς

2152 2626 2260 2698 γὰρ
2292 2620 2381 2695 ἦν,
2411 2626 2460 2678 εί
2487 2622 2714 2692 γέγονε;
2751 2620 2877 2684 Πῶς
2904 2620 2963 2674 δὲ
2994 2618 3125 2682 Θεὸς
3151 2613 3219 2688 ἦν
3246 2617 3275 2670 6
3305 2616 3499 2683 Λόγος,
3540 2616 3588 2665 εί
3615 2613 3732 2665 κτί-

2152 2714 2336 2781 Caret;
2376 2714 2498 2777 Πῶς
2533 2712 2578 2766 δ’
2606 2712 2672 2767 ἂν
2709 2712 2793 2782 εἴη
2826 2712 2921 2765 καὶ
2952 2709 3157 2777 Κύριος
3184 2708 3213 2759 6
3245 2709 3381 2777 μετὰ
3413 2704 3521 2759 τῶν
3557 2703 3733 2757 ἄλλων

467 2789 592 2845 est?
632 2790 741 2843 Aut
770 2790 1042 2858 quomodo
1081 2789 1224 2844 Deus
1270 2799 1387 2843 erat
1416 2788 1675 2856 Verbum,
1725 2793 1769 2847 si
1805 2805 2047 2849 creatum

2154 2808 2227 2873 ὡς
2263 2807 2449 2871 δοῦλος
2493 2804 2885 2875 πεποιημένος,
2931 2802 3024 2856 καὶ
3078 2800 3244 2871 μέρος
3286 2797 3361 2851 ῶν
3407 2798 3506 2868 τῆς
3550 2796 3730 2862 πάσης

464 2880 589 2935 est?
620 2879 728 2934 Aut
753 2879 1029 2949 quomodo
1056 2880 1130 2934 sit
1172 2880 1457 2943 Dominus,
1496 2882 1585 2950 qui
1618 2897 1720 2935 una
1751 2898 1873 2937 cum
1924 2884 2046 2938 aliis

465 2983 527 3028 ut
554 2988 744 3029 servus
786 2972 962 3028 factus
993 2982 1080 3027 est
1120 2981 1180 3026 ‘et
1231 2986 1359 3042 pars
1392 2974 1663 3030 universa:
1719 2977 2050 3032 creationis?

466 3065 574 3120 Sed
621 3066 720 3119 hoc
748 3065 1041 3120 absurdum
1083 3071 1187 3118 est.
1217 3061 1350 3118 lllud
1375 3064 1575 3134 itaque,
1620 3082 1639 3118 ι
1671 3068 1894 3131 creavit,
1924 3087 1943 3120 ι
1976 3069 2042 3123 ad
2075 3096 2121 3157 ε

464 3159 759 3213 essentiam
793 3156 1132 3211 referendum
1168 3169 1275 3209 non
1306 3167 1412 3210 est.

1139 3247 1368 3305 ALIUD.

536 3364 616 3425 Si,
661 3378 754 3432 per
794 3377 909 3427 vos,
949 3362 1118 3419 Filius
1164 3366 1461 3421 secundum
1492 3368 1785 3421 essentiam
1830 3379 2047 3425 creatus

462 3462 568 3519 est,
601 3454 925 3523 principium
974 3455 1303 3525 reliquorum
1351 3458 1645 3523 exsistens,
1680 3468 1736 3512 ut
1783 3461 2044 3530 scriptum

462 3558 569 3615 est,
607 3548 880 3618 quomodo
926 3548 1185 3617 praeditus
1231 3557 1315 3601 est
1371 3547 1623 3603 facultate
1667 3551 1912 3618 creandi,
1952 3561 2045 3604 aut

462 3638 737 3708 quomodo
770 3637 997 3692 aliorum
1028 3647 1242 3693 creator
1283 3638 1459 3692 factus
1482 3640 1606 3693 est?
1632 3638 1865 3697 Necesse
1900 3642 2044 3697 enim

466 3739 573 3793 est,
624 3735 682 3783 ut
731 3729 782 3783 id
831 3730 975 3798 quod
1023 3728 1253 3798 alicujus
1284 3728 1612 3801 principium
1648 3741 1753 3799 est,
1803 3733 2043 3803 ejusdem

461 3821 781 3877 substantiae
827 3820 897 3875 sit
948 3836 1070 3876 cunt
1121 3831 1233 3877 ιοιο
1274 3822 1426 3892 cujus
1466 3823 1792 3894 principium
1836 3835 1938 3881 est.
1986 3825 2043 3880 Si

459 3926 592 3980 ergo
639 3910 831 3976 Filius,
888 3926 1012 3967 cum
1061 3912 1133 3966 sit
1164 3924 1447 3980 creatura,
1483 3916 1702 3970 creandi
1736 3914 2042 3971 facultatem

460 4002 645 4066 habet,
693 4001 973 4057 habebunt
1007 4002 1106 4055 hoc
1152 4010 1207 4056 et
1252 4004 1473 4071 reliqua-
1512 4013 1798 4068 creaturae,
1830 4005 2040 4058 tametsi

459 4108 560 4163 per
586 4092 781 4146 Filium
818 4093 974 4147 facta:
1012 4094 1143 4157 sint,
1192 4104 1247 4147 et
1290 4103 1482 4147 natura
1515 4096 1780 4149 creatrice
1806 4096 2044 4164 praedita:

456 4193 640 4237 erunt.
687 4181 831 4236 Niltil
869 4184 1049 4251 itaque
1092 4183 1324 4252 amplius
1372 4184 1477 4237 erit
1524 4183 1578 4237 in
1625 4184 1736 4239 Deo
1788 4200 1951 4253 quam
1985 4186 2038 4240 in

459 4272 748 4327 creaturis.
793 4271 854 4327 Si
889 4287 1020 4327 vero
1058 4290 1164 4329 non
1212 4285 1299 4329 est
1341 4257 1661 4345 principium
1712 4274 2041 4345 reliquarum

457 4371 859 4425 creaturarum,
891 4374 947 4417 ut
980 4375 1229 4419 creatura
1280 4368 1444 4419 ctiam
1476 4367 1589 4435 ipse
1619 4383 1631 4419 :
1664 4365 1830 4422 Filius
1862 4368 2043 4439 itaque

458 4463 543 4510 est
569 4454 896 4525 unigettitus.

637 4567 874 4632 ALIUD,
916 4585 1011 4637 per
1054 4570 1408 4653 reductiouem
1446 4570 1515 4623 ad
1552 4571 1861 4626 absurdum.

533 4703 553 4737 ι
583 4684 843 4740 Dominus
866 4684 1077 4739 creavit
1101 4700 1187 4739 tne
1218 4684 1542 4754 principium
1577 4685 1788 4738 viarum
1818 4700 2037 4741 suarum

456 4779 512 4832 in
542 4794 707 4849 Opera
750 4777 943 4847 ipsius.
978 4795 998 4828 ι
1040 4776 1095 4831 Si
1137 4778 1259 4846 quis
1288 4777 1680 4833 contentiosius
1717 4779 1919 4833 dictum
1953 4780 2036 4834 in-

457 4870 678 4936 quirere
724 4869 886 4931 velit,
922 4868 1194 4922 malitiose
1237 4868 1427 4923 dicet:
1459 4868 1518 4924 Si
1562 4870 1772 4939 primus
1820 4882 2038 4927 creatus

456 4968 563 5022 est,
624 4957 909 5027 factusque
955 4968 1039 5014 est
1081 4957 1429 5029 principium,
1479 4970 1534 5015 ut
1580 4976 1678 5016 vos
1720 4963 2041 5031 opinamini,

455 5046 732 5114 quomodo
763 5047 816 5100 in
848 5061 1012 5115 opera
1051 5048 1305 5103 creatur?
1346 5047 1461 5104 Non
1491 5049 1637 5103 enim
1666 5050 1803 5105 dixit
1831 5068 1844 5105 :
1877 5052 2042 5107 Crea-

456 5136 537 5189 vit
570 5151 657 5207 me
692 5136 971 5202 Dominus,
1020 5153 1080 5193 ut
1115 5138 1309 5195 faciant
1354 5156 1518 5212 opera
1561 5142 1753 5211 ipsius,
1791 5145 1909 5209 sed,
1934 5162 1953 5195 ι
1985 5145 2036 5199 in

453 5239 620 5294 opera
650 5226 839 5297 ipsius.
872 5248 890 5279 ο
923 5227 1060 5283 Nam
1093 5233 1248 5300 quasi
1276 5233 1389 5302 jam
1421 5235 1733 5291 constitutis
1759 5237 2032 5305 operibus,

455 5329 697 5373 creatum
738 5336 798 5374 se
829 5322 959 5376 dicit
1005 5323 1058 5377 in
1108 5339 1194 5379 ea.
1239 5324 1392 5391 Quod
1428 5328 1474 5381 si
1510 5328 1581 5381 ita
1615 5340 1721 5393 est,
1766 5330 2036 5398 quomodo

454 5407 636 5463 adhuc
679 5410 888 5479 primus
934 5422 1041 5478 est,
1074 5418 1345 5471 secundus
1391 5426 1512 5486 post
1547 5417 1635 5471 illa
1681 5416 1896 5474 factus?
1928 5421 2036 5474 Aut

455 5498 730 5568 quomodo
759 5500 829 5555 sit
861 5501 1187 5573 principium
1224 5505 1475 5571 aliorum,
1507 5508 1599 5577 qui
1628 5518 1830 5575 postea
1855 5510 2030 5566 factu:

526 5655 571 5687 ³⁸
609 5651 762 5711 Joan.
796 5671 835 5725 ι,
875 5660 924 5713 ι.

2070 4443 2119 4501 D

2151 2900 2418 2964 κτίσεως;
2466 2895 2626 2950 Ἀλλὰ
2667 2894 2827 2948 τοῦτο
2856 2894 3090 2949 ἄτοπον·
3121 2892 3183 2946 τὸ
3230 2908 3249 2942 ι
3292 2889 3505 2943 ἔκτισεν
3555 2905 3573 2939 ι
3621 2886 3731 2956 ἄρα

2150 2991 2295 3047 κατὰ
2324 2989 2425 3059 τῆς
2464 2989 2651 3051 οὐσίας
2679 2987 2739 3040 οὐ
2775 2986 3037 3039 κείσεται.

2837 3255 3038 3310 ΑΛΛΟ.

2222 3374 2285 3429 Ei
2312 3373 2431 3427 κατ’
2470 3371 2656 3425 οὐσίαν
2687 3368 2934 3439 ἐκτίσθη,
2990 3364 3113 3420 καθ’
3143 3366 3309 3435 ὑμᾶς,
3346 3361 3375 3416 6
3422 3358 3550 3422 Υἱδς
3584 3357 3728 3430 ἀρχὴ

2148 3466 2259 3521 τῶν
2289 3464 2486 3535 ἑφεξῆς
2525 3462 2807 3535 ὑπάρχων,
2848 3460 2924 3523 ὡς
2972 3458 3306 3528 γέγραπται,
3351 3454 3469 3516 πῶς
3513 3452 3624 3522 ἔχει
3668 3452 3730 3502 τὸ

2149 3557 2408 3613 δύνασθαι
2448 3556 2823 3626 δημιουργεῖν,
2874 3552 2993 3616 πῶς
3042 3551 3099 3605 δὲ
3150 3549 3259 3604 τῶν
3307 3547 3482 3600 ἄλλων
3537 3545 3728 3613 γέγονε

2153 3651 2419 3722 ποιητής;
2478 3647 2715 3716 Ἀνάγκη
2751 3645 2860 3717 γὰρ
2902 3644 3004 3714 τήν
3048 3659 3192 3706 τινος
3237 3640 3590 3722 ὑπάρχουσαν
3626 3635 3728 3703 ἀρ-

2150 3743 2251 3813 χὴν
2270 3718 2280 3722 ⁷
2301 3718 2402 3810 τῆς
2436 3738 2605 3806 αὐτῆς
2636 3734 2826 3797 οὐσίας
2872 3729 3008 3786 εἶναι
3039 3730 3117 3800 τῷ
3147 3729 3329 3793 παντὶ,
3359 3718 3419 3779 οὐ
3453 3724 3548 3778 καὶ
3581 3721 3730 3774 ἐστιν

2149 3833 2313 3903 ἀρχή.
2348 3829 2413 3883 Εἰ
2442 3827 2620 3881 τοίνυν
2648 3826 2856 3894 κτίσμα
2885 3824 2961 3879 ῶν
2989 3826 3017 3875 6
3044 3821 3173 3884 Υἱὸς
3213 3820 3324 3890 ἔχει
3371 3816 3465 3870 καὶ
3498 3814 3729 3882 δύναμιν

2146 3921 2569 3994 δημιουργικὴν,
2615 3919 2727 3984 ἓξει
2765 3917 2923 3972 τοῦτο
2951 3918 3045 3970 καὶ¹
3072 3916 3143 3970 τὰ
3170 3914 3304 3969 ἄλλα
3334 3912 3630 3981 κτίσματα,
3673 3905 3726 3959 εί

2147 4013 2243 4067 καὶ
2269 4013 2462 4081 γέγονε
2489 4011 2556 4064 δι’
2590 4009 2741 4074 Υίοῦ,
2770 4011 2863 4064 καὶ
2888 4009 3029 4062 αὐτὰ
3059 4007 3220 4077 φύσιν
3248 4005 3441 4075 ἔχοντα
3459 4002 3724 4071 δημιουρ-

2147 4106 2332 4175 γικὴν.
2368 4103 2534 4157 Οὐδὲν
2555 4100 2649 4157 οὖν
2676 4104 2734 4155 ὲν
2762 4100 2880 4171 Θεῷ
2899 4100 2962 4153 τὸ
2983 4099 3145 4152 πλέον
3172 4096 3325 4167 παρὰ
3342 4095 3410 4149 τὰ
3427 4092 3723 4160 κτίσματα.

2147 4192 2280 4246 Είδὲ
2301 4192 2403 4244 οὐκ
2426 4190 2572 4243 ἔστιν
2604 4190 2745 4263 ἀρχὴ
2771 4191 2878 4244 τῶν
2890 4188 3064 4243 ἄλλων
3090 4185 3406 4257 κτισμάτων
3424 4183 3500 4244 ὼς
3517 4178 3724 4246 ποίημα

2147 4285 2242 4339 καὶ
2273 4283 2436 4348 αὐτός
2457 4300 2471 4313 ·
2504 4284 2632 4347 Υίὺς
2661 4283 2770 4353 ἄρα
2801 4282 2896 4335 καὶ
2928 4280 3222 4351 μονογενής
3261 4279 3429 4330 ἐστιν.

2146 4572 2356 4639 ΑΛΛΟ,
2405 4573 2472 4626 τὸ
2508 4572 2655 4627 αὐτὸ
2698 4571 2797 4627 διὰ
2838 4567 2949 4640 τῆς
2993 4572 3079 4636 είς
3113 4569 3339 4623 ἄτοπον
3377 4564 3723 4637 ἀπαγωιγοῆς.

2223 4705 2242 4738 ι
2289 4685 2493 4757 Κύριος
2544 4684 2726 4739 ἔκτισέ
2779 4702 2845 4756 με
2884 4684 3059 4756 ἀρχὴν
3107 4684 3243 4737 ὁδῶν
3272 4681 3435 4736 αὐτοῦ
3477 4683 3556 4744 είς
3589 4680 3725 4749 ἔργα

2145 4777 2334 4831 αὐτοῦ.
2386 4796 2403 4829 ι
2457 4778 2523 4831 El!
2560 4795 2644 4840 τις
2678 4776 3111 4846 φιλονεικότερον
3151 4774 3426 4839 ἐξετάζειν
3471 4773 3725 4843 ἐθελήσαι

2142 4870 2204 4923 τὸ
2227 4869 2540 4940 εἰρημένον,
2576 4869 2932 4938 κακοτρόπως
2954 4870 3104 4938 ἐρεῖ·
3134 4869 3197 4921 Et
3232 4867 3447 4935 πρῶτος
3475 4864 3722 4935 ἐκτίσθη,

2143 4960 2234 5013 καὶ
2265 4958 2408 5030 ἀρχὴ
2439 4958 2628 5027 γέγονε
2671 4957 2791 5012 καθ’
2835 4959 2999 5027 ὑμᾶς,
3038 4958 3157 5021 πῶς
3197 4959 3279 5021 εἰς
3320 4960 3389 5011 τὰ
3430 4956 3567 5026 ἔργα
3609 4952 3726 5008 κτί-

2144 5050 2332 5118 (atat;
2381 5051 2457 5104 Οὐ
2506 5049 2616 5121 γὰρ
2666 5050 2917 5120 εἴρηκενο
2971 5049 3196 5103 Ἔκτισέ
3242 5066 3310 5119 με
3366 5048 3590 5118 Κύριος,
3638 5046 3725 5100 ἵνα

2145 5143 2357 5213 ποιήσω
2413 5140 2483 5195 τὰ
2530 5141 2667 5213 ἔργα
2714 5139 2902 5205 αὐτοῦ,
2948 5140 3064 5194 ἀλλ’
3099 5160 3117 5191 ‹
3164 5141 3245 5204 είς
3295 5139 3431 5211 ἔργα
3476 5136 3662 5192 αὐτοῦ.
3700 5155 3721 5188 ι

2156 5230 2243 5297 Ὧς
2283 5234 2392 5305 γὰρ
2435 5233 2538 5305 ήδη
2585 5231 2933 5288 συνεστώτων
2962 5233 3072 5286 τῶν
3113 5233 3309 5304 ἔργων,
3346 5227 3593 5283 ἐκτίσθαι
3622 5245 3727 5297 φη-

2146 5326 2230 5379 σὶν
2261 5328 2340 5390 είς
2376 5326 2535 5380 αὐτά.
2572 5326 2636 5379 Ei
2667 5324 2723 5378 δὲ
2769 5326 2947 5391 τοῦτο,
2980 5324 3098 5387 πῶς
3138 5324 3219 5376 ἔτι
3254 5322 3467 5393 πρῶτός
3509 5322 3655 5373 ἐστιν
3695 5320 3727 5372 6

2144 5417 2263 5490 μετ’
2308 5419 2491 5473 ἐκεῖνα
2538 5416 2817 5489 δεύτεροςς
2867 5415 2992 5480 Πῶς
3038 5415 3082 5469 δ’
3133 5415 3200 5469 ἂν
3253 5415 3341 5487 εἴη
3390 5414 3499 5468 τῶν
3546 5411 3724 5466 ἄλλων

2140 5510 2285 5583 ἀρχὴ
2312 5514 2340 5563 ὁ
2373 5512 2459 5563 ἐπ’
2488 5511 2674 5573 αὐτοῖς
2721 5511 3123 5587 γεγενημειψ
3169 5510 3295 5573 Πῶς
3332 5509 3390 5562 δὲ
3433 5507 3614 5562 πάντα
3652 5504 3724 5559 δι’
