4036 6208
319 282 424 345 ξιῖθ

1679 287 2114 349 THESAURUS.

3441 294 3546 350 270

319 405 485 462 αὐτοῦ
526 405 758 475 ἐγένετο,
799 408 847 461 εί
893 407 1056 471 αὐτὸς
1092 410 1207 478 μετ’
1249 408 1435 465 ἐκεῖνά
1481 410 1662 475 tactv;
1702 408 1766 464 El
1815 411 1875 481 δὴ

1985 412 2107 466 est?
2133 411 2236 467 Aut
2263 412 2529 482 quomodo
2557 412 2666 468 aint
2691 416 2870 471 omnia
2903 430 2997 486 per
3027 416 3199 485 ipsum
3235 416 3392 479 facta,
3424 434 3544 473 cum

316 500 473 575 τοῦτο
517 501 653 553 νοεῖν
694 500 757 552 οὐ
805 498 981 569 θέμις,
1026 501 1090 554 τὸ
1121 519 1142 551 ι
1176 501 1390 555 ἔκτισεν
1443 520 1462 551 ι
1511 502 1571 554 ού
1599 500 1745 556 κατὰ
1780 501 1883 571 τῆς

313 591 501 654 οὐσίας
520 589 610 643 τοῦ
642 589 780 643 Θεοῦ
809 591 984 659 Λόγου
1012 592 1318 663 τεθήσεται,
1358 593 1474 647 ἀλλ’
1499 593 1736 658 εύσεσῶς
1767 611 1883 664 νοη-

314 679 535 748 θήσεται
564 680 695 749 παρ’
717 678 899 749 ημῶν,
926 681 1006 743 εἰς
1032 680 1124 734 τὸν
1144 682 1273 752 ’περὶ⁵
1299 682 1397 751 τῆς
1423 680 1882 752 ένανθρωτιήσεως

311 774 464 843 λόγον
492 776 887 847 ἀνατρέχοντος
912 776 1009 831 τοῦ
1043 778 1331 849 νοήματος.

995 891 1201 947 ΑΛΛΟ.

529 1000 630 1067 Ὠς
676 1000 747 1065 ἐξ
785 999 1145 1070 ἀντιθέσεως
1174 1004 1294 1058 τῶν
1338 1006 1664 1073 αἰρετικῶν.

370 1110 600 1181 Κύριον,
626 1112 780 1181 φασὶ,
811 1108 902 1166 τὸν
921 1112 1143 1186 Πατέρα
1171 1108 1356 1171 καλεῖ·
1388 1115 1561 1182 οὕτως
1582 1114 1719 1174 οἶδεν
1749 1119 1878 1174 ἐαυ-

302 1198 391 1253 τὸν
427 1199 658 1269 κτιστῆς
703 1199 832 1252 ὄντα
882 1201 1117 1269 φύσεως.
1177 1204 1360 1259 Πάντα
1404 1206 1513 1278 γὰρ
1546 1208 1616 1262 τὰ
1650 1209 1876 1282 γενητὰ,

301 1286 459 1341 δοῦλα
488 1286 590 1341 τοῦ
619 1290 944 1352 ποιήσαντος
981 1289 1137 1345 Θεοῦ.

791 1392 946 1471 Πρὸς
974 1404 1151 1460 τοῦτο
1182 1409 1384 1476 λύσις.

378 1510 520 1568 Ἀλλ’
557 1512 745 1586 ὥσπερ
770 1516 992 1587 Κύριον,
1019 1520 1163 1575 οὕτω
1192 1525 1286 1577 καὶ
1318 1526 1538 1596 Πατέρα
1567 1527 1740 1580 καλεῖ.
1768 1528 1877 1582 Καὶ

301 1609 346 1660 εί
368 1608 434 1665 δι’
464 1610 652 1665 ὲκέέῖνο
690 1609 875 1667 δσσλον
903 1606 1045 1667 οἶδεν
1076 1616 1287 1680 ἑαυτὸν,
1322 1614 1462 1671 οἶδεν
1507 1616 1615 1687 ἄρα
1662 1618 1757 1671 καὶ
1786 1618 1876 1671 διὰ

299 1704 451 1756 τοῦτο
496 1702 652 1757 Υῐόν.
701 1704 766 1757 Et
796 1704 857 1758 δὲ
885 1706 1030 1773 Υίὸς,
1074 1706 1138 1759 ού
1184 1706 1389 1777 κτίσμα
1434 1707 1529 1761 τοῦ
1574 1708 1874 1777 γεννῶντος

300 1790 521 1854 είκότως
553 1790 624 1844 ἂν
665 1790 896 1859 λέγοιτο,
928 1794 1045 1848 ἀλλ’
1074 1794 1140 1849 ὲκ
1177 1795 1277 1865 τῆς
1306 1794 1495 1860 οὐσίας
1537 1797 1702 1851 αὐτοῦ
1738 1815 1874 1869 προ-

300 1880 463 1935 ελθὼν
502 1881 870 1952 ὁμολογεῖται.
905 1886 1116 1940 Οὐκοῦν
1144 1885 1261 1939 ἐστι
1298 1887 1398 1957 μὲν
1436 1888 1565 1951 Υἱὸς
1597 1889 1739 1943 κατὰ
1777 1891 1876 1958 φύ-

301 1988 383 2023 σιν
403 1988 418 2003 ·
451 1972 549 2025 ὅτε
590 1971 648 2025 δὲ
677 1973 745 2026 δι’
773 1976 921 2045 ἡμᾶς
952 1976 1050 2046 τὴν
1078 1976 1175 2030 τοῦ
1207 1976 1393 2031 δούλου
1427 1978 1642 2049 μορφὴν
1678 1981 1875 2045 ὑποδὺς

300 2065 519 2132 γξγονεν
554 2064 862 2136 ἄνθρωπος,
893 2068 1013 2122 τότε
1044 2069 1138 2123 καὶ
1166 2068 1373 2140 Κύριον
1403 2070 1495 2124 τὸν
1526 2071 1745 2142 Πατέρα
1778 2089 1875 2125 κα-

301 2156 395 2211 λεῖ.
441 2158 666 2226 Ὠσπερ
697 2157 803 2229 γὰρ
841 2159 968 2224 Υἱὸς
994 2159 1069 2214 ὢν
1101 2160 1243 2215 κατά
1276 2160 1436 2229 φύσιν
1474 2161 1727 2234 ἀληθεύει
1759 2164 1873 2217 Πα-

300 2247 423 2318 τέρα
461 2245 655 2300 καλῶν
701 2248 793 2301 τὸν
838 2247 990 2315 Θεὸν,
1037 2249 1210 2313 οὕτως
1259 2251 1349 2303 ὅτε
1397 2249 1497 2321 τὴν
1546 2251 1641 2304 τοῦ
1688 2252 1873 2306 δούλου

301 2337 513 2409 μορφὴν
563 2338 855 2394 ἀναλαϐεῖν
883 2340 943 2393 οὐ
992 2341 1369 2413 παρῃτήσατο,
1414 2342 1733 2412 πρεπόντως
1783 2345 1876 2397 καὶ

300 2429 474 2492 καλῶς
531 2429 799 2483 ἀποκαλεῖ
844 2429 1047 2502 Κύριον
1084 2432 1173 2484 τὸν
1228 2432 1468 2503 Πατέρα.
1522 2433 1633 2487 Καὶ
1669 2434 1875 2504 ταύτην

297 2515 428 2572 οἶδεν
460 2518 632 2583 αὐτὸς
665 2519 762 2589 τὴν
784 2519 1067 2590 διαφορὰν,
1102 2521 1307 2589 λέγων·
1348 2540 1366 2572 ι
1419 2521 1876 2595 Ἐξομολογοῦμαί

299 2626 395 2674 σοι,
425 2610 638 2681 Πάτερ,
663 2607 832 2681 Κύριε
860 2611 955 2664 τοῦ
986 2612 1216 2683 ούρανοῦ
1252 2616 1345 2667 καὶ
1382 2614 1482 2683 τῆς
1513 2617 1637 2685 γῆς.
1672 2633 1689 2665 ι
1742 2615 1873 2668 Ἰδοὺ

300 2702 517 2773 Πατέρα
565 2701 664 2772 μὲν
710 2702 904 2757 ἑαυτοῦ
945 2720 1110 2774 φησιν
1152 2700 1291 2758 εἶναι
1341 2705 1434 2758 τὸν
1478 2705 1632 2771 Θεὸν,
1672 2704 1874 2776 Κύριον

298 2794 352 2846 δὲ
375 2795 487 2847 τῶν
510 2810 574 2847 τε
596 2794 655 2846 ἐν
674 2796 786 2857 τοῖς
810 2794 1059 2865 οὐρανοῖς
1082 2794 1302 2848 καὶτῶν
1328 2797 1420 2850 ἐπὶ
1447 2796 1546 2866 τῆς
1577 2797 1698 2866 γῆς.
1735 2797 1874 2850 Ἀλλ’

300 2886 452 2956 εἴπερ
493 2881 567 2955 ἦν
611 2885 706 2938 καὶ
737 2885 896 2949 αὐτὸς
925 2884 1115 2958 ὥσπερ
1160 2887 1343 2941 ἐκεῖνα
1391 2882 1639 2959 γενητὸς,
1682 2890 1781 2943 οὐκ
1808 2888 1873 2943 ἂν

300 2975 477 3046 ἐαυτῷ
526 2974 727 3046 κλῆρον
755 2975 944 3049 ὥσπερ
988 2977 1263 3048 ἐξαίρετον
1290 2978 1386 3051 τὴν
1421 2981 1514 3034 τοῦ
1550 2979 1681 3034 Υίοῦ
1720 2980 1873 3045 τάξιν

1986 501 2102 571 ipse
2147 502 2413 570 posterior
2449 503 2516 557 iis
2561 503 2733 560 factus
2776 505 2887 560 sit?
2918 506 2974 561 Si
3007 512 3136 562 vero
3165 508 3266 563 hoc
3314 509 3549 577 cogitare

1985 592 2135 648 nefas
2180 602 2281 657 est,
2331 610 2349 643 ι
2391 597 2595 651 creavit
2636 614 2657 647 ι
2708 613 2813 653 non
2859 600 2926 654 de
2972 601 3207 655 essentia
3246 600 3405 656 Verbi
3454 602 3547 656 Dei

1984 683 2445 753 interpretandum
2485 696 2589 751 est,
2636 687 2730 742 sed
2760 688 2848 758 pie
2890 704 2920 743 a
2961 690 3120 745 nobis
3147 690 3544 760 explicandum,

1981 782 2147 843 atque
2181 774 2248 830 ad
2285 774 2670 833 incarnationis
2708 778 2972 835 rationem
3006 782 3369 838 referendum.

2645 884 2877 947 ALIUD.

2344 984 2431 1053 Ea:
2467 1000 2753 1071 objections
2790 1001 3179 1059 liwreticorunt.

2051 1109 2358 1176 Dominum,
2405 1111 2673 1182 inquiunt,
2720 1112 2930 1169 Patrem
2992 1117 3243 1186 appellat,
3290 1119 3541 1175 nimirum

1978 1211 2175 1257 creata:
2222 1215 2333 1256 sua:
2370 1211 2576 1257 natura:
2621 1203 2892 1259 conscius.
2935 1203 3131 1261 Omnia
3180 1209 3323 1265 enim
3360 1223 3540 1265 creata

1977 1307 2131 1348 serva
2161 1302 2285 1349 sunt
2311 1295 2548 1351 creantis
2576 1295 2689 1349 Dei.

2382 1408 2541 1479 160
2563 1409 2768 1465 Salutio
2805 1410 3127 1482 objectionia.

2044 1520 2204 1591 Atqui
2236 1520 2376 1577 sicut
2405 1522 2711 1589 Dominum,
2744 1525 2817 1579 ita
2850 1535 2904 1581 et
2932 1528 3143 1583 Patrem
3190 1532 3440 1600 appellat.
3478 1521 3541 1588 Et

1974 1608 2019 1663 si
2055 1619 2274 1680 propter
2314 1611 2416 1666 hoc
2443 1626 2659 1669 servum
2693 1629 2753 1673 se
2792 1618 3058 1687 agnoscit,
3100 1621 3253 1675 novit
3293 1623 3452 1678 etiam
3484 1643 3543 1680 se

1906 1745 1949 1802 Β
1976 1700 2169 1756 Filium
2208 1716 2350 1759 esse.
2381 1703 2440 1761 Si
2471 1714 2650 1762 autem
2680 1707 2867 1772 Filius,
2912 1724 3019 1766 non
3052 1726 3181 1780 ergo
3218 1724 3362 1770 recte
3386 1730 3541 1771 crea-

1980 1802 2095 1846 tura
2125 1791 2399 1850 Genitoris
2431 1794 2669 1861 dicatur,
2707 1798 2805 1853 sed
2834 1814 2899 1854 ex
2932 1803 3170 1858 essentia
3215 1804 3380 1873 ipsius
3416 1820 3539 1874 pro-

1975 1884 2226 1939 cessisse.
2263 1883 2360 1941 Est
2398 1885 2565 1956 igitur
2599 1888 2768 1944 Filius
2808 1892 3022 1960 quidem
3057 1896 3350 1951 secundum
3383 1908 3540 1952 natu-

1977 1987 2116 2026 ram.
2161 1972 2296 2028 Cum
2344 1991 2474 2031 vero
2523 1990 2742 2048 propter
2789 1996 2889 2035 nos
2924 1983 3092 2038 forma
3137 1986 3277 2040 servi
3321 2002 3541 2056 accepta

1976 2062 2151 2118 factus
2205 2074 2290 2119 est
2353 2066 2533 2131 homo,
2592 2078 2702 2122 tum
2752 2069 2969 2135 Patrem
3022 2072 3305 2130 Dominum
3363 2090 3537 2135 vocat.

1976 2154 2437 2222 Quemadmodum
2479 2160 2624 2214 enim
2668 2176 2791 2216 cum
2841 2164 2914 2218 sit
2962 2175 3153 2220 natura
3188 2167 3373 2232 Filius,
3415 2187 3541 2227 vere

1979 2244 2190 2301 Patrem
2236 2258 2393 2303 vocat
2428 2249 2591 2306 Deum
2627 2269 2641 2305 :
2670 2254 2742 2308 ita
2776 2269 2900 2309 cum
2949 2259 3089 2313 servi
3127 2258 3357 2316 formam
3394 2263 3540 2318 acci-

1976 2350 2105 2405 pere
2134 2337 2452 2408 dedignatus
2486 2357 2590 2397 nou
2626 2354 2709 2399 est
2730 2346 2797 2408 ³⁵,
2838 2350 3219 2405 convenienter
3258 2352 3539 2409 Dominum

1976 2424 2193 2483 Patrem
2221 2441 2397 2486 vocat.
2425 2432 2598 2504 Atque
2630 2436 2770 2492 hanc
2799 2439 3019 2506 quidem
3044 2440 3400 2516 dill‘erentiatn
3429 2447 3541 2516 ipse

1976 2521 2242 2589 agnoscit,
2289 2521 2516 2577 dicens:
2553 2544 2574 2576 ι
2603 2524 2880 2583 Conﬁteor
2931 2530 3049 2595 tibi,
3102 2513 3281 2596 Pater,
3320 2513 3542 2589 Domine

1975 2605 2100 2661 cmli
2126 2616 2182 2661 et
2216 2620 2373 2663 terra:
2394 2610 2460 2664 ³⁸.
2494 2630 2511 2662 ι
2544 2613 2682 2669 Ecce
2711 2615 2926 2673 Patrem
2967 2619 3184 2689 quidem
3216 2622 3381 2678 Deum
3421 2638 3543 2680 esse

1974 2698 2235 2765 praedicat
2264 2717 2279 2755 :
2317 2702 2599 2759 Dominum
2624 2720 2752 2763 vero
2783 2710 3022 2765 omnium
3052 2724 3171 2781 qua:
3205 2713 3257 2767 in
3297 2715 3454 2771 cmlis
3487 2731 3543 2771 et

1974 2802 2095 2858 qua:
2127 2788 2181 2844 in
2218 2792 2379 2848 terris
2407 2804 2557 2851 sunt.
2588 2797 2874 2867 Caeterum,
2926 2803 2972 2856 si
3004 2805 3164 2859 etiam
3217 2807 3330 2875 ipse
3363 2817 3419 2862 ut
3454 2807 3542 2863 illa

1974 2890 2192 2936 creatus
2240 2882 2408 2951 esset,
2461 2902 2799 2958 nequaquam
2846 2892 3006 2948 veluti
3050 2897 3301 2952 eximiam
3345 2914 3540 2969 quam-

1975 2969 2099 3056 dam
2135 2973 2509 3032 haaredltatem
2565 2978 2684 3034 Filii
2725 2982 2938 3038 titulum
2973 2985 3072 3040 sibi
3100 3000 3425 3056 arrogasset,
3458 3006 3542 3045 re-

301 3065 556 3136 ἐτήρησε,
591 3066 768 3119 πάντα
793 3065 863 3119 τὰ
888 3065 1025 3121 ἄλλα
1050 3066 1128 3138 τῷ
1157 3068 1305 3140 ζυγῴ
1339 3070 1443 3140 τῆς
1468 3070 1711 3133 δουλείας
1742 3070 1872 3125 ὑπο·

1976 3053 2118 3131 liqua
2159 3065 2341 3120 omnia
2386 3069 2665 3125 servitutis
2701 3070 2835 3145 jugo
2861 3070 3170 3144 subjiciens.
3218 3053 3350 3134 (—Ium
3397 3053 3541 3135 enim
3592 3068 3597 3073 ’

301 3154 433 3219 θείς.
475 3156 568 3208 Ἐν
605 3155 714 3226 γὰρ
755 3154 831 3226 τῷ
867 3156 1045 3225 λέγειν
1068 3172 1081 3185 °
1115 3175 1135 3209 ι
1171 3158 1344 3229 Κύριε
1391 3159 1483 3213 τοῦ
1512 3159 1743 3232 ούρανοῦ
1782 3160 1878 3215 καὶ

302 3246 396 3315 τῆς
439 3246 573 3318 γῆς,
634 3265 653 3298 ι
710 3246 860 3300 οὐδὲν
896 3249 1108 3319 ἀφῆκεν
1145 3249 1449 3321 ἐλεύθερον,
1505 3253 1555 3304 εί
1596 3252 1670 3322 μὴ
1717 3251 1876 3321 μόνον

304 3339 491 3393 ἑαυτὸν
526 3339 602 3403 ὡς
637 3338 762 3403 Υίὸς
795 3339 1015 3411 Πατέρα
1050 3341 1286 3407 καλέσας
1316 3343 1406 3395 τὸν
1435 3343 1587 3399 Θεόν.

988 3451 1193 3507 ᾹΛᾹΟ.

605 3562 702 3627 Ὧς
729 3561 799 3627 ἐξ
830 3562 1187 3630 ἀντιθέσεως
1219 3563 1337 3619 τῶν
1365 3568 1582 3623 αὐτῶν.

368 3674 601 3745 Κύριον,
637 3675 822 3743 φασὶν,
858 3674 1054 3729 ἑαυτοῦ
1103 3675 1195 3730 τὸν
1246 3678 1466 3749 Πατέρα
1513 3681 1686 3736 καλεῖ.
1739 3685 1875 3738 Ἀλλ’

302 3766 455 3838 εἰπερ
488 3763 557 3836 ἦν
590 3766 715 3829 Υἱὸς
745 3766 886 3820 κατὰ
919 3766 1103 3836 φύσιν,
1133 3768 1232 3821 οὐκ
1270 3770 1336 3822 ἂν
1369 3766 1488 3823 εἷπε
1519 3772 1742 3843 Κύριον.

798 3963 954 4033 Πρὸς
981 3966 1155 4021 τοῦτο
1178 3970 1380 4036 λύσις.

370 4077 501 4140 Πῶς
528 4093 621 4131 ουν
650 4078 810 4147 ἡμεῖς
831 4077 1004 4132 δοῦλοι
1036 4080 1179 4135 κατὰ
1210 4082 1372 4151 φύσιν
1399 4086 1551 4152 ὄντες
1576 4088 1874 4162 (ἄνθρωποι

1978 3151 2109 3207 dicit
2140 3172 2153 3207 :
2195 3173 2213 3206 ι
2243 3152 2468 3214 Domine
2506 3161 2629 3216 coeli
2676 3174 2733 3218 et
2763 3174 2941 3230 terra,
2977 3186 2995 3217 ι
3039 3168 3172 3223 nihil
3209 3184 3238 3223 a
3283 3171 3543 3228 servitute

1977 3243 2185 3309 eximit,
2225 3258 2421 3318 praeter
2449 3264 2508 3306 se
2540 3252 2819 3322 nimirum,
2843 3266 2901 3312 ut
2932 3256 3102 3315 Filios
3126 3260 3340 3318 Patrem
3375 3264 3541 3321 Deum

1979 3348 2199 3393 vocans.

2646 3460 2875 3520 ALIUD.

2378 3572 2462 3626 Ea:
2498 3574 2784 3643 objectione
2814 3584 3136 3637 earumdem.

2048 3677 2355 3748 Dominum,
2403 3685 2672 3752 inquiunt,
2705 3688 2918 3744 Patrem
2965 3708 3121 3749 suum
3159 3708 3331 3754 vocat.
3380 3704 3541 3770 Atqui

1977 3768 2021 3821 si
2052 3778 2171 3822 erat
2198 3770 2364 3826 Filius
2400 3775 2692 3829 secundum
2733 3788 3001 3844 naturam,
3035 3799 3138 3839 non
3169 3787 3393 3843 dixisset
3431 3768 3539 3844 Do-

1978 3873 2201 3914 mmum.

2468 3977 2675 4032 Solatia
2724 3976 3045 4051 objéctionis.

2048 4085 2328 4153 Quomodo
2371 4089 2532 4161 igitur
2583 4106 2720 4159 nos,
2773 4111 2896 4151 cum
2942 4100 3110 4156 simus
3165 4112 3351 4158 natura
3399 4111 3539 4164 servi

304 4170 455 4240 γὰρ),
513 4171 731 4242 Πατέρα
779 4171 1053 4243 καλοῦμεν
1101 4175 1194 4228 τὸν
1237 4175 1406 4245 Θεόν;
1456 4180 1518 4234 Et
1549 4182 1656 4252 γὰρ
1693 4182 1778 4237 διὰ
1814 4180 1873 4236 τὸ

1978 4175 2246 4247 (homines
2276 4183 2419 4237 enim
2456 4187 2690 4252 sumus),
2720 4188 2932 4246 Patrem
2966 4193 3130 4249 Deum
3155 4199 3452 4254 vocamus?
3482 4202 3549 4257 Si

306 4263 477 4314 εἰπεῖν
508 4262 666 4314 αὐτὸν
697 4261 922 4331 Κύριον,
952 4263 1053 4316 ούκ
1083 4263 1236 4318 ἔσται
1266 4267 1532 4339 γέννημα,
1561 4271 1683 4323 καθ’
1708 4273 1871 4342 ὑμᾶς,

1976 4270 2144 4337 enim,
2173 4272 2298 4341 quia
2333 4268 2612 4332 Dominum
2638 4278 2811 4348 ipsum
2844 4296 3021 4350 vocat,
3054 4287 3176 4341 ideo
3200 4305 3302 4344 non
3329 4294 3456 4360 erit,
3486 4309 3543 4352 ut

304 4353 331 4404 ό
358 4354 511 4416 Υἱὸς,
558 4352 679 4405 οὐδὲ
720 4354 884 4423 ἡμεῖς
915 4354 1149 4423 ἐσόμεθα
1182 4359 1321 4411 κατά
1362 4360 1523 4428 φύσιν
1570 4363 1871 4433 ποιήματα,

1977 4375 2074 4416 vos
2121 4363 2440 4432 opinamini,
2478 4369 2690 4437 genitus
2745 4386 2810 4426 ex
2870 4374 3029 4431 Patre
3064 4378 3275 4436 Filius:
3328 4402 3396 4441 ne
3444 4404 3542 4443 nos

308 4443 524 4514 Πατέρα
549 4444 839 4521 καλοῦντες
870 4444 963 4498 τὸν
995 4450 1246 4519 ποιητήν.
1286 4450 1349 4504 Ei
1378 4451 1435 4504 δὲ
1462 4453 1607 4523 ἡμᾶς
1638 4454 1736 4507 οὐκ
1767 4454 1872 4518 ἔξω

1977 4452 2195 4519 quidem
2244 4455 2445 4511 erimus
2493 4461 2785 4515 secundum
2836 4476 3083 4521 naturam
3125 4484 3409 4542 creaturae,
3433 4477 3542 4532 Pa-

305 4535 390 4588 τοῦ
420 4535 753 4605 πεποιῆσθαι
785 4535 998 4608 τίθησιν
1025 4538 1061 4609 ἠ
1080 4539 1238 4609 χάρις
1266 4540 1633 4612 ἐπιτρέπουσα
1658 4544 1872 4615 Πατέρα

1980 4551 2117 4599 trem
2175 4554 2425 4601 vocantes
2488 4562 2807 4606 creatorem.
2874 4556 3329 4623 Quemadmodum
3395 4535 3540 4622 enim

306 4626 490 4679 καλεῖν
525 4626 618 4679 τὸν
649 4626 945 4697 Δεσπότην,
975 4628 1097 4682 οὐδὲ
1142 4632 1171 4682 ό
1215 4630 1341 4693 Υίὸς
1377 4634 1736 4687 ἀποπεσεϊται
1778 4634 1870 4687 τοῦ

1979 4636 2151 4703 gratia
2182 4651 2301 4705 qua:
2326 4636 2482 4692 nobis
2524 4653 2780 4697 concessa
2822 4656 2925 4710 est,
2959 4658 3017 4701 ut
3045 4663 3295 4707 vocemus
3326 4654 3540 4711 Patrem

308 4711 441 4770 rivus
468 4716 611 4771 κατὰ
640 4715 802 4785 φύσιν
819 4717 966 4783 Υἱὸς,
992 4719 1084 4773 διὰ
1113 4719 1213 4792 τὴν
1243 4721 1432 4793 χρείαν
1457 4724 1552 4777 καὶ
1577 4723 1638 4777 τὸ
1664 4725 1873 4797 πρέπον

1979 4738 2100 4777 eum
2137 4724 2229 4794 qui
2262 4735 2445 4781 noster
2471 4736 2555 4782 est
2588 4728 2876 4799 Dominus,
2908 4751 3013 4792 non
3057 4735 3214 4793 ellicit
3244 4751 3298 4794 ut
3332 4757 3437 4797 non
3464 4748 3540 4799 si-

306 4811 366 4881 τῇ
394 4808 519 4862 καθ’
551 4809 701 4880 ἡμᾶς
740 4810 1021 4883 οἰκονομία
1062 4809 1265 4883 Κύριον
1300 4813 1593 4889 ἀποκαλῶν
1633 4815 1725 4870 τὸν
1755 4833 1875 4885 γεν-

1982 4829 2100 4871 mus
2121 4826 2393 4887 creatura,
2422 4818 2494 4873 ita
2536 4829 2589 4876 et
2623 4819 2793 4878 Filius
2815 4839 2919 4880 non
2952 4828 3161 4885 desinet
3189 4846 3310 4887 esse
3342 4844 3539 4891 natura

305 4902 562 4970 νήσαντα.
606 4901 952 4972 Ἐπεδήμησε
978 4900 1088 4973 γὰρ
1118 4902 1149 4953 ὀ
1174 4902 1268 4956 τοῦ
1293 4902 1428 4957 Θεοῦ
1460 4905 1653 4974 Λόγος,
1683 4906 1771 4960 ἵνα
1798 4909 1875 4970 εἰς

1976 4904 2169 4971 Filius,
2206 4908 2419 4965 etiamsi
2459 4921 2704 4980 respectu
2738 4915 3133 4976 incarnationis
3156 4926 3540 4983 convenienter

303 4990 491 5045 ἑαυτὸν
513 4992 801 5047 ἀναλαῦὼν
824 4993 893 5046 τὰ
919 4992 1252 5066 ἀνθρώπινα,
1281 4996 1349 5050 τὰ
1382 4997 1575 5050 ἑαυτοῦ
1619 5000 1686 5069 τῇ
1719 4996 1875 5067 φύσει

1977 4995 2190 5052 Patrem
2239 5014 2395 5054 suum
2449 5011 2604 5058 vocet
2650 5005 2955 5064 Dominum.
3000 5010 3345 5071 lncarnatum
3390 5019 3537 5074 enim

303 5083 611 5153 χαρίσηται.
649 5083 760 5137 Καὶ
803 5084 961 5138 τοῦτο
992 5084 1225 5139 δεικνύει
1258 5086 1431 5155 λέγων
1453 5104 1467 5117 ’
1504 5106 1522 5139 ι
1567 5088 1875 5161 Πορεύομαι

1974 5095 2059 5143 est
2089 5085 2318 5144 Verbum
2347 5091 2465 5158 Dei,
2496 5102 2554 5149 ut
2575 5099 2867 5167 assumptis
2900 5103 2953 5155 ln
2982 5116 3041 5157 se
3068 5103 3320 5163 humana:
3364 5114 3543 5167 carnis

304 5173 438 5241 πρὸς
479 5174 571 5226 τὸν
598 5171 819 5244 Πατέρα
861 5190 962 5245 μου
1007 5178 1102 5229 καὶ
1134 5176 1352 5247 Πατέρα
1404 5176 1578 5247 ὑμῶν,
1618 5179 1712 5232 καὶ
1742 5180 1875 5233 Θεόν

1982 5179 2418 5249 proprietatibus,
2464 5198 2591 5240 suas
2635 5191 2991 5258 proprietates
3030 5205 3238 5253 naturas
3294 5201 3543 5259 humana:

308 5278 408 5331 μου
439 5264 534 5317 καὶ
565 5263 699 5317 Θεὸν
728 5265 903 5335 ὑμῶν.
941 5284 960 5319 ι
998 5266 1191 5320 Δίδωσι
1224 5267 1324 5338 μὲν
1353 5269 1462 5340 γὰρ
1491 5272 1556 5341 τῇ
1586 5270 1872 5341 ἀνθρώπου

1981 5268 2268 5340 largiretur
2314 5284 2474 5342 atque
2500 5279 2941 5337 communicaret.
2979 5283 3132 5350 Quod
3174 5290 3391 5357 quidem
3427 5292 3543 5364 ipse

304 5352 463 5420 φύσει
486 5353 549 5408 τὸ
574 5355 791 5419 ἑαυτοῦ,
818 5355 1037 5429 Πατέρα
1070 5358 1254 5412 καλεῖν
1283 5359 1594 5430 ἐπιτρέπων
1624 5362 1759 5433 αὐτῇ
1783 5361 1873 5415 τὸν

1978 5359 2233 5424 ostendit,
2264 5360 2451 5417 dicens
2493 5383 2505 5418 :
2543 5382 2562 5415 ι
2598 5365 2742 5425 Vado
2784 5371 2851 5426 ad
2897 5372 3109 5429 Patrem
3151 5352 3328 5433 meum
3354 5391 3409 5436 et
3436 5352 3542 5437 Pa-

304 5444 452 5499 Θεόν.
495 5446 892 5517 ’Δναλαμὸάνει
930 5448 987 5501 δὲ
1030 5447 1191 5513 αὐτὸς
1217 5450 1285 5503 τὰ
1318 5455 1416 5521 τῆς
1457 5450 1872 5522 ἀνθρωπότητος

1981 5458 2114 5504 trem
2179 5463 2451 5520 vestrum,
2524 5467 2578 5513 et
2635 5459 2798 5517 Deum
2875 5481 3052 5521 meum
3111 5477 3167 5523 et
3226 5469 3393 5526 Deum
3455 5489 3546 5527 ve-

308 5534 433 5603 ῑδια,
477 5536 611 5591 Θεὸν
663 5536 857 5591 ἑαυτοῦ
897 5537 989 5591 τὸν
1034 5539 1250 5609 Πατέρα
1288 5539 1488 5595 καλῶν.
1563 5540 1700 5593 Ἀλλ’
1747 5540 1869 5594 οὔτε

1977 5552 2147 5596 strum
2175 5543 2237 5597 ³⁷.
2279 5562 2295 5595 ι
2353 5546 2605 5620 Largitur
2656 5554 2801 5610 enim
2845 5556 3092 5615 humanae
3144 5571 3352 5618 natura:
3398 5552 3588 5629 Quod‘

380 5690 421 5723 "
446 5691 679 5766 Philipp.
712 5710 773 5762 ιι,
805 5695 859 5761 6,
895 5696 947 5749 7.
1026 5693 1070 5726 ³⁸
1102 5692 1287 5748 Matth.
1324 5710 1398 5759 ιιι,
1424 5695 1513 5750 25.
1591 5695 1633 5727 π
1673 5693 1825 5750 Joan.
1862 5711 1951 5764 xx,
1985 5696 2066 5749 l7.
