4036 6208
511 301 613 357 27!

1534 297 1590 351 S.
1634 293 1904 351 CYRILLI
1944 290 2409 347 ALEXANDRINI
2448 290 2765 348 ARClllEP.

3649 290 3754 343 εἷς

512 423 611 476 sibi
648 420 919 490 proprium
965 428 1067 483 est,
1100 415 1403 472 concedens
1425 414 1473 469 ei
1509 421 1568 466 ut
1592 414 1759 467 Deum
1785 412 1955 481 possit
1986 426 2065 466 vo.

2181 414 2341 483 ἡμεῖς
2363 411 2712 484 ἀρνησόμεθα
2741 408 2840 479 τὴν
2888 408 3026 461 κατὰ
3070 406 3233 475 φύσιν
3260 403 3504 459 δουλείαν
3536 405 3752 475 Πατέρα

510 527 639 567 care
687 512 919 566 Patrem.
973 510 1088 579 Ipse
1145 525 1273 564 vero
1322 506 1671 563 lmmaaitatis
1724 504 2079 573 proprietates

513 605 566 655 in
607 619 666 657 se
704 602 953 670 suscipit,
982 601 1147 654 Deum
1179 614 1333 652 suum
1367 596 1578 649 Patrem
1622 608 1842 647 vocans.
1870 592 1942 646 At
1987 609 2079 647 ne-

511 711 617 762 que
642 709 738 748 nos
761 693 1059 747 naturalem
1086 690 1397 743 servitutem
1422 684 1696 752 rejicimus
1714 700 1833 738 cum
1862 683 2075 737 Patrem

514 801 766 840 vocamus
810 786 977 838 Deum
1014 799 1027 834 :
1070 791 1243 847 neque
1280 777 1450 830 Filius
1485 774 1782 829 naturalem
1822 789 1972 828 suam
2004 773 2079 825 tli-

513 879 769 947 gttitatetn
818 873 1036 935 amittit,
1065 869 1310 922 'simiICm
1359 868 1592 935 seipsum
1643 866 1795 917 nobis
1853 865 2073 917 faciens.

1174 950 1407 1032 ALIUD.

589 1119 605 1149 I
642 1098 895 1151 Dominus
936 1094 1136 1148 creavit
1180 1106 1267 1144 me
1309 1087 1631 1157 principium
1683 1085 1836 1156 161
1867 1084 2076 1138 viarum

507 1203 727 1244 suarum
761 1188 812 1240 in
839 1201 999 1253 opera
1027 1185 1216 1253 ipsius.
1250 1201 1269 1234 ι
1300 1179 1483 1246 Neque
1505 1192 1634 1231 vero
1658 1176 1857 1230 idcirco
1881 1185 2076 1230 creata:

509 1289 715 1332 natura:
760 1278 864 1330 erit
910 1274 1100 1336 Filius,
1160 1284 1335 1338 neque
1379 1267 1587 1321 factura
1638 1265 1932 1319 secundum
1985 1280 2071 1317 es-

505 1372 733 1427 sentiam
779 1367 1117 1429 censebitur;
1165 1376 1337 1430 neque
1378 1359 1521 1413 enim
1565 1355 1881 1424 simpliciter
1920 1370 2073 1409 crea-

513 1473 623 1517 tum
657 1475 717 1515 se
745 1460 895 1521 dicit,
927 1458 1017 1509 sed
1048 1456 1099 1507 in
1140 1466 1302 1521 Opera
1338 1459 1391 1503 et
1414 1450 1466 1501 in
1500 1448 1820 1516 principium
1862 1447 2070 1499 viarum

503 1565 747 1606 suarum.
810 1545 1085 1613 PropOsita
1156 1542 1319 1608 igitur
1387 1553 1549 1591 causa
1628 1545 1845 1604 propter
1913 1550 2072 1604 quam

503 1651 743 1695 creatum
776 1652 835 1692 se
874 1636 1021 1695 dicit,
1061 1630 1404 1685 manifestum
1440 1628 1600 1681 fuerit
1634 1642 1737 1681 non
1769 1627 2073 1695 signiﬁcare

504 1733 681 1800 ipsum
730 1739 958 1790 motum,
1005 1727 1121 1779 sive
1164 1722 1572 1793 productionem
1617 1736 1645 1772 a
1695 1736 1799 1773 non
1844 1732 1963 1773 esse
2005 1718 2069 1770 ad

504 1835 649 1883 esse,
677 1821 769 1873 sed
802 1817 1209 1870 translationem
1241 1829 1307 1868 ex
1345 1813 1448 1866 alio
1476 1814 1526 1865 in
1563 1812 1727 1864 aliud.
1766 1812 1893 1863 Erat
1928 1810 2068 1863 enim

502 1915 557 1967 in
592 1910 863 1980 principio
910 1906 1168 1959 Verbum.
1213 1905 1345 1958 Cum
1388 1918 1515 1956 vero
1548 1918 1676 1957 caro
1706 1903 1905 1955 factum
1949 1912 2069 1964 est,

502 2010 563 2055 ut
589 2000 829 2055 Joannes
865 1998 1125 2064 loquitur,
1158 1994 1369 2047 initium
1395 1994 1571 2047 omnis
1605 1993 1755 2044 bona:
1789 1992 1887 2043 via:
1918 1993 2071 2043 nobis

502 2091 703 2146 factum
732 2101 834 2143 est.
871 2085 1107 2140 Verbum
1139 2086 1300 2154 igitur
1324 2098 1538 2150 semper
1570 2084 1859 2144 exsisteus,
1888 2095 1950 2134 ea
1986 2097 2071 2134 ra-

501 2186 649 2238 tione
674 2196 778 2251 qua
814 2181 974 2233 homo
1022 2177 1222 2231 factum
1264 2186 1364 2237 est,
1397 2183 1638 2227 creatmn
1683 2187 1741 2226 se
1788 2187 1909 2227 esse
1940 2174 2070 2226 dicit

504 2273 557 2325 in
583 2286 745 2340 opera
777 2269 968 2323 Patris.

504 2404 899 2458 Observationes
934 2418 998 2455 ex
1030 2416 1180 2454 sacra
1216 2398 1521 2465 Scriptura,
1559 2398 1697 2464 quod
1730 2396 1937 2464 quando
1974 2394 2067 2447 Fi-

571 2475 672 2527 lius
701 2474 929 2541 genitum
960 2486 1013 2523 se
1038 2484 1102 2522 ea:
1124 2466 1291 2541 Putre
1325 2467 1609 2541 signiﬁcat,
1639 2478 1728 2518 ant
1758 2466 1895 2516 (ilius
1923 2468 2067 2541 quis»

568 2537 715 2609 niani
744 2553 1042 2594 sanctorum
1078 2539 1131 2590 id
1166 2539 1229 2589 de
1264 2538 1377 2609 ipso
1399 2538 1559 2609 _dir_it,
1591 2551 1815 2609 causam
1838 2551 1939 2586 non
1971 2537 2066 2585 ad-

574 2605 671 2664 dit.
703 2612 820 2664 Non
851 2611 987 2661 enim
1015 2617 1222 2673 propter
1244 2605 1441 2671 aliquid
1472 2605 1611 2657 Dens
1638 2605 1862 2666 exsistit,
1885 2613 1975 2655 aut
2003 2620 2066 2656 ea:

574 2682 731 2733 Patre
758 2681 959 2746 genitus
986 2685 1083 2728 est.
1111 2674 1239 2728 Cum
1270 2691 1384 2727 rero
1411 2691 1576 2746 sacrm
1605 2674 1889 2746 Scriptura:
1916 2675 2064 2746 simia

568 2744 840 2802 Iitudinent
888 2746 1030 2797 illius
1078 2747 1344 2797 nobiscum
1389 2744 1690 2812 signi/icore
1733 2744 1942 2805 ro’lunt,
1988 2745 2064 2795 vel

565 2819 701 2887 quod
746 2828 899 2868 nutus
941 2819 1009 2868 sit
1050 2830 1113 2866 ea:
1154 2812 1395 2880 Virgine,
1433 2815 1609 2865 statim
1645 2813 1805 2887 etiam
1838 2827 2063 2887 causam

574 2879 877 2955 siibjicittiit,
913 2896 967 2936 ut
1005 2879 1378 2955 cognoscamus
1412 2899 1569 2955 quam
1604 2883 1806 2955 ob_rem
1838 2879 2061 2955 Verbum

574 2952 676 3008 Ueiv
702 2971 899 3020 semper
938 2953 1189 3005 exsistant
1230 2954 1380 3003 homo
1412 2952 1609 3017 factum
1640 2953 1734 3013 sit,
1769 2966 1871 3020 non
1919 2952 2066 3015 prin-

569 3026 760 3088 cipium
801 3018 1083 3075 exsistendi
1126 3030 1247 3073 tunc
1287 3023 1577 3085 accipiens,
1620 3021 1706 3072 sed
1748 3020 1799 3070 in
1841 3018 2063 3085 formam

568 3094 719 3157 servi,
746 3102 1002 3161 quantum
1028 3090 1096 3142 ad
1123 3089 1359 3141 habitum
1388 3090 1595 3150 attinet,
1614 3097 1870 3161 mutatus.
1897 3088 2062 3155 Atque
2088 3099 2131 3154 (ζ

570 3168 666 3217 hac
697 3158 897 3215 ratione
929 3161 1100 3228 factus
1132 3171 1175 3211 et
1210 3167 1417 3210 creatus
1450 3173 1559 3210 esse
1588 3158 1807 3209 dicitur.

576 3342 662 3395 tln
694 3337 955 3408 principio
986 3345 1104 3390 erat
1140 3333 1421 3399 Verbum,»
1460 3348 1619 3387 causa
1658 3348 1762 3387 non
1799 3332 2013 3386 additur
2044 3350 2058 3385 :

505 3455 525 3486 ο
554 3445 607 3489 et
638 3433 869 3486 Verbum
903 3437 1018 3482 erat
1051 3426 1189 3494 apud
1217 3423 1404 3487 Deum,
1428 3443 1445 3475 ο
1483 3440 1700 3478 causam
1729 3438 1830 3477 non
1855 3424 2013 3477 habet
2042 3438 2058 3476 :

501 3544 519 3574 ι
559 3534 610 3577 et
642 3524 780 3576 Deus
808 3529 927 3575 erat
952 3519 1179 3572 Verbum
1200 3517 1265 3582 ³⁸,
1305 3536 1323 3567 ›
1361 3530 1532 3583 neque
1564 3516 1649 3568 hic
1676 3530 1837 3569 causa
1870 3512 2059 3582 adjici-

496 3625 603 3668 tur.
644 3631 662 3663 ι
693 3612 802 3680 Ego
836 3625 951 3663 sum
991 3609 1042 3660 in
1083 3606 1263 3670 Patre,
1288 3616 1340 3659 et
1376 3605 1535 3657 Pater
1566 3604 1619 3657 in
1659 3619 1741 3657 me
1762 3604 1828 3653 ".
1861 3601 1970 3671 Ego
2007 3614 2061 3656 et

493 3703 655 3757 Pater
696 3714 865 3753 unum
901 3712 1085 3752 sumus
1110 3696 1172 3750 ³⁸.
1217 3697 1316 3762 Qui
1358 3696 1491 3748 vidit
1534 3708 1649 3757 me,
1690 3694 1823 3747 vidit
1865 3704 1920 3748 et
1956 3692 2058 3746 Pa-

492 3806 629 3848 trem
651 3794 716 3843 δι.
766 3791 875 3859 Ego
918 3805 1037 3842 sum
1085 3788 1171 3842 lux
1198 3790 1264 3840 “.
1310 3786 1420 3854 Ego
1463 3802 1581 3839 sum
1629 3786 1828 3840 veritas
1850 3786 1913 3838 “.
1957 3784 2057 3851 Qui

491 3901 611 3938 cum
643 3885 712 3938 sit
741 3881 992 3950 splendor
1019 3888 1075 3933 et
1102 3880 1384 3932 character
1412 3876 1724 3929 substantia:
1753 3877 1869 3943 ejus
1888 3876 1951 3907 δ”
1984 3894 1995 3927 :
2036 3894 2052 3925 ι

490 3977 606 4029 hare
636 3973 813 4027 omnia
849 3970 966 4023 Filii
998 3969 1285 4023 essentiam
1320 3968 1654 4036 signiﬁcant,
1686 3982 1900 4019 causam
1933 3981 2058 4018 vero

490 4074 659 4129 quare
686 4061 799 4111 lucc
826 4066 939 4119 est,
970 4070 1073 4109 non
1104 4056 1324 4108 addunt.
1352 4052 1485 4105 Cum
1514 4063 1689 4105 autem
1720 4056 1783 4107 de
1810 4056 2056 4106 incarna-

488 4151 635 4204 tione
675 4149 909 4217 loquitur
949 4145 1265 4213 Scriptura,
1304 4157 1492 4196 causas
1533 4143 1689 4196 simul
1730 4158 2056 4195 commemo-

491 4250 593 4292 rat.
628 4239 886 4292 Servator
917 4237 1096 4303 itaque
1131 4238 1242 4302 ipse
1276 4235 1348 4286 ait
1386 4252 1397 4287 :
1441 4252 1457 4283 ι
1500 4233 1757 4287 Desccntli
1794 4233 1860 4287 de
1896 4235 2052 4299 omlo,

491 4344 597 4381 non
642 4338 699 4378 ut
734 4326 1062 4378 voluntatem
1115 4341 1288 4377 meam
1336 4324 1548 4388 faciam,
1593 4326 1686 4376 sed
1728 4324 2053 4379 voluntatem

490 4418 668 4472 Patris
695 4416 782 4484 qui
817 4415 961 4469 misit
990 4432 1074 4467 me
1094 4415 1161 4466 δ”.
1196 4434 1215 4465 ι
1249 4415 1312 4467 Ει
1343 4431 1529 4468 rursus
1558 4433 1570 4467 :
1601 4431 1619 4464 t
1655 4414 1765 4484 Ego
1796 4431 1911 4469 sum
1942 4417 2052 4479 lux,
2091 4442 2133 4496 ο

490 4510 541 4562 in
579 4510 724 4562 hunc
757 4505 1011 4559 mundqu
1046 4508 1196 4569 vcni,
1231 4515 1286 4558 ut
1319 4505 1495 4559 omnis
1528 4504 1618 4573 qui
1654 4505 1824 4559 credit
1857 4506 1908 4560 in
1943 4522 2054 4572 me,

489 4615 596 4655 non
634 4607 847 4652 maneat
883 4597 933 4650 in
971 4597 1211 4649 tenebris
1233 4596 1299 4648 “.
1341 4615 1359 4647 ι
1401 4595 1465 4650 Ει
1496 4612 1709 4649 rursum
1748 4615 1759 4649 :
1802 4615 1821 4647 ι
1864 4597 1970 4665 Ego
2006 4600 2055 4651 in

489 4695 590 4745 hoc
620 4699 779 4744 natus
804 4704 947 4751 sum,
973 4698 1027 4742 et
1050 4688 1123 4741 ad
1156 4689 1257 4741 hoc
1283 4687 1407 4740 veni
1436 4688 1487 4740 in
1522 4687 1661 4739 hunc
1691 4689 1973 4752 mundum,
2001 4700 2058 4741 ut

489 4779 854 4835 testimOnium
905 4780 1215 4848 perhibeatur
1265 4778 1479 4831 veritati
1511 4777 1576 4830 “.
1628 4795 1645 4827 ι
1696 4778 1889 4833 Beatus
1930 4795 2055 4835 vero

484 4870 684 4927 Paulus
709 4887 927 4947 causam
960 4870 1220 4922 adventus
1248 4868 1363 4937 ejus
1393 4868 1457 4920 ad
1488 4882 1585 4922 nos
1615 4868 2053 4924 manifestissime

487 4965 794 5031 explicans,
838 4963 913 5014 ait
948 4980 960 5015 :
1001 4979 1019 5011 ι
1061 4960 1323 5025 Quoniam
1358 4958 1519 5028 igitur
1552 4962 1703 5029 pueri
1737 4961 2050 5032 sanguinem

486 5066 541 5104 ct
586 5067 803 5105 carnem
850 5051 1271 5114 communicant,
1317 5058 1372 5102 et
1411 5049 1525 5116 ipse
1568 5048 1820 5104 similiter
1862 5051 2052 5104 iisdem

485 5141 916 5209 participavit".
963 5160 979 5190 ι
1021 5139 1087 5192 Ει
1135 5156 1321 5195 rursus
1362 5159 1374 5193 :
1417 5158 1435 5190 ι
1478 5138 1612 5193 Nam
1659 5141 1913 5209 quoniam
1959 5157 2055 5209 per

487 5234 755 5284 hominem
797 5247 940 5284 mors
977 5248 989 5282 :
1029 5231 1185 5300 162
1222 5232 1384 5286 etiam
1426 5246 1524 5299 per
1556 5232 1827 5287 hominem
1865 5248 2052 5286 resur—

484 5321 652 5373 rectio
681 5331 1015 5375 mortuorum
1040 5322 1106 5373 ⁸⁸.
1144 5341 1160 5371 ι
1195 5324 1323 5376 llem
1354 5340 1366 5375 :
1400 5340 1418 5373 t
1450 5322 1601 5387 Quod
1625 5324 1767 5378 enim
1796 5324 2046 5393 impossi-

484 5410 589 5462 bile
610 5420 725 5463 crat
749 5412 847 5479 legi
868 5449 883 5474 ,
910 5413 961 5465 in
987 5428 1092 5480 quo
1117 5412 1491 5465 intirmabatur
1511 5427 1607 5480 per
1629 5428 1845 5469 carnem
1863 5453 1878 5478 ,
1908 5413 2050 5469 Deus

552 5582 598 5614 ³⁸
624 5581 779 5634 Joan.
815 5598 851 5640 I,
883 5581 936 5634 1.

485 5654 548 5687 Ψ
575 5652 734 5707 Hebr.
770 5667 812 5713 ι,
836 5651 889 5704 5.

1589 5586 1635 5616 ⁸ο
1665 5586 1820 5641 Joan.
1868 5605 1920 5650 ι,
1947 5588 2038 5642 '50.

1013 5584 1057 5613 ιν
1096 5584 1163 5613 In.

1086 5581 1241 5636 Joan.
1279 5599 1387 5657 xlv,
1430 5586 1512 5639 ll.
1589 5586 1635 5616 ⁸ο
1665 5586 1820 5641 Joan.
1868 5605 1920 5650 ι,
1947 5588 1994 5641 ’51

1086 5668 1192 5704 ηιιι.
1256 5655 1435 5714 ι·ι,58.
1515 5654 1865 5722 "",.loan.xtt,
1902 5659 1994 5712 46.

967 5650 1010 5680 ⁸⁸³
1041 5650 1192 5704 Joan.
1256 5650 1435 5714 rt,58.

2116 5589 2158 5619 "‘
2186 5588 2343 5647 Joan.
2378 5606 2483 5656 xlv,
2518 5590 2570 5644 9.

2070 5659 2114 5690 δ’
2143 5659 2298 5713 .Ioan.
2335 5676 2484 5725 xvtn,
2519 5662 2606 5713 37.
2684 5663 2723 5692 ⁸⁷
2764 5663 2926 5717 llebr.
2961 5680 3023 5728 ιι,
3063 5666 3150 5717 14.

2186 505 2473 567 καλοῦντες
2517 504 2608 556 τὸν
2635 502 2787 566 Θεὸν,
2837 500 2958 554 οὕτε
3001 499 3107 569 μὴν
3150 500 3180 551 6
3220 497 3345 560 Υἱὸς
3388 497 3644 550 ἀπολέσει
3694 499 3751 550 τὸ

2185 595 2325 646 κατὰ
2359 593 2519 661 φύσιν
2561 592 2799 660 ἀξίωμα,
2834 591 2967 659 ημῖν
3015 587 3208 642 ἑαυτὸν
3248 586 3337 639 διὰ
3382 585 3444 638 τὸ
3486 587 3752 657 χρήσιμον

2187 683 2467 752 ὲξομοιῶν.

2863 961 3065 1013 ΑΛΛΟ.

2257 1096 2276 1126 ι
2324 1076 2524 1146 Κύριος
2558 1076 2736 1129 ἕκτισέ
2786 1093 2853 1145 με
2900 1076 3076 1146 ἀρχὴν
3120 1075 3253 1126 ὁδῶν
3297 1073 3461 1127 αὐτοῦ
3506 1077 3583 1137 εἰς
3615 1075 3755 1146 ἔργα

2182 1166 2366 1221 αὑτοῦ.
2406 1187 2424 1220 ι
2458 1168 2531 1220 Οὐ
2553 1167 2641 1219 διὰ
2667 1166 2821 1219 τοῦτο
2853 1166 3077 1234 κτιστῆς
3110 1166 3262 1219 ἔσται
3301 1166 3514 1233 φύσεως
3542 1169 3570 1219 6
3600 1168 3747 1233 Υἱὸς,

2180 1257 2300 1310 οὐδὲ
2326 1258 2535 1327 ποίημα
2569 1256 2689 1310 κατ’
2717 1255 2904 1308 οὐσίαν
2938 1256 3261 1328 νοηθήσεται
3281 1273 3293 1285 ο
3327 1258 3389 1309 οὐ
3419 1256 3526 1327 γὰρ
3564 1258 3755 1321 ἁπλῶς

2188 1346 2434 1398 ἐκτίσθαι
2475 1347 2658 1415 φησὶν,
2694 1345 2806 1399 ἀλλ’
2857 1346 2935 1409 εἰς
2982 1344 3115 1415 ἔργα
3167 1347 3259 1397 καὶ
3289 1348 3367 1407 εἰς
3399 1348 3570 1417 ἀρχὴν
3614 1348 3751 1399 ὁδῶν

2179 1437 2366 1490 αὑτοῦ.
2400 1437 2771 1507 Προκειμένης
2801 1436 2857 1489 δὲ
2900 1437 2998 1506 τῆς
3052 1436 3247 1500 αἰτίας,
3295 1437 3361 1490 δι’
3392 1438 3457 1508 ἢν
3501 1438 3748 1490 ἐκτίσθαι

2180 1528 2333 1596 φησὶ,
2351 1527 2612 1598 πρόδηλον
2638 1528 2702 1580 ἂν
2718 1528 2801 1598 εἴη
2820 1526 2894 1590 ὡς
2913 1528 2973 1579 οὐ
2992 1527 3090 1598 τὴν
3112 1530 3175 1580 ἐκ
3201 1528 3294 1581 τοῦ
3327 1528 3399 1596 μὴ
3426 1528 3573 1590 ὄντος
3596 1531 3672 1592 εἰς
3686 1530 3753 1581 τὸ

2181 1614 2316 1669 εἶναι
2345 1618 2555 1687 κίνησιν
2578 1617 2741 1671 αὐτοῦ
2769 1616 3041 1686 σημαίνει,
3073 1615 3207 1668 ἀλλά
3232 1616 3328 1685 τὴν
3351 1615 3457 1668 ἀπό
3488 1634 3628 1678 τινος
3664 1620 3749 1680 εἰς

2180 1704 2364 1776 ἕτερόν
2392 1724 2444 1758 τι
2476 1707 2825 1775 μετάστασιν.
2856 1701 2964 1758 Ἦν
2997 1706 3094 1774 μὲν
3115 1706 3220 1775 γὰρ
3248 1708 3304 1757 ἐν
3332 1706 3469 1775 ἀρχῇ
3497 1708 3525 1757 ὁ
3552 1708 3741 1774 Λόγος,

2176 1795 2410 1863 γεγονὼς
2438 1797 2494 1849 δὲ
2544 1795 2703 1867 σάρξ,
2743 1795 2883 1848 κατά
2930 1795 3027 1862 τὴν
3072 1793 3315 1847 Ἰωάννου
3349 1795 3550 1864 φωνὴν,
3600 1795 3747 1864 ἀρχὴ

2176 1892 2354 1959 πάσης
2386 1890 2509 1942 ὁδοῦ
2543 1890 2762 1958 γέγονεν
2813 1892 2944 1959 ἡμῖν
2981 1888 3210 1959 ἀγαθῆς.
3245 1890 3336 1941 Ὧν
3375 1884 3467 1942 οὖν
3508 1890 3536 1941 6
3574 1890 3746 1956 Λόγος

2173 1970 2280 2039 ἀεὶ,
2313 1978 2448 2031 καθὸ
2475 1978 2696 2046 γέγονεν
2734 1978 3037 2047 ἄνθρωπος,
3064 1977 3310 2030 ἐκτίσθαι
3343 1978 3508 2047 φησὶν
3552 1979 3753 2032 ἑαυτὸν

2172 2073 2251 2132 εἰς
2278 2071 2345 2123 τὸ.
2377 2071 2513 2138 ἔργα
2550 2069 2642 2122 τοῦ
2672 2070 2903 2139 Πατρός.

2181 2377 2597 2450 Ἕξειτνηρήσεις
2626 2380 2743 2433 ἀπὸ
2774 2378 2882 2446 τῆς
2906 2382 3067 2445 θείας
3090 2380 3367 2449 Γραρῆς,
3386 2382 3473 2435 ὅτι
3498 2383 3595 2437 ὅτε
3628 2383 3743 2450 τὴν

2237 2448 2302 2501 ἐκ
2344 2452 2573 2517 Πατρός
2598 2452 2887 2518 γέννησιν
2905 2451 3122 2503 ἑαυτοῦ
3147 2448 3425 2518 σημαίνει
3462 2456 3495 2506 ό
3518 2455 3667 2518 Υἱὸς,
3687 2448 3739 2520 vi)

2246 2520 2446 2587 ἕτερός
2473 2538 2559 2585 τις
2600 2520 2720 2572 τῶν
2755 2521 2947 2590 ἁγίων
2964 2520 3095 2588 περὶ
3124 2521 3311 2574 αὑτοῦ
3332 2564 3347 2585 ,
3395 2526 3466 2576 οὺ
3492 2525 3745 2590 προστίο

2237 2600 2417 2655 θησιν
2441 2591 2653 2643 αἰτίαν.
2681 2592 2762 2642 Οὺ
2790 2589 2899 2657 γὰρ
2925 2589 3079 2642 διατι
3110 2590 3253 2655 Θεὸς
3280 2589 3559 2660 ὑπάρχει⁹
3589 2593 3626 2659 ἢ
3667 2594 3745 2646 ἐκ

2239 2660 2342 2715 τοῦ
2376 2660 2602 2727 Πατρός
2634 2659 2943 2730 ἐγεννήθη.
2984 2660 3121 2712 ’Ὅτε
3164 2659 3233 2711 δὲ
3266 2660 3378 2725 τὴν
3410 2662 3558 2727 πρὸς
3582 2660 3739 2730 ἡμᾶς

2236 2731 2520 2797 ὁμοίωσιν
2540 2747 2575 2780 ιι
2586 2728 2725 2781 ὑτοῦ
2749 2731 3152 2795 σημαίνουσιν
3170 2732 3228 2781 al
3246 2731 3473 2797 Γρίιςςαὶ
3501 2733 3596 2784 καὶ
3621 2728 3749 2797 τὴν·

2235 2803 2331 2853 διὰ
2361 2799 2470 2866 τῆς
2502 2798 2803 2864 Παρθένου
2837 2799 3143 2866 γέννησιν,
3166 2799 3346 2865 εὐθὺς
3380 2800 3475 2852 καὶ
3506 2800 3620 2866 τὴν
3644 2806 3736 2852 αὶ-

2235 2873 2367 2923 τίαν
2410 2867 2849 2927 συνάπτουσιν,
2893 2869 2993 2919 ἵνα
3017 2867 3289 2936 μάθωμεν
3346 2868 3546 2936 ὅτιπερ
3587 2874 3619 2923 ό
3650 2867 3737 2923 ὢν

2234 2941 2323 2994 ἀεὶ
2358 2938 2463 2991 τοῦ
2515 2937 2660 2989 Θεοῦ
2692 2937 2899 3003 Λόγος,
2932 2936 3029 2988 διὰ
3076 2938 3211 3007 τίνα
3261 2940 3463 3006 χρείαν
3489 2939 3737 3007 γέγονεν

2236 3012 2566 3074 ἅνθρωπος,
2607 3009 2715 3059 οὐκ
2748 3006 2947 3074 ᾀρχὴν
2987 3006 3094 3059 τοῦ
3127 3004 3276 3060 εἶναι
3298 3004 3309 3006 ⁷
3338 3011 3462 3060 τότε
3496 3004 3739 3069 ζιὰϐὼν,

2234 3071 2371 3133 ἀλλ’
2403 3079 2489 3142 εὶς
2523 3076 2637 3143 τὴν
2675 3071 2782 3129 τοῦ
2821 3071 3047 3129 δούλου
3082 3078 3324 3145 μορφὴν
3363 3078 3513 3131 ὅσον
3538 3080 3627 3143 εις
3670 3079 3737 3132 τὸ

2237 3147 2445 3216 σχῆμα
2487 3146 3020 3216 μεταποιούμενος,
3076 3147 3172 3198 καὶ
3215 3146 3363 3199 κατὰ
3409 3148 3582 3201 τοῦτο
3630 3164 3746 3201 ne-

2238 3214 2526 3285 πόιῆσθαί
2556 3232 2616 3268 τε
2651 3214 2748 3266 καὶ
2772 3215 3039 3269 ἐκτίσθαι
3067 3217 3413 3285 νοούμενος.

2244 3347 2260 3378 ι
2306 3327 2392 3380 Ἐν
2417 3327 2557 3397 ἀρχῇ
2582 3320 2698 3397 suo
2725 3325 2944 3395 Λόγοςρ
2972 3325 3075 3380 οὐκ
3103 3323 3558 3399 ἔχειτὴναίτιαντ
3584 3349 3601 3381 ι
3644 3329 3740 3386 καὶ

2167 3424 2194 3474 6
2237 3421 2405 3487 Λόγος
2444 3417 2511 3490 ἦν
2559 3419 2694 3489 πρὸς
2732 3419 2822 3471 τὸν
2866 3419 2996 3471 Θεὸν
3024 3459 3039 3484 ,
3069 3438 3087 3471 ι
3125 3419 3224 3473 οὐκ
3265 3421 3377 3490 ἔχει
3401 3421 3498 3491 τὴν
3522 3422 3696 3475 αἰτίαν
3719 3440 3731 3453 ·

2173 3532 2190 3563 ι
2231 3514 2323 3565 καὶ
2350 3512 2480 3574 Θεὸς
2506 3506 2573 3582 ἦν
2611 3512 2640 3562 6
2672 3510 2861 3578 Λόγος,
2898 3529 2918 3560 ι
2955 3511 3052 3563 οὐκ
3080 3510 3189 3580 ἔχει
3219 3512 3317 3582 τὴν
3343 3512 3537 3565 αἰτίαν.
3563 3514 3741 3581 οἙγὼ

2167 3606 2223 3655 ἐν
2265 3603 2342 3673 τῷ
2376 3602 2584 3673 Πατρὶ,
2629 3602 2723 3653 καὶ
2759 3602 2786 3653 6
2843 3601 3032 3671 Πατὴρ
3071 3602 3127 3653 ὲν
3173 3602 3314 3670 ἐμοί.
3380 3602 3518 3671 Ἐγὼ
3571 3605 3661 3656 καὶ
3704 3607 3737 3657 6

2168 3694 2359 3763 Πατὴρ
2384 3693 2442 3744 ἓν
2476 3695 2662 3761 ἐσμεν.
2714 3691 2771 3743 Ὀ
2807 3690 3066 3760 ἑωρακὼς
3099 3692 3218 3762 ἐμὲ,
3246 3692 3459 3761 ἑώρακε
3500 3694 3589 3746 τὸν
3618 3695 3732 3747 Πα-

2165 3782 2316 3852 τέρα.
2358 3782 2497 3848 Ἐγώ
2523 3784 2634 3850 εἰμι
2654 3781 2716 3832 τὸ
2739 3782 2873 3849 φῶς.
2920 3781 3060 3848 Ἐγώ
3088 3784 3201 3850 εἰμι
3222 3779 3484 3852 Ιάλήθεια.
3530 3786 3624 3846 Ὃς
3656 3783 3743 3836 ὣνη

2165 3872 2499 3940 ἀπαύγασμα
2536 3871 2627 3922 καὶ
2660 3871 2945 3940 χαρακτὴρ
2966 3870 3067 3939 τῆς
3097 3872 3443 3931 ὑποστάσεως
3472 3873 3635 3925 αὐτοῦ
3657 3890 3668 3903 ο
3705 3892 3727 3922 ι

2164 3962 2333 4015 ταῦτα
2372 3964 2549 4014 πάντα
2575 3960 2668 4013 τοῦ
2705 3961 2830 4013 Υίοῦ
2873 3962 2970 4031 τὴν
3002 3961 3188 4014 οὐσίαν
3216 3962 3583 4031 σημαίνοντα,
3631 3963 3735 4033 τὴν

2163 4052 2339 4106 αἰτίαν
2373 4053 2472 4103 οὐκ
2504 4051 2615 4121 ἔχει
2643 4052 2708 4103 δι’
2743 4053 2808 4122 ἢν
2840 4051 3016 4105 ταῦτά
3063 4053 3231 4108 ἐστιν.
3268 4053 3393 4106 Ἐπὶ
3418 4054 3474 4106 δὲ
3509 4055 3606 4124 τῆς
3638 4055 3729 4106 ὲν-

2163 4143 2365 4211 σάρκου
2394 4142 2679 4208 γενέσεως,
2713 4141 3211 4213 συμπεπλεγμένας
3240 4145 3273 4214 η
3306 4144 3343 4195 Γ
3348 4132 3609 4215 ραφὴ’τάς
3641 4148 3726 4197 αξ·-

2161 4233 2279 4295 sia;
2304 4232 2563 4300 εἰσφέρει.
2594 4233 2754 4299 Λέγει
2780 4231 2907 4300 γοῦν
2934 4234 3095 4296 αὐτὸς
3119 4235 3147 4285 6
3175 4234 3365 4304 Σωτήρ
3388 4251 3401 4265 ·
3430 4255 3451 4286 ι
3475 4235 3725 4289 Καταὸἑ-

2163 4324 2305 4393 δηκα
2336 4326 2398 4375 ἐκ
2432 4323 2524 4375 τοῦ
2562 4322 2791 4393 οὐρανοῦ
2818 4363 2833 4387 ,
2876 4325 2976 4393 οὐχ
3020 4324 3106 4377 ἵνα
3149 4324 3287 4376 ποιῶ
3332 4324 3392 4377 τὸ
3430 4325 3638 4396 θέλημα
3667 4326 3734 4379 τὸ

2162 4417 2313 4486 ἐμὸν,
2351 4414 2485 4466 ἀλλὰ
2511 4414 2570 4466 τὸ
2608 4413 2817 4484 θέλημα
2860 4414 2952 4466 τοῦ
2983 4413 3296 4483 πέμψαντός
3330 4432 3395 4484 με
3438 4416 3667 4485 Πατρός.
3703 4435 3721 4467 ι

2157 4508 2266 4561 Καὶ
2298 4506 2492 4559 πάλιν
2530 4525 2546 4555 t
2570 4505 2711 4573 Ἐγὼ
2737 4505 2869 4574 φῶς,
2901 4507 2978 4569 είς
3007 4505 3097 4557 τὸν
3122 4506 3326 4574 κόσμον
3359 4505 3609 4574 ἐλήλυθα,
3642 4507 3731 4562 ἵνα

2163 4598 2319 4660 πᾶςό
2352 4598 2623 4649 πιστεύων
2651 4599 2728 4658 εἰς
2782 4596 2903 4666 ἐμὲ,
2939 4600 2995 4650 ὲν
3027 4600 3092 4666 τῇ
3129 4596 3315 4668 σκοτίᾳ
3353 4596 3428 4666 μὴ
3480 4597 3661 4668 μείνῃ.
3701 4616 3720 4647 ι

2156 4691 2265 4741 Καὶ
2299 4689 2489 4742 πάλιν·
2540 4709 2555 4738 ι
2618 4686 2759 4755 Ἐγὼ
2794 4691 2874 4751 είς
2925 4687 3082 4740 τοῦτο
3135 4689 3460 4759 γεγένημαι,
3498 4690 3592 4743 καὶ
3647 4692 3725 4751 εἰς

2154 4779 2311 4832 τοῦτο
2356 4780 2587 4850 ἐλήλυθα
2627 4782 2705 4842 εἰς
2740 4779 2830 4832 τὸν
2866 4779 3077 4848 κόσμον
3102 4818 3115 4841 ,
3162 4780 3247 4831 ἵνα
3285 4782 3618 4851 μαρτυρήσω
3660 4783 3730 4851 τῇ

2154 4871 2404 4941 ἀληθείᾳ.
2434 4891 2451 4922 ι
2499 4871 2554 4922 Ὀ
2588 4871 2643 4922 δέ
2678 4887 2739 4936 γε
2768 4870 3034 4940 μακάριος
3065 4869 3274 4933 Παῦλος
3295 4873 3391 4939 τὴν
3419 4872 3595 4923 αἰτίαν
3628 4872 3725 4940 τῆς

2157 4962 2292 5031 πρὸς
2315 4963 2458 5029 ἡμᾶς
2486 4960 2720 5029 ἀφίξεως
2741 4960 2906 5013 αὐτοῦ
2929 4961 3240 5028 σαφέστατα
3262 4962 3455 5030 λέγων,
3482 4962 3727 5014 ἐπιστέλ-

2154 5051 2269 5103 λει’
2301 5052 2483 5102 ιἘπεὶ
2505 5047 2596 5103 οὖν
2624 5051 2690 5102 τὰ
2718 5050 2905 5102 παιδία
2940 5050 3334 5120 κεκοινώνηκεν
3374 5054 3603 5122 αἵματος
3634 5055 3727 5105 καὶ

2158 5143 2393 5210 σαρκὸς,
2429 5142 2522 5194 καὶ
2564 5141 2725 5205 αὑτὸς
2760 5141 3154 5213 παραπλησίως
3207 5146 3438 5213 μετέσχε
3474 5144 3583 5196 τῶν
3630 5144 3728 5196 αὑ-

2157 5233 2287 5286 τῶν.
2332 5254 2349 5284 ι
2379 5233 2489 5285 Καὶ
2522 5232 2714 5285 πάλιν·
2751 5253 2771 5285 ι
2816 5232 3031 5305 Ἐπειδὴ
3064 5233 3172 5304 γὰρ
3203 5235 3269 5285 δι’
3310 5233 3599 5303 ἀνθρώπου
3631 5234 3727 5287 θά-

2157 5341 2333 5387 νατος,
2366 5327 2460 5377 καὶ
2510 5324 2577 5377 δι’
2633 5323 2917 5391 ἀνθρώπου
2966 5326 3259 5386 ἀνάστασις
3302 5325 3530 5396 νεκρῶν.
3560 5343 3578 5375 ι
3616 5326 3726 5379 Καὶ

2159 5414 2351 5467 πάλιν·
2391 5434 2408 5464 ι
2442 5414 2514 5466 Τὸ
2560 5415 2664 5486 γὰρ
2696 5415 2959 5470 ἀδύνατον
2992 5417 3083 5469 τοῦ
3111 5417 3297 5487 νόμου,
3330 5420 3389 5471 ἐν
3418 5410 3462 5485 ᾧ
3510 5415 3734 5487 ἠσθένει.

3265 5595 3311 5625 ⁸³
3342 5597 3501 5648 Juan.
3530 5609 3642 5655 xiv,
3665 5593 3721 5647 ϐ.

3225 5665 3270 5695 ⁸⁸
3314 5666 3478 5720 lCm'.
3513 5679 3600 5725 xv.
3627 5664 3718 5720 21.

2684 5593 2727 5623 δ’
2767 5593 2925 5646 .Ioan.
2957 5608 3074 5655 vttt,
3102 5594 3186 5647 1‘2.
