4036 6208
275 284 379 339 273

1652 279 2096 340 TllESAUBUS.

3404 281 3510 337 ειη

272 399 357 451 διὰ
382 397 470 465 τῆς
496 395 724 465 σαρκὸς,
769 396 798 446 6
836 393 967 456 Θεὸς
1005 393 1096 445 τὸν
1135 392 1332 445 ἑαυτοῦ
1383 393 1511 445 Υἱδν
1536 395 1758 463 πέμψας
1786 397 1843 447 ὲν

1980 396 2143 450 'iliurn
2188 412 2343 451 suum
2381 398 2600 454 mittens
2638 398 2688 451 in
2725 395 3138 453 similitudinem
3176 396 3357 450 carnis
3397 411 3524 465 pec-

274 486 568 556 ὁμοιώματι
593 482 795 555 σαρκὸς
821 482 1113 553 ἁμαρτίας,
1132 484 1228 535 καὶ
1258 500 1322 535 πε
1334 484 1387 553 pl.
1414 483 1688 552 ἁμαρτίας
1717 500 1848 535 κατ-

1950 488 2077 547 cati,
2121 488 2187 541 de
2233 496 2454 556 peccato
2501 488 2776 542 damnavit
2818 496 3101 557 peccatum
3149 488 3201 540 in
3246 501 3430 553 carne,
3470 498 3529 541 ut

272 580 444 647 ἔκρινε
487 576 589 645 τὴν
624 574 902 644 ἁμαρτίαν
949 576 1006 627 ἐν
1045 576 1111 643 τῇ
1148 574 1331 643 σαρκὶ,
1370 573 1458 627 ἴνα
1488 573 1548 627 τὸ
1573 573 1848 643 δικαίωμα

1980 579 2261 633 ustiﬁcatio
2290 579 2420 648 legis
2450 578 2764 647 impleretur
2790 581 2842 631 in
2873 578 3046 641 nobis,
3072 578 3161 647 qui
3192 593 3295 632 non
3326 592 3526 632 secun-

274 669 357 720 τοῦ
396 668 563 736 νόμου
614 666 878 737 πληρωθῇ
938 667 996 719 ὲν
1044 667 1201 735 ἡμῖν,
1233 667 1344 727 τοῖς
1389 665 1463 734 μὴ
1489 663 1629 717 κατὰ
1669 665 1847 734 σάρκα

1980 686 2075 722 rum
2100 685 2317 723 carnem
2344 670 2700 729 ambulamus,
2719 670 2813 723 sed
2833 670 3125 723 secundum
3149 667 3476 737 spiritum”.
3500 685 3523 717 ο

272 757 684 828 περιπατοῦσιν,
738 757 875 810 ἁλλά
940 756 1085 811 κατὰ
1140 755 1419 825 πνεῦμα.»
1491 755 1601 808 Καὶ
1649 756 1846 809 πάλιν⁸

1953 760 2017 813 Et
2046 760 2241 814 alicubi
2280 778 2293 812 :
2333 778 2351 810 ι
2392 758 2509 813 Non
2539 759 2682 812 enim
2713 758 2856 812 misit
2890 759 3031 811 Deus
3060 757 3255 812 Filium
3288 760 3339 811 in
3374 772 3529 811 mun-

278 869 294 898 ‹
328 849 401 900 Οὐ
456 849 569 917 γὰρ
610 846 930 901 ἀπέστειλεν
969 850 998 900 6
1039 846 1172 910 Θεὸς
1203 846 1294 899 τδν
1334 846 1458 898 Υίὸν
1489 846 1569 907 είς
1617 845 1710 898 τὸν
1758 846 1853 899 κό-

1980 850 2109 914 lum,
2145 860 2203 903 ut
2234 849 2441 917 iudicet
2481 850 2769 914 mundum,
2805 849 2899 902 sed
2936 858 2994 901 ut
3031 848 3261 902 mundus
3292 846 3528 901 salvetur

276 954 425 1007 σμον,
462 938 549 991 ἵνα
574 939 735 1008 κρίνῃ
761 940 853 991 τὸν
896 937 1125 1007 κόσμον,
1151 937 1265 990 ἁλλ’
1295 936 1382 990 ἵνα
1417 935 1562 1006 σωθῇ
1588 936 1616 987 6
1644 936 1849 1007 κόσμος

1954 957 2047 1010 per
2086 943 2295 996 cum".
2348 961 2365 993 ι
2411 939 2646 995 Rursum
2690 940 2947 1017 servator
3007 941 3073 994 de
3124 939 3305 1009 seipse
3345 956 3360 993 :
3407 956 3425 989 ι
3470 937 3528 992 In

270 1030 333 1082 δι’
366 1028 561 1083 αὐτοῦ.
598 1049 618 1081 ι
663 1030 774 1084 Καὶ
806 1030 969 1084 πάλιν
1005 1032 1033 1084 6
1064 1028 1252 1100 Σωτὴρ
1286 1028 1412 1098 περὶ
1439 1027 1632 1081 ἑαυτοῦ
1654 1046 1665 1057 ·
1703 1047 1722 1078 ι
1760 1030 1853 1092 Εἰς

1980 1034 2213 1087 mlicinm
2249 1049 2348 1103 ego
2381 1036 2432 1088 in
2467 1035 2611 1088 hunc
2643 1034 2901 1087 mundum
2927 1033 3069 1094 veni,
3099 1041 3158 1083 ut
3187 1033 3278 1098 qui
3313 1045 3417 1084 non
3444 1031 3529 1082 vi-

274 1122 456 1192 κρίσιν
477 1120 590 1189 ἐγὼ
613 1121 691 1185 εἰς
711 1120 801 1173 τδν
822 1122 1027 1191 κόσμον
1049 1119 1238 1173 τοῦτον
1255 1115 1437 1190 ἦλθον,
1469 1120 1555 1173 ἵνα
1572 1120 1621 1173 οἱ
1646 1120 1720 1189 μὴ
1743 1119 1855 1189 βλέ-

274 1230 468 1277 ποντες
502 1213 765 1283 βλέπωσι,
795 1214 892 1265 καὶ
918 1213 969 1265 οἱ
998 1212 1285 1281 βλέποντες
1311 1211 1503 1280 τυφλοὶ
1527 1212 1848 1278 γένωνται.)

276 1304 399 1356 Ὅτε
440 1303 624 1356 τοίνυν
661 1303 885 1371 γέγονεν
925 1302 1211 1372 ἄνθρωπος
1257 1302 1345 1355 ἵνα
1392 1303 1565 1355 ταῦτα
1589 1302 1853 1373 πληρώσῃ

271 1395 333 1447 τὰ
378 1394 548 1465 ἔργα,
577 1396 673 1447 κα)⁸
709 1394 853 1465 ἁρχὴ
884 1394 1113 1464 γένηται
1140 1393 1250 1446 τῶν
1277 1394 1535 1447 τοιούτων
1576 1394 1713 1446 ὁδῶν
1734 1433 1749 1456 ,
1780 1396 1861 1446 εἰ·

273 1486 448 1548 κότως
505 1485 573 1538 ἂν
616 1485 764 1553 λέγοι
821 1486 948 1555 περὶ
992 1483 1186 1537 ἑαυτοῦ
1214 1500 1227 1515 ⁸
1264 1484 1527 1554 ‹.Κύριος
1572 1484 1753 1537 ἔκτισε
1791 1500 1858 1552 με

273 1577 451 1648 ἀρχὴν
500 1576 637 1629 ὁδῶν
673 1576 840 1629 αὑτοῦ
876 1577 955 1640 είς
989 1576 1129 1646 ἔργα
1173 1575 1358 1630 αὑτοῦ.
1394 1595 1412 1628 ι
1468 1577 1579 1628 Οῢκ
1634 1574 1857 1644 ἐκτίσθη

274 1667 375 1734 γὰρ
412 1666 502 1727 εἰς
540 1665 602 1716 τὸ
643 1660 788 1718 εἶναι
823 1664 1197 1735 παρενεχθεὶς,
1254 1664 1367 1717 ἀλλ’
1402 1663 1475 1716 ὣν
1508 1664 1597 1717 ἀεὶ
1631 1664 1725 1716 καὶ
1752 1664 1856 1714 ὑπ-

274 1758 485 1826 άρχων,
514 1756 740 1826 ἐκτίσθη
764 1755 902 1823 σάρξ
931 1755 1016 1808 διά
1039 1754 1138 1818 τὰς
1158 1756 1525 1827 προκειμένας
1559 1757 1761 1818 αἰτίας.
1888 1742 1931 1794 Β

1956 1126 2104 1186 dent,
2131 1124 2363 1186 videant,
2393 1133 2445 1176 et
2470 1124 2561 1191 qui
2590 1122 2796 1187 vident,
2827 1123 2952 1176 caeci
2987 1120 3237 1175 ﬁant".I
3268 1118 3545 1186 CIIm.igi-'

1959 1223 2046 1267 tur
2074 1214 2248 1268 factus
2277 1224 2359 1267 est
2392 1214 2573 1275 homo,
2605 1220 2664 1265 ut
2694 1213 2808 1266 haec
2836 1226 2997 1281 opera
3031 1211 3267 1279 impleat,
3297 1218 3350 1262 et
3378 1210 3528 1275 prin-

1959 1304 2157 1372 cipium
2197 1305 2289 1357 ﬁat
2320 1302 2629 1372 hujusmedi
2663 1303 2870 1356 viarum
2891 1342 2906 1367 ,
2939 1302 3133 1355 merito
3164 1301 3229 1354 de
3262 1314 3319 1353 se
3353 1299 3481 1354 dicit
3514 1316 3526 1350 :

1940 1386 1984 1445 “‹
2039 1396 2296 1449 Dominus
2335 1394 2540 1448 creavit
2579 1408 2663 1447 me
2704 1392 3028 1461 principium
3064 1391 3271 1443 viarum
3311 1404 3530 1442 suarum

1962 1489 2012 1539 in
2054 1501 2219 1555 opera
2266 1488 2453 1556 ipsius.
2500 1505 2517 1537 ι
2558 1485 2744 1554 Neque
2779 1483 2924 1539 enim
2965 1484 3039 1537 ita
3078 1490 3295 1536 creatus
3335 1490 3438 1545 est,
3477 1490 3534 1532 ut

1962 1578 2027 1631 ad
2053 1591 2172 1630 esse
2198 1576 2480 1629 traductus
2506 1574 2598 1638 sit,
2625 1574 2717 1627 sed
2743 1588 2864 1626 cum
2892 1586 3107 1640 semper
3128 1571 3196 1625 sit
3222 1579 3383 1637 atque
3408 1570 3536 1623 sub-

1964 1669 2141 1730 sistat,
2175 1677 2393 1722 creatus
2424 1678 2510 1721 est
2541 1680 2667 1719 caro
2694 1666 2764 1718 oh
2796 1678 2989 1717 causas
3014 1663 3123 1729 jam
3156 1660 3347 1715 dictas.

276 1871 397 1923 Ἔτι
429 1871 524 1936 εις
555 1868 645 1932 τὸ,
685 1888 704 1919 ι
738 1870 951 1936 Κύριος
987 1869 1188 1923 ἕκτισέ
1209 1887 1284 1939 με
1304 1911 1318 1933 ,
1348 1888 1369 1921 ι
1396 1869 1490 1922 ὅτι
1524 1872 1595 1922 οὐ
1638 1871 1860 1937 κτίσμα

1980 1869 2117 1921 iliud
2149 1870 2199 1921 in
2232 1871 2389 1932 idem,
2428 1888 2444 1917 ι
2486 1869 2740 1921 Dominus
2772 1867 2961 1919 crearit
2995 1882 3104 1930 me;
3148 1885 3164 1916 ι
3198 1865 3335 1933 quod
3368 1862 3536 1917 Filius

952 1942 985 1993 ό
1036 1941 1188 2005 Υἱός.

338 2047 489 2116 Φησί
512 2063 618 2099 που
638 2046 848 2109 Παῦλος
877 2048 1003 2117 περὶ
1026 2046 1119 2101 τοῦ
1144 2047 1394 2118 Σωτῆρος
1424 2048 1456 2117 ἡ
1465 2046 1579 2116 μῶν
1598 2046 1856 2117 Χριστοῦ·

280 2138 502 2200 ιΑὺτὸς
531 2138 642 2208 γάρ
672 2139 823 2189 ἐστιν
869 2139 902 2207 ἡ
936 2138 1127 2209 εἰρήνη
1174 2138 1350 2207 ἡμῶν,
1398 2140 1426 2190 6
1452 2138 1510 2190 τὸ
1552 2138 1861 2207 μεσότοιχον

277 2228 367 2283 τοῦ
397 2228 664 2300 φραγμοῦ
693 2230 882 2293 λύσας,
910 2230 1007 2298 τὴν
1034 2228 1233 2299 ἔχθραν
1267 2230 1325 2280 ὲν
1364 2231 1427 2299 τῇ
1471 2230 1633 2300 σαρκὶ
1672 2229 1860 2295 αὑτοῦ,

280 2322 363 2373 τὸν
396 2322 572 2390 νόμον
599 2320 707 2374 τῶν
741 2320 970 2374 ἐντολῶν
1001 2323 1059 2373 ὲν
1088 2321 1321 2387 δόγμασι
1363 2322 1739 2391 καταργήσας,
1777 2321 1864 2374 ἶνα

277 2413 407 2475 τοὺς
438 2412 537 2463 δύο
576 2413 738 2483 κτίσῃ
762 2414 819 2464 ὲν
845 2411 1022 2482 ἑαυτῷ
1056 2414 1134 2476 εἰς
1173 2412 1269 2465 ἕνα
1305 2412 1490 2465 καινὸν
1519 2412 1859 2483 ἄνθρωπον.»

280 2504 342 2557 Εἰ
378 2504 575 2556 τοίνυν
622 2502 684 2555 τὸ
727 2504 820 2556 καὶ
862 2502 956 2556 δύο
983 2502 1160 2566 κτίζει
1187 2503 1421 2574 Χριστὸς
1465 2504 1522 2554 ὲν
1545 2501 1742 2572 ἑαυτῷ,
1772 2502 1867 2555 καὶ

285 2596 358 2656 εἰς
389 2594 498 2646 ἕνα
527 2593 712 2645 καινὸν
740 2592 1026 2661 ἄνθρωπον
1052 2594 1360 2663 ἀναμορφοῖ
1381 2634 1395 2657 ,
1446 2593 1745 2658 τουτέστιν,
1788 2593 1868 2657 είς

284 2685 373 2737 τὸν
405 2683 556 2737 κατά
607 2683 807 2755 ἀρετὴν
840 2684 953 2753 βίον
974 2700 988 2715 ο
1028 2686 1191 2755 ἡμεῖς
1224 2684 1331 2756 γὰρ
1363 2679 1503 2754 ἦμεν
1542 2685 1591 2736 oi
1634 2684 1692 2736 ἐν
1722 2684 1869 2754 αὐτῷ

289 2777 635 2846 κτιξόμενοι,
662 2775 799 2829 καθὸ
826 2777 922 2845 τῆς
950 2776 1087 2848 πρὸς
1133 2778 1275 2847 ἡμᾶς
1328 2774 1636 2845 ὁμοιώσεως
1670 2777 1869 2830 ἐπελά-

282 2869 444 2934 ϐετο,
474 2869 568 2922 καὶ
595 2870 654 2920 ὲν
680 2867 828 2936 αὐτῷ
861 2867 1061 2939 πρώτῳ
1082 2869 1181 2938 τῆς
1209 2869 1552 2939 ἁρεσκούσης
1575 2870 1694 2941 Θεῷ
1724 2869 1873 2924 πολι-

288 2963 450 3025 τείας
473 2962 787 3031 ἐσχήκαμεν
812 2960 913 3023 τὰς-
928 2959 1103 3031 ἀρχὰς
1121 2961 1201 3022 είς
1228 2960 1482 3029 ἀμείνονα
1510 2959 1622 3029 βίον
1650 2962 1873 3015 ἀνακτι-

2507 1956 2608 1991 non
2642 1939 2706 1989 ait
2738 1947 3000 1989 creatura.

2036 2052 2230 2105 Paulus
2274 2052 2467 2105 alicubi
2522 2053 2587 2106 de
2642 2052 2931 2105 Servatere
2980 2060 3163 2104 nostro
3205 2049 3420 2105 Christo
3466 2051 3537 2102 ita

1966 2142 2041 2194 ait
2074 2160 2087 2193 :
2126 2158 2143 2190 ι
2182 2139 2300 2208 ipse
2329 2141 2473 2195 enim
2507 2150 2587 2195 est
2623 2156 2725 2206 pax
2760 2150 2972 2203 nostra,
3010 2139 3243 2192 medium
3279 2139 3541 2207 parietem

1967 2233 2215 2286 maceriae
2258 2233 2504 2296 solvens,
2544 2232 2859 2288 inimicitias
2902 2232 2955 2286 in
3004 2247 3168 2287 carne
3207 2247 3331 2296 sua,
3370 2232 3539 2301 legem

1968 2324 2347 2379 mandatorum
2381 2326 2434 2379 in
2468 2325 2703 2379 decretis
2733 2337 3025 2385 evacuans,
3060 2333 3118 2376 ut
3148 2323 3281 2375 duos
3308 2330 3457 2375 creet
3488 2321 3551 2373 in.

1968 2418 2147 2486 seipse
2182 2417 2233 2471 in
2268 2433 2432 2471 unum
2468 2431 2664 2471 novum
2702 2414 2972 2469 hominem
3000 2415 3067 2466 ⁵¹.
3108 2434 3124 2463 ι
3159 2412 3214 2467 Si
3248 2427 3377 2481 ergo
3407 2411 3542 2465 duos

1970 2516 2119 2562 creat
2150 2507 2393 2562 Christus
2430 2506 2482 2560 in
2518 2507 2726 2575 seipse,
2762 2515 2815 2560 et
2850 2505 2901 2559 in
2939 2520 3101 2558 unum
3142 2519 3335 2557 novum
3374 2503 3543 2556 hemi-

1972 2614 2091 2654 nem
2120 2598 2496 2662 transl’ormat,
2525 2599 2627 2652 hoc
2654 2607 2756 2662 cst,
2785 2597 2836 2652 in
2866 2598 3028 2651 vitam
3056 2596 3349 2651 secundum
3376 2595 3546 2649 virtu-

1972 2704 2076 2747 tem
2114 2713 2125 2747 :
2161 2708 2261 2747 nos
2295 2692 2437 2748 enim
2476 2708 2665 2746 sumus
2700 2692 2753 2745 in
2791 2692 2905 2759 ipso
2941 2689 3143 2751 creati,
3175 2697 3439 2756 quatenus
3474 2683 3545 2739 si-

1975 2786 2331 2839 militudinem
2378 2794 2617 2839 nostram
2663 2782 2976 2851 assumpsit,
3018 2790 3071 2835 et
3116 2781 3168 2834 in
3216 2780 3332 2847 ipse
3373 2777 3547 2846 primo

1974 2878 2250 2933 consecuti
2277 2892 2463 2932 sumus
2488 2876 2637 2931 initia
2665 2874 3093 2932 conversationis
3116 2888 3237 2943 qua:
3266 2872 3371 2926 Dee
3396 2883 3549 2926 acce-

1977 2979 2064 3038 pta
2094 2971 2183 3034 sit,
2214 2970 2265 3024 in
2295 2968 2568 3023 meliorem
2599 2969 2763 3022 vitam
2796 2965 3072 3021 reformati
3103 2984 3116 3020 :
3149 2964 3338 3017 merito
3367 2962 3549 3017 dicere

287 3056 540 3125 ζόμενοι·
573 3054 799 3116 είκότως
836 3052 900 3106 ἂν
921 3052 1071 3121 λέγοι
1102 3054 1194 3105 καὶ
1216 3052 1310 3105 νῦν
1342 3052 1417 3115 ὡς
1437 3053 1576 3125 ὑπὲρ
1605 3054 1766 3125 ἡμῶν
1797 3057 1874 3118 είς

1980 3070 2174 3129 potest,
2200 3076 2322 3115 cum
2348 3074 2446 3129 pro
2472 3059 2625 3113 nobis
2650 3059 2702 3111 in
2733 3072 2896 3111 unum
2925 3056 3195 3111 hominem
3220 3063 3435 3111 creatus
3457 3053 3549 3118 sit,
3608 3092 3617 3097 -

289 3149 383 3201 τὸν
409 3148 509 3200 ἕνα
549 3145 866 3214 κτιζόμενος
888 3144 1173 3213 ἄνθρωπον
1191 3161 1203 3175 ·
1240 3162 1258 3195 ι
1282 3144 1485 3216 Κύριος
1518 3145 1700 3201 ἐκτισέ
1736 3165 1826 3217 με.
1855 3167 1873 3199 ι

990 3259 1196 3314 AAAO.

367 3374 691 3446 Γέγραπταί
716 3390 816 3426 που
841 3371 1082 3444 περὶτοῦ
1122 3373 1373 3445 Σωτῆρος
1402 3377 1434 3445 ἡ
1445 3375 1560 3445 μῶν
1607 3375 1843 3447 Χριστοῦ
1863 3394 1876 3407 ·

300 3488 322 3521 ε
362 3469 607 3538 ’Ὁτιπερ
637 3466 801 3530 αὐτὸς
843 3465 941 3529 τὰς
991 3466 1276 3531 ἀσθενείας
1310 3467 1469 3536 ἡμῶν
1511 3469 1677 3534 αἴρει.
1719 3489 1737 3520 ι
1774 3470 1884 3523 Kal.

302 3562 510 3616 πάλιν·
558 3579 575 3611 ι
612 3558 841 3626 Γέγονεν
878 3558 1015 3629 ὑπὲρ
1047 3557 1202 3629 ἡμῶν
1234 3558 1465 3628 κατάρα.
1493 3578 1510 3609 I
1547 3560 1658 3613 Καὶ
1698 3562 1882 3615 πάλιν*

304 3674 327 3706 ‹
364 3652 478 3708 Τὸν
512 3652 589 3721 μὴ
637 3650 833 3720 γνόντα
888 3652 1165 3721 ἁμαρτίαν
1224 3652 1364 3724 ὑπὲρ
1408 3651 1566 3723 ἡμῶν
1613 3654 1887 3724 ἁμαρτίαν

300 3744 589 3812 ἐποίησεν.
634 3745 874 3812 »Ὥσπερ
906 3738 999 3795 οὖν
1039 3740 1399 3812 ἠσθενηκέναι
1436 3742 1677 3811 λέγεται,
1709 3745 1887 3798 καίτοι

302 3838 383 3907 μὴ
416 3835 727 3907 ἀσθενήσας
760 3834 979 3889 πώποτε
1016 3834 1262 3905 (δύναμις
1290 3834 1398 3905 γὰρ
1427 3835 1561 3889 Θεοῦ
1594 3837 1784 3905 ἐστιν),
1806 3838 1888 3890 ὅτι

301 3930 407 3993 τὰς
439 3928 603 3999 ἡμῶν
629 3928 914 3991 ἀσθενείας
944 3927 1233 3980 ὲόάστασε·
1278 3928 1608 3998 γεγενῆσθαί
1636 3946 1697 3981 τε
1728 3928 1888 3981 αὑτὸν

300 4020 562 4089 κατάραν
584 4024 617 4091 ἡ
646 4020 764 4075 θεία
800 4024 935 4094 φησὶ
961 4026 1171 4097 Γραφὴ,
1208 4028 1309 4080 οὐκ
1339 4028 1472 4081 αὐτὸ
1506 4028 1568 4099 δὴ
1605 4028 1764 4081 τοῦτο
1809 4029 1891 4092 εἰς

302 4113 563 4182 κατάραν
610 4118 1079 4187 μεταπποιῆσθαι
1121 4119 1496 4190 σημαίνουσα,
1527 4120 1643 4174 ἀλλ’
1676 4122 1760 4173 ὅτι
1794 4120 1892 4191 τὴν

302 4206 457 4275 ὑπὲρ
487 4206 646 4275 ἡμῶν
682 4207 927 4278 κατάραν
962 4210 1265 4280 ὐπήνεγκε·
1311 4212 1405 4265 καῖ
1447 4211 1606 4266 πάλιν
1648 4211 1892 4283 ἁμαρτία

300 4299 649 4370 γεγενῆσθαι
676 4299 913 4369 λέγεται,
944 4303 1003 4356 οὐ
1037 4303 1137 4371 τῆς
1155 4303 1364 4367 οἰκείας
1397 4304 1612 4374 φύσεως
1642 4304 1896 4374 ἐπιλελη-

1984 3171 2005 3203 ε
2046 3153 2301 3207 Dominus
2332 3152 2534 3207 creavit
2568 3163 2670 3204 Ine.
2710 3168 2731 3200 ι

2647 3261 2875 3318 ALIUD.

2056 3378 2327 3448 Scriptum
2352 3388 2435 3434 est
2457 3376 2656 3432 alicubi
2683 3377 2748 3432 de
2773 3374 3063 3431 Servatore
3087 3384 3274 3430 nostro
3296 3372 3510 3430 Christo
3536 3390 3571 3431 :.

1992 3490 2009 3520 ι
2050 3469 2183 3536 Quia
2220 3470 2334 3536 ipse
2370 3468 2715 3523 inﬁrmitates
2748 3477 2965 3524 nostras
2997 3467 3135 3522 tollit
3159 3467 3225 3521 ⁵³.
3269 3484 3287 3517 ι
3326 3466 3393 3523 Ει
3428 3479 3553 3519 rur-

1987 3577 2078 3614 sus
2111 3580 2122 3613 :
2161 3578 2179 3611 ι
2221 3560 2418 3614 Factus
2448 3570 2532 3615 est
2566 3575 2663 3627 pro
2698 3560 2852 3614 nobis
2886 3557 3190 3613 maledictio
3212 3558 3278 3611 “7.
3318 3574 3339 3607 ι
3373 3555 3502 3611 Item
3537 3574 3550 3609 :

1995 3671 2011 3701 ι
2047 3652 2179 3705 Eum
2209 3653 2298 3720 qui
2329 3668 2430 3705 non
2461 3652 2611 3705 novit
2638 3659 2938 3719 peccatum,
2966 3665 3064 3718 pro
3092 3650 3245 3703 nobis
3273 3656 3554 3717 peccatum

1990 3742 2115 3796 fecit
2141 3742 2206 3794 “.
2263 3760 2281 3791 ι
2337 3739 2801 3805 Quemadmodum
2856 3738 3019 3807 igitur
3063 3736 3406 3790 inﬁrmitates
3459 3734 3559 3787 ha-

1992 3835 2171 3888 buisse
2193 3831 2409 3892 dicitur,
2429 3829 2523 3897 qui
2545 3828 2685 3881 nulla
2705 3842 2940 3896 unquam
2962 3826 3276 3880 inﬁrmitate
3295 3824 3560 3877 laboravit

1993 3926 2185 3995 (virtus
2215 3924 2360 3978 enim
2397 3937 2461 3977 ac
2495 3920 2733 3992 petentia
2771 3918 2863 3975 Dei
2898 3918 3025 3987 est),
3057 3915 3181 3985 quia
3218 3914 3561 3968 inﬁrmitates

1994 4028 2210 4074 nostras
2257 4016 2420 4071 tulit:
2463 4014 2665 4070 factum
2715 4015 2877 4069 etiam
2928 4008 3360 4065 maledictionem
3406 4021 3599 4060 sacra

1996 4112 2277 4180 Scriptura
2312 4109 2443 4165 dicit
2478 4126 2491 4162 :
2530 4123 2634 4161 non
2671 4105 2813 4176 quod
2854 4103 3000 4158 illum
3038 4103 3091 4157 in
3128 4098 3560 4155 maledictionem

1997 4210 2265 4257 mutatum
2318 4198 2615 4271 signiﬁcet,
2660 4197 2754 4250 sed
2798 4196 2937 4264 quod
2987 4190 3420 4247 maledictionem
3464 4202 3563 4255 pro

1999 4294 2150 4349 nobis
2186 4292 2402 4356 tulerit;
2444 4300 2493 4344 et
2531 4302 2717 4343 rursus
2758 4295 3034 4356 peccatum
3071 4283 3242 4337 factus
3275 4295 3397 4337 esse
3430 4280 3569 4335 dici...

307 4391 542 4461 σμένος,
572 4391 696 4445 οὐδὲ
727 4393 806 4455 είς
837 4394 1112 4464 ἁμαρτίαν
1134 4395 1497 4465 μετενεχθεὶς,
1522 4399 1549 4449 6
1570 4395 1774 4466 ταύτην
1795 4397 1874 4447 ob:

1999 4402 2108 4454 tur,
2142 4405 2247 4445 non
2282 4388 2422 4458 quod
2458 4402 2554 4441 sua
2588 4395 2776 4440 natura
2808 4392 3006 4439 exutus
3042 4382 3093 4434 in
3129 4388 3408 4447 peccatum
3445 4392 3568 4429 mu-

304 4482 498 4547 εἰδὼς,
535 4482 651 4537 ἁλλ’
690 4483 773 4536 ὅτι
806 4483 905 4547 τὰς
944 4484 1219 4556 ἁμαρτίας
1248 4484 1405 4555 ἡμῶν
1430 4486 1719 4557 ἀνήνεγκε,
1752 4484 1898 4539 καθά

300 4576 654 4645 γέγραπται,
679 4578 735 4628 ὲν
760 4575 836 4644 τῷ
854 4574 1064 4644 σώματι
1090 4575 1255 4628 αὑτοῦ
1280 4577 1374 4630 ἐπὶ
1395 4576 1486 4630 τοῦ
1516 4575 1699 4640 ξύλων
1727 4574 1899 4638 οὕτως

307 4671 449 4721 ὅταν
477 4668 637 4738 ἡμεῖς
665 4669 721 4719 ἐν
743 4666 891 4737 αὐτῷ
914 4668 1224 4738 κτιξώμεθα
1252 4670 1333 4731 είς
1355 4669 1449 4721 ἕνα
1472 4668 1656 4721 καινὸν
1690 4666 1899 4737 ἀνθρωο

309 4776 445 4823 πον,
476 4758 553 4822 ὡς
582 4759 677 4812 καὶ
701 4759 865 4823 αὐτὸς
893 4759 1207 4830 κτιζόμενος
1242 4761 1476 4828 λέγεται.
1496 4761 1605 4812 Καὶ
1629 4760 1716 4811 διὰ
1742 4759 1899 4811 τοῦτό

309 4864 488 4919 φησιο
529 4866 547 4898 ι
590 4847 792 4919 Κύριος
838 4848 1017 4903 ἔκτισέ
1067 4867 1156 4920 με,
1202 4869 1221 4901 ι
1252 4849 1455 4919 κτίσμα
1487 4850 1583 4919 μὲν
1613 4849 1773 4913 αὐτὸς
1802 4848 1900 4901 οὐκ

298 4944 416 5007 ὢν,
438 4940 541 5011 τῆς
565 4940 625 4993 δὲ
648 4940 744 4994 τοῦ
785 4942 997 5013 Πατρὸς
1028 4941 1219 5005 οὐσίας
1244 4941 1374 4995 ῐδιον
1398 4941 1665 5013 γέννημα.

1016 5139 1224 5195 ΑΛΛΟ.

394 5253 484 5315 Εἰ,
519 5251 637 5304 καθ’
668 5252 831 5319 ὑμᾶς,
857 5254 1017 5318 αὐτὸς
1047 5254 1168 5312 καθ’
1195 5254 1386 5308 ἑαυτὸν
1413 5254 1551 5309 ὁτοῦ
1577 5254 1711 5307 Θεοῦ
1736 5255 1907 5321 Λόγος

2000 4489 2139 4534 tatus
2171 4480 2275 4542 sit,
2304 4478 2398 4547 qui
2433 4485 2709 4547 peccatum
2742 4489 2846 4528 non
2880 4471 3045 4537 novit,
3101 4469 3257 4540 163
3300 4468 3394 4522 sed
3425 4466 3566 4534 quod

2001 4582 2222 4640 peccata
2262 4581 2444 4625 nostra
2480 4568 2622 4631 tulit,
2657 4578 2715 4621 ut
2746 4565 3006 4634 scriptum
3044 4572 3127 4617 est
3153 4561 3219 4623 ",
3259 4559 3310 4611 in
3342 4571 3573 4624 corpore

2000 4676 2121 4727 suo,
2155 4661 2300 4730 ligno
2329 4660 2507 4715 crucis
2533 4658 2724 4712 aﬁixus
2754 4680 2767 4712 ;
2800 4656 2874 4710 ita
2908 4668 3030 4707 cum
3059 4665 3157 4706 nos
3187 4650 3241 4703 in
3272 4649 3390 4717 ipse
3419 4659 3570 4699 crea-

2004 4768 2122 4806 Innr
2153 4753 2204 4805 in
2240 4767 2402 4805 unum
2437 4766 2630 4804 novum
2668 4748 2943 4803 hominem
2967 4786 2980 4810 ,
3016 4743 3176 4799 etiam
3213 4742 3325 4809 ipse
3359 4746 3572 4790 creatus

2003 4844 2215 4898 dicitur.
2269 4842 2446 4913 Atque
2472 4842 2592 4897 ideo
2619 4840 2769 4903 dicit,
2803 4856 2823 4890 ι
2860 4836 3121 4893 Dominus
3150 4830 3355 4887 creavit
3381 4843 3466 4881 me
3495 4864 3511 4889 ,
3546 4844 3567 4878 ι

2008 4951 2131 4989 cum
2171 4934 2288 5002 ipse
2322 4946 2658 5001 nequaquam
2695 4932 2765 4987 sit
2801 4939 3085 4990 creatura,
3122 4925 3216 4980 sed
3251 4919 3467 4992 proprie
3500 4934 3579 4980 εκ.

2007 5025 2240 5081 essentia
2276 5024 2452 5079 Patris
2480 5024 2709 5093 genitus.

2672 5133 2899 5189 ALIUD.

2079 5248 2171 5310 Si,
2209 5257 2264 5300 ut
2301 5262 2395 5300 vos
2430 5244 2763 5314 opinamini,
2794 5242 3030 5298 Verbum
3070 5240 3163 5295 Dei
3202 5238 3255 5292 in
3292 5250 3349 5292 se
3384 5240 3578 5291 creata:

312 5344 553 5412 κτιστῆς
575 5343 763 5407 οὐσίας
791 5345 927 5408 ἐστὶ,
950 5346 1044 5399 καὶ
1069 5345 1197 5415 περὶ
1224 5333 1418 5399 ἑαυτοῦ
1450 5361 1582 5417 φησι
1604 5362 1616 5375 ·
1651 5361 1670 5393 ι
1703 5344 1874 5414 Κύριο

2007 5350 2210 5394 naturae
2240 5346 2356 5403 est,
2415 5347 2470 5391 et
2501 5337 2566 5391 de
2596 5336 2777 5404 seipse
2807 5333 2939 5389 dicit
2972 5351 2985 5387 :
3027 5351 3045 5383 ι
3084 5330 3345 5385 Dominus
3374 5324 3582 5385 creavit

312 5434 510 5486 ἔκτισε
542 5452 611 5487 με
684 5454 701 5485 ι
738 5436 799 5488 οὐ
836 5435 1061 5505 γέγονεν
1090 5438 1199 5503 ἄρα
1246 5438 1335 5513 δι’,
1367 5415 1519 5508 ἡμᾶς
1561 5435 1845 5506 ἄνθρωπος

2009 5447 2120 5499 me;
2178 5449 2194 5482 ι
2241 5446 2346 5486 non
2387 5437 2465 5485 est
2506 5428 2667 5500 igitur
2704 5443 2800 5499 pro
2846 5425 3002 5481 nobis
3045 5424 3222 5481 factus
3262 5424 3445 5489 homo,
3487 5415 3578 5488 qui

405 5614 449 5645 ⁵⁸
488 5613 642 5669 “om.
676 5629 793 5676 VIII,
824 5615 878 5677 3,
921 5616 972 5669 4.
1048 5616 1094 5646 ⁸ο
1129 5614 1284 5668 .Ioan.
1320 5631 1397 5678 III,
1435 5614 1518 5667 l7.
1595 5615 1634 5643 δ¹
1660 5611 1813 5665 Jean.
1855 5626 1867 5663 l

1980 5609 2047 5681 r9,
2118 5612 2158 5641 δ’
2196 5609 2391 5681 Ephes.
2432 5622 2489 5673 II,
2531 5606 2615 5674 li»,
2816 5605 2860 5635 ⁸³
2903 5604 3008 5659 lsa.
3041 5619 3157 5668 LIII,
3202 5602 3248 5654 4.
3331 5602 3371 5629 δίο
3399 5592 3572 5646 ιῖιιδιι,

320 5697 423 5739 ιιι,
464 5685 543 5740 l5.
622 5685 666 5716 ⁸⁵
707 5684 749 5738 ιι
781 5686 905 5740 Cur.
951 5701 1001 5742 ι’.
1030 5687 1119 5740 '21.
1197 5687 1241 5717 ⁵⁵
1283 5682 1385 5741 lsa.
1415 5698 1531 5738 LIII.
1566 5684 1631 5741 5;
1672 5682 1859 5736 ll’ctr.
1898 5695 1959 5743 II,
1988 5680 2076 5738 24.

2816 5605 2860 5635 ⁸³
2903 5604 3008 5659 lsa.
3041 5619 3157 5668 LIII,
3202 5602 3248 5654 4.
