4036 6208
1485 342 1546 398 S.
1585 342 1863 399 CYRILLI
1899 339 2370 399 ALEXANDIUNI
2407 340 2722 396 ARCHIEI'.
3642 339 3749 397 276

489 464 649 533 longe
683 469 809 517 ante
844 473 944 515 nos
982 459 1100 514 l'uit.
1135 456 1289 526 Quod
1328 456 1375 512 si
1410 469 1539 510 vero
1575 457 1699 526 quis
1737 456 1841 511 hoc
1874 469 2075 512 conce-

2179 459 2313 513 πολὺ
2345 457 2451 529 πρὸ
2475 457 2652 528 ἡμῶν.
2680 457 2741 509 Εί
2772 456 2831 510 δέ
2860 473 2944 520 τις
2977 455 3137 509 τοῦτο
3171 453 3289 525 δοίη
3341 454 3583 526 κρατεῖν,
3612 452 3747 509 ὀὔτε
3796 530 3827 549 ς

488 556 618 622 dat,
663 566 840 622 neque
877 566 979 607 nos
1016 550 1187 606 creati
1225 562 1412 605 sumus
1449 548 1503 603 in
1546 546 1692 617 ipso,
1734 561 1911 617 neque
1950 547 2066 613 ipse

2179 550 2335 619 ἡμεῖς
2367 547 2696 619 ὲκτίσθημεν
2728 547 2786 600 ὲν
2811 546 2981 617 αὐτῷ,
3013 546 3136 600 οὔτε
3161 545 3320 609 αὐτὸς
3343 542 3490 617 εἶχεν
3520 547 3670 617 ἡμᾶς
3691 547 3749 599 ὲν

492 348 604 405 9:75

489 658 588 698 nos
622 640 678 699 in
721 655 784 696 se
820 638 1031 704 habuit,
1066 634 1340 708 quomodo
1371 635 1535 705 igitur
1569 634 1622 689 in
1660 649 1826 689 unum
1868 650 2065 689 novum

490 731 765 793 hominem
795 729 848 784 in
873 728 1098 785 Christo
1121 725 1410 783 creamur!
1432 724 1597 795 Atqui
1625 725 1885 794 pudorem
1914 726 2068 780 vobis

490 821 657 874 etiam
694 818 1001 874 nolentibus
1037 815 1264 879 incutiet
1297 813 1517 882 Paulus,
1552 815 1740 870 dicens
1778 833 1792 871 :
1831 833 1851 868 ι
1893 815 2067 887 Ipsius

491 912 636 965 enim
665 920 914 965 creatura
942 921 1152 973 sumus,
1179 905 1351 966 creati
1381 906 1435 960 in
1466 905 1683 962 Christo
1708 904 1835 963 Jesu
1853 909 1921 962 υ.
1958 926 1975 959 ι
2008 898 2066 961 Si

492 1012 674 1067 autem
708 1001 874 1056 creati
909 1013 1099 1055 sumus
1135 998 1190 1053 in
1225 996 1474 1065 Christo,
1506 998 1739 1054 Verbum
1779 999 1943 1069 igitur
1972 999 2066 1053 Dei

492 1102 693 1148 creatae
741 1089 995 1146 essentia:
1041 1103 1149 1144 non
1197 1098 1303 1145 est.
1350 1087 1459 1144 Sed
1501 1088 1719 1160 quando
1766 1089 1944 1146 factus
1986 1099 2070 1146 est

414 1208 415 1211 η
493 1184 687 1245 homo,
724 1180 775 1234 in
816 1179 934 1250 ipso
968 1194 1242 1246 creamur,
1275 1189 1330 1235 et
1363 1180 1477 1250 ipse
1506 1180 1907 1249 quodammodo
1941 1196 2066 1252 pro.

496 1281 619 1341 pter
649 1285 749 1327 nos
772 1270 905 1327 dicit
939 1288 953 1325 :
995 1289 1016 1327 ι
1055 1270 1313 1333 Dominus
1346 1270 1729 1339 creavitme.1t
1761 1271 1895 1327 Nam
1930 1288 2068 1343 qua-

494 1372 652 1423 tenus
678 1372 763 1421 est
783 1360 1044 1429 Verbum,
1073 1363 1188 1418 haec
1209 1376 1313 1419 vox
1343 1376 1683 1435 nequaquam
1711 1365 1763 1419 ei
1793 1365 2065 1434 convenit,

494 1454 587 1513 sed
618 1462 838 1523 propter
863 1461 1108 1509 nostram
1139 1453 1391 1518 salutem,
1420 1468 1545 1508 cum
1575 1453 1779 1525 alioqui
1810 1456 1884 1511 sit
1910 1470 2067 1512 crea-

497 1554 602 1608 tor,
641 1544 953 1604 incarnatus
992 1556 1108 1611 est,
1146 1551 1204 1599 ut
1239 1558 1339 1599 nos
1399 1544 1450 1598 in
1490 1544 1672 1615 seipso
1713 1555 1929 1602 creatos
1968 1547 2069 1602 ba-

458 1648 461 1651 ‘
494 1633 650 1698 hens,
674 1630 846 1688 dicat:
879 1649 898 1683 ι
934 1630 1196 1688 Dominus
1219 1633 1426 1689 creavit
1451 1647 1559 1688 me.
1592 1652 1612 1685 ι
1638 1635 1720 1690 Ac
1742 1635 1885 1691 sicut
1905 1645 2070 1692 aeter-

494 1736 618 1775 nam
654 1734 810 1776 suam
845 1736 966 1776 cum
1002 1719 1164 1777 Patre
1199 1722 1577 1779 exsistentiam
1615 1723 1900 1781 declarans
1936 1726 2014 1781 ait
2052 1745 2068 1782 :

2173 639 2369 710 ἑαυτῷ,
2403 639 2521 703 πῶς
2548 635 2642 693 οὖν
2664 640 2743 702 είς
2772 638 2871 693 ἕνα
2899 638 3085 692 καινὸν
3116 637 3402 707 ἄνθρωπον
3436 638 3493 689 ὲν
3525 635 3752 707 Χριστῷ

2173 730 2501 801 κτιζόμεθας
2529 729 2849 801 Δυσωπήσει
2870 729 2977 800 γὰρ
3007 729 3175 800 ὑμᾶς,
3205 728 3311 782 κᾶν
3351 727 3426 799 μὴ
3461 727 3748 799 βούλησθε,

2172 824 2347 893 λέγων
2370 824 2399 877 ό
2445 822 2689 886 Παῦλος·
2721 839 2741 873 t
2774 821 2947 875 Αὐτοῦ
2992 822 3102 893 γάρ
3145 822 3312 892 ἐσμεν
3343 821 3576 891 ποίημα,
3628 837 3750 873 κτι-

2177 916 2394 979 σθέντες
2450 917 2507 969 ὲν
2558 914 2779 985 Χριστῷ
2840 912 3078 985 Ἰησοῦ.»
3119 912 3183 966 Ei
3223 914 3281 968 δὲ
3320 912 3652 984 ἑκτίσθημεν
3690 913 3752 965 ἐν

2174 1007 2414 1078 Χριστῷ,
2462 1006 2564 1060 οὐκ
2598 1006 2707 1078 ἄρα
2743 1006 2966 1075 κτιστῆς
2996 1004 3185 1069 οὐσίας
3233 1004 3383 1059 ἐστὶν
3426 1005 3455 1059 ὁ
3489 1004 3584 1057 τοῦ
3610 1003 3750 1058 Θεοῦ

2174 1099 2368 1167 Λόγος.
2417 1097 2554 1150 Ἀλλ’
2571 1097 2662 1150 ὅτε
2689 1096 2912 1165 γέγονεν
2936 1095 3246 1168 ἄνθρωπος,
3286 1096 3346 1149 ὲν
3389 1093 3541 1166 αὐτῷ
3564 1093 3749 1159 κτιζόο

2178 1190 2338 1261 μεθα,
2369 1189 2464 1243 καὶ
2496 1189 2659 1252 αὐτός
2691 1190 2803 1242 ἐστι
2832 1188 3036 1260 τρόπον
3060 1186 3183 1242 τινὰ
3210 1188 3280 1241 δι’
3303 1188 3336 1257 ἡ
3347 1186 3464 1257 μῶν
3488 1188 3517 1240 ό
3540 1186 3748 1255 λέγων·

2183 1301 2201 1333 ι
2236 1281 2437 1351 Κύριος
2470 1280 2656 1333 ἐκτισέ
2702 1296 2789 1350 με.
2821 1297 2842 1333 ι
2870 1279 2946 1333 Οὐ
2976 1278 3087 1350 γὰρ
3179 1278 3352 1347 Λόγος
3371 1278 3539 1340 ἐστὶν,
3574 1277 3752 1347 ἁρμό-

2177 1387 2261 1424 σει
2292 1370 2472 1438 λέγειν
2499 1368 2647 1439 αὐτῷ
2676 1368 2777 1439 τὴν
2808 1366 3063 1437 τοιαύτην
3097 1366 3303 1437 φωνὴν.
3342 1365 3479 1420 ἀλλὰ
3515 1365 3604 1419 διὰ
3650 1365 3753 1435 τὴν

2176 1461 2451 1534 ἡμετέραν
2485 1459 2780 1532 σωτηρίαν,
2811 1459 2988 1513 καίτοι
3021 1458 3248 1527 κτίστης
3288 1456 3385 1522 ὢν,
3421 1456 3645 1526 γέγονεν
3691 1458 3754 1509 ἐν

2179 1556 2373 1627 σαρκὶ,
2410 1554 2498 1609 ἵνα
2525 1556 2673 1625 ἡμᾶς
2703 1554 2762 1607 ὲν
2812 1551 2990 1622 ἐαυτῷ
3019 1550 3369 1621 κτιζομένους
3394 1549 3533 1621 ἔχων
3578 1550 3711 1622 εἴπῃ
3733 1565 3749 1578 ·

2183 1668 2202 1700 ι
2240 1648 2443 1720 Κύριος
2475 1646 2656 1700 ἐκτισέ
2691 1663 2781 1716 με.
2816 1665 2838 1699 ι
2869 1646 2981 1699 Kal
3016 1643 3205 1714 ῶσπερ
3229 1642 3330 1713 τὴν
3369 1642 3539 1696 ἀΐδιον
3581 1640 3752 1694 αὑτοῦ

2178 1739 2275 1793 καὶ
2306 1738 2444 1809 μετὰ
2464 1737 2676 1807 Πατρός
2701 1735 2897 1807 ὲξηγού
2905 1751 3063 1806 μενος
3090 1734 3324 1803 ὕπαρξιν
3348 1733 3494 1802 λέγει
3512 1751 3525 1763 ·
3567 1751 3587 1785 ι
3611 1731 3755 1801 Ἐγὼ

502 1830 520 1862 ι
561 1811 673 1881 Ego
708 1825 856 1867 eram
895 1827 1004 1882 qua
1045 1814 1349 1882 gaudebat,
1385 1823 1440 1870 et
1478 1814 1725 1899 quotidie
1764 1815 1989 1872 laetabar
2022 1819 2074 1873 in

2179 1824 2382 1902 ἤμηνῇ
2414 1829 2767 1900 προσέχαιρε,
2800 1827 2923 1881 καθ’
2949 1827 3166 1898 ἡμέραν
3191 1826 3249 1879 δὲ
3296 1825 3664 1896 εύφραινόμην
3693 1826 3755 1877 ὲν

497 1904 637 1976 facie
693 1904 863 1973 ipsius
884 1900 1018 1971 που
1059 1915 1114 1962 et
1159 1922 1347 1963 rursus
1381 1908 1460 1975 :{t
1503 1894 1644 1962 Ante
1683 1922 1874 1965 omnes
1913 1910 2078 1968 colles

498 1997 684 2068 genuit
710 2012 794 2052 me
809 1997 885 2051 "z
914 2016 932 2049 ι
962 1998 1035 2052 ita
1062 1999 1281 2069 quando
1306 2008 1530 2069 propter
1552 1998 1796 2053 omnium
1827 2010 2076 2055 nostrum

498 2084 724 2147 salutem
762 2086 1051 2151 humanam
1115 2086 1348 2153 formam
1390 2086 1590 2153 induit.
1627 2095 1777 2145 recte
1816 2100 1872 2145 ut
1916 2090 2077 2147 homo

498 2176 629 2247 dicit
661 2218 676 2231 .
714 2195 732 2229 ι
773 2177 1031 2243 Dominus
1060 2179 1270 2234 creavit
1302 2193 1407 2234 me.
1449 2200 1468 2233 ι

1173 2311 1406 2369 ALIUD.

568 2441 628 2497 Si
657 2441 908 2513 Christus
942 2456 1067 2505 vere
1100 2443 1263 2499 homo
1292 2443 1469 2503 factus
1498 2462 1618 2503 esse
1647 2448 1911 2515 creditur,
1942 2462 2076 2518 quo-

498 2532 660 2599 modo
687 2547 793 2598 non
823 2534 1190 2588 necessarium
1232 2535 1400 2591 fuerit
1426 2545 1485 2591 ut
1515 2538 1722 2594 homini
1757 2540 1922 2601 etiam
1948 2554 2080 2596 con-

497 2622 773 2690 venientia
798 2623 1085 2709 loquatur?
1114 2624 1413 2694 Oportebat
1442 2629 1589 2683 enim
1620 2630 1800 2687 dicere
1833 2648 1849 2687 :
1882 2630 1999 2693 Non
2022 2631 2078 2686 in

498 2715 764 2791 principio
789 2729 937 2784 eram
968 2716 1148 2785 homo,
1178 2719 1320 2800 quod
1349 2719 1451 2780 soli
1482 2719 1680 2789 divina}
1711 2732 1920 2778 natura:
1947 2737 2077 2777 con-

496 2806 676 2872 venit,
710 2807 804 2862 sed
838 2809 983 2877 quod
1017 2818 1217 2865 creata:
1251 2812 1574 2868 substantia:
1606 2815 1858 2889 congruit
1893 2815 2080 2870 obser-

502 2911 652 2951 vare.
698 2898 927 2954 Creatus
962 2910 1143 2955 autem
1187 2912 1269 2957 est
1317 2904 1478 2959 homo
1521 2923 1535 2960 :
1585 2905 1785 2962 idcirco
1841 2905 2016 2977 inquit
2060 2923 2077 2962 :

510 3004 534 3038 ι
572 2986 832 3041 Dominus
860 2989 1068 3043 creavit
1101 3004 1186 3044 me
1223 3010 1236 3045 :
1275 3012 1295 3047 ι
1331 2994 1456 3061 quia
1489 2994 1665 3052 factus
1695 3007 1777 3052 est
1809 2998 1989 3063 homo,
2022 3006 2081 3051 ut

500 3093 716 3150 semper
748 3089 803 3134 et
837 3082 1039 3150 absque
1074 3083 1341 3155 principio
1375 3088 1641 3145 exsistere
1679 3090 1779 3144 soli
1823 3090 1932 3156 Deo
1966 3107 2080 3147 ser-

502 3177 681 3224 vetur.

1178 3311 1408 3370 ALIUD.

575 3468 597 3503 ι
648 3449 906 3505 Dominus
946 3450 1154 3505 creavit
1196 3463 1284 3504 me
1324 3446 1652 3518 principium
1694 3448 1905 3502 viarum
1947 3465 2077 3504 sua-

502 3554 645 3595 rum.
688 3558 709 3593 ι
757 3536 814 3594 Si
853 3539 1058 3595 idcirco
1091 3548 1330 3594 creatam
1371 3537 1593 3593 omnino
1628 3538 1750 3593 Filii
1788 3540 2078 3594 essentiam

501 3631 851 3696 existimatis,
878 3646 1002 3687 cum
1031 3631 1289 3701 deinceps
1318 3630 1450 3685 illud
1504 3631 1771 3686 dicentem
1798 3631 2032 3687 audiatis
2061 3651 2076 3687 :

508 3722 677 3779 «Anne
700 3737 891 3783 omnes
915 3722 1083 3780 colles
1107 3723 1291 3792 genuit
1316 3736 1456 3789 me,»
1486 3722 1639 3776 irrita
1667 3736 1733 3777 ac
1758 3737 1893 3777 vana
1923 3739 2080 3793 pror-

502 3830 597 3882 sus
619 3814 783 3871 fuerit
799 3825 974 3870 vestra
997 3815 1296 3879 accusatio,
1318 3829 1423 3883 qua
1442 3822 1688 3869 creatura
1708 3814 1857 3868 illum
1876 3815 2076 3882 dicitis,

502 3922 623 3962 cum
652 3906 740 3963 ille
766 3907 1004 3979 genitum
1032 3922 1092 3964 se
1115 3922 1240 3963 esse
1265 3908 1431 3962 dicat.
1455 3906 1617 3962 Aliud
1643 3906 1788 3961 enim
1816 3915 1898 3961 est
1927 3922 2078 3962 crea-

501 4009 649 4063 tura,
683 3998 827 4054 aliud
862 3999 1133 4070 genimen.
1191 3996 1304 4052 lloc
1341 3997 1486 4053 enim
1521 4012 1590 4064 ex
1626 3996 1927 4053 substantia
1963 3996 2080 4062 ejus

501 4090 594 4158 qui
637 4090 807 4158 gignit
848 4090 1164 4146 naturaliter
1204 4087 1364 4160 164
1405 4089 1650 4158 procedit
1697 4106 1711 4142 :
1756 4087 1883 4142 illud
1925 4095 2076 4141 extra

500 4183 735 4249 positum
783 4192 897 4245 est.
943 4193 1196 4254 tanquam
1244 4184 1501 4237 alienum.
1548 4183 1681 4238 Cutn
1731 4183 1896 4252 igitur
1939 4180 2079 4236 Deus

499 4256 772 4327 assistens
796 4272 1066 4335 Verbum,
1104 4275 1270 4330 homo
1309 4275 1511 4330 factum
1549 4283 1664 4338 est,
1701 4283 1992 4329 censeatur
2022 4282 2079 4325 ut

499 4362 662 4417 homo
696 4361 877 4417 dicere
911 4383 924 4419 :
965 4383 984 4415 ι
1029 4365 1288 4423 Dominus
1325 4367 1535 4421 creavit
1575 4381 1682 4421 me.
1726 4384 1744 4418 ι
1778 4365 1911 4421 Cum
1947 4381 2078 4421 vero

2179 1922 2457 1995 προσώπῳ
2481 1921 2668 1976 αὐτοῦ·
2698 1938 2717 1973 ι
2748 1920 2847 1974 καὶ
2867 1919 3064 1973 πάλιν·
3099 1937 3119 1969 ι
3148 1917 3263 1987 Πρὸ
3289 1917 3347 1970 δὲ
3376 1917 3596 1971 πάντων
3630 1915 3755 1984 βου.

2176 2013 2284 2068 νῶν
2312 2014 2477 2085 γεννᾷ
2518 2030 2585 2083 με
2605 2029 2618 2042 ·
2660 2030 2680 2064 ι
2714 2009 2891 2075 οὕτως
2925 2009 3015 2064 ὅτε
3049 2006 3137 2062 διὰ
3176 2006 3274 2078 τὴν
3308 2005 3564 2061 ἁπάντων
3596 2002 3755 2074 ἡμῶν

2180 2102 2455 2175 σωτηρίαν
2483 2103 2583 2175 τὴν
2614 2100 2903 2174 ἀνθρώπου
2946 2097 3159 2172 μορφὴν
3183 2094 3490 2161 ἐνεδύσατο,
3528 2094 3754 2158 εἰκότως

2176 2198 2253 2261 ὡς
2286 2197 2572 2268 ἄνθρωπος
2603 2194 2788 2263 λέγει’
2824 2212 2844 2255 t
2878 2191 3082 2263 Κύριος
3115 2189 3297 2253 ἔκτισε
3336 2205 3424 2260 με.
3460 2206 3481 2241 ι

2862 2325 3068 2393 AAAO.

2247 2466 2313 2520 Εί
2359 2463 2646 2534 ἄνθρωπος
2680 2461 2850 2524 ὅντως
2894 2454 3224 2528 γεγενῆσθαι
3263 2452 3578 2507 πιστεύεται
3617 2452 3755 2521 Χρι-

2181 2559 2324 2623 στὸς,
2360 2556 2476 2616 πῶς
2510 2555 2611 2612 οὐκ
2634 2554 2931 2623 ἀναγκαῖον
2958 2552 3027 2606 τὰ
3052 2547 3325 2621 ἀνθρώπῳ
3355 2545 3636 2617 πρέποντα
3661 2543 3755 2596 λα-

2187 2650 2299 2704 λεῖν
2323 2667 2337 2715 ;
2372 2647 2519 2703 Ἔδει
2537 2646 2645 2717 γὰρ
2670 2647 2865 2699 εἰπεῖν·
2893 2644 3007 2698 Οὐκ
3027 2644 3087 2696 ὲν
3104 2643 3247 2712 ἀρχῇ
3269 2641 3418 2710 ήμην
3444 2636 3755 2708 ἄνθρωπος,

2178 2738 2208 2792 ὃ
2246 2738 2383 2809 μόνῃ
2422 2736 2624 2807 πρέπει
2653 2736 2719 2805 τῇ
2754 2731 2877 2803 θείᾳ
2902 2730 3085 2800 φύσει,
3114 2728 3252 2783 ἀλλὰ
3285 2726 3526 2796 τηρῆσαι
3559 2722 3621 2774 τὸ
3651 2722 3754 2792 ἁρ-
3839 2736 3849 2745 ·

2183 2829 2345 2902 μύζον
2364 2831 2429 2899 τῇ
2458 2826 2566 2881 τῶν
2587 2824 2831 2895 γενητῶν
2853 2823 3034 2893 οὐσίᾳ.
3054 2818 3287 2891 Γενητὺς
3313 2817 3370 2871 δὲ
3393 2820 3423 2870 ὁ
3445 2815 3751 2885 ἀνθρωποςψ

2179 2919 2268 2974 διὰ
2294 2917 2455 2971 τοῦτό
2482 2930 2643 2986 φησι⁶
2698 2932 2717 2966 t
2762 2913 2967 2984 Κύριος
3004 2909 3187 2964 ἔκτισέ
3222 2925 3313 2979 με,
3366 2926 3385 2958 ι
3419 2906 3502 2958 ὃτι
3530 2903 3758 2972 γέγονεν

2180 3011 2485 3081 ἄνθρωπος,
2530 3009 2619 3070 ἴνα
2645 3006 2705 3061 τὸ
2732 3006 2820 3059 ἀεὶ
2852 3005 3103 3074 ἀνᾲρχως
3134 2997 3273 3064 εἶναι
3320 2999 3465 3072 μόνῳ
3513 2994 3758 3065 σώζηται

2180 3103 2318 3174 Θεῷ.

2865 3317 3071 3370 ΔΛΛΟ.

2255 3478 2273 3511 ι
2311 3455 2516 3527 Κύριος
2558 3450 2739 3505 ἕκτισέ
2774 3467 2842 3521 με
2877 3448 3055 3521 ἀρχὴν
3087 3444 3224 3499 ὁδῶν
3272 3442 3461 3497 αὐτού.
3503 3461 3521 3493 ι
3563 3442 3624 3494 Et
3667 3439 3758 3493 διὰ

2178 3550 2384 3620 ταύτην
2407 3544 2585 3602 οἴεσθε
2613 3542 2711 3616 τὴν
2746 3541 2952 3612 φωνὴν,
2984 3537 3210 3608 κτιστὴν
3242 3530 3380 3589 εἶναι
3420 3533 3639 3596 πάντως
3663 3531 3758 3587 τοῦ

2181 3638 2314 3693 Υἱοῦ
2334 3638 2433 3710 τὴν
2454 3635 2669 3700 οὐσίαν,
2685 3636 2814 3688 ὅταν
2839 3629 3036 3701 ἑφεξῆς
3070 3626 3330 3698 φαίνηται
3358 3624 3533 3694 λέγων
3550 3641 3563 3653 -
3603 3641 3623 3675 t
3646 3621 3759 3693 Πρὸ

2178 3732 2235 3786 δὲ
2254 3731 2473 3785 πάντων
2498 3727 2702 3800 βουνῶν
2726 3725 2893 3794 γεννᾷ
2924 3740 3013 3794 με,
3046 3742 3063 3773 ι
3088 3718 3426 3790 διαφευγέτω
3454 3716 3551 3770 τοῦ
3576 3714 3760 3769 κεκτί-

2183 3822 2306 3877 σθαι
2327 3821 2390 3875 τὸ
2425 3820 2697 3889 ἔγκλημα,
2724 3812 3084 3884 γεγεννῆσθαι
3114 3811 3339 3881 φάσκων
3369 3807 3581 3861 ἑαυτόν.
3601 3807 3758 3858 Ἐτε-

2184 3932 2276 3985 ρον
2299 3912 2408 3983 γάρ
2436 3910 2489 3964 τί
2519 3910 2635 3962 ἐστι
2667 3908 2819 3979 παρὰ
2846 3904 2907 3958 τὸ
2940 3906 3148 3975 κτίσμα
3178 3902 3238 3956 τὸ
3263 3901 3530 3971 γέννημα.
3553 3898 3628 3951 Τὸ
3660 3897 3760 3969 μὲν

2178 4005 2287 4075 γὰρ
2326 4005 2390 4056 ὲκ
2421 4001 2520 4071 τῆς
2544 3999 2731 4063 οὐσίας
2770 3997 2865 4051 τοῦ
2889 3995 3189 4067 γεννῶντος
3227 3993 3444 4064 πρόεισι
3476 3989 3721 4061 φυσικῶς
3740 4004 3755 4017 °

2179 4094 2239 4148 τὸ
2270 4093 2327 4147 δὲ
2357 4090 2557 4156 ἔξωθέν
2585 4091 2753 4155 ἐστιν,
2782 4088 2858 4153 ῶς
2896 4086 3197 4157 ἀλλότριον.
3231 4084 3294 4137 Εἰ
3320 4082 3497 4135 τοίνυν
3523 4079 3655 4143 Θεὸς
3683 4077 3760 4131 ῶν

2177 4189 2207 4241 ό
2233 4186 2403 4255 Λόγος
2422 4184 2645 4254 γέγονεν
2672 4182 2769 4238 ἄνθ
2778 4198 2982 4253 ρωπος,
3009 4179 3215 4249 λεγέτω
3234 4177 3331 4248 μὲν
3352 4176 3428 4239 ὡς
3449 4173 3546 4231 ἄνθ
3555 4188 3755 4242 ρωπος·

2185 4297 2204 4330 ι
2240 4277 2445 4348 Κύριος
2502 4275 2686 4329 ἑκτισέ
2721 4291 2812 4346 με.
2851 4291 2871 4326 ι
2915 4272 3026 4343 Τὴν
3071 4271 3129 4325 δὲ
3163 4267 3491 4339 προαιώνιον
3524 4262 3763 4334 ὓπαρξιν

2177 4368 2343 4424 αὑτοῦ
2382 4366 2695 4439 σημαινέτω
2716 4405 2732 4434 ,
2764 4365 2935 4437 βοῶν⁹
2981 4383 3001 4418 ι
3034 4363 3149 4436 Πρὸ
3179 4362 3237 4417 δὲ
3285 4359 3507 4416 πάντων
3555 4355 3763 4429 βουνῶν

500 4451 770 4511 exelamat
803 4470 850 4508 :t
871 4455 1010 4510 Ante
1041 4471 1230 4512 omnes
1262 4457 1427 4512 colles
1442 4459 1628 4528 genuit
1645 4473 1751 4522 me,
1778 4475 1796 4509 ι
1818 4467 2074 4512 aeternam

2179 4461 2342 4531 γεννᾷ
2366 4476 2453 4531 με.
2485 4479 2504 4512 ι

500 4557 651 4597 suam
679 4555 806 4600 ante
820 4546 999 4602 omnia
1028 4549 1223 4604 saecula
1250 4527 1627 4606 exsistentiam
1656 4549 1964 4620 significare
1992 4549 2075 4605 in-
2104 4527 2153 4586 Ῑ)

500 4635 726 4701 dicetur.

926 4771 1160 4843 Objectio
1197 4775 1646 4830 adversariorum.

570 4905 756 4973 Atqui,
784 4905 1056 4975 inquiunt.
1078 4907 1299 4962 verbum
1327 4908 1449 4974 hoc,
1481 4925 1501 4959 ι
1532 4906 1736 4976 genuit,
1770 4925 1788 4958 ι
1823 4923 1926 4962 non
1955 4922 2073 4962 om-

502 4996 628 5051 nino
659 4995 854 5051 Filium
887 5012 950 5053 ex
987 4998 1220 5053 essentia
1254 4997 1431 5054 Palris
1464 5013 1588 5055 esse
1618 4999 1877 5054 ostendit.
1912 4998 2075 5054 ludif-

502 5086 737 5139 l'erenter
759 5086 904 5141 enim
936 5087 1106 5142 utitur
1135 5088 1313 5143 verbis
1343 5104 1495 5144 sacra
1525 5088 1828 5158 Scriptura.
1860 5087 1993 5143 Nam
2021 5098 2078 5145 et

502 5176 569 5231 de
598 5176 865 5231 creaturis
898 5177 965 5232 de
997 5178 1193 5247 quibus
1227 5178 1369 5233 nulla
1404 5181 1772 5236 controversia
1807 5191 1908 5246 est,
1943 5196 2076 5236 voce

508 5282 525 5319 ι
561 5262 758 5341 Genuit
792 5284 811 5318 ι
845 5266 1034 5339 utitur,
1058 5281 1115 5321 ut
1138 5283 1261 5322 cum
1290 5269 1458 5324 dicit:
1488 5288 1506 5319 ι
1539 5269 1703 5325 Filios
1727 5272 1883 5339 genui
1911 5280 2078 5340 atque

500 5353 731 5408 exaltavi
758 5357 825 5409 “.
865 5377 884 5410 ι
923 5356 990 5411 Ει
1025 5374 1212 5415 rursus
1246 5377 1260 5415 :
1299 5379 1318 5412 ι
1357 5360 1523 5415 Deum
1555 5362 1646 5428 qui
1683 5370 1734 5416 te
1763 5364 1946 5429 genuit
1977 5363 2077 5418 de-

505 5442 771 5515 reliquisti
796 5447 863 5500 “.
905 5465 923 5498 ι
964 5449 1091 5503 Item
1130 5470 1143 5507 :
1185 5469 1202 5503 t
1244 5451 1375 5519 Quis
1408 5461 1491 5507 est
1532 5452 1624 5522 qui
1664 5454 1850 5521 genuit
1892 5453 2077 5525 glebas

504 5533 643 5591 rotis
665 5535 751 5586 "1’
789 5554 807 5586 ›
844 5536 1028 5607 Neque
1056 5542 1199 5596 enim
1234 5557 1328 5611 per
1358 5544 1461 5599 ltoc
1497 5545 1662 5598 Deum
1696 5545 1835 5601 roris
1860 5554 2074 5621 {patrem

2404 4768 2734 4833 Ἀντίθεσις
2774 4766 2854 4833 ὡς
2885 4766 2953 4819 ἐκ
2980 4764 3101 4820 τῶν
3132 4765 3206 4819 δι’
3244 4764 3548 4831 ἐναντίας.

2253 4901 2327 4958 Οὐ
2352 4899 2590 4965 πάντως,
2627 4901 2780 4969 φασὶ,
2805 4897 2866 4951 τὸ
2903 4916 2923 4949 ι
2953 4897 3245 4967 ἐγέννησεν
3289 4915 3307 4949 ι
3353 4895 3418 4948 ἐκ
3449 4893 3551 4963 τῆς
3574 4890 3762 4953 οὐσίας

2184 4990 2278 5045 τοῦ
2305 4992 2518 5062 Πατρός
2550 4990 2680 5044 ὄντα
2708 4989 2945 5045 δεικνύει
2978 4989 3072 5043 τὸν
3117 4989 3267 5044 Υίόν.
3316 4986 3627 5055 ’Δδιαφορεῖ
3651 4983 3763 5052 γὰρ

2187 5083 2316 5154 περὶ
2336 5082 2433 5146 τὰς
2460 5081 2633 5149 λέξεις
2667 5084 2700 5153 ὴ
2732 5081 2852 5134 Θεία
2873 5081 3087 5152 Γραφή.
3120 5079 3231 5133 Kal
3272 5078 3381 5149 γὰρ
3409 5076 3505 5131 xal
3532 5075 3627 5129 ἐπὶ
3653 5074 3764 5126 τῶν

2183 5180 2354 5243 ὅντως
2410 5178 2728 5249 κτισμάτων
2768 5176 2863 5231 καὶ
2891 5174 3201 5244 ἀντιλογίαν
3246 5173 3348 5226 οὐκ
3403 5170 3641 5240 ἐχόντων
3682 5168 3765 5231 είς

2183 5271 2342 5333 τοῦτο
2369 5270 2549 5343 τίθησι
2571 5269 2654 5333 τὸ,
2684 5289 2704 5321 t
2744 5268 3053 5337 ἐγέννησεν,
3079 5287 3095 5317 ο
3114 5265 3189 5328 ώς
3218 5264 3348 5317 ὅταν
3372 5261 3506 5334 λέγῃ
3525 5277 3539 5290 ·
3570 5259 3765 5322 «Υίοὺς

2182 5361 2450 5432 ἐγέννησα
2471 5362 2563 5414 καὶ
2587 5359 2797 5429 ὖψωσα.
2832 5378 2850 5410 ι
2885 5359 2996 5412 Kal
3025 5356 3215 5410 πάλιν·
3249 5372 3268 5405 t
3291 5353 3424 5407 Θεὸν
3453 5353 3547 5406 τὸν
3572 5351 3766 5422 γεννή-

2186 5456 2355 5510 σαντά
2385 5471 2444 5506 σε
2472 5453 2850 5522 ἐγκατέλιπες.
2893 5470 2913 5502 ι
2957 5451 3085 5513 Kal,
3124 5469 3141 5500 t
3180 5448 3276 5511 Τίς
3306 5447 3500 5499 ὲστινό
3526 5441 3765 5507 τετοκὼς

2184 5545 2387 5614 βώλους
2426 5544 2615 5615 δρόσου
2642 5559 2687 5609 ;›
2720 5544 2793 5597 Οὐ
2815 5542 2923 5613 γὰρ
2948 5542 3011 5612 δή
3041 5557 3138 5593 που
3164 5539 3258 5592 καὶ
3287 5537 3479 5613 δρόσου
3509 5532 3763 5604 γενέσθαι

574 5731 617 5762 δ’
654 5730 849 5806 Ephes.
882 5750 940 5804 ιι,
977 5734 1058 5792 10.
1140 5736 1183 5820 ’ξ
1207 5736 1369 5795 Prov.
1403 5753 1519 5807 vm,
1545 5739 1644 5824 3|.
1710 5738 1929 5828 ".lbid.
1954 5736 2043 5795 25.

2194 5734 2298 5796 ιω.
2334 5753 2373 5801 t.
2400 5736 2454 5794 2.
2530 5737 2567 5768 ⁶¹
2608 5734 2742 5792 Ibid.
2778 5737 2829 5794 εδ.
2911 5736 2953 5767 θ’
2988 5732 3086 5791 Job
3116 5747 3345 5797 unm,
3380 5730 3467 5786 38.
