4036 6208
304 308 411 364 277

1668 320 2112 386 TllESAURUS.

3450 350 3559 411 378

299 422 788 536 «crepa-etiam};
843 423 1078 498 ἐροῦμεν
1125 429 1214 484 τὸν
1260 431 1394 487 Θεὸν
1426 434 1516 490 διὰ
1547 436 1725 495 τοῦτο.
1764 444 1845 497 Ἓπ

1967 447 2289 505 naturaliter
2332 466 2453 509 esse
2494 455 2750 516 dicimus.
2795 459 2940 516 Idem
2988 461 3168 533 itaque
3209 474 3293 520 est
3333 467 3553 536 genuit,

297 514 568 584 τοιγαροῦν
596 515 752 570 ἔσται
782 518 876 571 καὶ
890 518 952 571 τὸ
976 520 1108 575 αὐτὸ
1135 522 1214 594 τῷ
1234 522 1441 581 ἔκτισε
1466 527 1528 581 τὸ
1545 528 1861 604 ἐγέννησε,

299 608 382 661 καὶ
405 608 491 675 ἐφ’
532 606 661 660 Υἱοῦ
693 610 1041 681 ταττόμενον.

834 724 1023 792 Λύσις
1056 726 1301 798 ἐφεξῆς.

354 814 461 885 Τὴν
495 814 596 884 μὲν
624 814 776 869 θείαν
800 817 1026 890 Γραφὴν
1055 820 1456 894 ἁδιαφοροῦσαν
1485 827 1614 900 σιτερῖ⁸
1641 830 1739 894 τὰς
1769 831 1859 885 λέ-

293 905 392 967 ξεις
426 905 684 970 πολλάκις
716 908 1045 981 εὑρήσομεν,
1067 911 1128 964 ού
1154 912 1261 984 μὴν
1286 916 1588 983 ἀγνοοῦσαν
1611 920 1711 993 τὴν
1730 923 1859 977 ἐκά-

292 1013 411 1064 στης
436 996 687 1066 δύναμιν,
735 1002 1187 1073 καταχρηστικῶς
1212 1005 1268 1059 δὲ
1297 1005 1411 1061 ἔσθ’
1438 1009 1528 1063 ὅτε
1558 1011 1856 1085 δεχομένην

290 1088 467 1152 αὐτάς.
536 1088 660 1143 Ἐπὶ
713 1090 812 1161 μὲν
844 1091 954 1164 γὰρ
985 1092 1097 1149 τῶν
1133 1098 1456 1168 ποιημάτων
1505 1101 1594 1155 ὅτε
1630 1107 1856 1177 κτιστῆς

288 1179 459 1270 οὐσίας
496 1181 640 1241 αὐτὰ
667 1182 933 1238 δεικνύειν
977 1183 1263 1254 βούλεται,
1310 1189 1488 1259 λέγει’
1518 1211 1537 1245 ι
1589 1193 1677 1249 Ἑν
1710 1197 1852 1270 ἀρχῇ

288 1268 532 1340 ἐποίησεν
580 1272 608 1323 ό
647 1270 779 1334 Θεὸς
820 1272 911 1325 τὸν
959 1274 1185 1345 ούρανὸν
1215 1278 1311 1330 καὶ
1339 1278 1439 1353 τὴν
1462 1282 1589 1352 γῆν.
1635 1314 1708 1325 —-
1743 1268 1855 1340 Kal.

287 1359 535 1428 ἐποίησεν
561 1362 589 1413 ό
613 1362 744 1425 Θεὸς
765 1362 856 1415 τὸν
879 1364 1187 1438 ἄνθρωπον.
1212 1388 1229 1419 υ
1257 1371 1373 1424 Οὐκ
1402 1373 1717 1446 ἐγέννησεν,
1737 1378 1852 1432 ἀλλ’

286 1451 516 1522 ἐποίησε.
555 1453 665 1524 Τὴν
710 1455 767 1507 δὲ
797 1455 893 1509 τοῦ
918 1457 1119 1512 οἰκείου
1148 1462 1323 1531 Λόγου
1364 1463 1621 1536 γέννησιν
1653 1471 1681 1522 ό
1720 1471 1853 1536 Θεὸς

283 1546 673 1617 ἐξηγούμενος·
721 1569 740 1602 ι
784 1550 1173 1622 Ἑξηρεύξατο,
1212 1558 1407 1627 φησὶν,
1444 1562 1476 1631 η
1515 1563 1711 1634 καρδία
1748 1583 1850 1635 μου

281 1638 439 1705 Λόγον
470 1639 704 1707 ἀγαθόν.
726 1660 745 1692 ι
775 1643 888 1697 Καὶ
911 1647 1025 1709 τοῖς
1056 1647 1155 1716 μὲν
1171 1648 1463 1720 κτίσμασιν
1485 1654 1739 1724 ὁρίζουσα
1756 1656 1849 1710 τοῦ

280 1727 403 1784 εἶναι
438 1731 550 1802 τὴν
578 1728 772 1804 ἀρχὴν,
818 1733 966 1804 λέγει
1010 1737 1172 1792 πάλιν
1210 1741 1244 1811 ἡ
1284 1740 1402 1797 θεία
1435 1743 1658 1817 Γραφήο
1699 1767 1716 1799 ι
1762 1749 1851 1802 Ἐν

278 1821 404 1912 όρχῇ
439 1822 701 1894 ἐποίησεν
721 1840 735 1853 ·
773 1844 793 1876 ι
829 1826 923 1879 ἐπὶ
950 1827 1007 1880 δὲ
1034 1829 1129 1883 τού
1158 1831 1292 1885 Θεοῦ
1327 1833 1533 1903 Λόγου’
1566 1839 1690 1892 «Ἑν
1704 1841 1846 1912 ἀρχῇ

276 1909 334 1985 ἦν
363 1918 391 1969 ό
417 1915 618 1984 Λόγος.
640 1935 659 1968 t
682 1917 808 1982 Τοῖς
839 1921 938 1989 μὲν
971 1917 1066 1975 οὖν
1096 1923 1390 1995 κτίσμασιν
1418 1927 1447 1980 ό
1470 1928 1661 1999 χρόνος
1702 1909 1848 1985 ἐστὶν

277 2005 490 2075 ἡάρχὴ,
534 2006 565 2058 ὁ
601 2005 657 2057 δὲ
705 2008 812 2077 πρὸ
865 2009 974 2063 τῶν
1010 2009 1222 2073 αἰώνων
1277 2014 1539 2086 ὑπάρχων
1564 2018 1659 2071 τοῦ
1708 2019 1847 2074 Θεοῦ

275 2096 450 2167 Λόγος,
486 2098 671 2180 ἀρχὴν
704 2099 818 2180 ἔχει
842 2100 1002 2171 μόνον
1028 2102 1119 2165 τὸν
1139 2103 1376 2181 ἄναρχον
1396 2106 1639 2180 Πατέρα.
1661 2110 1850 2177 ἀῖδίως

275 2188 342 2242 ὢν
375 2192 431 2243 ὲν
459 2190 637 2261 αύτῷ.
677 2192 890 2264 Ὥσπερ
929 2188 1024 2248 οὖν
1051 2194 1145 2248 ἐπὶ
1174 2196 1284 2250 τῶν
1316 2197 1485 2261 ὅντως
1528 2203 1848 2272 κτισμάτων

275 2281 351 2334 ὅτε
384 2282 443 2336 τὸ
475 2282 777 2355 ἐγέννησε
804 2286 1004 2349 κεῖται.
1027 2291 1485 2360 καταχρηστικῶς
1526 2295 1621 2347 καὶ
1652 2295 1714 2348 ού
1746 2313 1846 2366 φυο

276 2375 427 2440 σικῶς
446 2376 697 2446 νοητέον,
718 2376 892 2441 οὕτως
909 2379 1037 2434 ὅταν
1066 2381 1160 2433 ἐπὶ
1182 2382 1277 2436 τοῦ
1313 2382 1482 2449 ὅντως
1506 2387 1848 2458 γεννήματος

272 2467 341 2532 τὸ,
382 2468 722 2539 Eumeni)
776 2469 1029 2537 ἐποίησε
1080 2472 1340 2543 φέρεται,
1390 2479 1846 2549 καταχρηστικῶς

272 2560 501 2630 ωητέον,
541 2560 858 2631 σωζομένης
887 2561 1035 2633 αύτῷ
1062 2564 1161 2633 τῆς
1194 2564 1442 2633 φυσικῶς
1466 2566 1839 2638 γνησιότητος.

272 2654 383 2717 Τοῖς
409 2655 517 2725 μὲν
537 2653 645 2725 γὰρ
671 2653 967 2724 κτίσμασιν
1015 2657 1050 2726 ἡ
1088 2656 1248 2727 χάρις
1276 2655 1338 2710 τό
1369 2657 1666 2727 ἐγέννησε
1704 2676 1842 2732 προ-

273 2746 415 2811 ξενεῖ⁸
445 2748 534 2820 τῷ
560 2749 617 2803 δὲ
639 2750 918 2821 ἀγεννήτῳ
933 2750 1028 2804 καὶ
1050 2750 1289 2823 ἀκτίστῳ
1317 2752 1476 2823 Λόγῳ
1496 2752 1588 2806 τοῦ
1608 2754 1840 2825 Πατρὸς,

273 2842 300 2911 ἡ
325 2841 418 2911 τῆς
445 2841 874 2913 ἀνθρωπότητος
905 2842 1066 2913 χρεία
1092 2843 1153 2897 τὸ
1171 2843 1348 2913 λέγειν
1382 2846 1573 2899 ἑαυτὸν
1596 2847 1843 2901 ἐκτίσθαι

269 2931 459 2986 δίδωσι.
497 2932 609 2986 Καὶ
630 2933 699 2987 τὰ
730 2934 827 3004 μὲν
853 2934 1128 3005 κτίσματα
1147 2936 1291 3008 λόγῳ
1318 2938 1412 2992 καὶ
1440 2938 1691 3011 βουλήσει
1707 2940 1841 2995 Θεοῦ

270 3020 511 3076 καλεῖται
560 3023 697 3094 πρὸς
732 3024 1023 3083 υἱοθεσίαν.
1071 3045 1090 3079 ι
1138 3028 1281 3099 Ἐγὼ
1310 3030 1420 3099 γὰρ
1458 3026 1607 3100 εἶπα,
1651 3036 1838 3105 φησιν,

1965 541 2107 608 quod
2134 547 2346 610 creavit,
2379 562 2503 603 cum
2534 550 2600 606 de
2628 550 2768 608 Filio
2798 554 3020 617 dicitur.

2464 748 2669 807 Salutio
2704 754 3029 824 objectionis.

2031 835 2418 907 Saepenumero
2449 842 2664 910 quidem
2704 858 2918 899 sacram
2962 844 3298 917 Scripturam
3339 849 3545 917 promi-_

1960 940 2091 981 scue
2113 930 2664 1005 atqueindiﬁ'erenter
2691 934 2917 990 vocibus
2947 935 3025 991 uti
3057 938 3537 1007 reperiemus,non

1960 1020 2102 1088 quod
2142 1020 2249 1075 vim
2287 1023 2625 1101 singularum
2663 1036 3000 1097 perspectam
3036 1043 3141 1083 non
3180 1028 3398 1095 habeat,
3440 1029 3551 1085 sed-

1957 1112 2104 1179 quod
2144 1113 2364 1169 abusive
2406 1130 2799 1186 nonnunquam
2846 1132 2941 1173 eas
2988 1105 3242 1188 accipiat.
3290 1118 3426 1174 Nam
3466 1120 3545 1173 de

1955 1203 2236 1273 operibus,
2282 1219 2403 1259 cum
2451 1206 2539 1261 illa
2588 1216 2785 1262 creatae
2831 1216 3038 1263 natura:
3081 1224 3202 1265 esse
3246 1208 3535 1265 ostendere

1956 1297 2094 1361 vult,
2119 1298 2191 1351 ita
2220 1297 2296 1351 ait
2321 1315 2333 1351 :
2369 1316 2387 1349 ι
2419 1297 2474 1352 1η
2502 1298 2769 1369 principio
2794 1299 2922 1354 fecit
2950 1300 3093 1356 Deus
3119 1300 3315 1356 caelum
3342 1308 3398 1355 et
3424 1308 3534 1356 ter-

1954 1402 2091 1441 ram.
2122 1418 2193 1427 —
2231 1387 2296 1441 Et
2332 1386 2462 1442 fecit
2496 1388 2637 1443 Deus
2670 1388 2966 1444 hominem.
2992 1387 3158 1444 t.Non
3192 1389 3401 1457 genuit,
3434 1388 3533 1443 sed

1954 1478 2101 1532 fecit.
2151 1477 2293 1535 Deus
2342 1490 2522 1535 autem
2552 1478 2714 1535 Verbi
2753 1479 3160 1549 generationem
3194 1478 3479 1534 declarans
3510 1495 3528 1533 :

1960 1583 1979 1617 ι
2018 1565 2319 1633 Eructavit,
2355 1568 2553 1636 inquit,
2584 1583 2679 1623 cor
2706 1583 2882 1623 meum
2911 1565 3142 1623 Verbum
3174 1569 3373 1625 bonum
3398 1568 3465 1622 ⁸³.
3504 1588 3525 1622 ο

1955 1656 2163 1711 Rursus
2209 1671 2361 1711 sacra
2411 1656 2868 1727 Scriptura,cum
2916 1656 3187 1713 creaturis
3232 1657 3528 1713 exsistendi

1952 1745 2272 1815 principium
2300 1747 2508 1813 deﬁnit,
2527 1748 2604 1801 ita
2630 1746 2900 1816 loquitur:
2926 1764 2943 1798 ι
2967 1745 3022 1800 ιιι
3047 1745 3308 1816 principio
3329 1744 3478 1810 fecit,
3504 1765 3524 1798 ι

1949 1845 2006 1891 at
2041 1838 2108 1892 de
2143 1838 2235 1893 Dei
2277 1837 2456 1914 Verbo
2490 1839 2718 1909 loquens
2747 1856 2761 1892 :
2799 1856 2818 1890 ι
2851 1837 2908 1892 In
2948 1837 3216 1908 principio
3251 1846 3370 1893 erat
3398 1837 3531 1893 Ver-
3629 1859 3639 1869 ε

1950 1928 2097 1983 bum.
2132 1949 2152 1983 ι
2180 1929 2460 1987 Creatoris
2486 1932 2668 2002 itaque
2695 1941 2905 2001 tempus
2931 1940 3014 1987 est
3045 1931 3400 2002 principium;
3431 1929 3540 1985 sed

1950 2021 2044 2075 Dei
2084 2020 2319 2076 Verbum
2363 2032 2491 2103 ante
2534 2022 2729 2077 saecula
2775 2022 3049 2078 exsistens
3092 2021 3266 2077 solum
3311 2019 3542 2074 Patrem

1950 2112 2200 2183 principii
2236 2121 2511 2183 expertem
2548 2113 2875 2182 principium
2911 2114 3096 2177 habet,
3131 2114 3198 2168 ab
3232 2119 3436 2167 mlcrno
3471 2109 3525 2164 in

1950 2204 2065 2272 ipso
2118 2204 2407 2259 exsistens.
2454 2204 2920 2270 Quemadmodum
2968 2204 3131 2276 igitur
3171 2219 3294 2261 cum
3342 2204 3408 2259 de
3458 2203 3539 2258 iis.
3642 2216 3662 2231 ‘

1946 2307 2066 2362 qua:
2109 2307 2239 2347 vere
2283 2302 2546 2349 creatura:
2587 2302 2733 2360 sunt,
2777 2293 2994 2362 dicitur,
3036 2294 3235 2364 genuit,
3278 2292 3523 2359 abusive,

1949 2398 2058 2438 non
2100 2384 2423 2440 naturaliter
2455 2384 2862 2458 intelligendum
2900 2393 2984 2441 est
3015 2403 3030 2440 :
3061 2386 3134 2439 ita
3175 2383 3527 2455 quandocun-

1946 2487 2051 2543 que
2079 2474 2148 2529 de
2175 2489 2240 2529 eo
2269 2475 2359 2545 qni
2386 2491 2514 2531 vere
2543 2478 2791 2546 genimen
2822 2484 2927 2544 est,
2957 2476 3407 2541 dicitur,creavit,
3435 2474 3527 2528 vel.

1946 2564 2092 2633 fecit,
2129 2568 2351 2621 abusive
2391 2568 2713 2623 sumendum
2753 2577 2859 2635 est,
2895 2577 3109 2623 servata
3148 2566 3261 2636 ipsi
3288 2564 3532 2620 naturali.

1945 2671 2043 2711 sua
2070 2658 2421 2728 proprietate.
2453 2659 2639 2715 Gratia
2669 2660 2814 2715 enim
2844 2660 2948 2716 hoc
2973 2660 3242 2716 creaturis
3268 2659 3518 2729 largitur,

1945 2758 2005 2803 ut
2022 2748 2089 2803 de
2111 2749 2177 2805 iis
2193 2749 2421 2817 dicatur,
2446 2754 2640 2821 genuit.
2662 2750 2909 2808 lncreato
2929 2759 3109 2807 autem
3134 2760 3299 2821 atque
3316 2761 3541 2806 aeterno.

1944 2838 2040 2895 Dei
2078 2840 2285 2906 Verbo,
2322 2842 2725 2898 incarnationis
2763 2844 2974 2900 ratione
3025 2844 3128 2899 hoc
3166 2843 3424 2899 tribuitur
3460 2852 3533 2897 ιιι.

1942 2939 2187 2985 creatum
2223 2932 2454 2987 dicatur.
2485 2931 2554 2986 Et
2588 2942 2850 2988 creaturae
2879 2933 3097 3002 quidem
3140 2933 3306 2988 verbo
3334 2947 3398 2986 ac
3427 2945 3538 2985 vo-.

1943 3021 2153 3078 luntate
2185 3021 2279 3079 Dei
2309 3034 2572 3079 vocantur
2600 3023 2653 3078 in
2688 3023 3031 3093 adoptionem
3071 3023 3322 3081 ﬁliorum.
3356 3041 3375 3075 ι
3410 3022 3547 3094 Ego.
3664 3024 3671 3031 °

269 3113 376 3165 οὐκ
401 3113 693 3187 ἐγέννησα.
732 3134 751 3167 ι
800 3117 859 3171 '0
886 3117 941 3171 δὲ
973 3118 1103 3183 Υίὸς
1134 3120 1234 3190 τὴν
1262 3120 1499 3194 ἄρρητον
1525 3124 1720 3178 ἑαυτοῦ
1755 3126 1845 3180 καὶ

1951 3113 2096 3167 enim
2126 3114 2258 3181 dixi,
2287 3115 2493 3185 inquit:
2524 3115 2637 3171 Non
2668 3116 2946 3186 genui“.i
2977 3115 3148 3172 Filius
3170 3132 3301 3172 vero
3329 3116 3539 3172 ξηραὶ-ι

269 3201 502 3271 φυσικὴν
550 3202 616 3254 ὲκ
659 3203 873 3275 Πατρὸς
912 3206 1168 3277 γέννησιν
1220 3210 1585 3281 καταμηνύων
1616 3213 1841 3283 ἔλεγενο

274 3308 290 3341 ι
312 3291 448 3360 Ἐγὼ
490 3292 558 3345 ὲκ
580 3294 675 3348 τοῦ
702 3296 915 3368 [ἰατρὸς
942 3298 1165 3369 ἐξῆλθον
1189 3302 1283 3355 καὶ
1308 3302 1447 3374 ἥκω.
1489 3323 1507 3356 ι
1541 3306 1653 3360 Καὶ
1682 3306 1846 3361 πάλιν

268 3382 445 3452 ἕτερον
486 3384 679 3439 ἑαυτὸν
709 3388 861 3458 παρὰ
883 3388 981 3459 τὴν
1011 3389 1117 3443 τῶν
1141 3393 1386 3464 γενητῶν
1403 3394 1565 3463 φύσιν
1592 3396 1719 3451 ὸντσ
1744 3398 1846 3451 δει-

268 3474 469 3541 κνύων,
513 3477 708 3547 φησίν·
744 3498 762 3530 ι
811 3478 1000 3551 Ὑμεῖς
1023 3484 1087 3535 ἐκ
1113 3482 1224 3536 τῶν
1248 3485 1399 3538 κάτω
1441 3486 1592 3552 ἐστὲ,
1637 3487 1748 3557 ἐγὼ
1780 3491 1845 3542 ἑκ

268 3565 366 3618 τῶν
391 3568 511 3622 ἄνω
542 3569 681 3638 είμί.
721 3589 741 3621 ι
774 3571 849 3625 ού
880 3572 989 3645 γὰρ
1014 3575 1079 3644 δή
1111 3591 1195 3638 τις
1228 3576 1347 3645 ὲρεῖ
1370 3579 1665 3648 σωφρονῶν
1687 3597 1843 3634 τοπι-

268 3662 373 3723 κοῖς
412 3662 514 3714 καὶ
542 3661 996 3733 διαστηματικοῖς
1038 3666 1328 3738 ὑψώμασιν
1369 3670 1844 3743 ἀποσεμνύνεσθαι

268 3749 347 3801 τὸν
378 3751 479 3804 τοῦ
518 3751 654 3805 Θεοῦ
683 3754 855 3823 Λόγον
874 3773 888 3786 ·
912 3756 1049 3811 ἀλλὰ
1092 3758 1152 3811 τὸ
1185 3759 1284 3830 μὲν
1310 3760 1563 3815 ταπεινὸν
1590 3762 1691 3832 τῆς
1723 3780 1843 3816 κτι-

268 3841 389 3912 στῆς
421 3843 620 3907 οὐσίας
670 3844 757 3899 διὰ
789 3846 886 3902 τοῦ
921 3848 1078 3905 κάτω
1109 3851 1472 3922 σημαίνεται,
1506 3852 1568 3906 τὸ
1613 3854 1670 3908 δὲ
1709 3854 1845 3925 ὕψος

266 3933 356 4002 τῆς
381 3935 540 3999 θείας
581 3936 675 3991 καὶ
703 3938 883 3992 πάντα
929 3941 1334 4014 ύπεραιρούσης
1373 3943 1589 4013 φύσεως
1624 3945 1713 4001 διὰ
1749 3946 1844 4000 τοῦ

267 4026 371 4079 ἂνω
402 4030 631 4083 νοεῖται.
674 4030 960 4102 τοσαύτης
996 4035 1285 4106 τοιγαροῦν
1324 4036 1528 4105 μεταξὺ
1584 4038 1845 4109 κειμένης

266 4115 530 4190 διαφορᾶς
563 4120 886 4192 κτιζομὲνου
922 4122 1017 4176 καὶ
1048 4125 1389 4201 γεννήματος
1408 4168 1422 4191 ,
1451 4128 1840 4201 ἀδιαφορείτω-

269 4224 361 4262 σαν
393 4213 454 4264 αἱ
477 4210 672 4278 λέξεις,
691 4214 782 4267 ὅτε
810 4213 1009 4284 βλάϐος
1033 4215 1185 4275 οὐδὲν
1203 4216 1347 4271 κατὰ
1373 4219 1482 4272 τῶν
1505 4221 1842 4292 σημαινομέ-

267 4318 366 4355 νων
394 4304 635 4373 γίνεται.

266 4414 477 4493 MAG,
494 4416 953 4493 ὄιηπςηματιξιῶρ
982 4419 1070 4485 είς
1099 4419 1188 4493 τὸ,
1225 4438 1258 4493 ιΔ
1277 4421 1493 4493 Κύριος
1538 4422 1743 4478 ἓκτισέ
1765 4442 1843 4493 με

330 4486 536 4561 ἀρχὴν
562 4486 721 4561 ὁδῶν
764 4488 949 4561 αὑτοῦ
975 4530 989 4552 ,
1030 4507 1074 4561 ι-
1096 4489 1194 4543 καὶ
1234 4486 1487 4560 ἐφεξῆς-ί
1544 4511 1563 4545 ι
1605 4495 1725 4561 Πρὸ
1765 4486 1843 4547 ’δὲ

330 4556 580 4611 πάντων
611 4557 859 4622 ,Βουνῶν
891 4556 1075 4628 γεννᾷ
1091 4576 1188 4629 με.
1221 4578 1240 4610 ι

329 4671 394 4723 Ei
423 4670 536 4742 πρὸ
568 4671 787 4725 πάντων
813 4672 1004 4727 ἑαυτὸν
1035 4674 1399 4745 γεγεννῆσθαί
1433 4691 1619 4745 φησιν,
1643 4693 1745 4729 ουκ
1774 4678 1843 4731 ἂν

210 4770 213 4771 ⁷
267 4763 346 4833 εἴη
366 4763 479 4818 τῶν
507 4764 724 4823 πάντων
748 4759 848 4828 εἷς,
889 4764 1005 4818 ἀλλ’
1057 4765 1244 4837 ἕτερος
1269 4767 1403 4837 παρ’
1436 4766 1595 4821 αύτά.
1625 4767 1708 4820 Τὰ
1742 4769 1844 4839 μὲν

265 4853 368 4923 γὰρ
414 4853 596 4907 πάντα
630 4856 687 4907 ἐν
736 4854 951 4917 ἑαυτοῖς
979 4854 1092 4926 ἔχει
1121 4856 1216 4908 καὶ
1238 4855 1337 4925 τὴν
1379 4855 1588 4909 οἰκείαν
1626 4856 1802 4927 ἀρχήν
1824 4874 1839 4888 ·

264 4944 359 4997 οὐκ
392 4946 461 4999 ἂν
491 4945 600 5015 γὰρ
627 4947 712 5017 είη
741 4945 919 5000 πάντα
947 4946 999 4999 εί
1026 4964 1080 4999 τι
1109 4947 1217 5000 τῶν
1247 4948 1305 4999 ὲν
1329 4946 1510 5010 αὐτοῖς
1537 4946 1643 5014 ἔξω
1678 4949 1842 5019 μένον

266 5036 590 5106 εὑρίσκοιτο.
631 5039 693 5091 Ei
722 5034 816 5093 οὖν
843 5039 950 5109 πρὸ
977 5040 1194 5095 πάντων
1223 5040 1252 5092 ό
1290 5039 1421 5102 Υἱὸς
1462 5039 1749 5112 ἐγεννήθη,
1782 5043 1842 5094 ὲν

268 5123 379 5195 ἰδίῳ
422 5126 520 5196 μὲν
556 5126 778 5199 ἀριθμῷ
815 5127 883 5181 τὰ
914 5128 1091 5182 πάντα
1115 5128 1388 5182 κείσεται·
1422 5128 1526 5192 ἔξω
1569 5128 1625 5182 δὲ
1664 5129 1843 5185 αὐτῶν

263 5215 294 5283 ἡ
329 5216 426 5269 τοῦ
453 5217 583 5271 Υἱοῦ
613 5219 932 5289 νοηθήσεται
957 5220 1233 5290 γέννησις.
1280 5220 1339 5273 '0
1368 5219 1425 5273 δὲ
1448 5222 1560 5283 τοῖς
1592 5224 1843 5292 γενητοῖς

266 5305 622 5373 ἀσύντακτος,
646 5311 839 5382 ὲτέρας
866 5310 931 5364 ἂν
954 5310 1041 5380 εἴη
1076 5309 1292 5379 φύσεως
1319 5312 1447 5383 παρ’
1477 5311 1841 5382 αύτὰ.Ἐγεν-

266 5395 404 5467 νήθη
439 5401 749 5471 τοιγαροῦν,
782 5402 920 5455 καθὸ
945 5402 1116 5471 Λόγος
1138 5403 1305 5467 ἐστὶν,
1328 5404 1391 5456 ἐκ
1418 5403 1662 5474 Πατρός·
1698 5404 1845 5457 ἐκτί-

270 5485 372 5558 σθη
401 5487 480 5555 δὲ,
541 5492 677 5545 καθὸ
724 5493 1011 5563 ἄνθρωπος
1035 5532 1052 5559 ,
1110 5494 1205 5548 καὶ
1240 5493 1461 5563 γέγονεν
1497 5494 1642 5567 ἁρχὴ
1682 5494 1842 5552 ὁδῶν.

1944 3201 2108 3257 bilem
2155 3219 2308 3259 suam
2353 3216 2408 3258 et
2455 3205 2757 3260 naturalem
2797 3220 2863 3261 ex
2911 3204 3071 3260 Patre
3114 3205 3541 3275 generationem.

1946 3294 2249 3364 declarans,
2278 3297 2449 3367 inquit
2474 3316 2488 3352 :
2520 3316 2539 3351 ι
2575 3297 2685 3368 Ego
2708 3312 2775 3354 ex
2803 3297 2962 3353 Patre
2983 3297 3124 3354 exivi
3149 3308 3204 3353 et
3223 3298 3381 3353 venio
3396 3297 3465 3352 ⁸⁸.
3494 3315 3535 3350 ι-

1950 3386 2016 3441 Ει
2048 3402 2236 3444 rursus
2266 3389 2429 3442 alium
2460 3404 2580 3445 esse
2612 3404 2673 3444 se
2700 3404 2729 3443 a
2758 3389 3027 3445 creaturis
3056 3390 3369 3453 ostendens,
3395 3387 3472 3443 ait
3503 3406 3516 3441 :

1949 3477 2107 3548 165
2161 3497 2181 3529 ι
2238 3480 2341 3535 Vos
2387 3481 2453 3536 de
2498 3482 2749 3537 deorsum
2800 3482 2966 3547 estis,
3013 3496 3114 3553 ego
3159 3495 3226 3536 ex
3271 3480 3525 3550 supernis

1945 3583 2064 3621 sum
2092 3568 2157 3622 “.
2198 3587 2219 3621 ι
2254 3569 2438 3639 Neque
2466 3571 2608 3625 enim
2642 3573 2928 3641 quisquam
2960 3587 3107 3627 sana:
3138 3572 3338 3628 mentis
3366 3572 3521 3627 dixe-

1947 3656 2038 3723 rit,
2069 3658 2247 3724 locali,
2276 3673 2502 3729 quaeque
2528 3661 2827 3729 spatiorum
2856 3661 3153 3718 intervallis
3179 3669 3413 3728 constet,
3443 3662 3522 3715 al-

1947 3752 2176 3807 titudine
2199 3753 2289 3807 Dei
2309 3753 2541 3808 Verbum
2563 3754 2807 3823 gloriari,
2828 3756 2922 3810 sed
2944 3754 3305 3809 humilitatem
3325 3764 3522 3809 creatzc

1946 3844 2263 3901 substantiae
2314 3858 2409 3913 per
2453 3844 2697 3897 deorsum
2745 3845 3040 3911 signiﬁcari
3086 3861 3101 3898 :
3145 3845 3536 3899 celsitudinem.

1946 3950 2075 3991 vero
2118 3935 2314 3989 divinae
2359 3933 2650 4003 omniaque
2699 3932 3132 3988 transcendentis
3174 3940 3382 3988 natura
3427 3948 3529 4001 per.

1945 4043 2197 4098 superna.
2247 4027 2380 4083 Cum
2436 4028 2600 4099 igitur
2647 4034 2857 4081 tantum
2914 4025 2986 4079 sit
3037 4024 3333 4080 discrimen
3382 4025 3534 4083 inter.

1945 4131 2187 4179 creatum
2222 4129 2277 4175 et
2312 4119 2576 4187 genitum,
2614 4118 2777 4173 verba
2813 4115 3185 4172 indiﬁerenter
3216 4115 3535 4185 capiantur,

1946 4214 2161 4284 quando
2199 4211 2402 4267 nullum
2448 4210 2515 4266 iis
2557 4226 2678 4282 quae
2721 4208 3100 4271 signiﬁcantur
3137 4207 3390 4293 damnum
3432 4205 3521 4262 in-

1948 4304 2141 4358 fertur.

1949 4414 2159 4470 ALIUD
2190 4413 2523 4482 explicatius,
2560 4414 2615 4465 in
2644 4412 2741 4466 hoc
2774 4413 2945 4479 ipsum
2961 4427 2996 4482 ᾖ
3012 4428 3030 4463 ι
3055 4411 3310 4482 Dominus
3332 4411 3525 4482 creavit

2022 4502 2103 4541 me
2148 4478 2356 4537 initium
2394 4486 2601 4536 viarum
2626 4478 2866 4535 suarum.
2902 4500 2921 4533 ι
2950 4478 3018 4535 Et
3068 4481 3259 4536 deinde
3287 4496 3306 4533 :
3340 4498 3359 4532 ι
3395 4481 3528 4535 Ante

2023 4572 2200 4610 omnes
2233 4554 2391 4608 colles
2423 4552 2597 4624 genuit
2631 4568 2729 4605 nte.
2769 4570 2787 4603 ι

2025 4670 2085 4725 Si
2114 4679 2240 4724 ante
2261 4666 2443 4723 omnia
2476 4681 2535 4721 se
2564 4665 2807 4736 genitum
2837 4677 2959 4719 esse
3008 4663 3202 4733 inquit,
3237 4673 3385 4717 certe
3415 4674 3536 4741 non.

1953 4762 2056 4816 erit
2090 4776 2230 4816 unus
2258 4774 2323 4815 ex
2350 4757 2628 4823 omnibus,
2664 4757 2759 4817 sed
2779 4754 3028 4811 diversus
3057 4757 3126 4818 ab
3143 4755 3283 4809 aliis.
3318 4754 3540 4816 Caetera;

1952 4855 2095 4908 enim
2131 4854 2313 4907 omnia
2365 4851 2417 4906 in
2454 4850 2648 4919 seipsis
2704 4850 2908 4904 habent
2959 4862 3113 4903 suum
3168 4844 3490 4916 principium
3511 4860 3541 4913 ;~

1954 4958 2127 5014 neque
2158 4944 2303 4999 enim
2330 4953 2513 4998 essent
2533 4941 2740 5007 omnia,
2796 4940 2842 4997 si
2887 4939 3017 5010 quid
3074 4938 3128 4993 in
3198 4936 3331 5005 ipsis
3374 4944 3537 4995 extra~

1953 5050 2179 5091 manens
2231 5036 2584 5105 reperiretur.
2636 5033 2693 5088 Si
2730 5047 2861 5103 ergo
2908 5040 3036 5085 ante
3084 5029 3267 5084 omnia
3314 5027 3530 5095 genitus

1950 5138 2034 5186 est
2064 5128 2255 5191 Filius,
2285 5128 2505 5198 proprio
2537 5142 2635 5181 suo
2677 5140 2902 5181 numero
2934 5124 3116 5181 omnia
3166 5122 3530 5194 comprehen-

1950 5220 2157 5275 duntur
2192 5236 2204 5271 :
2240 5230 2393 5274 extra
2430 5234 2557 5274 vero
2585 5218 2671 5272 illa
2702 5215 2824 5271 Filii
2870 5214 3152 5287 generatio
3186 5211 3530 5282 intelligitur.

1935 5296 2054 5385 'Qui
2087 5322 2268 5369 autent
2305 5312 2579 5384 generatis
2614 5309 2963 5364 annumerari
3016 5322 3124 5362 non
3178 5315 3354 5374 patest
3386 5344 3403 5370 ,
3443 5306 3533 5360 di-

1952 5419 2128 5461 versa:
2155 5404 2225 5458 ab
2258 5403 2391 5472 ipsis
2430 5412 2635 5457 natnrze
2667 5400 2738 5456 sit
2773 5408 3009 5471 oportet.
3060 5398 3291 5455 Genitus
3347 5399 3532 5469 itaque

1952 5505 2038 5550 est
2073 5504 2346 5569 quatenus
2387 5501 2471 5549 est
2495 5490 2730 5549 Verbum
2753 5506 2817 5547 ex
2854 5489 3047 5556 Patre;
3086 5497 3304 5546 creatus
3343 5503 3477 5543 vero
3509 5525 3528 5553 ,

273 5577 482 5649 Ὠσπερ
510 5577 605 5635 οὖν
642 5583 824 5653 ἡμεῖς,
847 5584 936 5638 ὅτε
958 5582 1049 5637 τὸν
1077 5583 1171 5637 τοῦ
1199 5583 1332 5638 Θεοῦ
1357 5584 1526 5654 Λόγον
1551 5586 1610 5638 ὲν
1634 5586 1845 5649 ἑαυτοῖς

1955 5594 2222 5655 quatenus
2247 5587 2430 5651 homo,
2469 5594 2525 5640 et
2554 5584 2731 5640 lactus
2771 5593 2856 5639 est
2903 5582 3233 5655 principium
3289 5581 3525 5636 viarum.

345 5736 391 5767 ⁸³
423 5734 561 5794 Psal.
594 5754 736 5809 xuv,
768 5742 821 5797 ‘2.
900 5741 942 5773 ⁸³
976 5739 1078 5799 lsa.
1123 5756 1274 5810 xxttt,
1318 5744 1367 5799 «ι.
1446 5743 1490 5774 ⁸⁸
1507 5742 1664 5800 Joan.
1701 5757 1810 5811 xw,
1843 5741 1935 5797 28.
2014 5744 2059 5776 “
2098 5741 2255 5799 Joan.
2289 5758 2406 5811 vni,
2439 5744 2526 5799 23.
