4036 6208
478 312 586 368 279

1550 314 1609 365 5.
1651 308 1922 365 CYRILLI
1960 306 2445 386 ALEXANDRINI‘
2469 306 2789 362 ARCHIEP.

3629 302 3740 361 280

479 429 941 498 Quemadmodum
971 430 1134 501 igitur
1162 444 1431 494 nos,.cnm
1469 429 1700 483 Verbum
1733 429 1825 482 Dei
1860 431 1914 483 in
1946 445 2043 484 n0-

2156 430 2441 501 δεχόμεθα,
2489 430 2557 483 δι’
2592 428 2755 483 αὑτὸν
2797 429 2907 480 υἱοι
2939 426 3253 497 καλούμεθα
3285 424 3380 478 τοῦ
3404 423 3567 488 Θεοῦ,
3593 425 3737 479 κατά

480 524 562 576 bis
602 522 958 590 suscipimus,
1005 536 1101 591 per
1147 523 1320 591 ipsum
1372 534 1634 575 vocamur
1684 519 1779 573 ﬁlii
1836 520 1929 574 Dei
1985 522 2053 586 ⁸⁷,

478 627 601 665 cum
634 621 825 665 natura
845 611 1018 665 simus
1047 621 1337 673 creaturre,
1372 610 1442 662 ita
1471 608 1634 661 etiam
1670 607 1807 676 ipse,
1839 610 2057 678 quando

480 718 698 756 carnem
730 712 969 756 ηοειινιιη
997 702 1249 764 assumit,
1277 709 1503 753 νοοθιυι·
1531 707 1786 753 creatura
1816 712 1872 754 et
1898 715 2054 768 opus,

481 808 601 843 cum
638 804 827 845 natura
873 793 944 846 sit
986 791 1179 845 Filius.
1214 791 1280 843 Et
1314 804 1502 843 rursus
1540 806 1551 841 :
1586 792 1728 843 sicut
1764 790 1907 845 Deus
1935 806 2057 846 cum

481 883 551 935 sit
587 893 769 936 noster
814 892 1050 944 creator,
1099 880 1262 934 Pater
1297 880 1426 937 item
1473 890 1662 935 noster
1691 921 1705 945 ,
1763 882 1842 937 sic
1895 882 2057 937 etiam

482 991 605 1028 cum
634 973 795 1029 Verbi
832 973 920 1027 Dei
954 973 1113 1026 Pater
1171 972 1466 1025 secundum
1521 984 1767 1025 naturam
1809 973 2057 1039 exsistat,

482 1068 597 1135 ejus
621 1080 838 1134 quoque
872 1074 1085 1117 creator
1134 1062 1407 1129 efﬁcitur;
1452 1077 1576 1117 cum
1631 1064 1885 1118 nimirum
1933 1080 2060 1134 pro-

484 1171 601 1226 pter
626 1172 725 1211 nos
756 1156 816 1210 ﬁt
841 1155 1039 1210 similis
1092 1156 1378 1210 creaturis.
1433 1154 1489 1210 Si
1543 1170 1672 1225 ergo
1722 1171 1819 1211 nos
1865 1167 2057 1212 natura

480 1248 574 1302 ﬁlii
626 1263 833 1314 sumus,
893 1248 998 1302 erit
1044 1249 1208 1301 etiam
1274 1247 1387 1315 ipse
1452 1247 1769 1301 naturaliter
1806 1258 2057 1303 creatura

481 1349 534 1392 et
573 1353 728 1407 opus.
762 1340 835 1392 At
861 1353 990 1394 vero
1036 1339 1079 1393 si
1115 1353 1211 1393 nos
1260 1338 1617 1407 dispositione
1655 1348 1710 1394 ct
1752 1341 1927 1411 gratia
1962 1355 2055 1397 vo-

482 1444 669 1482 camur
707 1429 826 1493 ﬁlii,
880 1430 985 1485 erit
1014 1432 1179 1485 etiam
1210 1430 1324 1498 ipse
1360 1429 1713 1499 dispositione
1756 1441 2010 1486 creatura
2042 1472 2056 1494 ,

483 1522 784 1577 iiaturalem
824 1535 979 1575 suam
1002 1521 1318 1590 dignitatem
1353 1523 1424 1576 ob
1474 1522 1903 1576 incarnationem
1948 1539 2054 1578 non

483 1612 763 1667 amittens.

479 1722 738 1795 ALIUD,
768 1738 895 1795 Aqua
944 1722 1213 1795 perspicue
1262 1724 1562 1795 ostenditur
1603 1740 1706 1792 quo
1755 1735 1907 1791 pacto
1972 1728 2056 1795 pie

553 1781 777 1865 intelligi
799 1781 1034 1865 oporteat
1064 1781 1226 1855 illud,
1260 1810 1278 1841 ι
1306 1791 1560 1846 Dominus
1588 1781 1778 1849 creavit
1799 1811 1879 1848 me
1904 1781 2052 1865 prin-
2087 1781 2131 1838 Β

556 1863 751 1929 ripium
779 1862 982 1914 viarum
1014 1876 1256 1914 auarum.
1306 1879 1324 1911 ι

550 2000 721 2052 Adam
752 1997 960 2067 primus
992 1999 1153 2053 homo
1177 1998 1350 2053 factus
1388 2009 1491 2063 est,
1519 2000 1753 2068 dataque
1786 2000 1861 2054 illi
1909 2010 1993 2054 est
2024 2016 2055 2054 a

479 2090 593 2147 Deo
624 2090 708 2144 via
740 2090 930 2144 salutis
967 2106 980 2142 :
1006 2104 1167 2158 quam
1192 2090 1432 2158 quidem,
1460 2090 1701 2145 divinum
1736 2092 2052 2145 mandatum

371 2192 393 2208 '
481 2192 880 2252 transgressus,
920 2181 1125 2244 amisit,
1180 2180 1472 2250 lapsusque
1521 2190 1606 2237 est
1648 2181 1701 2235 in
1749 2182 2053 2245 interitum,

476 2274 794 2343 provolutus
843 2273 896 2326 in
954 2281 1279 2339 peccatum,
1353 2272 1635 2328 descendit
1681 2275 1733 2328 in
1792 2283 2049 2329 mortem.

476 2363 651 2416 Aulium
683 2363 847 2432 igitur
886 2363 1029 2416 viam
1079 2362 1236 2417 nobis
1290 2365 1694 2431 pmtnonstrari
1734 2380 1869 2433 opus
1905 2374 2048 2429 erat,

476 2468 582 2521 qua
609 2454 673 2506 ad
696 2452 979 2522 pristinum
1010 2459 1211 2506 statum
1241 2453 1754 2507 conscenderemus.
1791 2453 1887 2507 Cui
1926 2453 2053 2523 qni-

477 2546 597 2599 dem
618 2543 1095 2613 praemonstranda:
1112 2558 1233 2597 cum
1266 2543 1442 2598 nullus
1468 2544 1743 2597 hominum
1768 2559 1864 2611 par
1886 2553 2054 2607 esset,

482 2637 641 2707 166
669 2636 842 2705 ipsum
888 2635 1123 2690 Verbum
1159 2634 1297 2699 Dei,
1334 2651 1455 2689 cum
1491 2636 1561 2689 sit
1601 2646 1793 2689 natura
1848 2636 2054 2690 increa-

479 2738 617 2789 tntn,
654 2737 876 2795 propter
906 2741 1008 2782 nos
1040 2733 1263 2780 creatur
1297 2726 1459 2780 homo
1487 2764 1503 2788 ,
1555 2725 1832 2781 voluntate
1874 2725 2054 2780 Patris

479 2832 697 2871 cantem
729 2826 969 2872 nostram
1005 2832 1311 2879 assumens,
1349 2826 1428 2881 ut,
1463 2818 1916 2887 quemadmodum
1973 2818 2054 2871 in-

479 2909 597 2977 qnit
657 2908 852 2963 Paulus
888 2909 955 2971 ⁸⁸,
1020 2910 1161 2964 viam
1236 2909 1389 2963 nobis
1439 2908 1705 2965 instauret
1781 2917 2052 2964 recentem

480 3013 542 3053 ac
581 3009 915 3063 manentem,
954 3014 1230 3068 operaque
1288 2999 1467 3054 Patris
1517 3000 1737 3069 impleat
1768 3042 1782 3062 .
1827 3014 2055 3069 corpore

476 3090 697 3161 quidem
753 3101 939 3145 nostro
975 3091 1041 3144 ad
1087 3091 1548 3159 incorruptionem
1602 3092 1897 3146 reformato
1927 3133 1941 3154 ,
2001 3100 2054 3146 et

479 3189 661 3235 morte
689 3222 703 3244 ,
735 3193 856 3249 qua:
903 3195 1002 3248 per
1047 3192 1328 3248 peccatum
1384 3181 1669 3249 imperium
1718 3182 2050 3245 obtinuerat,

479 3269 715 3335 sublata,
752 3269 978 3339 ipsoque
1017 3279 1239 3338 peccato
1266 3270 1632 3325 condemnato
1658 3310 1672 3334 ,
1735 3270 2055 3339 ceterisque

477 3359 641 3415 bonis
691 3374 813 3427 qum
869 3359 1134 3426 contulit,
1182 3375 1276 3428 per
1323 3360 1498 3428 ipsum
1545 3368 1753 3413 natum:
1806 3361 2055 3416 humana:

477 3451 757 3525 praestitis.
797 3448 853 3505 Si
886 3466 1016 3521 ergo
1043 3451 1221 3507 factus
1248 3461 1329 3506 est
1360 3452 1521 3506 homo
1546 3492 1560 3514 ,
1608 3462 1667 3525 pl
1695 3451 1854 3505 nobis
1887 3452 2051 3506 etiam

476 3543 742 3598 bonorum
789 3546 873 3598 via
928 3546 1054 3609 ﬁat,
1103 3560 1276 3614 eaque
1319 3560 1482 3616 opera
1524 3547 1810 3617 perﬁciat,
1858 3560 1976 3615 qua:
2022 3562 2050 3599 a

476 3637 640 3692 Patre
677 3653 774 3707 per
805 3638 980 3707 ipsum
1014 3638 1168 3704 ﬁunt,
1197 3641 1393 3692 merito
1425 3649 1573 3693 certe
1600 3637 1778 3692 dicat:
1814 3656 1832 3689 ι
1866 3638 2050 3693 Domi-

479 3746 580 3784 nus
611 3730 816 3784 ereavit
843 3744 928 3784 me
957 3730 1282 3799 principium
1304 3730 1512 3785 viarum
1538 3745 1758 3785 suarum
1793 3730 1845 3783 in
1883 3745 2050 3799 opera

475 3822 669 3891 ipsius.
707 3840 728 3874 ι
759 3821 1028 3890 Deinceps
1054 3835 1184 3875 vero
1223 3836 1443 3887 rursus,
1491 3821 1861 3876 exsistentiam
1897 3836 2049 3876 snam

474 3922 605 3967 ante
631 3913 813 3967 omnia
836 3912 1033 3967 saecula
1062 3912 1400 3983 signiﬁcans,
1430 3913 1503 3967 ait
1538 3929 1552 3965 :
1604 3931 1623 3963 ι
1664 3913 1809 3966 Ante
1850 3912 2049 3966 saecula

476 4003 721 4061 fundavit
770 4021 873 4060 me.
921 4023 941 4057 ι
997 4003 1053 4059 Si
1096 4018 1230 4059 vero
1268 4014 1325 4059 et
1370 4003 1643 4073 gignitur,
1695 4014 1749 4057 et
1792 4012 2049 4067 creatur,

478 4105 771 4165 utrumque
802 4099 1059 4153 decenter
1105 4094 1601 4161 convenienterque
1656 4094 1770 4147 ﬁeri
1810 4094 2045 4149 dicatur.

477 4186 728 4258 Gignitnr
760 4187 904 4241 enim
959 4196 1017 4254 ut
1074 4186 1307 4241 Verbum
1361 4199 1424 4239 ex
1468 4183 1627 4238 Patre
1684 4192 1811 4238 ante
1857 4184 2049 4239 saecula

480 4278 828 4343 productum,
860 4286 918 4330 ut
958 4278 1185 4344 ipsemet
1234 4284 1500 4331 testatur:
1540 4284 1757 4327 creatur
1780 4288 1909 4329 vero
1937 4315 1952 4339 ,
1993 4284 2053 4328 ut

481 4368 664 4430 homo,
712 4367 929 4434 quando
978 4377 1197 4436 propter
1241 4382 1338 4421 nos
1390 4364 1562 4419 factus
1607 4373 1690 4418 est
1738 4379 1865 4419 caro
1908 4380 1922 4417 :
1975 4366 2051 4420 ita

476 4459 554 4513 ait
586 4457 915 4526 evangelista
949 4459 1014 4512 θ’.

1142 4572 1371 4629 ALIUD.

545 4703 828 4758 Psalmista
858 4704 1054 4758 alicubi
1085 4704 1148 4755 de
1193 4703 1365 4756 Verbo
1400 4702 1489 4755 Dci
1515 4702 1585 4754 ita
1634 4703 1706 4754 ait
1736 4721 1747 4756 ε
1781 4722 1796 4752 ι
1828 4702 1930 4769 Qui
1965 4712 2049 4756 est

475 4806 601 4850 ante
625 4796 820 4850 saecula
856 4797 920 4848 ⁷ο.
964 4816 981 4847 ι
1032 4794 1087 4849 Si
1116 4811 1244 4865 ergo
1279 4795 1450 4848 Filius
1483 4804 1608 4848 ante
1640 4795 1841 4850 saacnla
1890 4795 2045 4850 exsi-

476 4888 590 4952 stit,
615 4899 855 4942 creatura
898 4904 1026 4942 vero
1064 4887 1201 4943 dicit
1251 4902 1310 4941 se
1360 4902 1480 4940 esse
1514 4887 1565 4939 in
1602 4902 1769 4956 opera
1815 4887 1994 4942 Patris
2025 4902 2036 4936 :

479 4981 842 5031 necessarium
898 4977 1056 5047 plane
1110 4985 1197 5031 est
1258 4976 1570 5031 constitutis
1611 4976 1722 5046 jam
1788 4975 2044 5043 operibus

475 5068 621 5121 illum
656 5079 893 5123 creatum
926 5072 1113 5126 fuisse.
1149 5070 1438 5138 PoSanam
1466 5070 1609 5123 enim
1669 5079 1934 5122 creaturze
1977 5067 2045 5120 ad

475 5174 593 5213 esse
628 5160 886 5216 traducta:
916 5173 1120 5227 essent,
1152 5161 1459 5216 novissimis
1498 5160 1833 5228 temporibus
1885 5159 2045 5212 homo

474 5250 649 5303 factus
672 5263 925 5321 estzquo
966 5255 1180 5324 quidem
1217 5266 1457 5318 tempore
1508 5253 1897 5305 convenienter
1945 5264 2043 5319 op-

475 5349 813 5411 portuneque
837 5344 968 5398 dicit
998 5385 1013 5406 ,
1052 5363 1070 5395 (
1115 5344 1371 5398 Dominus
1422 5344 1625 5397 creavit
1677 5359 1779 5396 me.
1838 5360 1855 5389 ι
1896 5342 2043 5408 Quo-

473 5430 634 5484 modo
668 5431 831 5500 igitur
874 5436 1045 5502 possit
1112 5452 1233 5489 csse
1291 5449 1475 5488 eorum
1533 5444 1784 5497 creator,
1827 5434 1873 5487 si
1922 5443 2044 5501 post

475 5520 563 5574 illa
605 5532 816 5573 creatus
846 5534 927 5576 est
959 5525 982 5575 ?
1026 5523 1079 5579 Si
1113 5536 1293 5580 autem
1334 5536 1461 5578 ante
1487 5540 1650 5593 Opera
1678 5534 1760 5579 est
1801 5522 2037 5577 Verbum

543 5701 583 5730 *τ
610 5700 627 5755 l
653 5698 807 5755 Joan.
853 5717 933 5763 nt.
972 5703 1014 5756 i.

1099 5702 1141 5731 εδ
1186 5700 1418 5761 Ριιὶίίιιῐ».
1458 5721 1539 5765 ιιι,
1570 5705 1629 5758 21
1666 5724 1678 5763 ς
1724 5702 1884 5758 llcbr.
1922 5717 1980 5762 ιι,
2014 5700 2112 5761 Η;
2156 5714 2208 5757 x.
2243 5698 2331 5753 εἶθ.

2160 517 2321 584 φύσιν
2348 518 2500 580 ὄντες
2520 518 2824 587 ποιήματα,
2855 515 3000 569 οὑτω
3028 516 3123 568 καὶ
3152 514 3315 578 αὑτὸς
3335 516 3421 568 ὅτε
3452 514 3551 584 τὴν
3579 514 3737 585 ἡμῶν

2162 610 2339 679 σάρκα
2365 610 2653 679 λαμϐάνει,
2686 610 2895 677 κτίσμα
2916 607 3166 661 καλεῖται
3196 607 3293 659 καὶ
3326 606 3561 675 ποίημα,
3598 606 3740 658 κατά

2159 702 2319 766 φύσιν
2342 700 2602 770 ὑπάρχων
2630 699 2779 761 Υἱός.
2812 698 2923 751 Καὶ
2954 697 3136 757 πάλιν.
3164 697 3353 766 ὥσπερ
3383 694 3541 765 ἡμῶν
3576 711 3737 763 ποιη-

2158 792 2257 862 τὴς
2286 790 2363 843 ὢν
2384 792 2412 843 6
2444 790 2575 853 Θεὸς
2605 789 2815 858 γίνεται
2848 790 2937 842 καὶ
2963 788 3179 858 Πατὴρ,
3210 786 3353 840 οὑτω
3371 785 3573 839 καὶτοῦ
3600 785 3737 838 Θεοῦ

2158 884 2332 950 Λόγου
2368 882 2556 952 Πατὴρ
2594 881 2736 935 κατά
2770 880 2932 951 φύσιν
2967 880 3228 950 ὑπάρχων
3258 879 3467 945 γίνεται
3497 878 3592 929 καὶ
3622 877 3738 928 κτί-

2162 994 2313 1045 στης,
2357 975 2445 1027 ὅτε
2472 975 2539 1027 δι’
2588 976 2736 1044 ἡμᾶς
2782 971 3121 1042 ἐξομοιοῦται
3157 973 3269 1033 τοῖς
3309 969 3625 1038 κτίσμασιν.
3675 966 3738 1020 Εἰ

2163 1068 2262 1136 μὲν
2291 1062 2385 1119 οὖν
2418 1068 2577 1135 ἡμεῖς
2607 1064 2752 1119 κατά
2782 1064 2944 1133 φύσιν
2984 1062 3152 1132 ἐσμὲν
3178 1062 3304 1126 υἱοὶ,
3332 1060 3487 1113 ἕσται
3526 1059 3621 1111 καὶ
3642 1060 3739 1111 αὑ-
3830 1070 3839 1075 ·

2158 1157 2248 1218 τὸς
2279 1155 2417 1209 κατά
2449 1154 2609 1227 φύσιν
2642 1152 2849 1223 κτίσμα
2875 1152 2971 1204 καὶ¹
3003 1151 3235 1220 ποίημα.
3288 1149 3350 1200 Ei
3377 1147 3433 1200 δὲ
3465 1146 3739 1217 ήμεῖςδθέ-
3790 1152 3797 1157 “

2161 1263 2244 1298 σει
2291 1246 2384 1300 καὶ
2424 1246 2607 1315 χάριτι
2655 1244 2791 1315 πρὸς
2831 1244 3053 1311 υίότητα
3089 1239 3424 1311 καλούμεθα,
3454 1240 3547 1291 καὶ
3579 1237 3740 1300 αὑτὸς

2161 1337 2307 1390 θέσει
2349 1337 2554 1407 κτίσμα
2606 1336 2693 1389 διά
2726 1335 2824 1405 τὴν
2873 1334 2995 1388 καθ’
3024 1334 3168 1403 ὑμᾶς
3202 1329 3541 1401 οἰκονομίαν,
3578 1330 3639 1382 τὸ
3675 1330 3739 1381 ἐκ

2161 1427 2372 1496 φύσεως
2409 1427 2510 1480 οὑκ
2540 1425 2825 1479 ἀπολλύων
2856 1424 3091 1494 ἀξίωμα.

2160 1713 2365 1771 ΑΛΛΟ,
2398 1709 2759 1763 διδασκαλία
2791 1706 3018 1775 σαφὴς,
3046 1706 3206 1771 ὅπως
3232 1705 3345 1774 χρὴ
3381 1706 3738 1760 νοεῗνεύσε-

2231 1779 2347 1860 ϐὡς
2376 1780 2473 1842 τὸ,
2522 1798 2540 1829 ι
2582 1780 2796 1846 Κύριος
2834 1776 3039 1830 ἐκτισέ
3076 1792 3155 1844 με
3198 1775 3398 1845 ἀρχὴν
3445 1775 3602 1828 ὁδῶν
3632 1778 3739 1830 αὺ-

2227 1867 2355 1903 του.
2400 1868 2420 1901 ι

2228 1979 2455 2046 Γέγονεν
2477 1980 2505 2030 6
2537 1977 2755 2049 πρῶτος
2784 1977 3069 2047 ἄνθρωπος
3095 1976 3288 2046 Ἀδὰμ,
3326 1977 3422 2028 καὶ
3449 1976 3568 2039 ὁδὸς
3591 1976 3741 2046 αὒτῷ

2159 2071 2428 2142 σωτηρίας
2460 2069 2667 2122 δέδοται
2707 2069 2856 2137 παρά
2897 2068 3053 2121 Θεοῦ.
3091 2066 3307 2137 Ταύτην
3341 2067 3612 2134 ἀπώλεσε,
3642 2069 3741 2137 τὴν

2158 2162 2309 2215 θείαν
2338 2160 2557 2231 ἐντολὴν
2581 2158 3006 2231 παραϐεϐηκὼς,
3057 2160 3343 2212 πέπτωκεν
3384 2162 3463 2221 εἰς
3510 2158 3739 2229 φθορὰν,

2156 2254 2360 2324 ἠνέχθη
2400 2255 2537 2325 πρὸς
2584 2252 2881 2323 ἁμαρτίαν,
2927 2252 3306 2322 καταϐέϐηκεν
3352 2253 3431 2314 είς
3487 2251 3737 2304 θάνατον.

2160 2347 2308 2399 Ἔδει
2334 2346 2493 2399 πάλιν
2515 2347 2648 2415 ἡμῖν
2671 2346 2790 2398 ὁδὸν
2818 2344 3012 2415 ἑτέραν
3039 2343 3441 2414 ἀναδειχθῆναι,
3463 2344 3528 2396 δι’
3554 2339 3620 2414 ἧς
3641 2345 3740 2412 τὴν

2157 2438 2391 2508 ἀρχαίαν
2434 2437 2772 2489 κατάστασιν
2825 2437 3041 2505 ἐκείνην
3082 2435 3349 2505 ἀναϐῆναι
3376 2436 3737 2505 δυνησόμεθα.

2169 2525 2384 2597 Ἐπειδὴ
2434 2526 2490 2577 δὲ
2528 2524 2829 2595 ἀνθρώπων
2882 2525 3056 2587 οὐδεὶς
3104 2524 3287 2586 ἱκανὸς
3339 2524 3414 2578 ὢν
3470 2527 3551 2587 εἰς
3585 2524 3741 2578 τοῦτο

2158 2621 2535 2687 κατεφαίνετο,
2567 2620 2880 2687 ἀναγκαίως
2925 2619 3089 2681 αὐτὸς
3141 2621 3169 2671 6
3219 2618 3601 2690 φιλάνθρωπος
3642 2621 3738 2672 τοῦ

2157 2712 2293 2765 Θεοῦ
2324 2714 2516 2779 Λόγος,
2558 2712 2813 2773 ἀκτιστος
2845 2710 2921 2763 ὢν
2949 2709 3047 2780 τὴν
3083 2710 3268 2779 φύσιν,
3302 2712 3590 2781 ἄνθρωπος
3624 2710 3740 2764 xci-

2157 2806 2308 2869 ζεται
2334 2805 2400 2857 δι’
2421 2806 2587 2875 ἡμᾶς,
2618 2802 2866 2871 βουλήσει
2896 2801 2991 2854 τοῦ
3017 2803 3231 2871 Πατρὸς
3259 2801 3356 2871 τὴν
3381 2802 3535 2873 ἡμῶν
3560 2804 3739 2870 σάρκα

2159 2897 2622 2968 περιϐαλόμενος·
2660 2895 2766 2956 ἵνα,
2799 2894 3051 2964 καθάπερ
3089 2896 3117 2946 6
3150 2894 3359 2958 Παῦλός
3394 2911 3578 2961 φησιν,
3615 2894 3736 2947 ὁδὸν

2155 2993 2288 3059 ἡμῖν
2326 2988 2609 3058 ἐγκαινίσῃ
2646 2986 2959 3056 πρόσφατον
2992 2986 3085 3039 καὶ
3125 2987 3423 3056 μένουσαν,
3464 2986 3555 3038 καί
3593 2986 3734 3055 πλη-

2161 3081 2310 3153 ρώσῃ
2337 3080 2403 3133 τά
2432 3079 2568 3150 ἔργα
2602 3078 2696 3130 τοῦ
2731 3078 2967 3146 Πατρδς,
3000 3076 3241 3131 ἀνανεῶν
3279 3078 3374 3147 μὲν
3412 3078 3492 3139 εἰς
3522 3076 3734 3147 ἀφθαρ-

2158 3175 2279 3226 σίαν
2307 3173 2366 3225 τὸ
2393 3171 2573 3240 σῶμα,
2612 3170 2703 3222 τὸν
2729 3169 2772 3221 δ’
2802 3167 2860 3235 ἐξ
2887 3169 3163 3240 ἁμαρτίας
3191 3170 3539 3239 κρατήσαντα
3572 3168 3735 3221 θάνσ-

2155 3281 2245 3317 τον
2276 3262 2540 3332 ἀναιρῶν,
2578 3260 2673 3313 καὶ
2712 3259 2883 3329 αὐτὴν
2920 3258 3266 3327 κατακρίνων
3294 3257 3392 3329 τὴν
3437 3258 3733 3328 ἁμαρτίαν,

2156 3356 2250 3408 καὶ
2268 3355 2336 3406 τὰ
2364 3353 2498 3407 ἄλλα
2524 3352 2699 3404 πάντα
2717 3350 2884 3403 ποιῶν
2900 3351 3001 3405 ὅσα
3024 3353 3090 3421 τῇ
3120 3350 3279 3420 φύσει
3309 3351 3533 3418 γέγονεν
3553 3350 3733 3417 ἀγαθά

2155 3447 2219 3499 δι’
2256 3444 2441 3498 αὑτοῦ.
2471 3445 2531 3497 Εἰ
2557 3443 2736 3496 τοίνυν
2769 3442 2994 3511 γέγονεν
3025 3442 3308 3513 ἄνθρωπος
3328 3482 3342 3506 ,
3371 3443 3457 3495 ἴνα
3495 3442 3587 3495 καὶ
3617 3442 3734 3504 ὁδὸς

2156 3538 2287 3607 ἡμῖν
2321 3536 2544 3604 γένηται
2583 3534 2691 3587 τῶν
2719 3534 2959 3602 ἀγαθῶν,
2987 3535 3080 3588 καὶ
3109 3535 3177 3586 τὰ
3212 3534 3347 3604 ἔργα
3388 3534 3558 3587 ταῦτα
3599 3532 3734 3602 πλη-

2158 3627 2381 3699 ρώσῃ,ἂ
2409 3626 2471 3709 δὴ
2509 3625 2660 3697 παρά
2685 3625 2900 3696 Πατρὸς
2923 3625 2988 3679 δι’
3016 3625 3181 3678 αὐτοῦ
3210 3626 3421 3693 γίνεται
3448 3664 3463 3688 ,
3509 3623 3733 3687 εἰκότως

2157 3719 2222 3771 ἂν
2249 3718 2399 3786 λέγοι
2418 3733 2430 3745 '
2467 3738 2483 3767 ι
2518 3716 2721 3787 Κύριος
2748 3714 2930 3770 ἔκτισέ
2956 3733 3024 3786 με
3052 3716 3227 3787 ἀρχὴν
3260 3715 3393 3769 ὁδῶν
3441 3714 3605 3768 αὑτοῦ
3650 3716 3731 3776 εἰς

2154 3811 2290 3882 ἔργα
2313 3809 2493 3863 αὑτοῦ.
2533 3827 2550 3858 ι
2600 3807 2758 3877 Ἑξῆς
2788 3808 2843 3860 δὲ
2875 3808 3036 3861 πάλιν
3062 3806 3160 3878 τὴν
3203 3807 3527 3877 προαιώνιον
3553 3805 3731 3875 ὕπαρ-η

2155 3903 2236 3969 ξιν
2270 3900 2463 3956 ἑαυτοῦ
2486 3900 2786 3970 σημαίνων,
2815 3899 2947 3970 φησί
2970 3920 2982 3931 ·
3006 3920 3023 3951 ι
3047 3899 3162 3971 Πρὸ
3190 3899 3284 3951 τοῦ
3317 3898 3511 3961 αἰῶνος
3535 3897 3729 3961 ὲθεμευ

2154 3994 2316 4048 λίωσέ
2356 4011 2445 4064 με.
2481 4013 2499 4044 ι
2534 3994 2593 4045 Εἰ
2629 3993 2686 4045 δὲ
2719 3994 2812 4047 καὶ
2845 3995 3098 4061 γεννᾶται
3121 3994 3214 4046 καὶ
3248 3992 3510 4056 κτίζεται,
3547 3991 3727 4059 ἀμφο-

2154 4087 2332 4157 τέροις
2369 4084 2639 4138 ἀποδώσει
2694 4084 2755 4136 τὸ
2799 4084 3027 4154 πρέπον.
3078 4084 3338 4137 Γεννᾶται
3371 4084 3467 4153 μὲν
3514 4080 3623 4151 γὰρ
3654 4079 3730 4141 ὡς

2154 4177 2326 4245 Λόγος
2353 4174 2505 4244 παρά
2528 4175 2740 4245 Πατρδς
2765 4175 2871 4244 πρὸ
2902 4174 3007 4227 τῶν
3031 4175 3266 4240 αἰώνων,
3289 4174 3541 4243 καθάπερ
3571 4171 3726 4242 φησι,

2152 4268 2400 4332 κτίζεται
2426 4266 2482 4319 δὲ
2514 4267 2590 4329 ώς
2617 4266 2921 4337 ἄνθρωπος,
2956 4267 3043 4319 ὅτε
3077 4266 3145 4318 δι’
3175 4267 3321 4335 ἡμᾶς
3346 4266 3541 4334 γέγονε
3566 4263 3723 4335 σάρξε

2153 4357 2327 4419 οὕτως
2358 4357 2521 4427 φησὶν
2551 4358 2578 4409 6
2610 4356 3022 4424 εὐαγγελιστής.

2838 4556 3042 4608 ΛΛΛΟ.

2226 4684 2360 4753 Φησί
2389 4701 2488 4735 που
2522 4683 2650 4753 περὶ
2678 4682 2770 4735 τοῦ
2797 4681 2932 4735 Θεοῦ
2963 4682 3137 4749 Λόγου
3162 4682 3354 4734 Δαϐίδ·
3401 4700 3421 4732 ι
3468 4681 3526 4733 '0
3552 4680 3727 4749 ὑπάρ-

2152 4795 2261 4848 χων
2290 4777 2394 4845 πρὸ
2414 4775 2522 4827 τῶν
2552 4774 2785 4827 αἰώνων.
2819 4792 2837 4823 ι
2868 4775 2930 4826 El
2953 4774 3132 4826 τοίνυν
3159 4776 3187 4827 ὀ
3212 4774 3311 4844 μὲν
3340 4773 3466 4835 Υἱὸς
3491 4772 3598 4843 πρὸ
3621 4772 3728 4825 τῶν

2152 4869 2362 4924 αἰώνων
2385 4868 2641 4937 ὑπάρχει,
2674 4865 2952 4929 κτίξεσθαι
2991 4866 3048 4919 δέ
3087 4883 3252 4936 φησιν
3296 4866 3490 4918 ἑαυτὸν
3528 4867 3607 4927 είς
3657 4864 3729 4916 τὰ

2156 4963 2290 5032 ἔργα
2316 4960 2408 5012 τοῦ
2440 4960 2671 5028 Πατρὸς,
2698 4959 2911 5029 ἀνάγκη
2944 4961 3093 5013 πᾶσα
3120 4958 3469 5012 συνεστώτων
3499 4958 3596 5026 ἤδη
3620 4957 3730 5009 τῶν

2154 5055 2327 5125 ἔργων
2350 5053 2625 5118 κτίζεσθαι
2654 5056 2793 5106 νοεῖν
2814 5053 2995 5106 αὑτόν.
3018 5053 3171 5106 Μετά
3198 5052 3308 5123 γάρ
3333 5051 3431 5123 τὴν
3446 5051 3554 5103 τῶν
3573 5067 3731 5119 ποιη-

2158 5147 2341 5216 μάτων
2374 5148 2453 5208 είς
2484 5146 2546 5198 τὸ
2582 5140 2721 5198 εἶναι
2747 5144 3002 5215 πάροδον,
3028 5147 3085 5198 ἐν
3112 5145 3444 5205 τελευταίοις
3478 5142 3574 5195 τοῦ
3597 5140 3729 5195 αίῶο

2150 5255 2238 5301 νος
2271 5241 2482 5304 καιροῖς
2514 5237 2735 5305 γέγονεν
2763 5236 3066 5306 ἅνθρωπος,
3102 5236 3189 5288 ὅτε
3233 5234 3297 5304 δὴ
3323 5233 3645 5303 πρεπόντως
3668 5247 3727 5282 τε

2151 5332 2243 5383 καὶ
2272 5330 2390 5382 λίαν
2423 5329 2693 5399 εὐκαίρως
2716 5329 2798 5392 τὸ,
2829 5348 2847 5379 ι
2888 5328 3069 5380 ἔκτισε
3111 5344 3198 5398 με,
3240 5346 3258 5377 ι
3300 5326 3454 5395 φησί.
3486 5324 3610 5387 Πῶς
3634 5319 3728 5375 οὖν

2150 5422 2308 5485 αὐτὸς
2342 5422 2408 5474 ἂν
2443 5421 2663 5489 ὑπάρχῃ
2698 5420 2902 5471 τούτων
2930 5422 2958 5472 6
2999 5418 3231 5487 ποιητὴς
3255 5457 3269 5480 ,
3301 5417 3349 5469 εί
3380 5418 3497 5486 μετ’
3542 5417 3727 5468 ἐκεῖνά

2148 5515 2421 5577 negem;
2454 5513 2515 5564 Εί
2543 5512 2599 5564 δὲ
2623 5512 2728 5581 πρὸ
2748 5511 2855 5563 τῶν
2887 5510 3062 5583 ἔργων
3096 5510 3245 5564 ἐστίν
3275 5512 3304 5563 6
3330 5509 3534 5561 τούτων
3569 5523 3725 5576 ποιηιη

2412 5698 2452 5727 δί’
2485 5695 2637 5749 Joan.
2675 5709 2714 5758 ι,
2754 5694 2832 5747 Η.
2912 5694 2955 5723 7°
2986 5692 3127 5747 l‘sal.
3159 5703 3351 5749 uxm.
3390 5687 3469 5742 19..
