4036 6208
322 277 433 335 2Βῦ

1702 279 2142 340 THESAURUS.

3482 308 3589 362 282

319 405 427 472 τὴς
460 400 553 452 τοῦ
582 398 717 453 Θεοῦ
749 400 942 469 Λόγος,
993 400 1238 465 κτίζεται
1275 401 1332 454 δὲ
1382 404 1464 465 εἰς
1514 403 1675 467 αὐτὰ,
1720 404 1781 457 οὐ
1809 405 1887 474 τῆι

2018 407 2109 462 Dei
2144 410 2285 478 quod
2315 410 2405 463 illa
2448 413 2653 466 creavit
2687 456 2702 481 ,
2762 427 2981 469 creatur
3006 432 3134 472 vero
3180 419 3229 473 in
3269 420 3355 473 illa
3396 437 3409 473 :
3444 437 3589 477 certe

316 493 512 555 οὐσίας
542 491 708 545 αὐτοῦ
731 492 1026 561 δηλωτικὸν
1057 494 1123 546 ἂν
1144 495 1230 563 εἴη
1259 494 1322 547 τὸ
1351 514 1368 546 ‹
1400 495 1582 548 ἔκτισε
1603 512 1615 524 ·
1650 516 1667 547 ι
1706 496 1907 566 σημαί-

316 602 405 639 νει
433 585 477 637 δ’
503 586 572 637 ἂν
587 585 809 647 εἰκότως
835 586 934 654 τὴν
959 585 1371 655 ἐνανθρώπησιν
1388 588 1475 639 ὅτε
1498 587 1633 656 πρὸς
1666 588 1901 657 ἐπανόρ-

2011 499 2230 554 verbum
2260 502 2362 558 hoc
2413 522 2431 555 ι
2468 506 2691 569 creavit,
2730 528 2747 560 ι
2774 512 3067 564 essentiam
3097 513 3215 580 ejus
3245 529 3583 583 nequaquam

2010 593 2297 661 signiﬁcat,
2365 598 2457 650 sed
2512 600 2695 666 potius
2745 601 3178 658 incarnationem
3232 608 3450 673 quando
3501 610 3588 658 ni-

317 676 488 729 θωσιν
520 676 631 728 τῶν
679 676 854 744 ἔργων
883 676 976 729 τοῦ
1016 678 1226 747 Πατρὸς
1247 679 1438 745 γέγονε
1472 678 1631 749 σάρξ.
1675 678 1787 731 Kal
1816 679 1887 731 διά

2010 687 2204 740 mirum
2235 689 2302 742 ad
2351 691 2753 757 reparationem
2785 708 3006 760 operum
3060 696 3236 750 Patris
3291 700 3465 752 factus
3504 709 3589 752 est

312 768 479 824 τοῦτό
518 784 686 839 φησι·
724 787 743 819 ι
781 768 986 839 Κύριος
1035 769 1217 823 ἕκτισέ
1252 787 1317 840 με
1359 771 1533 843 ἀρχὴν
1564 771 1701 825 ὁδῶν
1736 771 1902 825 αὑτοῦ

310 863 399 924 εἰς
426 862 565 931 ἔργα
593 860 782 914 αὐτοῦ.

742 972 948 1034 ΑΛΛΟ,
977 972 1059 1037 ὡς
1095 972 1168 1025 ἐν
1201 973 1474 1042 ἐπιτομῇ.

396 1086 677 1140 Ἐκτίσθαι
702 1088 866 1155 φησὶν
891 1087 1083 1140 ἑαυτὸν
1112 1090 1192 1151 είς
1218 1087 1390 1159 ἀρχὴν
1408 1088 1560 1141 ὁδῶν.
1594 1090 1704 1143 Kal
1730 1089 1899 1144 ποίων

308 1172 445 1248 ἆρα,
484 1176 704 1247 μαθήσῃ
736 1176 823 1230 διὰ
850 1176 959 1229 τῶν
990 1177 1206 1248 ἐφεξῆς.
1243 1178 1467 1247 Πρῶτον
1512 1179 1610 1249 μὲν
1643 1180 1743 1242 τὰς
1768 1181 1899 1251 ἀρε-ν

304 1270 410 1333 τὰς
447 1269 936 1339 ἐξαριθμούμενος,
966 1269 1032 1333 ἃς
1066 1270 1281 1341 πρῶτος
1310 1273 1541 1342 ποιήσας
1572 1272 1775 1338 ἐδίδαξε
1806 1274 1899 1327 καὶ

305 1363 485 1432 ἡμᾶς’
508 1360 759 1414 «Γίνεσθε
787 1362 915 1430 γὰρ,
954 1362 1140 1432 φησὶν,
1170 1363 1566 1433 οἰκτίρμονεςυι
1589 1366 1702 1428 καὶ,
1732 1385 1749 1416 ι
1773 1365 1898 1418 Ἐάν

302 1456 390 1517 τίς
434 1471 496 1505 σε
528 1453 733 1523 ραπίσῃ
760 1454 840 1516 εἰς
880 1453 977 1524 τὴν
1007 1454 1187 1518 δεξιὰν
1219 1456 1462 1523 σιαγόνα,
1493 1455 1721 1525 στρέψον
1748 1456 1898 1526 αὐτῷ

304 1546 402 1599 καὶ
426 1544 530 1615 τὴν
557 1544 743 1615 ἄλλην.
779 1546 910 1599 Ἀπὸ
927 1545 1020 1598 τοῦ
1047 1546 1295 1617 αἴροντος
1322 1548 1389 1601 τὰ
1409 1548 1497 1615 σὰ,
1522 1549 1597 1618 μὴ
1618 1548 1855 1602 ἀπαίτει.
1872 1568 1889 1601 ι

300 1664 373 1674 -
404 1651 423 1683 ι
477 1634 535 1686 '0
565 1634 727 1705 νόμος
758 1636 953 1706 φησιν·
995 1637 1068 1689 Οὐ
1119 1638 1448 1708 μοιχεύσεις.
1497 1638 1637 1707 Ἐγὼ
1671 1641 1726 1694 δὲ
1754 1641 1896 1709 λέγω

298 1727 439 1796 ὑμῖν
466 1744 478 1756 ’
513 1728 629 1780 Οὐκ
662 1728 1026 1797 ἐπιθυμήσεις
1050 1770 1065 1795 ,
1106 1749 1124 1781 ι
1160 1731 1257 1782 καὶ
1287 1732 1388 1783 ὅσα
1418 1731 1552 1802 πρὸς
1586 1731 1795 1796 τούτοις
1838 1735 1896 1786 ὲν

298 1821 419 1881 τοῖς
446 1818 823 1887 εὐαγγελικοῖς
858 1821 1031 1875 κεῖται
1066 1820 1404 1892 κηρύγμασι.
1440 1823 1626 1877 Ταῦτα
1662 1824 1771 1895 γὰρ
1796 1827 1894 1897 ἧρ-

299 1910 442 1976 ειιτο
473 1910 571 1979 μὲν
604 1912 661 1962 ὲν
718 1907 921 1979 πρώτῳ
954 1911 1201 1981 Χριστῷ,
1260 1913 1446 1983 τρέχει
1481 1914 1537 1966 δὲ
1578 1915 1777 1986 ἑφεξῆς
1817 1918 1895 1979 είς

299 2002 478 2070 ἡμᾶς.
522 2000 621 2054 Διὰ
650 2000 809 2055 τοῦτό
857 2019 1050 2072 φησιν’
1082 2022 1101 2054 ι
1145 2004 1287 2072 Ἐγώ
1318 2007 1433 2074 εἰμι
1464 2007 1496 2076 ἡ
1533 2004 1671 2075 θύρα
1697 2047 1710 2071 ,
1755 2008 1896 2075 Ἐγώ

297 2094 422 2163 εἰμι
458 2094 491 2162 ἡ
524 2092 662 2156 ὁδός.
706 2112 723 2143 ι
772 2093 939 2165 Ἀρχὴ
980 2095 1270 2166 τοιγαροῦν
1313 2096 1423 2149 τῶν
1469 2097 1727 2151 τοιούτων
1762 2100 1894 2168 ἡμῖν

298 2185 490 2255 ἔργων
519 2184 833 2256 γενόμενος,
862 2188 949 2238 ὅτε
976 2187 1062 2241 διὰ
1093 2188 1253 2241 τοῦτο
1274 2188 1371 2260 τὴν
1398 2189 1554 2260 ἡμῶν
1586 2191 1764 2260 σάρκα
1793 2206 1893 2242 πε-

298 2276 611 2347 ριεόἁλετο,
649 2279 744 2330 καὶ
779 2279 999 2347 γέγονεν
1022 2279 1327 2352 ἄνθρωπος,
1364 2282 1589 2344 εἰκότως
1619 2281 1684 2335 ἂν
1708 2282 1891 2350 λέγοι·

207 2362 213 2367 ’
302 2386 321 2419 ι
346 2368 563 2441 Κύριος
585 2369 764 2425 ἔκτισέ
790 2388 858 2440 με
880 2372 1055 2443 ἀρχὴν
1078 2370 1211 2426 ὁδῶν
1226 2370 1392 2425 αὐτοῦ
1416 2374 1495 2438 εἰς
1513 2372 1649 2445 ἔργα
1667 2374 1885 2427 αὑτοῦ.»

292 2458 404 2511 τὸν
438 2460 602 2513 αὐτὸν
634 2460 690 2513 δὲ
714 2461 906 2515 τοῦτον
936 2464 1270 2534 ἐφαρμόσεις
1298 2465 1453 2533 λόγον
1485 2468 1579 2518 καὶ
1608 2468 1673 2537 τῇ
1709 2468 1773 2519 ὲκ
1806 2484 1892 2519 νε-

293 2550 454 2619 κρῶν
492 2552 810 2617 ἀναστάσει,
849 2557 942 2609 καὶ
977 2558 1043 2627 τῇ
1084 2558 1160 2620 είς
1194 2557 1508 2628 ἀφθαρσίαν
1551 2558 1653 2628 τῆς
1688 2560 1891 2629 σαρκὸς

296 2642 605 2713 μεταϐολῇ,
635 2645 728 2697 καὶ
756 2648 820 2717 τῇ
854 2647 1023 2718 ἀνόδῳ
1044 2653 1108 2719 τῇ
1136 2651 1216 2713 είς
1238 2650 1519 2718 οὐρανούς.
1550 2652 1660 2703 Kal
1683 2651 1889 2705 τούτων

292 2735 413 2807 γὰρ
443 2738 573 2807 ἡμῖν
601 2737 825 2806 γέγονεν
853 2738 1017 2809 ἀρχὴ,
1055 2742 1147 2792 καὶ
1178 2741 1262 2794 διὰ
1288 2741 1459 2796 ταῦτα
1480 2742 1745 2808 κτίζεται.

989 3028 1195 3083 ΑΛΛΟ.

384 3134 652 3189 ’.ἀπέθανε
681 3136 746 3189 δι’
776 3139 922 3207 ἡμᾶς
955 3140 1052 3191 καὶ
1083 3140 1221 3212 ὑπὲρ
1254 3143 1285 3211 ή
1297 3142 1412 3212 μῶν
1440 3146 1467 3196 6
1497 3145 1887 3214 Χριστός.Ὤσ-

292 3244 411 3299 περ
440 3224 534 3282 οὖν
559 3228 881 3301 τεθνηκότος
909 3232 1001 3284 τοῦ
1033 3232 1286 3302 σώματος
1305 3236 1467 3300 αὐτὸς
1486 3237 1642 3292 τοῦτο
1667 3240 1884 3307 λέγεται

293 3321 525 3383 παθεῖν,
563 3322 737 3375 καίτοι
770 3322 867 3394 τὴν
899 3324 1060 3393 φύσιν
1107 3325 1374 3391 ἀθάνατος
1402 3328 1498 3392 ὢν,
1535 3330 1676 3384 οὓτω
1709 3334 1886 3398 κτιςοο

296 3415 471 3482 μένου
503 3412 596 3466 τοῦ
640 3413 911 3481 σώματος,
947 3416 1111 3479 αὐτὸς
1155 3418 1347 3470 ἑαυτὸν
1386 3419 1665 3482 κτίζεσθαι
1713 3423 1882 3491 λέγει,

293 3504 481 3559 καίτοι
513 3502 610 3575 τὴν
637 3506 828 3558 οὐσίαν
850 3507 1104 3571 ἄκτιστος
1122 3507 1218 3562 ὧν.
1249 3508 1423 3561 Αὑτοῦ
1452 3510 1560 3582 γὰρ
1594 3511 1761 3581 οὔσης
1791 3516 1885 3567 καὶ

293 3597 400 3665 οὐχ
432 3598 622 3667 ἐτέρου
654 3598 797 3661 τινὸς
823 3599 924 3669 τῆς
951 3601 1171 3670 σαρκὸς,
1209 3601 1545 3655 ίδιοποιείται
1575 3603 1642 3657 τὰ
1675 3607 1753 3668 εἰς
1787 3608 1884 3659 αύ-

293 3687 399 3757 τῂν
434 3687 823 3757 συμϐαίνοντα.

976 3804 1178 3857 ΑΛΛΟ.

372 3913 579 3982 ’ἳργον
622 3913 730 3967 τῶν
774 3915 868 3968 ἐπὶ
906 3916 1006 3985 τῆς
1038 3918 1141 3987 γῆς
1171 3918 1230 3971 τὸ
1260 3918 1546 3973 κάλλιστον
1575 3921 1881 3993 ἄνθρωπος,

294 4001 352 4064 ὃς
391 4002 455 4071 δὴ
488 4002 692 4064 τέλειος
720 4004 979 4070 γεγονὼς,
1004 4007 1200 4077 ἀτελὴς
1229 4009 1428 4078 εὑρέθη
1459 4009 1548 4063 διὰ
1579 4011 1677 4081 τὴν
1702 4015 1882 4085 παρά-

292 4096 483 4159 ϐασιν,
503 4096 686 4147 πεσὼν
710 4098 809 4165 μὲν
827 4096 885 4160 ἐξ
906 4098 1204 4163 ἀθανασίας
1227 4103 1306 4163 εἰς
1325 4101 1574 4169 θάνατον,
1592 4104 1650 4168 ἐξ
1672 4106 1879 4179 ἀφθαρ-

294 4188 422 4247 σίας
459 4187 516 4239 δὲ
569 4189 648 4250 είς
701 4186 928 4258 φθοράν.
994 4188 1149 4243 Ἐπεὶ
1192 4192 1369 4246 τοίνυν
1411 4195 1470 4247 ἓν
1516 4215 1569 4249 τι
1612 4197 1722 4251 τῶν
1759 4201 1882 4253 ἀτο-

294 4279 572 4333 πωτάτων
618 4280 898 4347 ἐφαίνετο,
961 4281 1056 4335 καὶ
1106 4276 1175 4352 ἦν
1233 4284 1401 4349 ὅντως
1448 4286 1673 4358 αἰσχρὸν
1720 4289 1880 4362 μέχρι

2006 791 2155 832 caro.
2183 780 2358 847 Atque
2390 782 2509 834 ideo
2532 783 2700 836 dicit:
2737 806 2755 833 ι
2797 784 3054 839 Dominus
3081 790 3287 842 ereavit
3316 805 3400 843 me
3432 790 3584 858 prin-

2005 872 2204 936 cipium
2237 872 2443 921 viarum
2486 885 2705 924 suarum
2734 872 2785 925 in
2814 888 2977 942 Opera
3013 876 3203 942 ipsius.
3248 898 3264 927 ›

2431 981 2469 1032 A
2482 979 2590 1034 ιιι]
2603 981 2661 1045 D,
2715 986 3156 1048 compendiosius.

2077 1092 2331 1145 Creatum
2367 1108 2424 1146 se
2482 1094 2613 1148 dicit
2665 1095 2714 1147 in
2755 1096 3076 1162 principium
3132 1098 3363 1151 viarum.
3424 1100 3575 1164 Qua-

2004 1180 2131 1234 ltmu
2170 1192 2347 1235 autem
2380 1183 2611 1248 viarum,
2665 1185 2844 1239 disces
2902 1200 2967 1238 ex
3029 1186 3273 1254 reliquis.
3342 1187 3578 1241 Priunun

2002 1271 2215 1339 quidem
2241 1271 2464 1324 virtutes
2517 1286 2805 1326 recensens
2844 1288 2978 1340 quas
3020 1273 3133 1339 ipse
3166 1277 3372 1342 primus
3417 1288 3575 1326 exer.

2002 1362 2133 1422 cuit,
2196 1377 2295 1415 nos
2339 1363 2505 1415 etiam
2567 1363 2791 1416 docuit:
2838 1383 2855 1414 ι
2920 1364 3108 1417 Estote
3162 1364 3326 1427 enim,
3378 1364 3576 1434 ittqnit,

2002 1452 2381 1507 misericordes
2413 1453 2489 1517 ⁷¹;
2513 1471 2529 1502 ι
2558 1462 2632 1517 et,
2659 1472 2675 1503 ‹
2698 1451 2755 1507 Si
2784 1453 2905 1521 quis
2935 1455 3263 1521 percusserit
3289 1464 3338 1507 te
3364 1455 3415 1507 iu
3444 1456 3576 1508 dex-

2003 1552 2173 1597 teram
2208 1542 2505 1607 maxillam,
2541 1545 2723 1611 prazbe
2767 1542 2839 1596 illi
2877 1555 2930 1597 et
2984 1542 3232 1596 alteram.
3290 1545 3460 1596 Abeo
3486 1543 3574 1610 qui

1999 1634 2283 1689 abstulerit
2317 1650 2436 1703 quae
2467 1642 2556 1686 tua
2592 1644 2738 1696 sunt,
2775 1649 2840 1686 ne
2884 1635 3223 1703 reposces”.
3262 1654 3281 1685 ι
3314 1665 3378 1674 ——
3410 1653 3426 1684 ι
3466 1634 3576 1687 Lex

1926 1762 1967 1817 Β
1993 1727 2144 1794 jubet
2177 1745 2191 1780 :
2232 1727 2349 1781 Non
2395 1726 2799 1817 muachaberis.
2824 1726 2935 1793 Ego
2980 1737 3161 1817 autem
3201 1727 3323 1779 dico
3376 1725 3573 1817 vobis:

2001 1818 2116 1871 Non
2167 1818 2520 1885 concupisces
2549 1816 2632 1880 ⁷³,
2675 1835 2694 1865 ι
2736 1815 2948 1883 aliaque
2984 1831 3103 1885 quat
3145 1815 3196 1868 in
3243 1814 3572 1884 evangelicis

1999 1910 2281 1977 praeconiis
2306 1910 2596 1962 habentur.
2630 1906 2752 1961 [huc
2787 1908 2929 1960 enim
2960 1917 3133 1976 empta
3162 1917 3289 1960 sunt
3326 1908 3377 1961 in
3402 1908 3575 1976 primo

1995 2002 2231 2065 Christo,
2268 2002 2520 2068 deinceps
2561 1999 2718 2069 167
2754 2009 2930 2053 autem
2966 2001 3017 2052 in
3052 2014 3150 2051 nos
3180 2007 3573 2069 propagantur.

1995 2091 2199 2146 Idcirco
2252 2093 2428 2161 inquit
2475 2107 2487 2142 :
2544 2111 2560 2141 ι
2622 2093 2733 2159 Ego
2772 2074 2894 2143 sum
2965 2091 3129 2160 janua
3188 2091 3255 2153 ⁷⁸,
3298 2092 3405 2157 Ego
3455 2106 3574 2144 sum

1996 2186 2081 2236 via
2112 2185 2177 2235 ⁷⁸.
2220 2203 2237 2233 ι
2276 2183 2591 2249 llujusmodi
2630 2183 2813 2247 itaque
2845 2197 3068 2249 operum
3108 2183 3436 2249 principium
3471 2199 3572 2234 no-

1996 2276 2078 2329 bis
2117 2275 2289 2329 factus
2323 2316 2337 2338 ,
2386 2276 2602 2344 quando
2655 2276 2911 2327 nimirum
2953 2283 3174 2343 propter
3215 2276 3313 2327 hoc
3359 2290 3573 2329 carnem

1998 2378 2238 2421 nostram
2291 2369 2617 2436 assumpsit,
2670 2368 2954 2436 factusque
3009 2377 3092 2421 est
3138 2367 3319 2431 homo,
3381 2370 3576 2420 merito

1993 2459 2191 2513 dixerit
2227 2475 2240 2510 :
2285 2480 2301 2509 ι
2341 2459 2603 2513 Dominus
2640 2459 2848 2513 creavit
2885 2475 2968 2511 nte
3020 2459 3342 2526 principium
3363 2458 3572 2509 viarum

1993 2568 2210 2607 suarum
2244 2555 2292 2605 in
2328 2554 2705 2621 eperztipsius.
2756 2571 2772 2601 ι
2818 2552 3019 2604 Eadem
3068 2565 3229 2617 porro
3286 2547 3425 2601 ratio
3486 2559 3572 2600 est

1992 2645 2154 2698 etiam
2185 2644 2609 2697 resurrectionis
2664 2659 2695 2696 e
2741 2643 2989 2706 mortuis,
3043 2643 3471 2710 tuulalionisque
3518 2641 3571 2695 in

1992 2736 2171 2789 carnis
2202 2735 2662 2803 incorruptionem
2684 2744 2737 2787 et
2759 2735 3099 2787 ascensionis
3129 2735 3180 2786 in
3208 2735 3397 2786 caelos.
3431 2732 3567 2784 Nam

1991 2836 2043 2881 et
2078 2828 2267 2879 hormn
2306 2827 2628 2897 principium
2679 2825 2834 2880 nobis
2871 2825 3050 2879 factus
3083 2836 3188 2890 est,
3247 2836 3296 2880 et
3350 2835 3571 2895 propter

1993 2919 2105 2973 haac
2139 2928 2377 2972 creatus.

2664 3030 2894 3085 ALIUD.

2060 3145 2312 3201 Christus
2353 3156 2574 3216 propter
2624 3162 2723 3201 nos
2770 3156 2827 3201 et
2868 3161 2965 3215 pro
2997 3146 3153 3201 nobis
3193 3156 3437 3200 mortuus
3460 3156 3565 3202 est.

1989 3237 2449 3303 Quemadmodum
2509 3239 2699 3308 igitur,
2746 3249 2957 3292 mortuo
3009 3254 3260 3306 corpore,
3305 3238 3422 3304 ipse
3467 3238 3570 3294 hoc

1991 3344 2182 3399 passus
2202 3343 2324 3385 esse
2360 3330 2581 3395 dicitur,
2616 3332 2826 3385 tametsi
2855 3331 3179 3383 immortalis
3206 3340 3415 3383 natura}
3443 3329 3519 3383 sit
3550 3345 3563 3380 :

1990 3422 2064 3476 ita
2093 3430 2274 3477 creato
2308 3436 2560 3490 corpore,
2600 3422 2718 3491 ipse
2749 3424 2995 3491 seipsum
3024 3423 3197 3476 creari
3243 3421 3394 3484 dicit,
3438 3435 3561 3474 cum

1991 3524 2169 3566 tamen
2202 3513 2456 3567 increata:
2491 3516 2743 3568 essentite
2773 3515 2863 3569 sit.
2898 3514 3031 3569 Cum
3086 3515 3229 3568 enim
3278 3513 3444 3579 ipsius
3473 3514 3564 3577 sit,

1987 3615 2041 3658 et
2069 3620 2172 3657 non
2202 3604 2426 3658 alterius
2459 3618 2605 3669 caro,
2629 3620 2749 3672 quae
2776 3605 2847 3659 illi
2874 3606 3127 3658 accidunt
3154 3607 3369 3673 propria
3407 3601 3554 3655 illius

1989 3696 2143 3749 liunt.

2662 3806 2892 3859 ALIUD.

2071 3917 2503 3972 Pulcherrimum
2535 3932 2598 3972 ac
2618 3917 3128 3985 przestantissimum
3160 3931 3297 3984 opus
3324 3916 3567 3969 omnium

1985 4024 2103 4078 qua:
2135 4011 2186 4062 iu
2224 4018 2366 4063 terra
2401 4010 2533 4061 ﬁunt
2561 4018 2644 4062 est
2671 4008 2833 4060 homo
2870 4022 2882 4058 :
2911 4007 3002 4074 qui
3041 4020 3163 4057 cum
3197 4014 3341 4057 esset
3385 4004 3563 4059 factus

1985 4102 2281 4171 perfectus,
2315 4116 2412 4170 per
2449 4099 2951 4169 praevaricationem
2985 4099 3231 4152 inventus
3256 4105 3330 4149 est
3364 4096 3564 4164 imper-

1988 4197 2178 4258 l'ertus,
2236 4209 2298 4247 ex
2364 4192 2774 4247 immortalitate
2832 4193 2884 4244 in
2935 4202 3165 4245 mortem
3208 4189 3432 4259 lapsus,
3499 4203 3566 4243 ex

1986 4285 2390 4355 incorruptione
2422 4286 2473 4339 in
2501 4286 2929 4353 corruptionem.
2978 4283 3112 4337 Cum
3145 4282 3330 4350 itaque
3376 4279 3564 4332 defor-

292 4369 505 4431 παντὸς
548 4368 734 4432 ἀτελὲς
764 4367 1037 4439 διαμεῖναι
1082 4370 1143 4423 τὸ
1186 4369 1346 4441 ἔργον
1377 4373 1472 4427 τοῦ
1517 4374 1673 4441 Θεοῦ,
1707 4378 1880 4446 ἀναγ-

1991 4379 2284 4434 missimum
2313 4380 2440 4447 quid
2479 4388 2662 4439 esset,
2719 4384 2982 4445 turpeque
3041 4391 3229 4430 revera
3282 4375 3562 4428 videretur

290 4459 475 4523 καίως
500 4461 527 4513 6
557 4457 651 4512 τοῦ
683 4459 820 4513 Θεοῦ
844 4460 1039 4530 Λόγος,
1068 4463 1097 4515 ὁ
1128 4462 1333 4527 τέλειος
1354 4465 1445 4518 τὸν
1480 4466 1646 4537 ἀτελῆ
1671 4468 1882 4539 ἄνθρω-

289 4566 404 4602 πον
442 4548 823 4620 περιεϐάλετον
868 4549 964 4603 καὶ
998 4550 1089 4604 διὰ
1124 4551 1283 4605 τοῦτό
1318 4571 1482 4625 φησιν
1528 4558 1606 4620 εἰς
1636 4558 1703 4610 τὰ
1744 4558 1882 4631 ἔργα

291 4639 599 4703 κτίζεσθαι,
634 4640 720 4692 ἵνα
743 4639 1007 4713 τελειώσῃ
1046 4642 1204 4707 αὐτὰ,
1246 4644 1333 4699 ἵνα
1362 4646 1523 4700 πάλιν
1554 4650 1738 4713 αὐτοῖς
1777 4652 1875 4723 τὴν

289 4732 614 4800 τελειότητα
661 4730 956 4805 περιθήσῃ,
1006 4734 1066 4787 τὸ
1094 4735 1277 4790 λεῖπον
1315 4737 1393 4809 τῷ
1436 4739 1707 4812 ἀνθρώπῳ
1743 4743 1881 4814 πλη-

295 4820 485 4892 ρώσας
515 4821 582 4873 δι’
614 4822 831 4875 ἑαυτοῦ.
866 4823 979 4876 Kal
999 4824 1129 4892 γοῦν
1154 4827 1211 4878 ὲν
1237 4830 1349 4890 τοῖς
1371 4826 1723 4898 Εὑαγγελίοις
1746 4837 1879 4904 φησι

291 4911 438 4980 πρὸς
465 4912 555 4964 τὸν
586 4913 781 4965 ἑαυτοῦ
816 4914 1033 4986 Πατέρα
1054 4932 1069 4947 ο
1096 4937 1113 4968 ι
1137 4918 1280 4986 Ἐγώ
1311 4937 1369 4972 σε
1407 4921 1633 4987 ἐδόξασα
1665 4925 1755 4977 ἐπὶ
1782 4927 1879 4997 τῆς

290 5006 420 5073 γῆς,
453 5006 703 5077 τὺ,ἕργον
734 5008 1030 5075 τελειώσας
1053 5011 1081 5063 ὃ
1107 5012 1346 5077 δέδωκάς
1369 5033 1459 5085 μοι
1493 5016 1578 5068 ἵνα
1610 5021 1841 5088 ποιήσω.
1859 5039 1875 5070 ι

290 5097 408 5149 Kal
451 5098 644 5151 πάλιν·
697 5119 715 5150 ι
752 5100 833 5155 Τὰ
863 5100 1001 5173 ἔργα
1047 5103 1083 5157 ἃ
1114 5104 1314 5159 δέδωκέ
1362 5125 1449 5178 μοι
1481 5112 1508 5161 6
1541 5111 1761 5182 Πατὴρ,
1794 5112 1883 5165 ἵνα.

290 5186 571 5240 τελειώσω
608 5189 767 5255 αὐτὰ,
796 5192 937 5245 αὐτὰ
957 5194 1025 5245 τὰ
1054 5193 1193 5265 ἔργα
1230 5202 1498 5269 μαρτυρεί
1531 5202 1654 5273 περὶ
1686 5202 1875 5272 ἐμοῦ.»

293 5276 362 5328 Εἰ
398 5279 579 5331 τοίνυν
603 5281 693 5334 ὅτε
719 5282 946 5351 γέγονεν
990 5284 1299 5356 ἄνθρωπος,
1348 5289 1469 5342 τότε
1518 5291 1587 5344 τὰ
1627 5292 1763 5363 ἔργα
1791 5312 1881 5347 τε·

291 5367 449 5431 λειοῖ,
476 5371 569 5422 καὶ
593 5372 672 5435 εἰς
710 5374 849 5427 αὐτὰ
876 5374 1143 5440 κτίζεται,
1178 5378 1442 5450 πρόδηλον
1472 5381 1739 5451 δήπουθεν
1770 5385 1881 5437 ὅτι-

294 5475 406 5531 περ
427 5462 488 5514 οὐ
518 5463 623 5533 τῆς
665 5466 855 5531 οὐσίας
882 5468 978 5522 τοῦ
1006 5470 1179 5539 Λόγον
1227 5475 1558 5542 σημαντικὸν
1583 5473 1649 5527 ἂν
1678 5476 1763 5546 εἴη
1797 5476 1876 5544 τὸ,

368 5639 574 5714 “_l_.u_c.
602 5658 678 5705 τι,
709 5643 799 5699 56.
876 5648 921 5679 τ’
958 5648 1086 5705 ibid.
1120 5646 1209 5714 29,
1252 5649 1339 5706 30-

298 5710 355 5762 4.
428 5712 470 5742 ⁷⁷
498 5711 657 5767 Joan.
692 5729 744 5781 ν,
770 5716 857 5770 56.

1422 5652 1465 5682 ⁷³
1500 5651 1690 5707 Matth.
1724 5669 1773 5715 ν,
1801 5653 1890 5721 28,
1925 5654 2011 5709 (ΞΘ.

1988 4488 2122 4543 epus
2158 4473 2251 4525 Dei
2286 4472 2660 4541 imperfectum
2701 4484 3007 4535 remanere,
3074 4470 3389 4523 necessario
3432 4466 3569 4520 Ver-

1990 4568 2113 4620 bum
2143 4564 2235 4619 Dci
2269 4564 2568 4634 perfectura
2603 4562 2978 4631 imperfectum
3030 4560 3302 4614 hominem
3355 4558 3564 4620 induit;

1989 4668 2151 4730 atque
2182 4658 2383 4711 idcirco
2425 4655 2559 4709 dicit
2601 4669 2658 4709 se
2700 4655 2753 4707 in
2802 4668 2969 4723 opera
3010 4661 3255 4705 creatum
3296 4665 3443 4710 esse,
3505 4657 3564 4700 ut

1985 4750 2239 4804 nimirum
2287 4748 2375 4801 illa
2408 4747 2715 4817 perﬁceret,
2761 4756 2928 4815 utque
2965 4759 3155 4800 rursus
3207 4742 3413 4797 homini
3453 4741 3566 4808 pri-

1979 4843 2177 4897 stinam
2210 4840 2596 4910 perfectionem
2625 4838 2959 4900 restitueret,
2990 4837 3041 4889 id
3082 4835 3223 4903 quod
3258 4833 3309 4887 iu
3346 4832 3566 4884 homine

1988 4937 2196 5000 deerat,
2228 4948 2323 5001 per
2358 4948 2415 4985 se
2446 4930 2675 5000 impleas
2712 4939 2876 4998 atque
2908 4940 3286 4997 compensans.
3336 4923 3566 4989 Ideoque

1992 5025 2044 5077 iu
2094 5024 2399 5092 Evangeliis
2426 5023 2491 5075 ad
2518 5022 2733 5075 Patrem
2769 5036 2924 5074 suum
2956 5022 3029 5072 ita
3065 5018 3197 5071 dicit
3245 5034 3257 5070 :
3296 5035 3313 5066 ι
3351 5015 3461 5082 Ego
3514 5025 3567 5066 te

1991 5115 2282 5184 gloriﬁcavi
2331 5115 2385 5167 in
2432 5124 2575 5166 terra
2608 5153 2621 5171 ,
2680 5111 2921 5179 perfecto
2979 5122 3142 5178 opere
3177 5107 3320 5175 quod
3370 5104 3565 5158 dedisti

1982 5207 2113 5260 mibi
2140 5217 2198 5259 ιιι
2234 5206 2430 5258 faciam
2463 5206 2532 5257 ⁷⁸.
2572 5223 2587 5254 ι
2625 5203 2689 5255 Et
2719 5218 2911 5255 rursus
2942 5217 2955 5253 :
2995 5218 3012 5251 ι
3055 5200 3228 5269 Opera
3259 5212 3380 5264 quan
3414 5194 3567 5247 dedit

1979 5297 2113 5350 mihi
2143 5297 2327 5359 Pater,
2380 5305 2436 5348 ut
2462 5295 2738 5364 perﬁciam
2768 5332 2781 5356 ,
2829 5292 2917 5345 illa
2970 5289 3340 5345 testimonium
3378 5286 3567 5355 perhi-

1978 5386 2109 5439 bent
2146 5388 2211 5438 de
2243 5401 2328 5439 mc
2346 5385 2414 5437 ⁷⁷.
2449 5405 2468 5436 ι
2512 5386 2567 5438 Si
2593 5399 2722 5453 ergo
2749 5398 2871 5437 cum
2907 5380 3084 5435 factus
3109 5388 3191 5434 est
3229 5379 3410 5443 homo,
3439 5388 3568 5430 tunc

1978 5493 2140 5548 opera
2182 5478 2413 5547 perficit,
2448 5488 2502 5533 et
2529 5479 2582 5531 iu
2621 5478 2735 5545 ipsa
2773 5487 3036 5544 creatur;
3089 5473 3438 5529 manifestum
3481 5481 3568 5524 est

3153 5652 3199 5683 76
3229 5647 3384 5702 Joatt.
3428 5656 3561 5703 xm,

2088 5656 2131 5685 ⁷⁵
2161 5654 2313 5709 Joan.
2348 5671 2399 5717 ι,
2433 5655 2483 5709 9.
2568 5655 2613 5685 ⁷⁵
2643 5655 2791 5709 Joan.
2831 5669 2942 5719 XIV,
2987 5654 3038 5705 6.
