4106 6204
440 296 549 354 285
1472 297 1531 354 S.
1572 296 1846 355 CYlllLLl
1885 297 2357 357 ALEXANDRINI
2391 298 2710 360 ARCHIEP.
3596 302 3705 361 281

443 414 670 465 verbum
704 407 856 490 illud,
887 427 906 462 ι
929 410 1157 477 creavit,
1184 429 1202 464 ι
1230 425 1336 466 ηοιι
1370 410 1681 482 signiticare
1719 413 2008 468 essentiam

2137 436 2140 442 ν
2170 414 2351 469 ἔκτισε
2375 432 2388 446 ·
2430 434 2448 468 ι
2481 415 2643 487 δηλοῖ
2667 412 2727 468 δὲ
2756 414 2964 486 μᾶλλον
2997 413 3090 468 τὸν
3122 414 3223 485 τῆς
3246 414 3542 486 ἐπιδημίας
3570 432 3711 469 καιοι

448 501 646 566 Verbi,
682 502 776 557 sed
821 503 1000 572 potius
1032 514 1243 574 tempus
1277 502 1669 558 incarnationis
1703 519 1848 570 suze,
1882 521 2021 575 qna-

447 602 603 646 tenus
629 606 755 646 caro
784 590 980 657 factus,
1016 603 1236 648 creatus
1260 591 1479 646 dicitur.
1522 589 1677 646 Tunc
1708 592 1854 645 enim
1889 608 2019 661 per-

445 684 602 739 fectis
629 685 887 755 operibus
919 684 1129 747 Patris,
1186 684 1533 751 humanaque
1576 692 1772 738 natura
1812 685 1866 739 in
1910 686 2023 754 pri-

445 777 649 832 stinum
689 786 891 832 statum
952 778 1225 840 restituta,
1264 774 1512 843 adiunxit
1569 776 1673 831 sibi
1724 776 2023 833 Ecclesiam

446 867 625 922 cumis
655 868 878 923 macula:
914 878 969 922 et
1004 881 1150 936 rugae
1178 875 1483 935 expertem,
1503 876 1751 923 sanetam
1781 878 1837 923 et
1871 885 2029 923 mun-

447 956 569 1010 dam
604 958 686 1023 ⁷⁸,
738 968 792 1012 et
826 956 954 1011 facti
998 971 1186 1010 sumus
1218 956 1270 1011 in
1314 957 1433 1026 ipso
1474 973 1615 1013 nova
1648 968 1902 1014 creatura
1933 960 1980 991 ⁷⁵
2008 1001 2024 1026 ,

452 1062 557 1100 non
594 1045 821 1115 amplius
860 1044 1268 1112 imperfectione
1312 1043 1423 1111 illa,
1452 1061 1614 1115 quam
1655 1062 1750 1117 per
1772 1048 2030 1118 praevari-

453 1139 721 1195 cationem
759 1146 1207 1198 contraxeramus
1267 1138 1543 1206 laborans,
1589 1155 1767 1208 neque
1806 1149 2031 1211 peccato

453 1243 704 1295 mortua,
750 1229 842 1283 sed
870 1229 1262 1298 perfectionem
1297 1240 1588 1285 consecuta
1629 1244 1726 1300 per
1770 1230 2031 1285 obedien-

455 1321 583 1381 tiam
636 1319 840 1375 Christi
905 1320 1136 1391 ejusque
1192 1321 1654 1377 resurrectionem
1702 1338 1732 1376 a
1773 1322 2027 1378 mortuis.

453 1411 565 1467 Has
604 1412 769 1482 igitur
791 1413 859 1467 ob
910 1426 1103 1468 causas
1150 1415 1312 1485 168
1368 1414 1531 1469 homo
1579 1413 1798 1481 Iactus,
1840 1415 2032 1471 merito

453 1504 654 1558 dixerit
695 1523 709 1558 :
760 1522 779 1556 ι
820 1504 1077 1559 Dominus
1103 1507 1315 1561 creavit
1341 1519 1427 1561 me
1462 1506 1790 1578 principium
1817 1508 2029 1563 viarum

454 1611 672 1656 suarum
698 1596 749 1650 in
774 1611 936 1665 opera
969 1596 1157 1663 ipsius.
1198 1612 1220 1647 ι

2125 505 2241 577 ρὸν,
2269 506 2407 560 καθὸ
2437 507 2574 578 σὰρξ
2601 505 2865 575 γεγονὼς,
2895 505 3145 560 ἐκτίσθαι
3174 505 3412 574 λέγεται.
3434 505 3570 559 Τότε
3595 506 3707 578 γὰρ

2126 599 2222 651 καὶ
2274 598 2548 670 ὁλόκληρα
2604 598 2842 668 ποιήσας
2895 596 2963 650 τά
3013 595 3151 667 ἔργα
3191 595 3285 649 τοῦ
3330 595 3564 667 Πατρός,
3612 597 3708 651 καὶ

2125 688 2590 757 ἀποκαταστήσας
2617 689 2698 751 είς
2723 687 2785 741 τὸ
2815 688 3041 757 ἀρχαῖον
3072 686 3171 757 τὴν
3203 685 3494 756 ἀνθρώπου
3519 685 3704 756 φύσιν,

2127 777 2474 848 παρέστησεν
2518 776 2697 849 ἑαυτῷ
2722 776 2822 847 τὴν
2860 775 3189 847 Ἐκκλησίαν
3227 775 3303 847 μὴ
3332 775 3559 846 ἔχουσαν
3586 779 3707 829 σπῖ-

2127 870 2217 921 λον
2259 868 2291 939 ἢ
2341 868 2550 939 ῥυτίδα,
2600 870 2634 939 ἣ
2682 887 2733 922 τι
2775 868 2885 922 τῶν
2922 869 3216 933 τοιούτων,
3267 867 3384 922 ἀλλ’
3417 867 3578 934 ἁγίαν
3612 868 3708 921 καὶ

2128 958 2358 1028 ἄμωμον
2373 974 2387 988 ο
2407 959 2499 1011 καὶ
2523 959 2830 1030 γεγόναμεν
2852 960 2909 1012 ὲν
2934 959 3084 1029 αὐτῷ
3111 958 3273 1030 καινὴ
3302 959 3499 1023 κτίσις,
3524 958 3702 1012 οὐκέτι

2129 1048 2369 1118 φοροῦσα
2398 1049 2457 1102 τὸ
2484 1049 2676 1113 ἀτελὲς
2696 1050 2786 1104 διὰ
2812 1049 2912 1121 τὴν
2943 1050 3254 1122 παράϐασιν
3281 1050 3377 1102 καὶ
3401 1048 3503 1121 τὴν
3522 1051 3586 1102 ὲκ
3606 1049 3707 1118 τῆς

2129 1142 2403 1213 ἁμαρτίας
2432 1143 2724 1213 νέκρωσιν,
2759 1141 2897 1199 ἀλλά
2935 1141 3126 1195 λοιπὸν
3160 1138 3511 1195 ἀπολαϐοῦσα
3534 1138 3597 1192 τὸ
3626 1138 3710 1195 τὲρ

2129 1233 2271 1289 λειον
2296 1234 2384 1289 διὰ
2416 1234 2517 1306 τὴν
2572 1234 2818 1305 ὑπακοὴν
2860 1234 2955 1287 τοῦ
2998 1233 3237 1307 Χριστοῦ
3267 1234 3363 1286 καὶ
3391 1233 3489 1303 τὴν
3519 1234 3583 1285 ὲκ
3620 1249 3707 1289 νε-

2131 1326 2279 1397 κρῶν
2324 1326 2642 1380 ἀνάστασιν.
2679 1326 2889 1379 Οὐκοῦν
2919 1325 3203 1397 ἄνθρωπος
3234 1325 3323 1381 διὰ
3350 1325 3523 1379 ταῦτα
3557 1325 3710 1393 γενό-

2135 1434 2316 1487 μενος,
2352 1418 2580 1482 είκότως
2614 1416 2681 1471 ἂν
2709 1416 2856 1486 λέγοι
2887 1418 2968 1484 τὸ,
3008 1437 3026 1469 ι
3065 1416 3272 1489 Κύριος
3304 1416 3486 1474 ἔκτισέ
3518 1432 3586 1488 με
3608 1415 3711 1488 ἀρε

2131 1509 2232 1582 χὴν
2254 1509 2386 1564 ὁδῶν
2416 1509 2583 1563 αὑτοῦ
2616 1511 2696 1575 εἰς
2725 1510 2863 1582 ἔργα
2885 1509 3071 1565 αὐτοῦ.
3109 1527 3129 1561 ι
3360 1530 3363 1531 ν

453 1726 683 1821 Αιμιι),
732 1730 801 1821 in.
838 1728 1003 1811 illud,
1121 1727 1386 1821 Dominus.
1419 1730 1614 1821 creauit
1673 1747 1793 1821 me)...
1816 1749 1858 1813 ι,
1892 1732 2030 1821 quod

2137 1730 2337 1795 AAAU,
2368 1731 2455 1817 είς
2472 1729 2581 1821 Ᾰὸ,
2619 1727 3259 1821 ι’Κύριος-Ἱξᾶτισέθιιὶε,
3298 1747 3328 1809 i_
3351 1728 3443 1821 ὕει
3468 1730 3561 1821 ρὺΙ
3583 1731 3709 1821 κτί-

526 1796 704 1868 Filius
753 1797 849 1851 Dei
879 1815 981 1852 non
1006 1798 1076 1851 sit
1108 1815 1259 1865 opus,
1309 1798 1386 1852 vel
1422 1809 1691 1855 creatura.
1722 1798 1793 1853 Et
1840 1803 1895 1854 in
1946 1804 2025 1868 id,

529 1885 548 1917 ι
590 1867 723 1920 Ante
759 1868 957 1921 uacula
984 1868 1228 1936 fundavit
1269 1885 1369 1923 me.
1409 1887 1429 1920 ι

530 1978 587 2033 Si
627 1976 863 2033 Verbum
900 1978 993 2033 Dei
1024 1988 1110 2034 est
1138 1989 1427 2045 creatura,
1474 1990 1533 2035 ut
1564 1994 1661 2035 vos
1694 1982 2029 2050 opinamini,

456 2068 635 2125 omnis
690 2068 988 2139 impietatis
1043 2068 1378 2136 inventores,
1423 2072 1696 2139 quomodo
1736 2069 1847 2126 Deo
1900 2086 2033 2125 con-

457 2159 711 2228 glutinati
738 2167 793 2215 et
836 2158 911 2213 dii
944 2156 1120 2213 ellecti
1143 2175 1350 2227 sumus,
1388 2159 1522 2214 uniti
1555 2159 1658 2231 ipsi
1685 2161 1708 2214 ?
1732 2159 1851 2228 Quo
1877 2171 2033 2231 pacto

458 2266 589 2305 vero
623 2250 871 2306 Christus
898 2250 1163 2305 mediator
1191 2251 1283 2305 Dei
1308 2260 1363 2306 et
1397 2252 1681 2306 hominum
1712 2252 1803 2306 ⁸⁸2
1832 2251 2034 2309 Unitur

457 2342 603 2395 enim
637 2341 814 2405 nobis,
845 2352 1116 2411 quatenus
1152 2340 1329 2398 factus
1375 2351 1461 2398 est
1510 2330 1692 2398 homo.
1750 2344 1807 2398 Si
1853 2353 2032 2399 autem

458 2441 708 2486 creatura
738 2440 842 2496 est,
887 2440 938 2485 et
990 2447 1096 2486 nou
1135 2430 1298 2498 Deus,
1330 2434 1600 2501 quomodo
1651 2432 1841 2488 unitur
1888 2433 2035 2488 Deo?

458 2522 567 2575 Aut
614 2521 736 2589 quis
782 2520 973 2575 modus
1020 2535 1086 2576 ac
1134 2522 1274 2575 ratio
1327 2522 1499 2591 ipsum
1534 2522 1608 2577 illi
1658 2525 1864 2578 uuiet?
1905 2524 2036 2590 Qua:

459 2610 602 2664 enim
650 2609 935 2665 dissimilia
995 2620 1124 2666 sunt
1171 2612 1471 2667 secundum
1524 2613 1818 2668 essentiam
1853 2653 1869 2679 ,
1920 2628 2028 2668 non

462 2697 646 2766 utique
672 2698 991 2754 naturaliter
1024 2700 1257 2765 invicem
1299 2703 1577 2757 uniautur.
1608 2705 1715 2757 Aut
1741 2704 2033 2773 quomodo,

462 2788 507 2848 si
553 2798 805 2843 creatura
859 2799 963 2857 est,
1022 2806 1120 2862 per
1166 2792 1341 2863 ipsum
1394 2794 1587 2850 salvati
1634 2810 1860 2860 smnus,
1912 2812 2035 2850 cum

463 2880 742 2948 Scriptura
782 2882 927 2936 dicat
958 2900 973 2936 :
1008 2901 1028 2934 ι
1076 2883 1195 2940 Non
1229 2884 1459 2956 legatus,
1504 2903 1609 2942 non
1633 2887 1883 2958 angelus,
1941 2888 2035 2943 sed

464 2972 577 3033 ipse
610 2974 863 3030 Dominus
883 2977 1111 3034 salvavit
1133 2994 1226 3035 eos
1250 2980 1334 3034 εει
1361 2998 1380 3033 ι
1408 2979 1689 3047 Quomodo
1709 2990 1887 3036 autem
1926 2996 2039 3037 cre-

2201 1815 2346 1869 σμα,
2390 1800 2533 1854 οὐδὲ
2567 1801 2792 1869 ποίημα
2823 1802 2856 1854 ὀ
2893 1799 3027 1864 Υἱὸς
3052 1800 3157 1854 τοῦ
3182 1798 3352 1854 Θεοῦ.
3376 1798 3486 1854 Kal.
3510 1801 3599 1865 εὶς
3618 1800 3711 1860 τὸ.

2208 1887 2225 1920 ι
2250 1870 2368 1937 Πρὸ
2399 1869 2506 1923 τοῦ
2527 1868 2742 1937 αἰῶνος
2770 1868 3129 1939 ἐθεμελίωσέ
3155 1886 3254 1939 με.
3284 1888 3303 1920 ι

2198 1978 2263 2033 Εἰ
2294 1980 2499 2050 κτίσμα
2525 1980 2663 2045 ἐστὶ,
2711 1978 2831 2035 καθ’
2875 1979 3040 2055 ὑμᾶς,
3068 1980 3098 2033 6
3130 1980 3225 2033 τοῦ
3266 1980 3403 2041 Θεοῦ
3430 1980 3629 2049 Λόγος,
3666 1974 3715 2036 ὦ

2133 2072 2314 2142 πάσης
2349 2071 2603 2136 ἀσεϐείας
2648 2073 2901 2143 εὑρεταὶ,
2942 2073 3060 2137 πῶς
3093 2071 3214 2143 Θεῷ
3262 2071 3585 2146 κολλώμεθα
3620 2073 3717 2127 καὶ

2134 2161 2528 2233 θεοποιούμεθα
2571 2162 2936 2232 συναφθέντες
2984 2160 3168 2233 αύτῷ;
3218 2162 3344 2226 Πῶς
3385 2162 3444 2215 δὲ
3488 2161 3716 2232 μεσίτης

2135 2254 2253 2308 ἐστὶ
2294 2253 2430 2307 Θεοῦ
2484 2254 2580 2307 καὶ
2609 2253 2911 2326 ἀνθρώπων
2938 2256 2968 2308 ό
2997 2253 3268 2326 Χριστός;
3312 2254 3578 2307 "Ament
3615 2253 3717 2325 μὲν

2132 2345 2242 2417 γάρ
2278 2345 2459 2415 ἡμῶν,
2515 2344 2654 2399 καθὸ
2695 2345 2920 2414 γέγονεν
2955 2344 3263 2416 ἄνθρωπος.
3316 2346 3380 2398 Ei
3419 2345 3477 2398 δὲ
3510 2344 3718 2415 κτίσμα
3806 2371 3811 2377 -

2134 2436 2252 2490 ἐστὶ
2298 2436 2394 2490 καὶ
2430 2436 2492 2489 ού
2519 2435 2675 2502 Θεὸς,
2722 2435 2841 2500 πῶς
2872 2436 3069 2506 ἅψεται
3119 2434 3288 2503 Θεοῦ;
3340 2437 3499 2499 Ποῖος
3553 2436 3716 2491 αὐτὸν

2134 2528 2327 2598 ἐκείνῳ
2352 2527 2577 2598 συνάψει
2608 2528 2809 2599 τρόπος
2828 2546 2843 2596 ;
2871 2526 2954 2581 Τὰ
2970 2528 3077 2599 γὰρ
3093 2528 3321 2599 ἀνόμοια
3338 2527 3479 2583 κατά
3496 2528 3596 2600 τὴν
3623 2529 3719 2582 οὕ-

2137 2621 2258 2673 σίαν
2300 2620 2402 2673 οὐκ
2438 2618 2504 2673 ἂν
2534 2618 2784 2690 ἀλλήλοις
2814 2619 3060 2689 φυσικῶς
3084 2619 3383 2690 συναφθείη
3417 2619 3571 2675 ποτέ.
3592 2619 3719 2683 Πῶς

2134 2712 2213 2777 δὲ,
2245 2711 2293 2764 εί
2332 2710 2538 2781 κτίσμα
2570 2710 2688 2764 ἐστὶ
2708 2750 2724 2776 ,
2754 2710 2824 2764 δι’
2847 2710 3013 2765 αὐτοῦ
3046 2709 3389 2782 σεσώσμεθα,
3434 2711 3534 2781 τῆς
3566 2710 3718 2774 θείας

2136 2801 2401 2873 λεγούσης
2429 2802 2652 2873 Γραφῆς
2671 2819 2685 2833 υ
2724 2819 2744 2852 ι
2768 2799 2850 2855 Οὐ
2876 2800 3122 2872 πρέσϐυς
3144 2841 3161 2867 ,
3186 2802 3287 2855 οὐκ
3313 2801 3571 2869 ἄγγελος,
3601 2799 3717 2855 ἀλλ’

2136 2895 2299 2958 αὐτὸς
2340 2895 2369 2947 6
2410 2893 2615 2964 Κύριος
2647 2892 2849 2946 ἔσωσεν
2889 2892 3120 2958 αὑτούςς
3157 2911 3175 2945 ι
3216 2892 3342 2956 Πῶς
3367 2893 3423 2945 δὲ
3457 2894 3536 2955 είς
3557 2891 3718 2946 αὐτὸν

2139 2983 2486 3047 πιστεύοντες
2505 2981 2884 3052 δικαιούμεθα,
2910 2983 3067 3054 εἴπερ
3092 2982 3298 3053 κτίσμα
3330 2983 3447 3035 ὲστί
3468 3001 3482 3049 ;
3514 2981 3638 3046 Πῶς
3660 2981 3720 3036 δὲ

463 3064 650 3119 dentes
668 3066 717 3119 in
742 3080 863 3120 eum
881 3068 1265 3136 justilicarnur,
1283 3071 1330 3126 si
1345 3082 1428 3127 est
1448 3072 1733 3126 creatura?
1759 3073 2035 3139 Quomodo

2142 3075 2224 3139 τὸ,
2257 3093 2276 3127 ι
2297 3075 2374 3145 Γῆ
2405 3069 2476 3140 εἴ,
2498 3074 2593 3127 καὶ
2617 3075 2697 3137 εἰς
2714 3072 2819 3143 γῆν
2840 3072 3136 3146 ἀπελεύσῃ,
3163 3091 3182 3125 ι
3217 3072 3401 3126 λύεται
3427 3072 3493 3125 δι’
3520 3070 3716 3136 αύτοῦ;

464 3168 595 3208 vero
625 3155 777 3220 illud,
827 3176 847 3209 ι
886 3158 1051 3213 Terra
1077 3175 1157 3227 es,
1183 3169 1237 3216 et
1266 3161 1320 3216 in
1359 3172 1559 3218 terram
1592 3164 1884 3220 reverteris
1903 3165 1972 3229 ⁸³,
2017 3182 2036 3217 ι

465 3261 560 3312 per
584 3248 755 3314 ipsum
777 3249 1238 3319 solvitur?Neque
1266 3253 1410 3306 enim
1437 3262 1522 3309 est
1552 3267 1690 3323 opus
1714 3254 1857 3323 quod
1889 3267 2044 3309 crea-

467 3344 601 3389 turae
630 3339 918 3393 conveniat
948 3343 1273 3397 sententiam
1300 3357 1329 3396 a
1360 3343 1468 3398 Deo
1494 3344 1675 3399 datam
1705 3346 2041 3401 subvertere.

466 3421 749 3487 Quomodo
798 3427 959 3482 etiam
1013 3429 1057 3484 si
1087 3439 1337 3500 creatura
1370 3442 1484 3499 est,
1539 3443 1819 3502 peccatum
1865 3434 2046 3491 delere

472 3520 675 3581 potest,
709 3532 831 3571 cum
876 3522 1139 3591 propheta
1174 3525 1240 3577 de
1263 3525 1380 3594 ipso
1417 3524 1606 3581 dicat:
1653 3544 1674 3579 ι
1724 3526 1856 3594 Quis
1902 3527 2045 3584 Deus

471 3604 613 3657 sicut
657 3615 736 3672 tu,
784 3608 980 3665 tollens
1038 3612 1353 3682 iniquitates
1383 3624 1438 3671 et
1467 3617 1784 3686 praeteriens
1831 3617 2045 3687 injusti-

481 3693 585 3747 tias
612 3693 659 3723 ⁸³
688 3695 851 3762 ?Quo
883 3709 1041 3767 pacto
1062 3715 1213 3767 vero,
1250 3702 1296 3757 si
1328 3713 1578 3759 creatura
1618 3715 1723 3773 est,
1760 3709 1938 3777 potuit
1964 3708 2045 3764 di-

467 3799 628 3838 cere:
664 3785 806 3843 rNisi
828 3789 997 3846 Filius
1022 3808 1115 3847 vos
1150 3792 1396 3850 liberarit
1424 3794 1507 3849 “1'
1538 3815 1556 3848 ι
1584 3796 1833 3854 liberavit
1862 3809 2043 3855 autem

470 3888 526 3937 ιιι
581 3877 758 3941 Patris
792 3881 984 3951 haeres,
1036 3899 1143 3942 non
1195 3895 1377 3951 autem
1423 3899 1717 3958 creatura,
1771 3898 1830 3947 ut
1868 3891 2045 3954 insani

468 3969 708 4027 haeretici
736 3972 1051 4043 opinantur,

1215 4084 1355 4141 IUD.

1215 4084 1232 4137 l
1335 4124 1355 4141 .

549 4170 609 4224 Si
657 4171 723 4225 ad
777 4084 1465 4233 imitationemALmltjtﬁralis
1507 4176 1651 4246 Filii,
1704 4179 1871 4235 etiam
1914 4181 2046 4239 ado-

467 4261 607 4329 ptitii
668 4271 929 4315 vocantur
995 4263 1125 4331 lilii,
1186 4265 1552 4321 necessarium
1619 4268 1777 4337 plane
1838 4280 1921 4327 est
1985 4281 2047 4327 ut

469 4349 731 4405 naturalis
764 4350 935 4419 Filius
969 4353 1109 4410 alius
1136 4355 1208 4410 sit
1232 4357 1300 4412 ab
1335 4356 1400 4411 iis
1425 4399 1441 4423 ,
1498 4367 1555 4412 et
1590 4361 1828 4418 essentia
1860 4363 2044 4420 diver-

2144 3166 2218 3221 Ού
2250 3166 2360 3237 γὰρ
2392 3161 2461 3236 ἦν
2491 3164 2652 3235 ἔργον
2685 3163 2945 3235 κτίσματι
2973 3164 3204 3236 πρέπον,
3250 3163 3581 3234 ἀνατρέπειν
3618 3163 3719 3233 τὴν

2144 3258 2296 3331 παρὰ
2341 3256 2477 3312 Θεοῦ
2522 3256 2769 3309 δοθεῖσαν
2808 3256 3105 3326 ἀπόφασιν.
3158 3256 3284 3319 Πῶς
3330 3255 3387 3308 δὲ
3432 3254 3615 3320 πάλιν,
3669 3255 3720 3307 εί

2143 3350 2350 3420 κτίσμα
2394 3346 2565 3411 ἐστὶν,
2615 3348 2831 3419 ἀναιρεῖ
2877 3347 2976 3419 τὴν
3012 3347 3307 3419 ἁμαρτίαν,
3337 3347 3590 3416 λέγοντος
3623 3345 3720 3399 τοῦ

2144 3440 2424 3512 προφήτου
2450 3439 2579 3511 περί¹
2596 3439 2794 3493 αὐτοῦ’
2827 3460 2845 3492 ι
2865 3441 2961 3504 Τίς
2989 3439 3122 3502 Θεὸς
3151 3439 3338 3510 ὥσπερ
3370 3440 3458 3503 σὺ,
3490 3438 3720 3510 ἐξαίρων

2142 3530 2369 3603 ἀνομίας
2395 3531 2488 3584 κα)⁸
2514 3530 2855 3602 ὑπερϐαίνων
2877 3531 3121 3596 άδικίας;
3151 3549 3168 3582 ι
3209 3531 3331 3594 Πῶς
3356 3530 3431 3594 δὲ,
3448 3532 3496 3583 εί
3514 3530 3722 3600 κτίσμα

2142 3622 2312 3688 ἐστὶν,
2337 3622 2572 3691 ἠδύνατο
2606 3622 2836 3690 λέγειν’(
2861 3622 2987 3676 Ἐὰν
3012 3622 3086 3693 μὴ
3119 3624 3149 3675 6
3178 3620 3304 3684 Υἱὸς
3334 3622 3478 3692 ὑμᾶς
3506 3620 3722 3674 ἐλευθε-

2147 3713 2296 3788 ρώσῃ
2316 3732 2330 3778 ;
2353 3735 2371 3766 ι
2408 3716 2501 3770 καὶ
2518 3715 2648 3783 γοῦν
2668 3714 3043 3786 ἠλευθέρωσεν
3068 3716 3144 3780 ὡς
3172 3714 3266 3767 τοῦ
3291 3715 3498 3786 Πατρὸς
3522 3713 3722 3785 κληρο-

2144 3803 2335 3874 νόμος,
2366 3804 2459 3859 καὶ
2488 3804 2549 3856 ού
2581 3803 2793 3874 ποίημα
2826 3804 3111 3876 ὑπάρχων,
3150 3802 3294 3859 κατὰ
3324 3802 3422 3874 τὴν
3460 3801 3569 3856 τῶν
3599 3801 3720 3855 θεο-

2145 3895 2336 3966 μάχων
2363 3895 2580 3966 μανίαν.

2215 4163 2280 4217 Εἰ
2318 4163 2462 4218 κατά
2489 4164 2722 4237 μίμησιν
2754 4080 3024 4223 cogita};
3051 4167 3214 4239 φύσιν
3233 4167 3364 4226 Υίοῦ
3394 4168 3489 4225 καὶ
3509 4169 3559 4222 οἱ
3578 4168 3719 4233 κατά

2146 4254 2294 4309 θέσιν
2328 4256 2436 4310 υἱοὶ
2464 4257 2774 4327 καλοῦνται,
2805 4260 3020 4331 ἀνάγκη
3070 4263 3220 4315 πᾶσα
3255 4262 3349 4317 τὸν
3379 4261 3521 4316 κατά
3556 4261 3721 4329 φύσιν

2144 4346 2330 4419 ἓτερον
2374 4344 2511 4403 εἶναι
2544 4350 2675 4419 παρ’
2720 4351 2919 4415 αὐτοὺς
2966 4352 3061 4405 καὶ
3106 4351 3249 4406 κατά
3276 4352 3375 4423 τὴν
3419 4346 3606 4407 οὐσίαν
3636 4352 3724 4420 ἐξ-

469 4453 582 4493 sus.
612 4437 668 4492 Si
703 4454 832 4510 ergo
862 4441 952 4496 lilii
977 4443 1229 4515 adoptitii
1263 4453 1390 4501 sunt
1414 4455 1705 4517 creaturas,
1771 4454 2035 4512 naturalis

2145 4437 2503 4508 ηλλαγμένον.
2540 4438 2601 4493 Ei
2631 4440 2809 4494 τοίνυν
2840 4443 2887 4495 οἱ
2928 4443 3072 4497 κατὰ
3109 4442 3259 4498 θέσιν
3286 4444 3391 4497 υἱοὶ
3419 4444 3720 4515 κτίσματα,

469 4541 623 4585 certe
677 4542 930 4588 creatura
968 4546 1065 4591 aut
1110 4551 1247 4606 opus
1293 4553 1401 4593 non
1449 4539 1555 4595 erit

466 4623 611 4679 idem
645 4625 751 4679 erit
777 4640 899 4680 cum
934 4626 1233 4697 adoptitiis.

1134 4716 1369 4773 ALIUD.

537 4809 594 4863 Si
625 4809 783 4879 juxta
810 4824 930 4875 vos,
954 4823 987 4864 ο
1014 4810 1223 4876 Ariani,
1257 4809 1431 4867 Filius
1475 4811 1571 4868 Dei
1619 4822 1705 4870 est
1740 4826 1988 4874 creatura
2019 4860 2039 4887 ,

468 4900 522 4954 in
572 4915 679 4969 qua
732 4900 899 4970 igitur
939 4901 1206 4970 sapientia
1255 4901 1432 4959 lactus
1479 4905 1610 4959 est?
1643 4915 1737 4961 aut
1790 4924 2039 4978 quaenam

468 5002 659 5042 manus
688 4987 861 5057 ipsum
894 4998 1024 5058 post
1056 4989 1161 5043 alia
1184 4990 1427 5045 creavit“!
1458 4991 1733 5061 Scriptum
1752 4995 2035 5050 esteuim:

472 5095 491 5126 ι
526 5075 721 5131 Omnia
787 5079 840 5133 in
882 5079 1149 5148 sapientia
1203 5080 1379 5136 fecisti
1411 5082 1497 5138 ⁸⁵.
1542 5100 1562 5136 ι
1628 5082 1695 5138 Ει
1737 5083 1882 5140 Deus
1919 5086 2038 5155 ipse

1605 4557 1622 4597 :
1675 4555 1800 4598 nam
1843 4544 2041 4618 alioqui

467 5165 665 5221 alicubi
697 5168 775 5222 ait
814 5184 828 5222 :
870 5187 889 5220 ι
936 5169 1129 5226 Manus
1184 5186 1302 5228 mea
1354 5171 1479 5228 fecit
1525 5175 1706 5229 omnia
1751 5175 1865 5232 bmc
1906 5176 1974 5234 “.
2015 5195 2034 5230 ι

465 5256 650 5324 Atqui,
672 5256 717 5311 si
745 5258 928 5313 omnia
957 5259 1010 5313 in
1034 5261 1299 5328 sapientia
1325 5271 1379 5315 et
1408 5277 1569 5317 manu
1598 5263 1689 5319 Dei
1720 5264 1862 5320 facta
1884 5275 2038 5334 sunt,

467 5352 522 5397 ct
556 5360 709 5400 sacra
746 5347 1029 5419 Scriptura
1060 5352 1127 5406 de
1157 5351 1248 5406 Dei
1282 5350 1459 5407 Verbo
1513 5356 1711 5421 passim
1756 5358 2038 5425 praedicat,

469 5434 611 5501 quod
646 5452 665 5486 ι
715 5435 906 5492 Omnia
944 5453 1038 5509 per
1081 5441 1256 5511 ipsum
1313 5443 1453 5498 facta
1490 5454 1660 5510 sunt,
1696 5455 1748 5501 et
1777 5447 1895 5502 sine
1923 5447 2041 5518 ipso

540 5608 586 5686 ’ξ
615 5608 809 5679 Ερῑιθε-
841 5612 1011 5686 VL”.
1060 5616 1203 5686 7","
1226 5616 1347 5670 Cor.
1379 5633 1431 5685 ν,
1470 5620 1555 5673 l7.
1633 5621 1720 5674 “l
1754 5622 1894 5678 Tim.
1928 5641 1986 5686 ιι,
2013 5624 2066 5678 5.

473 5679 518 5711 “
554 5677 709 5737 Joau.
734 5696 851 5753 vut,
886 5684 971 5740 36.
1051 5685 1095 5717 ⁸⁸
1129 5684 1269 5742 Psal.
1304 5677 1429 5757 cm,
1453 5690 1541 5745 24.
1619 5694 1665 5724 ⁸⁸
1697 5692 1797 5748 lsa.
1839 5677 1985 5762 Lsu;
2018 5677 2071 5749 2.

2147 4529 2177 4581 6
2202 4529 2343 4583 κατά
2376 4528 2539 4599 φύσιν
2571 4531 2671 4585 οὐκ
2698 4531 2851 4585 ἔσται
2880 4534 3085 4604 κτίσμα
3116 4535 3149 4607 ἢ
3189 4536 3425 4607 ποίημα,
3461 4535 3548 4590 ἵνα
3584 4536 3660 4607 μὴ
3691 4536 3724 4589 ό

2147 4622 2309 4687 αὐτὸς
2340 4623 2559 4699 ὑπάρχῃ
2585 4627 2700 4687 τοῖς
2728 4626 2870 4681 κατὰ
2903 4625 3076 4682 θέσιν.

2811 4718 3015 4773 ΑΛΛΟ.

2218 4806 2301 4871 El,
2332 4806 2453 4860 καθ’
2485 4807 2650 4879 ὑμᾶς,
2698 4802 2744 4862 ὦ
2780 4809 3070 4879 Ἀρειανοὶ,
3122 4811 3327 4884 κτίσμα
3358 4812 3511 4868 ἐστὶν
3537 4814 3567 4869 ό
3592 4813 3721 4878 Υίὺς

2144 4896 2240 4951 τοῦ
2270 4897 2407 4951 Θεοῦ
2427 4936 2444 4963 ,
2478 4901 2537 4953 ὲν
2569 4900 2701 4973 ποίᾳ
2726 4899 2949 4971 γέγονεν
2980 4901 3091 4973 ἄρα
3126 4905 3328 4975 σοφίας
3362 4906 3494 4960 ποία
3515 4905 3571 4959 δὲ
3600 4905 3723 4976 χεὶρ

2146 4991 2181 5060 ἡ
2216 4990 2311 5044 καὶ
2342 4988 2506 5044 αὐτὸν
2554 4991 2695 5062 μετά
2740 4993 2849 5045 τῶν
2881 4992 3057 5048 ἀλλων
3102 4995 3591 5068 δημιουργήσασας
3629 4997 3724 5051 Γέ-

2145 5098 2390 5151 γραπται
2415 5082 2546 5155 γὰρ,
2583 5083 2664 5136 ὃτι
2702 5102 2719 5136 ι
2740 5083 2925 5138 Πάντα
2954 5087 3013 5139 ὲν
3040 5086 3204 5157 σοφίᾳ.
3236 5087 3520 5158 ἐποίησας.
3556 5105 3574 5138 ι
3611 5086 3723 5140 Καὶ

2149 5174 2312 5238 αὐτὸς
2335 5173 2394 5228 δέ
2426 5175 2528 5229 πού
2558 5193 2724 5247 φησιν
2764 5179 2793 5232 ό
2821 5176 2954 5241 Θεός
2974 5194 2988 5210 ο
3032 5196 3052 5231 ι
3094 5178 3158 5232 Ἠ
3196 5178 3319 5250 χείρ
3350 5196 3452 5249 μου
3497 5178 3722 5247 ἐποίησε

2144 5264 2319 5320 ταῦτα
2347 5266 2545 5322 πάντα.
2586 5287 2606 5320 ι
2643 5268 2754 5323 Καὶ
2783 5270 2832 5322 εί
2861 5270 3041 5324 πάντα
3065 5271 3123 5335 ἐν
3151 5269 3313 5339 σοφίᾳ
3345 5269 3442 5323 καὶ
3464 5268 3610 5339 χειρὶ
3631 5267 3724 5335 γέ-

2145 5375 2268 5428 γονε
2301 5359 2459 5426 Θεοῦ,
2508 5363 2562 5415 αἱ
2597 5360 2655 5415 δὲ
2679 5360 2821 5416 θεῖαι
2853 5360 3069 5433 Γραφαὶ
3097 5359 3231 5430 περὶ
3254 5360 3351 5414 τοῦ
3379 5359 3517 5413 Θεοῦ
3548 5359 3725 5427 Λόγου

2147 5449 2364 5520 βοῶσιν,
2391 5452 2473 5507 ὅτι
2514 5472 2532 5506 ι
2555 5453 2742 5509 Πάντα
2768 5452 2836 5507 δι’
2862 5451 3029 5507 αὐτοῦ
3054 5452 3294 5522 ἐγένετο,
3319 5452 3415 5506 καὶ
3438 5449 3605 5523 χωρὶς
3627 5448 3722 5502 αύ-

2145 5627 2187 5658 “
2228 5627 2328 5685 lsa.
2371 5643 2521 5695 um,
2554 5628 2606 5682 9.
2685 5629 2733 5661 "
2772 5628 2907 5687 Gen.
2943 5643 3025 5695 ιιι,
3058 5627 3143 5683 l9.
3221 5629 3266 5661 ⁸³
3301 5625 3464 5684 Mich.
3495 5639 3590 5691 vn,
3634 5622 3721 5677 l8.
