4036 6208
297 300 410 354 285
1682 308 2123 369 THESAURUS.
3452 316 3556 373 286

293 417 389 469 τοῦ
422 416 638 485 ἐγένετο
667 418 790 472 οὐδὲ
816 420 907 474 ἓν·
939 422 1036 475 οὐκ
1059 421 1125 477 ἂν
1152 424 1237 495 είη
1270 425 1371 496 τῆς
1398 427 1492 481 τοῦ
1523 429 1660 484 Θεοῦ
1692 432 1886 500 σοφίας

1991 432 2191 487 factum
2226 440 2306 486 est
2341 433 2474 487 nihil
2497 434 2579 487 ":
2620 451 2638 483 ι
2674 442 2823 488 certe
2855 432 3025 488 Filius
3048 448 3151 488 non
3170 434 3273 489 erit
3303 450 3439 504 opus
3465 451 3554 490 sa-

295 506 458 575 εργον
493 507 521 557 6
555 507 685 597 Υἱός
705 522 720 537 ³
753 507 892 562 ἀλλὰ
920 511 1118 580 μᾶλλον
1151 514 1312 578 αὐτός
1342 517 1489 569 ἐστιν
1516 518 1550 588 ἡ
1587 520 1750 589 σοφία
1777 522 1875 573 καὶ

1991 528 2193 596 pientis:
2218 527 2309 582 Dei
2333 569 2349 593 ,
2372 528 2465 583 sed
2494 528 2609 597 ipse
2632 528 2813 595 potius
2840 536 2923 583 est
2958 528 3248 596 sapientia,
3275 538 3331 583 et
3363 543 3554 584 manus

296 597 330 665 η
364 598 509 667 χεὶρ,
534 597 605 649 δι’
631 592 700 668 ἦς
726 601 795 653 τὰ
833 600 1011 655 πάντα
1038 601 1169 668 Θεὸς
1208 606 1515 676 ἐργάζεται.
1568 609 1779 664 Οὐκοῦν
1814 611 1875 664 οὐ

298 691 528 761 κτίσμα,
556 693 675 745 οὐδὲ
708 694 921 764 ποίημά
942 697 1109 752 ἐστιν.

311 802 878 888 Ἐπετηρήσειςθάπύ
908 804 1204 888 τῆξ-ᾂείας
1226 809 1512 888 (gustatio,
1533 811 1622 869 ὅτι
1651 814 1764 884 οὐχ
1790 810 1879 888 εἷς

368 878 873 953 τιξγν-κτιρςμάτων
901 878 952 953 ὀ.
976 878 1126 953 ζίύς,
1167 880 1326 933 ἀλλὰ
1345 878 1592 950 μᾶλλον
1621 878 1879 953 ποιῆτὴξν

369 941 576 993 αὐτῶν
600 941 838 1010 λέγεται
859 945 957 999 καί
978 945 1169 1001 ἔστιν.

373 1054 439 1105 υἱ
469 1056 527 1105 ὲν
555 1054 836 1109 Βαϐυλῶνι
863 1057 1070 1111 νεανίαι
1092 1060 1294 1127 πᾶσαν,
1312 1062 1388 1126 ὡς
1417 1062 1547 1128 επος
1573 1066 1767 1131 εἰπεῖν,
1780 1066 1879 1137 τὴν

304 1146 485 1199 κτίσιν
517 1145 1002 1218 ἐξαριθμούμενοι,
1035 1150 1105 1203 τά
1137 1169 1198 1204 τε
1243 1154 1300 1206 ὲν
1336 1156 1449 1218 τοῖς
1493 1156 1743 1228 οὐρανοῖς
1784 1158 1880 1209 καὶ

302 1236 372 1288 τὰ
407 1236 505 1288 ἐπὶ
545 1240 646 1308 τῆς
697 1238 801 1309 γῆς
846 1239 1267 1307 καταλέγοντες,
1316 1246 1412 1299 καὶ
1459 1246 1609 1317 παρά
1662 1248 1880 1301 πάντων

306 1328 597 1394 ὑμνεῖσθαι
619 1328 729 1381 δεῖν
753 1330 1051 1398 φάσκοντες
1077 1333 1168 1386 τὸν
1191 1334 1346 1401 Θεὸν,
1376 1336 1611 1407 οὐδαμοῦ
1638 1338 1731 1390 τὸν
1755 1338 1882 1392 Υίὸν

306 1420 362 1469 ὲν
388 1421 505 1481 τοῖς
534 1418 775 1488 εὐλογεῖν
805 1422 1076 1490 ὀφείλουσι
1103 1425 1559 1493 κατατάττουσιν,
1585 1429 1705 1482 οὐδὲ
1733 1430 1882 1499 εἰρή-

308 1526 503 1561 κασιν⁶
539 1510 840 1579 Εὐλογείτω
879 1515 908 1565 6
947 1514 1118 1583 Λόγος
1145 1516 1177 1587 ἢ
1205 1520 1238 1587 ἡ
1274 1519 1436 1587 σοφία
1469 1519 1565 1572 τοῦ
1608 1519 1744 1573 Θεοῦ
1792 1519 1883 1573 τὸν

309 1602 535 1671 Κύριον.
571 1603 712 1655 Ἀλλ’
759 1604 957 1668 εἰδότες
1002 1608 1085 1660 ὅτι
1134 1610 1270 1678 μετὰ
1325 1611 1537 1681 Πατρδς
1584 1613 1682 1683 τὴν
1715 1632 1883 1685 προσ-

311 1692 538 1761 κύνησιν
569 1692 699 1762 ἔχει,
730 1694 946 1749 πάντων
985 1697 1122 1767 ὁμοῦ
1172 1700 1281 1753 τῶν
1306 1703 1623 1772 κτισμάτων
1649 1707 1881 1776 ποιησά-

1977 634 2077 691 per
2106 635 2266 690 quam
2302 621 2444 676 Deus
2461 622 2647 675 omnia
2679 633 2961 692 operatur.
2990 620 3106 677 Non
3147 631 3232 677 est
3257 635 3388 691 ergo
3402 634 3558 677 crea-

1985 719 2105 765 tura
2132 755 2148 778 ,
2187 713 2269 766 vel
2293 727 2427 782 opus

1983 828 2144 899 169
2178 828 2571 899 Observationes
2600 845 2667 883 ex
2702 845 2854 883 sacra
2881 828 3178 899 Scriptura,
3204 828 3344 899 quod
3386 825 3433 899 F
3436 829 3554 881 ilius

2053 898 2157 950 non
2201 898 2266 949 sit
2307 914 2442 952 unus
2472 906 2535 951 e2:
2562 900 2842 965 creaturis,
2864 900 2955 953 sed
2985 901 3160 968 potius
3192 898 3301 966 ipse
3343 898 3555 951 illarum

2049 978 2256 1021 creator
2296 968 2489 1021 dicitur
2521 976 2571 1020 et
2608 978 2704 1022 est.

2053 1077 2435 1132 Adulescentes
2489 1073 2565 1130 illi
2614 1075 2946 1144 Babyloniei,
2989 1090 3111 1130 eum
3174 1090 3363 1129 omnes
3423 1089 3553 1143 pro-

1979 1168 2265 1238 pemodum
2325 1176 2603 1221 creaturas
2661 1176 3034 1233 reccnserent,
3092 1168 3273 1222 omnia
3329 1183 3450 1236 qua!
3503 1169 3553 1220 in

1982 1260 2136 1315 cmlis
2180 1268 2234 1314 et
2275 1258 2328 1313 in
2369 1266 2513 1313 terra
2551 1268 2677 1313 sunt
2712 1268 3115 1323 enumerantes,
3161 1258 3437 1329 Deumque
3486 1259 3555 1313 ab

1981 1349 2233 1405 omnibus
2262 1349 2524 1403 celebrari
2557 1358 2810 1417 oportere
2845 1350 3106 1415 dicentes,
3155 1365 3421 1422 nusquam
3458 1348 3553 1405 Fi-
3650 1382 3653 1383 ν

1982 1440 2113 1495 lium
2136 1440 2277 1493 inter
2296 1454 2358 1493 ea
2381 1438 2651 1493 collocant
2669 1453 2788 1507 quae
2807 1439 2971 1493 Deum
2992 1438 3309 1493 benedicere
3326 1438 3551 1492 debent:

1984 1545 2157 1599 neque
2204 1530 2457 1583 dixerunt
2493 1547 2507 1583 :
2552 1527 2841 1582 Benedicat
2874 1528 3107 1582 Verbum
3156 1538 3249 1581 aut
3292 1528 3555 1596 sapientia

1986 1617 2078 1671 Dei
2129 1616 2436 1671 Dominum.
2478 1616 2583 1670 Sed
2634 1632 2757 1670 cmn
2802 1617 3007 1671 scirent
3050 1616 3191 1687 quod
3230 1632 3352 1669 cum
3397 1615 3559 1669 Patre

1985 1711 2261 1774 adoretur,
2290 1709 2529 1763 omnium
2562 1708 2721 1763 simul
2757 1718 3131 1763 creaturarum
3168 1710 3446 1765 mentione
3474 1707 3557 1763 la.

313 1801 464 1851 μενοι
490 1785 730 1853 μνήμην,
767 1785 1041 1838 σιωπῶσιν
1074 1788 1238 1841 αὐτὸν
1275 1789 1350 1853 ὡς
1383 1768 1659 1863 Δεσπότην
1688 1768 1782 1849 καί
1804 1798 1880 1862 ὡς

1991 1810 2088 1862 cta,
2130 1799 2306 1868 ipsum
2344 1800 2562 1854 silentio
2610 1809 2963 1869 praetereunt,
3016 1808 3079 1854 ut
3128 1800 3418 1855 Dominum
3472 1801 3560 1856 cui

313 1876 670 1944 ὑμνούμενον.
705 1877 871 1936 Οὐδὲν
900 1876 955 1930 δὲ
985 1872 1147 1950 ἦττον
1187 1881 1282 1933 καὶ
1311 1882 1341 1933 6
1371 1882 1639 1955 μακάριος
1679 1886 1878 1957 Ψαλμ-

310 1964 447 2037 ipse;
474 1966 730 2030 πολλάκις
758 1968 1043 2038 ὑμνεῖσθαι
1087 1970 1323 2029 κελεύων
1350 1972 1440 2027 τὸν
1471 1974 1623 2040 Θεὸν,
1650 1977 1746 2035 καὶ
1768 1980 1876 2031 πᾶ-

314 2070 412 2106 σαν
434 2055 720 2124 ὀνομάζων
748 2056 848 2127 τὴν
877 2057 1052 2111 κτίσιν
1074 2100 1089 2126 ,
1115 2058 1462 2132 λειτουργούς
1491 2081 1551 2117 τε
1587 2065 1680 2118 καὶ
1713 2067 1880 2135 ἀγγέ-

310 2148 454 2209 λους,
474 2147 569 2200 καὶ
583 2147 955 2219 δυνάμειςρια)⁸
972 2150 1237 2223 οὐρανοὺς
1258 2154 1523 2226 οὐρανῶν,
1536 2157 1631 2215 καὶ
1653 2160 1881 2228 σελήνην

312 2237 405 2289 καὶ
429 2237 603 2307 ἣλιον,
630 2238 703 2300 ὡς
726 2237 886 2292 δοῦλα
910 2242 973 2310 τῇ
1002 2239 1096 2300 τοῦ
1126 2241 1260 2294 Θεοῦ
1292 2246 1657 2316 προσκυνήσει
1684 2249 1880 2318 χρῆναι

310 2328 418 2391 δεῖν
449 2328 768 2391 ὑποκεῖσθαι
795 2329 988 2399 λέγων,
1005 2331 1242 2402 οὐδαμοῦ
1272 2333 1373 2407 μὲν
1395 2337 1451 2387 ὲν
1482 2335 1691 2402 τούτοις
1714 2356 1882 2397 καταο

312 2420 496 2472 τάττει
541 2419 636 2472 τὸν
679 2420 831 2485 Υίὸν,
875 2420 988 2474 ἀλλ’
1032 2422 1097 2475 ὲκ
1125 2422 1233 2475 τῶν
1282 2425 1539 2480 ἐναντίων
1582 2427 1675 2481 καὶ
1711 2422 1881 2500 προσ-

309 2511 590 2564 κυνεῖσθαι
636 2512 847 2565 κελεύει
901 2511 1037 2582 βοῶν
1062 2529 1077 2545 ’
1130 2532 1150 2565 ι
1180 2516 1293 2568 Καὶ
1347 2519 1883 2588 προσκυνησάτωσαν

308 2600 463 2673 αὐτῷ
503 2602 704 2667 πάντες
744 2603 962 2672 ἄγγελοι
1010 2604 1167 2661 Θεοῦ.
1210 2624 1229 2656 t
1274 2607 1337 2658 Εί
1368 2607 1425 2660 δὲ
1458 2610 1609 2662 πᾶσα
1641 2612 1676 2679 ἡ
1711 2610 1886 2674 κτίσις

312 2695 629 2763 προσκυνεῖ,
666 2696 1050 2765 προσκυνεῖται
1078 2694 1133 2746 δὲ
1158 2697 1186 2747 6
1211 2695 1357 2760 Υίὸς,
1408 2697 1508 2749 οὐκ
1541 2697 1650 2767 ἄρα
1679 2698 1888 2769 κτίσμα

312 2782 482 2841 ἐστὶν.
525 2781 663 2834 ἀλλὰ
710 2782 837 2846 Υἱὸς
867 2782 1117 2853 ἀληθινὸς
1156 2784 1295 2854 μετὰ
1334 2785 1427 2838 τοῦ
1453 2787 1684 2861 -Πατρὸς
1716 2806 1887 2862 προσ-

314 2872 667 2941 κυνούμενος.

314 2986 656 3041 ΔΛΛυ.⁴Ὀτι
682 2987 884 3062 ἕτερός
914 2990 1042 3062 ἐστι
1071 2991 1231 3062 παρὰ
1252 2991 1326 3062 τά
1351 2992 1651 3062 κτίσματα
1672 2997 1705 3049 ό
1734 2996 1887 3062 Υἱὸς,

700 3055 797 3111 καὶ
823 3061 932 3127 οὺχ
953 3055 1041 3125 εἵς
1067 3055 1186 3114 tibia
1211 3060 1477 3117 πάντων.

386 3171 576 3225 Πάντα
600 3172 689 3225 διὰ
715 3172 810 3225 τοῦ
827 3172 961 3226 Θεοῦ
988 3174 1163 3242 Λόγου
1188 3174 1523 3245 πεποιῆσθαι
1548 3176 1890 3248 σημαίνουσα

316 3263 414 3321 καὶ
460 3265 495 3332 ὴ
528 3263 645 3316 θεία
689 3263 883 3335 Γραφὴ
906 3306 921 3330 ,
968 3264 1113 3319 οὕτω
1146 3266 1311 3336 φησί·
1349 3289 1368 3318 ι
1408 3267 1594 3321 Πάντα
1624 3268 1690 3322 δι’
1723 3268 1888 3324 αὐτοῦ

317 3354 555 3422 ἐγένετο.
588 3375 605 3407 ι
636 3356 746 3408 Καὶ
772 3357 932 3413 πάλιν
952 3374 966 3387 ⁸
1001 3377 1020 3409 ι
1054 3353 1147 3421 Εἷς
1166 3358 1370 3429 Κύριος
1402 3359 1609 3430 Ἰησοῦς
1633 3359 1886 3431 Χριστὸς,

318 3444 385 3497 δι’
415 3439 479 3497 οὗ
513 3446 583 3499 τά
614 3447 812 3503 πάντα.
852 3467 873 3501 ι
915 3449 973 3505 ’0
1000 3448 1057 3501 δέ
1096 3466 1160 3518 γε
1191 3449 1404 3512 Παῦλος
1440 3451 1745 3521 τρανότατα
1781 3449 1891 3503 τῶν

320 3538 538 3591 πάντων
569 3539 727 3594 αὐτὸν
755 3540 1096 3606 διαστέλλων,
1131 3541 1311 3609 λέγει’
1344 3558 1363 3593 ι
1395 3542 1510 3593 Ζῶν
1537 3541 1646 3611 γάρ
1665 3543 1693 3594 6
1722 3539 1893 3608 Λόγος

321 3630 412 3689 τοῦ
435 3629 571 3683 Θεοῦ
601 3631 694 3683 καὶ
724 3631 972 3703 ἐνεργὴς,
994 3632 1088 3686 καὶ
1107 3631 1417 3703 τομώτερος
1434 3631 1573 3703 ὑπὲρ
1589 3633 1767 3685 πᾶσαν
1785 3631 1887 3702 μά-

323 3738 521 3792 χαιραν
544 3722 816 3792 δίστομον,
841 3723 936 3775 καὶ
961 3723 1063 3776 οὐκ
1086 3722 1198 3775 ἐστι
1227 3722 1403 3785 κτίσις
1420 3722 1629 3793 ἀφανὴς
1660 3721 1892 3775 ἐνώπιον

324 3812 490 3866 αὐτοῦ
511 3831 526 3843 ·
573 3813 750 3866 πάντα
797 3812 857 3866 δὲ
896 3813 1076 3882 γυμνὰ
1122 3814 1217 3866 καὶ
1266 3812 1733 3883 τετραχηλισμένα
1781 3814 1893 3877 τοῖς

326 3901 621 3971 ὀφθαλμοῖς
654 3902 844 3955 αὐτοῦ.
888 3920 907 3952 i
946 3903 1008 3954 Ei
1034 3900 1214 3957 τοίνυν
1247 3901 1464 3957 πάντων
1491 3902 1606 3954 ἐστὶ
1642 3900 1892 3975 ποιητὴς,

326 3996 416 4050 καὶ
442 3994 617 4051 πάντα
642 3992 871 4046 ἐνώπιον
898 3992 1060 4046 αὐτοῦ
1088 3993 1509 4063 τετραχήλισται
1534 4032 1550 4060 ,
1580 3993 1682 4048 οὐκ
1711 3992 1778 4047 ἂν
1804 3995 1892 4065 είη

324 4084 431 4141 τῶν
462 4085 681 4138 πάντων
710 4078 788 4148 εἷς
823 4086 853 4137 6
893 4084 1098 4138 τούτων
1128 4087 1376 4156 ποιητής.
1409 4086 1518 4139 Καὶ
1549 4078 1593 4153 ᾧ
1620 4084 1688 4138 τὰ
1715 4085 1895 4147 πάντα

324 4177 505 4246 γυμνᾶ
550 4178 643 4229 καὶ
678 4176 1146 4248 τετραχηλισμένα
1192 4176 1362 4241 ἐστὶν,
1392 4177 1493 4230 οὐκ
1540 4178 1605 4230 ἂν
1656 4177 1894 4246 εὐλόγως

324 4269 590 4339 ὑπάρχειν
635 4271 807 4322 νοοῖτο
839 4268 947 4321 τῶν
977 4268 1507 4340 τετραχηλισμένων.
1555 4270 1642 4322 Ἐν
1672 4270 1749 4341 τῷ
1785 4271 1892 4341 γάρ

321 4359 499 4428 λέγειν
535 4360 607 4416 τὰ
642 4358 876 4425 πάντα,
918 4359 1071 4413 οὐδὲν
1110 4360 1321 4431 ἀφῆκεν
1369 4360 1524 4425 ἐκτός
1546 4378 1559 4391 ·
1594 4362 1688 4418 καὶ
1736 4363 1784 4414 εἰ
1836 4361 1895 4413 ὲν

1980 1893 2284 1947 benedictio
2326 1902 2382 1948 et
2426 1892 2546 1948 laus
2597 1892 2878 1950 debeatur.
2933 1892 3111 1949 Nihilo
3150 1905 3327 1950 autem
3383 1895 3562 1950 secius

1981 1984 2172 2039 beatus
2200 1984 2483 2039 Psalmista
2512 2000 2889 2054 smpenumero
2915 1984 3123 2040 laudari
3151 1985 3320 2040 Deum
3340 1986 3563 2056 jubeus,

1979 2089 2171 2129 omnes
2203 2087 2486 2130 creaturas
2517 2090 2745 2140 vocans,
2796 2076 3094 2143 ministros,
3140 2087 3193 2132 et
3226 2078 3466 2149 angelos,
3496 2092 3563 2135 ac

1980 2177 2297 2236 potestates,
2329 2176 2381 2221 et
2415 2166 2583 2221 caelos
2625 2166 2913 2231 caelorum,
2948 2176 3004 2222 et
3050 2170 3235 2222 lunam
3267 2184 3328 2223 ac
3367 2169 3562 2231 solem,

1982 2256 2168 2311 dicens
2197 2258 2393 2310 debere
2437 2265 2495 2309 ut
2536 2271 2725 2314 servos
2763 2256 3133 2313 adorationem
3180 2256 3291 2313 Deo
3323 2259 3559 2324 deferre,

1984 2346 2189 2401 nullmn
2219 2347 2362 2401 inter
2403 2354 2584 2400 creata
2620 2347 2794 2403 locum
2826 2346 3015 2401 statuit
3045 2346 3202 2411 Filio,
3252 2349 3345 2403 sed
3375 2362 3406 2402 e
3437 2363 3551 2403 con-

1986 2439 2152 2491 trario
2200 2436 2413 2490 adorari
2456 2437 2619 2491 etiam
2659 2436 2813 2503 jubet
2854 2435 3097 2491 clamans
3128 2457 3140 2491 :
3171 2455 3191 2489 ι
3226 2436 3291 2490 Et
3332 2437 3566 2493 adorent

1985 2541 2106 2581 enin
2137 2541 2326 2581 omnes
2358 2526 2530 2595 angeli
2570 2526 2663 2581 Dei
2689 2526 2756 2581 ⁸⁸.
2792 2544 2812 2578 s
2846 2526 2903 2582 Si
2940 2540 3070 2581 vero
3101 2527 3279 2582 omnis
3316 2535 3563 2582 creatura

1987 2618 2197 2682 adorat,
2233 2618 2401 2675 Filius
2434 2628 2612 2672 autem
2646 2619 2935 2683 adorator,
2976 2633 3083 2672 non
3118 2618 3284 2688 igitur
3311 2627 3563 2674 creatura

1987 2718 2092 2771 ρει,
2130 2710 2223 2760 sed
2252 2721 2412 2760 verus
2442 2705 2609 2765 Filius
2634 2706 2794 2759 simul
2826 2722 2948 2762 cum
2977 2705 3138 2761 Patre
3166 2707 3445 2763 adoratus.

1991 2992 2221 3049 ALIUD.
2258 2993 2410 3059 Quod
2442 2992 2675 3049 diversus
2707 2993 2773 3048 sit
2816 2991 3128 3072 a'creaturis
3162 2989 3355 3058 Filius,
3388 3002 3435 3045 et
3463 3007 3563 3047 non

2563 3079 2698 3115 unus
2735 3077 2989 3114 omnium.

2067 3177 2253 3232 Divina
2301 3177 2465 3231 etiam
2495 3176 2777 3245 Scriptura
2820 3192 2943 3231 eum
2984 3176 3162 3230 omnia
3202 3189 3299 3245 per
3331 3174 3564 3229 Verbqu

1997 3270 2091 3325 Dei
2125 3269 2265 3324 facta
2293 3284 2415 3324 esse
2442 3269 2732 3336 signiﬁcat,
2756 3269 2827 3323 ita
2856 3269 2933 3322 ait
2959 3286 2973 3321 :
3005 3286 3024 3320 ι
3047 3266 3239 3323 Omnia
3268 3283 3362 3336 per
3391 3268 3567 3337 ipsum

1995 3362 2135 3418 facta
2166 3370 2291 3417 sunt
2321 3360 2387 3414 ⁸³.
2420 3378 2440 3412 i
2485 3359 2550 3413 Et
2594 3374 2782 3414 rursus
2811 3375 2826 3412 :
2867 3377 2886 3410 ι
2923 3356 3073 3414 Unus
3122 3357 3383 3412 Dominus
3409 3356 3569 3413 Jesus

1996 3451 2265 3516 Christus,
2296 3464 2393 3519 per
2417 3464 2576 3518 quem
2607 3448 2789 3502 omnia
2807 3447 2875 3502 '°.
2910 3466 2930 3501 ι
2967 3446 3165 3503 Paulus
3201 3458 3380 3503 autem
3408 3462 3570 3517 aper-

1997 3542 2204 3596 tissime
2231 3540 2382 3595 illum
2410 3540 2478 3594 ab
2509 3539 2764 3593 omnibus
2795 3553 3073 3607 separatis,
3103 3540 3233 3595 dicit
3265 3557 3280 3597 :
3323 3557 3341 3591 ι
3375 3539 3566 3594 Vivum

1997 3633 2140 3688 enim
2174 3640 2276 3695 est,
2306 3640 2469 3700 atque
2488 3630 2676 3693 eﬂicax
2704 3630 2927 3684 verbum
2962 3631 3079 3696 Dei,
3101 3641 3157 3686 et
3181 3631 3570 3702 penetrabiliua

1996 3722 2139 3776 omni
2166 3721 2343 3791 gladio
2372 3720 2594 3789 ancipiti
2628 3737 2644 3775 :
2677 3730 2731 3775 et
2761 3737 2866 3775 non
2897 3731 2978 3777 est
3000 3722 3104 3775 ulla
3144 3732 3392 3776 creatura
3426 3721 3569 3780 invi-

1997 3813 2170 3868 sibilis
2195 3812 2247 3865 in
2269 3819 2557 3877 conspectu
2581 3809 2719 3878 ejus,
2739 3813 2919 3866 omnia
2938 3820 3116 3864 autem
3142 3814 3282 3866 nuda
3304 3821 3359 3865 et
3380 3822 3569 3880 aperta

1997 3913 2124 3963 sunt
2158 3902 2329 3957 oculis
2356 3903 2472 3968 ejus
2512 3901 2580 3961 ",
2617 3921 2635 3953 ι
2685 3901 2742 3956 Si
2778 3916 2906 3971 ergo
2939 3902 3179 3956 omnium
3213 3912 3428 3955 creator
3460 3913 3566 3965 est,

1999 4008 2053 4055 et
2083 3997 2265 4053 omnia
2312 4004 2436 4051 sunt
2471 3996 2613 4050 nuda
2660 3996 2712 4049 in
2748 3995 2919 4051 oculis
2962 3992 3097 4061 ejus,
3132 4002 3280 4048 certe
3312 4008 3418 4047 non
3465 3994 3572 4047 erit

2000 4105 2139 4144 unus
2164 4088 2430 4149 omnium,
2455 4088 2545 4157 qui
2578 4088 2820 4143 omnium
2864 4094 3077 4142 creator
3107 4095 3212 4140 est.
3240 4082 3306 4137 Et
3335 4084 3422 4138 cui
3447 4098 3567 4137 om-

1999 4181 2089 4235 nia
2125 4179 2263 4235 nuda
2295 4187 2459 4248 atque
2489 4189 2675 4246 aperta
2702 4187 2848 4242 sunt,
2879 4193 2985 4231 non
3014 4176 3117 4232 erit
3144 4190 3284 4230 unus
3316 4175 3383 4230 de
3411 4174 3570 4229 nudis

1999 4283 2161 4342 atque
2198 4271 2419 4342 apertis.
2466 4268 2599 4323 Nam
2646 4285 2766 4324 cum
2814 4268 2946 4322 dicit
2986 4268 3186 4331 omnia,
3236 4266 3369 4321 nihil
3413 4276 3568 4323 extra

2000 4364 2185 4418 omisit
2231 4378 2246 4417 :
2306 4361 2453 4432 atqui
2505 4361 2552 4415 si
2607 4360 2734 4416 sola:
2784 4367 3047 4413 creatura:
3091 4357 3329 4413 cilicium
3366 4357 3569 4422 omnia,

326 4452 508 4521 μόνοις
529 4454 642 4514 τοῖς
674 4452 933 4523 κτίσμασι
956 4452 1260 4524 πληροῦται
1284 4452 1354 4507 τά
1383 4452 1580 4517 πάντα,
1613 4453 1699 4504 ἓτε
1710 4470 1798 4522 ρος
1827 4452 1887 4511 ἂν

1996 4467 2141 4510 certe
2172 4455 2416 4509 diversus
2449 4454 2555 4507 erit
2584 4453 2652 4505 ab
2681 4452 2744 4505 iis
2772 4451 2968 4519 quibus
3012 4466 3115 4505 non
3163 4460 3570 4505 antuuneratnr.

325 4546 409 4613 εἴη
443 4546 573 4614 παρ’
602 4543 771 4611 αὐτὰ,
804 4545 834 4597 6
864 4542 940 4615 μὴ
968 4545 1026 4598 ὲν
1063 4545 1245 4608 αὐτοῖς
1274 4543 1694 4615 ἀριθμούμενος.
1742 4542 1899 4598 οὕτω

329 4635 424 4687 καὶ
452 4637 482 4688 6
505 4636 777 4706 μακάριος
816 4635 1026 4699 Παῦλος
1048 4634 1145 4689 τοῦ
1167 4634 1365 4689 πάντα
1393 4638 1503 4688 νοεῖ
1528 4635 1627 4705 τὴν
1651 4634 1896 4705 δύναμιν.

338 4727 689 4796 ἐρμηνεύων
740 4725 849 4796 γὰρ
890 4727 973 4791 τὸ,
1030 4745 1048 4775 ι
1080 4726 1265 4781 Πάντα
1308 4726 1579 4792 ὑπέταξας
1623 4725 1727 4777 ὑπὸ
1771 4726 1898 4789 τούς

326 4818 495 4880 πόδας
519 4817 704 4878 αὐτοῦ,
737 4837 755 4867 ι
794 4817 1044 4889 ἐπιφέρει
1074 4817 1257 4886 σαφῶς
1278 4819 1399 4870 ·Ἒν
1423 4817 1481 4869 δὲ
1510 4816 1585 4887 τῷ
1616 4816 1794 4885 λέγειν
1827 4817 1898 4870 τὰ

328 4908 526 4963 πάντα
547 4950 560 4973 ,
594 4909 748 4960 οὐδὲν
783 4908 994 4977 ἀφῆκεν
1025 4908 1172 4978 αὐτῷ
1200 4908 1590 4961 ἀνυπότακτον.
1625 4909 1687 4961 Ei
1716 4907 1897 4961 τοίνυν

326 4999 390 5051 τὸ
422 4998 620 5051 πάντα
649 4998 760 5052 τῶν
789 4999 924 5051 ὅλων
972 4999 1089 5051 ἐστὶ
1138 5000 1500 5071 περιεκτικδν,
1547 5000 1723 5053 πάντα
1761 4999 1817 5052 δὲ
1868 5000 1898 5051 6

332 5091 458 5153 Υἱὸς
500 5092 677 5157 ποιεῖ,
737 5090 830 5143 καὶ
880 5090 948 5143 τὰ
1002 5091 1182 5144 πάντα
1227 5090 1375 5162 αὐτῷ
1436 5090 1898 5163 τετραχήλισται,

328 5179 429 5231 οὐκ
455 5177 521 5231 ἂν
546 5178 630 5249 εἴη
663 5177 773 5232 τῶν
805 5177 1024 5232 πάντων
1054 5173 1132 5242 εἷς
1152 5219 1168 5243 ,
1199 5179 1314 5233 ἀλλ’
1346 5180 1532 5251 ἕτερος
1565 5181 1694 5253 παρ’
1739 5182 1899 5235 αὐτά.

999 5270 1201 5324 AAAO.

400 5381 742 5449 Γέγραπται,
773 5380 856 5431 ὃτι
896 5398 914 5430 ι
947 5380 1033 5434 Ἐν
1062 5380 1138 5452 τῷ
1169 5383 1393 5452 ὀνόματι
1436 5381 1610 5451 Ἰησοῦ
1644 5383 1751 5435 πᾶν
1772 5383 1900 5449 γόνυ

330 5472 536 5541 κάμψει
566 5472 927 5542 ἐπουρανίων,
957 5473 1049 5524 καὶ
1067 5474 1343 5544 ἐπιγείων,
1368 5477 1461 5529 καὶ
1475 5473 1862 5545 καταχθονίων.
1879 5494 1896 5525 ι

400 5612 441 5639 ⁸⁷
491 5610 638 5664 l-an.
684 5629 725 5676 ι,
757 5610 810 5663 '6.
890 5608 933 5638 ⁸⁸
970 5609 1107 5662 l‘sal.
1144 5628 1282 5676 xcvi,
1314 5613 1363 5666 7.

1442 5616 1483 5645 ⁸⁵³
1518 5613 1668 5669 Joan.
1708 5630 1743 5677 I,
1774 5615 1825 5666 5.

329 5684 420 5741 26.
456 5682 545 5736 27.
622 5682 669 5714 ’⁸
709 5680 936 5747 ιἸιίΙίιν.
967 5695 1025 5745 ιι,
1060 5682 1138 5733 10.

1929 5614 1973 5644 ⁹⁰
2013 5613 2028 5667 Ι
2062 5614 2185 5667 Cor.
2224 5627 2337 5676 vnt,
2380 5609 2430 5664 6.

2004 4545 2081 4599 Ita
2114 4555 2169 4599 et
2198 4544 2392 4600 beatus
2423 4543 2621 4599 Paulus
2666 4542 2773 4595 vim
2809 4542 2955 4596 vocis
2998 4541 3173 4593 omnia
3214 4541 3429 4609 accipit.
3462 4539 3574 4592 Ex-

2008 4637 2215 4707 plicatis
2245 4637 2387 4691 enim
2419 4634 2547 4689 illud
2578 4652 2590 4686 :
2637 4652 2655 4684 ι
2685 4632 2875 4686 Omnia
2904 4630 3176 4696 subjecisti
3217 4628 3317 4683 sub
3349 4626 3573 4695 pedibus

2004 4730 2172 4794 illius,
2213 4747 2232 4781 ι
2264 4725 2538 4797 subiungit
2578 4744 2592 4779 :
2630 4743 2650 4776 ι
2686 4723 2823 4777 Cutn
2855 4736 2984 4776 vero
3009 4720 3163 4783 dicit,
3197 4718 3391 4780 omnia,
3436 4716 3570 4769 nihil

2003 4821 2186 4877 omisit
2215 4819 2356 4889 quod
2388 4819 2436 4873 ei
2470 4815 2775 4884 subjectum
2817 4830 2921 4868 non
2949 4813 3020 4867 sit
3045 4815 3111 4863 ".
3153 4832 3171 4862 ι
3213 4809 3269 4863 Si
3304 4821 3433 4877 ergo
3459 4806 3573 4860 haec

2006 4929 2129 4979 vox,
2186 4912 2383 4977 omnia,
2437 4908 2849 4977 comprehendit
2900 4907 3173 4965 universa,
3220 4900 3389 4954 Filius
3443 4912 3574 4951 vero

2006 5004 2185 5059 omnia
2224 5002 2353 5058 facit
2381 5002 2669 5068 omniaque
2698 5000 2744 5053 ei
2776 5006 2903 5052 sunt
2922 5006 3127 5064 aperta,
3157 5007 3259 5047 non
3292 4990 3450 5062 17o
3470 4990 3576 5045 erit

2009 5098 2189 5167 itaque
2219 5111 2354 5150 unus
2387 5093 2648 5157 omnium,
2682 5092 2775 5146 sed
2808 5090 2874 5144 ab
2911 5088 2975 5143 iis
3009 5088 3274 5143 diversus.

2679 5261 2908 5318 ALIUD.

2082 5382 2352 5450 Scriptum
2382 5389 2463 5433 est
2493 5377 2634 5447 quod
2671 5398 2687 5425 ι
2715 5378 2766 5428 in
2810 5373 3026 5426 nomine
3064 5369 3192 5425 Jesu
3233 5382 3393 5423 onme
3440 5381 3578 5436 genu

2009 5474 2273 5534 ﬂectetur,
2298 5469 2619 5532 cmlestinm,
2642 5465 2978 5521 terrestrium
3019 5471 3074 5515 et
3109 5459 3439 5515 inl'ernorum
3461 5458 3527 5510 ".
3551 5472 3573 5507 ι

2510 5610 2549 5645 9‘
2584 5607 2744 5662 Ilel.r.
2783 5620 2856 5669 tv,
2890 5605 2975 5665 1'2,
3024 5602 3110 5658 15.
3200 5600 3242 5631 ’⁸
3280 5598 3298 5651 Ι
3330 5598 3451 5651 Cor.
3488 5605 3571 5647 tv.
