4106 6204
467 312 673 372 987“

1497 318 1551 371 S.
1594 316 1866 371 CTRILLI
1909 317 2371 373 ALEXANDRINI
2411 319 2727 375 ARCIIIEP.

3618 322 3725 378 288

477 432 535 484 Si
559 444 685 484 vero
710 428 847 484 Filio
869 445 1039 499 genua
1062 429 1369 494 ﬂectuntur,
1388 448 1489 484 non
1513 433 1617 484 erit
1636 432 1749 499 ipse
1771 446 1833 485 ex
1852 448 2039 486 eorum

2148 434 2208 487 Εἰ
2235 435 2290 487 δὲ
2323 434 2398 504 τῷ
2442 434 2557 503 Υἱῷ
2605 435 2845 504 κάμπτει
2878 434 2986 486 πᾶν
3029 433 3180 501 γόνυ,
3229 434 3328 487 οὐκ
3374 433 3439 486 ἂν
3486 435 3572 508 εἴη
3616 435 3725 489 τῶν

477 533 703 572 nmuero
739 519 829 587 qui
884 533 1057 589 genua
1096 518 1353 583 ﬂectunt,
1394 520 1489 571 sed
1539 518 1605 570 ab
1660 518 1726 571 iis
1778 518 2049 571 diversus.

474 608 687 665 Rursus
738 611 998 678 scriptum
1052 620 1132 666 est
1184 613 1323 679 quod
1376 629 1393 661 ι
1438 608 1625 663 Omnis
1670 620 1920 664 creatura
1969 614 2051 665 in-

390 712 397 719 '
475 701 745 769 gemiscit,
797 710 850 755 et
895 703 1126 771 parturit
1161 717 1331 769 usque
1379 715 1538 764 nunc,
1588 710 1909 769 exspectans
1967 718 2051 757 rc-

477 792 836 861 detnptionem
870 801 923 846 et
953 792 1253 846 libertatem
1294 790 1526 843 filiorum
1559 789 1646 844 Dei
1676 791 1742 843 ".
1769 811 1787 842 ι
1824 792 1879 845 Si
1919 810 2050 846 νυνι)

477 881 784 952 iugemiscit
812 884 985 937 omnis
1022 892 1291 943 creatura,
1325 890 1379 934 et
1412 891 1691 949 exspectat
1729 884 2049 951 redemptio-

471 988 598 1025 nem
628 984 681 1026 et
715 974 1019 1026 libertatem
1054 972 1284 1025 filiorum
1319 972 1431 1037 Dei,
1468 984 1522 1025 at
1556 972 1728 1026 Filius
1762 991 1933 1044 neque
1969 978 2047 1029 iu-

472 1064 774 1131 gcmiscere
803 1064 1244 1130 deprehenditur,
1281 1079 1456 1131 neque
1479 1064 1816 1131 adeptionem
1856 1079 1947 1121 aut
1984 1069 2049 1122 li-

478 1154 805 1206 berationem
834 1165 1170 1221 exspectare,
1199 1156 1291 1209 sed
1318 1157 1430 1224 ipse
1454 1166 1535 1211 est
1559 1159 1649 1226 qui
1673 1169 2043 1214 creaturarum

470 1256 623 1311 spem
664 1245 945 1313 adimplet,
979 1256 1033 1300 et
1082 1247 1498 1317 ingemiscentes
1531 1253 1769 1318 adoptat,
1822 1253 2045 1306 liberta-

475 1342 689 1403 temque
722 1335 945 1405 largitur
973 1356 984 1390 :
1014 1353 1117 1390 non
1154 1339 1314 1408 igitur
1350 1357 1485 1395 unus
1520 1343 1759 1396 omnium
1795 1346 1921 1409 erit,
1954 1362 2045 1400 ne-

469 1438 580 1499 que
615 1426 883 1481 creaturis
927 1431 1406 1493 auuumerabitur,
1450 1432 1542 1484 sed
1588 1433 1835 1490 diversus
1873 1437 1940 1489 ab
1965 1438 2045 1492 eis

468 1517 579 1568 erit
596 1555 609 1576 ,
636 1529 923 1585 quatenus,
945 1527 1002 1572 ut
1022 1529 1303 1587 creatura},
1337 1522 1693 1591 ingemiscunt
1712 1528 2045 1584 auxiliatoris

466 1609 920 1679 opeimligentes,
964 1612 1078 1680 ipse
1107 1628 1257 1677 vero,
1296 1623 1354 1667 ut
1392 1614 1593 1682 Filius,
1619 1619 2044 1692 servitutisjugo

473 1713 688 1766 pressos
724 1702 776 1755 in
805 1702 1106 1758 libertatem
1140 1706 1356 1760 asserit.

635 1920 701 1974 In
729 1922 882 1986 illud,
926 1941 946 1975 ‹
970 1923 1100 1978 Ante
1133 1926 1331 1978 sa'cula
1361 1927 1603 1995 fundavit
1647 1945 1728 1982 me
1752 1931 1818 1982 ⁸³.
1855 1950 1875 1981 ι

537 2031 814 2100 Scriptum
848 2043 933 2089 est
975 2053 987 2089 :
1039 2055 1055 2086 ι
1091 2036 1231 2091 Deus
1281 2040 1541 2107 sapientia
1593 2050 1790 2096 terram
1846 2042 2039 2099 funda-

469 2123 548 2176 vit
574 2124 677 2177 ν’.»
714 2122 769 2177 Si
799 2140 929 2193 ergo
959 2126 1227 2193 sapientia
1261 2138 1457 2182 terram
1482 2130 1696 2195 fundat,
1734 2142 1787 2186 et
1818 2133 1931 2201 ipse
1958 2145 2041 2189 est

467 2217 703 2273 firmitas
737 2228 789 2272 et
815 2218 1231 2273 stabilimentqu
1269 2222 1508 2276 omnium
1546 2223 1676 2296 (per
1701 2226 1868 2294 ipsam
1899 2229 2039 2282 enim

473 2318 614 2362 terra
645 2308 851 2363 stabilis
898 2310 1109 2379 unmet)
1133 2352 1147 2375 ,
1179 2313 1465 2383 diligenter
1502 2316 1930 2388 investigandum
1957 2332 2041 2375 est

469 2411 575 2463 quo
607 2405 763 2465 pacto
789 2398 1051 2466 sapientia
1085 2417 1202 2467 qua:
1255 2410 1451 2455 terram
1501 2403 1686 2457 fundat
1717 2421 1744 2457 a
1783 2406 1890 2460 Deo
1922 2408 2040 2462 fun-

465 2489 648 2543 datur.
680 2490 893 2543 Dictum
953 2492 1116 2560 igitur
1144 2492 1308 2545 etiam
1347 2493 1446 2547 boc
1487 2496 1811 2562 proverbiali
1860 2501 2036 2563 modo,

467 2581 681 2649 oblique
710 2582 1106 2650 quodannnodo
1141 2584 1475 2652 signiﬁcans,
1517 2595 1571 2639 et
1601 2585 1855 2641 latentem
1899 2593 1952 2643 in
1983 2606 2041 2645 se

468 2673 675 2728 habens
704 2675 967 2730 veriorem
1000 2676 1408 2745 intelligentiam
1444 2697 1459 2732 :
1497 2679 1599 2732 hoc
1629 2682 1771 2734 enim
1808 2683 2041 2749 plerum-

468 2766 906 2833 que‘proverbiis
949 2768 1223 2835 proprium
1264 2780 1366 2822 est.
1408 2769 1687 2825 Fundatur
1729 2773 1910 2842 itaque
1951 2790 2041 2829 sa-

465 2854 691 2920 pientia,
717 2856 818 2911 hoc
847 2866 931 2911 est
962 2857 1129 2913 Filius
1160 2858 1273 2921 Dei,
1335 2875 1439 2914 non
1468 2862 1629 2930 quod,
1670 2873 1931 2930 quatenus
1958 2875 2043 2921 est

474 2942 727 3007 Verbum,
759 2947 1083 3015 principium
1112 2951 1408 3010 exsistendi
1459 2956 1751 3023 acceperit.
1778 2956 1869 3010 sed
1902 2971 2039 3025 qua-

466 3042 626 3089 tenus
673 3035 846 3091 factus
879 3047 963 3092 est
1008 3040 1185 3105 bomo,
1230 3054 1577 3112 nostramque
1628 3046 2036 3103 similitudinem

2155 523 2516 593 καμπτόντων
2557 524 2657 589 εἷς,
2688 525 2802 577 ἀλλ’
2831 524 3015 594 ἕτερος
3049 526 3180 595 παρ’
3210 527 3368 579 αὐτά.
3422 527 3532 579 Καὶ
3563 529 3724 582 πάλιν

2153 608 2493 683 γέγραπται·
2531 636 2549 667 ι
2582 616 2704 667 Ὅτι
2751 617 2903 668 πᾶσα
2946 618 2978 685 ἡ
3023 616 3198 679 κτίσις
3250 618 3587 680 συστενάζει,
3633 620 3761 670 καὶ-

2154 703 2425 756 συνωδίνει
2459 704 2585 773 ἄχρι
2618 703 2711 756 τοῦ
2758 704 2871 767 νῦν,
2923 704 3331 773 ἀπεκδεχομένη
3375 705 3474 775 τὴν
3522 706 3722 757 ἀπολῦ-

2150 811 2348 863 τρωσιν
2377 794 2484 846 τῶν
2513 795 2643 847 υἱῶν
2678 795 2771 848 τοῦ
2811 794 2969 850 Θεοῦ.
3013 816 3031 846 ι
3071 796 3133 848 Et
3179 796 3235 847 δὲ
3274 796 3517 856 στενάζει
3555 797 3651 864 μὲν
3685 802 3716 867 ἡ

2150 884 2325 945 κτίσις
2350 924 2364 947 ,
2412 883 2506 935 καὶ
2550 884 2908 954 ἀπεκδέχεται
2951 884 3050 952 τὴν
3084 883 3460 952 ἀπολύτρωσιν
3489 885 3584 934 καὶ
3622 883 3719 951 τὴν

2149 974 2459 1045 ἐλευθερίαν
2486 974 2593 1027 τῶν
2622 976 2753 1027 υἱῶν
2788 975 2879 1028 τοῦ
2920 973 3056 1027 Θεοῦ
3078 1013 3093 1033 .
3134 974 3257 1027 οὕτε
3284 975 3344 1027 δὲ
3384 974 3653 1037 στενάζων
3690 977 3718 1025 6

2148 1068 2274 1130 Υἱὸς
2321 1067 2587 1137 φαίνεται,
2636 1066 2760 1119 οὔτε
2807 1066 2905 1137 τὴν
2950 1068 3216 1118 υίοποιῖαν
3252 1065 3529 1134 ἐκδέχεται
3556 1064 3589 1133 ἢ
3620 1065 3717 1134 τὴν

2148 1158 2479 1227 ἐλευθερίαν,
2513 1158 2626 1210 ἀλλ’
2661 1158 2820 1220 αὑτός
2850 1159 2996 1209 ἐστιν
3045 1159 3072 1209 ὁ
3114 1156 3210 1226 τὴν
3245 1155 3437 1207 ἐλπίδα
3477 1154 3572 1223 τῆς
3601 1154 3717 1206 κτί-

2149 1268 2284 1315 σεως
2311 1253 2663 1323 ἀποπληρῶν,
2682 1255 2777 1307 καὶ
2802 1256 2883 1315 εἰς
2911 1252 3187 1305 υἱοθεσίαν
3214 1252 3340 1313 τοὺς
3365 1248 3717 1313 στενάζοντας

2147 1345 2345 1408 καλῶν,
2376 1347 2467 1398 καὶ
2495 1348 2523 1398 ὁ
2551 1347 2649 1414 τῆς
2684 1344 2994 1415 ἐλευθερίας
3021 1346 3215 1414 δοτὴρ·
3251 1344 3351 1396 οὐκ
3384 1344 3490 1413 ἄρα
3518 1344 3576 1393 ἐν
3604 1344 3717 1403 τοῖς

2146 1436 2309 1488 πᾶσίν
2347 1437 2516 1498 ἐστιν,
2553 1436 2671 1488 οὐδὲ
2715 1437 2772 1489 ἐν
2818 1439 2883 1506 τῇ
2929 1437 3102 1488 κτίσει
3149 1432 3713 1503 καταριθμηθήσεται·

2145 1521 2259 1573 ἀλλ’
2305 1522 2489 1592 ἕτερός
2547 1524 2661 1575 ἐστι
2728 1524 2857 1592 παρ’
2906 1524 3098 1592 αὐτὴν,
3143 1522 3287 1575 καθά
3336 1522 3434 1591 μὲν
3474 1521 3548 1583 ὡς
3598 1520 3716 1572 κτίσ-

2149 1628 2328 1679 σματα
2370 1612 2613 1676 στενάζει
2654 1611 2745 1664 τοῦ
2794 1612 3114 1683 βοηθοῦντος
3140 1602 3405 1681 δεθῇεναο
3448 1613 3477 1664 ό
3516 1611 3591 1673 δὲ,
3640 1610 3717 1672 ὡς

2146 1700 2304 1766 Υἱὸς,
2332 1702 2607 1774 ἐλευθεροῖ
2644 1702 2823 1756 πάντα
2864 1704 2942 1774 τῷ
2963 1704 3061 1773 τῆς
3092 1703 3337 1765 δουλείας
3376 1700 3560 1770 δεσμῷ
3590 1717 3713 1753 συν-

2071 1763 2116 1823 Β
2148 1763 2400 1862 ἐχόμενα.

2244 1926 2347 1990 Εἰς
2376 1924 2461 1988 τὸ,
2495 1944 2513 1976 ι
2553 1925 2673 1993 Πρύ
2703 1923 2811 1978 τοῦ
2837 1922 3054 1989 αἰῶνος
3079 1922 3437 1991 ἐθεμελίωσέ
3453 1935 3549 1990 με.
3587 1940 3606 1973 ι

2215 2036 2561 2105 Γέγραπται·
2622 2057 2640 2089 ι
2687 2037 2743 2090 Ὀ
2782 2036 2912 2101 Θεὸς
2960 2040 3023 2109 τῇ
3067 2037 3228 2106 σοφίᾳ
3262 2035 3587 2104 ἐθεμελίωσε
3614 2034 3714 2103 τὴν

2144 2126 2267 2195 γῆν.
2304 2146 2322 2178 ι
2355 2128 2416 2179 El
2450 2127 2627 2180 τοίνυν
2655 2127 2893 2199 θεμελιοῖ
2926 2129 3023 2197 μὲν
3050 2130 3082 2197 ἡ
3114 2127 3273 2195 σοφία
3299 2127 3395 2196 τὴν
3417 2125 3543 2194 γῆν,
3572 2122 3713 2191 αὕτη

2143 2218 2199 2270 δέ
2246 2221 2392 2271 ἐστιν
2425 2221 2455 2288 ὴ
2505 2218 2719 2272 πάντων
2760 2219 3028 2287 ἀσφάλεια
3061 2219 3251 2289 (μένει
3289 2217 3395 2286 γάρ
3429 2215 3616 2285 έδραία
3645 2213 3713 2266 δι’

2144 2309 2357 2380 αὐτὴν),
2400 2310 2540 2363 κατὰ
2566 2310 2686 2363 τίνα
2714 2312 2911 2382 τρόπον
2936 2311 2969 2380 ἡ
3001 2308 3326 2377 θεμελιοῦσα
3360 2307 3710 2378 ,θεμελιοῦται

2144 2401 2295 2470 παρὰ
2315 2401 2470 2465 Θεοῦ,
2495 2401 2774 2471 ζητητέον.
2807 2402 3034 2471 Εἴρηται
3059 2401 3239 2453 τοίνυν
3275 2401 3365 2451 καὶ
3396 2398 3552 2450 τοῦτο
3572 2395 3711 2449 κατὰ

2142 2491 2233 2551 τὸν
2254 2494 2372 2554 ταῖς
2400 2491 2724 2562 παροιμίαις
2746 2492 3024 2562 πρέποντα
3054 2490 3244 2554 τύπον,
3266 2490 3505 2557 πλαγίως
3534 2505 3713 2557 παρα·

2140 2582 2487 2652 δηλούμενον,
2544 2583 2637 2634 καὶ
2678 2582 3063 2652 κεκρυμμένην
3119 2581 3238 2650 ἕχον
3281 2582 3336 2632 ἐν
3386 2579 3559 2648 ἐαυτῷ
3614 2577 3711 2647 τὴν

2143 2672 2510 2743 ἀληθεστέραν
2538 2670 3024 2727 διάνοιαν·τοιοῦτο
3057 2673 3164 2741 γὰρ
3193 2673 3277 2723 ἀεὶ
3297 2671 3394 2741 τῆς
3414 2671 3711 2739 παροιμίας

2141 2760 2202 2812 τὸ
2240 2761 2445 2831 σχῆμα.
2485 2761 2843 2831 Θεμελιοῦται
2876 2760 3054 2813 τοίνυν
3093 2761 3125 2829 ἡ
3158 2760 3338 2827 σοφία,
3365 2758 3656 2821 τουτέστιν,
3684 2759 3712 2810 ό

2143 2850 2270 2914 Υἱὸς
2295 2851 2385 2904 τοῦ
2421 2850 2575 2915 Θεοῦ,
2606 2852 2666 2904 οὐ
2704 2852 2843 2904 καθὸ
2869 2850 3039 2918 Λόγος
3066 2851 3211 2903 ἐστὶν
3247 2850 3420 2921 ἀρχὴν
3448 2847 3539 2901 τοῦ
3574 2844 3710 2899 εἶναι

2140 2944 2445 3014 δεχόμενος,
2499 2943 2632 2997 ἀλλὰ
2678 2943 2813 2996 καθὸ
2865 2941 3104 3010 γεγονὼς
3145 2941 3427 3013 ἄνθρωπος
3474 2940 3565 2993 καὶ
3611 2938 3710 3009 τὴν

2144 3036 2279 3107 πρὸς
2326 3038 2472 3107 ἡμᾶς
2518 3035 2755 3108 φορέσας
2805 3034 3084 3104 ὁμοίωσιν,
3134 3034 3275 3103 ἀρχὴ
3319 3034 3411 3085 καὶ
3466 3031 3711 3102 θεμέλιος

471 3127 665 3187 induit,
692 3129 1016 3197 principium
1040 3122 1103 3186 ac
1127 3132 1529 3189 fundamentum
1560 3138 1712 3193 nobis
1736 3138 1909 3193 factus
1934 3152 2036 3207 est,

2144 3128 2270 3197 ἡμῖν
2299 3127 2527 3194 γίνεται,
2558 3124 3025 3196 οἰκοδομουμένοις
3065 3126 3144 3187 εἰς
3178 3124 3457 3177 εὐσέϐειαν
3490 3123 3575 3175 διὰ
3613 3122 3709 3191 τῆς

468 3216 750 3273 tetlilicatis
782 3219 1035 3274 nimirum
1066 3222 1130 3276 ad
1163 3224 1413 3293 pietatem
1443 3241 1538 3289 per
1573 3227 1728 3281 fidem
1758 3230 1809 3281 in
1844 3231 2037 3299 ipsum,

468 3316 524 3360 et
557 3308 605 3359 iu
650 3323 865 3373 novam,
901 3320 957 3362 ut
991 3313 1252 3380 scriptum
1295 3322 1380 3369 est
1422 3314 1493 3377 ⁸⁷,
1517 3328 1821 3371 creaturam
1871 3318 2043 3373 refor-

475 3400 653 3454 matis.
681 3402 839 3470 Atqui
874 3419 977 3457 nou
998 3405 1319 3474 simpliciter
1339 3405 1495 3471 dixit,
1522 3406 1660 3461 Deus
1686 3408 1918 3489 Verbum
1947 3420 2039 3465 aut

472 3491 670 3548 Filium
701 3510 784 3551 me
816 3496 960 3573 fecit,
1003 3513 1069 3551 ne
1097 3513 1202 3567 qua
1232 3499 1503 3554 haereticis
1526 3501 1741 3554 occasio
1770 3505 2039 3569 praebere-

473 3596 561 3640 tur
595 3587 963 3643 calumniandi
1002 3591 1170 3656 ipsius
1196 3591 1488 3644 essentiam
1524 3601 1778 3661 tanquam
1807 3592 2000 3648 factam
2024 3636 2037 3659 ,

468 3677 566 3731 sed
601 3676 867 3742 absolute,
912 3696 929 3728 ι
959 3677 1205 3734 fundavit
1229 3695 1333 3734 me.
1368 3698 1387 3732 ι
1419 3681 1569 3747 Quod
1601 3682 1743 3736 enim
1794 3684 1845 3737 in
1882 3700 2041 3755 supe-

470 3766 705 3821 rioribus
748 3767 902 3830 dixit,
953 3785 970 3817 r
1007 3768 1264 3822 Dominus
1309 3770 1515 3823 creavit
1564 3785 1667 3837 me,
1715 3772 2039 3844 principium

467 3858 677 3911 viarum
732 3874 952 3913 suarum
1009 3860 1061 3912 in
1119 3876 1279 3927 opera
1341 3862 1548 3945 Ipsius:
1612 3881 1631 3914 ι
1711 3865 1814 3919 hoc
1875 3868 2037 3921 etiam

467 3962 567 4015 per
635 3948 738 4001 hoc
798 3951 1156 4018 significatur.
1224 3952 1337 4007 lllic
1410 3953 1552 4006 enim
1639 3952 1836 4007 factum
1918 3971 2039 4010 esse

456 4052 527 4092 se
570 4040 891 4108 principium
945 4045 1151 4095 viarum
1203 4057 1421 4096 suarum
1473 4045 1637 4109 dicit;
1679 4046 1766 4099 ltic
1810 4061 1937 4100 vero
1981 4062 2039 4101 se

454 4131 878 4187 fundamentum
917 4136 1119 4203 jactum
1153 4151 1272 4190 esse
1321 4151 1506 4189 eorum
1565 4138 1655 4205 qui
1708 4140 2039 4207 supertedili-

466 4231 660 4274 cantur
692 4221 944 4285 afﬁrmat,
978 4226 1208 4280 diversis
1246 4227 1419 4281 modis
1460 4227 1599 4281 idem
1633 4227 1790 4297 plane
1834 4231 2035 4298 dicens,

465 4311 694 4381 ai‘iisque
715 4314 895 4367 verbis
922 4317 1163 4370 eamdem
1198 4317 1455 4371 rationem
1483 4319 1780 4387 explicans.
1811 4319 2039 4376 Perinde

464 4403 610 4455 enim
647 4413 729 4458 est
762 4404 877 4459 sive
906 4406 1054 4461 dicas
1088 4408 1433 4476 principium,
1459 4409 1572 4463 sive
1604 4408 2033 4467 fundamentum.

453 4495 924 4560 “Quemadmodum
971 4499 1112 4551 enim
1146 4500 1199 4552 in
1244 4498 1348 4553 illis
1393 4499 1734 4569 principium,
1779 4501 1932 4571 171
1962 4504 2032 4555 ita

462 4589 629 4643 etiam
665 4589 751 4643 hic
795 4589 1204 4646 fundamentum
1245 4593 1303 4645 lit
1350 4592 1415 4646 iis
1462 4591 1551 4659 qui
1589 4592 1688 4660 ipsi
1734 4608 1829 4660 per
1875 4594 2030 4648 fidem

457 4683 977 4754 superardilicantur.

1142 4792 1366 4849 ALIUD.

534 4910 981 4977 Sapientissimus
1009 4907 1207 4964 Paulus
1233 4910 1306 4963 ita
1338 4908 1535 4965 alicubi
1561 4910 1752 4965 scribit
1781 4929 1795 4965 :
1835 4930 1852 4962 ι
1884 4912 2034 4967 Fun-

458 5000 772 5054 damentum
803 5000 930 5054 illud
960 5014 1119 5054 nemo
1147 5006 1319 5068 potest
1346 5014 1568 5067 ponere,
1598 5010 1792 5068 praeter
1811 5002 1860 5056 id
1892 5002 2032 5070 quod

458 5089 697 5155 positum
738 5097 839 5151 est,
873 5091 1013 5158 quod
1045 5100 1127 5145 est
1166 5089 1414 5146 Christus
1444 5089 1603 5146 Jesus
1643 5092 1711 5144 ⁸⁸.
1742 5110 1760 5143 ι
1801 5094 1858 5147 Si
1906 5107 2035 5162 ergo

456 5175 711 5231 Christus
736 5177 1142 5236 fundamentum
1164 5183 1347 5252 jactus
1389 5194 1490 5250 est,
1516 5197 1731 5255 oportet
1760 5199 1937 5242 autem
1966 5203 2030 5241 ea

463 5283 583 5332 qum
620 5273 1125 5338 superatdilicautur
1171 5278 1393 5333 omnino
1424 5279 1533 5333 sint
1563 5281 1710 5343 talia,
1762 5279 1922 5349 quale
1954 5288 2035 5332 est

461 5357 766 5428 subjccmm
795 5362 1200 5422 fundamentum
1232 5369 1330 5436 (ita
1357 5371 1501 5424 enim
1525 5381 1802 5427 structura
1830 5387 2031 5427 convc-

460 5450 637 5512 nieus,
686 5462 742 5505 ut
790 5455 1051 5523 scriptum
1086 5467 1170 5513 est
1208 5459 1276 5527 ν’,
1316 5459 1623 5528 implebitur
1670 5463 1721 5516 in
1770 5462 2027 5530 templum

2142 3218 2221 3279 είς
2252 3218 2413 3271 αὐτὸν
2446 3219 2701 3281 πίστεως,
2753 3217 2846 3269 καὶ
2894 3218 2972 3279 εἰς
3018 3214 3114 3286 τὴν
3148 3213 3337 3284 καινὴν
3369 3215 3543 3266 κτίσιν
3578 3214 3709 3265 ἀνα-

2146 3310 2564 3381 μορφουμένοις,
2606 3307 2788 3372 καθὼς
2842 3309 3171 3377 γέγραπται.
3232 3308 3391 3375 Λέγει
3435 3307 3564 3373 γοῦν
3614 3305 3712 3375 οὐχ

2140 3400 2345 3462 ἁπλῶς,
2362 3400 2419 3452 Ὀ
2438 3400 2569 3462 Θεὸς
2590 3400 2760 3467 Λόγον
2781 3399 2814 3468 ἢ
2842 3399 2967 3451 Υίόν
2995 3416 3062 3469 με
3088 3398 3406 3467 πεποίηκεν,
3427 3398 3513 3449 ἵνα
3538 3398 3711 3466 μήτις

2140 3496 2252 3555 τοῖς
2292 3491 2684 3564 ἐτεροδοξοῦσιν
2741 3493 2975 3562 ὑπάρχοι
3017 3492 3372 3562 παρείσδυσις
3406 3490 3498 3543 τοῦ
3540 3507 3709 3543 κατα-

2139 3586 2430 3657 ψεύδεσθαι
2473 3587 2571 3657 τῆς
2603 3587 2791 3648 οὐσίας
2833 3586 3001 3639 αὐτοῦ
3046 3585 3123 3648 ὡς
3158 3584 3553 3655 πεποιημένης,
3598 3584 3710 3637 ἀλλ’

2141 3679 2573 3749 ἀπολελυμένως,
2605 3697 2623 3729 ι
2654 3677 3012 3747 Ἐθεμελίωσέ
3045 3693 3134 3746 με.
3176 3694 3194 3726 ι
3236 3678 3302 3727 ‘0
3331 3676 3439 3745 γὰρ
3478 3675 3712 3742 ἔφασκεν

2142 3772 2199 3823 ἐν
2220 3774 2331 3834 τοῖς
2361 3770 2632 3835 ἀνωτέρω,
2666 3768 2899 3839 «Κύριος
2921 3767 3102 3820 ἐκτισέ
3135 3784 3200 3837 με
3227 3766 3399 3836 ἀρχὴν
3441 3766 3576 3818 ὁδῶν
3617 3766 3712 3818 αῦ-

2140 3862 2233 3914 τοῦ
2263 3863 2343 3924 εἰς
2375 3861 2510 3930 ἔργα
2539 3858 2754 3923 aurci,»
2781 3858 2939 3911 τοῦτο
2962 3860 3056 3911 καὶ
3071 3858 3158 3911 διά
3183 3858 3341 3910 τοῦτο
3362 3857 3708 3926 σημαίνεται.

2151 3952 2299 4004 Ἐκεῖ
2333 3951 2431 4021 μὲν
2455 3950 2562 4021 γὰρ
2588 3950 2762 4020 ἀρχὴν
2790 3949 2925 4002 ὁδῶν
2954 3950 3147 4003 ἐαυτὸν
3175 3948 3502 4018 πεποιῆσθαί
3527 3966 3707 4019 φησιν,

2140 4042 2374 4095 ἐνταῦθα
2433 4042 2488 4094 δὲ
2543 4041 2790 4111 θεμέλιον
2843 4040 3381 4111 ἐποικοδομουμένων
3427 4041 3513 4091 ἐπ’
3564 4039 3713 4109 αὐτῷ

2140 4135 2572 4206 καταδεδλῆσθαι
2619 4133 3010 4205 διῖσχυρίζεται
3034 4174 3049 4197 ,
3088 4134 3439 4204 πολυτρόπως
3468 4133 3536 4186 τὰ
3576 4133 3713 4186 αὐτά

2138 4227 2333 4293 λέγων,
2375 4228 2468 4280 καὶ
2492 4226 2579 4279 διά
2615 4226 2721 4279 τῶν
2760 4225 2937 4279 αὐτῶν
2982 4226 3269 4295 νοημάτων
3322 4224 3711 4287 ἀνακυκλώσας

2139 4318 2234 4371 τὸν
2258 4317 2433 4387 λόγον.
2466 4319 2607 4370 Ἴσον
2638 4318 2744 4387 γάρ
2790 4318 2938 4368 ἐστιν
2972 4317 3146 4367 εἰπεῖν
3190 4315 3366 4385 ἀρχὴν
3412 4315 3506 4367 καὶ
3549 4315 3711 4383 θεμέ-

2141 4409 2271 4462 λιον.
2312 4409 2399 4471 Ὠς
2442 4408 2549 4478 γὰρ
2595 4410 2651 4461 ἐν
2700 4406 2933 4469 ἐκείνοις
2976 4406 3142 4477 ἀρχὴ,
3173 4405 3317 4458 οὕτω
3354 4406 3446 4458 καὶ
3478 4404 3709 4459 ἐνταῦθα

2142 4501 2390 4571 θεμέλιος
2426 4499 2534 4552 τῶν
2564 4496 3101 4567 ἐποικοδομουμένων
3137 4497 3225 4548 ἐπ’
3266 4494 3429 4547 αὑτὸν
3477 4493 3566 4547 διὰ
3614 4492 3712 4561 τῆς

2143 4594 2374 4655 πίστεως
2412 4590 2639 4660 γίνεται.

2807 4788 3009 4841 ΑΛΛυ.

2214 4906 2378 4972 Λέγει
2404 4921 2506 4956 που
2534 4900 2742 4964 Παῦλος
2773 4898 3104 4952 ἐπιστέλλων
3135 4898 3164 4950 ὁ
3192 4894 3522 4965 σοφώτατος·
3555 4912 3573 4943 ι
3609 4891 3709 4944 Θε-

2144 5000 2324 5070 μέλιον
2369 4995 2523 5048 ἄλλον
2564 4992 2737 5053 οὐδεὶς
2766 4991 2983 5043 δύναται
3022 4989 3194 5041 θεῖναι
3227 4986 3379 5057 παρά
3402 4986 3492 5037 τὸν
3528 4983 3711 5051 κείμε-

2142 5107 2251 5153 νον,
2276 5089 2332 5151 ὃς
2362 5088 2509 5138 ἐστιν
2525 5084 2731 5152 Ἰησοῦς
2765 5079 3021 5151 Χριστός.
3047 5098 3064 5129 ι
3103 5080 3165 5130 Εί
3195 5077 3377 5129 τοίνυν
3408 5078 3583 5127 κεῖται
3614 5073 3711 5141 μὲν

2144 5179 2389 5251 θεμέλιος
2410 5178 2438 5229 ό
2464 5173 2728 5247 Χριστὸς,
2758 5172 2836 5225 δεῖ
2867 5173 2925 5224 δέ
2955 5170 3024 5223 τά
3052 5167 3556 5239 ἐποικοδομούμενα
3577 5164 3712 5216 πάν-

2141 5289 2248 5333 τως
2290 5264 2428 5321 είναι
2474 5264 2719 5327 τοιαῦτα,
2763 5263 2943 5316 ὁποῖόν
2967 5278 3071 5331 περ
3106 5260 3171 5312 ἂν
3217 5259 3454 5327 ὑπάρχοι
3486 5256 3547 5308 τὸ
3579 5253 3706 5305 Orco-

2142 5362 2390 5431 κείμενον
2436 5357 2613 5428 (οὕτω
2650 5355 2761 5425 γὰρ
2792 5355 2856 5407 ἂν
2884 5353 2974 5406 καὶ
3020 5353 3053 5421 ἡ
3083 5348 3340 5419 οἰκοδομὴ
3382 5343 3711 5414 συναρμολο-

2139 5453 2400 5524 γουμένη,
2450 5449 2592 5503 καθά
2647 5448 2973 5518 γέγραπται,
3021 5439 3440 5511 πληρωθήσεται
3474 5438 3554 5498 εἰς
3582 5434 3708 5487 ναὸν

534 5625 766 5704 :‘ﬁmn-
802 5647 916 5696 Vl".
956 5633 1134 5701 19,99.
1214 5633 1445 5689 "Eccli.
1482 5650 1627 5704 xxxv,
1675 5637 1757 5690 li.
1838 5637 1879 5667 τ’*ί
1916 5635 2039 5687 l’rm

2144 5647 2194 5698 ll,
2234 5628 2313 5682 l9.
2391 5628 2433 5658 9⁷
2466 5625 2502 5678 ll
2532 5624 2658 5677 Cor.
2689 5637 2739 5685 ν,
2784 5622 2861 5676 l7.
2940 5622 2983 5653 ⁵³⁸
3015 5620 3031 5674 l
3058 5618 3183 5675 Cor.
3222 5634 3302 5683 Ill,
3340 5616 3424 5669 ll.
3503 5606 3703 5663 “Ibid.

493 5695 675 5752 42-16.
