4036 6208
316 305 424 359 289

1704 302 2142 364 TIIESAURUS.

3478 327 3590 383 290'

315 420 552 490 ἅγιον),
603 418 824 489 εὔδηλον
893 420 1157 490 δήπουθεν
1201 423 1393 493 ὅτιπερ
1439 423 1500 474 ού
1549 422 1682 476 καθὸ
1722 425 1889 493 Λόγος

1995 431 2267 499 sanctum)
2308 449 2323 484 :
2366 433 2714 487 manifestum
2749 416 2898 489 certe
2928 445 3011 490 est
3053 440 3193 506 quod
3234 455 3338 494 non
3384 457 3577 513 quate-

312 513 483 575 ἐστὶν,
516 510 708 563 ὲαῦτὸν
752 510 1178 581 τεθεμελιῶσθαί
1221 530 1418 582 φησιν·
1453 514 1602 568 ούδὲν
1631 517 1739 585 γάρ
1777 518 1890 568 ἐστι

312 600 460 654 κατὰ
495 599 658 667 φύσιν
692 598 770 667 τῷ
810 598 968 668 MSpr
993 602 1334 668 προσεοικὸς,
1363 603 1471 655 οὐδ’
1498 603 1563 656 ἂν
1591 606 1893 677 ἀρμοσθείη

311 709 363 743 τι
414 691 524 743 τῶν
564 690 734 742 ὄντων
782 689 918 760 πρὸς
968 692 1175 745 ἐκεῖνον
1232 693 1513 760 φυσικῶς·
1558 696 1587 746 ὁ
1637 696 1734 763 μὲν
1782 697 1893 767 γὰρ

313 783 570 853 ποιητὴς,
593 782 661 834 τὰ
692 782 749 834 δὲ
778 782 1084 851 κτίσματα”
1120 782 1255 836 ἀλλὰ
1287 783 1420 836 καθὸ
1443 785 1663 853 γέγονεν
1684 786 1894 857 ἄνθρω-

314 892 415 937 πος
446 874 543 927 καλ⁴
566 874 749 942 ὅμοιος
798 873 953 943 ἡμῶν
990 875 1131 926 κατὰ
1159 876 1357 938 πάντα,
1391 877 1558 946 χωρὶς
1597 877 1890 949 ἁμαρτίας,

313 965 570 1034 θεμέλιον
611 964 803 1016 ἑαυτὸν
844 964 1286 1034 καταϐεόλῆσθαί
1313 984 1444 1037 φησι
1474 968 1581 1019 τῶν
1622 968 1896 1021 ἐποικοδοο

318 1055 607 1124 μουμένων
634 1055 723 1107 ἐπ’
749 1054 922 1123 αύτῷ,
956 1054 1270 1124 δυναμένων
1296 1055 1445 1124 αὐτῷ
1476 1060 1895 1128 συναρμολογεῖ-

316 1145 465 1199 σθαι.
496 1144 648 1198 Καθὸ
663 1146 771 1215 γὰρ
800 1146 892 1198 καὶ
920 1146 1080 1207 αὐτὸς
1108 1146 1333 1213 γέγονεν
1356 1147 1663 1218 ἄνθρωπος,
1692 1150 1894 1220 πολλὴν

316 1237 429 1307 ἔχει
458 1237 594 1307 πρὸς
620 1238 765 1306 ἡμᾶς
804 1235 901 1306 τὴν
934 1236 1255 1303 συγγένειαν
1300 1236 1387 1289 διὰ
1420 1239 1518 1307 τὴν
1553 1238 1654 1307 τῆς
1694 1241 1895 1311 σαρκὸς

315 1329 504 1397 φύσιν.
549 1326 759 1381 υύκοῦν
792 1327 884 1379 ἐπὶ
925 1326 1022 1396 τὴν
1058 1326 1151 1380 τοῦ
1187 1329 1436 1399 Σωτῆρος
1483 1332 1894 1403 ἐνανθρώπησιν

318 1421 411 1474 κα)⁸
435 1420 597 1474 τοῦτο
620 1421 1003 1489 παρενεκτέον,
1034 1420 1118 1471 ἵνα
1138 1420 1198 1471 τὸ
1217 1419 1497 1489 δύσφημον
1523 1421 1892 1493 διαφύγωμεν,

320 1512 646 1582 γεγενῆσθαι
693 1513 1014 1581 φάσκοντες,
1052 1511 1146 1564 καὶ
1172 1511 1348 1582 ἀρχὴν
1374 1513 1468 1565 τοῦ
1512 1508 1650 1566 εἶναι
1683 1515 1893 1584 λαμϐά-

319 1620 431 1657 νειν
462 1603 562 1673 τὴν
604 1603 794 1670 σοφίαν
838 1601 929 1653 τοῦ
962 1601 1119 1655 Θεοῦ.
1149 1603 1357 1673 ’Όνπερ
1391 1603 1499 1674 γὰρ
1544 1606 1744 1673 τρόπον
1774 1607 1896 1659 ἐτέ-

322 1710 435 1763 ροις
477 1692 720 1757 ἄμπελον
767 1690 865 1759 μὲν
907 1690 1098 1742 ἑαυτὸν
1140 1687 1281 1743 εἷναί
1329 1710 1523 1761 φησιν,
1566 1695 1710 1764 ἡμᾶς
1740 1696 1794 1747 δὲ
1824 1697 1893 1749 τὰ

1995 536 2095 575 nus
2125 530 2208 576 est
2239 522 2496 591 Verbum,
2530 525 2812 581 fundatum
2842 543 2903 582 se
2934 530 3075 583 dicat
3105 548 3117 584 :
3149 532 3283 587 nihil
3324 536 3469 588 enim
3499 539 3583 591 est

1995 614 2288 667 secundum
2321 626 2568 671 naturam
2612 617 2790 674 Verbo
2825 622 3031 685 simile,
3074 638 3246 691 neque
3283 627 3576 694 quidquam

1994 719 2178 758 eorum
2222 721 2341 773 qua
2387 709 2657 762 exsistunt
2709 713 3029 767 naturaliter
3066 728 3187 769 cum
3234 730 3294 770 ea
3333 720 3578 773 construi

1997 797 2167 864 possit
2211 814 2223 849 :
2260 812 2381 849 nam
2424 799 2538 867 ipse
2569 811 2785 854 creator
2808 811 2910 866 est,
2948 803 3061 856 haec
3104 819 3234 857 vero
3276 817 3574 861 creaturae:

1995 888 2089 939 sed
2135 895 2403 955 quatenus
2441 889 2615 943 lactus
2648 901 2731 943 est
2774 893 2955 956 homo,
2993 902 3044 946 et
3086 895 3282 950 similis
3331 898 3484 950 nobis
3525 899 3576 951 in

1995 981 2265 1043 omnibus,
2296 992 2521 1049 excepto
2562 994 2804 1050 peccato,
2842 985 3249 1042 fundamentum
3287 1004 3345 1043 se
3369 991 3575 1059 jactum

1996 1086 2115 1125 esse
2139 1072 2270 1125 dicit
2297 1072 2363 1127 iis
2392 1073 2482 1142 qui
2529 1075 3036 1142 supertediticantur
3071 1076 3193 1145 ipsi,
3223 1088 3280 1131 ut
3318 1081 3368 1131 in
3414 1097 3573 1133 unam

1996 1178 2115 1216 cum
2159 1163 2274 1227 ipso
2315 1174 2646 1218 structuram
2693 1166 3008 1220 concinnari
3062 1169 3289 1235 possint.
3327 1169 3459 1223 Nam
3509 1186 3571 1225 ea

1995 1248 2203 1302 ratione
2247 1264 2351 1317 qua
2400 1251 2563 1303 etiam
2610 1252 2723 1319 ipse
2755 1251 2927 1307 factus
2968 1265 3052 1308 est
3096 1257 3278 1322 homo,
3327 1274 3571 1328 magnam

1998 1338 2278 1392 nobiscum
2314 1341 2748 1396 convenientiam
2783 1352 2837 1395 et
2882 1346 3258 1413 cognationem
3308 1348 3466 1401 habet
3504 1350 3572 1402 ob

1997 1430 2177 1483 carnis
2213 1442 2480 1487 naturam.
2522 1432 2787 1499 Quocirca
2837 1436 2999 1488 etiam
3032 1437 3097 1490 ad
3144 1438 3569 1493 incarnationem

1999 1521 2169 1589 ipsius
2218 1524 2560 1578 referendum
2604 1533 2719 1588 est,
2769 1534 2826 1577 ut
2852 1525 3237 1592 blasphemiam
3285 1532 3570 1593 evitemus,

1997 1628 2157 1682 quam
2187 1614 2590 1670 incurreremns
2615 1616 2659 1669 si
2686 1617 2992 1671 diceremus
3031 1618 3176 1672 illum
3207 1619 3406 1673 factum
3427 1638 3569 1685 esse,

1997 1716 2051 1757 et
2096 1707 2418 1774 sapientiam
2456 1707 2549 1761 Dei
2586 1710 2908 1778 principium
2948 1711 3244 1764 exsistendi
3275 1713 3568 1782 accepisse.

318 1784 610 1853 κλήματα,
662 1785 724 1833 οὐ
774 1780 897 1845 ξένα
950 1781 1248 1845 δεικνύων,
1292 1783 1411 1835 οὐδὲ
1458 1786 1742 1858 ἑτερογενῆ
1789 1790 1888 1859 τῆς

1993 1796 2453 1860 Quemadmodum
2478 1798 2620 1851 enim
2649 1798 2769 1852 aliis
2795 1799 2956 1852 vitem
2986 1800 3220 1869 seipsum
3250 1815 3376 1855 esse
3409 1802 3569 1863 dicit,

315 1875 564 1944 ἀμπέλου
607 1873 677 1925 τὰ
714 1872 968 1942 κλήματα
995 1913 1009 1935 ,
1058 1873 1170 1925 ἀλλ’
1210 1873 1269 1937 ἐξ
1318 1876 1530 1946 ἐκείνης
1572 1877 1699 1931 ὄντα
1747 1881 1887 1933 κατὰ

317 1969 478 2035 φύσιν
503 2007 521 2029 ,
568 1964 738 2027 οὕτως
772 1964 1002 2017 ἐνταῦθα
1038 1965 1284 2034 θεμέλιον
1318 1967 1474 2037 ἡμῶν
1520 1969 1709 2022 ἑαυτὸν
1748 1968 1889 2024 εἶναί

317 2069 502 2121 φησιν,
540 2052 626 2104 ἴνα
645 2052 756 2105 τῶν
782 2053 1318 2122 ἐποικοδομουμένων
1342 2057 1428 2107 ἐπ’
1455 2057 1601 2127 αύτῴ
1632 2059 1729 2125 τὴν
1754 2060 1885 2128 πρὸς

316 2144 476 2197 αὑτὸν
504 2143 747 2213 ἐπιδείξῃ
779 2144 1103 2211 συγγένειαν
1134 2146 1389 2215 φυσικὴν,
1417 2148 1503 2199 ὅτε
1533 2148 1752 2216 γέγονεν
1792 2150 1885 2202 ἄν·

316 2236 554 2303 θρωπος.
589 2234 722 2286 Τότε
758 2233 866 2303 γὰρ
893 2235 988 2287 καὶ
1034 2235 1176 2288 κατὰ
1226 2237 1388 2304 φύσιν
1432 2238 1578 2308 αύτῷ
1623 2242 1889 2293 συναπτό-

316 2327 478 2395 μεθα,
518 2327 614 2379 καὶ
655 2326 758 2395 τῆς
804 2327 940 2396 πρὸς
979 2328 1139 2381 αὑτὸν
1170 2330 1489 2397 ὁμογενείας
1527 2330 1887 2403 ἐξηρτημένοι

312 2420 502 2488 ὥσπερ
550 2419 647 2487 τῆς
692 2418 939 2487 ἀμπέλου
980 2420 1048 2472 τὰ
1088 2420 1375 2491 κλήματα,
1432 2425 1886 2494 καρποφοροῦμεν

312 2512 410 2579 τὴν
441 2512 521 2571 εἰς
567 2508 697 2561 Θεὸν
746 2509 1046 2565 εὐσέϐειαν.
1086 2512 1278 2563 Κείται
1311 2514 1598 2583 τοιγαροῦν
1639 2514 1889 2585 θεμέλιος

316 2604 413 2671 μὲν
459 2602 886 2673 ὲνανθρωπήσας
925 2606 955 2657 ό
999 2604 1095 2656 τοῦ
1131 2604 1266 2657 Θεοῦ
1294 2606 1464 2672 Λόγος
1484 2624 1496 2637 ο
1528 2611 1687 2677 ἡμεῖς
1713 2609 1769 2661 δὲ
1800 2612 1885 2661 ἐπ’

312 2693 464 2761 αύτῷ
514 2694 763 2763 καθάπερ
810 2695 950 2757 τινὲς
993 2696 1139 2763 ἆγιοι
1186 2697 1319 2750 λίθοι
1360 2699 1882 2769 ὲποικοδομούμεθα,

314 2784 401 2837 ἕνα
432 2786 530 2837 καὶ
556 2787 681 2848 ναὸς
702 2785 796 2838 τοῦ
829 2785 1165 2851 ἐνοικοῦντος
1190 2789 1247 2839 ὲν
1276 2790 1408 2858 ἡμῖν
1442 2789 1598 2857 ἁγίου
1631 2790 1884 2861 Πνεύμα-

310 2893 403 2937 'm;
435 2878 887 2947 χρηματίσωμεν.

980 3014 1181 3067 ΔΛΛΟ.

387 3163 409 3195 ι
444 3143 558 3214 Πρὸ
588 3142 682 3195 τοῦ
712 3145 906 3207 αἰῶνος
930 3144 1259 3213 ὲθεμελίωσέ
1289 3164 1375 3216 με.
1407 3168 1424 3198 ι
1468 3147 1699 3218 Εῦλογον
1731 3148 1884 3222 οἶμαι
1913 3106 1954 3162 C

308 3233 407 3285 καὶ
428 3224 725 3299 ἀναγκαῖον
747 3234 926 3286 αὐτῶν
951 3236 1289 3304 φαινομένων
1314 3239 1771 3309 παραδειγμάτων
1788 3244 1884 3306 τὰς

310 3325 582 3392 ἀνοήτους
628 3324 737 3377 τῶν
787 3325 1079 3395 αἱρετικῶν
1138 3329 1465 3382 ἀνακόπτειν
1530 3334 1883 3397 κακοδοξίαςο

310 3417 456 3485 τάχα
492 3416 595 3470 κᾶν
622 3416 765 3470 οὕτω
780 3417 1193 3488 δυσωπηθέντες
1214 3420 1311 3490 τὴν
1337 3421 1613 3491 ἀλήθειαν,
1633 3424 1769 3494 πρὸς
1788 3426 1886 3489 τὰς

308 3509 629 3577 δυσφημίας
652 3510 1101 3580 ἀποναρκήσωσι.
1135 3512 1209 3563 Τὸ
1243 3511 1492 3581 θεμελιού
1503 3532 1659 3583 μενον
1685 3518 1882 3581 τοίνυν,

309 3601 408 3654 καὶ
432 3602 513 3662 εἰς
538 3600 797 3670 τοιαύτην
834 3602 955 3654 τινὰ
978 3601 1391 3672 λαμϐανόμενον
1420 3606 1628 3673 χρείαν,
1666 3608 1724 3658 ού
1749 3609 1886 3660 πάν-

308 3706 420 3751 τως
451 3690 575 3741 τότε
604 3688 699 3741 τοῦ
726 3686 866 3742 εἶναι
894 3690 992 3761 τὴν
1020 3692 1193 3762 ἀρχὴν
1223 3691 1345 3762 ἔχον
1376 3695 1642 3761 φαίνεται,
1675 3697 1764 3748 ὅτε
1794 3698 1885 3749 καὶ

308 3783 393 3844 είς
422 3780 676 3850 θεμέλιον
715 3780 1017 3851 πέμπεται.
1048 3785 1183 3853 Φέρε
1223 3783 1330 3853 γὰρ
1356 3787 1547 3847 εἰπεῖν,
1580 3785 1718 3838 ἔστω
1742 3787 1887 3851 λίθος

306 3875 371 3925 τὸ
403 3872 899 3941 καταπεμπόμενον
942 3875 1037 3926 καὶ
1080 3875 1139 3927 ἐν
1166 3877 1231 3944 τῇ
1268 3878 1338 3946 γῇ
1374 3878 1771 3948 κρυπτόμενον·
1804 3880 1888 3931 δεῖ

308 3965 531 4033 πρῶτον
558 3965 722 4017 αὑτὸν
750 3966 857 4017 ἀπό
888 3982 1030 4028 τινος
1074 3966 1279 4037 πέτρας
1304 3968 1337 4037 ἦ
1366 3968 1422 4033 ἐξ
1449 3968 1608 4040 ὅρους
1639 3971 1879 4041 ἀποτμη-

308 4055 494 4120 θέντα,
527 4056 664 4125 πρὸς
695 4056 793 4127 τὴν
826 4056 1082 4127 τοιαύτην
1138 4057 1507 4127 λαμϐάνεσθαι
1540 4060 1759 4131 χρείαν
1794 4063 1898 4115 καὶ·

308 4147 582 4217 πρότερόν
624 4164 689 4215 γε
732 4148 902 4211 ἔστιν,
948 4144 1046 4201 εἷθ’
1090 4147 1231 4201 οὕτω
1262 4150 1512 4220 θεμέλιος
1552 4153 1757 4220 γίνεται
1807 4155 1885 4217 εἰς

309 4239 480 4308 βάθος
508 4239 613 4308 γῆς
642 4239 1142 4309 καταχωννύμενος.
1162 4241 1301 4294 Ἀλλ’
1329 4242 1486 4313 εἴπερ
1512 4262 1594 4306 τις
1622 4244 1697 4314 τῷ
1722 4262 1887 4297 κατα-

307 4330 569 4400 ϐληθέντι
611 4331 743 4401 λίθῳ
791 4332 909 4401 δοίη
947 4333 1165 4402 φωνὴν,
1202 4334 1295 4385 καὶ
1342 4335 1431 4387 τὸν
1461 4336 1730 4407 ἀνθρώπῳ
1764 4335 1891 4405 πρέ-

1992 1904 2089 1942 nos
2125 1898 2305 1941 autem
2360 1890 2487 1943 vitis
2521 1889 2768 1958 palmites
2799 1891 2839 1957 ¹,
2892 1892 2981 1960 qui
3029 1893 3346 1947 naturaliter
3377 1909 3444 1948 ex
3483 1893 3569 1947 illa

1992 1983 2123 2047 sint,
2171 1983 2242 2036 ita
2288 1984 2375 2036 hic
2416 1982 2820 2035 fundamentum
2867 1992 3109 2036 nostrum
3164 1985 3402 2053 seipsum
3439 1999 3562 2040 esse

1988 2073 2235 2137 affirmat,
2270 2084 2326 2127 ut
2358 2088 2546 2127 eorum
2583 2073 2671 2141 qui
2723 2074 2821 2143 ipsi
2870 2075 3371 2142 superaedificantur
3403 2089 3562 2130 natu-

1988 2162 2154 2215 ralem
2202 2177 2386 2216 secum
2423 2162 2797 2230 cognationem
2833 2161 3094 2225 declaret,
3132 2166 3348 2231 quando
3395 2164 3572 2220 factus

1987 2266 2069 2309 est
2113 2256 2294 2309 homo.
2330 2253 2483 2308 Tunc
2520 2254 2664 2307 enim
2701 2253 2997 2307 secundum
3033 2261 3283 2306 naturam
3318 2254 3366 2308 ei
3401 2269 3566 2324 copu-

1990 2346 2182 2405 lamur,
2235 2344 2527 2411 eademque
2581 2342 2966 2411 conjunctione
3025 2357 3129 2410 qua
3174 2340 3425 2410 palmites
3470 2344 3565 2395 viti

1988 2436 2088 2503 ipsi
2122 2435 2332 2498 inserti,
2365 2434 2583 2504 pictatis
2633 2436 2685 2489 in
2728 2435 2893 2489 Deum
2928 2434 3134 2487 fructus
3161 2434 3391 2487 edimus.
3433 2432 3566 2487 Ver-

1989 2528 2112 2579 bum
2149 2528 2326 2596 itaque
2361 2526 2453 2580 Dei
2483 2526 2892 2580 fundamentum
2924 2532 3166 2578 nostrum
3192 2525 3427 2593 positqu
3459 2532 3565 2586 est,

1986 2634 2105 2671 cum
2142 2619 2530 2672 humanitatem
2578 2618 2872 2687 assumpsit
2923 2635 2936 2671 ι
2983 2632 3079 2671 nos
3123 2630 3248 2671 vero
3291 2616 3339 2670 ei
3396 2616 3563 2670 Veluti

1986 2709 2399 2775 sanctiquidam
2426 2708 2632 2775 lapides
2659 2706 3182 2776 super:e«.lificamnr,
3228 2717 3285 2758 ιιι
3332 2716 3386 2758 et
3436 2717 3565 2760 tem-

1987 2797 2132 2865 plum
2169 2796 2528 2849 inhahitantis
2559 2796 2613 2849 in
2646 2796 2803 2849 nobis
2827 2796 3059 2866 Spiritus
3092 2797 3262 2849 sancti
3290 2810 3560 2851 vocemur.

2672 3009 2895 3063 ALIUD.

2065 3166 2081 3198 ι
2118 3150 2257 3200 Ante
2310 3145 2505 3200 saecula
2557 3145 2801 3199 fundavit
2856 3160 2959 3197 mc.
2998 3164 3016 3196 ι
3078 3146 3271 3214 Operae
3331 3147 3561 3212 pretium

1986 3239 2342 3293 existimarim
2398 3238 2739 3292 evidentibus
2779 3235 3040 3303 exemplis
3083 3239 3299 3289 insanas
3345 3236 3563 3289 haereti-

1985 3345 2170 3385 corum
2204 3331 2487 3399 opiniones
2540 3329 2823 3381 confutare
2870 3346 2883 3381 :
2927 3329 3039 3382 lieri
3089 3329 3232 3381 enim
3286 3337 3461 3395 potest
3506 3340 3561 3381 ut

1986 3417 2057 3470 ita
2083 3419 2147 3470 ad
2175 3417 2415 3471 veritatis
2444 3417 2805 3485 cognitionem
2850 3420 3237 3471 erubescentes
3262 3432 3289 3468 a
3317 3401 3563 3484 blasphe-

1985 3509 2108 3561 miis
2140 3508 2464 3561 abstineant.
2507 3508 2658 3573 Quod
2702 3509 2867 3577 igitur
2908 3509 3164 3561 fundatur
3192 3516 3247 3562 et
3296 3510 3349 3561 in
3404 3510 3557 3561 illum

1985 3617 2142 3655 usum
2184 3602 2435 3662 sumitur,
2470 3617 2574 3654 non
2611 3602 2834 3655 omnino
2862 3612 2988 3655 tunc
3022 3602 3317 3655 cxsistcndi
3349 3602 3559 3654 initium

1986 3694 2185 3746 habere
2220 3695 2488 3753 cernitur,
2520 3694 2737 3759 quando
2773 3693 2825 3745 in
2859 3692 3266 3746 fundamentum
3306 3695 3558 3746 mittitur.

1993 3785 2150 3853 172
2198 3782 2331 3835 Nam
2363 3783 2588 3850 exempli
2620 3783 2818 3849 gratia,
2843 3797 3032 3835 saxum
3062 3784 3111 3835 in
3146 3792 3342 3835 terram
3367 3783 3559 3836 funda-

1986 3879 2152 3931 menti
2183 3877 2301 3930 loco
2329 3874 2557 3943 jactum,
2588 3888 2808 3927 necesse
2833 3885 2915 3927 est
2944 3885 2999 3927 ιιι
3048 3876 3279 3942 primum
3313 3890 3376 3926 ex
3411 3885 3559 3941 petra

1985 3969 2069 4022 vel
2099 3985 2229 4039 rupe
2252 3969 2491 4021 excisum
2524 3968 2588 4021 ad
2611 3966 2873 4034 ejusmodi
2899 3982 3052 4019 usum
3082 3968 3556 4019 aerommodetur:

1988 4063 2132 4130 atqui
2174 4062 2322 4130 prius
2354 4060 2588 4124 exsistit,
2621 4058 2814 4113 deinde
2846 4057 3185 4111 fundamenti
3218 4056 3337 4111 loco
3371 4057 3473 4111 alte
3505 4059 3556 4112 in

1987 4161 2185 4206 terram
2219 4152 2541 4206 demittitur.
2581 4151 2649 4203 At
2678 4150 2722 4205 si
2753 4152 2873 4220 quis
2913 4164 3047 4203 saxo
3077 4149 3129 4202 in
3163 4158 3363 4203 terram
3396 4151 3560 4203 misso

1987 4258 2177 4296 vocem
2211 4252 2264 4296 ct
2310 4241 2641 4295 intellectum
2679 4241 2880 4295 homini
2909 4248 3295 4311 congruentem
3335 4239 3560 4307 tribuat,

1989 4336 2039 4388 id
2072 4338 2137 4388 de
2167 4335 2345 4402 seipso
2378 4336 2446 4386 ita
2484 4335 2661 4389 dicere
2693 4333 3112 4403 possit:Saxum
3145 4333 3361 4403 quidem
3389 4349 3558 4397 eram,

305 4439 486 4475 ποντα
516 4424 844 4493 χορηγήσειε
878 4423 1033 4486 νοῦν,
1060 4427 1205 4477 εἶποι
1237 4426 1301 4476 ἂν
1335 4426 1401 4477 τὰ
1432 4427 1553 4478 καθ’
1586 4428 1776 4480 ἑαυτὸν
1803 4426 1887 4492 ἐξ-

1994 4428 2043 4476 in
2069 4439 2199 4491 rupe
2217 4425 2296 4475 vel
2326 4433 2506 4477 monte
2529 4422 2714 4490 jacens
2742 4441 2753 4475 :
2785 4436 2926 4476 nunc
2955 4436 3084 4475 vero
3102 4420 3272 4473 factus
3299 4434 3414 4473 sum
3442 4421 3562 4471 fun-

304 4515 639 4583 ηγούμενος,
674 4514 755 4565 ὅτι
786 4513 945 4575 Λίθος
978 4514 1078 4583 μὲν
1103 4515 1250 4585 ἤμην
1284 4518 1363 4578 εἰς
1398 4517 1598 4587 πέτραν
1634 4518 1885 4587 κείμενος

304 4607 339 4675 ἦ
368 4608 433 4657 ἐν
460 4604 605 4674 ὸρει·
634 4605 751 4656 νυνὶ
782 4604 839 4656 δὲ
873 4604 1073 4672 γέγονα
1120 4606 1384 4671 θεμέλιος,
1414 4607 1511 4676 τὴν
1556 4607 1884 4676 συνέχουσάν

306 4714 378 4763 με
413 4696 519 4764 γῆν
545 4696 1032 4765 περιὸεὸλημένος.
1067 4695 1223 4748 Οῦτω
1247 4713 1363 4759 πως
1394 4700 1607 4768 νοήσεις
1648 4698 1885 4763 εὐσεϐῶς

302 4787 407 4838 καὶ
440 4785 533 4837 ἐπὶ
568 4785 671 4855 τῆς
700 4785 794 4839 τοῦ
823 4786 959 4838 Θεοῦ
986 4786 1199 4855 σοφίας,
1228 4789 1494 4852 τουτέστι,
1522 4789 1613 4842 τοῦ
1638 4789 1765 4841 Υἱοῦ
1784 4804 1797 4818 ·
1817 4785 1885 4858 ἦν

306 4881 415 4948 μὲν
443 4878 551 4948 γὰρ
584 4880 643 4931 ὲν
670 4880 813 4949 ἀρχῇ
839 4879 976 4950 πρὸς
1004 4880 1095 4931 τὸν
1134 4880 1289 4943 Θεὸν,
1331 4879 1426 4932 καὶ
1462 4879 1593 4943 Θεὸς
1622 4878 1712 4952 ἦν,
1745 4882 1889 4935 καθὰ

299 4969 645 5034 γέγραπται.
677 4967 804 5019 Ὅτε
833 4967 891 5019 δὲ
920 4966 1171 5037 καθάπερ
1200 4985 1284 5031 τις
1326 4967 1472 5031 λίθος
1512 4968 1641 5021 ἄνευ
1690 4969 1888 5038 χειρῶν

301 5055 369 5118 ἐξ
403 5055 565 5123 ὅρους
593 5056 953 5126 ἀποτμηθεὶς,
979 5056 1276 5121 τουτέστιν,
1305 5057 1414 5111 ἀπὸ
1440 5057 1537 5126 τῆς
1577 5058 1763 5120 οὐσίας
1790 5057 1884 5110 τοῦ

300 5144 530 5213 Πατρὸς
560 5143 860 5213 προελθὼν,
892 5145 1143 5216 καθάπερ
1172 5147 1294 5201 τινὰ
1331 5147 1437 5216 γῆν
1483 5147 1582 5216 τὴν
1610 5147 1882 5218 ἡμετέραν

299 5234 498 5304 σάρκα
537 5234 914 5305 περιεϐάλετο,
959 5237 1081 5290 τότε
1120 5238 1215 5290 καὶ
1252 5236 1676 5306 τεθεμελιῶσοαί
1722 5255 1886 5310 φησιν

295 5327 528 5391 ἑαυτὸν,
548 5329 831 5398 μονονουχὶ¹
857 5328 1047 5396 λέγων·
1066 5328 1239 5396 Λόγον
1262 5329 1330 5398 μὲ
1350 5329 1478 5382 ὄντα
1503 5331 1599 5382 καὶ
1618 5331 1742 5384 Υίὸν
1757 5332 1887 5403 ἁλη-

294 5420 457 5474 θινὸν
478 5422 507 5473 ὀ
534 5422 722 5491 Πατὴρ
749 5422 924 5492 γηΐνῳ
953 5420 1313 5492 περιὸέὸληκε
1338 5421 1571 5491 σώματι,
1606 5422 1692 5475 ἵνα
1726 5423 1886 5493 θεμέ-

290 5514 424 5576 λιος
468 5512 714 5583 γένωμαι
760 5514 854 5566 καὶ
890 5514 1034 5585 ἀρχὴ
1066 5512 1174 5567 τῶν
1220 5513 1758 5585 ὲποικοδομουμένων
1806 5517 1887 5579 είς

379 5689 404 5719 ¹
432 5687 589 5743 Joan.
629 5705 716 5752 xv,
879 5692 898 5721 ¹
935 5688 1088 5744 Joan.
1117 5706 1157 5753 ι,
1201 5690 1250 5754 1,
1286 5689 1343 5741 2.

1993 4513 2322 4577 damentnm,
2358 4524 2514 4567 terrm
2538 4527 2659 4581 qua:
2702 4512 2943 4565 continet
2982 4512 3228 4564 obrutus.
3278 4505 3353 4561 Ita
3396 4517 3559 4561 etiam

1992 4602 2075 4668 pic
2100 4602 2165 4655 de
2195 4602 2457 4671 sapientia
2496 4602 2607 4664 Dei,
2643 4602 2746 4654 hoc
2775 4609 2858 4655 est
2893 4599 3319 4667 Filio,judicare
3350 4597 3519 4665 possis
3545 4615 3558 4648 :

1991 4703 2109 4747 erat
2143 4695 2285 4747 enim
2323 4697 2372 4745 in
2415 4693 2678 4761 principio
2727 4694 2863 4761 apud
2899 4693 3088 4753 Deum,
3143 4701 3195 4743 et
3236 4688 3377 4742 Deus
3420 4699 3560 4751 erat,

1991 4785 2128 4836 sicut
2161 4785 2418 4851 scriptum
2450 4794 2530 4836 est
2554 4785 2593 4835 ¹.
2620 4780 2844 4848 Quando
2876 4792 3053 4835 autem
3083 4779 3242 4833 veluti
3281 4779 3414 4847 lapis
3444 4778 3561 4846 qni-

1995 4872 2140 4935 dam,
2162 4873 2303 4925 nulla
2332 4888 2586 4926 manuum
2613 4887 2774 4941 opera
2800 4887 2830 4925 e
2863 4882 3042 4926 monte
3064 4872 3297 4933 excisus,
3326 4873 3426 4925 hoc
3449 4880 3553 4929 est,

1992 4978 2055 5017 ex
2096 4965 2331 5031 essentia
2382 4964 2555 5017 Patris
2604 4967 2926 5033 procedens,
2972 4980 3135 5019 carne
3182 4972 3363 5016 nostra
3399 4963 3558 5016 veluti

1994 5064 2138 5108 terra
2186 5055 2415 5121 quadam
2451 5055 2675 5107 obrutus
2724 5064 2828 5117 est,
2882 5065 3009 5106 tunc
3054 5053 3459 5106 fundamentum
3506 5066 3563 5105 se
3654 5070 3659 5075 ·

1992 5146 2141 5211 dicit,
2173 5147 2321 5214 quasi
2352 5148 2491 5200 dicat
2525 5163 2538 5198 :
2584 5147 2742 5200 Pater
2781 5161 2887 5210 me,
2921 5160 3041 5199 cum
3084 5146 3184 5198 sim
3226 5143 3461 5199 Verbum
3500 5159 3563 5196 ac

1994 5252 2154 5292 verus
2193 5237 2381 5301 Filius,
2416 5249 2631 5292 terreno
2655 5252 2879 5305 corpore
2917 5235 3160 5301 involvit,
3189 5247 3247 5289 ut
3287 5236 3408 5288 liam
3438 5234 3561 5287 fitn-

1992 5332 2303 5384 damentum
2333 5340 2386 5384 et
2414 5329 2737 5399 principium
2766 5343 2951 5383 eormn
2980 5328 3069 5396 qui
3096 5340 3259 5397 super
3283 5342 3366 5379 me
3395 5324 3562 5379 militi-

1994 5424 2261 5478 cahuntur
2299 5436 2395 5490 per
2444 5421 2638 5487 tidem,
2680 5428 2737 5474 ut
2763 5434 3054 5489 corporeus
3078 5434 3199 5473 cum
3232 5418 3309 5471 eis
3338 5417 3562 5471 effectus

1994 5516 2281 5585 suscipiam
2313 5529 2405 5571 cos
2439 5514 2493 5569 in
2522 5529 2684 5569 unam
2725 5526 2934 5568 mecum
2973 5521 3301 5568 structuram
3337 5509 3559 5565 concin-
