4036 6208
521 246 620 351 εόι
1520 288 1579 345 S.
1623 287 1900 343 CYRILLI
1937 282 2405 341 ALEXANDRINI
2448 284 2766 341 ARCHIEP.
3687 276 3790 339 192

525 417 706 470 natos.
737 416 903 475 atque
938 415 1253 477 compactos
1277 420 1374 477 per
1401 405 1780 475 cognationem
1809 403 2104 458 carnalem.

2231 405 2312 475 ιμὲ
2343 405 2434 459 διὰ
2478 405 2580 475 τῆς
2613 405 2879 469 πίστεως·
2928 404 3024 458 καὶ
3064 420 3348 474 συσσωμος
3405 401 3612 464 τούτοις
3656 404 3789 455 ἁνα-

522 498 778 567 δειχθεὶς,
809 496 1051 567 δέξωμαι
1120 496 1729 568 συναρμολογουμὲνους
1771 495 2016 565 φυσικῶς
2055 495 2149 548 καὶ
2188 496 2687 567 συνδεσμουμένους
2747 495 2885 565 πρὸς
2913 496 3014 565 ἐμὲ
3037 494 3125 548 διὰ
3151 493 3249 565 τὴν
3280 492 3423 547 κατὰ
3448 493 3628 562 σάρκα
3661 508 3791 560 συγ-

522 606 549 657 γ
562 590 760 643 ἐνειαν.

1207 704 1419 760 ALIUD
1439 736 1453 750 .

912 816 999 871 Ea:
1025 816 1319 886 objectione
1350 819 1739 875 haereticorum.

600 954 671 1007 At
711 966 817 1023 quo
863 960 1043 1020 pacto,
1081 949 1356 1019 inquiunt,
1405 953 1577 1022 possit
1617 954 1771 1021 illud,
1813 975 1834 1008 ι
1873 956 2121 1012 fundavit

2889 696 3105 750 ΔΛΛΟ.

2428 801 2527 875 Ὧς
2553 802 2623 873 ἐξ
2661 807 3018 874 ἀντιθέσεως
3050 807 3170 863 τῶν
3204 808 3533 878 αἱρετικῶν.

2298 941 2409 995 Καὶ
2436 940 2553 1004 πῶς
2584 941 2650 993 ἂν
2674 940 2919 1005 δύναιτο,
2947 940 3113 1010 φασὶ,
3150 940 3213 993 τὸ
3251 958 3269 991 ι
3303 941 3633 1011 ὲθεμελίωσὲ
3668 927 3738 1013 με
3774 962 3794 995 ι

529 1060 634 1110 tne,
661 1064 679 1096 ι
711 1045 777 1098 de
800 1043 1178 1096 incarnatione
1202 1036 1367 1099 Verbi
1394 1044 1640 1115 intelligi,
1664 1062 1787 1102 cum
1818 1048 1934 1117 ipse
1975 1049 2120 1102 dicat

2231 1039 2303 1102 ιίς
2330 1037 2431 1108 τὴν
2458 1034 2601 1107 μετὰ
2625 1034 2826 1105 σαρκὸς
2854 1034 3295 1104 ὲκλαμϐἁνεσθαι
3326 1034 3419 1089 τοῦ
3462 1037 3634 1101 Λόγου
3662 1055 3796 1107 παρ-

526 1151 586 1190 se
618 1143 745 1189 ante
776 1132 972 1189 sartula
1002 1132 1311 1199 fundatum,
1336 1146 1626 1205 antequam
1655 1146 1798 1193 terra
1824 1142 1975 1193 fieret
1999 1139 2039 1203 ³,
2067 1148 2123 1193 et

2231 1131 2431 1196 ουσίαν,
2464 1130 2598 1182 ὃπου
2626 1128 2790 1197 φησὶν
2819 1128 2982 1189 αὐτὸς
3020 1127 3127 1197 πρὸ
3155 1127 3249 1180 τοῦ
3291 1128 3486 1191 αἰῶνος
3512 1128 3799 1200 ήδρᾶσθαι,

526 1238 814 1295 antequam
839 1239 1052 1281 montes
1076 1220 1482 1282 stabilirentur‘?
1499 1226 1839 1284 Manifestum
1858 1231 2001 1284 enim
2017 1238 2119 1296 est,

529 1320 713 1373 multis
739 1327 930 1388 pdstea
979 1320 1340 1387 temporibus,
1386 1334 1549 1390 quam
1602 1330 1773 1375 tutum
1808 1322 2119 1376 universum

528 1427 585 1471 et
625 1414 887 1486 quidquid
925 1414 981 1468 in
1018 1428 1086 1469 e0
1116 1423 1221 1479 est,
1259 1414 1438 1480 iteret,
1489 1415 1916 1471 incarnationem
1959 1415 2120 1471 Verbi

531 1506 728 1561 factam
758 1520 895 1561 esse.

1042 1641 1253 1698 Salutio
1279 1641 1612 1713 objedtionil.

602 1753 956 1824 Nequaquam
989 1753 1203 1810 difﬁcile
1228 1763 1311 1810 est
1344 1753 1410 1808 ad
1442 1752 1710 1823 ejusmodi
1746 1750 2124 1808 litereticorunt

535 1846 873 1915 obiectiones
909 1846 1277 1915 respondere;
1311 1846 1619 1901 necessaria
1656 1852 1835 1899 tamen
1865 1853 1949 1899 est
1974 1842 2127 1897 audi-

2224 1222 2331 1293 πρὸ
2361 1220 2458 1275 τοῦ
2492 1221 2591 1291 τὴν
2626 1219 2733 1289 γῆν
2758 1221 3006 1289 ποιῆσαι,
3042 1218 3146 1289 πρὸ
3172 1218 3266 1272 τοῦ
3297 1219 3399 1289 ὅρη
3431 1206 3800 1290 ὲδρασθῆναιε

2224 1314 2460 1385 Εὔδηλον
2488 1314 2597 1383 γὰρ
2625 1313 2700 1377 ὡς
2722 1312 2935 1375 πολλοῖς
2961 1311 3187 1380 ὕστερον
3216 1312 3427 1381 χρόνοις
3452 1312 3591 1382 μετὰ
3618 1312 3679 1364 τὸ
3706 1330 3798 1380 γε-

2224 1407 2408 1462 νέσθαι
2427 1407 2546 1459 τόδε
2571 1406 2630 1458 τὸ
2656 1405 2876 1472 σύμπαν
2901 1404 2995 1457 καὶ
3024 1403 3092 1456 τὰ
3115 1406 3171 1456 ὲν
3202 1404 3376 1472 αὐτῷ,
3404 1404 3625 1473 γέγονεν
3654 1406 3687 1477 ή
3718 1404 3800 1457 ἐν·

2228 1514 2429 1569 σαρκος
2459 1497 2741 1569 οἰκονομία
2773 1496 2868 1550 τοῦ
2902 1496 3105 1564 Λόγου.

2712 1631 2870 1701 Πρὸς
2899 1631 3079 1686 τοῦτο
3107 1632 3313 1699 λύσις.

2297 1736 2441 1817 Πρὸς
2472 1734 2538 1816 δὴ
2578 1742 2646 1797 τά
2685 1742 2907 1795 τοιαῦτα
2939 1742 3048 1795 τῶν
3081 1742 3371 1813 αἰρετικῶν
3414 1744 3802 1815 προϐλήματα,

2226 1834 2488 1906 δυσχερὲς
2520 1834 2621 1905 μὲν
2655 1834 2810 1886 οὐδὲν
2850 1821 3185 1901 ἀντιλέγειν·
3224 1835 3383 1905 χρεία
3423 1835 3479 1888 δὲ
3518 1837 3667 1905 ὅμως
3704 1839 3804 1907 τῆς

537 1947 715 1991 torum
760 1935 1046 2005 prudentia
1093 1945 1148 1991 et
1180 1937 1381 2005 pietas.
1426 1936 1581 2004 Quod
1628 1936 1774 1990 enim
1807 1937 1907 1991 suh
1962 1934 2124 1988 tinent

2231 1926 2335 1979 τῶν
2365 1924 2731 1996 ἀκροωμένων
2768 1924 3073 1986 εὐλαϐείας.
3101 1925 3220 1976 Ὀτι
3253 1925 3352 1995 μὲν
3395 1924 3503 1995 γὰρ
3539 1928 3633 1979 ἐπὶ
3663 1928 3805 1981 τέλει

535 2031 823 2100 praesentis
845 2030 1025 2085 seculi
1058 2030 1261 2085 Christi
1288 2032 1550 2085 adventus
1575 2045 1671 2099 per
1693 2044 1914 2084 carnem
1950 2028 2126 2083 factus

540 2125 637 2191 sit,
665 2137 845 2189 nemo,
874 2131 934 2177 ut
960 2123 1215 2185 arbitror,
1250 2132 1438 2177 eorum
1473 2122 1564 2190 qui
1593 2130 1739 2175 recte
1762 2120 2003 2175 sentiunt
2031 2133 2127 2173 ne-

536 2217 707 2287 gabit.
760 2213 1043 2271 Manifesta
1092 2214 1240 2269 enim
1295 2222 1424 2269 sunt
1474 2228 1594 2283 qua:
1640 2226 1796 2268 sacra
1845 2210 2125 2280 Scriptura

537 2309 857 2379 proclamat.
900 2308 970 2361 At
1010 2298 1154 2361 Deus
1198 2305 1289 2376 qui
1342 2304 1523 2359 futura
1573 2306 1756 2360 dmnia
1804 2304 1972 2369 novit,
2022 2316 2126 2356 non

537 2400 755 2471 quando
779 2412 867 2454 res
890 2398 1019 2469 ipsa:
1039 2398 1315 2460 eveniunt,
1340 2397 1503 2452 etiam
1532 2406 1660 2450 ante
1682 2394 2125 2450 constitutionem

539 2491 722 2547 mundi
783 2492 966 2552 novlt,
1026 2496 1149 2559 qua!
1203 2489 1407 2543 ultimis
1466 2484 1806 2556 temporibus
1862 2494 2126 2540 eventura

536 2594 742 2643 essent.
794 2585 1001 2639 Idcirco
1045 2592 1163 2653 quae
1207 2583 1380 2653 ipsum
1430 2582 1660 2646 decent,
1719 2578 1922 2633 faciens
1954 2621 1969 2642 ,
2022 2592 2126 2631 non

538 2680 757 2749 quando
792 2694 891 2733 nos
923 2672 1051 2732 facti
1081 2691 1291 2741 sumus,
1329 2685 1455 2728 tunc
1490 2674 1722 2744 primum
1754 2671 1821 2726 de
1846 2670 2000 2725 nobis
2033 2672 2128 2725 de-

538 2769 755 2832 liberat,
786 2782 972 2822 verum
1002 2766 1165 2821 etiam
1193 2770 1489 2833 antequam
1516 2764 1671 2819 fleret
1726 2773 1890 2831 terra,
1919 2772 1974 2818 et
2005 2772 2132 2819 ante

540 2858 744 2913 stecula
775 2870 953 2912 rerum
983 2866 1297 2911 nostrarum
1327 2860 1618 2911 successus
1647 2864 1702 2910 et
1729 2868 1955 2910 eventus
1991 2872 2129 2926 pra:-

543 2950 736 3003 novit:
769 2957 825 3000 et
862 2955 987 3001 ante
1013 2946 1208 3000 saecula
1242 2945 1487 2999 fundavit
1512 2944 1708 2999 Filium
1747 2960 1927 3011 suum,
1958 2961 2130 3013 qua»

543 3047 658 3090 tum
705 3036 772 3089 ad
826 3050 978 3089 suam
1027 3035 1414 3104 prmuotionem
1464 3036 1680 3100 attinet,
1727 3045 1785 3089 ut
1819 3051 1919 3090 uos
1970 3051 2133 3105 super

550 3142 675 3183 eum
700 3126 977 3190 aediﬁcati,
1019 3140 1364 3195 resurgaan
1392 3126 1443 3179 in
1474 3125 1931 3197 incorruptionem
1958 3129 2000 3191 δ,
2040 3130 2130 3198 qui

543 3219 782 3289 alioquin
821 3232 916 3286 per
948 3216 1107 3288 173
1133 3217 1632 3286 prsevaricationeut
1668 3218 1722 3271 in
1760 3218 2039 3272 interitum
2077 3229 2131 3274 et

2225 2019 2321 2073 τοῦ
2347 2019 2611 2089 παρόντος
2634 2017 2829 2081 αἰῶνος
2855 2020 2884 2088 ἡ
2915 2017 3055 2089 μετὰ
3088 2019 3289 2091 σαρκὸς
3308 2018 3403 2072 τοῦ
3420 2020 3594 2088 Λόγου
3615 2020 3805 2088 γέγονε

2228 2115 2526 2185 παρουσία,
2552 2114 2653 2167 οὐκ
2682 2113 2770 2177 ἂν,
2794 2110 2969 2184 οἶμαι,
3000 2114 3085 2178 τὶς
3108 2114 3216 2167 τῶν
3251 2110 3311 2168 εὖ
3339 2116 3678 2185 φρονούντων
3708 2119 3806 2187 ἀρ·

2228 2208 2470 2277 νήσαιτο.
2514 2205 2729 2274 Φανερὰ
2780 2203 2889 2273 γὰρ
2938 2205 3006 2258 τὰ
3061 2205 3120 2258 ὲν
3167 2207 3287 2268 ταῖς
3338 2205 3510 2268 θείαις
3558 2206 3807 2277 βοώμενα

2229 2291 2499 2372 Γραφαῖς,
2545 2298 2683 2351 Ἀλλ·
2713 2301 2742 2351 0
2769 2297 3053 2366 γινώσκων
3076 2297 3148 2352 τὰ
3171 2299 3407 2369 ἐσόμενα
3437 2299 3566 2363 630;
3592 2302 3688 2354 καὶ
3710 2302 3808 2371 οὑχ

2228 2390 2317 2443 ὅτε
2364 2390 2571 2457 γίνεται
2596 2390 2665 2442 τὰ
2696 2391 3032 2460 πράγματα,
3066 2392 3161 2443 καὶ
3190 2391 3296 2462 πρὸ
3326 2391 3429 2461 τῆς
3460 2391 3552 2444 τοῦ
3601 2392 3807 2462 κόσμου

2229 2480 2538 2551 καταϐολῆς
2565 2480 2679 2552 ᾔδει
2708 2482 2775 2533 τά
2797 2483 2855 2534 ὲν
2881 2483 3129 2552 ἐσχάτοις
3160 2482 3553 2552 συμϐησόμενα
3575 2486 3806 2553 καιροῑς.

2229 2574 2320 2625 Διὸ
2350 2573 2415 2643 δὴ
2440 2572 2507 2625 τὰ
2537 2572 2716 2643 ἑαυτῴ
2740 2572 3018 2644 πρέποντα
3039 2573 3318 2644 πράττων,
3349 2575 3449 2646 οὐχ
3472 2576 3561 2629 ὅτε
3588 2576 3807 2643 γεγόναο

2236 2681 2356 2736 μεν,
2383 2665 2504 2718 τότε
2539 2663 2755 2736 πρῶτον
2785 2666 2914 2735 περὶ
2956 2665 3114 2736 ἡμῶν
3162 2664 3501 2735 βουλεύεται,
3536 2668 3678 2723 ἁλλὰ
3714 2669 3811 2721 καὶ

2232 2756 2361 2824 πρὶν
2410 2754 2659 2822 γενέσθαι
2692 2753 2792 2825 τήν
2832 2756 2935 2824 γῆν
2978 2756 3073 2808 καὶ
3109 2759 3237 2820 τοὺς
3278 2756 3481 2820 αἰῶνας
3505 2797 3520 2821 ,
3556 2757 3714 2828 ἔσχεν
3752 2762 3813 2812 ὲν

2234 2845 2413 2916 ἑαυτῷ
2444 2845 2554 2899 τῶν
2603 2846 2727 2899 καθ’
2764 2846 2913 2917 ἡμᾶς
2956 2847 3056 2918 τὴν
3098 2847 3333 2916 γνῶσιν·
3372 2850 3467 2903 καὶ
3510 2850 3814 2920 προεθεμε-

2235 2936 2399 2989 λίωσε
2443 2937 2536 2989 τὸν
2582 2936 2779 2990 ἑαυτοῦ
2828 2938 2955 2990 Υίὸν
3004 2938 3126 2992 ὅσον
3174 2940 3253 3003 εἰς
3291 2940 3390 3006 τὴν
3431 2942 3638 2994 οἰκείαν
3676 2944 3814 3013 πρό·

2233 3042 2471 3093 γνωσιν,
2522 3026 2608 3079 ἵνα
2655 3030 2819 3097 ἡμεῖς
2864 3027 3385 3100 ἐποικοδομηθέντες
3430 3030 3599 3102 αὐτῷ,
3649 3032 3815 3087 πάλιν

2234 3117 2559 3187 ἀναστῶμεν
2586 3119 2667 3182 εἰς
2689 3118 2999 3189 ἀφθαρσίαν
3028 3123 3077 3173 οἱ
3109 3122 3365 3186 πεσόντες
3395 3124 3476 3184 εἰς
3498 3124 3706 3196 φθορὰν
3725 3126 3812 3181 διὰ

2234 3212 2334 3281 τὴν
2362 3211 2696 3281 παράϐασιν.
2734 3212 2889 3281 ᾜδει
2933 3213 3041 3283 γὰρ
3080 3214 3162 3267 ὅτι
3205 3216 3389 3286 νεκροὶ
3435 3217 3536 3287 μὲν
3575 3217 3817 3287 ἐσόμεθα

542 3308 950 3379 corruptionem
1006 3309 1395 3363 incideramus.
1443 3307 1666 3363 Sciebat
1710 3310 1855 3363 enim
1907 3325 2006 3364 nos
2035 3326 2128 3381 per

2235 3303 2324 3357 διὰ
2364 3302 2462 3375 τὴν
2507 3304 2817 3376 ἁμαρτίαν*
2864 3306 3167 3377 κεισόμεθα
3212 3306 3269 3360 δὲ
3310 3285 3380 3360 γὲν
3428 3285 3534 3378 γῆς
3577 3285 3813 3380 χώματι,

542 3411 829 3471 peccatum
875 3399 1192 3462 morituros,
1241 3408 1299 3453 ct
1343 3407 1563 3468 propter
1607 3399 2031 3455 inobedientiam
2077 3402 2128 3455 in

2234 3396 2380 3451 καθὰ
2410 3397 2743 3468 γέγραπται,
2774 3397 2863 3450 διὰ
2889 3398 2990 3469 τὴν
3022 3399 3232 3453 ἑαυτῶν
3261 3400 3565 3464 ἀπείθειαν,
3589 3404 3813 3456 ἀκούον-

544 3490 797 3562 sepulcro
839 3500 1019 3555 terrae,
1055 3499 1113 3543 ut
1153 3489 1417 3558 scriptum
1464 3499 1572 3553 cst,
1615 3491 1915 3556 cubituros,
1966 3504 2128 3562 atque

2231 3504 2356 3551 τες·
2402 3506 2420 3539 ι
2460 3488 2535 3558 Γῆ
2570 3483 2657 3550 εἰ,
2692 3488 2789 3541 καὶ
2821 3490 2902 3553 εἰς
2936 3490 3042 3559 γῆν
3095 3490 3391 3565 ἁπελεύσῃ.
3433 3512 3451 3542 ι
3500 3493 3721 3565 Ἐπειδὴ
3757 3496 3815 3547 δὲ

544 3583 828 3638 audituros
853 3600 866 3637 :
892 3599 912 3633 ι
939 3581 1107 3636 Terra
1129 3594 1208 3645 es,
1227 3591 1282 3634 et
1303 3581 1355 3633 in
1381 3591 1582 3634 terram
1610 3583 1921 3636 reverteris.
1955 3601 1972 3633 ι
1996 3582 2128 3637 Cum

2235 3576 2452 3649 χρηστὰ
2493 3579 2620 3648 περὶ
2648 3578 2806 3649 ήμῶν
2836 3579 2933 3632 καὶ
2962 3580 3129 3634 πάλαι
3158 3582 3589 3653 προεϐουλεύετο
3616 3586 3644 3636 0
3673 3586 3814 3638 πάν·

548 3683 730 3728 antem
762 3688 882 3741 qua"
929 3687 995 3727 ex
1044 3685 1103 3725 re
1139 3681 1330 3725 nostra
1375 3680 1554 3737 erant,
1596 3671 1763 3725 etiam
1812 3672 1880 3726 ab
1929 3682 2128 3727 aeterno

2233 3680 2341 3716 των
2369 3663 2528 3734 ήμῶν
2574 3668 2805 3736 ποιητής
2850 3683 2909 3719 τε
2946 3669 3043 3720 καὶ
3077 3668 3433 3740 δημιουργὸς,
3480 3673 3817 3746 προεθεώρει

548 3762 917 3832 praecogitarit
955 3762 1196 3818 omnium
1230 3770 1479 3816 nostrum
1524 3763 1774 3818 conditor
1813 3772 1868 3817 et
1895 3772 2132 3829 creator,

548 3852 799 3924 praevidit
828 3861 991 3920 atque
1019 3851 1311 3920 prrefinivit
1345 3867 1471 3906 eum
1524 3852 1617 3922 qui
1667 3864 1890 3924 propter
1937 3869 2037 3909 nos
2079 3862 2135 3908 et

548 3959 647 4015 pro
693 3944 850 3998 nobis
894 3943 1055 3997 homo
1102 3942 1316 3997 futurus
1367 3954 1535 4007 esset,
1590 3944 1691 3999 hoc
1742 3954 1845 4011 est,
1898 3944 2133 3998 Verbum

2235 3754 2333 3807 καὶ
2371 3755 2644 3827 προώριζε
2677 3756 2768 3809 τὸν
2796 3758 2863 3809 δι’
2897 3758 3046 3828 ἡμᾶς
3075 3760 3172 3813 καὶ
3201 3760 3340 3833 ὑπὲρ
3373 3763 3530 3833 ήμῶν
3560 3765 3819 3836 ἐσόμενον

2236 3845 2544 3916 ἄνθρωπον,
2568 3848 2840 3911 τουτέστι,
2867 3849 2959 3902 τὸν
2981 3850 3180 3906 ἑαυτοῦ
3211 3853 3406 3922 Λόγον,
3433 3854 3519 3909 ἵνα
3546 3858 3640 3910 καὶ
3672 3858 3817 3930 ἁρχὴ

2235 3936 2372 3988 ὁδῶν
2426 3937 2520 3988 καὶ
2579 3935 2827 4007 θεμέλιος
2886 3940 3116 4012 εὑρεθῇ,
3184 3944 3677 4018 ἁνακαινιζομένης
3735 3952 3817 4013 εἰς

546 4048 727 4100 suum,
758 4042 818 4089 ut
845 4034 1056 4089 initium
1081 4034 1291 4087 viarum
1315 4042 1371 4087 et
1396 4032 1806 4088 fundamentum
1831 4036 2128 4102 reperiatur

2237 4025 2545 4097 ἀφθαρσίαν
2573 4029 2673 4099 τῆς
2696 4029 2986 4101 ἀνθρώπου
3011 4033 3228 4102 φύσεως
3257 4038 3317 4091 ὲν
3347 4039 3521 4111 αὐτῷ,
3556 4042 3653 4094 καὶ
3689 4059 3818 4113 χρη-

549 4125 865 4180 inslaurata:
906 4124 960 4178 in
1009 4124 1124 4193 ipso
1152 4123 1405 4177 humana:
1438 4133 1644 4176 natura:
1674 4125 1740 4177 ad
1776 4125 2137 4194 incorruptio-

551 4232 698 4281 nem,
733 4225 899 4284 utque
931 4225 1172 4269 vocetur
1195 4213 1589 4285 primogenitus
1640 4216 1691 4269 in
1722 4215 1906 4269 multis
1940 4215 2131 4269 fratri-

550 4310 652 4361 bus
672 4306 716 4371 ⁵,
754 4316 809 4359 et
837 4314 1086 4375 resurgat
1121 4308 1358 4376 primitia
1382 4321 1570 4360 eorum
1606 4307 1698 4374 qui
1731 4306 2067 4361 dormierunt
2089 4306 2132 4361 ⁵.

2240 4119 2445 4192 ματίσῃ
2466 4122 2808 4192 πρωτότοκος
2840 4125 2898 4177 ὲν
2918 4123 3133 4190 πολλοῖς
3167 4126 3451 4198 ἀδελφοῖς,
3482 4133 3575 4185 καὶ
3605 4132 3814 4204 ἀναστῇ

2236 4210 2344 4263 τῶν
2381 4213 2801 4283 κεκοιμημένων
2831 4216 3076 4288 ἁπαρχή.
3109 4218 3287 4290 Ὅπερ
3316 4221 3426 4292 γὰρ
3468 4223 3498 4273 0
3540 4225 3819 4293 πάνσοφος

2238 4302 2491 4374 Σολομῶν
2517 4307 2574 4359 ὲν
2593 4309 2712 4370 sai;
2745 4307 3079 4378 Παροιμίαις
3107 4312 3275 4381 φησί·
3311 4330 3329 4363 ι
3355 4315 3468 4386 Πρὸ
3493 4315 3589 4368 τοῦ
3619 4317 3818 4381 αἰῶνος

549 4397 705 4465 Quod
750 4398 895 4453 enim
949 4400 1387 4469 sapientissimus
1437 4398 1695 4454 Salomon
1734 4398 1784 4452 iu
1826 4396 2128 4453 Proverbiis

2239 4395 2571 4466 ἐθεμελίωσέ
2615 4415 2705 4468 με,
2741 4418 2758 4450 ι
2793 4401 2887 4452 καὶ¹
2923 4400 2993 4454 τὰ
3021 4402 3231 4466 τούτοις
3264 4405 3462 4475 ἐφεξῆς
3486 4421 3499 4435 ο
3532 4406 3689 4459 τοῦτο
3722 4411 3819 4462 καὶ

551 4491 727 4560 inquit
758 4509 771 4545 :
812 4507 831 4541 ι
862 4490 1000 4545 Ante
1030 4491 1227 4547 szecula
1274 4490 1519 4545 fundavit
1553 4504 1658 4551 me,
1691 4509 1709 4541 ι
1745 4499 1800 4546 et
1826 4504 1945 4559 qnze
1975 4491 2131 4545 dein-

548 4598 676 4653 ceps
710 4592 1045 4651 sequuntur,
1095 4585 1195 4639 hoc
1242 4584 1417 4654 ipsum
1453 4581 1687 4651 explicat
1715 4581 1914 4635 Paulus
1946 4581 2009 4635 ad
2042 4581 2134 4635 Ti-

2238 4486 2266 4538 0
2306 4484 2518 4548 Παῦλος
2556 4488 2842 4557 σαφηνίζει
2878 4488 3015 4559 πρὸς
3053 4490 3319 4561 Τιμόθεον
3356 4494 3448 4547 τὸν
3479 4496 3676 4550 ἑαυτοῦ
3714 4515 3811 4566 μαι

2241 4576 2409 4648 θητὴν
2459 4578 2791 4631 ἐπιστέλλων
2821 4573 2960 4634 ὦδεο
2998 4599 3015 4632 ι
3050 4582 3551 4656 Συγκακοπάθησον
3595 4587 3673 4658 τῷ
3716 4590 3821 4641 Εὑ-

547 4674 823 4729 motheum
863 4674 1186 4743 discipulum
1239 4686 1394 4728 suum
1441 4675 1688 4729 scribens
1733 4692 1747 4728 :
1793 4692 1812 4725 ι
1846 4672 2128 4728 Collabora

2236 4674 2478 4745 αγγελίῳ
2503 4674 2645 4728 κατὰ
2669 4674 2896 4746 δύναμιν
2920 4678 3056 4731 Θεοῦ
3084 4679 3179 4733 τοῦ
3219 4681 3494 4747 σώσαντος
3524 4687 3693 4756 ἡμᾶς,
3723 4689 3821 4740 καὶ

547 4767 602 4820 in
634 4765 929 4836 Evangelia
958 4767 1254 4821 secundum
1286 4766 1538 4820 virtutem
1572 4766 1690 4831 Dei,
1743 4766 1833 4836 qui
1865 4779 1964 4819 nos
1998 4765 2128 4820 libe-

2237 4766 2566 4831 καλέσαντος
2618 4767 2809 4839 κλήσει
2850 4770 3005 4842 ἁγίᾳ,
3046 4771 3110 4824 οὐ
3157 4775 3300 4829 κατὰ
3340 4775 3411 4828 τὰ
3452 4776 3591 4848 ἔργα
3634 4781 3819 4849 ἡμῶν,

548 4860 709 4922 ravit,
736 4867 793 4913 ct
816 4859 1033 4913 vocavit
1072 4858 1357 4912 vocatione
1393 4874 1488 4913 sua
1528 4865 1736 4924 sancta,
1784 4873 1889 4912 non
1933 4872 2128 4914 secun-

2237 4857 2373 4912 ἀλλὰ
2414 4858 2558 4912 κατὰ
2606 4860 2742 4914 ἰδίαν
2788 4861 3049 4933 πρόθεσιν
3092 4865 3187 4918 καὶ
3219 4867 3379 4939 χάριν
3418 4869 3518 4940 τὴν
3571 4870 3820 4926 δοθεῖσαν

549 4949 677 5001 dum
716 4964 879 5017 opera
917 4960 1125 5016 nostra,
1158 4947 1251 5003 sed
1282 4949 1580 5004 secundum
1605 4950 1939 5020 propositum
1970 4963 2128 5004 suum

2236 4951 2368 5021 ήμῖν
2412 4952 2470 5003 ὲν
2512 4951 2733 5023 Χριστῷ
2774 4952 2948 5024 Ἰησοῦ
2978 4955 3087 5026 πρὸ
3115 4958 3323 5029 χρόνων
3352 4961 3609 5027 αἰωνίων,
3646 4981 3818 5032 φανε-

458 5091 467 5099 ,
544 5048 600 5092 ct
631 5039 859 5108 gratiam
893 5055 1012 5109 qua:
1042 5042 1164 5096 data
1196 5050 1282 5095 est
1314 5041 1468 5096 nobis
1506 5040 1559 5095 in
1587 5040 1808 5096 Christo
1840 5040 1967 5096 Jesn
2000 5050 2128 5095 ante

2238 5041 2506 5114 ρωθεῖσάν
2555 5060 2615 5095 τε
2659 5043 2755 5097 νῦν
2797 5045 2887 5099 διὰ
2930 5047 3030 5119 τῆς
3079 5048 3401 5119 ἐπιφανείας
3428 5052 3523 5106 τοῦ
3566 5054 3821 5125 Σωτῆρος

547 5139 790 5197 tempora
816 5133 1120 5196 saecularia,
1160 5130 1502 5187 manifestata
1533 5142 1617 5187 est
1648 5144 1826 5188 autem
1861 5148 2003 5187 nunc
2032 5146 2128 5202 per

2237 5133 2395 5205 ήμῶν
2435 5132 2610 5205 Ἰησοῦ
2635 5136 2900 5207 Χριστοῦ,
2930 5142 3385 5213 καταργήσαντος
3410 5144 3512 5214 μὲν
3542 5145 3635 5198 τὸν
3662 5145 3821 5200 θάναα

544 5221 994 5278 illuminationem
1039 5223 1339 5282 Salvatoris
1389 5226 1559 5280 nostri
1601 5222 1730 5280 Iesu
1774 5225 2000 5291 Christi,
2033 5225 2126 5295 qui

2231 5243 2346 5291 τον,
2373 5228 2708 5296 φωτίσαντος
2729 5230 2786 5284 δὲ
2812 5231 2959 5303 ζωὴν
2984 5236 3079 5287 καὶ
3119 5234 3453 5306 ἀφθαρσίαν.
3492 5254 3512 5288 ι
3544 5237 3606 5289 Εἰ
3636 5237 3823 5292 τοίνυν

545 5313 817 5368 destruxit
841 5315 1062 5383 quidem
1089 5325 1342 5382 mortem,
1382 5317 1708 5371 illuminavit
1742 5325 1923 5372 autem
1962 5317 2125 5372 vitam

2232 5319 2329 5372 καὶ
2359 5321 2468 5391 πρὸ
2500 5320 2594 5374 τοῦ
2626 5322 2845 5387 αἰῶνος,
2874 5323 3029 5377 οὔπω
3053 5326 3338 5393 γεγονότες
3367 5327 3591 5399 δηλαδὴ,
3623 5326 3821 5398 κλήσει

544 5411 598 5457 et
620 5405 1132 5473 incorruptionem".
1159 5428 1179 5460 ι
1206 5408 1264 5463 Si
1294 5424 1424 5478 ergo
1454 5417 1583 5464 ante
1611 5409 1829 5475 saecula,
1866 5409 2127 5464 nimirum

2234 5408 2365 5479 ἁγίᾳ
2398 5409 2714 5482 κεκλήμεθα
2748 5416 2888 5467 κατὰ
2915 5412 3077 5483 χάριν
3103 5415 3197 5467 καὶ
3225 5416 3487 5486 πρόθεσιν
3516 5417 3612 5471 τοῦ
3639 5418 3819 5472 πάντα

546 5510 671 5553 cum
699 5496 936 5551 nondum
972 5498 1099 5556 facti
1122 5515 1391 5570 essemus,
1431 5502 1709 5558 vocatione
1740 5511 1926 5558 sancta
1955 5502 2128 5558 vocati

2233 5501 2541 5570 προειδότος
2585 5502 2743 5568 Θεοῦ,
2795 5504 3112 5576 κεκλήμεθα
3153 5506 3211 5560 δὲ
3246 5508 3305 5562 ὲν
3348 5509 3568 5580 Χριστῷ
3615 5508 3819 5579 Ἰησοῦ,

621 5672 641 5705 ³
677 5675 831 5730 Prov.
863 5688 977 5742 vnt,
1006 5674 1195 5733 23-25.
1278 5680 1298 5712 ⁸
1328 5677 1501 5750 l_Cor.
1537 5696 1632 5748 xv,
1669 5680 1757 5737 5'5.
1833 5684 1853 5713 ⁸
1889 5682 2047 5737 Rom.
2079 5697 2128 5738 vt

2239 5682 2329 5740 29.
2405 5686 2425 5716 ‘
2455 5684 2622 5740 lCor.
2655 5701 2742 5752 xv,
2773 5685 2861 5740 20.
2940 5689 2957 5716 ⁷
2995 5687 3036 5741 ll
3064 5685 3202 5742 Tim.
3234 5702 3273 5755 ι,
3308 5688 3457 5743 8-10.
