4036 6208
303 295 413 351 293

1691 279 2131 347 TIIESAURUS.

3473 282 3581 349 294

297 418 459 489 δῆλον
499 415 567 470 ἂν
596 413 684 485 εἴη
732 413 827 468 καὶ
877 412 1038 467 παντί
1072 429 1151 483 τῳ
1180 412 1384 482 σαφὲς,
1431 412 1625 484 ὅτιπερ
1669 414 1769 483 οὐχ
1804 412 1891 465 ὅτε

2003 423 2185 467 sumus
2215 410 2513 466 secundum
2540 410 2775 481 gratiam
2801 417 2852 464 et
2879 400 3215 479 propasitum
3246 408 3579 477 prtcscicntis

295 508 716 579 τεθεμελίωται,
740 505 863 559 τότε
899 503 994 558 καὶ
1022 503 1199 575 ἀρχὴν
1243 504 1338 556 τοῦ
1377 500 1516 557 εἶναι
1556 503 1824 574 λαμϐάνει
1858 505 1887 556 6

298 600 393 655 τοῦ
440 598 578 653 Θεοῦ
609 599 785 667 Λόγος
804 615 818 629 ο
849 595 985 650 ἀλλὰ
1029 596 1128 667 τὴν
1160 594 1425 665 ἐνσαρκον
1454 595 1649 649 ἑαυτοῦ
1681 612 1889 665 παρου-

300 693 425 746 σίαν
467 689 766 763 ἐρμηνεύει
811 688 901 741 διὰ
943 687 1149 740 τούτων
1176 726 1193 751 ,
1244 687 1339 741 καὶ
1387 686 1494 757 πρὸ
1540 685 1635 739 τοῦ
1692 686 1887 749 αἰῶνος

298 783 576 857 ήδρᾶσθαί
610 799 745 854 φησι
767 782 862 837 καὶ
886 781 994 853 πρὸ
1024 780 1245 835 πάντων
1268 779 1380 834 τῶν
1409 779 1747 850 κτισμάτων,
1764 780 1888 833 ὅσον

297 878 379 941 εἰς
404 877 507 949 τὴν
540 875 854 947 πρόγνωσιν
886 872 982 927 τοῦ
1018 870 1255 943 Πατρός.

307 1163 656 1217 ΑΛΛΟ.Ἔτι
708 1161 799 1223 εἷς
825 1157 914 1220 τὸ,
955 1173 975 1207 ι
1003 1156 1220 1224 Κύριος
1250 1154 1453 1209 ἐκτισέ
1479 1173 1575 1224 με,
1607 1174 1626 1207 ι
1670 1170 1770 1210 κα,
1802 1158 1890 1223 είς

458 1233 551 1296 τὸ,
593 1249 612 1282 ι
640 1228 760 1297 Πρὸ
792 1226 898 1281 τοῦ
926 1224 1143 1289 αἰῶνος
1174 1224 1531 1295 ἐθεμελίωσέ
1555 1242 1652 1294 με.
1686 1243 1704 1275 ι

372 1341 542 1410 Λέγει
586 1355 689 1392 που
720 1336 933 1399 Παῦλος
977 1336 1247 1404 Ἐφεσίοις
1274 1335 1637 1390 ἐπιστέλλωνο
1674 1356 1692 1389 ι
1724 1336 1885 1391 Εὐλο-

305 1432 473 1504 γητὸς
520 1430 550 1484 6
595 1429 728 1491 Θεὸς
777 1428 872 1481 καὶ
918 1427 1108 1499 Πατὴρ
1155 1425 1249 1479 τοῦ
1283 1427 1492 1497 Κυρίου
1520 1427 1677 1497 ἡμῶν
1714 1428 1889 1499 Ἰησοῦ

305 1518 571 1595 Χριστοῦ,
598 1522 628 1576 6
657 1520 960 1591 εὐλογήσας
1006 1519 1155 1589 ἡμᾶς
1184 1520 1242 1571 ὲν
1274 1518 1425 1589 πάσῃ
1473 1514 1694 1589 εὐλογίᾳ
1727 1536 1893 1572 πνευ-

310 1617 516 1687 ματικῇ
544 1615 601 1666 ὲν
624 1614 737 1675 τοῖς
763 1608 1107 1679 ἐπουρανίοις
1139 1610 1197 1661 ὲν
1225 1608 1473 1678 Χριστῷ·
1506 1607 1689 1671 καθὼς
1716 1604 1893 1672 ἐξελέ-

1988 501 2171 557 omnia
2213 501 2329 565 Dei,
2384 502 2558 555 vocali
2595 510 2779 556 autem
2820 514 3010 555 sumus
3055 498 3110 552 in
3145 498 3366 553 Christo
3414 498 3576 555 Jesu:

1988 594 2333 649 manifestum
2360 592 2603 663 profecto
2629 592 2802 648 cuivis
2828 591 2993 647 fuerit
3020 593 3186 661 quod,
3220 606 3325 645 non
3353 593 3571 659 quando

1989 684 2271 739 fundatum
2320 683 2443 750 fuit,
2495 694 2605 739 tum
2648 684 2941 739 exsistendi
2980 683 3193 737 initium
3227 693 3445 737 nactum
3493 693 3581 738 est

1988 775 2227 831 Verbum
2270 776 2363 831 Dei
2396 794 2409 830 :
2448 775 2543 831 sed
2575 789 2672 845 per
2697 774 2815 830 haec
2845 776 3133 828 adventum
3162 788 3317 827 suum
3343 774 3394 827 in
3420 788 3581 826 carne

1991 866 2260 932 declarat,
2298 877 2353 921 et
2388 875 2515 921 ante
2549 866 2743 920 saecula
2790 866 3063 919 ﬁrmatum
3104 865 3201 929 ait,
3248 876 3408 935 atque
3456 876 3583 917 ante

1991 975 2184 1015 omnes
2214 969 2518 1025 creaturas,
2564 969 2825 1029 quantum
2867 960 2934 1013 ad
2982 960 3372 1027 praenotionem
3406 958 3583 1012 Patris

1989 1052 2203 1105 attinet.

1989 1152 2225 1215 ALIUD.
2263 1161 2329 1215 In
2352 1163 2507 1225 illud,
2546 1181 2564 1213 ι
2593 1157 2849 1216 Dominus
2870 1157 3062 1216 creavit
3091 1180 3191 1225 me,
3216 1182 3234 1215 ι
3266 1174 3313 1217 et
3342 1162 3394 1216 in
3427 1162 3581 1225 illud,

2351 1250 2369 1283 ι
2405 1234 2764 1287 Antesa'cula
2805 1232 3044 1299 fundavit
3070 1249 3169 1285 me.
3201 1253 3218 1284 ι

2063 1339 2264 1394 Paulus
2301 1340 2366 1393 ad
2398 1339 2661 1413 Ephesios
2694 1338 2942 1395 scribens
2970 1340 3041 1392 ita
3075 1340 3188 1393 ait:
3221 1357 3237 1389 ι
3262 1339 3584 1394 Benedictus

1994 1430 2137 1487 Deus
2171 1441 2226 1487 et
2250 1429 2413 1486 Pater
2445 1430 2659 1485 Domini
2698 1431 2870 1485 nostri
2899 1428 3026 1485 Jesu
3058 1428 3283 1494 Christi,
3310 1431 3399 1499 qui
3427 1429 3584 1484 bene—

1993 1524 2132 1578 dixit
2155 1539 2254 1579 nos
2276 1524 2330 1578 in
2352 1524 2499 1578 omni
2518 1522 2899 1578 benedictione
2926 1520 3157 1589 spiritali
3192 1521 3243 1574 in
3272 1521 3585 1575 coelestibus

1997 1615 2049 1669 in
2078 1614 2299 1670 Christo
2325 1630 2341 1669 :
2374 1616 2515 1671 sicut
2536 1614 2703 1683 elegit
2734 1628 2835 1667 nos
2862 1614 2917 1667 in
2947 1612 3066 1682 ipso
3094 1621 3219 1665 ante
3241 1613 3424 1665 mundi
3449 1628 3583 1666 con-

308 1707 435 1771 ξατο
453 1705 605 1775 ἡμᾶς
631 1704 687 1754 ὲν
707 1699 857 1770 αὑτῷ
890 1699 993 1771 πρὸ
1014 1697 1321 1769 καταϐολῆς
1347 1699 1554 1769 κόσμου
1580 1694 1717 1750 εἶναι
1743 1698 1892 1768 ἡμᾶς

2003 1708 2361 1772 stitutionem,
2416 1716 2475 1761 ut
2530 1721 2776 1762 essemus
2827 1705 3002 1759 sancti
3044 1715 3101 1759 et
3152 1703 3483 1757 immaculati
3531 1703 3585 1756 in

306 1797 497 1864 ἁγίους
550 1795 646 1847 καὶ
688 1790 953 1862 ἀμώμους
980 1788 1317 1843 κατενώπιον
1360 1788 1524 1843 αὐτοῦ
1576 1793 1634 1844 ὲν
1676 1791 1887 1863 ἀγάπῃ,

306 1890 605 1962 προορίσας
636 1888 783 1958 ἡμᾶς
814 1886 893 1949 εἰς
919 1883 1193 1938 υἱοθεσίαν
1219 1884 1307 1937 διὰ
1339 1883 1512 1955 Ἰησοῦ
1544 1883 1781 1955 Χριστοῦ
1810 1886 1891 1948 είς

306 1984 490 2037 αὐτόν.
523 1999 544 2033 ι
582 1981 647 2034 El
688 1978 868 2032 τοίνυν
920 1975 1074 2030 οὔπω
1126 1975 1433 2044 γεγονότες,
1488 1977 1568 2041 είς
1621 1976 1891 2029 υἱοθεσίαν

308 2071 715 2148 προοριζόμεθα
742 2069 832 2124 διὰ
867 2068 1043 2140 Ἰησοῦ
1071 2064 1308 2138 Χριστοῦ
1340 2069 1418 2131 είς
1446 2067 1633 2135 αὐτὸν,
1668 2068 1763 2121 καὶ
1798 2066 1892 2119 εὑ-

307 2168 518 2237 λογίαις
551 2165 948 2234 πνευματικαῖς
989 2159 1358 2231 εὐλογούμεθα
1401 2160 1459 2212 ἐν
1503 2157 1614 2223 τοῖς
1654 2161 1894 2231 ἐπουρα-

309 2261 463 2325 νίοις,
495 2259 615 2322 πῶς
641 2258 740 2309 οὐκ
763 2255 828 2310 ἄν
853 2272 939 2316 τις
970 2251 1210 2315 ἀκούσας
1239 2250 1488 2320 λέγοντος
1515 2248 1610 2304 τοῦ
1639 2250 1768 2303 Υἱοῦ
1798 2250 1893 2304 τοῦ

307 2349 469 2410 Θεοῦ,
511 2367 530 2399 ι
561 2345 674 2417 Πρὸ
716 2342 813 2397 τοῦ
862 2343 1060 2405 αἰῶνος
1110 2340 1439 2411 ἐθεμελίωσέ
1493 2356 1580 2411 με,
1613 2359 1631 2391 ι
1662 2337 1785 2394 ὅσον
1815 2342 1895 2404 εἰς

308 2441 409 2510 τὴν
436 2439 747 2510 πρόγνωσιν
788 2434 882 2488 τοῦ
928 2433 1142 2505 Πατρὸς
1167 2434 1235 2486 τὰ
1262 2434 1487 2486 τοιαῦτα
1516 2432 1694 2500 λέγειν
1734 2428 1896 2486 αὑτὸν

309 2530 708 2601 ὑπολαμϐάνοι,
735 2526 859 2581 καθ’
890 2527 957 2598 ῆν
990 2525 1432 2595 προῃωσθέντες
1460 2526 1517 2577 ὲν
1540 2525 1676 2594 αὐτῇ
1699 2524 1897 2595 κεκλή-

314 2627 477 2699 μεθα,
516 2627 611 2680 καὶ
661 2625 841 2695 πάσης
892 2621 1140 2690 εὐλογίας
1183 2618 1547 2689 ἀπολαύομεν,
1576 2618 1729 2673 οὔπω
1763 2619 1899 2690 πρὸς

311 2719 552 2789 ὓπαρξιν
584 2716 892 2788 ἐνεχθέντες
923 2716 1078 2776 ὅλως,
1112 2711 1249 2766 ἀλλὰ
1297 2712 1511 2776 πολλοῖς
1552 2711 1777 2782 ὕστερον
1806 2727 1900 2779 γε⁹

310 2809 537 2877 γονότες
567 2807 810 2875 καιροῖςς
844 2803 985 2856 Αὐτὸ
1029 2802 1086 2855 δὲ
1114 2801 1178 2872 δή
1204 2800 1363 2854 τοῦτο
1402 2800 1720 2869 σαφέστατα
1748 2800 1898 2853 διδά-

311 2910 462 2952 σκων
487 2896 658 2968 ἡμᾶς,
690 2893 850 2958 αὐτὸς
881 2897 909 2948 6
940 2892 1145 2965 Κύριος
1174 2890 1360 2959 λέγει·
1398 2908 1416 2942 ι
1448 2890 1633 2956 Δεῦτε,
1667 2888 1717 2944 οἱ
1749 2891 1901 2944 εὐλο-

310 2986 547 3057 γημένοι
568 2984 661 3037 τοῦ
688 2980 899 3053 Πατρός
926 2997 1049 3054 μου,
1076 2980 1522 3052 κληρονομήσατε
1550 2980 1648 3049 τὴν
1673 2983 1899 3052 ἡτοιμα-

311 3078 522 3148 σμένην
561 3076 690 3144 ὐμῖν
728 3073 1003 3144 βασιλείαν
1035 3071 1143 3126 άπὸ
1173 3070 1482 3141 καταϐολῆς
1529 3071 1758 3143 κόσμου.
1784 3090 1801 3122 ι
1836 3070 1897 3125 Εί
1926 3112 1970 3170 c

307 3168 370 3223 δὲ
404 3167 706 3238 ἡτοίμαστο
748 3165 843 3218 καί
869 3167 902 3235 ἡ
939 3162 1185 3233 βασιλεία
1216 3161 1369 3233 παρὰ
1408 3162 1503 3215 τοῦ
1537 3162 1751 3234 Πατρὸς
1788 3165 1902 3227 τοῖς

310 3258 470 3312 eam
506 3256 777 3326 γεγονόσι,
806 3256 900 3309 καὶ
928 3255 1035 3325 πρὸ
1062 3254 1159 3323 τῆς
1190 3252 1285 3306 τοῦ
1314 3253 1520 3324 κόσμου
1571 3253 1898 3323 καταϐολῆς,

310 3340 618 3421 ἡτοίμαστο
644 3348 701 3401 δὲ
735 3347 953 3410 πάντως
1002 3347 1062 3399 ὲν
1109 3344 1351 3417 Χριστῷ,
1385 3345 1611 3407 εἰκότως
1642 3345 1707 3398 ἂν
1750 3345 1901 3413 λέγοι

313 3442 451 3513 περὶ
499 3440 729 3493 ἑαυτοῦ·
789 3458 808 3490 ι
857 3438 971 3508 Πρὸ
1016 3436 1112 3490 τοῦ
1181 3435 1379 3499 αίῶνος
1424 3434 1755 3504 ἐθεμελίωσέ
1812 3450 1901 3503 με,

315 3535 427 3606 πρὸ
453 3532 550 3586 τοῦ
580 3533 681 3602 ὅρη
706 3529 1057 3601 ἑδρασθῆναι,
1089 3527 1197 3600 πρὸ
1226 3526 1322 3580 τοῦ
1353 3524 1638 3597 προελθεῖν
1669 3524 1769 3589 τὰς
1793 3544 1902 3595 πη-

315 3627 423 3695 γάς
451 3625 561 3679 τῶν
592 3624 823 3677 ὑδάτων.
842 3621 1053 3675 »Ταῦτα
1082 3621 1191 3692 γὰρ
1218 3619 1399 3673 πάντα
1429 3618 1527 3688 τῆς
1550 3616 1779 3679 κτίσεως
1804 3632 1904 3686 ση-

319 3724 505 3796 μαίνει
533 3722 635 3791 τὴν
666 3721 729 3773 ὲκ
756 3718 852 3772 τοῦ
886 3719 961 3789 μὴ
985 3717 1137 3779 ὄντος
1164 3716 1243 3779 είς
1266 3714 1328 3768 τὸ
1358 3709 1499 3767 εἶναι
1527 3710 1780 3782 πάροδον.

316 3839 527 3903 ΔΛΛΟ,
574 3831 1029 3903 διηγηματικῶς,
1075 3830 1151 3903 διξ
1310 3826 1665 3903 (inﬁnitio!-
1703 3823 1907 3903 ὥσπερ

384 3893 777 3978 μανῦάκόρέῆ
799 3902 906 3978 τρῦ
932 3893 1298 3978 πρὸωρῐσᾷαι
1322 3893 1668 3978 efﬁgiasti),
1694 3893 1798 3978 καὶ
1818 3896 1908 3973 εις

390 3965 709 4033 Ῑυιοθεσίᾰν
734 3972 893 4043 ἡμᾶς
930 3965 1360 4039 κατατετάχθαι
1391 3967 1460 4032 ἐξ
1486 3965 1723 4035 ἀγάπης
1757 3965 1908 4019 Θεοῦ

394 4047 497 4102 καὶ
529 4044 779 4113 Πατρός.

389 4160 440 4213 Τ
444 4159 481 4213 ὰ
510 4155 860 4228 πμῳέροντα
900 4156 968 4225 τῇ
1011 4149 1301 4223 ἀνθρώπου
1345 4149 1507 4220 φύσει
1538 4149 1844 4220 προνοήσας
1880 4148 1910 4201 6

318 4253 462 4315 Θεὸς
510 4249 607 4304 καὶ
654 4248 868 4318 Πατὴρ,
911 4245 1008 4299 καὶ
1052 4242 1337 4314 γινώσκων
1393 4240 1491 4311 μὲν
1532 4240 1616 4313 ὅτι
1664 4243 1911 4293 πεσεῖται

320 4346 549 4406 πάντως
579 4343 658 4405 είς
688 4338 916 4410 φθορὰν,
937 4337 1138 4407 τρόπον
1164 4334 1219 4388 δὲ
1244 4334 1382 4404 αὐτῇ
1413 4333 1655 4404 ζητήσας
1677 4330 1911 4386 ἀνανεώ-

1994 1808 2290 1870 conspectu
2337 1798 2455 1867 ejus
2492 1800 2544 1853 in
2594 1798 2884 1864 charitate,
2938 1797 3347 1866 prmdestinavit
3402 1808 3500 1849 nos
3533 1796 3585 1848 in

1994 1892 2285 1959 adoptione
2316 1890 2551 1944 ﬁliorum
2577 1904 2673 1958 per
2690 1888 2874 1944 Jesum
2902 1876 3177 1943 Christum
3209 1889 3263 1941 in
3292 1884 3531 1959 ipsum“.
3563 1905 3582 1938 ι

1999 1982 2058 2037 Si
2089 1997 2243 2051 ergo,
2277 1998 2398 2037 eum
2428 1982 2666 2036 nondum
2702 1980 2827 2035 facti
2857 1995 3123 2045 essemus,
3160 1980 3212 2033 in
3243 1980 3585 2047 adoptionem

1995 2073 2153 2128 electi
2181 2088 2369 2129 sumus
2402 2087 2499 2142 per
2539 2071 2820 2127 Christum
2855 2072 2907 2126 in
2941 2072 3138 2142 ipsum,
3167 2080 3223 2124 et
3253 2070 3586 2125 benedictio-

1996 2165 2156 2220 nibus
2189 2164 2526 2235 spiritalibus
2555 2165 2609 2218 in
2648 2164 2966 2219 cmlestibus
3007 2163 3383 2219 benedieimur
3422 2182 3437 2216 :
3487 2177 3588 2218 cur

1997 2269 2105 2310 non
2143 2270 2266 2309 cum
2307 2254 2431 2324 quis
2459 2254 2644 2308 audiat
2688 2254 2955 2308 dicentem
2997 2253 3192 2308 Filium
3233 2254 3348 2319 Dei,
3391 2272 3410 2305 ι
3448 2254 3589 2308 Ante

1995 2343 2192 2399 saecula
2221 2342 2470 2397 fundavit
2492 2357 2597 2409 me,
2632 2362 2651 2395 ι
2693 2340 2854 2414 174
2875 2352 3095 2417 censeat
3126 2342 3273 2396 illum
3320 2342 3586 2411 ejusmodi

1997 2436 2179 2491 dicere
2236 2443 2486 2505 respectu
2535 2436 2891 2504 praenotionis
2942 2433 3060 2500 Dei,
3096 2449 3199 2503 qua
3252 2435 3479 2504 prmnoti
3531 2434 3586 2487 in

1999 2526 2113 2596 ipsa
2149 2526 2324 2579 vocati
2360 2539 2573 2589 sumus,
2607 2525 2864 2593 omnique
2907 2524 3288 2579 benedictione
3334 2524 3585 2587 fruimur,

1998 2631 2120 2670 cmn
2174 2617 2411 2671 nondum
2458 2616 2682 2671 omnino
2728 2617 2856 2669 lacti
2912 2628 3196 2677 essemus,
3260 2615 3356 2669 sed
3405 2614 3589 2668 multis

1998 2716 2184 2777 postea
2229 2707 2442 2762 saeculis
2495 2720 2616 2761 esse
2668 2705 2950 2761 consecuti
2999 2706 3214 2760 simus?
3268 2706 3431 2775 Atqui
3484 2705 3588 2760 hoc

1999 2799 2176 2868 ipsum
2216 2798 2659 2854 manifestissime
2690 2813 2787 2852 nos
2811 2798 3011 2853 docens
3041 2799 3154 2867 ipse
3182 2797 3466 2862 Dominus,
3502 2799 3586 2851 di-

1998 2893 2107 2947 cit:
2132 2911 2151 2946 ι
2175 2890 2389 2960 Venite,
2416 2892 2682 2947 benedicti
2704 2893 2880 2947 Patris
2905 2893 3032 2961 mei,
3071 2893 3340 2961 possidete
3364 2910 3587 2961 regnum

2000 2985 2140 3053 quod
2162 2994 2412 3053 paratum
2430 2993 2515 3039 est
2533 2985 2687 3038 vobis
2703 2994 2830 3038 ante
2849 2986 3291 3040 constitutionem
3312 2987 3491 3039 niundi
3509 2989 3583 3040 ⁸.»

2004 3075 2059 3129 Si
2087 3091 2215 3131 vero
2246 3076 2670 3145 etiamJegnum
2707 3087 2955 3146 paratum
2983 3087 3070 3132 est
3095 3093 3124 3131 a
3159 3076 3319 3131 Patre
3347 3081 3586 3132 nondum

2002 3166 2183 3233 factis,
2218 3176 2380 3236 atque
2420 3176 2546 3222 ante
2590 3168 2925 3222 creationem
2975 3166 3184 3229 mundi,
3224 3180 3585 3236 praeparatum

2002 3270 2183 3315 autem
2220 3260 2445 3314 omnino
2483 3268 2567 3315 est
2604 3260 2658 3314 in
2685 3258 2924 3323 Christo,
2958 3261 3152 3314 merito
3182 3260 3247 3313 de
3272 3274 3331 3313 se
3366 3260 3484 3329 ipso
3506 3258 3591 3313 di-

2003 3366 2092 3408 eat
2123 3372 2137 3407 :
2168 3370 2187 3404 ι
2210 3353 2350 3408 Ante
2378 3353 2578 3409 smcula
2635 3353 2883 3409 fundavit
2918 3368 3003 3408 me
3031 3396 3046 3420 ,
3085 3356 3403 3424 priusquam
3439 3369 3591 3408 mon-

2002 3454 2088 3501 tes
2143 3446 2550 3512 stabilirentur,
2620 3447 2936 3517 priusquam
3003 3454 3351 3516 erumperent
3415 3446 3591 3501 fontes

2004 3551 2267 3607 aquarum
2297 3554 2311 3591 :
2357 3555 2376 3589 ›
2421 3536 2540 3593 haec
2558 3539 2703 3592 enim
2741 3538 2877 3594 nihil
2910 3538 3053 3594 aliud
3082 3538 3392 3609 signiﬁcant
3428 3554 3590 3609 quam

2004 3637 2274 3684 creatura:
2304 3643 2372 3684 ex
2405 3629 2577 3685 nihilo
2607 3630 2677 3684 ad
2706 3645 2830 3686 esse
2853 3631 3275 3687 traductionem.

2006 3825 2237 3893 ALIUD,
2274 3824 2606 3893 explicatius,
2634 3841 2700 3879 ea:
2717 3841 2819 3896 quo
2842 3843 3058 3881 causam
3093 3828 3476 3896 quodammodo
3501 3847 3589 3883 co-

2088 3896 2413 3968 gnoscimus,
2446 3911 2543 3968 cur
2575 3897 2934 3968 prwdeatinati
2968 3915 3149 3968 sumus
3190 3901 3243 3950 in
3282 3898 3511 3966 Christo,
3544 3911 3591 3954 et

2084 3964 2323 4036 adoptiui
2343 3966 2398 4019 in
2428 3964 2569 4035 ﬁlios
2597 3981 2662 4020 ex
2695 3966 2954 4020 charitate
2986 3966 3081 4021 Dei
3112 3984 3174 4021 ac
3204 3968 3401 4023 Patris.

2080 4144 2225 4199 Deus
2268 4158 2333 4198 ac
2382 4141 2545 4198 Pater
2589 4144 2883 4215 prmseiens
2912 4160 3032 4215 qua:
3081 4145 3329 4201 humana:
3385 4154 3593 4201 natnrze

2009 4235 2370 4291 conducibilia
2416 4234 2618 4303 forent,
2672 4251 2846 4305 neque
2889 4239 3144 4308 ignorans
3177 4238 3320 4309 quod
3371 4238 3593 4294 omnino

2011 4328 2065 4382 in
2099 4327 2502 4397 corruptionem
2554 4327 2877 4398 prolapsum
2929 4340 3096 4396 esset,
3143 4332 3411 4386 rationem
3464 4347 3595 4387 vero

318 4452 470 4499 σεως
496 4435 590 4487 καὶ
631 4434 733 4503 τῆς
766 4431 847 4495 εἰς
890 4426 1200 4499 ἀφθαρσίαν
1229 4425 1510 4489 ἐπανόδου,
1538 4424 1694 4496 ῥίζας
1722 4422 1904 4493 ὥσπερ

2015 4433 2079 4473 ac
2109 4418 2326 4472 modum
2354 4417 2767 4474 instaurationis
2796 4420 3235 4491 reduetionisque
3255 4423 3322 4475 ad
3349 4421 3596 4475 incorru-

315 4529 469 4598 αὒτῇ
519 4528 620 4595 τῆς
664 4523 922 4593 τοιαύτης
956 4519 1171 4581 ἐλπίδος
1210 4519 1267 4570 ὲν
1294 4515 1373 4586 τῷ
1421 4515 1535 4586 ἰδίῳ
1584 4514 1904 4567 κατεϐάλετο

2015 4510 2254 4579 ptionem
2297 4510 2347 4564 ei
2405 4525 2695 4579 quaerens,
2753 4510 2919 4566 veluti
2969 4512 3179 4568 radices
3228 4514 3277 4568 ei
3335 4515 3595 4582 quasdam

312 4619 651 4689 γεννήματι,
679 4614 776 4669 καὶ
807 4615 888 4677 είς
918 4610 1187 4665 υἱοθεσίαν
1215 4607 1363 4678 ἡμᾶς
1405 4606 1685 4677 προορίζει
1715 4606 1784 4659 δι’
1813 4607 1912 4659 αὖ-

308 4711 445 4773 τοῦ,
479 4708 573 4762 καὶ
616 4706 801 4775 πάσης
845 4700 1096 4769 εὐλογίας
1141 4698 1521 4768 πνευματικῆς
1549 4695 1712 4762 ἀξιοῖ,
1740 4694 1914 4749 καίτοι

306 4801 487 4855 οὔπω
530 4795 857 4867 γενομένους
878 4810 892 4823 ο
927 4793 993 4845 ἵν’
1021 4792 1148 4844 ὅταν
1196 4788 1376 4858 συμϐῇ
1418 4788 1605 4839 πεσεῖν
1641 4786 1721 4847 είς
1757 4784 1914 4838 θάνα-

306 4907 419 4944 τον
432 4886 524 4941 διὰ
543 4887 641 4957 τὴν
664 4880 1204 4955 παράϐασιν,ὥσπερ
1233 4878 1291 4944 ἐξ
1315 4877 1547 4948 ἀρχαίας
1570 4875 1729 4947 ῥίζης
1752 4875 1914 4929 πάλιν

305 4982 407 5042 εἰς
434 4977 585 5046 ζωὴν
613 4973 1020 5043 ἀναϐλαστήσῃ,
1056 4972 1152 5024 καὶ
1176 4968 1251 5032 ὡς
1282 4968 1386 5039 ήδη
1418 4966 1911 5039 προευλογηθεῖσα,

302 5070 405 5143 μὴ
448 5066 734 5129 παντελῶς
763 5063 869 5118 ὑπὸ
899 5064 997 5134 τὴν
1032 5062 1280 5131 κατάραν
1321 5060 1569 5129 γένηται,
1598 5058 1727 5111 ὅταν
1751 5056 1918 5111 ἀκού-

302 5178 400 5238 σῃ
423 5179 440 5194 ⁸
487 5180 506 5213 ι
532 5160 610 5231 Γῆ
636 5154 705 5223 εἴ,
726 5158 820 5212 καὶ⁹
844 5158 925 5220 είς
946 5155 1054 5225 γῆν
1075 5153 1372 5224 άπελεύσῃ.
1406 5172 1423 5201 ι
1454 5148 1915 5220 Προθειιελιοῦται

292 5257 515 5312 τοίνυν
548 5253 707 5325 ήμῶν
751 5254 782 5305 6
823 5248 1081 5322 Χριστὸς,
1107 5247 1204 5300 καὶ
1251 5246 1308 5298 ὲν
1340 5241 1491 5311 αὐτῷ
1520 5240 1722 5303 πάντες
1755 5240 1915 5311 ἡμεῖς

2008 4600 2269 4671 ejusmodi
2307 4602 2421 4670 spei
2452 4602 2564 4669 egit
2603 4602 2656 4657 in
2700 4600 2836 4658 Filio
2876 4619 2999 4670 suo,
3054 4613 3108 4658 et
3157 4604 3209 4658 in
3253 4606 3593 4674 adoptionem

2010 4707 2109 4746 nos
2148 4692 2497 4761 praedestinat
2538 4708 2635 4764 per
2673 4695 2884 4765 ipsum,
2929 4696 3184 4767 omnique
3219 4695 3596 4751 benedictione

2014 4782 2244 4852 spiritali
2274 4783 2544 4853 dignatur,
2564 4784 2728 4840 etiam
2770 4788 3006 4843 nondum
3037 4788 3207 4843 factos
3234 4807 3249 4842 :
3275 4798 3352 4856 ut,
3380 4789 3598 4855 quando

2017 4876 2360 4945 contingeret
2404 4876 2459 4931 in
2500 4888 2728 4932 mortem
2783 4879 2889 4935 labi
2932 4896 3029 4950 per
3070 4880 3593 4951 prevaricationem,

2017 4968 2180 5022 veluti
2213 4981 2282 5022 ex
2325 4968 2504 5037 prisca
2553 4967 2644 5023 illa
2693 4970 2872 5026 radice
2906 4986 3097 5027 rursus
3146 4976 3199 5027 in
3244 4974 3353 5028 vita
3398 4982 3596 5029 natura

2018 5057 2388 5129 repullularet,
2421 5068 2474 5115 et
2507 5067 2763 5130 tanquam
2804 5061 2916 5130 jam
2966 5072 3093 5119 ante
3140 5066 3447 5133 benedicta,
3490 5082 3595 5121 non

2020 5147 2075 5203 in
2104 5147 2417 5204 universum
2454 5149 2820 5208 maledictioni
2855 5153 3089 5209 obnoxia
3124 5156 3299 5221 ﬁeret,
3342 5170 3465 5212 cum
3497 5172 3598 5212 au-

2020 5238 2164 5292 diret
2210 5256 2224 5294 :
2273 5256 2294 5290 ι
2328 5239 2496 5294 Terra
2543 5258 2626 5307 es,
2684 5253 2739 5298 et
2786 5244 2838 5299 in
2877 5254 3078 5300 terram
3134 5244 3426 5303 reverteris
3472 5248 3537 5305 '°.
3575 5267 3596 5302 ι

2020 5327 2192 5382 Antea
2209 5328 2393 5398 itaque
2416 5328 2573 5385 nobis
2585 5330 2920 5387 fundamenti
2941 5332 3061 5387 loco
3077 5334 3298 5403 ponitur
3326 5334 3599 5400 Christus,

291 5344 856 5417 ἐποικοδομούμεθα,
894 5341 989 5395 καὶ
1029 5339 1187 5393 τοῦτο
1216 5336 1323 5404 πρὸ
1366 5332 1672 5403 καταϐολῆς
1707 5332 1914 5402 κόσμου

288 5437 479 5497 κατὰ
511 5437 819 5506 πρόγνωσιν
846 5430 941 5486 τοῦ
969 5430 1148 5484 πάντα
1176 5425 1375 5488 εἰδότος
1401 5422 1536 5477 Θεοῦ
1559 5438 1572 5450 ·
1604 5422 1712 5484 ἵνα,
1744 5421 1915 5476 καθά-

2021 5428 2184 5487 atque
2209 5419 2262 5473 in
2283 5420 2401 5489 ipso
2422 5435 2519 5476 nos
2551 5436 2742 5478 omnes
2769 5422 3285 5493 supertediﬁcamur,
3310 5433 3363 5479 et
3384 5425 3599 5493 quidem

288 5548 438 5601 περ
466 5505 568 5598 ἤδη
596 5524 956 5595 προείπομεν,
983 5517 1345 5592 ἀρχαιοτέραν
1374 5514 1587 5586 ἔχωμεν
1613 5512 1711 5582 τῆς
1743 5511 1914 5566 κατά·
2023 5521 2148 5565 ante
2173 5512 2508 5569 creationem
2537 5518 2722 5572 mundi
2746 5505 2812 5586 ju-

2023 5521 2148 5565 ante
2173 5512 2508 5569 creationem
2537 5518 2722 5572 mundi
2746 5512 2899 5586 juxta
2938 5518 3326 5587 praenotionem
3357 5516 3449 5571 Dei
3479 5529 3599 5567 om-

382 5703 422 5736 ⁸
457 5699 871 5772 Ephes.1,5-5.
947 5698 967 5728 ⁹
994 5695 1185 5750 Matth.
1222 5706 1349 5759 xxv,
1386 5690 1477 5745 34.
1557 5688 1598 5719 ¹⁶
1625 5686 1758 5742 Gen.
1793 5701 1874 5751 ιιι,
1918 5686 1998 5741 l9.
