4036 6208
510 309 619 375 995

1506 309 1565 360 S.
1614 302 1888 361 CYliILLI
1929 296 2401 357 ALEXANDRINI
2439 300 2758 358 ARClllEl‘.

3682 306 3783 365 290

518 446 609 486 ma
642 428 1006 500 praescientts,
1066 434 1148 492 ut,
1182 424 1632 494 quemadmodum
1660 423 1822 477 modo
1848 422 2103 486 diximus,

2228 442 2309 488 >ας
2335 426 2433 495 τὴν
2462 425 2730 492 εὐλογίαν,
2752 422 2847 475 καὶ
2874 425 2972 491 τῆς
3000 422 3079 486 εἰς
3100 423 3191 475 τὸν
3216 421 3444 476 θάνατον
3467 425 3783 496 καταδίκης,

518 521 800 588 antiquior
832 520 884 572 in
919 519 1076 573 nobis
1116 517 1187 572 sit
1232 514 1536 571 benedictio
1568 528 1729 581 quam
1774 513 2103 579 maledictio,

518 612 791 680 antiquior
820 611 1107 680 promissio
1136 608 1201 661 ad
1236 608 1402 660 vitam
1436 619 1598 673 quam
1628 604 2008 658 condemnatio
2039 605 2105 658 ad

521 714 786 770 mortem,
838 703 1116 771 antiquior
1166 697 1445 766 adoptatio
1498 694 1881 748 inlibertatem
1943 708 2106 761 quam

521 792 788 849 diabolica
813 794 1067 848 servitus.
1114 788 1271 841 Redit
1302 795 1482 840 autem
1516 794 1709 839 natura
1744 785 1795 838 in
1822 786 2105 854 pristinum

522 897 745 952 statum,
775 885 1042 954 superatis
1060 897 1178 949 qua:
1202 880 1456 946 deinceps
1487 878 1535 932 ei
1562 878 1901 941 acciderunt,
1933 877 2106 947 gratia

522 994 587 1031 ac
626 977 892 1031 beneﬁcio
941 972 1082 1025 illius
1131 970 1220 1039 qui
1270 985 1388 1023 eam
1446 968 1691 1022 fundavit
1748 968 2006 1047 in'bonis
2057 968 2107 1020 in

522 1066 772 1126 Christo,
808 1074 1130 1127 rursumque
1175 1060 1231 1111 fit
1267 1060 1317 1112 id
1349 1059 1521 1126 ipsum
1562 1059 1705 1126 quod
1742 1068 1859 1111 erat
1894 1060 1945 1111 in
1978 1073 2111 1126 prae-

524 1157 743 1210 notione
798 1154 913 1215 Dei,
960 1168 1026 1207 ex
1083 1150 1349 1205 charitate
1396 1148 1781 1217 praedestinata
1817 1150 1883 1202 ad
1931 1148 2111 1202 omnia

525 1248 724 1317 optima
761 1262 855 1314 per
895 1243 1109 1298 Filium.

708 1352 945 1418 ALIUD,
993 1368 1085 1421 per
1114 1350 1512 1405 similitudinem
1541 1362 1588 1404 et
1615 1349 1931 1413 exemplum.

597 1492 864 1547 Caeterum
903 1503 1125 1543 necesse
1166 1496 1251 1542 est
1282 1499 1341 1541 ut
1371 1487 1682 1541 accuratius
1727 1485 2114 1555 investigemns

531 1583 688 1653 175
709 1596 815 1652 quo
835 1589 991 1649 pacto
1008 1580 1162 1633 nobis
1181 1578 1442 1647 sapientia
1466 1576 1555 1632 Dei
1593 1587 1721 1629 ante
1747 1575 1942 1630 saecula
1976 1589 2114 1641 pra:-

527 1676 750 1731 fundata
771 1670 1422 1737 fuerit.Quemadntodum
1446 1670 1490 1722 si
1515 1670 1637 1739 quis
1658 1669 2008 1733 architectus,
2029 1667 2117 1720 do-

529 1782 652 1822 mus
692 1765 1105 1819 :ediﬁcationem
1156 1761 1445 1831 incipiens,
1496 1761 1740 1829 cogitans
1795 1774 2003 1823 secum,
2057 1767 2115 1813 ut

528 1876 627 1931 par
658 1868 761 1923 est,
790 1874 857 1913 ne
878 1857 1070 1913 domus
1095 1871 1348 1911 successu
1382 1856 1644 1923 temporis
1675 1854 1894 1923 aliquod
1924 1854 2111 1907 vitium

530 1952 762 2022 accipiat
798 1963 981 2003 eorum
1026 1962 1144 2016 qua:
1182 1946 1429 2001 domibus
1472 1945 1724 1999 accidere
1762 1943 1959 2009 solent,
2017 1943 2115 1995 lir-

532 2044 834 2098 missimum
890 2039 1298 2093 fundamentum
1335 2037 1504 2105 jacit,
1556 2050 1620 2091 ac
1668 2035 1832 2090 veluti
1881 2036 2115 2089 radicem

532 2134 913 2188 inconcussam
938 2129 1193 2196 operibus
1216 2129 1507 2197 excogitat,
1538 2137 1616 2194 ut,
1642 2126 1684 2180 si
1711 2127 1901 2179 vitium
1929 2124 2117 2188 faciat,

531 2241 655 2281 cum
682 2223 1003 2293 principium
1039 2222 1155 2275 sive
1181 2220 1592 2274 fundamentum
1618 2218 1822 2272 salvum
1844 2218 1936 2282 sit,
1960 2215 2117 2271 aliam

534 2331 723 2371 rursus
751 2314 973 2368 domum
1016 2313 1063 2366 ei
1110 2322 1497 2380 superstruere
1542 2310 1708 2379 possit
1745 2324 1758 2357 :
1800 2308 1987 2363 eadem
2030 2322 2121 2360 ra-

534 2407 685 2463 tione
712 2406 955 2461 omninm
991 2412 1211 2457 creator
1239 2402 1514 2456 Christum
1550 2400 1741 2454 salutis
1777 2410 1974 2454 nostra:
2007 2396 2124 2450 fun-

536 2499 849 2553 damentqu
878 2497 1041 2550 etiam
1088 2506 1215 2549 ante
1260 2495 1591 2548 creationem
1632 2492 1815 2547 mundi
1864 2492 2017 2559 jecit,
2058 2500 2116 2544 ut

534 2604 657 2642 cum
687 2603 808 2641 eam
857 2602 950 2655 per
1000 2593 1280 2653 peccatum
1320 2583 1637 2637 labefactari
1680 2581 1991 2651 contigerit,
2021 2581 2122 2635 ite-

538 2694 658 2733 rum
694 2680 744 2732 iu
774 2680 890 2747 ipso
925 2679 1311 2733 instaurentur.
1344 2676 1619 2742 Quantum
1650 2676 1812 2746 igitur
1839 2674 2031 2729 attinet
2059 2675 2126 2726 ad

540 2775 826 2831 (cnsilium
865 2784 918 2826 et
946 2772 1282 2842 propositum
1326 2770 1524 2830 Patris.
1565 2772 1728 2825 etiam
1760 2778 1884 2823 ante
1928 2767 2125 2823 sarcula

540 2866 804 2920 fundatur
828 2866 1111 2925 Christus;
1143 2878 1278 2931 opus
1310 2879 1438 2918 vero
1462 2864 1635 2931 ipsum
1658 2876 1757 2917 suo
1782 2872 2021 2930 tempore
2051 2860 2129 2913 ef-

540 2959 740 3012 fectum
774 2964 879 3021 est.
918 2956 991 3009 ita
1028 2956 1277 3024 exigente
1317 2955 1396 3007 rei
1452 2955 1804 3009 necessitate.
1836 2950 2127 3007 Instaurati

541 3049 686 3103 enim
721 3060 909 3099 sumus
963 3044 1017 3097 in
1066 3044 1305 3109 Christo,
1360 3044 1623 3098 adventus
1676 3044 1757 3098 sui
1808 3044 1861 3097 itt
1908 3056 2125 3096 carnem

2204 518 2302 585 τὴν
2344 518 2424 579 είς
2473 516 2618 585 ζωὴν
2666 510 2978 583 ὑπόσχεσιν,
3008 514 3102 565 καὶ
3150 513 3249 583 τῆς
3301 514 3366 566 ὲκ
3411 515 3507 568 τοῦ
3541 516 3786 570 διαϐόλου

2206 604 2466 668 δουλείας,
2492 606 2591 675 τῆς
2622 604 2892 667 υἱοθεσίας
2918 603 3014 674 τὴν
3041 602 3370 672 ἐλευθερίαν.
3390 607 3705 678 Ἀνατρέχει
3731 609 3787 663 δὲ
3840 638 3847 641 ν

2206 694 2238 760 ἡ
2279 691 2440 760 φύσις
2461 693 2539 756 εις
2570 691 2630 745 τὸ
2663 694 2907 763 ἀρχαῖον,
2948 692 3018 745 τὰ
3060 691 3265 762 μεταξὺ
3297 695 3681 766 συμϐεϐηκότα
3712 716 3789 751 νι-

2209 783 2442 853 κήσασα,
2475 782 2561 835 διὰ
2598 783 2698 853 τὴν
2742 784 2903 853 χάριν
2934 783 3027 836 τοῦ
3064 783 3497 854 θεμελιώσαντος
3528 788 3697 859 αὐτὴν
3731 790 3789 841 ὲν

2209 876 2433 944 ἀγαθοῖς
2478 877 2534 927 ὲν
2577 875 2819 946 Χριστῷ,
2865 876 2961 930 xai.
2991 877 3153 930 πάλιν
3183 879 3359 930 ἐκεῖνο
3403 879 3610 946 γίνεται
3653 882 3791 951 ὅπερ

2208 964 2275 1038 ἦν
2302 969 2358 1021 ὲν
2390 967 2695 1037 προγνώσει
2731 968 2824 1020 τοῦ
2868 968 3023 1032 Θεοῦ,
3052 969 3109 1033 ἐξ
3144 970 3366 1040 ἀγάπης
3396 971 3789 1042 προοριζομένη

2213 1059 2348 1128 πρὸς
2387 1060 2561 1113 πάντα
2594 1059 2662 1112 τὰ
2686 1058 2946 1113 κάλλιστα
2973 1058 3039 1111 δι’
3071 1059 3225 1112 Υίοῦ.

2561 1356 2763 1419 ΑΛΛΟ,
2804 1354 2885 1421 ὡς
2922 1355 2992 1409 ἐν
3028 1356 3438 1427 ὑποδείγματι.

2286 1489 2411 1553 Πῶς
2452 1491 2586 1559 ἡμῖν
2629 1488 3085 1559 προθεμελιοῦται
3117 1492 3148 1559 ή
3184 1489 3276 1543 τοῦ
3312 1490 3449 1544 Θεοῦ
3490 1494 3652 1561 σοφία
3689 1485 3793 1562 πρὸ

2215 1580 2309 1633 τοῦ
2334 1579 2548 1641 αἰῶνος,
2568 1578 2866 1646 ἀναγκαῖον
2897 1578 3263 1650 ξδεῖν.Ὢσπερ
3289 1581 3341 1633 εί
3358 1599 3442 1646 τις
3458 1583 3793 1654 ἀρχιτέκτων

2220 1671 2381 1740 σοφὸς
2397 1670 2545 1724 οἴκου
2570 1670 2916 1740 κατασκευῆς
2938 1669 3259 1742 ἀρχόμενος,
3281 1674 3536 1745 ἐννοήσας
3555 1693 3634 1739 τε,
3653 1677 3796 1729 κατὰ

2218 1760 2458 1825 τὸείκὸς,
2492 1762 2567 1831 μή
2598 1777 2649 1813 τι
2679 1761 2787 1831 ἀρα
2813 1760 2907 1814 καὶ
2937 1762 3123 1829 πάθοι,
3156 1764 3434 1835 προίόντος
3457 1765 3549 1818 τοῦ
3581 1767 3794 1836 χρόνου,

2219 1853 2327 1905 τῶν
2360 1853 2458 1904 ὅσα
2492 1852 2703 1919 πέφυκε
2731 1851 2973 1919 γίνεσθαι
3002 1854 3130 1923 περὶ
3170 1853 3268 1917 τὰς
3300 1853 3407 1906 τῶν
3434 1854 3799 1925 οἰκοδομημά-

2218 1962 2327 1997 των
2358 1943 2723 2006 κατασκευὰς,
2748 1942 2998 2013 θεμέλιον
3022 1945 3236 2015 ἀρραγῆ
3266 1946 3683 2010 καταϐάλλεται,
3705 1947 3798 2000 καὶ

2224 2036 2381 2108 ῥίζαν
2411 2035 2598 2106 ὥσπερ
2630 2034 2924 2106 ἀκλόνητον
2965 2039 3074 2099 τοῖς
3122 2037 3305 2108 ἔργοις
3330 2039 3554 2103 ἐπινοεῖ,
3583 2040 3646 2091 ἵν’
3673 2039 3726 2093 εἴ
3746 2056 3799 2091 τι

2222 2130 2317 2182 καὶ
2366 2128 2527 2182 πάθοι
2577 2127 2889 2199 σωζομένην
2934 2127 3122 2197 ἔχοντα
3157 2128 3254 2200 τὴν
3281 2130 3477 2201 ἀρχὴν,
3510 2127 3665 2195 αὖθις
3702 2126 3803 2185 ἐπ’

2224 2221 2361 2291 αὐτῇ
2408 2220 2501 2273 καί¹
2531 2220 2830 2290 ἀναστῆναι
2862 2220 3095 2291 δυνηθῇ·
3131 2221 3222 2274 τὸν
3259 2222 3420 2275 αὐτὸν
3449 2223 3513 2294 δὴ
3546 2224 3746 2294 τρόπον
3775 2226 3803 2277 ὁ

2226 2312 2442 2364 πάντων
2488 2311 2840 2381 δημιουργὸς,
2890 2312 2986 2382 τῆς
3042 2312 3315 2383 ἡμετέρας
3369 2314 3640 2386 σωτηρίας
3670 2332 3806 2386 προα

2225 2401 2551 2467 εθεμελίωσε
2581 2402 2669 2455 τὸν
2694 2400 2949 2472 Χριστὸν,
2982 2404 3074 2454 καὶ
3100 2402 3206 2473 πρὸ
3230 2403 3332 2470 τῆς
3356 2402 3450 2456 τοῦ
3480 2405 3685 2474 κόσμου
3708 2422 3804 2457 κα-

2226 2493 2517 2560 τασκευῆς,
2545 2491 2610 2543 ἵν’
2638 2491 2938 2562 ἐπειδήπερ
2969 2492 3149 2563 συμδῇ
3179 2496 3361 2545 πεσεῖν
3389 2493 3475 2546 διά
3502 2494 3599 2564 τὴν
3628 2494 3807 2565 παρά-

2227 2582 2405 2644 ϐασιν,
2436 2578 2591 2644 αὖθις
2630 2582 3048 2652 ἀνακτισθῶμεν
3080 2584 3168 2635 ἐπ’
3198 2584 3539 2654 αὐτῷ.“οσον
3573 2588 3682 2657 ,μὲν
3711 2584 3805 2639 οὖν

2227 2677 2308 2738 εἰς
2338 2675 2531 2745 βουλήν
2557 2692 2615 2726 τε
2643 2676 2736 2727 καὶ
2763 2675 3020 2743 πρόθεσιν
3047 2675 3142 2728 τοῦ
3176 2676 3409 2747 Πατρός,
3436 2678 3529 2732 καὶ
3572 2679 3679 2749 πρὸ
3711 2678 3805 2731 τοῦ

2230 2766 2424 2829 αἰῶνος
2467 2765 2808 2836 θεμελιοῦται
2840 2766 3074 2836 Χριστός
3095 2784 3108 2797 ο
3152 2767 3212 2819 τὸ
3242 2767 3298 2819 δέ
3341 2786 3404 2836 γε
3439 2768 3597 2838 ἔργον
3623 2769 3808 2838 οἰκείῳ

2229 2859 2420 2925 γέγονε
2475 2856 2671 2928 καιρῷ,
2722 2856 2893 2920 οὔτως
2945 2857 3281 2929 ἀπαιτούσης
3332 2860 3429 2930 τῆς
3478 2860 3664 2931 χρείας
3712 2858 3807 2914 τοῦ

2232 2947 2999 3021 πράγματος.⁹Ανανεούμεθα
3034 2949 3141 3020 γὰρ
3189 2950 3246 3001 ἐν
3293 2951 3511 3021 Χριστῷ
3545 2950 3686 3003 κατὰ
3715 2950 3809 3003 τὸν

2231 3040 2329 3110 τῆς
2372 3040 2665 3110 ἐπιδημίας
2713 3040 2925 3110 καιρὸν,
2959 3041 3131 3093 οἱκαὶ
3173 3042 3339 3095 πάλαι
3392 3043 3490 3113 τῆς
3537 3042 3809 3115 σωτηρίας

547 3146 806 3203 tempore,
836 3135 903 3190 ab
928 3144 1133 3189 aeterno
1170 3132 1359 3189 salutis
1391 3146 1589 3189 nostra:
1612 3135 2019 3189 fundamentum
2050 3134 2123 3203 ip-

2236 3132 2395 3186 αὐτὸν
2427 3132 2675 3203 θεμέλιον
2705 3132 2939 3203 ἔχοντες.

545 3242 666 3283 sum
697 3227 981 3281 habentes.

880 3355 1453 3446 ASSERTIO
1523 3359 1789 3449 XVI.

549 3526 626 3581 De
666 3526 959 3580 wternitate
1002 3523 1152 3583 Filii.
1194 3534 1239 3577 et
1271 3543 1406 3593 quoa
1444 3526 1868 3593 inseparabiliter
1911 3542 1975 3581 ea:
2006 3527 2128 3581 sub-

998 3598 1199 3648 stantia
1233 3593 1412 3649 Patris
1442 3607 1673 3650 emanat.

551 3710 790 3779 Objectio
848 3708 1209 3771 Arianorum;
1270 3725 1428 3790 quam
1486 3727 1596 3764 sua:
1642 3722 1933 3781 sequuntur
1982 3712 2128 3766 solu-

1242 3790 1428 3833 ῑιοηεε.

622 3896 691 3948 At
723 3908 827 3962 quo
867 3902 1046 3962 pacto,
1097 3893 1372 3962 inquiunt,
1403 3894 1572 3964 possit
1605 3910 1725 3952 esse
1769 3904 2004 3953 aeternus
2038 3898 2131 3952 Fi-

551 3986 692 4041 lius?
716 3986 823 4038 Aut
842 3985 1136 4055 quomodo,
1157 4001 1280 4040 cum
1305 4001 1370 4040 ex
1399 3985 1561 4041 Patre
1587 3990 1866 4055 procedat,
1890 4005 1995 4044 non
2019 4005 2134 4043 om-

557 4080 683 4133 nino
733 4078 800 4131 ab
860 4079 975 4147 ipso
1037 4078 1366 4146 separetur?
1437 4077 1571 4131 Nam
1625 4081 1769 4147 quod
1831 4095 1890 4133 ex
1955 4080 2134 4148 aliquo

554 4169 830 4238 procedit,
907 4183 1132 4222 necesse
1199 4178 1282 4222 est
1341 4174 1400 4219 ut
1449 4168 1520 4221 sit
1574 4182 1701 4235 pars
1756 4168 2007 4221 essentiae
2068 4182 2131 4221 ex

555 4278 659 4327 qua
711 4258 1000 4329 processit.
1059 4260 1211 4329 Quod
1266 4268 1443 4313 autem
1488 4246 1797 4326 separatum
1845 4270 1927 4313 est
1954 4276 2017 4313 ac
2050 4260 2135 4313 di-

557 4351 755 4415 visum,
784 4348 1036 4403 omnibus
1064 4352 1180 4405 suis
1212 4350 1456 4418 partibus
1484 4351 1751 4420 integrum
1781 4366 1901 4407 esse
1929 4354 2134 4423 nequit.

1011 4461 1215 4517 Salutio
1247 4478 1338 4531 per
1370 4463 1682 4531 exemplum.

628 4593 764 4660 Quid
802 4594 963 4664 igitur
990 4595 1172 4648 dicent
1199 4594 1449 4647 accidere
1478 4594 1601 4658 soli,
1633 4596 1848 4663 quando
1876 4598 2131 4667 splendu-

559 4702 671 4743 rem
710 4702 865 4741 suum
898 4701 963 4740 ex
1003 4702 1060 4741 se
1096 4687 1331 4740 emittit?
1371 4686 1507 4752 Quid
1546 4686 1676 4757 igni,
1728 4704 1789 4742 ex
1836 4705 1942 4760 quo
1983 4692 2133 4747 calor

556 4780 830 4850 procedit?
881 4778 1341 4849 Separationesne
1391 4793 1455 4832 ac
1497 4778 1790 4834 divisiones
1831 4782 1885 4835 in
1924 4781 2133 4851 ejusce—

559 4872 701 4925 modi
748 4868 1068 4923 substantiis
1105 4868 1219 4920 tieri
1268 4868 1527 4922 censent?
1572 4869 1641 4923 At
1671 4884 1797 4926 vero
1842 4872 1922 4925 sol
1957 4888 2134 4928 nonne

561 4963 630 5015 ita
680 4961 919 5028 splendet
965 4968 1026 5015 ut
1074 4958 1217 5012 nulla
1267 4959 1475 5012 ratione
1520 4960 1909 5015 imminuatur?
1950 4963 2134 5033 Neque

558 5053 703 5105 enim
739 5057 1022 5119 quisquam
1062 5050 1401 5119 Splendorem
1435 5051 1679 5106 localiter
1732 5055 1798 5109 ab
1845 5070 1909 5109 eo
1954 5071 2134 5109 secer-

560 5154 691 5195 nere
724 5144 910 5209 possit.
948 5141 1025 5195 Ex
1076 5143 1199 5211 igne
1242 5157 1370 5195 vero
1410 5158 1515 5196 non
1568 5145 1858 5213 separatim
1898 5145 2131 5200 calorem

561 5235 943 5300 procedentem
978 5234 1223 5287 videmus
1253 5252 1265 5286 :
1297 5233 1389 5287 sed
1424 5245 1506 5287 est
1530 5236 1697 5303 ipsius
1722 5239 2134 5307 essentiaaignis

563 5323 787 5386 fructus,
838 5324 1270 5393 inseparabiliter
1316 5323 1476 5393 176
1517 5340 1581 5379 ex
1632 5326 1747 5394 ipso
1799 5331 2133 5397 procedens,

564 5412 703 5466 sicut
732 5423 785 5467 et
816 5414 1069 5481 splendor
1115 5431 1145 5471 e
1176 5417 1312 5470 lucc.
1349 5416 1537 5485 Neque
1572 5421 1711 5473 enim
1751 5420 1926 5475 lumen
1958 5424 2138 5479 subsi-

566 5512 709 5556 stere
745 5512 927 5572 potest
958 5505 1163 5573 absque
1196 5507 1516 5575 Splcntlore;
1553 5526 1725 5578 neque
1765 5514 1903 5580 ignis
1938 5518 2139 5585 absque

566 5595 617 5647 vi
647 5587 1017 5649 calefaciendi.
1051 5596 1276 5665 Semper
1299 5598 1441 5651 enim
1474 5602 1847 5657 adhmrescunt
1872 5618 1923 5659 et
1945 5608 2137 5662 aduata

568 5697 695 5743 sunt
740 5686 870 5754 ipsis
924 5688 1243 5744 substantiis
1288 5705 1407 5758 qua:
1463 5708 1526 5747 ex
1585 5696 1649 5751 iis
1695 5697 2004 5761 gignuntur.
2060 5701 2137 5754 Ita

2710 3345 3073 3433 ΛΟΓΟΣ
3150 3341 3329 3435 IG'.

2227 3527 2367 3595 Περὶ
2405 3525 2739 3597 ἀϊδιότητος
2770 3526 2928 3597 Υἱοῦ,
2981 3528 3080 3579 καὶ
3110 3527 3199 3581 ὅτι
3229 3528 3561 3596 ἀμερίστως
3594 3527 3815 3597 προῆλ-

2525 3599 2630 3649 θεν
2652 3596 2721 3650 ἐκ
2747 3596 2857 3664 τῆς
2888 3598 3103 3664 οὐσίας
3136 3598 3242 3651 τοῦ
3269 3600 3516 3666 Πατρός.

2244 3708 2566 3774 Ἀντίθεσις
2592 3709 2944 3776 Ἀρειανῶν·
2973 3710 3125 3778 πρὸς
3151 3710 3231 3780 ῆν
3252 3716 3311 3767 αἱ
3330 3715 3544 3779 λύσεις
3565 3714 3812 3784 ἑφεξῆς.

2304 3885 2415 3937 Καὶ
2445 3883 2561 3945 πῶς
2605 3882 2672 3935 ἂν
2704 3883 2943 3948 δύναιτο,
2981 3884 3164 3953 φασὶν,
3195 3884 3363 3947 ἀΐδιος
3410 3879 3547 3937 εἶναι
3594 3884 3621 3936 ὁ
3652 3884 3811 3951 Hoc;

2235 3975 2351 4039 πῶς
2385 3974 2441 4026 δὲ
2482 3974 2759 4045 προελθὼν
2803 3976 2867 4028 ἐκ
2914 3976 3146 4046 Πατρός,
3182 3977 3241 4028 οὐ
3277 3976 3496 4038 πάντως
3527 3974 3692 4027 αὐτοῦ
3722 3975 3816 4027 καὶ

2239 4083 2304 4137 με
2315 4066 2601 4137 μέρισται;
2630 4066 2703 4118 Τὸ
2732 4067 2838 4137 γὰρ
2868 4067 2931 4119 ἐκ
2957 4084 3101 4130 τινος
3132 4066 3410 4138 προελθὸν,
3444 4068 3609 4137 μέρος
3640 4066 3704 4120 ἂν
3726 4066 3814 4135 εἴη

2235 4159 2334 4228 τῆς
2362 4159 2569 4223 οὐσίας,
2597 4160 2689 4228 ἀφ’
2723 4154 2790 4230 ἦς
2820 4161 2913 4212 καὶ
2941 4160 3295 4230 προελήλυθε.
3319 4160 3393 4212 Τὸ
3421 4159 3478 4212 δὲ
3510 4158 3657 4222 ἅπαξ
3683 4159 3818 4211 ἀπο⁶

2240 4250 2515 4320 μερισθὲν,
2544 4251 2643 4304 οὐκ
2677 4251 2743 4305 ἂν
2771 4252 3062 4323 ὁλόκληρον
3095 4248 3231 4306 εἶναι
3266 4256 3456 4306 νοοῖτο.

2593 4459 2689 4525 Ἐξ
2726 4459 3160 4529 ὑποδείγματος
3199 4461 3236 4527 ἡ
3276 4462 3477 4524 λύσις.

2308 4597 2373 4649 Τί
2411 4592 2503 4649 οῦν
2552 4595 2660 4667 ἄρα
2693 4596 2918 4664 φήσουσι
2972 4595 3290 4666 συμϐαίνειν
3337 4596 3465 4665 περὶ
3506 4596 3597 4647 τὸν
3646 4595 3818 4664 ἥλιον,

2238 4691 2367 4745 ὅταν
2401 4689 2662 4761 ὲκπέμπῃ
2708 4688 2769 4741 τὸ
2821 4688 2949 4741 ἴδιον
2999 4688 3374 4758 ἀπαύγασμας
3412 4688 3475 4739 Τί
3515 4687 3570 4740 δὲ
3602 4689 3730 4757 περὶ
3758 4689 3821 4743 τὸ

2240 4783 2350 4854 πῦρ
2379 4782 2657 4851 νομίζουσι
2699 4780 2965 4848 γίνεσθαι,
2998 4782 3124 4834 ὅταν
3158 4782 3217 4845 se
3257 4781 3450 4834 ἑαυτοῦ
3480 4782 3579 4851 τὴν
3610 4782 3821 4850 θερμα-

2241 4873 2362 4925 σίαν
2394 4874 2688 4944 ὲκπέμπῃ;
2722 4872 3041 4941 Μερισμοὺς
3069 4868 3177 4941 ἆρα
3198 4874 3293 4926 xal.
3313 4872 3599 4935 ἀποκοπάς
3622 4873 3680 4923 ἐν
3699 4864 3822 4934 ταῖς

2239 4963 2517 5026 τοιαύταις
2549 4964 2757 5025 οὐσίαις
2804 4962 3245 5032 ὑπολαμϐάνουσι
3293 4962 3571 5029 γίνεσθαι;
3603 4962 3711 5013 Καὶ
3743 4960 3822 5030 μὴ

2241 5058 2447 5127 λάμπει
2471 5056 2569 5125 μὲν
2591 5058 2618 5107 ὁ
2641 5055 2792 5124 ἥλιος
2817 5054 2935 5106 κατ’
2953 5053 3140 5106 οὐδένα
3167 5053 3368 5124 τρόπον
3392 5051 3787 5120 ἐλαττούμενος
3807 5066 3821 5113 ;

2240 5149 2411 5203 Διέλοι
2460 5148 2503 5200 δ’
2531 5146 2596 5200 ἂν
2624 5146 2800 5208 οὐδεὶς
2848 5145 3089 5207 τοπικῶς
3121 5146 3181 5198 τὸ
3205 5144 3550 5213 ἀπαύγασμα
3595 5143 3689 5196 ἀπ’
3719 5141 3824 5192 αὐ-

2242 5241 2355 5294 τοῦ.
2376 5240 2507 5292 Ἀπὸ
2532 5238 2587 5291 δέ
2617 5257 2679 5305 γε
2717 5238 2811 5291 τοῦ
2844 5238 3033 5309 πυρὸς,
3063 5239 3123 5291 οὐ
3154 5237 3574 5307 μεμερισμένως
3605 5220 3826 5304 ὁρῶμεν

2243 5333 2339 5402 τὴν
2358 5330 2656 5403 θερμασίαν
2689 5331 3072 5400 ὲκτρέχουσαν,
3105 5329 3221 5383 ἀλλ’
3242 5328 3356 5381 ἔστι
3391 5332 3489 5398 τῆς
3522 5327 3617 5379 τοῦ
3650 5324 3828 5391 πυρὸς

2244 5425 2428 5487 οὐσίας
2473 5423 2682 5493 καρπὸς
2713 5423 3027 5491 ἀμερίστως
3060 5422 3117 5486 ἐξ
3164 5421 3332 5490 αὐτῆς
3368 5420 3605 5491 προῖὼν,
3636 5418 3829 5486 ὥσπερ
3864 5424 3872 5435 ·

2246 5518 2337 5570 καὶ
2360 5517 2421 5568 τὸ
2450 5515 2788 5584 ἀπαύγασμα
2815 5514 2908 5566 τοῦ
2936 5515 3133 5583 φωτός.
3161 5516 3269 5567 Καὶ
3296 5514 3395 5567 οὐκ
3424 5512 3489 5565 ἂν
3516 5513 3599 5582 εἴη
3624 5510 3685 5563 τὸ
3709 5509 3831 5577 φῶς

2246 5624 2373 5658 ποτε
2407 5606 2573 5675 χωρὶς
2602 5603 3057 5673 ἀπαυγάσματος,
3090 5604 3210 5655 οὐδὲ
3252 5604 3313 5655 τὸ
3364 5601 3473 5671 πῦρ
3508 5598 3678 5670 χωρξις
3702 5595 3830 5648 -τοῦ

2246 5698 2576 5757 θερμαίνειν.
2597 5697 2706 5749 ’Λεὶ
2738 5694 2845 5757 γὰο
2880 5695 3246 5757 παραπέφυκε
3270 5697 3389 5757 ταῖς
3425 5691 3707 5751 τοιαύταις
3731 5688 3835 5740 ,οὐ-
