4036 6208
291 347 407 403 297

1682 359 2124 419 TllESAURUS.

3446 375 3550 431 298

292 468 443 529 σίαις
468 465 537 521 τά
564 465 625 531 ἐξ
651 466 831 522 αὐτῶν
850 468 1165 540 τικτόμενα.
1198 471 1355 527 Οὕτω
1384 492 1474 546 μοι
1499 476 1608 529 νόει
1633 477 1722 531 τὸν
1753 476 1867 530 Tibi

1984 480 2148 533 etiam
2187 490 2395 538 statuas
2437 480 2635 538 Filium
2668 499 2734 540 ex
2770 483 3004 540 essentia
3044 483 3219 540 Patris
3258 489 3551 556 proceden-

290 560 360 611 ἐκ
398 560 501 627 τῆς
531 557 627 610 τοῦ
666 559 880 631 Πατρὸς
910 561 1097 626 οὐσίας
1133 566 1559 637 προερχόμενον,
1590 567 1778 632 ἀϊδίως
1816 585 1875 621 τε

288 649 425 702 ὄντα
469 650 527 700 ὲν
569 649 740 719 αὐτῷ,
774 651 869 703 καὶ
902 650 960 704 ὲν
993 652 1098 724 ίδίᾳ
1123 654 1411 725 νοούμενον
1442 657 1757 727 ὑποστάσει,
1785 657 1877 710 καὶ

291 740 416 791 κατ’
449 739 641 793 οὐδένα
684 741 884 811 τρόπον
932 741 1259 799 ἐλαττοῦντα
1291 746 1391 817 τὴν
1424 746 1519 800 τοῦ
1552 749 1761 818 Πατρὸς
1789 748 1878 801 οὐ-

291 829 439 895 σίαν,
471 830 504 900 ἢ
535 830 699 882 αὐτὸν
735 832 940 901 ταύτης
966 833 1433 906 ἀπομεριζόμενον
1452 858 1467 873 ο
1502 838 1615 892 ἀλλ’
1643 834 1783 892 εἶναί
1817 857 1876 893 τε

290 921 459 972 αὐτὸν
499 923 557 974 ὲν
587 921 785 993 Πατρὶ,
816 923 909 976 καὶ
943 922 1086 993 ἔχειν
1114 927 1171 979 ὲν
1199 927 1377 997 ἑαυτῷ
1409 928 1499 981 τὸν
1534 930 1771 1002 Πατέρα,
1802 930 1876 994 ὼς

289 1012 385 1064 καὶ
422 1010 710 1082 ἀληθεύειν
753 1011 1010 1080 λέγοντα·
1047 1035 1066 1066 ι
1090 1016 1230 1085 Ἐγὼ
1274 1021 1331 1072 ὲν
1376 1019 1456 1090 τῷ
1500 1023 1695 1092 Πατρὶ,
1731 1023 1875 1077 καὶὸ

287 1101 488 1172 Πατὴρ
516 1103 574 1154 ὲν
603 1102 758 1170 ἐμοί’
793 1122 810 1153 ι
851 1106 944 1156 καὶ
972 1106 1059 1158 διὰ
1088 1106 1148 1159 τὸ
1194 1110 1290 1179 τῆς
1328 1111 1518 1175 οὐσίας
1560 1112 1876 1184 ἀπαράλλα-

289 1210 441 1253 κτον,
474 1192 640 1247 αὐτόν
669 1210 727 1247 τε
770 1195 828 1248 ἐν
873 1195 951 1266 τῷ
979 1199 1173 1267 Πατρὶ,
1205 1201 1299 1252 καὶ
1327 1202 1385 1253 ὲν
1414 1202 1563 1275 αὐτῷ
1590 1204 1875 1272 φαίνεσθαι

287 1284 382 1335 τὸν
416 1283 659 1353 Πατέρα,
682 1283 826 1338 οὕτω
870 1302 930 1338 τε
973 1287 1232 1342 δύνασθαι
1268 1290 1477 1359 λέγειν·
1514 1312 1532 1344 ι
1554 1293 1696 1362 Ἐγὼ
1722 1296 1817 1348 καὶ
1847 1297 1875 1348 ὁ

288 1374 483 1445 Πατὴρ
512 1374 570 1427 ἓν
599 1375 799 1445 ἐσμεν*
845 1373 901 1429 '0
934 1378 1195 1448 ἑωρακὼς
1224 1381 1343 1449 ἐμὲ,
1376 1380 1587 1451 ἑώρακε
1628 1384 1719 1437 τὸν
1770 1387 1878 1438 Πα-

287 1466 446 1536 τέρα.
478 1486 497 1517 ι

979 1582 1186 1637 AAAO.

362 1690 428 1741 Ol.
474 1688 726 1757 λέγοντες
765 1692 1141 1759 ἀποκεκόφθαι
1171 1694 1271 1764 τῆς
1300 1695 1395 1749 τοῦ
1425 1697 1636 1767 Πατρὸς
1683 1701 1872 1765 οὐσίας

1981 578 2111 632 tem,
2143 568 2211 623 ab
2232 579 2432 626 aeterno
2459 571 2509 625 in
2543 571 2660 641 ipso
2685 574 2973 640 exsistere,
3008 574 3223 629 tametsi
3257 575 3308 630 in
3339 578 3553 645 prOpt-ia

1979 657 2253 727 hypostasi
2303 659 2582 723 subsistat,
2616 661 2868 732 nullaque
2901 663 3107 718 ratione
3146 663 3319 718 Patris
3365 680 3554 719 essen-

1980 750 2107 803 tiam
2157 750 2512 817 imminuere,
2571 764 2665 807 aut
2714 756 2780 806 ab
2832 755 2919 808 illa
2964 757 3251 825 separari:
3286 758 3379 811 sed
3435 772 3555 813 esse

1978 840 2151 910 ipsum
2196 842 2247 896 in
2279 841 2458 907 Patre,
2496 853 2549 897 et
2576 845 2814 899 vicissim
2867 846 3078 901 Patrem
3113 848 3163 900 in
3215 862 3272 899 se
3316 849 3551 912 habere;

1977 930 2113 983 adeo
2162 941 2220 984 ut
2267 947 2391 987 vere
2437 933 2627 987 dicat:
2666 953 2683 985 ι
2715 935 2827 1001 Ego
2857 936 2908 988 in
2959 934 3140 999 Patre,
3192 945 3246 990 et
3288 936 3448 991 Pater
3499 939 3552 992 in

1980 1035 2065 1074 me
2094 1022 2133 1052 “
2170 1039 2181 1074 :
2214 1040 2231 1072 ι
2263 1030 2315 1077 et
2358 1033 2579 1090 propter
2613 1026 2977 1079 omnimodam
3013 1027 3267 1080 essentia:
3299 1027 3552 1080 similitu-

1976 1112 2157 1165 dinem
2197 1112 2369 1181 ipsum
2404 1114 2457 1166 in
2488 1112 2667 1179 Patre,
2699 1122 2753 1167 et
2777 1116 2988 1170 Patrem
3023 1116 3074 1169 in
3112 1115 3230 1185 ipso
3264 1120 3437 1184 cerni,
3465 1127 3548 1172 at-

1976 1218 2080 1273 que
2130 1204 2201 1257 ita
2254 1220 2411 1272 posse
2459 1205 2678 1261 dicere:
2714 1225 2731 1257 ι
2768 1206 2876 1276 Ego
2928 1216 2983 1262 et
3031 1208 3190 1262 Pater
3241 1226 3406 1266 unum
3455 1228 3548 1266 su-

1978 1309 2098 1349 mus
2121 1294 2163 1324 ¹¹
2191 1313 2203 1348 :
2234 1294 2334 1363 Qui
2368 1296 2501 1350 vidit
2536 1312 2642 1362 me,
2677 1297 2810 1351 vidit
2834 1308 2889 1351 et
2915 1297 3129 1353 Patrem
3157 1300 3217 1351 ’³.
3254 1321 3271 1352 ι

2651 1577 2880 1635 ALIUD.

2046 1692 2147 1758 Qui
2184 1692 2372 1746 dicunt
2428 1701 2697 1747 resectum
2727 1705 2889 1764 atque
2919 1695 3149 1749 divusum
3198 1711 3319 1752 esse
3364 1700 3429 1752 ab
3457 1716 3548 1757 es—

285 1781 378 1833 τὸν
413 1781 564 1843 Υίδν,
592 1780 680 1835 διὰ
707 1782 767 1835 τὸ
794 1782 852 1847 ἐξ
878 1783 1049 1853 αὐτῆς
1081 1785 1387 1855 προελθεῖν,
1415 1788 1511 1842 καὶ
1534 1784 1672 1842 εἶναι
1707 1792 1867 1861 μέρος

1977 1782 2147 1837 sentia
2180 1780 2356 1836 Patris
2390 1781 2606 1847 Filium,
2636 1784 2762 1851 quia
2806 1798 2870 1838 ex
2919 1784 3035 1854 ipso
3072 1788 3332 1853 procedit,
3383 1800 3549 1857 atque

284 1871 474 1925 λοιπὸν
526 1873 626 1943 οὐχ
674 1872 986 1945 ὁλόκληρον,
1018 1874 1325 1943 λεγέτωσαν
1369 1878 1743 1949 ἀποκεκόφθαι
1772 1883 1866 1937 καὶ

282 1963 380 2016 τοῦ
410 1963 588 2031 φωτὸς
613 1962 673 2016 τὸ
702 1963 1063 2033 ἀπαύγασμα,
1100 1965 1193 2018 καὶ
1224 1966 1319 2019 τοῦ
1351 1968 1521 2039 πυρὸς
1550 1969 1649 2041 τὴν
1679 1969 1739 2034 ἐξ
1766 1971 1867 2024 αὐ-

281 2054 380 2108 τοῦ
412 2053 709 2125 προϊοῦσαν
733 2053 1060 2126 θερμασίαν,
1086 2056 1181 2109 καὶ
1206 2056 1301 2109 τοῦ
1324 2058 1417 2112 νοῦ
1444 2059 1535 2112 τὸν
1560 2059 1718 2128 λόγον
1735 2076 1748 2091 ⁸
1774 2064 1866 2115 καὶ

280 2147 654 2202 δεικνύτωσαν
705 2147 787 2200 ὅτι
823 2146 963 2220 μέρη
1006 2145 1182 2200 ταῦτα
1230 2147 1573 2219 διῃρημένως
1610 2152 1726 2205 ἐστὶ
1757 2152 1866 2206 τῶν

280 2236 507 2301 οὐσιῶν,
538 2235 598 2302 ἐξ
650 2229 726 2291 ὧν
775 2238 867 2290 καὶ
914 2235 1297 2307 προέρχονται,
1339 2237 1372 2307 ἢ
1417 2239 1499 2292 ὅτι
1547 2241 1717 2311 χωρὶς
1766 2242 1865 2313 μὲν

283 2327 719 2396 ἁπαυγάσματος
747 2321 816 2398 ἦν
844 2344 976 2381 ποτε
1019 2328 1080 2382 τὸ
1123 2328 1259 2398 φῶς,
1291 2329 1459 2401 χωρὶς
1482 2331 1538 2383 δὲ
1565 2332 1866 2403 θερμασίας

281 2419 346 2473 τὸ
379 2418 513 2491 πῦρ,
549 2416 742 2487 ἄλογος
780 2418 837 2472 δὲ
876 2420 908 2472 ό
942 2418 1085 2483 νοῦς.
1117 2420 1228 2474 Καὶ
1251 2420 1374 2473 τότε
1405 2421 1865 2492 φανταξέσθωσαν

282 2510 513 2564 τοιαῦτά
535 2526 659 2563 τινα
684 2509 927 2581 καὶπερὶ
952 2510 1041 2563 τὸν
1056 2509 1152 2564 τοῦ
1172 2510 1308 2563 Θεοῦ
1324 2511 1513 2580 Λόγον.
1532 2513 1595 2565 El
1612 2513 1670 2566 δὲ
1693 2513 1865 2569 ταῦτα

285 2601 507 2655 σύνεστι
533 2602 632 2672 μὲν
650 2601 739 2656 ἀεὶ
755 2603 875 2665 ταῖς
895 2602 1126 2667 οὐσίαις,
1148 2603 1240 2671 ἀφ’
1258 2597 1334 2657 ὧν
1362 2603 1456 2656 καὶ
1481 2604 1861 2676 προέρχονται,

279 2692 601 2765 ἀμερίστως
626 2692 685 2745 δὲ
706 2691 864 2745 τοῦτο
879 2691 1111 2757 ποιοῦσι,
1136 2693 1231 2746 καὶ
1254 2694 1317 2747 οὐ
1341 2696 1760 2765 κεχωρισμένως
1782 2697 1862 2767 (οὐ

282 2784 394 2855 γὰρ
428 2784 579 2854 πάθη
610 2786 706 2838 καὶ
730 2784 1015 2849 ἀποκοπὰς
1038 2784 1360 2855 ἐμποιοῦσιν
1390 2786 1625 2854 αὐταῖς),
1658 2786 1774 2851 πῶς
1801 2788 1862 2841 οὐ

284 2876 470 2946 πάσης
506 2876 645 2928 είσὶν
672 2875 927 2939 ἀσεϐείας
960 2876 1215 2929 ἐπέκεινα
1241 2875 1414 2929 ταῦτα
1443 2879 1509 2947 τῇ
1542 2876 1662 2947 θείᾳ
1705 2877 1861 2946 φύσει

283 2967 716 3036 προσάπτοντες,
745 2966 781 3021 ἀ
822 2967 957 3039 μηδὲ
998 2966 1127 3038 περὶ
1163 2966 1262 3037 τὴν
1292 2966 1402 3019 τῶν
1430 2967 1673 3037 γενητῶν
1702 2969 1863 3038 φύσιν

281 3057 541 3125 γενέσθαι
584 3057 701 3129 δοίη
740 3075 827 3121 τις
859 3059 947 3120 ἂν,
994 3059 1047 3113 el
1075 3075 1137 3127 γε
1172 3058 1299 3112 νοῦν
1333 3058 1444 3129 ἔχοι
1497 3061 1591 3113 καὶ
1638 3060 1860 3132 φρονοίη

284 3147 471 3211 καλῶς
489 3166 505 3211 ;
1324 3174 1325 3177 η

967 3262 1171 3317 ΔΛΛΟ.

523 3374 620 3438 Ὠς
654 3374 724 3439 ἐξ
760 3374 1115 3439 ἀντιθέσεως
1152 3374 1271 3428 τῶν
1306 3374 1637 3443 αἰρετικῶν.

356 3504 472 3560 Καὶ
511 3505 647 3568 πῶς,
682 3506 833 3574 φασὶ,
868 3503 1087 3557 δύναται
1116 3506 1144 3557 ό
1169 3505 1297 3569 Υἱὸς
1341 3504 1505 3565 ἀΐδιος
1555 3500 1693 3557 εἶναι
1728 3503 1867 3574 μετά

284 3597 539 3668 Πατρ6ς;
586 3596 697 3649 Καὶ
727 3596 835 3664 γὰρ
877 3596 927 3648 οί
968 3596 1079 3648 τῶν
1108 3594 1411 3666 ἀνθρώπων
1460 3594 1565 3648 υίοὶ
1587 3595 1864 3647 τίκτονται

290 3688 435 3758 μετά
483 3687 608 3749 τοὺς
650 3685 917 3756 πατέρας,
968 3686 1063 3738 καὶ
1107 3685 1320 3756 χρόνοις
1366 3682 1592 3753 ὕστερον
1627 3681 1865 3750 γίνονται

284 3777 525 3843 πολλοῖς,
552 3778 654 3830 οὐκ
680 3776 828 3839 ὄντες
856 3775 987 3845 πρὶν
1026 3773 1375 3845 γεννηθῆναι.
1408 3773 1532 3835 Πῶς
1561 3772 1619 3825 δὲ
1648 3771 1806 3825 πάλιν
1838 3774 1867 3825 ὁ

285 3867 421 3931 Υἱὸς
444 3866 618 3934 Λόγος
644 3861 782 3919 εἶναι
800 3865 1042 3930 δύναται,
1068 3864 1102 3935 ἢ
1125 3864 1287 3917 είκὼν
1308 3863 1401 3916 τοῦ
1426 3861 1563 3915 Θεοῦ
1583 3878 1597 3927 ;
1622 3862 1731 3915 Καὶ
1754 3860 1865 3931 γὰρ

284 3960 315 4012 ό
349 3958 460 4011 τῶν
495 3957 591 4011 ἀνθ
602 3956 798 4028 ρώπων
823 3955 980 4023 λόγος
1007 3954 1131 4008 οὐτε
1159 3955 1520 4019 ὲνυπόστατός
1552 3956 1720 4020 ἐστιν,
1742 3954 1866 4008 οὐτε

287 4050 435 4123 μετά
466 4051 529 4103 τὸ
561 4049 794 4121 ῥηθῆναι
815 4121 818 4124 γ
840 4048 1071 4111 σώζεται
1094 4064 1110 4080 ·
1156 4050 1271 4102 ἀλλ’
1301 4049 1461 4114 εὐθὺς
1506 4051 1585 4113 είς
1612 4048 1675 4102 τὸ
1706 4049 1781 4121 μὴ
1806 4048 1866 4102 ὃν

282 4142 604 4207 ἀναλύεται,
632 4141 879 4213 σημήνας
928 4140 989 4192 τὸ
1040 4140 1181 4193 κατά
1225 4140 1466 4194 διάνοιαν
1506 4139 1588 4210 τῷ
1618 4139 1866 4194 λαλοῦντι

284 4234 563 4305 ιείμενον,
599 4234 693 4287 καὶ
738 4231 809 4286 τὰ
838 4232 897 4285 ὲν
924 4231 1003 4302 τῷ
1032 4231 1187 4302 βάθει
1220 4233 1319 4303 τῆς
1362 4232 1591 4304 καρδίας
1638 4249 1868 4304 φανερο-

283 4326 527 4397 ποιησας
551 4325 817 4395 νοήματα.

773 4433 930 4501 Πρὸς
967 4432 1143 4486 τοῦτο
1180 4431 1381 4498 λύσις.

360 4546 425 4599 Εἰ
473 4545 573 4616 μὲν
616 4544 691 4608 ὡς
738 4543 1025 4615 ἄνθρωπος
1059 4543 1231 4607 οὕτως
1282 4545 1399 4598 ἐστὶ
1447 4546 1540 4598 καὶ
1586 4545 1739 4609 Θεὸς.
1772 4545 1866 4599 καὶ

288 4637 454 4692 πλέον
483 4636 593 4690 τῶν
617 4636 677 4689 ὲν
708 4637 841 4707 ἡμῖν
870 4635 1022 4690 οὐδὲν
1054 4638 1112 4689 ὲν
1145 4635 1313 4706 αὐτῷ,
1344 4638 1616 4708 κρατείτω
1646 4637 1739 4690 καὶ
1768 4639 1840 4690 ὲπ

290 4728 461 4784 αὐτοῦ
514 4727 585 4781 τὰ
632 4726 980 4799 ἀνθρώπων
1030 4726 1126 4780 καὶ
1172 4728 1575 4799 προϋπαρχέτω
1604 4726 1699 4781 τοῦ
1736 4727 1865 4780 ἰδίου

290 4820 633 4890 γεννήματος
657 4817 842 4888 ὥσπερ
886 4818 980 4871 καὶ
1011 4818 1203 4888 ἡμεῖς’
1239 4819 1334 4871 καὶ
1364 4819 1427 4870 ὲκ
1453 4816 1547 4871 τοῦ
1599 4816 1675 4889 μὴ
1717 4817 1869 4880 ὄντος

289 4911 435 4964 ἔστω
465 4909 525 4961 τὸ
569 4907 629 4972 ἐξ
657 4907 821 4962 αὐτοῦ
850 4907 1132 4978 προελθόν.
1164 4908 1227 4961 El
1257 4907 1314 4960 δὲ
1343 4907 1479 4961 πολὺ
1521 4907 1631 4961 τῶν
1672 4908 1870 4979 ἡμετέ-

294 5018 405 5072 ρων
430 5000 492 5054 τὸ
509 5000 664 5054 Θεῖον
689 4999 1019 5070 ἀπῴκισται,
1045 5000 1142 5053 καὶ
1167 4999 1321 5052 οὐδὲν
1347 4998 1493 5069 αὐτῷ
1524 5002 1700 5053 κοινὸν
1732 5000 1868 5073 πρὸς

289 5094 461 5164 ἡμᾶς,
488 5093 613 5145 ὅσον
641 5094 721 5156 είς
751 5092 844 5145 τὸν
889 5091 990 5161 τῆς
1018 5090 1205 5154 οὐσίας
1230 5089 1410 5158 λόγον,
1448 5088 1564 5152 πῶς
1592 5089 1722 5142 αὐτὸ
1753 5094 1867 5155 τοῖς

291 5181 655 5252 ἀνθρωπίνοις
688 5180 1090 5251 καταδεσμοῦσι
1135 5181 1343 5244 κακοῖς,
1374 5179 1468 5232 καὶ
1512 5181 1634 5241 sui;
1671 5180 1868 5249 ἡμετέ-

294 5287 418 5341 ραις
449 5273 717 5340 ἀνάγκαις
763 5271 1109 5333 ὐποτιθέντες
1156 5271 1256 5323 οὐκ
1300 5268 1681 5339 αἱσχύνονται;
1717 5270 1867 5340 Ὄσῳ

288 5364 402 5434 γὰρ
446 5362 513 5417 ἂν
558 5362 661 5434 τὴν
710 5361 999 5432 ἀνθρώπου
1050 5359 1210 5429 φύσιν
1253 5359 1566 5430 ὲξάλληται,
1594 5357 1868 5424 τοσοῦτον,

289 5450 470 5523 οἶμαι,
496 5454 593 5507 καὶ
614 5453 725 5507 τῶν
744 5452 875 5523 παρ’
898 5455 1032 5522 ἡμῖν
1047 5450 1185 5505 eos»
1210 5467 1268 5504 τε
1298 5451 1391 5503 καὶ
1416 5450 1595 5521 νόμων
1624 5448 1872 5518 φυσικῶν

292 5543 449 5597 ἐσται
476 5545 571 5597 κα)⁸
593 5543 852 5614 ἀμείνων.
868 5541 1074 5595 Οὐκοῦν
1091 5540 1320 5611 φθαρτοὶ
1344 5541 1439 5610 μὲν
1463 5542 1644 5611 ἡμεῖς,
1663 5538 1873 5610 ἄφθαρ-

372 5715 412 5748 ⁸¹
440 5714 596 5771 Joan.
628 5731 737 5782 xw,
772 5715 861 5769 ll.

695 5813 964 5875 PATROL.
1009 5812 1124 5872 Gn.
1166 5811 1398 5872 LXXV.

939 5717 980 5745 "
1008 5715 1162 5769 Joan.
1200 5730 1258 5775 κ.
1285 5715 1375 5767 30.
1456 5715 1499 5745 ¹³
1530 5714 1685 5769 Joan.
1724 5730 1833 5777 xiv,
1859 5715 1912 5769 9.

1975 1871 2095 1926 ideo
2125 1880 2331 1941 partem
2363 1886 2505 1935 esse,
2538 1888 2643 1926 non
2677 1888 2803 1927 vero
2832 1874 3099 1943 integrum
3133 1894 3147 1931 :
3181 1878 3362 1931 dicant
3384 1882 3545 1934 etiam

1972 1960 2310 2030 splendorem
2344 1972 2651 2031 separatum
2694 1977 2815 2017 esse
2866 1978 2895 2017 a
2934 1964 3154 2031 lumine,
3205 1976 3260 2021 et
3290 1969 3544 2024 calidita-

1975 2062 2080 2107 tem
2124 2054 2193 2106 ab
2224 2053 2367 2122 igne,
2413 2069 2444 2108 e
2469 2069 2577 2122 quo
2608 2054 2873 2123 procedit,
2905 2065 2957 2109 et
2985 2058 3209 2112 verbum
3258 2075 3286 2113 a
3320 2072 3498 2117 mente
3527 2079 3543 2115 :

1971 2144 2367 2212 ostendantque
2415 2143 2530 2198 haec
2576 2157 2700 2198 esse
2736 2145 3024 2211 separatim
3064 2156 3246 2215 partes
3292 2150 3547 2204 substan-
3624 2206 3625 2209 η

1975 2239 2196 2301 tiarum,
2247 2252 2278 2293 e
2332 2237 2529 2307 quibus
2585 2236 3037 2307 procedunt;ant
3086 2240 3317 2307 probent
3362 2243 3542 2299 lumen

1971 2330 2264 2398 aliquando
2292 2330 2458 2385 fuisse
2488 2330 2692 2401 absque
2721 2331 3032 2400 splendore,
3076 2341 3170 2386 aut
3198 2333 3375 2403 ignem
3412 2337 3542 2391 abs-

1971 2430 2078 2484 que
2120 2415 2420 2482 caliditate,
2457 2426 2513 2472 et
2559 2428 2795 2473 mentem
2840 2419 3044 2487 absque
3081 2423 3266 2476 verbo.
3302 2423 3379 2477 Ac
3427 2434 3541 2478 tum

1970 2506 2187 2561 demum
2219 2522 2340 2561 cum
2379 2508 2483 2563 hoc
2517 2510 2820 2577 probarint,
2853 2510 3216 2579 imaginentur
3242 2513 3404 2567 etiam
3438 2516 3542 2570 tale

1971 2597 2250 2666 quidpiam
2280 2598 2348 2654 de
2368 2597 2549 2654 Verbo
2574 2601 2688 2655 Dei.
2720 2600 2776 2655 Si
2815 2616 2940 2657 vero
2974 2604 3088 2658 haec
3119 2604 3301 2659 insunt
3328 2620 3543 2677 semper

1969 2686 2290 2743 substantiis
2326 2703 2357 2742 e
2388 2690 2584 2757 quibus
2612 2692 2936 2760 procedunt,
2969 2694 3214 2762 citraque
3253 2695 3413 2750 ullam
3449 2712 3540 2751 se-

1968 2778 2302 2849 parationem
2354 2779 2456 2834 hoc
2494 2789 2753 2849 praestant
2779 2781 2980 2852 (neque
3018 2785 3162 2838 enim
3215 2785 3375 2839 ullam
3408 2802 3539 2856 pas-

1968 2870 2176 2925 sionem
2197 2879 2293 2925 aut
2317 2871 2616 2927 sectionem
2648 2873 2700 2926 in
2730 2873 2811 2927 eis
2828 2873 3108 2944 elliciunt),
3134 2878 3405 2944 quomodo
3433 2894 3537 2933 non

1969 2960 2075 3015 sint
2109 2962 2365 3016 censendi
2399 2964 2747 3017 vehementer
2784 2964 2959 3032 impii,
2991 2966 3081 3033 qui
3110 2950 3307 3023 divinas
3335 2980 3540 3025 natura:

1969 3051 2057 3107 illa
2090 3051 2356 3116 tribuunt,
2383 3067 2503 3121 qua:
2544 3068 2703 3107 nemo
2730 3070 2878 3108 sana:
2912 3058 3108 3111 mentis
3152 3073 3217 3112 ne
3258 3068 3539 3114 creatura-

1889 3166 1931 3222 ρ
1970 3157 2087 3197 rum
2115 3143 2333 3213 quidem
2372 3152 2576 3198 natura:
2602 3144 2855 3199 accidere
2887 3160 3044 3215 posse
3073 3147 3343 3203 fateatur!

2640 3235 2872 3318 ALIUD.

2342 3370 2426 3424 Ea:
2452 3372 2741 3441 objections
2764 3375 3154 3429 haereticorum.

2045 3503 2149 3557 Sed
2203 3504 2495 3571 quomodo,
2544 3505 2813 3573 inquiunt,
2860 3515 3037 3573 potest
3084 3505 3255 3563 Filius
3301 3520 3537 3565 aeternus

1966 3609 2086 3650 esse
2106 3611 2226 3648 cum
2252 3594 2443 3649 Patre?
2467 3596 2602 3649 Nam
2632 3595 2724 3650 ﬁlii
2754 3598 3029 3651 hominum
3082 3610 3381 3654 nascuntur
3419 3612 3539 3671 past

1970 3699 2097 3739 suos
2140 3696 2410 3753 parentes,
2459 3685 2740 3755 multoque
2785 3698 2904 3754 post
2939 3698 3178 3756 tempore
3228 3690 3381 3754 liunt,
3431 3708 3536 3745 non

1967 3774 2293 3830 exsistentes
2323 3775 2635 3841 priusquam
2679 3776 2830 3827 liatit.
2872 3778 2980 3830 Aut
3024 3793 3132 3843 quo
3181 3788 3339 3845 pacto
3370 3778 3538 3835 Filius

1969 3866 2137 3935 possit
2175 3879 2294 3917 esse
2323 3863 2578 3928 Verbum,
2611 3873 2705 3916 aut
2758 3865 2934 3933 imago
2969 3867 3101 3919 Dei?
3134 3865 3265 3919 Nam
3313 3869 3536 3921 verbum

1968 3955 2111 4027 quod
2160 3954 2228 4007 ab
2266 3953 2579 4008 hominibus
2611 3952 2904 4023 profertur,
2947 3969 3119 4024 neque
3150 3970 3244 4020 per
3276 3970 3336 4010 se
3363 3956 3539 4011 subsi-

1968 4046 2082 4111 stit,
2120 4057 2295 4113 neque
2328 4051 2612 4113 postquam
2654 4041 2923 4110 prolatum
2953 4053 3037 4096 est
3068 4052 3267 4107 manet,
3298 4044 3391 4098 sed
3421 4056 3535 4099 sta-

1971 4135 2065 4189 tim
2109 4134 2163 4188 in
2201 4133 2426 4186 nihilum
2458 4134 2756 4196 evanescit,
2801 4148 2923 4185 cum
2966 4132 3254 4200 explicarit
3282 4136 3426 4203 quod
3457 4136 3537 4190 lo-

1967 4243 2139 4297 quens
2167 4236 2346 4282 mente
2367 4236 2709 4296 conceperat,
2735 4240 2968 4295 cumque
2994 4225 3351 4295 cogitationes
3373 4228 3536 4283 animi

1968 4318 2305 4388 patefecerit.

2470 4428 2676 4484 Salutio
2714 4429 3044 4498 objectiom’s.

2044 4544 2103 4600 Si
2131 4543 2273 4598 Deus
2311 4543 2532 4613 perinde
2564 4550 2645 4597 est
2680 4550 2844 4612 atque
2890 4543 3080 4608 homo,
3116 4544 3273 4614 177
3303 4544 3543 4615 nihilque

1971 4634 2206 4704 amplius
2254 4633 2403 4687 ineo
2452 4640 2535 4687 est
2563 4648 2723 4701 quam
2765 4634 2816 4686 in
2863 4633 3063 4687 nobis:
3109 4633 3342 4687 humana
3374 4636 3540 4689 etiam

1973 4726 2025 4781 in
2049 4726 2166 4795 ipso
2200 4724 2378 4777 locum
2417 4724 2671 4787 habeant,
2720 4732 2773 4778 et
2806 4723 2918 4790 ipse
2962 4737 3177 4793 quoque
3214 4723 3364 4791 prior
3391 4727 3538 4779 exsi-

1971 4825 2081 4872 stat
2108 4814 2247 4870 Filio
2279 4829 2399 4880 suo,
2432 4826 2491 4868 ut
2518 4829 2641 4879 nos,
2666 4825 2720 4869 et
2742 4830 2809 4868 ex
2839 4815 3008 4869 nihilo
3038 4815 3129 4880 sit,
3163 4814 3304 4882 quod
3334 4828 3401 4868 ex
3426 4813 3542 4883 ipso

1975 4905 2234 4976 procedit.
2265 4904 2335 4958 At
2365 4919 2496 4960 vero
2518 4906 2563 4959 si
2586 4905 2767 4961 Deitas
2785 4905 2986 4976 lougea
3009 4916 3190 4959 nostra
3222 4914 3347 4959 natu
3359 4920 3413 4957 ra
3434 4905 3541 4959 dif-

1973 4996 2099 5059 fert,
2139 4995 2379 5064 nihilque
2420 4996 2470 5051 ei
2503 4996 2781 5051 nobiscum
2818 5011 3104 5051 commune
3145 5003 3248 5059 est,
3281 5003 3540 5065 quantum

1975 5088 2039 5142 ad
2072 5088 2337 5141 rationem
2365 5085 2683 5142 substantiae
2711 5088 2902 5142 attinet
2934 5105 2948 5141 :
2973 5102 3079 5156 quo
3109 5098 3268 5155 pacto
3292 5102 3411 5143 eam
3442 5089 3540 5142 ltu-

1974 5179 2149 5234 manis
2199 5178 2559 5233 iucommodis
2594 5188 2651 5233 et
2694 5178 2853 5233 malis
2882 5179 3210 5248 astringunt,
3250 5187 3305 5233 et
3340 5188 3543 5234 nostra:

1975 5268 2284 5324 necessitati
2318 5270 2583 5338 subjicere
2619 5284 2724 5324 non
2762 5269 3059 5325 verentur?
3093 5268 3365 5334 Quantum
3396 5272 3541 5324 enim

1975 5358 2267 5414 humanam
2319 5368 2566 5413 naturam
2618 5358 2854 5423 excellit,
2908 5368 3111 5413 tantum
3148 5360 3311 5413 etiam
3358 5367 3541 5413 nostra

1976 5451 2363 5506 consuetudine
2405 5461 2459 5507 et
2512 5452 2848 5506 naturalibus
2898 5451 3105 5520 legibus
3145 5462 3228 5506 est
3274 5452 3538 5519 superior.

1979 5540 2088 5596 Nos
2118 5541 2299 5611 itaque
2327 5541 2705 5609 corruptibiles
2739 5558 2751 5595 :
2788 5539 2927 5595 Deus
2954 5551 3131 5595 autem
3160 5537 3542 5609 incorruptibi-

3115 5798 3182 5859 10
