4036 6208
534 317 642 373 299

1520 311 1576 363 S.
1613 306 1885 361 CYRILLI
1926 299 2395 356 ALEXANDRINI
2437 298 2753 354 ARCHIEP.

3678 292 3779 349 500

538 434 624 487 lis.
676 430 784 486 Nos
831 447 893 485 ex
936 431 1113 485 nihilo
1157 430 1221 482 ad
1258 442 1376 483 esse
1427 423 1657 479 traducti
1702 435 1929 473 sumus:
1963 420 2101 471 Deus

2223 437 2292 482 τος
2318 418 2373 473 δὲ
2395 419 2424 471 6
2444 416 2597 478 Θεός.
2616 416 2709 466 Ἐκ
2732 412 2826 465 τοῦ
2860 412 2933 481 μὴ
2962 411 3110 472 ὄντος
3145 410 3223 471 εἰς
3246 407 3306 461 τὸ
3331 404 3468 460 εἶναι
3496 405 3783 479 παρήχθη-

544 537 677 576 vero
715 536 930 591 semper
964 532 1016 577 et
1043 530 1181 586 eral,
1209 530 1263 573 et
1289 518 1411 572 erit.
1447 514 1629 580 Qualis
1657 527 1785 565 vero
1819 520 1902 564 est
1942 509 1987 563 is
2010 509 2101 577 qui

538 612 730 682 gignit,
775 612 932 665 talem
969 611 1132 664 etiam
1181 622 1300 661 esse
1347 610 1556 673 oportet
1588 601 1676 669 qui
1720 614 1785 652 ex
1834 613 1899 652 eo
1930 597 2100 667 gigni-

540 712 644 755 tur.
678 701 937 756 IEternus
990 712 1166 753 autem
1209 707 1291 751 est
1335 695 1475 747 Deus
1528 708 1590 746 ac
1620 692 1798 753 Pater,
1843 699 2102 742 aeternum

543 791 720 858 itaque
792 790 950 842 etiam
1019 787 1158 854 quod
1219 797 1283 836 ex
1351 782 1466 849 ipso
1522 778 1762 848 procedit
1810 776 2015 838 lumen,
2055 786 2109 827 et

542 891 682 945 erat,
712 891 888 935 etest.
918 879 1116 932 Aderat
1146 876 1307 943 igitur
1330 873 1515 925 lumini
1547 870 1816 939 splendor.
1845 868 2105 922 Prmterea

543 974 766 1027 verbum
812 970 949 1035 quod
979 983 1042 1020 ex
1079 965 1293 1018 homine
1325 962 1588 1032 procedit,
1631 961 1681 1013 in
1721 959 1943 1012 nihilum
1980 972 2104 1012 eva-

545 1063 739 1123 nescit,
772 1069 826 1112 et
854 1072 1027 1124 neque
1064 1057 1241 1108 vivum
1271 1062 1376 1116 est,
1414 1065 1588 1120 neque
1618 1049 1826 1103 efficax.
1856 1047 1987 1101 Nam
2018 1048 2106 1115 qui

543 1151 670 1205 illud
697 1149 863 1217 gignit
904 1147 1067 1200 homo
1108 1162 1169 1199 ex
1204 1144 1370 1199 nihilo
1404 1152 1506 1205 est,
1551 1151 1603 1195 et
1644 1138 1975 1207 corruptioni
2011 1139 2109 1191 ob-

540 1242 754 1296 noxius.
804 1237 1035 1292 Verbum
1072 1246 1249 1289 antem
1283 1236 1376 1289 Dei
1427 1235 1606 1286 vivum
1646 1242 1749 1290 ρει,
1789 1241 1840 1283 et
1876 1244 1941 1283 ex
1991 1229 2111 1282 vivo

541 1332 864 1402 procedens,
912 1339 1029 1381 erat
1077 1337 1131 1380 et
1174 1334 1255 1380 est
1292 1340 1525 1395 semper.
1572 1322 1754 1391 Neque
1795 1322 1936 1375 enim
1973 1319 2111 1373 Dens

542 1438 777 1491 unquam
829 1431 919 1474 aut
953 1429 1089 1481 erat,
1141 1426 1232 1470 aut
1284 1417 1388 1469 erit
1431 1416 1633 1483 absque
1665 1412 1859 1466 Verbo.
1911 1409 2112 1462 Idcirco

544 1514 742 1568 Paulus
774 1513 839 1567 de
876 1513 991 1580 ipso
1025 1509 1231 1577 inquit:
1259 1527 1275 1559 (
1312 1507 1503 1561 Vivum
1535 1516 1618 1560 est.
1655 1504 1885 1558 Verbum
1922 1503 2011 1555 Dei
2038 1512 2115 1554 at-

545 1618 650 1673 que
692 1601 878 1656 efficax
906 1600 969 1653 l‘.
1005 1619 1022 1651 ι
1061 1598 1288 1652 Creator
1329 1598 1512 1666 itaque
1553 1605 1657 1659 est,
1707 1604 1760 1647 et
1804 1592 1983 1646 omnia
2019 1606 2114 1660 per

548 1697 717 1762 ipsum
751 1692 889 1747 facta
931 1701 1076 1752 sunt,
1110 1699 1163 1743 et
1191 1691 1308 1743 sine
1342 1690 1457 1757 ipso
1491 1688 1688 1742 factum
1720 1696 1802 1741 est
1836 1684 1966 1738 nihil
1992 1684 2053 1735 ¹⁸.
2090 1703 2106 1733 ι

1213 1801 1444 1857 ALIUD.

920 1918 1004 1971 Eat
1043 1918 1324 1986 objectione
1352 1916 1717 1971 haereticorum

622 2049 734 2103 Non
761 2057 865 2111 est,
907 2047 1180 2116 inquiunt,
1222 2046 1475 2102 Christus
1519 2045 1700 2100 innata
1728 2055 1888 2115 atque
1922 2046 2118 2101 messi-

444 2196 455 2205 ,
549 2148 698 2194 stens
720 2139 827 2192 Deo
856 2139 1091 2206 polentia
1120 2151 1182 2192 ac
1206 2137 1493 2205 sapientia,
1527 2139 1619 2191 sed
1651 2136 1867 2191 diversa
1898 2138 2115 2206 quidem

550 2240 633 2286 est
678 2229 790 2293 illa,
832 2230 897 2283 de
944 2244 1046 2296 qua
1101 2227 1298 2282 Paulus
1329 2228 1504 2296 inquit
1527 2229 1591 2293 “,
1622 2227 1846 2283 {Eterna
1875 2233 1993 2296 ejus
2022 2244 2117 2297 po-

551 2323 718 2376 tentia
763 2328 817 2373 et
861 2318 1037 2373 deitas
1072 2340 1083 2373 :
1116 2320 1257 2373 alius
1302 2333 1432 2373 vero
1467 2318 1535 2372 ab
1569 2319 1671 2372 hac
1719 2328 1803 2372 est
1848 2317 2116 2382 Christus,

549 2414 775 2480 aliaaque
827 2410 1007 2465 multae
1054 2425 1173 2464 eum
1230 2410 1347 2479 ipso
1400 2417 1694 2478 potestates
1741 2419 1794 2463 et
1843 2409 2120 2476 sapientim

551 2502 857 2572 appellata.
893 2502 1053 2569 Atqui
1108 2501 1288 2554 innata
1336 2515 1399 2556 ac
1437 2516 1565 2554 vera
1614 2500 1706 2554 Dei
1762 2503 1997 2568 potentia
2037 2513 2116 2555 est

552 2593 789 2648 creatrix
823 2595 1237 2656 universorum;
1274 2594 1354 2647 hae
1386 2609 1512 2648 vero
1549 2594 1617 2647 ab
1645 2594 1755 2661 ipsa
1786 2595 1943 2648 facta:
1970 2606 2116 2656 sunt,

555 2683 765 2738 tametsi
819 2683 1016 2736 eximia
1071 2683 1317 2750 qumdam
1364 2684 1456 2738 Dei
1502 2686 1741 2753 putentia
1793 2700 1953 2754 supra
1991 2686 2120 2739 reli-

558 2790 693 2843 quas
724 2776 795 2830 sit
832 2776 1103 2839 Christus,
1140 2775 1342 2829 idcirco
1376 2774 1514 2829 facta
1545 2785 1601 2828 ut
1630 2776 1883 2829 virtutem
1929 2790 1992 2830 ac
2026 2792 2120 2846 pu-

556 2864 777 2918 tentiam
812 2864 1010 2918 tribuat
1042 2866 1105 2919 iis
1137 2865 1225 2933 qui
1257 2879 1319 2919 ea
1350 2874 1510 2934 egent
1544 2883 1556 2918 :
1590 2874 1644 2919 et
1673 2866 1992 2935 sapientiam
2029 2870 2117 2922 det

552 2970 616 3008 ea
660 2955 958 3025 egentibus,
1005 2965 1170 3023 utque
1212 2955 1355 3023 jnsta
1406 2956 1599 3010 efficiat
1636 2972 1754 3025 qua!
1781 2958 1986 3024 iustitia
2031 2975 2121 3013 ca-

558 3052 697 3097 rent.
736 3043 830 3096 Est
868 3043 1071 3111 itaque,
1103 3044 1275 3106 aiunt,
1311 3045 1490 3098 innata
1527 3047 1619 3099 Dei
1650 3048 1882 3114 potentia
1919 3050 2118 3115 princi—

2207 524 2303 576 μεν
2324 524 2336 537 ·
2369 505 2456 560 ἀεὶ
2482 504 2539 558 δὲ
2560 499 2627 573 ἦν
2653 502 2743 553 καὶ
2774 500 2925 552 ἔσται
2957 498 3107 560 Θεός.
3128 498 3335 558 Ὀποίος
3363 496 3407 548 δ’
3438 496 3505 549 ἂν
3534 497 3562 547 6
3589 494 3783 548 τίκτων

2205 600 2445 667 ὑπάρχῃ,
2476 594 2713 648 τοιοῦτον
2748 588 2884 644 εἶναι
2914 590 3021 661 χρὴ
3053 588 3147 641 καὶ
3181 590 3271 641 τὸν
3306 587 3364 650 ἐξ
3411 585 3578 639 αὑτοῦ
3609 585 3784 638 τικτό-

2209 687 2596 759 μενον.Ἀῖδιος
2639 686 2695 737 δὲ
2726 686 2753 735 ὁ
2782 676 2921 746 Θεὸς
2959 682 3050 735 καὶ
3082 681 3293 751 Πατὴρ,
3333 678 3502 732 ἀΐδιον
3546 678 3655 750 ἄρα
3696 679 3787 730 καὶ

2206 780 2265 832 τὸ
2291 779 2349 843 ἐξ
2381 777 2545 832 αὑτοῦ
2577 775 2691 845 φῶς
2722 770 2790 844 ἦν
2819 774 2909 827 καὶ
2934 772 3068 824 ἔστι.
3103 772 3271 840 Συνῆν
3300 769 3408 840 ἄρα
3446 769 3524 839 τῷ
3559 770 3697 837 φωτὶ
3729 770 3787 821 τὸ

2208 869 2564 937 ἀπαύγασμα.
2598 866 2707 918 Kal
2754 867 2782 916 6
2834 864 2929 933 μὲν
2974 864 3031 928 ἐξ
3078 860 3363 932 ἀνθρώπου
3389 859 3786 929 προερχόμενος

2208 960 2385 1027 λόγος,
2417 960 2495 1021 είς
2519 956 2580 1009 τὸ
2618 956 2690 1027 μὴ
2738 954 2796 1006 ὃν
2843 952 3153 1009 ἀναλύεται,
3188 951 3280 1003 καὶ
3309 948 3431 1001 οὔτε
3465 949 3573 1011 ζῶν
3616 950 3781 1015 ἐστιν,

2210 1048 2332 1101 οὕτε
2363 1047 2611 1116 ἐνεργὴς.
2636 1045 2744 1096 Kal
2773 1041 2882 1111 γὰρ
2908 1040 3002 1092 καὶ
3028 1040 3055 1090 6
3078 1037 3264 1089 τοῦτον
3292 1034 3559 1105 γεννήσας
3581 1034 3781 1104 ἄνθρω-

2211 1157 2331 1202 πος,
2363 1140 2425 1191 ὲκ
2451 1137 2543 1190 τοῦ
2576 1136 2649 1206 μὴ
2673 1134 2823 1195 ὄντος
2854 1133 2969 1185 ἐστὶ
2991 1130 3085 1183 καὶ
3121 1127 3404 1181 ὑπόκειται
3438 1126 3633 1196 φθορᾷ.
3652 1126 3710 1178 ’0
3734 1127 3789 1179 δὲ

2210 1230 2304 1283 τοῦ
2330 1228 2465 1281 Θεοῦ
2496 1229 2665 1295 Λόγος
2704 1223 2809 1287 ζῶν
2846 1225 2960 1275 ἐστι
2983 1237 2996 1250 '
3030 1220 3121 1272 καὶ
3153 1221 3217 1271 ὲκ
3246 1217 3449 1280 ζῶντος
3487 1217 3787 1286 προελθὼν,

2211 1316 2278 1391 ἦν
2318 1319 2404 1372 ἀεὶ
2430 1319 2523 1371 καὶ
2556 1317 2722 1369 ἔστιν.
2749 1314 2821 1366 Οὑ
2851 1312 2957 1380 γὰρ
2983 1306 3073 1379 ἦν,
3106 1309 3225 1361 οὑδὲ
3257 1307 3407 1359 ἔσται
3440 1307 3589 1371 ποτὲ,
3622 1310 3789 1377 χωρὶς

2215 1412 2386 1479 Λόγου
2404 1409 2553 1471 Θεός.
2585 1407 2695 1461 Kal
2724 1406 2851 1473 γοῦν
2876 1405 2904 1456 6
2934 1401 3144 1463 Παῦλὸς
3174 1417 3307 1469 φησι
3339 1400 3466 1469 περὶ
3488 1398 3679 1459 αὑτοῦ,
3709 1400 3787 1451 ὅτι

2221 1524 2237 1554 ι
2268 1503 2381 1554 Ζῶν
2417 1503 2445 1552 6
2479 1499 2648 1566 Λόγος
2676 1496 2767 1549 τοῦ
2796 1493 2957 1579 Θεοῦ.
2983 1494 3077 1544 καὶ
3117 1491 3363 1579 ἐνεργής.
3400 1507 3418 1539 ι
3454 1490 3791 1579 ᾼημιουργδς

2214 1588 2344 1654 γοῦν
2373 1588 2508 1645 ἐστι,
2538 1585 2630 1637 καὶ
2661 1584 2835 1635 πάντα
2863 1576 3053 1648 γέγονε
3080 1579 3147 1632 δι’
3171 1576 3357 1640 αὑτοῦ,
3389 1577 3483 1629 καὶ
3504 1577 3671 1648 χωρὶς
3696 1577 3791 1631 αὐ-

2215 1678 2306 1730 τοῦ
2337 1676 2552 1743 ἐγένετο
2579 1673 2699 1725 οὐδὲ
2726 1673 2802 1724 ἓν.

2909 1787 3109 1840 ᾹΛΑΟ.

2452 1900 2551 1964 Ὠς
2591 1898 2658 1962 ἐξ
2697 1897 3051 1962 ἀντιθέσεως
3090 1896 3207 1949 τῶν
3244 1896 3567 1965 αἱρετικῶν.

2294 2030 2408 2084 Οὑκ
2437 2030 2573 2094 ἔστι,
2605 2030 2790 2097 φασὶν,
2818 2031 2845 2081 ὁ
2872 2027 3105 2098 Χριστὸς
3144 2028 3176 2098 ἡ
3231 2026 3469 2097 ἔμφυτος
3503 2027 3599 2080 καὶ
3629 2027 3793 2079 ἐνυπ-

2225 2124 2465 2194 άρχουσα
2498 2120 2575 2190 τῷ
2601 2119 2718 2188 Θεῷ
2743 2118 2972 2189 δύναμις
3018 2118 3113 2170 καὶ
3152 2116 3329 2184 σοφία,
3363 2116 3476 2170 ἀλλ’
3499 2116 3664 2186 ἑτέρα
3699 2116 3796 2186 μὲν

2227 2212 2405 2283 ἐκείνη
2439 2211 2565 2280 περὶ
2589 2205 2656 2281 ἦς
2684 2211 2777 2261 καὶ
2801 2210 2828 2260 6
2847 2207 3060 2270 Παῦλός
3090 2200 3275 2275 φησιν,
3295 2207 3328 2275 ἥ
3352 2222 3412 2258 τε
3444 2206 3611 2269 ἀΐδιος
3632 2205 3794 2259 αὐτοῦ

2226 2305 2454 2373 δύναμις
2486 2303 2580 2355 καὶ
2613 2301 2802 2370 θεά-της
2822 2316 2835 2330 ’
2875 2299 3062 2369 ἔτερος
3099 2299 3156 2351 δὲ
3204 2301 3333 2369 παρ’
3364 2297 3579 2367 ἐκείνην
3608 2300 3637 2350 6
3662 2300 3796 2369 Χρι-

2230 2394 2377 2455 στὸς,
2416 2393 2511 2446 καὶ
2554 2392 2738 2460 ἕτεραι
2776 2389 2966 2443 πολλαὶ
3003 2390 3100 2442 σὺν
3146 2388 3294 2458 αὑτῷ
3323 2389 3581 2458 δυνάμεις
3612 2406 3669 2441 τε
3704 2390 3797 2443 καὶ

2230 2485 2410 2553 σοφίαι
2453 2482 2802 2551 καλούμεναι.
2851 2481 2961 2534 Καὶ
3003 2482 3036 2548 ἡ
3075 2480 3173 2549 μὲν
3222 2480 3458 2549 ἔμφυτος
3499 2480 3665 2543 ὅντως
3706 2481 3798 2533 καὶ

2229 2575 2431 2645 ἀληθὴς
2454 2570 2547 2626 τοῦ
2578 2571 2712 2624 Θεοῦ
2746 2571 2999 2640 δύναμις,
3027 2570 3284 2641 ποιητικὴ
3318 2572 3424 2624 τῶν
3458 2570 3593 2624 ὅλων
3622 2572 3796 2624 ἐστίν’

2230 2666 2286 2718 αἱ
2324 2664 2380 2717 δὲ
2422 2663 2678 2731 γεγόνασι
2712 2662 2842 2731 παρ’
2867 2662 3057 2730 αὐτῆς,
3085 2662 3132 2715 εί
3164 2660 3256 2712 καί
3285 2677 3369 2723 τις
3406 2660 3681 2731 ἐξαίρετος
3708 2660 3797 2714 τοῦ

2228 2754 2361 2808 Θεοῦ
2387 2754 2616 2823 δύναμις
2646 2753 2796 2821 παρὰ
2845 2752 2941 2815 τὰς
2984 2753 3146 2816 ἄλλας
3176 2753 3407 2823 ὑπάρχει
3443 2752 3694 2823 Χριστὸς,
3722 2754 3801 2815 είς

2231 2845 2385 2898 τοῦτο
2402 2844 2687 2913 γενομένη,
2712 2844 2796 2895 ἵνα
2818 2842 3107 2913 δυναμώσῃ
3128 2844 3196 2897 τὰ
3212 2844 3491 2913 δυνάμεως
3509 2843 3798 2913 χρῄζονταο

2230 2938 2316 2989 ἵνα
2364 2935 2580 3004 σοφώσῃ
2616 2935 2684 2989 τὰ
2710 2935 2937 3005 δεόμενα
2989 2935 3278 3005 σοφισμοῦ,
3310 2937 3394 2989 ἵνα
3436 2936 3698 3008 δικαιώσῃ
3736 2937 3804 2990 τὰ

2230 3026 2572 3095 δικαιοσύνην
2613 3027 2710 3079 οὐκ
2764 3025 2974 3096 ἔχοντα.
2999 3027 3185 3079 Ἔστιν
3226 3023 3337 3091 οὖν,
3390 3028 3574 3095 φησὶν,
3622 3029 3653 3098 ἡ
3707 3029 3802 3097 μὲν

562 3094 610 3097 ,_
737 3094 828 3096 ac-
964 3094 999 3111 ,,
1032 3094 1071 3108 ,,
1126 3094 1275 3106 ι
1527 3094 1618 3099 __-
1650 3094 1882 3114 rw---“
1920 3094 2087 3115 νηην.

556 3134 642 3200 pio
665 3147 857 3188 carens
891 3142 944 3186 et
973 3149 1074 3187 non
1110 3134 1273 3199 facta,
1302 3135 1369 3188 ab
1392 3145 1594 3190 aeterno
1632 3140 1681 3190 in
1712 3137 1893 3192 Patre.
1926 3140 2116 3194 Factus

2228 3117 2470 3186 ἔμφυτος
2495 3094 2587 3183 τοῦ
2619 3115 2755 3168 Θεοῦ
2788 3094 3015 3186 δύναμις
3044 3116 3276 3189 άναρχός
3300 3133 3358 3168 τε
3390 3115 3483 3167 καὶ
3517 3094 3799 3184 ἀγένηέος,

555 3235 637 3278 est
671 3231 847 3277 autem
882 3224 1132 3279 Christus
1178 3226 1335 3280 dictis
1369 3228 1433 3281 de
1478 3229 1673 3282 causis.
1727 3229 1781 3282 Si
1821 3245 1950 3283 vero
1985 3244 2121 3282 non-

558 3314 687 3367 nulli
722 3314 1038 3367 existimant
1074 3313 1347 3368 Christum
1382 3316 1555 3383 ipsum
1590 3333 1711 3371 esse
1752 3320 1997 3373 innatam
2030 3321 2121 3373 Dei

558 3406 876 3469 potentiam,
909 3407 1033 3473 quia
1062 3404 1259 3460 Paulus
1285 3408 1477 3461 scribit
1507 3422 1522 3460 :
1556 3427 1575 3459 ‹
1607 3408 1856 3464 Christus
1883 3411 2121 3479 potentia

559 3494 673 3559 Dei,
717 3504 771 3548 et
826 3496 1090 3562 sapientia
1137 3496 1227 3549 Dei
1255 3496 1295 3527 "
1330 3513 1343 3549 :
1381 3515 1399 3547 ι
1432 3497 1558 3565 quid
1617 3498 1797 3553 dicent
1843 3500 2125 3553 audientes

561 3583 723 3637 Deum
779 3583 1044 3637 dicentem
1098 3586 1167 3638 de
1212 3600 1374 3640 eruca
1417 3604 1430 3639 :
1473 3604 1491 3637 ι
1523 3586 1769 3642 Potentia
1807 3590 1969 3658 178
2011 3604 2124 3642 mea

559 3688 748 3743 magna
776 3673 858 3726 ’⁸2
891 3692 908 3724 ι
942 3674 1049 3727 Aut
1079 3675 1208 3744 quid
1241 3674 1461 3741 facient,
1505 3691 1626 3731 cum
1657 3679 1941 3733 Psaltnista
1993 3680 2127 3733 mul-

558 3773 640 3819 tas
680 3763 776 3820 Dei
812 3766 1039 3819 virtutes
1073 3781 1135 3819 ac
1163 3769 1430 3833 potentias
1461 3778 1684 3834 statuat,
1715 3770 1902 3824 dicens
1931 3786 1943 3822 :
1980 3790 1997 3821 ‹
2028 3770 2126 3824 Be—

557 3854 788 3909 nedicite
820 3856 1008 3921 Deum,
1046 3870 1238 3910 omnes
1270 3859 1526 3925 potentiae
1558 3858 1672 3926 ejus
1698 3860 1739 3889 ¹⁹
1766 3859 1787 3910 ?
1819 3877 1836 3909 ι

1065 4055 1267 4110 Salutio
1293 4056 1614 4122 objectionis.

626 4168 683 4223 Si
730 4168 931 4223 idcirco
978 4168 1156 4222 factus
1204 4176 1287 4221 est
1319 4166 1590 4230 Christus,
1626 4174 1679 4218 ut
1710 4165 2001 4234 justitiam,
2041 4181 2128 4219 sa-

2228 3205 2407 3267 ἀῖδίως
2437 3207 2495 3257 ἐν
2525 3206 2719 3275 Πατρί.
2757 3204 2949 3271 Γέγονε
2979 3205 3034 3257 δὲ
3066 3206 3093 3257 6
3127 3204 3358 3277 Χριστὸς
3388 3205 3479 3257 ἐπὶ
3509 3208 3625 3267 ταῖς
3652 3206 3803 3275 εἰρη-

2231 3295 2419 3363 μέναις
2445 3294 2667 3355 αἰτίαις.
2698 3294 2759 3344 El
2788 3293 2844 3345 δὲ
2870 3291 3150 3359 νομίζουσί
3187 3309 3330 3355 τινες
3358 3292 3520 3345 αὑτὸν
3547 3288 3686 3347 εἶναι
3715 3294 3806 3347 τὸν

2227 3384 2460 3453 Χριστὸν
2491 3384 2588 3453 τὴν
2621 3383 2860 3451 ἔμφυτον
2908 3382 3001 3433 τοῦ
3051 3381 3184 3435 Θεοῦ
3219 3382 3449 3452 δύναμιν
3487 3382 3574 3436 διὰ
3606 3384 3668 3435 τὸ
3710 3400 3804 3450 γε·

2228 3477 2471 3547 γράφθαι
2506 3475 2659 3545 παρὰ
2691 3474 2924 3544 Παύλῳ·
2962 3494 2979 3523 ι
3009 3474 3241 3545 Χριστὸς
3284 3474 3419 3527 Θεοῦ
3459 3476 3688 3545 δύναμις
3711 3477 3806 3529 καὶ

2228 3565 2360 3618 Θεοῦ
2405 3566 2584 3634 σοφία,
2618 3584 2635 3615 ι
2682 3564 2735 3616 τί
2785 3563 2891 3634 ἄρα
2933 3562 3152 3632 ἐροῦσιν
3199 3563 3488 3628 ἀκούοντες
3529 3564 3621 3617 τοῦ
3669 3566 3805 3619 Θεοῦ

2228 3657 2480 3725 λέγοντος
2518 3658 2644 3727 περὶ
2676 3656 2774 3725 τῆς
2812 3655 3040 3725 κὰμπης
3064 3672 3076 3683 ·
3122 3674 3139 3707 ι
3163 3657 3225 3708 'Il
3262 3656 3489 3724 δύναμίς
3525 3674 3625 3727 μου
3652 3659 3685 3727 ἡ
3713 3674 3809 3726 με-

2228 3749 2404 3817 γάλη;
2438 3768 2454 3799 ι
2492 3749 2556 3800 Τί
2602 3748 2657 3800 δὲ
2700 3748 2981 3817 ποιήσουσι
3018 3748 3219 3811 πολλὰς
3248 3748 3380 3802 Θεοῦ
3414 3749 3669 3819 δυνάμεις
3710 3766 3807 3819 ση-

2233 3840 2514 3909 μαίνοντος
2543 3838 2637 3890 τοῦ
2679 3837 3006 3907 Ψαλμῳδοῦ,
3046 3839 3112 3891 δι’
3138 3832 3212 3892 ὧν
3244 3856 3407 3909 φησιν
3427 3856 3440 3869 ·
3473 3859 3492 3890 ‹
3524 3840 3806 3907 Εὑλογεῖτε

2228 3933 2317 3983 τὸν
2347 3930 2571 4000 Κύριον,
2599 3931 2768 3983 πᾶσαι
2801 3932 2854 3982 αἱ
2880 3930 3138 3999 δυνάμεις
3166 3931 3362 3998 αὑτοῦ;
3396 3952 3412 3982 ι

2719 4042 2866 4109 Πρὸς
2908 4043 3094 4096 ταῦτα
3131 4045 3332 4110 λύσις.

2299 4157 2361 4208 Εἰ
2403 4156 2491 4208 διὰ
2536 4152 2694 4206 τοῦτο
2737 4154 2961 4221 γέγονεν
2994 4155 3021 4206 6
3047 4153 3299 4223 Χριστὸς,
3334 4154 3421 4208 ἵνα
3449 4154 3710 4226 δικαιώσῃ
3739 4156 3809 4209 τὰ

556 4260 838 4327 pientiatn,
878 4258 1129 4312 virtutem
1171 4259 1285 4313 sive
1318 4258 1609 4328 potentiam
1647 4256 1909 4326 largiatur
1942 4258 2005 4311 iis
2033 4260 2116 4325 qui

2229 4246 2575 4318 δικαιοσύνης
2619 4246 2867 4316 δεόμενα,
2896 4246 2983 4298 ἵνα
3023 4244 3244 4319 σοφώσῃ
3276 4246 3343 4300 τὰ
3387 4247 3614 4316 δεόμενα
3658 4266 3811 4317 σοφι-

559 4350 838 4417 indigent:
872 4364 968 4402 nos
1004 4364 1132 4417 ergo
1196 4364 1359 4403 causa
1433 4362 1622 4400 sumus
1665 4362 1761 4400 cur
1807 4348 1918 4411 ipse
1954 4347 2116 4401 factus

2232 4338 2392 4407 σμοῦ,
2432 4338 2519 4391 ἵνα
2562 4335 2855 4407 δυναμώσῃ
2898 4335 2966 4388 τὰ
3006 4335 3287 4406 δυνάμεως
3330 4335 3620 4407 χρῄζοντα,
3648 4340 3811 4407 ἡμεῖς

556 4439 662 4503 sit;
712 4453 883 4506 neque
917 4437 1092 4492 factus
1133 4440 1319 4492 fuisset
1378 4437 1543 4490 nostri
1589 4436 1804 4500 similis,
1844 4436 1944 4489 nisi
1984 4435 2116 4489 Dens

2230 4431 2338 4502 ἄρα
2388 4428 2537 4499 αὑτῷ
2581 4429 2887 4497 γεγόναμεν
2927 4428 3019 4481 τοῦ
3058 4424 3198 4481 εἶναι
3245 4427 3428 4492 αἴτιοι,
3471 4428 3564 4482 καὶ
3606 4430 3714 4482 οὐδ’
3743 4430 3811 4483 ἂν

562 4529 793 4596 primum
818 4525 889 4580 de
930 4527 1290 4596 producendis
1322 4526 1589 4581 creaturis
1622 4524 1934 4594 eugitasset.
1970 4522 2033 4577 Et
2080 4526 2122 4577 si

558 4623 671 4674 haec
696 4619 809 4688 ipsa
850 4630 935 4673 est
965 4619 1137 4673 nostri
1162 4633 1292 4674 usus
1319 4632 1504 4683 causa,
1538 4631 1666 4685 ergo
1706 4616 2125 4669 instrumentum

552 4721 639 4766 est
668 4718 865 4765 nostrae
896 4708 1211 4773 creatiouis,
1238 4724 1346 4764 non
1379 4724 1444 4762 ex
1476 4709 1657 4777 seipso
1683 4706 1805 4760 talis
1833 4707 2123 4770 exsistens,

553 4802 647 4855 sed
695 4802 762 4854 ita
796 4800 968 4857 factus
1009 4809 1232 4870 propter
1279 4812 1400 4856 nos.
1456 4798 1924 4865 Quemadmodum
1968 4797 2130 4864 igitur

554 4901 778 4945 vocatur
803 4892 1067 4960 potentia,
1101 4900 1321 4959 propter
1357 4905 1419 4945 ea
1446 4890 1644 4958 quibus
1672 4889 1912 4955 potentia
1943 4887 2122 4950 datur,

554 4991 610 5035 et
656 4982 942 5048 sapientia,
993 4990 1214 5050 prepter
1260 4994 1321 5033 ea
1364 4980 1557 5048 quibus
1592 4978 1859 5047 sapientia
1909 4977 2126 5032 confer-

559 5081 643 5124 tur
689 5089 702 5125 :
745 5072 818 5124 ita
870 5074 1029 5126 etiam
1085 5072 1225 5126 filius
1272 5074 1585 5136 vocabitur,
1628 5079 1844 5139 propter
1885 5084 1980 5124 eos
2035 5070 2124 5137 qui

558 5164 692 5215 fiunt
722 5162 811 5215 filii
845 5183 855 5216 :
904 5164 1145 5233 nihilque
1176 5165 1282 5218 erit
1331 5165 1546 5233 proprie
1578 5179 1673 5233 per
1704 5178 1784 5229 se,
1822 5163 1916 5217 sed
1944 5162 2124 5215 omnia

556 5255 669 5306 haec
711 5263 929 5321 prepter
963 5270 1082 5309 nos.
1128 5253 1245 5319 Quo
1279 5264 1436 5323 pacto
1472 5254 1634 5323 igitur
1682 5253 1952 5309 constabit
1998 5251 2124 5305 illud

554 5346 696 5411 quod
740 5346 792 5398 in
838 5345 1064 5400 Psalmis
1110 5347 1343 5413 canitur,
1388 5365 1408 5396 ι
1438 5346 1558 5415 Ipse
1603 5346 1730 5402 fecit
1764 5360 1882 5409 nos,
1928 5353 2121 5399 etnon

557 5435 654 5501 ipsi
700 5450 799 5489 nos
818 5436 864 5466 ⁸ο
922 5454 941 5487 ι
983 5438 1028 5490 si
1076 5451 1172 5491 nos
1213 5437 1287 5490 illi
1338 5451 1526 5491 sumus
1579 5447 1827 5491 auctores
1867 5444 1922 5488 et
1960 5448 2122 5490 causa

627 5607 671 5638 “
692 5606 851 5660 IIebr.
889 5625 958 5671 tv,
996 5611 1079 5664 12.

732 5607 851 5692 ebr.
889 5625 958 5671 tv,
996 5611 1079 5664 12.
1167 5611 1208 5641 ¹⁵
1237 5610 1389 5664 Joan.
1426 5627 1461 5675 ι,
1494 5611 1547 5665 '5.
1627 5609 1668 5640 ¹⁶
1705 5608 1718 5663 Ι
1750 5608 1873 5663 Cor.
1906 5622 1943 5673 ι,
1972 5606 2061 5661 2i.

555 5695 699 5743 suis,
732 5695 782 5731 ο.

1167 5611 1208 5641 ¹⁵
1237 5610 1389 5664 Joan.
1426 5627 1461 5675 ι,
1494 5611 1547 5665 '5.

2153 5606 2192 5637 ”
2224 5604 2355 5659 Ibid.

2229 4522 2444 4589 ἐγένετο
2470 4519 2589 4572 καθ’
2615 4521 2782 4589 ἡμᾶς,
2812 4520 2861 4570 εί
2900 4519 2974 4589 μὴ
3003 4519 3134 4581 Θεὸς
3158 4519 3515 4573 ἐϐουλεύσατο
3549 4520 3811 4591 δημιουρο

2226 4613 2391 4682 γῆσαι
2443 4609 2513 4663 τὰ
2559 4610 2781 4679 γενητά.
2815 4610 2921 4662 Καὶ
2972 4611 3020 4662 εἰ
3054 4610 3155 4677 τῆς
3210 4610 3366 4681 ἡμῶν
3408 4611 3570 4664 ἕνεκα
3620 4611 3813 4681 χρείας

2226 4703 2401 4756 ταῦτά
2450 4705 2633 4764 ἐστιν,
2677 4701 2908 4771 ὄργανον
2950 4703 3056 4771 ἄρα
3096 4703 3195 4771 τῆς
3243 4702 3398 4772 ἡμῶν
3444 4702 3814 4774 δημιουργίας

2228 4794 2395 4858 ἐστὶν,
2431 4792 2530 4844 οὑκ
2577 4790 2636 4855 ἐξ
2672 4791 2867 4845 ἑαυτοῦ
2912 4792 3150 4855 τοιοῦτος
3198 4793 3477 4862 ὑπάρχων,
3521 4793 3637 4847 ἀλλ’
3667 4792 3814 4846 οὕτω

2216 4881 2471 4953 γεγονὼς
2520 4881 2587 4932 δι’
2616 4878 2914 4951 ἡμᾶς.”Λρ’
2946 4878 3037 4934 οῦν
3080 4882 3269 4951 ὥσπερ
3296 4883 3541 4937 καλεῖται
3579 4882 3814 4952 δύναμις

2230 4976 2321 5029 διὰ
2364 4975 2431 5027 τὰ
2460 4973 2861 5044 δυναμούμενα,
2889 4975 2984 5027 καὶ
3032 4976 3192 5041 σοφία
3236 4975 3325 5028 διὰ
3363 4976 3429 5028 τὰ
3474 4974 3811 5044 σοφούμενα,

2231 5067 2373 5120 οὕτω
2402 5066 2497 5118 καὶ
2532 5067 2560 5117 6
2595 5065 2717 5127 Υἱὸς
2743 5064 2831 5117 διὰ
2860 5064 2926 5117 τὰ
2954 5066 3358 5135 υἱοπθιούμενα,
3388 5067 3478 5119 καὶ
3505 5067 3657 5119 οὐδέν
3693 5068 3815 5119 ἐστι

2232 5160 2434 5229 κυρίως
2462 5156 2530 5210 δι’
2561 5155 2771 5218 ἑαυτὸν,
2802 5156 2977 5209 πάντα
3003 5156 3059 5209 δὲ
3084 5157 3254 5210 ταῦτα
3280 5157 3344 5210 δι’
3368 5160 3534 5226 ἡμᾶς.
3571 5158 3695 5222 Πῶς
3716 5154 3817 5211 οὖν

2234 5250 2540 5319 σωθήσεται
2565 5249 2625 5301 τὸ
2666 5250 2723 5301 ὲν
2749 5248 3000 5319 Ψαλμοῖς
3021 5250 3279 5319 ᾀδόμενον
3300 5264 3312 5278 ο
3345 5267 3362 5298 ‹
3391 5250 3563 5313 Αὐτὸς
3587 5250 3818 5318 εποίησε

2231 5340 2400 5410 ἡμᾶς,
2435 5339 2526 5392 καὶ
2550 5337 2648 5405 οὐχ
2675 5340 2854 5407 ἡμεῖς,
2885 5358 2903 5390 ι
2933 5338 3092 5408 εἴπερ
3128 5339 3291 5407 ἡμεῖς
3322 5338 3472 5407 αὑτῷ
3496 5338 3820 5407 δεδώκαμεν

2230 5428 2323 5483 τοῦ
2357 5426 2498 5483 εἶναι
2528 5427 2625 5490 τὰς
2655 5428 2835 5491 αἰτίας
2852 5446 2868 5493 ;
2892 5429 2953 5481 El
2988 5428 3095 5499 γὰρ
3121 5429 3214 5482 καὶ
3244 5429 3408 5491 αὐτὸς
3443 5430 3689 5498 φαίνοιτο
3716 5430 3822 5499 τῆς

2460 5601 2501 5633 ¹⁸
2529 5599 2644 5655 Joel
2669 5616 2729 5665 ιι,
2756 5600 2846 5658 25.

2931 5602 2974 5633 η
3005 5599 3147 5656 Psal.
3173 5616 3394 5668 CXLVIII,
3441 5604 3498 5655 2.
3587 5604 3632 5635 ὀ
3664 5604 3817 5658 Psal.
