4036 6208
308 312 411 367 501

1680 308 2119 366 TIIESAURUS.

3459 312 3562 373 309.

305 429 589 499 ποιήσεως
625 428 782 498 ἡμῶν
812 428 1129 504 αὐτουργὸς,
1156 432 1270 486 ἀλλ’
1294 434 1452 503 ἡμεῖς
1487 432 1634 503 αὐτῷ
1663 433 1882 501 γεγόνα-

2017 434 2334 487 assistendi?
2373 432 2483 487 Etsi
2542 433 2681 488 enim
2724 435 2970 490 videatur
3026 435 3319 493 ereationis
3361 449 3564 497 nostra:

312 534 416 588 μεν
465 516 561 569 τοῦ
605 511 745 569 εἶναι
772 516 843 569 τὰ
874 517 1187 588 σπέρματα,
1220 521 1313 573 καὶ
1350 520 1438 572 διὰ
1478 520 1579 590 τὴν
1617 519 1893 590 ἡμετέραν

308 608 505 677 χρείαν
548 606 798 677 ἐκτίσθη,
826 607 948 660 καθ’
983 610 1361 679 ὑμᾶς.’¹Ωσπερ
1388 610 1577 680 ἀμέλει
1608 610 1701 662 καὶ
1741 611 1769 660 6
1808 609 1895 660 ού-

314 698 497 767 ρανὺς,
531 698 618 751 ἴνα
654 698 899 769 καλύπτῃ
950 699 1077 761 τοὺς
1127 702 1218 752 ἐπὶ
1269 702 1392 771 γῆς,
1425 701 1519 753 καὶ
1554 702 1582 752 6
1613 700 1765 771 ἥλιος
1810 700 1895 752 ἵνα

312 785 483 855 φαίνῃ
513 789 626 847 τοῖς
653 786 830 854 φωτὸς
858 787 1132 850 δεομένοις
1153 804 1166 818 ’
1201 790 1294 841 καὶ
1328 792 1360 859 ἡ
1392 790 1461 858 γῆ
1490 788 1545 840 δὲ
1573 789 1774 858 ὁμοίως
1808 789 1896 840 ἵνα

309 876 489 946 τρέφῃ
518 877 590 928 τά
613 878 821 948 τροφῆς
848 877 1099 947 δεόμενα.
1128 881 1237 935 Καὶ
1280 881 1339 933 τὸ
1384 880 1633 950 περιττὸν
1657 880 1809 933 οὐδὲν
1838 881 1896 932 ὲν

316 966 433 1036 ru;
465 968 559 1021 καὶ
589 969 904 1038 κτίσμασιν,
934 971 985 1022 εί
1016 988 1077 1038 γε
1117 973 1213 1025 καὶ
1237 973 1398 1035 αὐτὸς
1427 973 1501 1035 ὡς
1532 974 1717 1026 ἐκεῖνα
1742 972 1895 1036 τάξιν

311 1056 429 1128 εχει
468 1060 566 1129 τὴν
595 1061 935 1132 ὑπουργικήν
955 1079 969 1095 ο
1002 1062 1171 1130 φεῦγε
1202 1062 1296 1115 τοῦ
1324 1064 1481 1132 λόγου
1510 1064 1609 1136 τὴν
1641 1063 1892 1117 ἀτοπίαν.

758 1352 964 1415 ΑΛΛΟ,
1002 1353 1069 1406 ἐκ
1109 1353 1227 1407 τῶν
1261 1355 1477 1409 αὐτῶν.

401 1459 718 1529 Ὀμολογεῖς
771 1463 864 1514 καὶ
910 1463 1079 1526 ἄκων,
1111 1466 1376 1535 αἱρετικὲ,
1407 1465 1505 1537 τὴν
1537 1466 1773 1536 ἔμφυτον
1802 1470 1897 1521 τοῦ

320 1549 459 1602 Θεοῦ
487 1552 678 1618 σοφίαν
718 1553 814 1603 καὶ
852 1552 1102 1624 δύναμιν,
1137 1556 1415 1626 ἀγενήτως
1448 1559 1775 1627 ἐνυπάρχειν
1807 1561 1901 1612 αὐ-

320 1643 429 1711 τῷ·
463 1644 590 1696 ὅταν
633 1639 724 1695 οὖν
774 1644 1010 1714 ἀκούσῃς
1039 1645 1301 1717 ἀγένητον
1326 1648 1417 1700 τὸν
1454 1649 1597 1711 Υίὸν,
1630 1648 1704 1719 μὴ
1739 1651 1901 1702 πάλιν

1995 540 2116 579 esse
2160 525 2362 593 opifex,
2399 539 2497 578 nos
2532 533 2709 579 tamen
2758 541 2943 581 sumus
2981 542 3142 582 causa
3188 538 3241 582 et
3270 530 3426 599 quasi
3475 544 3566 585 se-

1996 616 2142 668 mina
2176 614 2345 685 ipsius
2376 616 2727 679 exsistentiae,
2767 627 2820 669 et
2851 617 2903 669 in
2941 625 3184 672 nostrum
3219 634 3375 673 usum
3410 635 3565 674 erea-

1999 716 2081 760 tus
2117 714 2221 769 est,
2261 716 2321 760 ut
2349 721 2444 761 vos
2471 707 2657 760 vultis.
2691 706 3157 771 Quemadmodum
3187 709 3418 765 fortasse
3454 724 3567 765 εω-

1998 796 2106 850 lum
2139 806 2195 851 ut
2224 806 2367 866 tegat
2404 813 2496 852 eos
2522 800 2611 866 qui
2646 797 2697 850 in
2731 799 2892 854 terris
2918 805 3064 864 sunt,
3097 810 3150 854 et
3188 800 3264 854 sol
3306 811 3364 854 ut
3390 801 3567 855 luceat

1998 887 2067 941 iis
2101 887 2189 954 qui
2238 888 2438 941 lumine
2485 897 2667 957 egent,
2715 899 2768 943 et
2804 898 2947 943 terra
2989 902 3048 944 ut
3097 893 3298 945 nutriat
3337 908 3399 946 ea
3446 908 3568 961 qua:

2001 978 2333 1033 nutrimento
2364 980 2628 1048 indigent.
2665 982 2841 1049 Atque
2875 982 2948 1035 ita
2975 983 3107 1036 nihil
3139 984 3367 1050 amplius
3395 985 3446 1039 in
3480 984 3567 1038 Fi-

2001 1067 2091 1131 lio,
2137 1082 2299 1135 quam
2345 1068 2398 1120 in
2439 1069 2741 1133 creaturis;
2790 1070 3054 1138 siquidem
3098 1081 3154 1125 et
3185 1072 3299 1141 ipse
3345 1075 3568 1141 perinde

2000 1167 2160 1225 atque
2204 1157 2307 1211 illae
2354 1158 2696 1213 ministrandi
2736 1176 2930 1215 munus
2971 1162 3133 1217 habet
3162 1165 3340 1233 :quod
3375 1164 3428 1217 in
3461 1165 3559 1232 pri-

2001 1251 2105 1306 mis
2131 1250 2422 1306 absurdum
2456 1260 2556 1304 est.

2505 1364 2733 1429 ALIUD,
2764 1382 2827 1418 ex
2854 1366 3057 1420 iisdem.

2075 1480 2287 1533 Fateris
2319 1479 2478 1533 etiam
2508 1479 2729 1544 invitus,
2762 1481 3035 1545 literetice,
3078 1482 3316 1534 innatam
3354 1482 3446 1537 Dei
3478 1498 3569 1538 sa-

2004 1571 2265 1640 pientiam
2296 1585 2357 1623 ac
2386 1570 2680 1638 potentiam
2716 1570 3008 1622 inrreatam
3044 1570 3095 1622 in
3126 1573 3238 1638 ipso
3262 1572 3525 1627 exsistere
3554 1593 3568 1627 :

2006 1676 2127 1714 cum
2180 1661 2346 1729 igitur
2381 1660 2572 1713 audies
2614 1659 2907 1728 ingenitum
2947 1674 3069 1714 esse
3098 1660 3315 1725 Filium,
3345 1678 3411 1715 ne
3452 1678 3556 1715 rur-

320 1734 449 1802 λέγε
469 1751 482 1765 ’
515 1733 616 1786 Δύο
642 1731 733 1788 οὖν
766 1736 1018 1805 ἀγένητα.
1052 1737 1227 1808 Αὐτὴν
1254 1738 1310 1790 δὲ
1341 1739 1544 1809 ταύτην
1566 1740 1662 1811 τὴν
1687 1742 1744 1792 ὲν
1784 1741 1901 1811 Θεῷ

2017 1767 2122 1805 sum
2181 1752 2369 1804 dicas:
2405 1750 2517 1803 Duo
2566 1750 2726 1819 igitur
2764 1760 2888 1802 sunt
2922 1750 3178 1819 ingenita.
3223 1749 3376 1804 Hanc
3429 1752 3572 1804 enim

327 1826 520 1893 σοφίαν
547 1827 641 1879 καὶ
667 1826 896 1893 δύναμιν
930 1828 1208 1897 ἀγενήτως
1232 1847 1291 1882 τε
1325 1831 1417 1884 καὶ
1456 1833 1695 1901 ἀχρόνως
1725 1833 1901 1903 ὑπάρ-

324 1933 531 1986 χουσαν
560 1917 887 1986 πιστεύομεν
912 1913 1052 1970 εἶναι
1074 1919 1165 1971 τὸν
1188 1920 1337 1982 Υἱὸν,
1358 1922 1416 1982 ὃς
1438 1922 1530 1973 καὶ
1556 1923 1732 1975 πάντα
1760 1924 1905 1993 δεδη-

328 2008 657 2079 μιούργηκε,
675 2008 768 2062 καὶ
788 2009 851 2061 δι’
880 2011 1026 2080 ἡμᾶς
1050 2010 1243 2079 γέγονε
1274 2010 1431 2080 σὰρξ,
1454 2012 1593 2064 κατὰ
1613 2014 1711 2083 τὴν
1729 2013 1906 2067 Ἰωάν-

326 2117 423 2153 νου
453 2102 661 2171 φωνήν.

324 2214 538 2276 LAAO,
578 2214 658 2279 ὡς
695 2214 765 2266 ἐν
798 2214 1143 2282 ἐρωτήσεως
1179 2217 1464 2285 σχήματι,
1486 2217 1909 2284 ἀποδεικτικὴν

878 2285 1038 2352 ηέχον
1074 2285 1356 2356 δύναμιν.

400 2395 556 2447 Διατί
596 2394 664 2448 τά
713 2395 890 2448 πάντα
927 2398 955 2449 6
999 2398 1190 2468 Πατὴρ
1242 2399 1533 2469 ἐργάζεται
1581 2400 1649 2452 δι’
1679 2400 1906 2469 Υἱοῦ;ἢ

324 2487 474 2540 διατί
524 2486 685 2540 πάλιν
716 2489 773 2538 ἑν
817 2486 894 2558 τῷ
937 2488 1078 2558 ἁγίῳ
1110 2488 1443 2560 βαπτίσματι
1471 2492 1564 2543 καὶ
1603 2493 1631 2544 6
1667 2490 1792 2552 Υἱὸς
1834 2489 1911 2559 τῷ

328 2579 512 2647 Πατρὶ
561 2577 1098 2647 συγκατονομάζεται
1127 2596 1140 2643 ;
1192 2580 1343 2633 Διατί
1373 2580 1428 2633 δὲ
1467 2582 1699 2650 γενητῆς
1734 2579 1911 2649 ὑπάρ-

329 2688 444 2739 χων
468 2669 702 2737 φύσεως,
734 2668 857 2722 καθ’
890 2670 1057 2739 ὑμᾶς,
1086 2670 1502 2740 συναριθμεῖται
1529 2669 1605 2739 τῷ
1631 2669 1910 2732 κτίσαντι;

330 2761 433 2824 Τίς
475 2762 533 2815 δὲ
581 2761 738 2831 χρεία
776 2761 868 2814 τοῦ
898 2762 1269 2831 πεποιημένου
1315 2764 1394 2825 είς
1432 2762 1531 2832 τὴν
1559 2762 1665 2814 τῶν
1701 2761 1914 2814 πάντων

329 2852 619 2904 τελείωσιν
649 2852 743 2904 καὶ
780 2853 1084 2921 άγιασμὸν;
1139 2852 1261 2914 Πῶς
1285 2851 1340 2904 δὲ
1378 2851 1568 2921 βοηθὸν
1602 2853 1764 2905 αὐτὸν
1797 2854 1917 2904 ὲπι-

335 2942 688 3011 καλούμεθα;
726 2942 918 2994 Καίτοι
966 2942 1136 2995 πολλὰ
1184 2943 1280 3012 μὲν
1313 2944 1407 2996 καὶ⁷
1449 2943 1610 3012 ἔτερα
1642 2943 1916 3013 κτίσματα

334 3032 603 3097 γεγονότα
641 3030 910 3099 φαίνεται,
942 3031 1075 3084 ἀλλὰ
1108 3034 1311 3085 τούτοιν
1343 3033 1494 3086 οὐδὲν
1542 3035 1620 3097 είς
1662 3034 1760 3103 τὴν
1808 3034 1916 3086 τῶν

336 3092 867 3191 εἰρημένωνχρείαν
893 3092 1381 3191 παραλαμϐάνεται
1403 3139 1416 3153 ’
1461 3092 1620 3192 μόνος
1651 3092 1764 3177 δὲ.ῡὸ
1795 3124 1916 3185 Υἱὸς
1946 3092 1988 3150 C

335 3214 432 3265 ἀεὶ
466 3214 825 3283 συνυπάρχων
857 3213 937 3283 τῷ
966 3214 1156 3284 ΙΙατρί.
1195 3216 1351 3267 Ποῖον
1390 3215 1500 3285 γὰρ
1526 3214 1637 3284 ἔχει
1667 3213 1842 3283 λόγον,
1873 3216 1920 3267 εἰ

342 3304 423 3375 μὴ
456 3304 590 3365 Θεὸς
613 3305 846 3375 ὑπάρχοι
877 3306 970 3357 καὶ
1006 3305 1188 3369 αὐτὸς,
1224 3307 1301 3368 είς
1333 3306 1555 3373 κτίστην
1583 3306 1677 3358 καὶ
1720 3305 1921 3373 κτίσμα

339 3399 444 3467 τὴν
496 3397 677 3449 πίστιν
723 3396 1125 3466 κυρήττεσθαις
1166 3396 1319 3448 Διατί
1366 3396 1422 3448 δὲ
1474 3396 1567 3450 καὶ
1594 3396 1923 3466 δημιουργὸς

340 3487 695 3559 ὀνομάζεται,
726 3489 774 3539 εἰ
812 3487 885 3557 μὴ
913 3486 1071 3539 τοῦτό
1094 3489 1209 3539 ἐστι
1243 3485 1385 3539 κατὰ
1418 3485 1577 3554 φύσιν
1607 3488 1742 3556 ὅπερ
1776 3487 1870 3538 καὶ
1897 3488 1925 3538 6

344 3581 571 3648 Πιτήρ;
603 3578 711 3631 Καὶ
746 3579 849 3648 μὴν
887 3578 1047 3641 αὐτὸς
1086 3578 1287 3647 ἔψησεν
1322 3577 1350 3628 6
1378 3576 1532 3639 Υἱόςο
1578 3595 1595 3626 ‹
1626 3578 1806 3629 Πάντα
1828 3578 1927 3629 ὅσα

344 3674 462 3743 ἔχει
490 3672 519 3722 6
556 3670 765 3740 Πατὴρ,
799 3668 909 3739 ἐμά
939 3671 1076 3721 ἐστι.
1115 3670 1299 3737 ιἝχει
1324 3667 1379 3719 δὲ
1408 3670 1435 3719 6
1461 3667 1647 3736 Πατὴρ
1675 3666 1734 3717 τὸ
1766 3666 1925 3717 δύνα-

346 3762 476 3816 σθαι
501 3762 871 3831 δημιουργεῖν,
898 3761 1055 3813 τοῦτο
1086 3761 1179 3813 καὶ
1209 3762 1265 3812 ὲν
1291 3758 1403 3829 Υἰῷ
1431 3758 1678 3821 σώζεται.
1698 3758 1927 3827 Ὁμοίως

345 3854 411 3909 τὶ
444 3853 713 3922 ἐγιάζειν,
754 3854 813 3905 τὸ
841 3852 1055 3916 σώζειν,
1088 3853 1183 3905 καὶ
1222 3853 1322 3904 ὅσα
1353 3852 1550 3922 πρέπει
1589 3851 1725 3919 Θεῷ,
1751 3852 1928 3903 πάντα

347 3948 420 3998 δι’
449 3947 603 3999 Υἱοῦ.
633 3944 864 3997 Σύνεστι
895 3944 1004 4013 γάρ
1038 3944 1125 3995 ἀεὶ
1146 3942 1239 4013 ’τῷ
1273 3944 1468 4012 Πατρὶ,
1502 3942 1578 4005 ὡς
1606 3941 1683 4011 τῷ
1709 3942 1847 4009 φωτὶ
1870 3940 1930 3992 τὸ

349 4036 718 4106 ἀπαύγασμα.
765 4034 896 4099 Θεὸς
928 4036 1035 4106 ἄρα
1073 4035 1220 4097 Υἱὸς,
1251 4036 1311 4087 ού
1352 4034 1733 4104 πεποιημένος,
1759 4032 1931 4086 καθά-

352 4144 460 4196 περ
517 4127 715 4179 ἐκεῖνοι
770 4126 1092 4195 ψευδόμενοι
1134 4124 1403 4192 λέγουσιν,
1443 4124 1556 4177 ἀλλ’
1585 4126 1650 4177 ὲκ
1692 4125 1789 4193 τῆς
1836 4121 1929 4177 τοῦ

352 4218 570 4289 Πατρὸς
600 4218 788 4281 οὐσίας
818 4217 1097 4288 προελθὼν
1125 4218 1345 4286 γνήσιον
1373 4216 1632 4285 γέννημα.

826 4342 827 4345 γ
866 4338 1224 4423 ΛΟΓΟΣ
1298 4335 1443 4419 ΙΖ’.

358 4495 490 4547 Ὀτι
528 4496 647 4548 τῶν
675 4496 1026 4563 προσόντων
1074 4494 1154 4558 τῷ
1215 4493 1342 4557 Titi),
1386 4492 1565 4547 οὐδὲν
1619 4493 1691 4560 τῇ
1736 4507 1928 4563 κτίσει

430 4561 727 4631 πρόσεστὶ
779 4563 1066 4633 φυσικῶς·
1129 4563 1324 4616 πάντα
1366 4563 1434 4633 δὲ
1480 4564 1546 4633 ἐκ
1587 4562 1851 4633 μετοχῆς
1890 4561 1926 4628 ἢ

428 4629 557 4686 καθ’
588 4629 873 4703 ὁμοίωσιν
916 4634 1030 4699 τὴν
1084 4634 1233 4699 πρὸς
1267 4633 1374 4703 τὸν
1405 4629 1647 4685 διδόντα
1674 4629 1862 4703 φορεῖς
1898 4634 1930 4682 ὀ

427 4703 499 4756 δὲ
528 4699 659 4769 Υιός
685 4708 793 4772 οὐχ
827 4704 1032 4767 οὕτως.
1076 4704 1287 4770 Διόπερ
1324 4702 1524 4769 ἕτερος
1556 4703 1691 4768 παρ’
1715 4699 1927 4766 αὑτήν.

431 4775 501 4826 El
530 4774 599 4826 δὲ
620 4771 815 4838 τοῦτο,
835 4774 946 4826 οὐκ
972 4773 1085 4840 ἄρα
1105 4773 1326 4839 κτίσμα
1352 4771 1543 4824 ἐστίν.

807 4901 1127 4969 Ἀπολογία
1162 4900 1493 4963 αὐτολεξεί.

434 5014 497 5064 Ei
524 5013 672 5064 πᾶσα
704 5014 737 5082 ἡ
789 5012 964 5074 κτίσις
994 5012 1051 5062 ὲν
1105 5011 1296 5081 ἀγνοίᾳ
1339 5010 1641 5078 καθέστηκε
1694 5012 1761 5078 τῇ
1807 5010 1934 5078 περὶ

359 5104 453 5155 τὸν
494 5101 747 5171 Πατέρα,
794 5100 969 5163 οὐδεὶς
1008 5099 1116 5169 γὰρ
1162 5094 1270 5153 οἶδε
1320 5099 1405 5161 τίς
1446 5100 1592 5150 ἔστιν
1640 5100 1668 5150 6
1704 5098 1929 5167 Πατὴρ,

360 5189 468 5246 οἶδε
495 5192 551 5244 δὲ
585 5193 742 5263 μόνος
775 5193 802 5244 ὁ
826 5191 972 5255 Υἱὸς,
1003 5192 1101 5243 οὐκ
1125 5190 1233 5261 ἄρα
1267 5191 1472 5260 κτίσμα
1492 5191 1769 5258 τυγχάνει.

1048 5303 1249 5359 ΔΛΛΟ.

436 5412 497 5463 Εἰ
532 5412 698 5481 μηδὲν
728 5412 836 5467 τῶν
872 5414 1172 5481 γεγονότων
1219 5414 1336 5465 ἐστὶ
1370 5413 1525 5481 φύσει
1566 5412 1716 5476 Θεὸς,
1774 5412 1937 5481 φύσει

440 5501 573 5565 Θεὸς
610 5505 639 5555 6
668 5503 813 5568 Υἱὸς,
845 5505 944 5557 οὐκ
976 5503 1082 5575 ἄρα
1138 5502 1246 5555 τῶν
1298 5503 1593 5571 γεγονότων
1638 5503 1805 5557 ἐστίν.
1832 5500 1939 5556 Ἦν

431 5679 473 5709 ¹¹
510 5675 667 5731 Joau.
701 5693 739 5744 l,
767 5678 849 5731 14.
929 5679 973 5710 ⁸³
1005 5677 1157 5731 Joau.
1197 5695 1304 5743 xw,
1346 5680 1423 5731 I3.

2010 1843 2176 1913 ipsam
2216 1843 2267 1894 in
2311 1842 2417 1894 Deo
2458 1841 2777 1909 sapientiam
2827 1850 2881 1895 et
2910 1842 3204 1909 potentiam
3254 1842 3574 1904 increatam,

2007 1944 2169 2001 atque
2221 1934 2288 1987 ab
2343 1943 2546 1986 interno
2598 1933 2697 2000 ipsi
2754 1933 3155 1987 inexsistentem
3206 1932 3402 1986 Filium
3456 1948 3576 1987 esse

2008 2024 2297 2087 credimus,
2329 2024 2419 2090 qui
2449 2023 2629 2075 omnia
2672 2023 2899 2087 creavit,
2940 2032 2993 2075 et
3022 2032 3240 2091 propter
3275 2038 3397 2089 nos,
3424 2023 3574 2095 juxta

2007 2113 2230 2167 Joannis
2252 2127 2437 2167 vocem
2463 2114 2529 2176 “,
2562 2114 2735 2167 iactus
2771 2124 2853 2167 cst
2877 2128 3022 2167 caro.

2009 2222 2240 2288 ALIUD,
2289 2238 2381 2291 per
2420 2222 2904 2289 interregationem,
2952 2220 3423 2275 demonstrationis
3474 2224 3575 2275 vim

2695 2291 2909 2343 habens.

2082 2404 2441 2470 Quamobrem
2488 2403 2644 2456 Pater
2688 2402 2867 2455 omnia
2916 2415 3010 2467 per
3055 2398 3247 2454 Filium
3294 2403 3579 2468 operatur?

2012 2503 2106 2548 aut
2143 2510 2310 2563 quare
2353 2494 2405 2547 in
2453 2503 2643 2549 sancto
2685 2492 3009 2560 baptismate
3045 2493 3206 2545 etiam
3256 2491 3423 2547 Filius
3459 2507 3580 2548 cum

2016 2583 2175 2637 Patre
2226 2583 2573 2637 nominatur?
2621 2583 2735 2649 Qua
2787 2577 2853 2636 d'e
2898 2596 3062 2635 causa
3106 2581 3292 2643 etiam.
3341 2597 3464 2636 cum
3514 2583 3579 2637 sit

2015 2681 2212 2727 creatae
2259 2681 2496 2735 naturze,
2540 2682 2600 2726 ut
2644 2688 2741 2725 vos
2796 2672 3115 2739 opinamini,
3166 2681 3588 2726 connumeratur

2017 2764 2293 2819 creatori?
2337 2762 2465 2829 Quae
2519 2778 2646 2817 vero
2698 2763 2993 2817 necessitas
3044 2771 3163 2816 erat
3208 2772 3470 2816 creatura:
3523 2764 3586 2816 ad

2016 2855 2257 2909 omnium
2289 2852 2669 2923 perfectionem
2714 2862 2766 2907 et
2797 2853 3323 2908 sanctiﬁcationem?
3358 2857 3464 2908 Aut
3492 2870 3588 2908 cur

2020 2947 2396 3000 auxiliatorem
2467 2956 2709 2999 nostrum
2778 2945 3131 3000 invocamus?
3186 2946 3348 3013 Atqui
3412 2945 3590 2997 multa!

2021 3040 2181 3090 etiam
2210 3037 2327 3091 alia:
2357 3046 2623 3091 creaturae
2650 3035 2805 3090 factae
2831 3048 3127 3105 apparent:
3152 3037 3313 3106 179
3334 3037 3425 3091 sed
3449 3036 3588 3089 nulla

2025 3130 2210 3182 harum
2243 3130 2308 3182 ad
2341 3129 2624 3197 praedictos
2655 3144 2787 3182 usus
2822 3130 3286 3193 accommodatur,
3328 3128 3418 3181 sed
3445 3127 3591 3181 solun

2023 3216 2194 3270 Filius
2222 3231 2434 3284 semper
2453 3216 2790 3270 coexsistens
2818 3216 2985 3269 Patri.
3022 3214 3278 3281 Quaenam
3310 3215 3459 3283 igitur
3501 3228 3591 3267 ra-

2027 3306 2100 3359 tio
2133 3315 2236 3371 est,
2262 3308 2308 3359 si
2346 3307 2456 3372 ipse
2489 3320 2594 3357 non
2628 3305 2697 3357 sit
2732 3304 2892 3367 Deus,
2933 3303 2986 3357 in
3019 3313 3320 3357 creatorem
3352 3310 3405 3354 et
3433 3314 3588 3354 crea-

2026 3407 2198 3449 turam
2235 3395 2489 3449 credere?
2523 3394 2629 3446 Aut
2666 3408 2834 3461 quare
2871 3404 3087 3447 creator
3126 3401 3369 3456 vocatur,
3403 3396 3446 3444 si
3485 3406 3591 3445 nos

2026 3497 2108 3541 est
2129 3496 2319 3539 natura
2349 3487 2397 3538 id
2428 3486 2568 3552 quod
2595 3484 2786 3537 Pater?
2812 3485 2875 3537 At
2909 3499 3036 3537 vero
3067 3483 3233 3536 Filius
3263 3482 3340 3535 ait
3366 3500 3379 3536 :
3408 3500 3426 3533 ι
3460 3480 3592 3536 0m-

2029 3577 2115 3630 nia
2160 3592 2277 3643 qua:
2324 3576 2487 3628 habet
2534 3575 2691 3628 Pater
2743 3590 2859 3628 mea
2916 3574 3121 3628 sunt".
3156 3590 3174 3623 ι
3217 3571 3374 3625 Pater
3416 3584 3594 3626 autem

2031 3665 2189 3717 habet
2224 3665 2533 3717 facultatem
2568 3664 2811 3725 creandi,
2844 3664 3005 3715 habet
3036 3675 3165 3729 ergo
3193 3670 3247 3712 et
3281 3659 3469 3713 Filius.
3509 3659 3596 3713 Si-

2030 3753 2232 3807 militer
2254 3764 2307 3804 et
2330 3752 2689 3812 sanctiticare,
2714 3761 2768 3805 et
2796 3765 3034 3813 servare,
3059 3762 3110 3802 et
3135 3763 3467 3817 qmecuuque
3490 3749 3598 3802 Deo

2031 3846 2383 3904 conveniunt,
2426 3841 2604 3893 omnia
2638 3857 2735 3909 per
2774 3840 2993 3892 Filium.
3049 3839 3275 3904 Semper
3315 3840 3459 3890 enim
3491 3853 3595 3890 una

2033 3952 2151 3991 cum
2202 3936 2360 3989 Patre
2408 3931 2640 3998 exsistit,
2688 3929 3135 3999 quemadmodum
3185 3927 3443 3995 Splendor
3476 3941 3597 3979 cum

2034 4028 2259 4081 lumine.
2310 4025 2449 4079 Deus
2497 4025 2679 4092 itaque
2713 4031 2795 4076 est
2840 4020 3029 4081 Filius,
3078 4033 3181 4071 non
3222 4016 3422 4080 factus,
3462 4016 3599 4071 sicut

2034 4119 2108 4174 illi
2142 4118 2462 4171 mentientes
2494 4122 2764 4177 asserunt,
2796 4112 2888 4165 sed
2930 4107 3247 4164 naturaliter
3274 4122 3341 4161 ex
3370 4107 3601 4162 essentia

2036 4210 2210 4265 Patris
2247 4208 2496 4275 genimen
2530 4205 2849 4275 procedens.

2334 4333 2901 4423 ASSERTIO
2974 4335 3290 4425 XVII.

2041 4487 2193 4552 Quod
2234 4500 2410 4538 eorum
2459 4498 2572 4553 ηοω
2608 4480 2750 4533 Filio
2794 4483 2991 4545 insunt,
3038 4481 3169 4535 nihil
3202 4480 3479 4553 creaturis
3507 4466 3606 4531 na-

2110 4556 2358 4607 turaliter
2387 4548 2537 4612 insit,
2580 4554 2670 4604 sed
2715 4568 2774 4603 ea
2804 4569 2895 4616 per
2922 4552 3375 4616 participationem
3401 4548 3479 4601 uel
3520 4563 3597 4616 se-

2111 4626 2340 4677 cundum
2382 4622 2780 4675 similitudinem
2805 4613 2929 4688 ejus
2955 4622 3043 4686 qui
3089 4613 3177 4671 dat
3215 4620 3439 4671 habeant
3466 4632 3484 4668 :
3511 4613 3606 4666 Fi-

2111 4695 2211 4745 lius
2244 4704 2419 4744 autem
2457 4707 2557 4743 non
2591 4691 2680 4741 ita.
2726 4687 2889 4755 Atque
2914 4690 3111 4740 idcirco
3143 4687 3206 4738 ab
3244 4689 3306 4739 iis
3345 4688 3604 4737 diuersus.

2111 4762 2264 4826 Quod
2298 4778 2414 4814 cum
2440 4763 2516 4813 ita
2547 4760 2637 4821 sit,
2669 4757 2868 4810 Filium
2906 4767 3206 4810 creaturam
3238 4772 3341 4808 non
3366 4768 3498 4807 esse.

2257 4893 2503 4959 Defensio
2532 4889 2751 4956 simplex
2786 4906 2850 4943 ex
2873 4891 3019 4958 puris
3051 4886 3391 4957 syllogismis.

2114 5006 2171 5060 Si
2206 5006 2382 5059 omnis
2430 5012 2676 5057 creatura
2710 5003 3000 5055 constituta
3050 5010 3133 5053 est
3181 4999 3233 5053 in
3271 4997 3610 5069 ignoratione

2040 5101 2238 5163 Patris,
2277 5113 2437 5152 nemo
2477 5097 2616 5150 enim
2654 5095 2799 5148 novit
2836 5094 2958 5162 quis
2997 5094 3068 5148 sit
3114 5092 3292 5155 Pater,
3340 5093 3487 5147 novit
3518 5106 3612 5145 au-

2048 5204 2151 5245 tem
2191 5189 2337 5245 solus
2366 5188 2567 5243 Filius:
2600 5202 2703 5241 non
2741 5196 2824 5240 est
2856 5200 2985 5252 ergo
3014 5194 3291 5239 creatura.

2713 5297 2942 5354 ALIUD.

2121 5413 2178 5466 Si
2210 5411 2341 5466 nihil
2372 5426 2559 5465 eorum
2588 5426 2708 5481 quae
2747 5409 2890 5464 facta
2915 5417 3059 5474 sunt,
3096 5415 3178 5462 est
3225 5414 3415 5459 natura
3452 5405 3610 5465 Deus,

2051 5502 2218 5559 Filius
2250 5511 2428 5557 autem
2457 5510 2541 5559 est
2566 5511 2756 5557 natura
2793 5502 2932 5557 Deus
2963 5519 2974 5554 :
3008 5514 3115 5555 non
3146 5508 3229 5554 est
3260 5498 3421 5567 igitur
3449 5509 3516 5549 ex
3548 5494 3613 5546 iis

3620 2182 3647 2203 Δ
