  <div class='ocr_page' id='page_1' title='image "/cluster/home/n/w/nwhite01/storage/ocr_20150623/75/hvd.32044073502031/157.png"; bbox 0 0 4106 6204; ppageno 0'>
   <div class='ocr_carea' id='block_1_1' title="bbox 473 263 3727 366">
    <p class='ocr_par' dir='ltr' id='par_1_1' title="bbox 473 263 3727 366">
     <span class='ocr_line' id='line_1_1' title="bbox 473 263 3727 366; baseline -0.009 -14"><span class='ocrx_word' id='word_1_1' title='bbox 473 309 580 366; x_wconf 66' lang='lat'><strong>503</strong></span> <span class='ocrx_word' id='word_1_2' title='bbox 1461 285 1518 339; x_wconf 85' lang='lat' dir='ltr'><strong>S.</strong></span> <span class='ocrx_word' id='word_1_3' title='bbox 1558 279 1832 338; x_wconf 81' lang='lat' dir='ltr'><strong>CYRILLI</strong></span> <span class='ocrx_word' id='word_1_4' title='bbox 1873 276 2342 333; x_wconf 77' lang='lat' dir='ltr'><strong>ALEXANDIIINI</strong></span> <span class='ocrx_word' id='word_1_5' title='bbox 2380 276 2702 333; x_wconf 83' lang='lat' dir='ltr'><strong>ARCIIIEP.</strong></span> <span class='ocrx_word' id='word_1_6' title='bbox 3618 263 3727 323; x_wconf 59' lang='grc' dir='ltr'><strong>ὅθι</strong></span> 
     </span>
    </p>
   </div>
   <div class='ocr_carea' id='block_1_2' title="bbox 478 374 2055 490">
    <p class='ocr_par' dir='ltr' id='par_1_2' title="bbox 478 395 2044 490">
     <span class='ocr_line' id='line_1_2' title="bbox 478 395 2044 490; baseline -0.019 -14"><span class='ocrx_word' id='word_1_7' title='bbox 478 433 598 490; x_wconf 71' lang='lat' dir='ltr'><strong>qua:</strong></span> <span class='ocrx_word' id='word_1_8' title='bbox 626 414 768 471; x_wconf 79' lang='lat' dir='ltr'><strong>facta</strong></span> <span class='ocrx_word' id='word_1_9' title='bbox 804 416 951 464; x_wconf 91' lang='lat' dir='ltr'><strong>sunt.</strong></span> <span class='ocrx_word' id='word_1_10' title='bbox 981 401 1142 473; x_wconf 85' lang='lat' dir='ltr'><strong>Atqui</strong></span> <span class='ocrx_word' id='word_1_11' title='bbox 1183 400 1228 457; x_wconf 86' lang='lat' dir='ltr'><strong>si</strong></span> <span class='ocrx_word' id='word_1_12' title='bbox 1283 397 1509 457; x_wconf 87' lang='lat' dir='ltr'><strong>ridicula</strong></span> <span class='ocrx_word' id='word_1_13' title='bbox 1549 397 1647 450; x_wconf 83' lang='lat' dir='ltr'><strong>fuit</strong></span> <span class='ocrx_word' id='word_1_14' title='bbox 1689 395 1836 465; x_wconf 86' lang='lat' dir='ltr'><strong>prior</strong></span> <span class='ocrx_word' id='word_1_15' title='bbox 1861 403 2044 490; x_wconf 70' lang='lat' dir='ltr'><strong>nostra</strong></span> 
     </span>
    </p>
   </div>
   <div class='ocr_carea' id='block_1_3' title="bbox 2158 374 3726 490">
    <p class='ocr_par' dir='ltr' id='par_1_3' title="bbox 2158 374 3726 490">
     <span class='ocr_line' id='line_1_3' title="bbox 2158 374 3726 490; baseline -0.01 -43"><span class='ocrx_word' id='word_1_16' title='bbox 2158 394 2193 447; x_wconf 77' lang='lat'><strong>5’</strong></span> <span class='ocrx_word' id='word_1_17' title='bbox 2214 395 2370 467; x_wconf 80' lang='grc' dir='ltr'>ἡμῶν</span> <span class='ocrx_word' id='word_1_18' title='bbox 2397 392 2801 463; x_wconf 79' lang='grc' dir='ltr'>καταγέλαστος</span> <span class='ocrx_word' id='word_1_19' title='bbox 2831 391 2859 443; x_wconf 99' lang='lat'><strong>6</strong></span> <span class='ocrx_word' id='word_1_20' title='bbox 2910 389 3174 462; x_wconf 86' lang='grc' dir='ltr'>πρότερος</span> <span class='ocrx_word' id='word_1_21' title='bbox 3215 383 3350 490; x_wconf 76' lang='grc' dir='ltr'>βίος,</span> <span class='ocrx_word' id='word_1_22' title='bbox 3374 380 3580 490; x_wconf 50' lang='grc' dir='ltr'>-ὅτι.μη</span> <span class='ocrx_word' id='word_1_23' title='bbox 3607 374 3726 435; x_wconf 76' lang='grc' dir='ltr'>οὖσι</span> 
     </span>
    </p>
   </div>
   <div class='ocr_carea' id='block_1_4' title="bbox 480 481 2051 572">
    <p class='ocr_par' dir='ltr' id='par_1_4' title="bbox 480 481 2051 572">
     <span class='ocr_line' id='line_1_4' title="bbox 480 481 2051 572; baseline -0.027 -10"><span class='ocrx_word' id='word_1_24' title='bbox 480 481 612 572; x_wconf 51' lang='lat' dir='ltr'><strong>uita,</strong></span> <span class='ocrx_word' id='word_1_25' title='bbox 660 499 805 572; x_wconf 89' lang='lat' dir='ltr'><strong>quod</strong></span> <span class='ocrx_word' id='word_1_26' title='bbox 850 495 954 552; x_wconf 88' lang='lat' dir='ltr'><strong>diis</strong></span> <span class='ocrx_word' id='word_1_27' title='bbox 990 493 1082 562; x_wconf 89' lang='lat' dir='ltr'><strong>qui</strong></span> <span class='ocrx_word' id='word_1_28' title='bbox 1121 497 1314 545; x_wconf 88' lang='lat' dir='ltr'><strong>natura</strong></span> <span class='ocrx_word' id='word_1_29' title='bbox 1367 500 1472 541; x_wconf 92' lang='lat' dir='ltr'><strong>non</strong></span> <span class='ocrx_word' id='word_1_30' title='bbox 1518 492 1757 551; x_wconf 79' lang='lat' dir='ltr'><strong>exstant,</strong></span> <span class='ocrx_word' id='word_1_31' title='bbox 1800 481 2051 538; x_wconf 68' lang='grc' dir='ltr'><strong>εετνῑθι-ί-</strong></span> 
     </span>
    </p>
   </div>
   <div class='ocr_carea' id='block_1_5' title="bbox 480 572 2052 661">
    <p class='ocr_par' dir='ltr' id='par_1_5' title="bbox 480 572 2052 661">
     <span class='ocr_line' id='line_1_5' title="bbox 480 572 2052 661; baseline -0.016 -9"><span class='ocrx_word' id='word_1_32' title='bbox 480 610 633 661; x_wconf 84' lang='grc' dir='ltr'>ιηυε;</span> <span class='ocrx_word' id='word_1_33' title='bbox 684 599 832 646; x_wconf 87' lang='lat' dir='ltr'><strong>certe</strong></span> <span class='ocrx_word' id='word_1_34' title='bbox 870 599 1012 642; x_wconf 92' lang='lat' dir='ltr'><strong>nunc</strong></span> <span class='ocrx_word' id='word_1_35' title='bbox 1038 581 1208 638; x_wconf 91' lang='lat' dir='ltr'><strong>multo</strong></span> <span class='ocrx_word' id='word_1_36' title='bbox 1246 576 1555 632; x_wconf 83' lang='lat' dir='ltr'><strong>miseriores</strong></span> <span class='ocrx_word' id='word_1_37' title='bbox 1590 572 1799 629; x_wconf 90' lang='lat' dir='ltr'><strong>censeri</strong></span> <span class='ocrx_word' id='word_1_38' title='bbox 1828 573 2052 628; x_wconf 86' lang='lat' dir='ltr'><strong>debere-</strong></span> 
     </span>
    </p>
   </div>
   <div class='ocr_carea' id='block_1_6' title="bbox 482 663 2045 754">
    <p class='ocr_par' dir='ltr' id='par_1_6' title="bbox 482 663 2045 754">
     <span class='ocr_line' id='line_1_6' title="bbox 482 663 2045 754; baseline -0.015 -12"><span class='ocrx_word' id='word_1_39' title='bbox 482 700 621 751; x_wconf 87' lang='lat' dir='ltr'><strong>mus,</strong></span> <span class='ocrx_word' id='word_1_40' title='bbox 652 682 793 754; x_wconf 88' lang='lat' dir='ltr'><strong>quod</strong></span> <span class='ocrx_word' id='word_1_41' title='bbox 821 691 943 734; x_wconf 88' lang='lat' dir='ltr'><strong>eum</strong></span> <span class='ocrx_word' id='word_1_42' title='bbox 970 674 1064 744; x_wconf 88' lang='lat' dir='ltr'><strong>qui</strong></span> <span class='ocrx_word' id='word_1_43' title='bbox 1106 679 1297 727; x_wconf 88' lang='lat' dir='ltr'><strong>natura</strong></span> <span class='ocrx_word' id='word_1_44' title='bbox 1342 668 1477 721; x_wconf 90' lang='lat' dir='ltr'><strong>deus</strong></span> <span class='ocrx_word' id='word_1_45' title='bbox 1499 680 1604 721; x_wconf 89' lang='lat' dir='ltr'><strong>non</strong></span> <span class='ocrx_word' id='word_1_46' title='bbox 1631 664 1722 731; x_wconf 85' lang='lat' dir='ltr'><strong>sil,</strong></span> <span class='ocrx_word' id='word_1_47' title='bbox 1761 663 2004 720; x_wconf 89' lang='lat' dir='ltr'><strong>colamus</strong></span> <span class='ocrx_word' id='word_1_48' title='bbox 2033 682 2045 719; x_wconf 88' lang='lat'>:</span> 
     </span>
    </p>
   </div>
   <div class='ocr_carea' id='block_1_7' title="bbox 480 770 1076 848">
    <p class='ocr_par' dir='ltr' id='par_1_7' title="bbox 480 770 1076 848">
     <span class='ocr_line' id='line_1_7' title="bbox 480 770 1076 848; baseline -0.027 -16"><span class='ocrx_word' id='word_1_49' title='bbox 480 775 625 848; x_wconf 88' lang='lat' dir='ltr'><strong>quod</strong></span> <span class='ocrx_word' id='word_1_50' title='bbox 656 770 949 830; x_wconf 88' lang='lat' dir='ltr'><strong>absurdum</strong></span> <span class='ocrx_word' id='word_1_51' title='bbox 976 772 1076 820; x_wconf 91' lang='lat' dir='ltr'><strong>est.</strong></span> 
     </span>
    </p>
   </div>
   <div class='ocr_carea' id='block_1_8' title="bbox 1145 872 1374 929">
    <p class='ocr_par' dir='ltr' id='par_1_8' title="bbox 1145 872 1374 929">
     <span class='ocr_line' id='line_1_8' title="bbox 1145 872 1374 929; baseline -0.017 -1"><span class='ocrx_word' id='word_1_52' title='bbox 1145 872 1374 929; x_wconf 84' lang='lat' dir='ltr'><strong>ALIUD.</strong></span> 
     </span>
    </p>
   </div>
   <div class='ocr_carea' id='block_1_9' title="bbox 551 981 2051 1069">
    <p class='ocr_par' dir='ltr' id='par_1_9' title="bbox 551 981 2051 1069">
     <span class='ocr_line' id='line_1_9' title="bbox 551 981 2051 1069; baseline -0.017 -11"><span class='ocrx_word' id='word_1_53' title='bbox 551 1002 609 1058; x_wconf 89' lang='lat' dir='ltr'><strong>Si</strong></span> <span class='ocrx_word' id='word_1_54' title='bbox 638 997 778 1069; x_wconf 83' lang='lat' dir='ltr'><strong>quod</strong></span> <span class='ocrx_word' id='word_1_55' title='bbox 806 995 1003 1048; x_wconf 83' lang='lat' dir='ltr'><strong>factum</strong></span> <span class='ocrx_word' id='word_1_56' title='bbox 1040 997 1145 1051; x_wconf 89' lang='lat' dir='ltr'><strong>est,</strong></span> <span class='ocrx_word' id='word_1_57' title='bbox 1181 987 1454 1042; x_wconf 83' lang='lat' dir='ltr'><strong>diversum</strong></span> <span class='ocrx_word' id='word_1_58' title='bbox 1486 993 1571 1040; x_wconf 89' lang='lat' dir='ltr'><strong>est</strong></span> <span class='ocrx_word' id='word_1_59' title='bbox 1600 981 1823 1038; x_wconf 88' lang='lat' dir='ltr'><strong>omnino</strong></span> <span class='ocrx_word' id='word_1_60' title='bbox 1856 988 2051 1035; x_wconf 88' lang='lat' dir='ltr'><strong>natura</strong></span> 
     </span>
    </p>
   </div>
   <div class='ocr_carea' id='block_1_10' title="bbox 480 1072 2055 1158">
    <p class='ocr_par' dir='ltr' id='par_1_10' title="bbox 480 1072 2055 1158">
     <span class='ocr_line' id='line_1_10' title="bbox 480 1072 2055 1158; baseline -0.017 -7"><span class='ocrx_word' id='word_1_61' title='bbox 480 1096 549 1151; x_wconf 87' lang='lat' dir='ltr'><strong>ab</strong></span> <span class='ocrx_word' id='word_1_62' title='bbox 584 1106 650 1147; x_wconf 90' lang='lat' dir='ltr'><strong>eo</strong></span> <span class='ocrx_word' id='word_1_63' title='bbox 677 1086 818 1158; x_wconf 90' lang='lat' dir='ltr'><strong>quod</strong></span> <span class='ocrx_word' id='word_1_64' title='bbox 863 1082 1064 1137; x_wconf 82' lang='lat' dir='ltr'><strong>factum</strong></span> <span class='ocrx_word' id='word_1_65' title='bbox 1113 1092 1218 1133; x_wconf 91' lang='lat' dir='ltr'><strong>non</strong></span> <span class='ocrx_word' id='word_1_66' title='bbox 1264 1087 1367 1143; x_wconf 91' lang='lat' dir='ltr'><strong>est,</strong></span> <span class='ocrx_word' id='word_1_67' title='bbox 1415 1091 1521 1130; x_wconf 87' lang='lat' dir='ltr'><strong>non</strong></span> <span class='ocrx_word' id='word_1_68' title='bbox 1555 1084 1731 1145; x_wconf 91' lang='lat' dir='ltr'><strong>potest</strong></span> <span class='ocrx_word' id='word_1_69' title='bbox 1774 1072 2055 1143; x_wconf 65' lang='lat' dir='ltr'><strong>aequaliter</strong></span> 
     </span>
    </p>
   </div>
   <div class='ocr_carea' id='block_1_11' title="bbox 479 1164 2051 1246">
    <p class='ocr_par' dir='ltr' id='par_1_11' title="bbox 479 1164 2051 1246">
     <span class='ocr_line' id='line_1_11' title="bbox 479 1164 2051 1246; baseline -0.015 -8"><span class='ocrx_word' id='word_1_70' title='bbox 479 1183 625 1237; x_wconf 88' lang='lat' dir='ltr'><strong>illius</strong></span> <span class='ocrx_word' id='word_1_71' title='bbox 647 1176 830 1246; x_wconf 62' lang='lat' dir='ltr'><strong>gloriae</strong></span> <span class='ocrx_word' id='word_1_72' title='bbox 870 1171 1142 1240; x_wconf 87' lang='lat' dir='ltr'><strong>particeps</strong></span> <span class='ocrx_word' id='word_1_73' title='bbox 1171 1182 1313 1223; x_wconf 87' lang='lat' dir='ltr'><strong>esse.</strong></span> <span class='ocrx_word' id='word_1_74' title='bbox 1354 1185 1372 1219; x_wconf 75' lang='grc' dir='ltr'><strong>ι</strong></span> <span class='ocrx_word' id='word_1_75' title='bbox 1403 1166 1643 1220; x_wconf 78' lang='lat' dir='ltr'><strong>Gloriam</strong></span> <span class='ocrx_word' id='word_1_76' title='bbox 1680 1164 1822 1218; x_wconf 90' lang='lat' dir='ltr'><strong>enim</strong></span> <span class='ocrx_word' id='word_1_77' title='bbox 1855 1177 2051 1228; x_wconf 83' lang='lat' dir='ltr'><strong>meam,</strong></span> 
     </span>
    </p>
   </div>
   <div class='ocr_carea' id='block_1_12' title="bbox 483 1255 2056 1338">
    <p class='ocr_par' dir='ltr' id='par_1_12' title="bbox 483 1255 2056 1338">
     <span class='ocr_line' id='line_1_12' title="bbox 483 1255 2056 1338; baseline -0.013 -12"><span class='ocrx_word' id='word_1_78' title='bbox 483 1270 678 1338; x_wconf 86' lang='lat' dir='ltr'><strong>inquit,</strong></span> <span class='ocrx_word' id='word_1_79' title='bbox 710 1265 863 1319; x_wconf 87' lang='lat' dir='ltr'><strong>alteri</strong></span> <span class='ocrx_word' id='word_1_80' title='bbox 906 1276 1010 1316; x_wconf 89' lang='lat' dir='ltr'><strong>non</strong></span> <span class='ocrx_word' id='word_1_81' title='bbox 1052 1260 1191 1314; x_wconf 87' lang='lat' dir='ltr'><strong>dabo</strong></span> <span class='ocrx_word' id='word_1_82' title='bbox 1212 1259 1279 1311; x_wconf 80' lang='grc'><strong>’³.</strong></span> <span class='ocrx_word' id='word_1_83' title='bbox 1315 1276 1333 1308; x_wconf 75' lang='grc' dir='ltr'><strong>ι</strong></span> <span class='ocrx_word' id='word_1_84' title='bbox 1371 1257 1427 1312; x_wconf 88' lang='lat' dir='ltr'><strong>Si</strong></span> <span class='ocrx_word' id='word_1_85' title='bbox 1457 1272 1583 1311; x_wconf 85' lang='lat' dir='ltr'><strong>vero</strong></span> <span class='ocrx_word' id='word_1_86' title='bbox 1626 1255 1903 1325; x_wconf 64' lang='lat' dir='ltr'><strong>aequaliter</strong></span> <span class='ocrx_word' id='word_1_87' title='bbox 1933 1269 2056 1323; x_wconf 87' lang='lat' dir='ltr'><strong>par-</strong></span> 
     </span>
    </p>
   </div>
   <div class='ocr_carea' id='block_1_13' title="bbox 484 1346 2057 1429">
    <p class='ocr_par' dir='ltr' id='par_1_13' title="bbox 484 1346 2057 1429">
     <span class='ocr_line' id='line_1_13' title="bbox 484 1346 2057 1429; baseline -0.011 -13"><span class='ocrx_word' id='word_1_88' title='bbox 484 1363 655 1429; x_wconf 91' lang='lat' dir='ltr'><strong>ticeps</strong></span> <span class='ocrx_word' id='word_1_89' title='bbox 688 1366 771 1411; x_wconf 89' lang='lat' dir='ltr'><strong>est</strong></span> <span class='ocrx_word' id='word_1_90' title='bbox 801 1354 969 1409; x_wconf 85' lang='lat' dir='ltr'><strong>Filius</strong></span> <span class='ocrx_word' id='word_1_91' title='bbox 1000 1351 1223 1405; x_wconf 82' lang='lat' dir='ltr'><strong>veniens</strong></span> <span class='ocrx_word' id='word_1_92' title='bbox 1250 1349 1305 1403; x_wconf 90' lang='lat' dir='ltr'><strong>in</strong></span> <span class='ocrx_word' id='word_1_93' title='bbox 1341 1349 1511 1419; x_wconf 83' lang='lat' dir='ltr'><strong>gloria</strong></span> <span class='ocrx_word' id='word_1_94' title='bbox 1560 1346 1737 1401; x_wconf 86' lang='lat' dir='ltr'><strong>Patris</strong></span> <span class='ocrx_word' id='word_1_95' title='bbox 1768 1364 1782 1400; x_wconf 91' lang='lat'>:</span> <span class='ocrx_word' id='word_1_96' title='bbox 1815 1360 1924 1399; x_wconf 93' lang='lat' dir='ltr'><strong>non</strong></span> <span class='ocrx_word' id='word_1_97' title='bbox 1972 1352 2057 1400; x_wconf 79' lang='lat' dir='ltr'><strong>est</strong></span> 
     </span>
    </p>
   </div>
   <div class='ocr_carea' id='block_1_14' title="bbox 483 1439 1967 1522">
    <p class='ocr_par' dir='ltr' id='par_1_14' title="bbox 483 1439 1967 1522">
     <span class='ocr_line' id='line_1_14' title="bbox 483 1439 1967 1522; baseline -0.011 -15"><span class='ocrx_word' id='word_1_98' title='bbox 483 1454 640 1522; x_wconf 79' lang='lat' dir='ltr'><strong>igitur</strong></span> <span class='ocrx_word' id='word_1_99' title='bbox 668 1457 939 1508; x_wconf 84' lang='lat' dir='ltr'><strong>creatura.</strong></span> <span class='ocrx_word' id='word_1_100' title='bbox 966 1445 1057 1514; x_wconf 92' lang='lat' dir='ltr'><strong>qui</strong></span> <span class='ocrx_word' id='word_1_101' title='bbox 1090 1442 1315 1497; x_wconf 86' lang='lat' dir='ltr'><strong>increati</strong></span> <span class='ocrx_word' id='word_1_102' title='bbox 1347 1441 1575 1510; x_wconf 78' lang='lat' dir='ltr'><strong>gloriam</strong></span> <span class='ocrx_word' id='word_1_103' title='bbox 1609 1439 1827 1493; x_wconf 86' lang='lat' dir='ltr'><strong>indutus</strong></span> <span class='ocrx_word' id='word_1_104' title='bbox 1864 1444 1967 1493; x_wconf 86' lang='lat' dir='ltr'><strong>est.</strong></span> 
     </span>
    </p>
   </div>
   <div class='ocr_carea' id='block_1_15' title="bbox 1054 1549 1486 1624">
    <p class='ocr_par' dir='ltr' id='par_1_15' title="bbox 1054 1549 1486 1624">
     <span class='ocr_line' id='line_1_15' title="bbox 1054 1549 1486 1624; baseline -0.005 -17"><span class='ocrx_word' id='word_1_105' title='bbox 1054 1554 1217 1624; x_wconf 75' lang='lat'><strong>130</strong></span> <span class='ocrx_word' id='word_1_106' title='bbox 1254 1549 1486 1608; x_wconf 83' lang='lat' dir='ltr'><strong>ALIUD.</strong></span> 
     </span>
    </p>
   </div>
   <div class='ocr_carea' id='block_1_16' title="bbox 555 1658 2054 1736">
    <p class='ocr_par' dir='ltr' id='par_1_16' title="bbox 555 1658 2054 1736">
     <span class='ocr_line' id='line_1_16' title="bbox 555 1658 2054 1736; baseline -0.009 -9"><span class='ocrx_word' id='word_1_107' title='bbox 555 1671 738 1727; x_wconf 70' lang='lat' dir='ltr'><strong>Sacra:</strong></span> <span class='ocrx_word' id='word_1_108' title='bbox 791 1666 1089 1736; x_wconf 59' lang='lat' dir='ltr'><strong>Scriptura!</strong></span> <span class='ocrx_word' id='word_1_109' title='bbox 1124 1663 1316 1719; x_wconf 84' lang='lat' dir='ltr'><strong>Filium</strong></span> <span class='ocrx_word' id='word_1_110' title='bbox 1365 1675 1549 1717; x_wconf 82' lang='lat' dir='ltr'><strong>verum</strong></span> <span class='ocrx_word' id='word_1_111' title='bbox 1594 1658 1765 1715; x_wconf 89' lang='lat' dir='ltr'><strong>Deum</strong></span> <span class='ocrx_word' id='word_1_112' title='bbox 1811 1668 2054 1715; x_wconf 80' lang='lat' dir='ltr'><strong>vocant:</strong></span> 
     </span>
    </p>
   </div>
   <div class='ocr_carea' id='block_1_17' title="bbox 2153 471 3728 557">
    <p class='ocr_par' dir='ltr' id='par_1_17' title="bbox 2153 471 3728 557">
     <span class='ocr_line' id='line_1_17' title="bbox 2153 471 3728 557; baseline -0.013 -15"><span class='ocrx_word' id='word_1_113' title='bbox 2153 488 2313 557; x_wconf 81' lang='grc' dir='ltr'>φύσει</span> <span class='ocrx_word' id='word_1_114' title='bbox 2353 488 2496 550; x_wconf 82' lang='grc' dir='ltr'><strong>θεοῖς</strong></span> <span class='ocrx_word' id='word_1_115' title='bbox 2524 483 2938 553; x_wconf 81' lang='grc' dir='ltr'>ἐδουλεύσαμεν,</span> <span class='ocrx_word' id='word_1_116' title='bbox 2966 479 3148 549; x_wconf 82' lang='grc' dir='ltr'>πολλῷ</span> <span class='ocrx_word' id='word_1_117' title='bbox 3202 475 3403 547; x_wconf 79' lang='grc' dir='ltr'>μᾶλλον</span> <span class='ocrx_word' id='word_1_118' title='bbox 3436 471 3531 527; x_wconf 91' lang='grc' dir='ltr'><strong>νῦν</strong></span> <span class='ocrx_word' id='word_1_119' title='bbox 3562 474 3728 543; x_wconf 73' lang='grc' dir='ltr'>ἐσμεν</span> 
     </span>
    </p>
   </div>
   <div class='ocr_carea' id='block_1_18' title="bbox 2152 559 3729 648">
    <p class='ocr_par' dir='ltr' id='par_1_18' title="bbox 2152 559 3729 648">
     <span class='ocr_line' id='line_1_18' title="bbox 2152 559 3729 648; baseline -0.011 -18"><span class='ocrx_word' id='word_1_120' title='bbox 2152 576 2491 648; x_wconf 84' lang='grc' dir='ltr'><strong>ἀθλιώτεροι,</strong></span> <span class='ocrx_word' id='word_1_121' title='bbox 2518 573 2597 644; x_wconf 85' lang='grc' dir='ltr'>τῷ</span> <span class='ocrx_word' id='word_1_122' title='bbox 2628 573 2704 644; x_wconf 78' lang='grc' dir='ltr'>μὴ</span> <span class='ocrx_word' id='word_1_123' title='bbox 2729 571 2888 641; x_wconf 82' lang='grc' dir='ltr'>φύσει</span> <span class='ocrx_word' id='word_1_124' title='bbox 2935 568 3045 640; x_wconf 88' lang='grc' dir='ltr'>θεῷ</span> <span class='ocrx_word' id='word_1_125' title='bbox 3093 566 3459 639; x_wconf 76' lang='grc' dir='ltr'><strong>προσάγοντες</strong></span> <span class='ocrx_word' id='word_1_126' title='bbox 3504 561 3603 631; x_wconf 81' lang='grc' dir='ltr'>τὴν</span> <span class='ocrx_word' id='word_1_127' title='bbox 3636 559 3729 613; x_wconf 86' lang='grc' dir='ltr'>λα-</span> 
     </span>
    </p>
   </div>
   <div class='ocr_carea' id='block_1_19' title="bbox 2151 666 2898 742">
    <p class='ocr_par' dir='ltr' id='par_1_19' title="bbox 2151 666 2898 742">
     <span class='ocr_line' id='line_1_19' title="bbox 2151 666 2898 742; baseline -0.009 -17"><span class='ocrx_word' id='word_1_128' title='bbox 2151 668 2359 742; x_wconf 75' lang='grc' dir='ltr'>τρείανο</span> <span class='ocrx_word' id='word_1_129' title='bbox 2396 667 2563 738; x_wconf 84' lang='grc' dir='ltr'>φεῦγε</span> <span class='ocrx_word' id='word_1_130' title='bbox 2594 666 2654 721; x_wconf 88' lang='grc' dir='ltr'><strong>τὸ</strong></span> <span class='ocrx_word' id='word_1_131' title='bbox 2680 666 2898 720; x_wconf 77' lang='grc' dir='ltr'>ἄτοπον.</span> 
     </span>
    </p>
   </div>
   <div class='ocr_carea' id='block_1_20' title="bbox 2832 867 3037 921">
    <p class='ocr_par' dir='ltr' id='par_1_20' title="bbox 2832 867 3037 921">
     <span class='ocr_line' id='line_1_20' title="bbox 2832 867 3037 921; baseline -0.015 1"><span class='ocrx_word' id='word_1_132' title='bbox 2832 867 3037 921; x_wconf 81' lang='lat' dir='ltr'><strong>AAAO.</strong></span> 
     </span>
    </p>
   </div>
   <div class='ocr_carea' id='block_1_21' title="bbox 2224 972 3729 1055">
    <p class='ocr_par' dir='ltr' id='par_1_21' title="bbox 2224 972 3729 1055">
     <span class='ocr_line' id='line_1_21' title="bbox 2224 972 3729 1055; baseline -0.011 -14"><span class='ocrx_word' id='word_1_133' title='bbox 2224 987 2288 1041; x_wconf 84' lang='grc' dir='ltr'>Εί</span> <span class='ocrx_word' id='word_1_134' title='bbox 2312 987 2418 1040; x_wconf 75' lang='grc' dir='ltr'>πᾶν</span> <span class='ocrx_word' id='word_1_135' title='bbox 2445 984 2508 1039; x_wconf 89' lang='grc' dir='ltr'><strong>τὸ</strong></span> <span class='ocrx_word' id='word_1_136' title='bbox 2526 982 2752 1055; x_wconf 85' lang='grc' dir='ltr'>γενητὸν</span> <span class='ocrx_word' id='word_1_137' title='bbox 2780 981 2968 1054; x_wconf 76' lang='grc' dir='ltr'>ἕτερόν</span> <span class='ocrx_word' id='word_1_138' title='bbox 2996 980 3112 1033; x_wconf 78' lang='grc' dir='ltr'>ἐστι</span> <span class='ocrx_word' id='word_1_139' title='bbox 3142 977 3321 1047; x_wconf 84' lang='grc' dir='ltr'><strong>πάντη</strong></span> <span class='ocrx_word' id='word_1_140' title='bbox 3341 973 3434 1029; x_wconf 90' lang='grc' dir='ltr'><strong>τοῦ</strong></span> <span class='ocrx_word' id='word_1_141' title='bbox 3461 972 3729 1045; x_wconf 81' lang='grc' dir='ltr'>ἀγενήτου</span> 
     </span>
    </p>
   </div>
   <div class='ocr_carea' id='block_1_22' title="bbox 2153 1065 3729 1150">
    <p class='ocr_par' dir='ltr' id='par_1_22' title="bbox 2153 1065 3729 1150">
     <span class='ocr_line' id='line_1_22' title="bbox 2153 1065 3729 1150; baseline -0.011 -16"><span class='ocrx_word' id='word_1_142' title='bbox 2153 1080 2296 1135; x_wconf 85' lang='grc' dir='ltr'><strong>κατά</strong></span> <span class='ocrx_word' id='word_1_143' title='bbox 2317 1079 2417 1150; x_wconf 83' lang='grc' dir='ltr'>τὴν</span> <span class='ocrx_word' id='word_1_144' title='bbox 2450 1076 2634 1148; x_wconf 82' lang='grc' dir='ltr'>φύσιν,</span> <span class='ocrx_word' id='word_1_145' title='bbox 2662 1078 2723 1130; x_wconf 87' lang='grc' dir='ltr'><strong>οὐ</strong></span> <span class='ocrx_word' id='word_1_146' title='bbox 2744 1075 2969 1130; x_wconf 77' lang='grc' dir='ltr'>δύναται</span> <span class='ocrx_word' id='word_1_147' title='bbox 2991 1071 3089 1142; x_wconf 77' lang='grc' dir='ltr'>τῆς</span> <span class='ocrx_word' id='word_1_148' title='bbox 3122 1070 3333 1124; x_wconf 70' lang='grc' dir='ltr'>ἐκείνου</span> <span class='ocrx_word' id='word_1_149' title='bbox 3358 1067 3515 1137; x_wconf 79' lang='grc' dir='ltr'>δόξης</span> <span class='ocrx_word' id='word_1_150' title='bbox 3546 1065 3729 1136; x_wconf 75' lang='grc' dir='ltr'>ἰσομέ-</span> 
     </span>
    </p>
   </div>
   <div class='ocr_carea' id='block_1_23' title="bbox 2153 1157 3729 1242">
    <p class='ocr_par' dir='ltr' id='par_1_23' title="bbox 2153 1157 3729 1242">
     <span class='ocr_line' id='line_1_23' title="bbox 2153 1157 3729 1242; baseline -0.01 -18"><span class='ocrx_word' id='word_1_151' title='bbox 2153 1189 2298 1242; x_wconf 87' lang='grc' dir='ltr'>τρως</span> <span class='ocrx_word' id='word_1_152' title='bbox 2330 1171 2627 1224; x_wconf 83' lang='grc' dir='ltr'><strong>κοινωνεῖν.</strong></span> <span class='ocrx_word' id='word_1_153' title='bbox 2661 1186 2679 1220; x_wconf 79' lang='grc' dir='ltr'><strong>ι</strong></span> <span class='ocrx_word' id='word_1_154' title='bbox 2706 1167 2817 1238; x_wconf 86' lang='grc' dir='ltr'><strong>Τὴν</strong></span> <span class='ocrx_word' id='word_1_155' title='bbox 2844 1166 2953 1235; x_wconf 85' lang='grc' dir='ltr'>γὰρ</span> <span class='ocrx_word' id='word_1_156' title='bbox 2980 1162 3138 1228; x_wconf 84' lang='grc' dir='ltr'>δόξαν</span> <span class='ocrx_word' id='word_1_157' title='bbox 3183 1178 3306 1231; x_wconf 89' lang='grc' dir='ltr'>μου,</span> <span class='ocrx_word' id='word_1_158' title='bbox 3342 1159 3506 1230; x_wconf 72' lang='grc' dir='ltr'>φησιν</span> <span class='ocrx_word' id='word_1_159' title='bbox 3533 1157 3729 1224; x_wconf 84' lang='grc' dir='ltr'>ὁΘεὸς,</span> 
     </span>
    </p>
   </div>
   <div class='ocr_carea' id='block_1_24' title="bbox 2155 1248 3732 1331">
    <p class='ocr_par' dir='ltr' id='par_1_24' title="bbox 2155 1248 3732 1331">
     <span class='ocr_line' id='line_1_24' title="bbox 2155 1248 3732 1331; baseline -0.01 -17"><span class='ocrx_word' id='word_1_160' title='bbox 2155 1262 2327 1331; x_wconf 78' lang='grc' dir='ltr'>ἑτέρῳ</span> <span class='ocrx_word' id='word_1_161' title='bbox 2354 1261 2415 1312; x_wconf 83' lang='grc' dir='ltr'><strong>οῦ</strong></span> <span class='ocrx_word' id='word_1_162' title='bbox 2445 1258 2621 1313; x_wconf 86' lang='grc' dir='ltr'>δώσω.</span> <span class='ocrx_word' id='word_1_163' title='bbox 2652 1276 2672 1310; x_wconf 69' lang='grc' dir='ltr'><strong>ι</strong></span> <span class='ocrx_word' id='word_1_164' title='bbox 2716 1258 2780 1310; x_wconf 83' lang='lat' dir='ltr'><strong>Ei</strong></span> <span class='ocrx_word' id='word_1_165' title='bbox 2808 1256 2865 1309; x_wconf 85' lang='grc' dir='ltr'>δὲ</span> <span class='ocrx_word' id='word_1_166' title='bbox 2917 1254 3163 1308; x_wconf 89' lang='grc' dir='ltr'>κοινωνεῖ</span> <span class='ocrx_word' id='word_1_167' title='bbox 3191 1253 3221 1305; x_wconf 88' lang='lat'><strong>6</strong></span> <span class='ocrx_word' id='word_1_168' title='bbox 3254 1250 3384 1313; x_wconf 80' lang='grc' dir='ltr'>Υἱὸς</span> <span class='ocrx_word' id='word_1_169' title='bbox 3437 1248 3732 1319; x_wconf 77' lang='grc' dir='ltr'>ἐρχόμενος</span> 
     </span>
    </p>
   </div>
   <div class='ocr_carea' id='block_1_25' title="bbox 2156 1336 3732 1420">
    <p class='ocr_par' dir='ltr' id='par_1_25' title="bbox 2156 1336 3732 1420">
     <span class='ocr_line' id='line_1_25' title="bbox 2156 1336 3732 1420; baseline -0.008 -18"><span class='ocrx_word' id='word_1_170' title='bbox 2156 1350 2214 1402; x_wconf 79' lang='grc' dir='ltr'>ὲν</span> <span class='ocrx_word' id='word_1_171' title='bbox 2243 1352 2308 1420; x_wconf 81' lang='grc' dir='ltr'>τῇ</span> <span class='ocrx_word' id='word_1_172' title='bbox 2348 1348 2473 1419; x_wconf 80' lang='grc' dir='ltr'>δόξῃ</span> <span class='ocrx_word' id='word_1_173' title='bbox 2499 1346 2596 1400; x_wconf 89' lang='grc' dir='ltr'><strong>τοῦ</strong></span> <span class='ocrx_word' id='word_1_174' title='bbox 2627 1346 2859 1418; x_wconf 88' lang='grc' dir='ltr'>Πατρὸς,</span> <span class='ocrx_word' id='word_1_175' title='bbox 2893 1344 2994 1396; x_wconf 78' lang='grc' dir='ltr'><strong>οὐκ</strong></span> <span class='ocrx_word' id='word_1_176' title='bbox 3023 1342 3131 1413; x_wconf 79' lang='grc' dir='ltr'>ἄρα</span> <span class='ocrx_word' id='word_1_177' title='bbox 3164 1338 3370 1410; x_wconf 84' lang='grc' dir='ltr'>κτίσμα</span> <span class='ocrx_word' id='word_1_178' title='bbox 3412 1339 3559 1392; x_wconf 77' lang='grc' dir='ltr'>ἐστὶν</span> <span class='ocrx_word' id='word_1_179' title='bbox 3582 1339 3611 1391; x_wconf 88' lang='grc' dir='ltr'><strong>ό</strong></span> <span class='ocrx_word' id='word_1_180' title='bbox 3636 1336 3732 1406; x_wconf 87' lang='grc' dir='ltr'>τὴν</span> 
     </span>
    </p>
   </div>
   <div class='ocr_carea' id='block_1_26' title="bbox 2155 1433 3134 1507">
    <p class='ocr_par' dir='ltr' id='par_1_26' title="bbox 2155 1433 3134 1507">
     <span class='ocr_line' id='line_1_26' title="bbox 2155 1433 3134 1507; baseline -0.007 -13"><span class='ocrx_word' id='word_1_181' title='bbox 2155 1440 2249 1494; x_wconf 87' lang='grc' dir='ltr'><strong>τοῦ</strong></span> <span class='ocrx_word' id='word_1_182' title='bbox 2279 1441 2536 1496; x_wconf 87' lang='grc' dir='ltr'>ἀκτίστου</span> <span class='ocrx_word' id='word_1_183' title='bbox 2559 1438 2717 1503; x_wconf 80' lang='grc' dir='ltr'>δόξαν</span> <span class='ocrx_word' id='word_1_184' title='bbox 2740 1433 3134 1507; x_wconf 73' lang='grc' dir='ltr'><strong>ἠμφιεσμένος.</strong></span> 
     </span>
    </p>
   </div>
   <div class='ocr_carea' id='block_1_27' title="bbox 2846 1548 3071 1601">
    <p class='ocr_par' dir='ltr' id='par_1_27' title="bbox 2846 1548 3071 1601">
     <span class='ocr_line' id='line_1_27' title="bbox 2846 1548 3071 1601; baseline -0.004 -1"><span class='ocrx_word' id='word_1_185' title='bbox 2846 1548 3071 1601; x_wconf 74' lang='grc' dir='ltr'><strong>ΑΛΔΟ.’</strong></span> 
     </span>
    </p>
   </div>
   <div class='ocr_carea' id='block_1_28' title="bbox 2228 1649 3733 1735">
    <p class='ocr_par' dir='ltr' id='par_1_28' title="bbox 2228 1649 3733 1735">
     <span class='ocr_line' id='line_1_28' title="bbox 2228 1649 3733 1735; baseline -0.013 -15"><span class='ocrx_word' id='word_1_186' title='bbox 2228 1666 2361 1720; x_wconf 90' lang='grc' dir='ltr'>Θεὸν</span> <span class='ocrx_word' id='word_1_187' title='bbox 2381 1664 2634 1735; x_wconf 88' lang='grc' dir='ltr'>ἀληθινὸν</span> <span class='ocrx_word' id='word_1_188' title='bbox 2678 1659 3048 1716; x_wconf 81' lang='grc' dir='ltr'>ἀποκαλοῦσιν</span> <span class='ocrx_word' id='word_1_189' title='bbox 3096 1659 3153 1713; x_wconf 86' lang='grc' dir='ltr'><strong>αί</strong></span> <span class='ocrx_word' id='word_1_190' title='bbox 3202 1656 3342 1710; x_wconf 81' lang='grc' dir='ltr'>θεῖαι</span> <span class='ocrx_word' id='word_1_191' title='bbox 3393 1650 3606 1725; x_wconf 78' lang='grc' dir='ltr'>Γραφαὶ</span> <span class='ocrx_word' id='word_1_192' title='bbox 3644 1649 3733 1702; x_wconf 87' lang='grc' dir='ltr'><strong>τὸν</strong></span> 
     </span>
    </p>
   </div>
   <div class='ocr_carea' id='block_1_29' title="bbox 489 1742 2055 1834">
    <p class='ocr_par' dir='ltr' id='par_1_29' title="bbox 489 1751 2055 1834">
     <span class='ocr_line' id='line_1_29' title="bbox 489 1751 2055 1834; baseline -0.01 -13"><span class='ocrx_word' id='word_1_193' title='bbox 489 1776 653 1834; x_wconf 89' lang='lat' dir='ltr'><strong>atque</strong></span> <span class='ocrx_word' id='word_1_194' title='bbox 701 1764 775 1815; x_wconf 88' lang='lat' dir='ltr'><strong>ita</strong></span> <span class='ocrx_word' id='word_1_195' title='bbox 821 1759 1115 1814; x_wconf 85' lang='lat' dir='ltr'><strong>credimus.</strong></span> <span class='ocrx_word' id='word_1_196' title='bbox 1161 1755 1217 1810; x_wconf 91' lang='lat' dir='ltr'><strong>Si</strong></span> <span class='ocrx_word' id='word_1_197' title='bbox 1252 1769 1380 1810; x_wconf 79' lang='lat' dir='ltr'><strong>vero</strong></span> <span class='ocrx_word' id='word_1_198' title='bbox 1408 1752 1668 1823; x_wconf 86' lang='lat' dir='ltr'><strong>quidquid</strong></span> <span class='ocrx_word' id='word_1_199' title='bbox 1709 1751 1909 1807; x_wconf 82' lang='lat' dir='ltr'><strong>factum</strong></span> <span class='ocrx_word' id='word_1_200' title='bbox 1952 1762 2055 1818; x_wconf 79' lang='lat' dir='ltr'><strong>est,</strong></span> 
     </span>
    </p>
   </div>
   <div class='ocr_carea' id='block_1_30' title="bbox 2158 1742 3732 1834">
    <p class='ocr_par' dir='ltr' id='par_1_30' title="bbox 2161 1742 3732 1834">
     <span class='ocr_line' id='line_1_30' title="bbox 2161 1742 3732 1834; baseline -0.012 -24"><span class='ocrx_word' id='word_1_201' title='bbox 2161 1755 2310 1822; x_wconf 80' lang='grc' dir='ltr'>Υίὸν,</span> <span class='ocrx_word' id='word_1_202' title='bbox 2337 1758 2431 1809; x_wconf 76' lang='grc' dir='ltr'><strong>καὶ</strong></span> <span class='ocrx_word' id='word_1_203' title='bbox 2459 1754 2601 1809; x_wconf 74' lang='grc' dir='ltr'>οὕτω</span> <span class='ocrx_word' id='word_1_204' title='bbox 2634 1751 2985 1823; x_wconf 83' lang='grc' dir='ltr'>πιστεύομεν.</span> <span class='ocrx_word' id='word_1_205' title='bbox 3010 1751 3071 1804; x_wconf 84' lang='lat' dir='ltr'><strong>Ei</strong></span> <span class='ocrx_word' id='word_1_206' title='bbox 3103 1749 3161 1802; x_wconf 80' lang='grc' dir='ltr'>δὲ</span> <span class='ocrx_word' id='word_1_207' title='bbox 3190 1748 3298 1801; x_wconf 82' lang='grc' dir='ltr'>πᾶν</span> <span class='ocrx_word' id='word_1_208' title='bbox 3341 1745 3404 1797; x_wconf 90' lang='grc' dir='ltr'><strong>τὸ</strong></span> <span class='ocrx_word' id='word_1_209' title='bbox 3439 1742 3732 1834; x_wconf 79' lang='grc' dir='ltr'>γενόμενον</span> 
     </span>
    </p>
   </div>
   <div class='ocr_carea' id='block_1_31' title="bbox 487 1845 2057 1920">
    <p class='ocr_par' dir='ltr' id='par_1_31' title="bbox 487 1845 2057 1920">
     <span class='ocr_line' id='line_1_31' title="bbox 487 1845 2057 1920; baseline -0.009 -9"><span class='ocrx_word' id='word_1_210' title='bbox 487 1870 673 1911; x_wconf 89' lang='lat' dir='ltr'><strong>recens</strong></span> <span class='ocrx_word' id='word_1_211' title='bbox 698 1861 779 1907; x_wconf 81' lang='lat' dir='ltr'><strong>est</strong></span> <span class='ocrx_word' id='word_1_212' title='bbox 811 1859 1057 1920; x_wconf 83' lang='lat' dir='ltr'><strong>respectu</strong></span> <span class='ocrx_word' id='word_1_213' title='bbox 1084 1847 1345 1910; x_wconf 89' lang='lat' dir='ltr'><strong>increati;</strong></span> <span class='ocrx_word' id='word_1_214' title='bbox 1375 1858 1549 1913; x_wconf 86' lang='lat' dir='ltr'><strong>neque</strong></span> <span class='ocrx_word' id='word_1_215' title='bbox 1574 1859 1671 1914; x_wconf 91' lang='lat' dir='ltr'><strong>par</strong></span> <span class='ocrx_word' id='word_1_216' title='bbox 1697 1854 1782 1899; x_wconf 91' lang='lat' dir='ltr'><strong>est</strong></span> <span class='ocrx_word' id='word_1_217' title='bbox 1810 1855 1869 1898; x_wconf 90' lang='lat' dir='ltr'><strong>ut</strong></span> <span class='ocrx_word' id='word_1_218' title='bbox 1893 1845 2057 1898; x_wconf 91' lang='lat' dir='ltr'><strong>Deum</strong></span> 
     </span>
    </p>
   </div>
   <div class='ocr_carea' id='block_1_32' title="bbox 487 1934 2061 2003">
    <p class='ocr_par' dir='ltr' id='par_1_32' title="bbox 487 1934 2061 2003">
     <span class='ocr_line' id='line_1_32' title="bbox 487 1934 2061 2003; baseline -0.01 -1"><span class='ocrx_word' id='word_1_219' title='bbox 487 1954 763 2003; x_wconf 89' lang='lat' dir='ltr'><strong>recentem</strong></span> <span class='ocrx_word' id='word_1_220' title='bbox 812 1958 877 1997; x_wconf 90' lang='lat' dir='ltr'><strong>ac</strong></span> <span class='ocrx_word' id='word_1_221' title='bbox 934 1954 1130 1995; x_wconf 84' lang='lat' dir='ltr'><strong>novum</strong></span> <span class='ocrx_word' id='word_1_222' title='bbox 1167 1937 1452 1991; x_wconf 87' lang='lat' dir='ltr'><strong>colamus:</strong></span> <span class='ocrx_word' id='word_1_223' title='bbox 1485 1950 1591 1989; x_wconf 91' lang='lat' dir='ltr'><strong>non</strong></span> <span class='ocrx_word' id='word_1_224' title='bbox 1644 1944 1729 1990; x_wconf 89' lang='lat' dir='ltr'><strong>est</strong></span> <span class='ocrx_word' id='word_1_225' title='bbox 1770 1934 1933 2003; x_wconf 81' lang='lat' dir='ltr'><strong>igitur</strong></span> <span class='ocrx_word' id='word_1_226' title='bbox 1970 1934 2061 1988; x_wconf 84' lang='lat' dir='ltr'><strong>Fi-</strong></span> 
     </span>
    </p>
   </div>
   <div class='ocr_carea' id='block_1_33' title="bbox 489 2026 2058 2099">
    <p class='ocr_par' dir='ltr' id='par_1_33' title="bbox 489 2026 2058 2099">
     <span class='ocr_line' id='line_1_33' title="bbox 489 2026 2058 2099; baseline -0.008 -7"><span class='ocrx_word' id='word_1_227' title='bbox 489 2039 591 2093; x_wconf 89' lang='lat' dir='ltr'><strong>lius</strong></span> <span class='ocrx_word' id='word_1_228' title='bbox 624 2037 764 2091; x_wconf 89' lang='lat' dir='ltr'><strong>Deus</strong></span> <span class='ocrx_word' id='word_1_229' title='bbox 792 2046 1002 2097; x_wconf 88' lang='lat' dir='ltr'><strong>recens,</strong></span> <span class='ocrx_word' id='word_1_230' title='bbox 1052 2030 1255 2099; x_wconf 87' lang='lat' dir='ltr'><strong>quippe</strong></span> <span class='ocrx_word' id='word_1_231' title='bbox 1287 2027 1379 2096; x_wconf 91' lang='lat' dir='ltr'><strong>qui</strong></span> <span class='ocrx_word' id='word_1_232' title='bbox 1423 2034 1507 2083; x_wconf 92' lang='lat' dir='ltr'><strong>est</strong></span> <span class='ocrx_word' id='word_1_233' title='bbox 1548 2026 1602 2082; x_wconf 91' lang='lat' dir='ltr'><strong>id</strong></span> <span class='ocrx_word' id='word_1_234' title='bbox 1641 2026 1784 2097; x_wconf 89' lang='lat' dir='ltr'><strong>quod</strong></span> <span class='ocrx_word' id='word_1_235' title='bbox 1817 2033 2058 2081; x_wconf 85' lang='lat' dir='ltr'><strong>creatum</strong></span> 
     </span>
    </p>
   </div>
   <div class='ocr_carea' id='block_1_34' title="bbox 394 2138 731 2211">
    <p class='ocr_par' dir='ltr' id='par_1_34' title="bbox 394 2138 731 2211">
     <span class='ocr_line' id='line_1_34' title="bbox 394 2138 731 2211; baseline -0.021 -24"><span class='ocrx_word' id='word_1_236' title='bbox 394 2196 411 2211; x_wconf 36' lang='grc' dir='ltr'><strong><em>ν</em></strong></span> <span class='ocrx_word' id='word_1_237' title='bbox 488 2145 593 2185; x_wconf 90' lang='lat' dir='ltr'><strong>non</strong></span> <span class='ocrx_word' id='word_1_238' title='bbox 625 2138 731 2184; x_wconf 76' lang='grc' dir='ltr'>εει.</span> 
     </span>
    </p>
   </div>
   <div class='ocr_carea' id='block_1_35' title="bbox 1159 2230 1389 2286">
    <p class='ocr_par' dir='ltr' id='par_1_35' title="bbox 1159 2230 1389 2286">
     <span class='ocr_line' id='line_1_35' title="bbox 1159 2230 1389 2286; baseline -0.004 -1"><span class='ocrx_word' id='word_1_239' title='bbox 1159 2230 1389 2286; x_wconf 84' lang='lat' dir='ltr'><strong>ALIUD.</strong></span> 
     </span>
    </p>
   </div>
   <div class='ocr_carea' id='block_1_36' title="bbox 559 2342 2060 2420">
    <p class='ocr_par' dir='ltr' id='par_1_36' title="bbox 559 2342 2060 2420">
     <span class='ocr_line' id='line_1_36' title="bbox 559 2342 2060 2420; baseline -0.007 -14"><span class='ocrx_word' id='word_1_240' title='bbox 559 2351 618 2405; x_wconf 90' lang='lat' dir='ltr'><strong>Si</strong></span> <span class='ocrx_word' id='word_1_241' title='bbox 649 2348 791 2420; x_wconf 92' lang='lat' dir='ltr'><strong>quod</strong></span> <span class='ocrx_word' id='word_1_242' title='bbox 827 2355 1068 2402; x_wconf 86' lang='lat' dir='ltr'><strong>creatum</strong></span> <span class='ocrx_word' id='word_1_243' title='bbox 1114 2354 1219 2406; x_wconf 87' lang='lat' dir='ltr'><strong>est,</strong></span> <span class='ocrx_word' id='word_1_244' title='bbox 1252 2343 1525 2397; x_wconf 84' lang='lat' dir='ltr'><strong>diversum</strong></span> <span class='ocrx_word' id='word_1_245' title='bbox 1554 2342 1712 2411; x_wconf 86' lang='lat' dir='ltr'><strong>plane</strong></span> <span class='ocrx_word' id='word_1_246' title='bbox 1758 2350 1841 2396; x_wconf 92' lang='lat' dir='ltr'><strong>est</strong></span> <span class='ocrx_word' id='word_1_247' title='bbox 1871 2342 1939 2396; x_wconf 89' lang='lat' dir='ltr'><strong>ab</strong></span> <span class='ocrx_word' id='word_1_248' title='bbox 1980 2343 2060 2396; x_wconf 87' lang='lat' dir='ltr'><strong>in-</strong></span> 
     </span>
    </p>
   </div>
   <div class='ocr_carea' id='block_1_37' title="bbox 484 2431 2059 2501">
    <p class='ocr_par' dir='ltr' id='par_1_37' title="bbox 484 2431 2059 2501">
     <span class='ocr_line' id='line_1_37' title="bbox 484 2431 2059 2501; baseline -0.005 -7"><span class='ocrx_word' id='word_1_249' title='bbox 484 2448 690 2500; x_wconf 88' lang='lat' dir='ltr'><strong>creato,</strong></span> <span class='ocrx_word' id='word_1_250' title='bbox 735 2435 949 2490; x_wconf 85' lang='lat' dir='ltr'><strong>adorari</strong></span> <span class='ocrx_word' id='word_1_251' title='bbox 1008 2448 1114 2487; x_wconf 88' lang='lat' dir='ltr'><strong>non</strong></span> <span class='ocrx_word' id='word_1_252' title='bbox 1162 2433 1343 2486; x_wconf 92' lang='lat' dir='ltr'><strong>debet.</strong></span> <span class='ocrx_word' id='word_1_253' title='bbox 1397 2431 1588 2484; x_wconf 84' lang='lat' dir='ltr'><strong>Divino</strong></span> <span class='ocrx_word' id='word_1_254' title='bbox 1623 2432 1765 2485; x_wconf 87' lang='lat' dir='ltr'><strong>enim</strong></span> <span class='ocrx_word' id='word_1_255' title='bbox 1795 2444 2059 2501; x_wconf 62' lang='lat' dir='ltr'><strong>prtecepto</strong></span> 
     </span>
    </p>
   </div>
   <div class='ocr_carea' id='block_1_38' title="bbox 487 2519 2057 2591">
    <p class='ocr_par' dir='ltr' id='par_1_38' title="bbox 487 2519 2057 2591">
     <span class='ocr_line' id='line_1_38' title="bbox 487 2519 2057 2591; baseline -0.005 -6"><span class='ocrx_word' id='word_1_256' title='bbox 487 2535 589 2585; x_wconf 86' lang='lat' dir='ltr'><strong>hoc</strong></span> <span class='ocrx_word' id='word_1_257' title='bbox 618 2528 844 2581; x_wconf 86' lang='lat' dir='ltr'><strong>vetitum</strong></span> <span class='ocrx_word' id='word_1_258' title='bbox 892 2535 996 2580; x_wconf 90' lang='lat' dir='ltr'><strong>est.</strong></span> <span class='ocrx_word' id='word_1_259' title='bbox 1043 2524 1100 2578; x_wconf 90' lang='lat' dir='ltr'><strong>Si</strong></span> <span class='ocrx_word' id='word_1_260' title='bbox 1144 2537 1268 2577; x_wconf 76' lang='lat' dir='ltr'><strong>vero</strong></span> <span class='ocrx_word' id='word_1_261' title='bbox 1298 2519 1493 2575; x_wconf 87' lang='lat' dir='ltr'><strong>Filium</strong></span> <span class='ocrx_word' id='word_1_262' title='bbox 1520 2521 1770 2591; x_wconf 90' lang='lat' dir='ltr'><strong>jubemur</strong></span> <span class='ocrx_word' id='word_1_263' title='bbox 1809 2524 2057 2587; x_wconf 88' lang='lat' dir='ltr'><strong>adorare,</strong></span> 
     </span>
    </p>
   </div>
   <div class='ocr_carea' id='block_1_39' title="bbox 489 2611 2058 2681">
    <p class='ocr_par' dir='ltr' id='par_1_39' title="bbox 489 2611 2058 2681">
     <span class='ocr_line' id='line_1_39' title="bbox 489 2611 2058 2681; baseline -0.004 -8"><span class='ocrx_word' id='word_1_264' title='bbox 489 2635 592 2673; x_wconf 91' lang='lat' dir='ltr'><strong>non</strong></span> <span class='ocrx_word' id='word_1_265' title='bbox 627 2627 805 2671; x_wconf 90' lang='lat' dir='ltr'><strong>autem</strong></span> <span class='ocrx_word' id='word_1_266' title='bbox 843 2615 1007 2669; x_wconf 87' lang='lat' dir='ltr'><strong>alium</strong></span> <span class='ocrx_word' id='word_1_267' title='bbox 1046 2614 1225 2677; x_wconf 92' lang='lat' dir='ltr'><strong>deum,</strong></span> <span class='ocrx_word' id='word_1_268' title='bbox 1260 2612 1351 2681; x_wconf 90' lang='lat' dir='ltr'><strong>qui</strong></span> <span class='ocrx_word' id='word_1_269' title='bbox 1382 2611 1454 2667; x_wconf 88' lang='lat' dir='ltr'><strong>sit</strong></span> <span class='ocrx_word' id='word_1_270' title='bbox 1484 2622 1699 2667; x_wconf 88' lang='lat' dir='ltr'><strong>creatus</strong></span> <span class='ocrx_word' id='word_1_271' title='bbox 1736 2631 1748 2667; x_wconf 91' lang='lat'><strong>:</strong></span> <span class='ocrx_word' id='word_1_272' title='bbox 1785 2613 2058 2669; x_wconf 88' lang='lat' dir='ltr'><strong>increatus</strong></span> 
     </span>
    </p>
   </div>
   <div class='ocr_carea' id='block_1_40' title="bbox 490 2705 974 2781">
    <p class='ocr_par' dir='ltr' id='par_1_40' title="bbox 490 2705 974 2781">
     <span class='ocr_line' id='line_1_40' title="bbox 490 2705 974 2781; baseline -0.006 -17"><span class='ocrx_word' id='word_1_273' title='bbox 490 2712 650 2781; x_wconf 82' lang='lat' dir='ltr'><strong>igitur</strong></span> <span class='ocrx_word' id='word_1_274' title='bbox 678 2719 761 2764; x_wconf 85' lang='lat' dir='ltr'><strong>est</strong></span> <span class='ocrx_word' id='word_1_275' title='bbox 784 2705 974 2774; x_wconf 82' lang='lat' dir='ltr'><strong>Filius.</strong></span> 
     </span>
    </p>
   </div>
   <div class='ocr_carea' id='block_1_41' title="bbox 1152 2814 1387 2872">
    <p class='ocr_par' dir='ltr' id='par_1_41' title="bbox 1152 2814 1387 2872">
     <span class='ocr_line' id='line_1_41' title="bbox 1152 2814 1387 2872; baseline 0 -3"><span class='ocrx_word' id='word_1_276' title='bbox 1152 2814 1387 2872; x_wconf 83' lang='lat' dir='ltr'><strong>ALIUD.</strong></span> 
     </span>
    </p>
   </div>
   <div class='ocr_carea' id='block_1_42' title="bbox 558 2927 2062 2999">
    <p class='ocr_par' dir='ltr' id='par_1_42' title="bbox 558 2927 2062 2999">
     <span class='ocr_line' id='line_1_42' title="bbox 558 2927 2062 2999; baseline -0.002 -13"><span class='ocrx_word' id='word_1_277' title='bbox 558 2932 613 2986; x_wconf 90' lang='lat' dir='ltr'><strong>Si</strong></span> <span class='ocrx_word' id='word_1_278' title='bbox 644 2928 903 2999; x_wconf 84' lang='lat' dir='ltr'><strong>quidquid</strong></span> <span class='ocrx_word' id='word_1_279' title='bbox 933 2927 1136 2982; x_wconf 84' lang='lat' dir='ltr'><strong>factum</strong></span> <span class='ocrx_word' id='word_1_280' title='bbox 1182 2934 1283 2991; x_wconf 90' lang='lat' dir='ltr'><strong>est,</strong></span> <span class='ocrx_word' id='word_1_281' title='bbox 1338 2940 1550 2982; x_wconf 88' lang='lat' dir='ltr'><strong>servum</strong></span> <span class='ocrx_word' id='word_1_282' title='bbox 1598 2936 1682 2983; x_wconf 92' lang='lat' dir='ltr'><strong>est</strong></span> <span class='ocrx_word' id='word_1_283' title='bbox 1713 2928 1853 2997; x_wconf 88' lang='lat' dir='ltr'><strong>ejus,</strong></span> <span class='ocrx_word' id='word_1_284' title='bbox 1885 2943 1913 2981; x_wconf 88' lang='lat' dir='ltr'><strong>a</strong></span> <span class='ocrx_word' id='word_1_285' title='bbox 1956 2943 2062 2998; x_wconf 88' lang='lat' dir='ltr'><strong>quo</strong></span> 
     </span>
    </p>
   </div>
   <div class='ocr_carea' id='block_1_43' title="bbox 487 3018 2058 3088">
    <p class='ocr_par' dir='ltr' id='par_1_43' title="bbox 487 3018 2058 3088">
     <span class='ocr_line' id='line_1_43' title="bbox 487 3018 2058 3088; baseline -0.003 -10"><span class='ocrx_word' id='word_1_286' title='bbox 487 3024 692 3078; x_wconf 79' lang='lat' dir='ltr'><strong>factum</strong></span> <span class='ocrx_word' id='word_1_287' title='bbox 724 3030 810 3077; x_wconf 90' lang='lat' dir='ltr'><strong>est</strong></span> <span class='ocrx_word' id='word_1_288' title='bbox 839 3040 851 3052; x_wconf 81' lang='lat'><strong>-</strong></span> <span class='ocrx_word' id='word_1_289' title='bbox 879 3018 1216 3088; x_wconf 83' lang='lat' dir='ltr'><strong>impossibile</strong></span> <span class='ocrx_word' id='word_1_290' title='bbox 1248 3019 1411 3087; x_wconf 81' lang='lat' dir='ltr'><strong>igitur</strong></span> <span class='ocrx_word' id='word_1_291' title='bbox 1445 3019 1517 3073; x_wconf 87' lang='lat' dir='ltr'><strong>illi</strong></span> <span class='ocrx_word' id='word_1_292' title='bbox 1546 3029 1628 3073; x_wconf 90' lang='lat' dir='ltr'><strong>cst</strong></span> <span class='ocrx_word' id='word_1_293' title='bbox 1653 3020 1955 3074; x_wconf 87' lang='lat' dir='ltr'><strong>libertatem</strong></span> <span class='ocrx_word' id='word_1_294' title='bbox 1983 3021 2058 3073; x_wconf 90' lang='lat' dir='ltr'><strong>al-</strong></span> 
     </span>
    </p>
   </div>
   <div class='ocr_carea' id='block_1_44' title="bbox 490 3108 2057 3180">
    <p class='ocr_par' dir='ltr' id='par_1_44' title="bbox 490 3108 2057 3180">
     <span class='ocr_line' id='line_1_44' title="bbox 490 3108 2057 3180; baseline -0.003 -11"><span class='ocrx_word' id='word_1_295' title='bbox 490 3116 588 3170; x_wconf 88' lang='lat' dir='ltr'><strong>teri</strong></span> <span class='ocrx_word' id='word_1_296' title='bbox 618 3111 870 3167; x_wconf 83' lang='lat' dir='ltr'><strong>conferre</strong></span> <span class='ocrx_word' id='word_1_297' title='bbox 899 3126 1061 3180; x_wconf 90' lang='lat' dir='ltr'><strong>quam</strong></span> <span class='ocrx_word' id='word_1_298' title='bbox 1097 3125 1201 3164; x_wconf 93' lang='lat' dir='ltr'><strong>non</strong></span> <span class='ocrx_word' id='word_1_299' title='bbox 1245 3109 1425 3164; x_wconf 88' lang='lat' dir='ltr'><strong>habet.</strong></span> <span class='ocrx_word' id='word_1_300' title='bbox 1461 3108 1516 3163; x_wconf 92' lang='lat' dir='ltr'><strong>Si</strong></span> <span class='ocrx_word' id='word_1_301' title='bbox 1552 3120 1730 3164; x_wconf 91' lang='lat' dir='ltr'><strong>autem</strong></span> <span class='ocrx_word' id='word_1_302' title='bbox 1769 3125 1887 3165; x_wconf 85' lang='lat' dir='ltr'><strong>eam</strong></span> <span class='ocrx_word' id='word_1_303' title='bbox 1926 3127 2057 3166; x_wconf 80' lang='lat' dir='ltr'><strong>cott-</strong></span> 
     </span>
    </p>
   </div>
   <div class='ocr_carea' id='block_1_45' title="bbox 491 3200 2061 3269">
    <p class='ocr_par' dir='ltr' id='par_1_45' title="bbox 491 3200 2061 3269">
     <span class='ocr_line' id='line_1_45' title="bbox 491 3200 2061 3269; baseline -0.003 -10"><span class='ocrx_word' id='word_1_304' title='bbox 491 3205 595 3259; x_wconf 78' lang='lat' dir='ltr'><strong>fert</strong></span> <span class='ocrx_word' id='word_1_305' title='bbox 618 3203 810 3263; x_wconf 85' lang='lat' dir='ltr'><strong>Filius.</strong></span> <span class='ocrx_word' id='word_1_306' title='bbox 836 3214 1025 3256; x_wconf 86' lang='lat' dir='ltr'><strong>servus</strong></span> <span class='ocrx_word' id='word_1_307' title='bbox 1052 3200 1236 3269; x_wconf 77' lang='lat' dir='ltr'><strong>itaque</strong></span> <span class='ocrx_word' id='word_1_308' title='bbox 1270 3217 1377 3254; x_wconf 89' lang='lat' dir='ltr'><strong>non</strong></span> <span class='ocrx_word' id='word_1_309' title='bbox 1411 3210 1515 3266; x_wconf 87' lang='lat' dir='ltr'><strong>est,</strong></span> <span class='ocrx_word' id='word_1_310' title='bbox 1549 3200 1643 3254; x_wconf 87' lang='lat' dir='ltr'><strong>sed</strong></span> <span class='ocrx_word' id='word_1_311' title='bbox 1671 3200 1848 3268; x_wconf 89' lang='lat' dir='ltr'><strong>potius</strong></span> <span class='ocrx_word' id='word_1_312' title='bbox 1878 3200 2061 3257; x_wconf 86' lang='lat' dir='ltr'><strong>Domi-</strong></span> 
     </span>
    </p>
   </div>
   <div class='ocr_carea' id='block_1_46' title="bbox 492 3296 859 3352">
    <p class='ocr_par' dir='ltr' id='par_1_46' title="bbox 492 3296 859 3352">
     <span class='ocr_line' id='line_1_46' title="bbox 492 3296 859 3352; baseline -0.008 -2"><span class='ocrx_word' id='word_1_313' title='bbox 492 3311 595 3352; x_wconf 86' lang='lat' dir='ltr'><strong>nus</strong></span> <span class='ocrx_word' id='word_1_314' title='bbox 617 3307 671 3350; x_wconf 93' lang='lat' dir='ltr'><strong>et</strong></span> <span class='ocrx_word' id='word_1_315' title='bbox 698 3296 859 3350; x_wconf 87' lang='lat' dir='ltr'><strong>Deus.</strong></span> 
     </span>
    </p>
   </div>
   <div class='ocr_carea' id='block_1_47' title="bbox 1158 3402 1383 3459">
    <p class='ocr_par' dir='ltr' id='par_1_47' title="bbox 1158 3402 1383 3459">
     <span class='ocr_line' id='line_1_47' title="bbox 1158 3402 1383 3459; baseline 0 -1"><span class='ocrx_word' id='word_1_316' title='bbox 1158 3402 1383 3459; x_wconf 83' lang='lat' dir='ltr'><strong>ALIUD.</strong></span> 
     </span>
    </p>
   </div>
   <div class='ocr_carea' id='block_1_48' title="bbox 559 3514 2060 3571">
    <p class='ocr_par' dir='ltr' id='par_1_48' title="bbox 559 3514 2060 3571">
     <span class='ocr_line' id='line_1_48' title="bbox 559 3514 2060 3571; baseline -0.001 -1"><span class='ocrx_word' id='word_1_317' title='bbox 559 3515 619 3571; x_wconf 87' lang='lat' dir='ltr'><strong>Si</strong></span> <span class='ocrx_word' id='word_1_318' title='bbox 650 3514 826 3570; x_wconf 86' lang='lat' dir='ltr'><strong>omnis</strong></span> <span class='ocrx_word' id='word_1_319' title='bbox 857 3523 1107 3570; x_wconf 83' lang='lat' dir='ltr'><strong>creatura</strong></span> <span class='ocrx_word' id='word_1_320' title='bbox 1159 3515 1259 3568; x_wconf 92' lang='lat' dir='ltr'><strong>sub</strong></span> <span class='ocrx_word' id='word_1_321' title='bbox 1299 3523 1489 3567; x_wconf 89' lang='lat' dir='ltr'><strong>natura</strong></span> <span class='ocrx_word' id='word_1_322' title='bbox 1517 3514 1823 3569; x_wconf 89' lang='lat' dir='ltr'><strong>consistens</strong></span> <span class='ocrx_word' id='word_1_323' title='bbox 1856 3521 2060 3568; x_wconf 76' lang='lat' dir='ltr'><strong>natura:</strong></span> 
     </span>
    </p>
   </div>
   <div class='ocr_carea' id='block_1_49' title="bbox 489 3604 2057 3674">
    <p class='ocr_par' dir='ltr' id='par_1_49' title="bbox 489 3604 2057 3674">
     <span class='ocr_line' id='line_1_49' title="bbox 489 3604 2057 3674; baseline -0.004 -11"><span class='ocrx_word' id='word_1_324' title='bbox 489 3605 589 3673; x_wconf 74' lang='lat' dir='ltr'><strong>idi,</strong></span> <span class='ocrx_word' id='word_1_325' title='bbox 618 3606 719 3660; x_wconf 90' lang='lat' dir='ltr'><strong>sub</strong></span> <span class='ocrx_word' id='word_1_326' title='bbox 748 3620 850 3674; x_wconf 88' lang='lat' dir='ltr'><strong>qua</strong></span> <span class='ocrx_word' id='word_1_327' title='bbox 886 3618 970 3659; x_wconf 88' lang='lat' dir='ltr'><strong>est</strong></span> <span class='ocrx_word' id='word_1_328' title='bbox 1017 3615 1070 3658; x_wconf 89' lang='lat' dir='ltr'><strong>et</strong></span> <span class='ocrx_word' id='word_1_329' title='bbox 1103 3604 1241 3658; x_wconf 77' lang='lat' dir='ltr'><strong>facta</strong></span> <span class='ocrx_word' id='word_1_330' title='bbox 1283 3613 1388 3671; x_wconf 87' lang='lat' dir='ltr'><strong>est,</strong></span> <span class='ocrx_word' id='word_1_331' title='bbox 1423 3606 1611 3669; x_wconf 86' lang='lat' dir='ltr'><strong>servit,</strong></span> <span class='ocrx_word' id='word_1_332' title='bbox 1666 3606 1839 3659; x_wconf 86' lang='lat' dir='ltr'><strong>deitas</strong></span> <span class='ocrx_word' id='word_1_333' title='bbox 1880 3615 2057 3659; x_wconf 85' lang='lat' dir='ltr'><strong>autem</strong></span> 
     </span>
    </p>
   </div>
   <div class='ocr_carea' id='block_1_50' title="bbox 490 3695 2055 3765">
    <p class='ocr_par' dir='ltr' id='par_1_50' title="bbox 490 3695 2055 3765">
     <span class='ocr_line' id='line_1_50' title="bbox 490 3695 2055 3765; baseline 0.001 -14"><span class='ocrx_word' id='word_1_334' title='bbox 490 3696 657 3752; x_wconf 89' lang='lat' dir='ltr'><strong>libera</strong></span> <span class='ocrx_word' id='word_1_335' title='bbox 697 3702 799 3760; x_wconf 89' lang='lat' dir='ltr'><strong>est,</strong></span> <span class='ocrx_word' id='word_1_336' title='bbox 837 3695 1094 3764; x_wconf 87' lang='lat' dir='ltr'><strong>omnique</strong></span> <span class='ocrx_word' id='word_1_337' title='bbox 1126 3695 1357 3749; x_wconf 78' lang='lat' dir='ltr'><strong>naturali</strong></span> <span class='ocrx_word' id='word_1_338' title='bbox 1409 3696 1735 3750; x_wconf 87' lang='lat' dir='ltr'><strong>necessitate</strong></span> <span class='ocrx_word' id='word_1_339' title='bbox 1770 3697 2055 3765; x_wconf 86' lang='lat' dir='ltr'><strong>superior:</strong></span> 
     </span>
    </p>
   </div>
   <div class='ocr_carea' id='block_1_51' title="bbox 488 3786 2057 3843">
    <p class='ocr_par' dir='ltr' id='par_1_51' title="bbox 488 3786 2057 3843">
     <span class='ocr_line' id='line_1_51' title="bbox 488 3786 2057 3843; baseline 0.001 -2"><span class='ocrx_word' id='word_1_340' title='bbox 488 3786 835 3841; x_wconf 85' lang='lat' dir='ltr'><strong>manifestum</strong></span> <span class='ocrx_word' id='word_1_341' title='bbox 888 3794 973 3840; x_wconf 92' lang='lat' dir='ltr'><strong>est</strong></span> <span class='ocrx_word' id='word_1_342' title='bbox 1023 3786 1191 3840; x_wconf 88' lang='lat' dir='ltr'><strong>Deum</strong></span> <span class='ocrx_word' id='word_1_343' title='bbox 1231 3803 1334 3841; x_wconf 91' lang='lat' dir='ltr'><strong>non</strong></span> <span class='ocrx_word' id='word_1_344' title='bbox 1383 3786 1588 3842; x_wconf 83' lang='lat' dir='ltr'><strong>servire</strong></span> <span class='ocrx_word' id='word_1_345' title='bbox 1644 3797 1871 3842; x_wconf 67' lang='lat' dir='ltr'><strong>naturae.</strong></span> <span class='ocrx_word' id='word_1_346' title='bbox 1924 3787 2057 3843; x_wconf 88' lang='lat' dir='ltr'><strong>Cum</strong></span> 
     </span>
    </p>
   </div>
   <div class='ocr_carea' id='block_1_52' title="bbox 484 3876 2057 3948">
    <p class='ocr_par' dir='ltr' id='par_1_52' title="bbox 484 3876 2057 3948">
     <span class='ocr_line' id='line_1_52' title="bbox 484 3876 2057 3948; baseline 0.002 -20"><span class='ocrx_word' id='word_1_347' title='bbox 484 3891 614 3933; x_wconf 79' lang='lat' dir='ltr'><strong>vero</strong></span> <span class='ocrx_word' id='word_1_348' title='bbox 643 3876 811 3932; x_wconf 84' lang='lat' dir='ltr'><strong>Filius</strong></span> <span class='ocrx_word' id='word_1_349' title='bbox 857 3877 928 3931; x_wconf 87' lang='lat' dir='ltr'><strong>sit</strong></span> <span class='ocrx_word' id='word_1_350' title='bbox 973 3879 1136 3943; x_wconf 87' lang='lat' dir='ltr'><strong>Deus,</strong></span> <span class='ocrx_word' id='word_1_351' title='bbox 1189 3891 1336 3932; x_wconf 86' lang='lat' dir='ltr'><strong>certe</strong></span> <span class='ocrx_word' id='word_1_352' title='bbox 1385 3887 1591 3932; x_wconf 84' lang='lat' dir='ltr'><strong>naturae</strong></span> <span class='ocrx_word' id='word_1_353' title='bbox 1630 3879 1904 3948; x_wconf 88' lang='lat' dir='ltr'><strong>subjectus</strong></span> <span class='ocrx_word' id='word_1_354' title='bbox 1952 3896 2057 3933; x_wconf 90' lang='lat' dir='ltr'><strong>non</strong></span> 
     </span>
    </p>
   </div>
   <div class='ocr_carea' id='block_1_53' title="bbox 482 3965 2058 4036">
    <p class='ocr_par' dir='ltr' id='par_1_53' title="bbox 482 3965 2058 4036">
     <span class='ocr_line' id='line_1_53' title="bbox 482 3965 2058 4036; baseline -0.001 -16"><span class='ocrx_word' id='word_1_355' title='bbox 482 3965 607 4031; x_wconf 88' lang='lat' dir='ltr'><strong>erit,</strong></span> <span class='ocrx_word' id='word_1_356' title='bbox 648 3965 791 4036; x_wconf 90' lang='lat' dir='ltr'><strong>quod</strong></span> <span class='ocrx_word' id='word_1_357' title='bbox 838 3968 1110 4020; x_wconf 89' lang='lat' dir='ltr'><strong>creaturis</strong></span> <span class='ocrx_word' id='word_1_358' title='bbox 1152 3967 1426 4033; x_wconf 85' lang='lat' dir='ltr'><strong>proprium</strong></span> <span class='ocrx_word' id='word_1_359' title='bbox 1471 3974 1573 4019; x_wconf 88' lang='lat' dir='ltr'><strong>est.</strong></span> <span class='ocrx_word' id='word_1_360' title='bbox 1620 3967 1813 4035; x_wconf 86' lang='lat' dir='ltr'><strong>Atqui</strong></span> <span class='ocrx_word' id='word_1_361' title='bbox 1859 3981 2058 4036; x_wconf 83' lang='lat' dir='ltr'><strong>cogna-</strong></span> 
     </span>
    </p>
   </div>
   <div class='ocr_carea' id='block_1_54' title="bbox 485 4050 2059 4121">
    <p class='ocr_par' dir='ltr' id='par_1_54' title="bbox 485 4050 2059 4121">
     <span class='ocr_line' id='line_1_54' title="bbox 485 4050 2059 4121; baseline 0 -15"><span class='ocrx_word' id='word_1_362' title='bbox 485 4056 631 4109; x_wconf 88' lang='lat' dir='ltr'><strong>tione</strong></span> <span class='ocrx_word' id='word_1_363' title='bbox 661 4056 890 4109; x_wconf 79' lang='lat' dir='ltr'><strong>naturali</strong></span> <span class='ocrx_word' id='word_1_364' title='bbox 937 4069 966 4107; x_wconf 90' lang='lat' dir='ltr'><strong>a</strong></span> <span class='ocrx_word' id='word_1_365' title='bbox 1002 4064 1252 4109; x_wconf 87' lang='lat' dir='ltr'><strong>creatura</strong></span> <span class='ocrx_word' id='word_1_366' title='bbox 1298 4050 1496 4115; x_wconf 80' lang='lat' dir='ltr'><strong>diIIert,</strong></span> <span class='ocrx_word' id='word_1_367' title='bbox 1526 4064 1633 4120; x_wconf 91' lang='lat' dir='ltr'><strong>quo</strong></span> <span class='ocrx_word' id='word_1_368' title='bbox 1664 4063 1821 4121; x_wconf 84' lang='lat' dir='ltr'><strong>pacto</strong></span> <span class='ocrx_word' id='word_1_369' title='bbox 1851 4068 1958 4106; x_wconf 88' lang='lat' dir='ltr'><strong>non</strong></span> <span class='ocrx_word' id='word_1_370' title='bbox 1988 4054 2059 4108; x_wconf 87' lang='lat' dir='ltr'><strong>sit</strong></span> 
     </span>
    </p>
   </div>
   <div class='ocr_carea' id='block_1_55' title="bbox 485 4141 1187 4197">
    <p class='ocr_par' dir='ltr' id='par_1_55' title="bbox 485 4141 1187 4197">
     <span class='ocr_line' id='line_1_55' title="bbox 485 4141 1187 4197; baseline -0.001 -2"><span class='ocrx_word' id='word_1_371' title='bbox 485 4142 714 4197; x_wconf 76' lang='lat' dir='ltr'><strong>diversae</strong></span> <span class='ocrx_word' id='word_1_372' title='bbox 746 4143 811 4195; x_wconf 89' lang='lat' dir='ltr'><strong>ab</strong></span> <span class='ocrx_word' id='word_1_373' title='bbox 848 4156 910 4195; x_wconf 85' lang='lat' dir='ltr'><strong>ea</strong></span> <span class='ocrx_word' id='word_1_374' title='bbox 945 4141 1187 4196; x_wconf 72' lang='lat' dir='ltr'><strong>naturae?</strong></span> 
     </span>
    </p>
   </div>
   <div class='ocr_carea' id='block_1_56' title="bbox 1149 4269 1377 4326">
    <p class='ocr_par' dir='ltr' id='par_1_56' title="bbox 1149 4269 1377 4326">
     <span class='ocr_line' id='line_1_56' title="bbox 1149 4269 1377 4326; baseline 0 -2"><span class='ocrx_word' id='word_1_375' title='bbox 1149 4269 1377 4326; x_wconf 85' lang='lat' dir='ltr'><strong>ALIUD.</strong></span> 
     </span>
    </p>
   </div>
   <div class='ocr_carea' id='block_1_57' title="bbox 561 4377 2056 4449">
    <p class='ocr_par' dir='ltr' id='par_1_57' title="bbox 561 4377 2056 4449">
     <span class='ocr_line' id='line_1_57' title="bbox 561 4377 2056 4449; baseline 0.002 -15"><span class='ocrx_word' id='word_1_376' title='bbox 561 4380 618 4434; x_wconf 88' lang='lat' dir='ltr'><strong>Si</strong></span> <span class='ocrx_word' id='word_1_377' title='bbox 652 4379 794 4433; x_wconf 86' lang='lat' dir='ltr'><strong>nulla</strong></span> <span class='ocrx_word' id='word_1_378' title='bbox 829 4387 1079 4434; x_wconf 89' lang='lat' dir='ltr'><strong>creatura</strong></span> <span class='ocrx_word' id='word_1_379' title='bbox 1122 4381 1442 4435; x_wconf 88' lang='lat' dir='ltr'><strong>naturaliter</strong></span> <span class='ocrx_word' id='word_1_380' title='bbox 1471 4377 1822 4449; x_wconf 79' lang='lat' dir='ltr'><strong>perfecteque</strong></span> <span class='ocrx_word' id='word_1_381' title='bbox 1850 4380 1961 4437; x_wconf 90' lang='lat' dir='ltr'><strong>Deo</strong></span> <span class='ocrx_word' id='word_1_382' title='bbox 1992 4395 2056 4437; x_wconf 88' lang='lat' dir='ltr'><strong>ac</strong></span> 
     </span>
    </p>
   </div>
   <div class='ocr_carea' id='block_1_58' title="bbox 486 4466 2057 4537">
    <p class='ocr_par' dir='ltr' id='par_1_58' title="bbox 486 4466 2057 4537">
     <span class='ocr_line' id='line_1_58' title="bbox 486 4466 2057 4537; baseline 0.002 -12"><span class='ocrx_word' id='word_1_383' title='bbox 486 4468 634 4525; x_wconf 84' lang='lat' dir='ltr'><strong>Patri</strong></span> <span class='ocrx_word' id='word_1_384' title='bbox 671 4466 863 4523; x_wconf 85' lang='lat' dir='ltr'><strong>similis</strong></span> <span class='ocrx_word' id='word_1_385' title='bbox 890 4478 995 4533; x_wconf 88' lang='lat' dir='ltr'><strong>est,</strong></span> <span class='ocrx_word' id='word_1_386' title='bbox 1031 4471 1225 4527; x_wconf 88' lang='lat' dir='ltr'><strong>similis</strong></span> <span class='ocrx_word' id='word_1_387' title='bbox 1256 4482 1435 4527; x_wconf 89' lang='lat' dir='ltr'><strong>autem</strong></span> <span class='ocrx_word' id='word_1_388' title='bbox 1467 4480 1552 4527; x_wconf 90' lang='lat' dir='ltr'><strong>est</strong></span> <span class='ocrx_word' id='word_1_389' title='bbox 1580 4471 1773 4537; x_wconf 89' lang='lat' dir='ltr'><strong>Filius,</strong></span> <span class='ocrx_word' id='word_1_390' title='bbox 1818 4475 1955 4528; x_wconf 90' lang='lat' dir='ltr'><strong>adeo</strong></span> <span class='ocrx_word' id='word_1_391' title='bbox 1998 4484 2057 4528; x_wconf 91' lang='lat' dir='ltr'><strong>ut</strong></span> 
     </span>
    </p>
   </div>
   <div class='ocr_carea' id='block_1_59' title="bbox 483 4558 2059 4633">
    <p class='ocr_par' dir='ltr' id='par_1_59' title="bbox 483 4558 2059 4633">
     <span class='ocr_line' id='line_1_59' title="bbox 483 4558 2059 4633; baseline 0.004 -22"><span class='ocrx_word' id='word_1_392' title='bbox 483 4563 577 4627; x_wconf 84' lang='lat' dir='ltr'><strong>qui</strong></span> <span class='ocrx_word' id='word_1_393' title='bbox 631 4574 754 4613; x_wconf 85' lang='lat' dir='ltr'><strong>eum</strong></span> <span class='ocrx_word' id='word_1_394' title='bbox 803 4558 1004 4623; x_wconf 85' lang='lat' dir='ltr'><strong>videat,</strong></span> <span class='ocrx_word' id='word_1_395' title='bbox 1057 4558 1274 4615; x_wconf 88' lang='lat' dir='ltr'><strong>Patrem</strong></span> <span class='ocrx_word' id='word_1_396' title='bbox 1333 4561 1559 4616; x_wconf 81' lang='lat' dir='ltr'><strong>videat:</strong></span> <span class='ocrx_word' id='word_1_397' title='bbox 1602 4575 1709 4615; x_wconf 90' lang='lat' dir='ltr'><strong>non</strong></span> <span class='ocrx_word' id='word_1_398' title='bbox 1756 4572 1840 4617; x_wconf 90' lang='lat' dir='ltr'><strong>est</strong></span> <span class='ocrx_word' id='word_1_399' title='bbox 1897 4564 2059 4633; x_wconf 87' lang='lat' dir='ltr'><strong>igitur</strong></span> 
     </span>
    </p>
   </div>
   <div class='ocr_carea' id='block_1_60' title="bbox 484 4650 2055 4720">
    <p class='ocr_par' dir='ltr' id='par_1_60' title="bbox 484 4650 2055 4720">
     <span class='ocr_line' id='line_1_60' title="bbox 484 4650 2055 4720; baseline 0.001 -15"><span class='ocrx_word' id='word_1_400' title='bbox 484 4660 756 4715; x_wconf 73' lang='lat' dir='ltr'><strong>creatura,</strong></span> <span class='ocrx_word' id='word_1_401' title='bbox 792 4650 884 4718; x_wconf 90' lang='lat' dir='ltr'><strong>qui</strong></span> <span class='ocrx_word' id='word_1_402' title='bbox 926 4651 1221 4719; x_wconf 81' lang='lat' dir='ltr'><strong>perfectam</strong></span> <span class='ocrx_word' id='word_1_403' title='bbox 1256 4651 1664 4720; x_wconf 80' lang='lat' dir='ltr'><strong>absolutamque</strong></span> <span class='ocrx_word' id='word_1_404' title='bbox 1698 4651 1872 4709; x_wconf 87' lang='lat' dir='ltr'><strong>Patris</strong></span> <span class='ocrx_word' id='word_1_405' title='bbox 1905 4655 2055 4708; x_wconf 85' lang='lat' dir='ltr'><strong>simi-</strong></span> 
     </span>
    </p>
   </div>
   <div class='ocr_carea' id='block_1_61' title="bbox 487 4728 1458 4811">
    <p class='ocr_par' dir='ltr' id='par_1_61' title="bbox 487 4728 1458 4811">
     <span class='ocr_line' id='line_1_61' title="bbox 487 4728 1458 4811; baseline 0.004 -17"><span class='ocrx_word' id='word_1_406' title='bbox 487 4739 764 4796; x_wconf 82' lang='lat' dir='ltr'><strong>litudinem</strong></span> <span class='ocrx_word' id='word_1_407' title='bbox 790 4750 988 4811; x_wconf 78' lang='lat' dir='ltr'><strong>gestat.</strong></span> <span class='ocrx_word' id='word_1_408' title='bbox 1454 4728 1458 4731; x_wconf 17' lang='grc' dir='ltr'><strong>Δ</strong></span> 
     </span>
    </p>
   </div>
   <div class='ocr_carea' id='block_1_62' title="bbox 1149 4853 1382 4911">
    <p class='ocr_par' dir='ltr' id='par_1_62' title="bbox 1149 4853 1382 4911">
     <span class='ocr_line' id='line_1_62' title="bbox 1149 4853 1382 4911; baseline 0.013 -3"><span class='ocrx_word' id='word_1_409' title='bbox 1149 4853 1382 4911; x_wconf 82' lang='lat' dir='ltr'><strong>ALIUD.</strong></span> 
     </span>
    </p>
   </div>
   <div class='ocr_carea' id='block_1_63' title="bbox 553 4966 2049 5033">
    <p class='ocr_par' dir='ltr' id='par_1_63' title="bbox 553 4966 2049 5033">
     <span class='ocr_line' id='line_1_63' title="bbox 553 4966 2049 5033; baseline 0 -9"><span class='ocrx_word' id='word_1_410' title='bbox 553 4970 610 5024; x_wconf 88' lang='lat' dir='ltr'><strong>Si</strong></span> <span class='ocrx_word' id='word_1_411' title='bbox 660 4983 848 5024; x_wconf 88' lang='lat' dir='ltr'><strong>omnes</strong></span> <span class='ocrx_word' id='word_1_412' title='bbox 891 4976 1153 5023; x_wconf 72' lang='lat' dir='ltr'><strong>creaturze</strong></span> <span class='ocrx_word' id='word_1_413' title='bbox 1213 4966 1323 5022; x_wconf 85' lang='lat' dir='ltr'><strong>Dco</strong></span> <span class='ocrx_word' id='word_1_414' title='bbox 1374 4968 1653 5033; x_wconf 81' lang='lat' dir='ltr'><strong>serviunt,</strong></span> <span class='ocrx_word' id='word_1_415' title='bbox 1708 4981 1815 5023; x_wconf 91' lang='lat' dir='ltr'><strong>non</strong></span> <span class='ocrx_word' id='word_1_416' title='bbox 1870 4980 2049 5024; x_wconf 86' lang='lat' dir='ltr'><strong>autem</strong></span> 
     </span>
    </p>
   </div>
   <div class='ocr_carea' id='block_1_64' title="bbox 482 5059 2047 5131">
    <p class='ocr_par' dir='ltr' id='par_1_64' title="bbox 482 5059 2047 5131">
     <span class='ocr_line' id='line_1_64' title="bbox 482 5059 2047 5131; baseline 0.001 -15"><span class='ocrx_word' id='word_1_417' title='bbox 482 5071 610 5116; x_wconf 81' lang='lat' dir='ltr'><strong>sunt</strong></span> <span class='ocrx_word' id='word_1_418' title='bbox 647 5059 877 5116; x_wconf 80' lang='lat' dir='ltr'><strong>domina:</strong></span> <span class='ocrx_word' id='word_1_419' title='bbox 920 5061 1122 5131; x_wconf 77' lang='lat' dir='ltr'><strong>gloriae,</strong></span> <span class='ocrx_word' id='word_1_420' title='bbox 1172 5059 1338 5114; x_wconf 87' lang='lat' dir='ltr'><strong>Filius</strong></span> <span class='ocrx_word' id='word_1_421' title='bbox 1368 5074 1495 5116; x_wconf 79' lang='lat' dir='ltr'><strong>vero</strong></span> <span class='ocrx_word' id='word_1_422' title='bbox 1518 5074 1622 5115; x_wconf 88' lang='lat' dir='ltr'><strong>non</strong></span> <span class='ocrx_word' id='word_1_423' title='bbox 1663 5060 1758 5127; x_wconf 88' lang='lat' dir='ltr'><strong>ita,</strong></span> <span class='ocrx_word' id='word_1_424' title='bbox 1798 5061 1893 5118; x_wconf 84' lang='lat' dir='ltr'><strong>sed</strong></span> <span class='ocrx_word' id='word_1_425' title='bbox 1942 5061 2047 5117; x_wconf 87' lang='lat' dir='ltr'><strong>Do-</strong></span> 
     </span>
    </p>
   </div>
   <div class='ocr_carea' id='block_1_65' title="bbox 481 5151 1738 5223">
    <p class='ocr_par' dir='ltr' id='par_1_65' title="bbox 481 5151 1738 5223">
     <span class='ocr_line' id='line_1_65' title="bbox 481 5151 1738 5223; baseline 0 -16"><span class='ocrx_word' id='word_1_426' title='bbox 481 5153 659 5207; x_wconf 83' lang='lat' dir='ltr'><strong>minus</strong></span> <span class='ocrx_word' id='word_1_427' title='bbox 685 5151 871 5222; x_wconf 67' lang='lat' dir='ltr'><strong>gloriae</strong></span> <span class='ocrx_word' id='word_1_428' title='bbox 892 5152 972 5207; x_wconf 69' lang='grc' dir='ltr'><strong>’δε</strong></span> <span class='ocrx_word' id='word_1_429' title='bbox 1005 5168 1112 5207; x_wconf 85' lang='lat' dir='ltr'><strong>non</strong></span> <span class='ocrx_word' id='word_1_430' title='bbox 1148 5161 1231 5208; x_wconf 90' lang='lat' dir='ltr'><strong>est</strong></span> <span class='ocrx_word' id='word_1_431' title='bbox 1269 5153 1429 5223; x_wconf 88' lang='lat' dir='ltr'><strong>igitur</strong></span> <span class='ocrx_word' id='word_1_432' title='bbox 1467 5160 1738 5208; x_wconf 83' lang='lat' dir='ltr'><strong>creatura.</strong></span> 
     </span>
    </p>
   </div>
   <div class='ocr_carea' id='block_1_66' title="bbox 1143 5262 1373 5320">
    <p class='ocr_par' dir='ltr' id='par_1_66' title="bbox 1143 5262 1373 5320">
     <span class='ocr_line' id='line_1_66' title="bbox 1143 5262 1373 5320; baseline 0 -3"><span class='ocrx_word' id='word_1_433' title='bbox 1143 5262 1373 5320; x_wconf 81' lang='lat' dir='ltr'><strong>ALIUD.</strong></span> 
     </span>
    </p>
   </div>
   <div class='ocr_carea' id='block_1_67' title="bbox 546 5340 2042 5446">
    <p class='ocr_par' dir='ltr' id='par_1_67' title="bbox 546 5340 2042 5446">
     <span class='ocr_line' id='line_1_67' title="bbox 546 5340 2042 5446; baseline 0.004 -17"><span class='ocrx_word' id='word_1_434' title='bbox 546 5372 604 5429; x_wconf 85' lang='lat' dir='ltr'><strong>Si</strong></span> <span class='ocrx_word' id='word_1_435' title='bbox 627 5373 887 5443; x_wconf 86' lang='lat' dir='ltr'><strong>quidquid</strong></span> <span class='ocrx_word' id='word_1_436' title='bbox 906 5340 979 5428; x_wconf 72' lang='lat' dir='ltr'><strong>ex</strong></span> <span class='ocrx_word' id='word_1_437' title='bbox 1008 5374 1174 5429; x_wconf 87' lang='lat' dir='ltr'><strong>nihilo</strong></span> <span class='ocrx_word' id='word_1_438' title='bbox 1206 5375 1271 5427; x_wconf 87' lang='lat' dir='ltr'><strong>ad</strong></span> <span class='ocrx_word' id='word_1_439' title='bbox 1304 5388 1426 5429; x_wconf 90' lang='lat' dir='ltr'><strong>esse</strong></span> <span class='ocrx_word' id='word_1_440' title='bbox 1461 5376 1766 5433; x_wconf 89' lang='lat' dir='ltr'><strong>traductum</strong></span> <span class='ocrx_word' id='word_1_441' title='bbox 1798 5388 1901 5446; x_wconf 91' lang='lat' dir='ltr'><strong>est,</strong></span> <span class='ocrx_word' id='word_1_442' title='bbox 1929 5381 2042 5435; x_wconf 87' lang='lat' dir='ltr'><strong>lieri</strong></span> 
     </span>
    </p>
   </div>
   <div class='ocr_carea' id='block_1_68' title="bbox 2162 1831 3731 1920">
    <p class='ocr_par' dir='ltr' id='par_1_68' title="bbox 2162 1831 3731 1920">
     <span class='ocr_line' id='line_1_68' title="bbox 2162 1831 3731 1920; baseline -0.013 -17"><span class='ocrx_word' id='word_1_443' title='bbox 2162 1848 2474 1920; x_wconf 87' lang='grc' dir='ltr'>πρόσφατόν</span> <span class='ocrx_word' id='word_1_444' title='bbox 2505 1850 2653 1900; x_wconf 80' lang='grc' dir='ltr'>ἐστιν</span> <span class='ocrx_word' id='word_1_445' title='bbox 2680 1845 2754 1909; x_wconf 83' lang='grc' dir='ltr'>ὡς</span> <span class='ocrx_word' id='word_1_446' title='bbox 2775 1843 2913 1916; x_wconf 84' lang='grc' dir='ltr'>πρὸς</span> <span class='ocrx_word' id='word_1_447' title='bbox 2969 1842 3029 1895; x_wconf 85' lang='grc' dir='ltr'><strong>τὸ</strong></span> <span class='ocrx_word' id='word_1_448' title='bbox 3057 1842 3341 1911; x_wconf 78' lang='grc' dir='ltr'>ἀγένητονο</span> <span class='ocrx_word' id='word_1_449' title='bbox 3374 1837 3471 1906; x_wconf 84' lang='grc' dir='ltr'><strong>οὐχ</strong></span> <span class='ocrx_word' id='word_1_450' title='bbox 3501 1836 3645 1888; x_wconf 82' lang='grc' dir='ltr'>ὅσιον</span> <span class='ocrx_word' id='word_1_451' title='bbox 3676 1831 3731 1884; x_wconf 80' lang='grc' dir='ltr'>δὲ</span> 
     </span>
    </p>
   </div>
   <div class='ocr_carea' id='block_1_69' title="bbox 2160 1922 3731 2009">
    <p class='ocr_par' dir='ltr' id='par_1_69' title="bbox 2160 1922 3731 2009">
     <span class='ocr_line' id='line_1_69' title="bbox 2160 1922 3731 2009; baseline -0.013 -16"><span class='ocrx_word' id='word_1_452' title='bbox 2160 1936 2298 1994; x_wconf 74' lang='grc' dir='ltr'>εἶναι</span> <span class='ocrx_word' id='word_1_453' title='bbox 2331 1939 2465 1993; x_wconf 89' lang='grc' dir='ltr'>Θεὸν</span> <span class='ocrx_word' id='word_1_454' title='bbox 2487 1939 2799 2009; x_wconf 84' lang='grc' dir='ltr'>πρόσφατον</span> <span class='ocrx_word' id='word_1_455' title='bbox 2828 1937 2885 1989; x_wconf 83' lang='grc' dir='ltr'>ὲν</span> <span class='ocrx_word' id='word_1_456' title='bbox 2910 1935 3063 2005; x_wconf 85' lang='grc' dir='ltr'>ἡμῖν,</span> <span class='ocrx_word' id='word_1_457' title='bbox 3108 1932 3210 1985; x_wconf 82' lang='grc' dir='ltr'><strong>οὐκ</strong></span> <span class='ocrx_word' id='word_1_458' title='bbox 3253 1930 3407 1985; x_wconf 74' lang='grc' dir='ltr'>ἔσται</span> <span class='ocrx_word' id='word_1_459' title='bbox 3445 1927 3553 1998; x_wconf 79' lang='grc' dir='ltr'>ἄρα</span> <span class='ocrx_word' id='word_1_460' title='bbox 3602 1922 3731 1984; x_wconf 89' lang='grc' dir='ltr'>Θεὸς</span> 
     </span>
    </p>
   </div>
   <div class='ocr_carea' id='block_1_70' title="bbox 2160 2019 3425 2102">
    <p class='ocr_par' dir='ltr' id='par_1_70' title="bbox 2160 2019 3425 2102">
     <span class='ocr_line' id='line_1_70' title="bbox 2160 2019 3425 2102; baseline -0.01 -18"><span class='ocrx_word' id='word_1_461' title='bbox 2160 2032 2469 2102; x_wconf 81' lang='grc' dir='ltr'>πρόσφατος</span> <span class='ocrx_word' id='word_1_462' title='bbox 2501 2030 2529 2081; x_wconf 90' lang='lat'><strong>6</strong></span> <span class='ocrx_word' id='word_1_463' title='bbox 2552 2027 2697 2094; x_wconf 74' lang='grc' dir='ltr'>Υἱὸς,</span> <span class='ocrx_word' id='word_1_464' title='bbox 2726 2028 2864 2096; x_wconf 84' lang='grc' dir='ltr'>ὅπερ</span> <span class='ocrx_word' id='word_1_465' title='bbox 2893 2024 3009 2078; x_wconf 79' lang='grc' dir='ltr'>ἐστὶ</span> <span class='ocrx_word' id='word_1_466' title='bbox 3044 2022 3105 2076; x_wconf 89' lang='grc' dir='ltr'><strong>τὸ</strong></span> <span class='ocrx_word' id='word_1_467' title='bbox 3145 2019 3425 2090; x_wconf 85' lang='grc' dir='ltr'>ἀγένητον.</span> 
     </span>
    </p>
   </div>
   <div class='ocr_carea' id='block_1_71' title="bbox 2842 2230 3047 2285">
    <p class='ocr_par' dir='ltr' id='par_1_71' title="bbox 2842 2230 3047 2285">
     <span class='ocr_line' id='line_1_71' title="bbox 2842 2230 3047 2285; baseline -0.015 0"><span class='ocrx_word' id='word_1_468' title='bbox 2842 2230 3047 2285; x_wconf 77' lang='grc' dir='ltr'><strong>ΑΛΛΟ.</strong></span> 
     </span>
    </p>
   </div>
   <div class='ocr_carea' id='block_1_72' title="bbox 2229 2332 3731 2414">
    <p class='ocr_par' dir='ltr' id='par_1_72' title="bbox 2229 2332 3731 2414">
     <span class='ocr_line' id='line_1_72' title="bbox 2229 2332 3731 2414; baseline -0.011 -15"><span class='ocrx_word' id='word_1_469' title='bbox 2229 2346 2293 2399; x_wconf 81' lang='lat' dir='ltr'><strong>EI</strong></span> <span class='ocrx_word' id='word_1_470' title='bbox 2316 2344 2375 2398; x_wconf 89' lang='grc' dir='ltr'><strong>τὸ</strong></span> <span class='ocrx_word' id='word_1_471' title='bbox 2413 2344 2638 2414; x_wconf 86' lang='grc' dir='ltr'>γενητὸν</span> <span class='ocrx_word' id='word_1_472' title='bbox 2673 2340 2901 2396; x_wconf 82' lang='grc' dir='ltr'><strong>καθόλου</strong></span> <span class='ocrx_word' id='word_1_473' title='bbox 2932 2338 3121 2410; x_wconf 68' lang='grc' dir='ltr'>ἕτερόν</span> <span class='ocrx_word' id='word_1_474' title='bbox 3149 2335 3266 2389; x_wconf 76' lang='grc' dir='ltr'>ἐστι</span> <span class='ocrx_word' id='word_1_475' title='bbox 3312 2332 3405 2388; x_wconf 90' lang='grc' dir='ltr'><strong>τοῦ</strong></span> <span class='ocrx_word' id='word_1_476' title='bbox 3432 2332 3691 2402; x_wconf 83' lang='grc' dir='ltr'>ἀγενήτου</span> <span class='ocrx_word' id='word_1_477' title='bbox 3716 2370 3731 2393; x_wconf 90' lang='grc'><strong>,</strong></span> 
     </span>
    </p>
   </div>
   <div class='ocr_carea' id='block_1_73' title="bbox 2159 2422 3735 2506">
    <p class='ocr_par' dir='ltr' id='par_1_73' title="bbox 2159 2422 3735 2506">
     <span class='ocr_line' id='line_1_73' title="bbox 2159 2422 3735 2506; baseline -0.011 -16"><span class='ocrx_word' id='word_1_478' title='bbox 2159 2436 2220 2490; x_wconf 86' lang='grc' dir='ltr'><strong>οὐ</strong></span> <span class='ocrx_word' id='word_1_479' title='bbox 2258 2436 2338 2489; x_wconf 79' lang='grc' dir='ltr'><strong>δεῖ</strong></span> <span class='ocrx_word' id='word_1_480' title='bbox 2364 2434 2514 2505; x_wconf 83' lang='grc' dir='ltr'>αὑτῷ</span> <span class='ocrx_word' id='word_1_481' title='bbox 2543 2434 2890 2506; x_wconf 87' lang='grc' dir='ltr'>προσκυνεῖν.</span> <span class='ocrx_word' id='word_1_482' title='bbox 2940 2429 3310 2500; x_wconf 86' lang='grc' dir='ltr'>Ἀπηγόρευσε</span> <span class='ocrx_word' id='word_1_483' title='bbox 3348 2425 3456 2496; x_wconf 87' lang='grc' dir='ltr'>γὰρ</span> <span class='ocrx_word' id='word_1_484' title='bbox 3496 2422 3653 2476; x_wconf 81' lang='grc' dir='ltr'>τοῦτο</span> <span class='ocrx_word' id='word_1_485' title='bbox 3678 2422 3735 2474; x_wconf 87' lang='grc' dir='ltr'><strong>τὸ</strong></span> 
     </span>
    </p>
   </div>
   <div class='ocr_carea' id='block_1_74' title="bbox 2161 2516 3733 2596">
    <p class='ocr_par' dir='ltr' id='par_1_74' title="bbox 2161 2516 3733 2596">
     <span class='ocr_line' id='line_1_74' title="bbox 2161 2516 3733 2596; baseline -0.013 -13"><span class='ocrx_word' id='word_1_486' title='bbox 2161 2529 2302 2583; x_wconf 86' lang='grc' dir='ltr'>θεῖον</span> <span class='ocrx_word' id='word_1_487' title='bbox 2336 2528 2536 2596; x_wconf 84' lang='grc' dir='ltr'>λόγιον.</span> <span class='ocrx_word' id='word_1_488' title='bbox 2580 2527 2643 2579; x_wconf 82' lang='lat' dir='ltr'><strong>Ei</strong></span> <span class='ocrx_word' id='word_1_489' title='bbox 2675 2524 2731 2578; x_wconf 78' lang='grc' dir='ltr'>δὲ</span> <span class='ocrx_word' id='word_1_490' title='bbox 2784 2523 2863 2595; x_wconf 82' lang='grc' dir='ltr'>τῷ</span> <span class='ocrx_word' id='word_1_491' title='bbox 2908 2522 3023 2593; x_wconf 83' lang='grc' dir='ltr'>Υίῷ</span> <span class='ocrx_word' id='word_1_492' title='bbox 3075 2516 3531 2591; x_wconf 83' lang='grc' dir='ltr'>προστασσόμεθα</span> <span class='ocrx_word' id='word_1_493' title='bbox 3570 2530 3733 2583; x_wconf 86' lang='grc' dir='ltr'>προσ-</span> 
     </span>
    </p>
   </div>
   <div class='ocr_carea' id='block_1_75' title="bbox 2161 2603 3719 2683">
    <p class='ocr_par' dir='ltr' id='par_1_75' title="bbox 2161 2603 3719 2683">
     <span class='ocr_line' id='line_1_75' title="bbox 2161 2603 3719 2683; baseline -0.009 -14"><span class='ocrx_word' id='word_1_494' title='bbox 2161 2618 2362 2681; x_wconf 84' lang='grc' dir='ltr'>κυνεῖν,</span> <span class='ocrx_word' id='word_1_495' title='bbox 2391 2616 2491 2667; x_wconf 80' lang='grc' dir='ltr'><strong>οὺκ</strong></span> <span class='ocrx_word' id='word_1_496' title='bbox 2518 2614 2599 2667; x_wconf 80' lang='grc' dir='ltr'>ἔτι</span> <span class='ocrx_word' id='word_1_497' title='bbox 2625 2613 2680 2667; x_wconf 87' lang='grc' dir='ltr'>δὲ</span> <span class='ocrx_word' id='word_1_498' title='bbox 2712 2614 2807 2665; x_wconf 80' lang='grc' dir='ltr'><strong>καὶ</strong></span> <span class='ocrx_word' id='word_1_499' title='bbox 2840 2610 3011 2683; x_wconf 80' lang='grc' dir='ltr'><strong>ἑτέρῳ</strong></span> <span class='ocrx_word' id='word_1_500' title='bbox 3042 2608 3178 2680; x_wconf 84' lang='grc' dir='ltr'>Θεῷ,</span> <span class='ocrx_word' id='word_1_501' title='bbox 3235 2609 3372 2678; x_wconf 82' lang='grc' dir='ltr'>ὅπερ</span> <span class='ocrx_word' id='word_1_502' title='bbox 3404 2606 3521 2659; x_wconf 76' lang='grc' dir='ltr'>ἐστὶ</span> <span class='ocrx_word' id='word_1_503' title='bbox 3556 2603 3616 2658; x_wconf 88' lang='grc' dir='ltr'><strong>τὸ</strong></span> <span class='ocrx_word' id='word_1_504' title='bbox 3642 2620 3719 2672; x_wconf 85' lang='grc' dir='ltr'>γε·</span> 
     </span>
    </p>
   </div>
   <div class='ocr_carea' id='block_1_76' title="bbox 2160 2703 3033 2779">
    <p class='ocr_par' dir='ltr' id='par_1_76' title="bbox 2160 2703 3033 2779">
     <span class='ocr_line' id='line_1_76' title="bbox 2160 2703 3033 2779; baseline -0.007 -18"><span class='ocrx_word' id='word_1_505' title='bbox 2160 2707 2335 2779; x_wconf 76' lang='grc' dir='ltr'>νητόν’</span> <span class='ocrx_word' id='word_1_506' title='bbox 2360 2706 2417 2759; x_wconf 80' lang='grc' dir='ltr'><strong>οῦ</strong></span> <span class='ocrx_word' id='word_1_507' title='bbox 2448 2704 2669 2777; x_wconf 83' lang='grc' dir='ltr'>γενητὸς</span> <span class='ocrx_word' id='word_1_508' title='bbox 2696 2704 2803 2775; x_wconf 79' lang='grc' dir='ltr'>ἄρα</span> <span class='ocrx_word' id='word_1_509' title='bbox 2832 2706 2860 2756; x_wconf 89' lang='lat'><strong>6</strong></span> <span class='ocrx_word' id='word_1_510' title='bbox 2886 2703 3033 2767; x_wconf 79' lang='grc' dir='ltr'>Υἱός.</span> 
     </span>
    </p>
   </div>
   <div class='ocr_carea' id='block_1_77' title="bbox 2845 2817 3052 2871">
    <p class='ocr_par' dir='ltr' id='par_1_77' title="bbox 2845 2817 3052 2871">
     <span class='ocr_line' id='line_1_77' title="bbox 2845 2817 3052 2871; baseline -0.01 0"><span class='ocrx_word' id='word_1_511' title='bbox 2845 2817 3052 2871; x_wconf 84' lang='grc' dir='ltr'><strong>ΑΛΛΟ.</strong></span> 
     </span>
    </p>
   </div>
   <div class='ocr_carea' id='block_1_78' title="bbox 2229 2925 3734 3004">
    <p class='ocr_par' dir='ltr' id='par_1_78' title="bbox 2229 2925 3734 3004">
     <span class='ocr_line' id='line_1_78' title="bbox 2229 2925 3734 3004; baseline -0.011 -13"><span class='ocrx_word' id='word_1_512' title='bbox 2229 2940 2294 2991; x_wconf 78' lang='lat' dir='ltr'><strong>Ei</strong></span> <span class='ocrx_word' id='word_1_513' title='bbox 2325 2937 2434 2990; x_wconf 78' lang='grc' dir='ltr'>πᾶν</span> <span class='ocrx_word' id='word_1_514' title='bbox 2457 2935 2517 2988; x_wconf 86' lang='grc' dir='ltr'><strong>τὸ</strong></span> <span class='ocrx_word' id='word_1_515' title='bbox 2539 2933 2831 3004; x_wconf 86' lang='grc' dir='ltr'>γενόμενον</span> <span class='ocrx_word' id='word_1_516' title='bbox 2854 2931 3041 2986; x_wconf 88' lang='grc' dir='ltr'>δοῦλόν</span> <span class='ocrx_word' id='word_1_517' title='bbox 3070 2931 3185 2983; x_wconf 77' lang='grc' dir='ltr'>ἐστι</span> <span class='ocrx_word' id='word_1_518' title='bbox 3220 2926 3315 2982; x_wconf 88' lang='grc' dir='ltr'><strong>τοῦ</strong></span> <span class='ocrx_word' id='word_1_519' title='bbox 3347 2925 3734 2996; x_wconf 78' lang='grc' dir='ltr'>πεποιηκότος,</span> 
     </span>
    </p>
   </div>
   <div class='ocr_carea' id='block_1_79' title="bbox 2163 3018 3734 3099">
    <p class='ocr_par' dir='ltr' id='par_1_79' title="bbox 2163 3018 3734 3099">
     <span class='ocr_line' id='line_1_79' title="bbox 2163 3018 3734 3099; baseline -0.012 -15"><span class='ocrx_word' id='word_1_520' title='bbox 2163 3029 2439 3091; x_wconf 81' lang='grc' dir='ltr'><strong>ἀδυνάτως</strong></span> <span class='ocrx_word' id='word_1_521' title='bbox 2466 3028 2572 3099; x_wconf 76' lang='grc' dir='ltr'>ἄρα</span> <span class='ocrx_word' id='word_1_522' title='bbox 2615 3025 2727 3096; x_wconf 78' lang='grc' dir='ltr'>ἔχει</span> <span class='ocrx_word' id='word_1_523' title='bbox 2764 3025 2935 3093; x_wconf 83' lang='grc' dir='ltr'>ἑτέρῳ</span> <span class='ocrx_word' id='word_1_524' title='bbox 2986 3022 3085 3093; x_wconf 83' lang='grc' dir='ltr'><strong>τὴν</strong></span> <span class='ocrx_word' id='word_1_525' title='bbox 3139 3019 3451 3091; x_wconf 71' lang='grc' dir='ltr'>ἐλευθερίαν</span> <span class='ocrx_word' id='word_1_526' title='bbox 3491 3018 3734 3088; x_wconf 79' lang='grc' dir='ltr'>ὀρέγειν,</span> 
     </span>
    </p>
   </div>
   <div class='ocr_carea' id='block_1_80' title="bbox 2162 3107 3734 3189">
    <p class='ocr_par' dir='ltr' id='par_1_80' title="bbox 2162 3107 3734 3189">
     <span class='ocr_line' id='line_1_80' title="bbox 2162 3107 3734 3189; baseline -0.008 -17"><span class='ocrx_word' id='word_1_527' title='bbox 2162 3114 2228 3189; x_wconf 81' lang='grc' dir='ltr'>ἧς</span> <span class='ocrx_word' id='word_1_528' title='bbox 2256 3119 2390 3172; x_wconf 78' lang='grc' dir='ltr'>αὐτὸ</span> <span class='ocrx_word' id='word_1_529' title='bbox 2427 3118 2526 3170; x_wconf 79' lang='grc' dir='ltr'><strong>οὐκ</strong></span> <span class='ocrx_word' id='word_1_530' title='bbox 2555 3116 2763 3185; x_wconf 77' lang='grc' dir='ltr'>ἔτυχεν.</span> <span class='ocrx_word' id='word_1_531' title='bbox 2823 3117 2885 3167; x_wconf 85' lang='grc' dir='ltr'><strong>Εἰ</strong></span> <span class='ocrx_word' id='word_1_532' title='bbox 2908 3114 2965 3167; x_wconf 81' lang='grc' dir='ltr'>δὲ</span> <span class='ocrx_word' id='word_1_533' title='bbox 3018 3112 3249 3183; x_wconf 84' lang='grc' dir='ltr'>παρέχει</span> <span class='ocrx_word' id='word_1_534' title='bbox 3277 3114 3305 3165; x_wconf 91' lang='lat'><strong>6</strong></span> <span class='ocrx_word' id='word_1_535' title='bbox 3337 3111 3485 3175; x_wconf 81' lang='grc' dir='ltr'>Υἱὸς,</span> <span class='ocrx_word' id='word_1_536' title='bbox 3508 3111 3607 3179; x_wconf 82' lang='grc' dir='ltr'><strong>οὐχ</strong></span> <span class='ocrx_word' id='word_1_537' title='bbox 3661 3107 3734 3171; x_wconf 84' lang='grc' dir='ltr'>ὡς</span> 
     </span>
    </p>
   </div>
   <div class='ocr_carea' id='block_1_81' title="bbox 2161 3204 3466 3280">
    <p class='ocr_par' dir='ltr' id='par_1_81' title="bbox 2161 3204 3466 3280">
     <span class='ocr_line' id='line_1_81' title="bbox 2161 3204 3466 3280; baseline -0.005 -17"><span class='ocrx_word' id='word_1_538' title='bbox 2161 3210 2344 3274; x_wconf 87' lang='grc' dir='ltr'>δοῦλος</span> <span class='ocrx_word' id='word_1_539' title='bbox 2370 3208 2631 3280; x_wconf 84' lang='grc' dir='ltr'>δηλονότι,</span> <span class='ocrx_word' id='word_1_540' title='bbox 2654 3208 2857 3279; x_wconf 86' lang='grc' dir='ltr'>Κύριος</span> <span class='ocrx_word' id='word_1_541' title='bbox 2878 3205 2936 3259; x_wconf 84' lang='grc' dir='ltr'>δὲ</span> <span class='ocrx_word' id='word_1_542' title='bbox 2960 3205 3160 3277; x_wconf 81' lang='grc' dir='ltr'>μᾶλλον</span> <span class='ocrx_word' id='word_1_543' title='bbox 3191 3205 3285 3259; x_wconf 73' lang='grc' dir='ltr'>καὶ</span> <span class='ocrx_word' id='word_1_544' title='bbox 3315 3204 3466 3267; x_wconf 89' lang='grc' dir='ltr'>Θεός.</span> 
     </span>
    </p>
   </div>
   <div class='ocr_carea' id='block_1_82' title="bbox 2861 3401 3067 3456">
    <p class='ocr_par' dir='ltr' id='par_1_82' title="bbox 2861 3401 3067 3456">
     <span class='ocr_line' id='line_1_82' title="bbox 2861 3401 3067 3456; baseline 0.005 -1"><span class='ocrx_word' id='word_1_545' title='bbox 2861 3401 3067 3456; x_wconf 81' lang='lat' dir='ltr'><strong>AAAO.</strong></span> 
     </span>
    </p>
   </div>
   <div class='ocr_carea' id='block_1_83' title="bbox 2232 3508 3735 3591">
    <p class='ocr_par' dir='ltr' id='par_1_83' title="bbox 2232 3508 3735 3591">
     <span class='ocr_line' id='line_1_83' title="bbox 2232 3508 3735 3591; baseline -0.003 -18"><span class='ocrx_word' id='word_1_546' title='bbox 2232 3520 2294 3574; x_wconf 82' lang='lat' dir='ltr'><strong>Ei</strong></span> <span class='ocrx_word' id='word_1_547' title='bbox 2318 3519 2530 3591; x_wconf 82' lang='grc' dir='ltr'>πᾶσαή</span> <span class='ocrx_word' id='word_1_548' title='bbox 2565 3517 2742 3581; x_wconf 84' lang='grc' dir='ltr'>κτίσις</span> <span class='ocrx_word' id='word_1_549' title='bbox 2796 3516 2901 3570; x_wconf 84' lang='grc' dir='ltr'><strong>ὑπὸ</strong></span> <span class='ocrx_word' id='word_1_550' title='bbox 2955 3516 3116 3585; x_wconf 83' lang='grc' dir='ltr'>φύσιν</span> <span class='ocrx_word' id='word_1_551' title='bbox 3142 3508 3278 3568; x_wconf 84' lang='grc' dir='ltr'>οῦσα</span> <span class='ocrx_word' id='word_1_552' title='bbox 3315 3518 3380 3586; x_wconf 74' lang='grc' dir='ltr'>τῇ</span> <span class='ocrx_word' id='word_1_553' title='bbox 3417 3514 3575 3583; x_wconf 76' lang='grc' dir='ltr'>φύσει</span> <span class='ocrx_word' id='word_1_554' title='bbox 3614 3515 3735 3568; x_wconf 85' lang='grc' dir='ltr'>δου-</span> 
     </span>
    </p>
   </div>
   <div class='ocr_carea' id='block_1_84' title="bbox 2159 3606 3736 3682">
    <p class='ocr_par' dir='ltr' id='par_1_84' title="bbox 2159 3606 3736 3682">
     <span class='ocr_line' id='line_1_84' title="bbox 2159 3606 3736 3682; baseline -0.004 -16"><span class='ocrx_word' id='word_1_555' title='bbox 2159 3612 2305 3666; x_wconf 77' lang='grc' dir='ltr'>λεύει</span> <span class='ocrx_word' id='word_1_556' title='bbox 2344 3610 2432 3680; x_wconf 85' lang='grc' dir='ltr'>ὑφ’</span> <span class='ocrx_word' id='word_1_557' title='bbox 2467 3610 2534 3682; x_wconf 79' lang='grc' dir='ltr'>ἣν</span> <span class='ocrx_word' id='word_1_558' title='bbox 2558 3610 2651 3663; x_wconf 70' lang='grc' dir='ltr'><strong>καὶ</strong></span> <span class='ocrx_word' id='word_1_559' title='bbox 2679 3609 2992 3678; x_wconf 85' lang='grc' dir='ltr'>πεποίηται,</span> <span class='ocrx_word' id='word_1_560' title='bbox 3052 3606 3337 3678; x_wconf 78' lang='grc' dir='ltr'>ἐλεύθερον</span> <span class='ocrx_word' id='word_1_561' title='bbox 3374 3607 3429 3660; x_wconf 83' lang='grc' dir='ltr'><strong>δὲ</strong></span> <span class='ocrx_word' id='word_1_562' title='bbox 3461 3608 3639 3677; x_wconf 78' lang='grc' dir='ltr'>πάντη</span> <span class='ocrx_word' id='word_1_563' title='bbox 3676 3608 3736 3660; x_wconf 83' lang='grc' dir='ltr'><strong>τὸ</strong></span> 
     </span>
    </p>
   </div>
   <div class='ocr_carea' id='block_1_85' title="bbox 2161 3694 3735 3769">
    <p class='ocr_par' dir='ltr' id='par_1_85' title="bbox 2161 3694 3735 3769">
     <span class='ocr_line' id='line_1_85' title="bbox 2161 3694 3735 3769; baseline -0.005 -15"><span class='ocrx_word' id='word_1_564' title='bbox 2161 3702 2300 3755; x_wconf 88' lang='grc' dir='ltr'>θεῖον</span> <span class='ocrx_word' id='word_1_565' title='bbox 2332 3701 2425 3753; x_wconf 74' lang='grc' dir='ltr'><strong>καὶ</strong></span> <span class='ocrx_word' id='word_1_566' title='bbox 2457 3700 2701 3769; x_wconf 83' lang='grc' dir='ltr'>κρεῖττον</span> <span class='ocrx_word' id='word_1_567' title='bbox 2729 3695 2974 3764; x_wconf 76' lang='grc' dir='ltr'>ἀνάγκης</span> <span class='ocrx_word' id='word_1_568' title='bbox 3028 3696 3284 3764; x_wconf 81' lang='grc' dir='ltr'>φυσικῆς,</span> <span class='ocrx_word' id='word_1_569' title='bbox 3345 3694 3500 3764; x_wconf 87' lang='grc' dir='ltr'>δῆλον</span> <span class='ocrx_word' id='word_1_570' title='bbox 3552 3694 3626 3759; x_wconf 83' lang='grc' dir='ltr'>ὡς</span> <span class='ocrx_word' id='word_1_571' title='bbox 3674 3695 3735 3747; x_wconf 81' lang='grc' dir='ltr'><strong>οὐ</strong></span> 
     </span>
    </p>
   </div>
   <div class='ocr_carea' id='block_1_86' title="bbox 2160 3782 3735 3854">
    <p class='ocr_par' dir='ltr' id='par_1_86' title="bbox 2160 3782 3735 3854">
     <span class='ocr_line' id='line_1_86' title="bbox 2160 3782 3735 3854; baseline -0.004 -12"><span class='ocrx_word' id='word_1_572' title='bbox 2160 3790 2476 3842; x_wconf 83' lang='grc' dir='ltr'>δεδούλωται</span> <span class='ocrx_word' id='word_1_573' title='bbox 2511 3785 2667 3854; x_wconf 82' lang='grc' dir='ltr'>φύσει</span> <span class='ocrx_word' id='word_1_574' title='bbox 2705 3783 2857 3845; x_wconf 78' lang='grc' dir='ltr'>Θεός.</span> <span class='ocrx_word' id='word_1_575' title='bbox 2902 3784 3053 3836; x_wconf 74' lang='grc' dir='ltr'>Ἐπεὶ</span> <span class='ocrx_word' id='word_1_576' title='bbox 3105 3784 3161 3836; x_wconf 86' lang='grc' dir='ltr'><strong>δὲ</strong></span> <span class='ocrx_word' id='word_1_577' title='bbox 3213 3783 3344 3847; x_wconf 87' lang='grc' dir='ltr'>Θεὸς</span> <span class='ocrx_word' id='word_1_578' title='bbox 3385 3784 3414 3836; x_wconf 91' lang='lat'><strong>6</strong></span> <span class='ocrx_word' id='word_1_579' title='bbox 3456 3782 3603 3851; x_wconf 76' lang='grc' dir='ltr'>Υἱὸς,</span> <span class='ocrx_word' id='word_1_580' title='bbox 3638 3785 3735 3837; x_wconf 85' lang='grc' dir='ltr'><strong>οὐκ</strong></span> 
     </span>
    </p>
   </div>
   <div class='ocr_carea' id='block_1_87' title="bbox 2162 3874 3735 3946">
    <p class='ocr_par' dir='ltr' id='par_1_87' title="bbox 2162 3874 3735 3946">
     <span class='ocr_line' id='line_1_87' title="bbox 2162 3874 3735 3946; baseline -0.003 -16"><span class='ocrx_word' id='word_1_581' title='bbox 2162 3879 2316 3930; x_wconf 78' lang='grc' dir='ltr'>ἔσται</span> <span class='ocrx_word' id='word_1_582' title='bbox 2341 3876 2447 3946; x_wconf 79' lang='grc' dir='ltr'>ἄρα</span> <span class='ocrx_word' id='word_1_583' title='bbox 2467 3874 2572 3926; x_wconf 85' lang='grc' dir='ltr'><strong>ὑπὸ</strong></span> <span class='ocrx_word' id='word_1_584' title='bbox 2600 3874 2785 3943; x_wconf 80' lang='grc' dir='ltr'>φύσιν,</span> <span class='ocrx_word' id='word_1_585' title='bbox 2816 3874 2953 3945; x_wconf 87' lang='grc' dir='ltr'>ὅπερ</span> <span class='ocrx_word' id='word_1_586' title='bbox 2980 3874 3091 3927; x_wconf 82' lang='grc' dir='ltr'>τῶν</span> <span class='ocrx_word' id='word_1_587' title='bbox 3133 3874 3434 3943; x_wconf 86' lang='grc' dir='ltr'>γεγονότων</span> <span class='ocrx_word' id='word_1_588' title='bbox 3468 3874 3616 3927; x_wconf 77' lang='grc' dir='ltr'>ἐστὶν</span> <span class='ocrx_word' id='word_1_589' title='bbox 3660 3876 3735 3927; x_wconf 78' lang='lat' dir='ltr'><strong>oi-</strong></span> 
     </span>
    </p>
   </div>
   <div class='ocr_carea' id='block_1_88' title="bbox 2148 3965 3732 4037">
    <p class='ocr_par' dir='ltr' id='par_1_88' title="bbox 2148 3965 3732 4037">
     <span class='ocr_line' id='line_1_88' title="bbox 2148 3965 3732 4037; baseline -0.002 -16"><span class='ocrx_word' id='word_1_590' title='bbox 2148 3971 2328 4022; x_wconf 65' lang='lat' dir='ltr'><strong>,xe&#39;t’ov.</strong></span> <span class='ocrx_word' id='word_1_591' title='bbox 2373 3968 2429 4019; x_wconf 89' lang='grc' dir='ltr'>Ὁ</span> <span class='ocrx_word' id='word_1_592' title='bbox 2458 3966 2515 4019; x_wconf 83' lang='grc' dir='ltr'>δὲ</span> <span class='ocrx_word' id='word_1_593' title='bbox 2536 3968 2633 4037; x_wconf 86' lang='grc' dir='ltr'><strong>τῆς</strong></span> <span class='ocrx_word' id='word_1_594' title='bbox 2654 3965 2789 4037; x_wconf 88' lang='grc' dir='ltr'>πρὸς</span> <span class='ocrx_word' id='word_1_595' title='bbox 2812 3966 2910 4036; x_wconf 81' lang='grc' dir='ltr'>τὴν</span> <span class='ocrx_word' id='word_1_596' title='bbox 2946 3966 3121 4019; x_wconf 84' lang='grc' dir='ltr'>κτίσιν</span> <span class='ocrx_word' id='word_1_597' title='bbox 3151 3966 3468 4037; x_wconf 86' lang='grc' dir='ltr'>ὁμογενείας</span> <span class='ocrx_word' id='word_1_598' title='bbox 3493 3966 3732 4036; x_wconf 81' lang='grc' dir='ltr'>φυσικῶς</span> 
     </span>
    </p>
   </div>
   <div class='ocr_carea' id='block_1_89' title="bbox 2159 4053 3732 4128">
    <p class='ocr_par' dir='ltr' id='par_1_89' title="bbox 2159 4053 3732 4128">
     <span class='ocr_line' id='line_1_89' title="bbox 2159 4053 3732 4128; baseline 0 -19"><span class='ocrx_word' id='word_1_599' title='bbox 2159 4056 2565 4125; x_wconf 82' lang='grc' dir='ltr'>ἀπῳκισμένος,</span> <span class='ocrx_word' id='word_1_600' title='bbox 2611 4053 2729 4117; x_wconf 88' lang='grc' dir='ltr'><strong>πῶς</strong></span> <span class='ocrx_word' id='word_1_601' title='bbox 2761 4055 2862 4108; x_wconf 84' lang='grc' dir='ltr'><strong>οὐκ</strong></span> <span class='ocrx_word' id='word_1_602' title='bbox 2909 4053 2977 4108; x_wconf 85' lang='grc' dir='ltr'><strong>ἂν</strong></span> <span class='ocrx_word' id='word_1_603' title='bbox 3040 4055 3127 4127; x_wconf 74' lang='grc' dir='ltr'><strong>εἴη</strong></span> <span class='ocrx_word' id='word_1_604' title='bbox 3164 4056 3293 4128; x_wconf 85' lang='grc' dir='ltr'>παρ’</span> <span class='ocrx_word' id='word_1_605' title='bbox 3323 4055 3492 4128; x_wconf 74' lang='grc' dir='ltr'>αὐτὴν</span> <span class='ocrx_word' id='word_1_606' title='bbox 3545 4057 3732 4126; x_wconf 80' lang='grc' dir='ltr'>ἑτερο·</span> 
     </span>
    </p>
   </div>
   <div class='ocr_carea' id='block_1_90' title="bbox 2160 4144 2715 4217">
    <p class='ocr_par' dir='ltr' id='par_1_90' title="bbox 2160 4144 2715 4217">
     <span class='ocr_line' id='line_1_90' title="bbox 2160 4144 2715 4217; baseline -0.004 -17"><span class='ocrx_word' id='word_1_607' title='bbox 2160 4148 2301 4217; x_wconf 85' lang='grc' dir='ltr'>φυής</span> <span class='ocrx_word' id='word_1_608' title='bbox 2321 4162 2382 4199; x_wconf 88' lang='grc' dir='ltr'><strong>τε</strong></span> <span class='ocrx_word' id='word_1_609' title='bbox 2408 4146 2500 4200; x_wconf 70' lang='grc' dir='ltr'>καὶ</span> <span class='ocrx_word' id='word_1_610' title='bbox 2530 4144 2676 4212; x_wconf 83' lang='grc' dir='ltr'>ξένος</span> <span class='ocrx_word' id='word_1_611' title='bbox 2700 4163 2715 4213; x_wconf 88' lang='grc'>;</span> 
     </span>
    </p>
   </div>
   <div class='ocr_carea' id='block_1_91' title="bbox 2845 4284 3052 4339">
    <p class='ocr_par' dir='ltr' id='par_1_91' title="bbox 2845 4284 3052 4339">
     <span class='ocr_line' id='line_1_91' title="bbox 2845 4284 3052 4339; baseline 0.005 -2"><span class='ocrx_word' id='word_1_612' title='bbox 2845 4284 3052 4339; x_wconf 78' lang='lat' dir='ltr'><strong>AAAO.</strong></span> 
     </span>
    </p>
   </div>
   <div class='ocr_carea' id='block_1_92' title="bbox 2229 4393 3734 4467">
    <p class='ocr_par' dir='ltr' id='par_1_92' title="bbox 2229 4393 3734 4467">
     <span class='ocr_line' id='line_1_92' title="bbox 2229 4393 3734 4467; baseline 0.003 -22"><span class='ocrx_word' id='word_1_613' title='bbox 2229 4393 2293 4445; x_wconf 81' lang='lat' dir='ltr'><strong>Ei</strong></span> <span class='ocrx_word' id='word_1_614' title='bbox 2318 4393 2484 4464; x_wconf 82' lang='grc' dir='ltr'>μηδὲν</span> <span class='ocrx_word' id='word_1_615' title='bbox 2511 4394 2621 4449; x_wconf 83' lang='grc' dir='ltr'><strong>τῶν</strong></span> <span class='ocrx_word' id='word_1_616' title='bbox 2653 4396 2710 4449; x_wconf 81' lang='grc' dir='ltr'>ὲν</span> <span class='ocrx_word' id='word_1_617' title='bbox 2748 4397 2814 4467; x_wconf 84' lang='grc' dir='ltr'>τῇ</span> <span class='ocrx_word' id='word_1_618' title='bbox 2848 4396 3022 4449; x_wconf 86' lang='grc' dir='ltr'>κτίσει</span> <span class='ocrx_word' id='word_1_619' title='bbox 3063 4394 3309 4464; x_wconf 82' lang='grc' dir='ltr'>φυσικῶς</span> <span class='ocrx_word' id='word_1_620' title='bbox 3346 4394 3734 4466; x_wconf 82' lang='grc' dir='ltr'>ἀπηκρίϐωται</span> 
     </span>
    </p>
   </div>
   <div class='ocr_carea' id='block_1_93' title="bbox 2161 4486 3734 4560">
    <p class='ocr_par' dir='ltr' id='par_1_93' title="bbox 2161 4486 3734 4560">
     <span class='ocr_line' id='line_1_93' title="bbox 2161 4486 3734 4560; baseline 0.001 -22"><span class='ocrx_word' id='word_1_621' title='bbox 2161 4486 2297 4558; x_wconf 85' lang='grc' dir='ltr'>πρὸς</span> <span class='ocrx_word' id='word_1_622' title='bbox 2332 4487 2427 4558; x_wconf 83' lang='grc' dir='ltr'><strong>τὴν</strong></span> <span class='ocrx_word' id='word_1_623' title='bbox 2452 4488 2542 4541; x_wconf 89' lang='grc' dir='ltr'><strong>τοῦ</strong></span> <span class='ocrx_word' id='word_1_624' title='bbox 2568 4489 2704 4542; x_wconf 88' lang='grc' dir='ltr'>Θεοῦ</span> <span class='ocrx_word' id='word_1_625' title='bbox 2738 4489 2831 4542; x_wconf 78' lang='grc' dir='ltr'>καὶ</span> <span class='ocrx_word' id='word_1_626' title='bbox 2853 4489 3068 4560; x_wconf 89' lang='grc' dir='ltr'>Πατρὸς</span> <span class='ocrx_word' id='word_1_627' title='bbox 3104 4488 3421 4559; x_wconf 81' lang='grc' dir='ltr'>ὁμοιότητα,</span> <span class='ocrx_word' id='word_1_628' title='bbox 3467 4489 3652 4559; x_wconf 81' lang='grc' dir='ltr'>ὅμοιος</span> <span class='ocrx_word' id='word_1_629' title='bbox 3676 4489 3734 4540; x_wconf 84' lang='grc' dir='ltr'>δὲ</span> 
     </span>
    </p>
   </div>
   <div class='ocr_carea' id='block_1_94' title="bbox 2159 4578 3733 4651">
    <p class='ocr_par' dir='ltr' id='par_1_94' title="bbox 2159 4578 3733 4651">
     <span class='ocr_line' id='line_1_94' title="bbox 2159 4578 3733 4651; baseline 0.001 -19"><span class='ocrx_word' id='word_1_630' title='bbox 2159 4581 2187 4632; x_wconf 92' lang='lat'><strong>6</strong></span> <span class='ocrx_word' id='word_1_631' title='bbox 2220 4579 2369 4644; x_wconf 79' lang='grc' dir='ltr'>Υἱὸς,</span> <span class='ocrx_word' id='word_1_632' title='bbox 2398 4579 2474 4643; x_wconf 85' lang='grc' dir='ltr'>ὡς</span> <span class='ocrx_word' id='word_1_633' title='bbox 2501 4580 2592 4632; x_wconf 88' lang='grc' dir='ltr'><strong>τὸν</strong></span> <span class='ocrx_word' id='word_1_634' title='bbox 2624 4581 2834 4651; x_wconf 78' lang='grc' dir='ltr'>ὁρῶντα</span> <span class='ocrx_word' id='word_1_635' title='bbox 2863 4579 3045 4647; x_wconf 80' lang='grc' dir='ltr'>αὐτὸν,</span> <span class='ocrx_word' id='word_1_636' title='bbox 3075 4578 3165 4632; x_wconf 90' lang='grc' dir='ltr'><strong>τὸν</strong></span> <span class='ocrx_word' id='word_1_637' title='bbox 3205 4580 3422 4649; x_wconf 82' lang='grc' dir='ltr'>Πατέρα</span> <span class='ocrx_word' id='word_1_638' title='bbox 3450 4581 3603 4650; x_wconf 80' lang='grc' dir='ltr'>ὁρᾷν,</span> <span class='ocrx_word' id='word_1_639' title='bbox 3632 4579 3733 4633; x_wconf 82' lang='grc' dir='ltr'><strong>οὐκ</strong></span> 
     </span>
    </p>
   </div>
   <div class='ocr_carea' id='block_1_95' title="bbox 2158 4669 3733 4743">
    <p class='ocr_par' dir='ltr' id='par_1_95' title="bbox 2158 4669 3733 4743">
     <span class='ocr_line' id='line_1_95' title="bbox 2158 4669 3733 4743; baseline 0 -20"><span class='ocrx_word' id='word_1_640' title='bbox 2158 4670 2266 4742; x_wconf 75' lang='grc' dir='ltr'>ἄρα</span> <span class='ocrx_word' id='word_1_641' title='bbox 2296 4670 2504 4741; x_wconf 86' lang='grc' dir='ltr'>κτίσμα</span> <span class='ocrx_word' id='word_1_642' title='bbox 2544 4672 2574 4724; x_wconf 89' lang='lat'><strong>6</strong></span> <span class='ocrx_word' id='word_1_643' title='bbox 2626 4672 2722 4743; x_wconf 84' lang='grc' dir='ltr'><strong>τὴν</strong></span> <span class='ocrx_word' id='word_1_644' title='bbox 2768 4671 2977 4725; x_wconf 75' lang='grc' dir='ltr'>ἐκείνου</span> <span class='ocrx_word' id='word_1_645' title='bbox 3038 4670 3517 4742; x_wconf 78' lang='grc' dir='ltr'>ἀπηκριϐωμένως</span> <span class='ocrx_word' id='word_1_646' title='bbox 3549 4669 3733 4743; x_wconf 86' lang='grc' dir='ltr'>φέρων</span> 
     </span>
    </p>
   </div>
   <div class='ocr_carea' id='block_1_96' title="bbox 2155 4762 2465 4832">
    <p class='ocr_par' dir='ltr' id='par_1_96' title="bbox 2155 4762 2465 4832">
     <span class='ocr_line' id='line_1_96' title="bbox 2155 4762 2465 4832; baseline 0.01 -19"><span class='ocrx_word' id='word_1_647' title='bbox 2155 4762 2465 4832; x_wconf 84' lang='grc' dir='ltr'>ὁμοιότητα.</span> 
     </span>
    </p>
   </div>
   <div class='ocr_carea' id='block_1_97' title="bbox 2844 4872 3048 4928">
    <p class='ocr_par' dir='ltr' id='par_1_97' title="bbox 2844 4872 3048 4928">
     <span class='ocr_line' id='line_1_97' title="bbox 2844 4872 3048 4928; baseline 0.015 -3"><span class='ocrx_word' id='word_1_648' title='bbox 2844 4872 3048 4928; x_wconf 82' lang='lat' dir='ltr'><strong>AAAO.</strong></span> 
     </span>
    </p>
   </div>
   <div class='ocr_carea' id='block_1_98' title="bbox 2228 4982 3733 5054">
    <p class='ocr_par' dir='ltr' id='par_1_98' title="bbox 2228 4982 3733 5054">
     <span class='ocr_line' id='line_1_98' title="bbox 2228 4982 3733 5054; baseline 0.004 -19"><span class='ocrx_word' id='word_1_649' title='bbox 2228 4983 2291 5035; x_wconf 83' lang='lat' dir='ltr'><strong>EI</strong></span> <span class='ocrx_word' id='word_1_650' title='bbox 2322 4983 2497 5038; x_wconf 68' lang='grc' dir='ltr'>πάντα</span> <span class='ocrx_word' id='word_1_651' title='bbox 2523 4982 2590 5038; x_wconf 81' lang='grc' dir='ltr'>τὰ</span> <span class='ocrx_word' id='word_1_652' title='bbox 2610 4982 2885 5054; x_wconf 87' lang='grc' dir='ltr'>κτίσματα</span> <span class='ocrx_word' id='word_1_653' title='bbox 2909 4982 3070 5037; x_wconf 86' lang='grc' dir='ltr'>δοῦλα</span> <span class='ocrx_word' id='word_1_654' title='bbox 3089 4982 3184 5038; x_wconf 90' lang='grc' dir='ltr'><strong>τοῦ</strong></span> <span class='ocrx_word' id='word_1_655' title='bbox 3213 4985 3373 5050; x_wconf 85' lang='grc' dir='ltr'>Θεοῦ,</span> <span class='ocrx_word' id='word_1_656' title='bbox 3408 4984 3601 5040; x_wconf 80' lang='grc' dir='ltr'>ἀλλὀὐ</span> <span class='ocrx_word' id='word_1_657' title='bbox 3630 4986 3733 5040; x_wconf 88' lang='grc' dir='ltr'><strong>κύ-</strong></span> 
     </span>
    </p>
   </div>
   <div class='ocr_carea' id='block_1_99' title="bbox 2160 5075 3732 5151">
    <p class='ocr_par' dir='ltr' id='par_1_99' title="bbox 2160 5075 3732 5151">
     <span class='ocr_line' id='line_1_99' title="bbox 2160 5075 3732 5151; baseline 0.005 -24"><span class='ocrx_word' id='word_1_658' title='bbox 2160 5091 2249 5145; x_wconf 82' lang='grc' dir='ltr'><strong>ρια</strong></span> <span class='ocrx_word' id='word_1_659' title='bbox 2277 5076 2376 5145; x_wconf 85' lang='grc' dir='ltr'>τῆς</span> <span class='ocrx_word' id='word_1_660' title='bbox 2399 5075 2575 5146; x_wconf 81' lang='grc' dir='ltr'>δόξης,</span> <span class='ocrx_word' id='word_1_661' title='bbox 2607 5076 2788 5131; x_wconf 81' lang='grc' dir='ltr'>οὐκέτι</span> <span class='ocrx_word' id='word_1_662' title='bbox 2815 5075 2874 5129; x_wconf 85' lang='grc' dir='ltr'>δὲ</span> <span class='ocrx_word' id='word_1_663' title='bbox 2898 5078 2925 5129; x_wconf 92' lang='lat'><strong>6</strong></span> <span class='ocrx_word' id='word_1_664' title='bbox 2957 5076 3103 5139; x_wconf 87' lang='grc' dir='ltr'>Υίός·</span> <span class='ocrx_word' id='word_1_665' title='bbox 3142 5082 3241 5151; x_wconf 81' lang='grc' dir='ltr'><strong>τῆς</strong></span> <span class='ocrx_word' id='word_1_666' title='bbox 3276 5081 3384 5151; x_wconf 87' lang='grc' dir='ltr'><strong>γάρ</strong></span> <span class='ocrx_word' id='word_1_667' title='bbox 3415 5079 3575 5151; x_wconf 77' lang='grc' dir='ltr'>δόξης</span> <span class='ocrx_word' id='word_1_668' title='bbox 3616 5080 3732 5135; x_wconf 78' lang='grc' dir='ltr'><strong>Κύ-</strong></span> 
     </span>
    </p>
   </div>
   <div class='ocr_carea' id='block_1_100' title="bbox 2155 5164 3100 5237">
    <p class='ocr_par' dir='ltr' id='par_1_100' title="bbox 2155 5164 3100 5237">
     <span class='ocr_line' id='line_1_100' title="bbox 2155 5164 3100 5237; baseline 0.005 -22"><span class='ocrx_word' id='word_1_669' title='bbox 2155 5179 2287 5234; x_wconf 74' lang='grc' dir='ltr'>ριος’</span> <span class='ocrx_word' id='word_1_670' title='bbox 2323 5164 2424 5218; x_wconf 81' lang='grc' dir='ltr'><strong>οὐκ</strong></span> <span class='ocrx_word' id='word_1_671' title='bbox 2453 5164 2563 5237; x_wconf 78' lang='grc' dir='ltr'>ἄρα</span> <span class='ocrx_word' id='word_1_672' title='bbox 2592 5165 2793 5236; x_wconf 85' lang='grc' dir='ltr'>κτίσμα</span> <span class='ocrx_word' id='word_1_673' title='bbox 2822 5164 3100 5236; x_wconf 83' lang='grc' dir='ltr'>τυγχάνει.</span> 
     </span>
    </p>
   </div>
   <div class='ocr_carea' id='block_1_101' title="bbox 2831 5276 3037 5331">
    <p class='ocr_par' dir='ltr' id='par_1_101' title="bbox 2831 5276 3037 5331">
     <span class='ocr_line' id='line_1_101' title="bbox 2831 5276 3037 5331; baseline 0.01 -2"><span class='ocrx_word' id='word_1_674' title='bbox 2831 5276 3037 5331; x_wconf 85' lang='lat' dir='ltr'><strong>AAAO.</strong></span> 
     </span>
    </p>
   </div>
   <div class='ocr_carea' id='block_1_102' title="bbox 2224 5384 3729 5464">
    <p class='ocr_par' dir='ltr' id='par_1_102' title="bbox 2224 5384 3729 5464">
     <span class='ocr_line' id='line_1_102' title="bbox 2224 5384 3729 5464; baseline 0.005 -26"><span class='ocrx_word' id='word_1_675' title='bbox 2224 5387 2287 5439; x_wconf 79' lang='lat' dir='ltr'><strong>Et</strong></span> <span class='ocrx_word' id='word_1_676' title='bbox 2320 5388 2427 5439; x_wconf 82' lang='grc' dir='ltr'><strong>πᾶν</strong></span> <span class='ocrx_word' id='word_1_677' title='bbox 2454 5386 2514 5439; x_wconf 87' lang='grc' dir='ltr'><strong>τὸ</strong></span> <span class='ocrx_word' id='word_1_678' title='bbox 2534 5387 2598 5439; x_wconf 78' lang='grc' dir='ltr'>ὲκ</span> <span class='ocrx_word' id='word_1_679' title='bbox 2617 5386 2710 5441; x_wconf 86' lang='grc' dir='ltr'><strong>τοῦ</strong></span> <span class='ocrx_word' id='word_1_680' title='bbox 2735 5388 2810 5459; x_wconf 83' lang='grc' dir='ltr'><strong>μὴ</strong></span> <span class='ocrx_word' id='word_1_681' title='bbox 2838 5388 2992 5453; x_wconf 75' lang='grc' dir='ltr'>ὄντος</span> <span class='ocrx_word' id='word_1_682' title='bbox 3015 5391 3094 5453; x_wconf 87' lang='grc' dir='ltr'><strong>είς</strong></span> <span class='ocrx_word' id='word_1_683' title='bbox 3113 5390 3174 5445; x_wconf 89' lang='grc' dir='ltr'><strong>τὸ</strong></span> <span class='ocrx_word' id='word_1_684' title='bbox 3203 5384 3341 5446; x_wconf 77' lang='grc' dir='ltr'>εἶναι</span> <span class='ocrx_word' id='word_1_685' title='bbox 3372 5392 3729 5464; x_wconf 85' lang='grc' dir='ltr'>παρενεχθὲν,</span> 
     </span>
    </p>
   </div>
   <div class='ocr_carea' id='block_1_103' title="bbox 478 5464 2055 5554">
    <p class='ocr_par' dir='ltr' id='par_1_103' title="bbox 478 5464 2044 5538">
     <span class='ocr_line' id='line_1_103' title="bbox 478 5464 2044 5538; baseline 0.011 -26"><span class='ocrx_word' id='word_1_686' title='bbox 478 5471 652 5532; x_wconf 82' lang='lat' dir='ltr'><strong>potest</strong></span> <span class='ocrx_word' id='word_1_687' title='bbox 685 5473 741 5515; x_wconf 91' lang='lat' dir='ltr'><strong>ut</strong></span> <span class='ocrx_word' id='word_1_688' title='bbox 772 5464 965 5518; x_wconf 88' lang='lat' dir='ltr'><strong>iterum</strong></span> <span class='ocrx_word' id='word_1_689' title='bbox 1000 5465 1054 5519; x_wconf 90' lang='lat' dir='ltr'><strong>in</strong></span> <span class='ocrx_word' id='word_1_690' title='bbox 1084 5466 1308 5520; x_wconf 86' lang='lat' dir='ltr'><strong>nihilum</strong></span> <span class='ocrx_word' id='word_1_691' title='bbox 1344 5465 1639 5538; x_wconf 87' lang='lat' dir='ltr'><strong>redigatur,</strong></span> <span class='ocrx_word' id='word_1_692' title='bbox 1695 5469 1805 5529; x_wconf 87' lang='lat' dir='ltr'><strong>hoc</strong></span> <span class='ocrx_word' id='word_1_693' title='bbox 1832 5487 1961 5530; x_wconf 82' lang='lat' dir='ltr'><strong>vero</strong></span> <span class='ocrx_word' id='word_1_694' title='bbox 1991 5475 2044 5530; x_wconf 92' lang='lat' dir='ltr'><strong>in</strong></span> 
     </span>
    </p>
   </div>
   <div class='ocr_carea' id='block_1_104' title="bbox 2158 5464 3729 5554">
    <p class='ocr_par' dir='ltr' id='par_1_104' title="bbox 2158 5473 3729 5554">
     <span class='ocr_line' id='line_1_104' title="bbox 2158 5473 3729 5554; baseline 0.003 -23"><span class='ocrx_word' id='word_1_695' title='bbox 2158 5473 2305 5541; x_wconf 68' lang='grc' dir='ltr'>αὖθις</span> <span class='ocrx_word' id='word_1_696' title='bbox 2330 5477 2598 5548; x_wconf 72' lang='grc' dir='ltr'>ἐνδέχεται</span> <span class='ocrx_word' id='word_1_697' title='bbox 2634 5481 2728 5534; x_wconf 71' lang='grc' dir='ltr'>καὶ</span> <span class='ocrx_word' id='word_1_698' title='bbox 2755 5481 2833 5544; x_wconf 79' lang='grc' dir='ltr'>εἰς</span> <span class='ocrx_word' id='word_1_699' title='bbox 2855 5480 2916 5535; x_wconf 88' lang='grc' dir='ltr'><strong>τὸ</strong></span> <span class='ocrx_word' id='word_1_700' title='bbox 2943 5480 3017 5552; x_wconf 85' lang='grc' dir='ltr'>μὴ</span> <span class='ocrx_word' id='word_1_701' title='bbox 3065 5480 3125 5534; x_wconf 82' lang='grc' dir='ltr'>ὃν</span> <span class='ocrx_word' id='word_1_702' title='bbox 3153 5482 3421 5554; x_wconf 83' lang='grc' dir='ltr'>χωρῆσαι,</span> <span class='ocrx_word' id='word_1_703' title='bbox 3469 5485 3569 5538; x_wconf 84' lang='grc' dir='ltr'><strong>οὐκ</strong></span> <span class='ocrx_word' id='word_1_704' title='bbox 3610 5484 3729 5538; x_wconf 81' lang='grc' dir='ltr'>ἔστι</span> 
     </span>
    </p>
   </div>
   <div class='ocr_carea' id='block_1_105' title="bbox 546 5637 1472 5709">
    <p class='ocr_par' dir='ltr' id='par_1_105' title="bbox 546 5637 1472 5709">
     <span class='ocr_line' id='line_1_105' title="bbox 546 5637 1472 5709; baseline 0.009 -18"><span class='ocrx_word' id='word_1_705' title='bbox 546 5639 590 5671; x_wconf 69' lang='grc'><strong>⁸³</strong></span> <span class='ocrx_word' id='word_1_706' title='bbox 619 5637 722 5696; x_wconf 82' lang='lat' dir='ltr'><strong>lsa.</strong></span> <span class='ocrx_word' id='word_1_707' title='bbox 754 5655 881 5709; x_wconf 78' lang='lat' dir='ltr'><strong>ml,</strong></span> <span class='ocrx_word' id='word_1_708' title='bbox 917 5642 969 5695; x_wconf 90' lang='lat'><strong>8.</strong></span> <span class='ocrx_word' id='word_1_709' title='bbox 1045 5640 1092 5674; x_wconf 72' lang='grc'><strong>’⁸⁵</strong></span> <span class='ocrx_word' id='word_1_710' title='bbox 1134 5640 1299 5701; x_wconf 78' lang='lat' dir='ltr'><strong>ICor.</strong></span> <span class='ocrx_word' id='word_1_711' title='bbox 1326 5658 1390 5708; x_wconf 83' lang='lat' dir='ltr'><strong>tt,</strong></span> <span class='ocrx_word' id='word_1_712' title='bbox 1418 5643 1472 5699; x_wconf 90' lang='lat'><strong>8.</strong></span> 
     </span>
    </p>
   </div>
  </div>
