4036 6208
316 278 438 336 565

1698 302 2138 366 TIIESAURUS.

3463 332 3567 389 506

311 391 371 444 δὲ
402 391 559 446 τοῦτο
585 394 931 465 ἐνδεχόμενον
987 401 1081 453 ἐπὶ
1122 403 1217 458 τοῦ
1282 405 1434 469 Υἱοῦ,
1474 410 1636 483 εἴπερ
1688 414 1864 484 άληθιῖ

1964 444 1976 479 ι
2008 419 2201 475 Filium
2234 425 2430 480 cadere
2464 441 2570 482 non
2601 437 2796 497 potest,
2830 432 3095 503 siquidem
3127 448 3256 491 vere
3284 447 3364 493 est
3387 440 3563 500 Deus:

308 481 436 534 ἐστι
474 483 623 550 Θεὸς,
653 486 754 539 οὐκ
780 486 889 558 ἄρα
916 491 981 543 ὲκ
1019 491 1113 545 τοῦ
1144 494 1220 566 μὴ
1244 494 1396 561 ὄντος
1442 502 1473 553 6
1515 481 1662 569 Υἱὸς,
1696 481 1809 559 ἀλλ’
1830 509 1864 559 ὲτ

2561 481 2564 482 ν
2602 481 2619 497 ,
2648 481 2653 482 ,
2681 481 2796 496 ,--_,
2830 481 3095 503 --τηηη-
3138 481 3255 491 .-.ν
3285 481 3364 493 νυ.
3387 481 3561 500 υνυς.

2003 524 2107 563 non
2141 511 2305 581 igitur
2340 527 2404 569 ex
2438 516 2607 573 nihilo
2633 519 2811 577 factus
2858 522 3179 593 est).Fi|ius,
3209 527 3303 581 sed
3335 541 3403 582 ex
3436 544 3567 585 vero

305 571 409 626 τοῦ
451 573 616 638 ὅντως
637 577 853 648 Πατρὸς
874 583 1118 652 γενητός.

378 793 449 848 ΕΙ
482 798 796 868 κτισμάτων
819 801 948 858 ἴδιον
978 805 1041 858 τὸ
1068 805 1327 864 δύνασθαι
1382 811 1740 884 ἁμαρτάνειν,
1792 819 1892 873 οὐκ

299 884 383 938 ἔτι
416 886 476 939 δὲ
502 889 597 942 καὶ
621 890 716 943 τοῦ
748 891 907 959 Υίοῦ,
933 895 1033 949 οὐκ
1064 896 1172 968 ἄρα
1200 902 1408 974 κτίσμα
1435 906 1712 977 τυγχάνει.

995 1006 1202 1066 AAAO.

367 1106 437 1160 El
462 1110 633 1179 μηδὲν
689 1113 798 1167 τῶν
842 1118 1143 1185 γεγονότων
1200 1124 1481 1199 ἀνεδείχθη
1526 1132 1656 1185 ποτὲ
1712 1137 1775 1187 ὲκ
1814 1136 1888 1206 μὴ

292 1194 474 1249 ὄντων
507 1199 698 1254 ποιοῦν
723 1203 935 1271 οὐσίας,
972 1213 1117 1264 ποιεῖ
1158 1211 1216 1266 δὲ
1254 1216 1283 1269 6
1319 1194 1480 1283 Υίὸς,⁷
1496 1220 1613 1287 πῶς
1640 1223 1748 1277 τῶν

290 1288 544 1357 γονάτων
576 1291 724 1347 ἐστίν
742 1310 757 1363 ;

1008 1413 1213 1472 AAAO.

362 1511 435 1564 ΕΞ
473 1514 583 1566 πᾶν
614 1516 675 1569 τὸ
696 1520 923 1590 γενητὸν
946 1524 1130 1595 ὅμοιον
1156 1528 1233 1591 ὠς
1265 1531 1402 1599 πρὸς
1437 1534 1595 1587 ἑαυτὸ
1625 1537 1766 1591 κατὰ
1791 1539 1881 1593 τὸν

287 1601 385 1655 τοῦ
433 1607 769 1677 πεποιῆσθαι
802 1610 977 1682 λόγον,
1030 1618 1124 1671 καὶ
1179 1620 1331 1674 οὐδὲν
1374 1624 1586 1689 οὐδενὸς
1633 1628 1879 1701 διαφέρει

287 1693 436 1746 καθὸ
470 1697 692 1765 γέγονεν
719 1702 968 1759 ἕκαστον·
1002 1708 1116 1761 ἔστι
1153 1710 1209 1763 δὲ
1256 1715 1481 1784 γενητὸς
1510 1718 1605 1770 καὶ
1644 1721 1672 1773 6
1714 1693 1874 1787 Ῠίὸς,

285 1784 512 1848 οὐδενὸς
538 1788 645 1861 ἄρα
668 1791 819 1847 ἔσται
850 1796 1124 1869 διαφέρων
1218 1804 1313 1857 καὶ
1346 1805 1508 1870 αὐτὸς
1539 1808 1779 1877 γέγονεν.

282 1876 339 1931 δὲ
382 1879 616 1934 πάντων
638 1884 749 1938 τῶν
783 1889 1025 1959 γενητῶν
1054 1894 1196 1947 κατὰ
1227 1896 1402 1950 πάντα
1431 1898 1697 1972 διαφέρει,
1718 1904 1876 1973 δῆλον

282 1968 363 2020 ὅτι
390 1971 497 2023 καὶ
530 1973 670 2026 κατὰ
698 1975 788 2027 τὸν
813 1978 912 2047 τῆς
937 1982 1205 2047 γενέσεως
1230 1987 1430 2056 τρόπον
1448 2029 1461 2053 ,
1492 1968 1628 2060 ὅπερ
1663 1968 1780 2045 ἐστι
1814 1995 1876 2047 τὸ

283 2057 359 2126 μὴ
381 2060 671 2125 γενέσθαι.
698 2065 854 2119 Οὕτω
884 2067 993 2139 γὰρ
1021 2070 1210 2126 διοίσει
1231 2074 1338 2130 τῶν
1375 2057 1690 2146 γεγονότων.
1726 2085 1789 2136 Εἰ
1816 2084 1873 2137 δὲ

280 2146 470 2214 τοῦτο,
503 2151 619 2216 πῶς
655 2155 714 2207 οὐ
749 2155 918 2224 Θεός;

980 2254 1187 2310 ΑΛΛΟ.

345 2347 425 2402 El
457 2352 609 2405 πᾶσα
635 2355 667 2423 ή
694 2358 869 2422 κτίσις
894 2362 951 2415 ἐν
970 2361 1296 2437 διαστήματι
1345 2370 1462 2440 ἦτοι
1512 2376 1685 2447 χρόνῳ
1712 2378 1871 2446 γέγο-

274 2456 386 2504 νεν,
427 2442 580 2498 οὐδὲν
607 2444 664 2500 δὲ
696 2449 899 2505 τούτων
931 2458 1305 2526 προλαμϐάνει
1329 2463 1430 2533 τὴν
1444 2442 1570 2518 1⁸ἱοῦ
1591 2442 1865 2539 γέννησιν,

274 2533 373 2587 οὐκ
410 2536 521 2606 ἄρα
548 2538 771 2607 γέγονεν
791 2545 973 2609 αὑτός.
998 2548 1062 2601 Εί
1086 2549 1143 2603 δὲ
1183 2533 1626 2625 προλαμϐάνεται
1644 2533 1865 2631 διαστήξ

276 2642 417 2693 ματι
451 2631 690 2702 χρονικῷ
716 2652 774 2687 τε
815 2640 908 2690 καὶ
940 2643 1173 2713 γενητῷ,
1204 2646 1323 2711 πῶς
1372 2652 1590 2704 πάντων
1622 2654 1739 2707 ἐστὶ
1769 2656 1865 2727 δη-

276 2719 569 2816 μιουργὸς,
600 2722 928 2797 διαστήματι
974 2733 1491 2810 προλαμϐανόμενος
1530 2745 1773 2816 γενητιῖη
1799 2719 1863 2801 ἐξ

271 2805 316 2858 δ’
346 2809 625 2879 ἀγένητον
649 2815 732 2886 εἴη
762 2817 918 2872 τοῦτο
948 2822 1008 2875 τὸ
1038 2805 1344 2898 διάστημα,
1363 2805 1686 2904 συνάμνιλλον
1707 2805 1864 2910 £qu-

274 2914 355 2997 σει
406 2901 538 2965 Θεὸς
565 2903 666 2997 τῆς
694 2908 885 2964 ἑαυτοῦ
906 2912 1201 2985 ἀγενησίας
1255 2922 1318 2975 τὸ
1372 2901 1666 2997 διάστημα.
1708 2901 1859 2985 Είδὲ

272 2991 625 3093 piata-pani).
671 2999 818 3093 Δμήτε
847 3002 1138 3076 διάστημα,
1191 3012 1327 3082 μήτε
1366 3014 1494 3069 ἄλλο
1516 2991 1717 3073 τίνὲστι
1753 3023 1857 3093 πρὸ

1997 600 2157 657 Patre
2184 605 2421 673 genitus.

2657 724 2886 781 ALIUD.

2064 824 2119 877 Si
2161 828 2435 895 proprium
2482 833 2748 888 creaturis
2798 845 2879 889 cst
2920 852 3166 907 peccare,
3211 839 3331 897 Filii
3380 853 3558 901 autem

1995 932 2336 987 nequaquam
2359 920 2404 951 ⁸⁸
2431 938 2446 974 z
2492 938 2596 977 non
2622 925 2781 994 igitur
2801 938 2881 981 est
2910 941 3177 985 creatura.

2662 1038 2888 1096 ALIUD.

2065 1120 2120 1175 Si
2155 1122 2288 1178 nihil
2317 1138 2382 1179 ex
2414 1125 2479 1181 iis
2509 1142 2628 1195 quae
2655 1128 2796 1184 facta
2824 1141 2971 1198 sunt,
3012 1134 3167 1204 181
3198 1136 3556 1193 substantiam

1988 1228 2052 1265 ex
2097 1213 2265 1267 nihilo
2316 1230 2503 1273 creare
2538 1220 2726 1287 possit,
2777 1232 2954 1291 potest
2996 1235 3173 1280 autem
3203 1226 3414 1282 Filius:
3448 1244 3556 1298 quo

1990 1311 2147 1370 pacto
2178 1318 2240 1358 ex
2272 1319 2458 1360 eorum
2494 1323 2720 1364 numero
2753 1312 2880 1375 erit,
2908 1328 3028 1383 qua:
3059 1313 3198 1370 facta
3223 1318 3389 1372 sunt?

2657 1418 2886 1475 ALIUD.

2057 1526 2112 1579 Si
2155 1531 2347 1582 omnia
2392 1536 2577 1586 creata
2632 1534 2826 1588 similia
2884 1534 2986 1589 sibi
3034 1543 3160 1590 sunt
3212 1536 3264 1589 in
3322 1552 3386 1593 eo
3410 1538 3551 1605 quod

1984 1625 2163 1669 creata
2197 1627 2346 1682 sunt,
2372 1620 2624 1690 nullaque
2653 1632 2899 1677 creatura
2934 1624 3002 1677 ab
3031 1624 3135 1678 alia
3167 1623 3346 1679 differt
3367 1641 3428 1679 ea
3461 1642 3549 1680 ra-

1992 1707 2137 1760 tione
2158 1721 2260 1776 qua
2289 1709 2442 1765 factae
2472 1721 2617 1777 sunt,
2660 1712 2834 1768 factus
2885 1725 3064 1768 autem
3123 1724 3209 1770 est
3237 1725 3291 1770 et
3332 1716 3500 1771 Filius
3534 1734 3548 1770 :

1981 1798 2029 1851 in
2060 1798 2201 1853 nulla
2234 1801 2413 1871 itaque
2452 1817 2510 1857 re
2540 1804 2771 1872 dilI'eret,
2805 1808 2928 1876 quia
2963 1817 3015 1862 et
3039 1808 3153 1875 ipse
3182 1806 3357 1863 factus
3373 1807 3548 1862 est.Si

1979 1904 2106 1945 vero
2125 1891 2191 1945 ab
2207 1894 2456 1947 omnibus
2477 1895 2671 1948 creatis
2687 1911 2781 1964 per
2797 1897 2973 1951 omnia
2992 1898 3168 1952 diﬂ‘ert
3187 1915 3200 1953 :
3218 1907 3364 1954 certe
3384 1899 3543 1953 etiam

1974 1981 2338 2044 generationis
2363 1983 2539 2046 modo,
2570 1986 2824 2040 nimirum
2860 1990 3001 2055 quod
3063 1988 3236 2045 factus
3299 2006 3405 2044 non
3454 1990 3546 2042 sit.

1974 2072 2052 2123 Ita
2085 2072 2228 2124 enim
2250 2071 2458 2127 dill‘eret
2480 2089 2508 2127 a
2530 2076 2747 2131 creatis.
2771 2078 2923 2141 Quod
2951 2080 2996 2133 si
3022 2080 3092 2133 ita
3118 2089 3201 2134 est
3229 2098 3242 2134 :
3272 2080 3543 2135 uuomodo

1972 2176 2079 2217 non
2105 2163 2177 2217 sit
2202 2160 2341 2221 Deus
2362 2166 2389 2219 ?

2642 2260 2873 2318 ALIUD.

2043 2370 2098 2426 Si
2145 2374 2325 2428 omnis
2358 2386 2608 2430 creatura
2641 2379 2691 2429 in
2748 2379 2923 2446 spatio
2959 2378 3073 2432 sive
3101 2387 3342 2446 tempore
3398 2377 3540 2431 facta

1968 2472 2070 2527 est,
2109 2463 2242 2517 nihil
2268 2479 2396 2519 vero
2417 2466 2607 2520 horum
2638 2468 2758 2521 Filii
2789 2468 3193 2537 generationem
3228 2468 3538 2535 praecessit:

1968 2553 2142 2609 lactus
2174 2556 2354 2625 itaque
2402 2572 2506 2611 non
2561 2567 2666 2613 est.
2732 2558 2788 2614 Si
2826 2574 2955 2614 vero
3002 2559 3154 2613 illum
3187 2557 3416 2628 spatium
3442 2557 3541 2612 alio

1965 2647 2107 2714 quod
2134 2648 2516 2715 temporarium
2543 2649 2623 2703 vel
2673 2649 2873 2704 factum
2930 2651 3230 2718 praecessit,
3270 2649 3543 2718 quomodo

1964 2740 2048 2787 est
2072 2734 2311 2790 omnium
2333 2746 2567 2801 creator,
2591 2752 2748 2806 quem
2780 2739 3011 2807 spatium
3035 2749 3274 2794 creatum
3304 2752 3541 2808 praeces-

1962 2823 2161 2878 sitiAt
2190 2825 2234 2880 si
2261 2828 2494 2894 spatium
2556 2828 2683 2883 illud
2743 2830 2858 2885 sive
2910 2831 3121 2885 duratio
3152 2832 3390 2884 iucreata
3443 2829 3537 2895 sit,

1961 2915 2063 2971 erit
2083 2916 2297 2986 aliquod
2336 2918 2570 2988 spatium
2602 2921 2716 2975 sive
2734 2922 2948 2977 duratio
3000 2923 3194 2975 divinae
3246 2920 3535 2976 πίει-ιιίιωί

1960 3022 2075 3077 par.
2115 3010 2169 3064 Si
2203 3026 2331 3065 vero
2363 3013 2565 3065 nullutn
2601 3025 2930 3068 momentum
2986 3016 3068 3068 vel
3107 3016 3340 3083 spatium
3398 3024 3536 3069 tem-

269 3081 366 3133 τοῦ
405 3081 557 3148 Υίοῦ,
594 3087 757 3143 πόθεν
789 3097 1164 3169 προϋπάρχειν
1199 3081 1414 3172 λέγουσι
1470 3106 1564 3160 τὸν
1599 3081 1853 3183 Πατέρά,

1964 3102 2128 3170 poris,
2174 3117 2346 3172 neque
2396 3103 2540 3159 aliud
2624 3106 2917 3174 quidquam
2987 3081 3181 3159 Filium
3240 3106 3536 3174 praacessit,

269 3175 433 3229 τοῦτο
472 3182 851 3254 προϋπάρχειν
897 3190 1256 3260 σημαίνοντος
1304 3198 1401 3269 οὐχ
1429 3175 1855 3275 εὑρισκομένους

954 3455 1160 3514 ΑΛΛΟ.

339 3552 403 3605 El
443 3554 614 3625 μηδὲν
665 3558 776 3613 τῶν
816 3566 1127 3636 γενομένων
1179 3569 1427 3628 λέλεκταί
1463 3594 1523 3631 τε
1584 3582 1677 3634 καὶ
1702 3583 1850 3639 ἔστιν

270 3642 366 3695 hri.
398 3644 619 3699 πάντων
648 3649 800 3717 Θεὸς,
835 3653 1030 3710 ἔστιδὲ
1057 3661 1150 3713 ἐπὶ
1206 3663 1422 3719 πάντων
1466 3668 1595 3733 Θεὸς
1620 3673 1649 3723 6
1686 3674 1849 3742 Υίὸς,

267 3735 370 3787 οὐκ
400 3736 515 3807 ἄρα
541 3740 652 3793 τῶν
677 3746 985 3815 γενομένων
1010 3752 1177 3807 ἐστίν.
1231 3756 1294 3808 Ei
1317 3757 1374 3809 δὲ
1412 3758 1544 3824 Θεὸς
1576 3763 1670 3816 ἐπὶ
1707 3735 1854 3820 ab;

266 3842 377 3917 των
412 3829 678 3901 ὑπάρχων
700 3835 729 3886 ὁ
758 3836 902 3903 Υίὸς,
937 3843 1030 3895 καὶ
1061 3846 1288 3917 γενητός
1336 3851 1505 3915 ἐστιν,
1526 3853 1661 3908 σέστι
1685 3857 1742 3910 δὲ
1764 3859 1855 3912 ἐπὶ

269 3914 495 4006 τίειν-,ων
522 3917 657 3983 Θεὸς
682 3923 777 3975 καὶ
828 3926 857 3978 6
907 3928 1114 4002 Πατὴρ,
1140 3914 1364 4006 γενητὸς
1404 3914 1555 3995 ἔσται
1600 3947 1721 3999 κατ’
1757 3948 1856 4001 αὑ-

268 4005 417 4074 τοὺς,
444 4008 585 4080 ὅπερ
613 4013 805 4079 άσεὸὲς
827 4018 1045 4076 ἐννοεῖν.

970 4223 1173 4282 ΑΛΛΟ.

342 4320 405 4374 Ei
444 4323 610 4393 μηδὲν
633 4327 743 4381 τῶν
768 4334 1076 4404 γενομένων
1124 4339 1193 4394 τὰ
1234 4342 1372 4395 αὐτὰ
1419 4344 1645 4403 δύναται
1677 4315 1851 4406 ποιεῖν

1959 3192 2228 3259 quomodo
2314 3194 2466 3247 aiunt
2529 3194 2747 3249 Patrem
2826 3197 2980 3265 prius
3045 3196 3343 3260 exstitisse,
3409 3212 3532 3249 cum

1962 3279 2014 3331 id
2088 3279 2230 3346 quod
2305 3280 2455 3348 prius
2535 3291 2753 3338 exstare
2832 3282 3100 3352 signiticet
3133 3322 3151 3349 ,
3216 3298 3326 3340 non
3386 3284 3535 3338 inve-

1964 3370 2143 3424 niani?

2632 3462 2847 3522 ALIUD

2037 3572 2093 3627 Si
2123 3574 2254 3631 nihil
2304 3590 2490 3630 eorum
2526 3590 2647 3645 qua:
2688 3578 2828 3632 facta
2885 3587 3032 3642 sunt,
3074 3578 3274 3632 dicitur
3303 3584 3396 3631 aut
3448 3587 3533 3633 est

1962 3662 2332 3718 universorum
2365 3663 2525 3725 Deus,
2584 3664 2749 3719 Filius
2785 3676 2964 3721 autem
2993 3667 3329 3722 estomnium
3356 3667 3531 3721 Deus:

1961 3769 2067 3807 non
2128 3763 2211 3808 est
2274 3754 2436 3823 igitur
2493 3768 2559 3809 ex
2609 3757 2677 3809 iis
2735 3772 2855 3825 qua:
2918 3758 3056 3811 facta
3114 3768 3259 3811 sunt.
3289 3757 3346 3811 Si
3396 3772 3526 3811 vero

1959 3842 2127 3897 Filius
2189 3858 2310 3897 cum
2361 3846 2433 3898 sit
2484 3846 2726 3898 omnium
2784 3845 2950 3911 Deus,
3001 3847 3174 3900 factus
3211 3847 3372 3924 etiam
3419 3856 3523 3909 est,

1958 3931 2120 3986 Pater
2196 3945 2374 3988 autem
2449 3935 2612 3988 etiam
2677 3935 2919 3987 omnium
2985 3934 3127 3987 Deus
3180 3944 3257 3988 est
3317 3946 3527 3988 :certe

1955 4024 2059 4079 erit
2089 4023 2281 4089 factus,
2302 4025 2597 4081 secundum
2628 4022 2774 4089 illos,
2813 4027 2960 4095 quod
3009 4025 3231 4094 impium
3290 4024 3531 4096 cegitatu

1954 4125 2056 4172 est.

2628 4230 2859 4289 ALIUD.

2028 4348 2084 4401 Si
2114 4346 2243 4401 nihil
2278 4362 2463 4401 eorum
2494 4361 2613 4416 quae
2646 4346 2786 4401 facta
2817 4356 2940 4402 sunt
2965 4349 3152 4403 eadem
3188 4357 3363 4414 potest
3391 4362 3529 4416 pra:-

270 4410 348 4512 tq')
373 4412 515 4512 Θεῷ,
531 4417 707 4512 πάντα
730 4420 787 4474 δὲ
809 4422 845 4475 ἃ
866 4428 1015 4479 ποιεῖ
1033 4430 1060 4481 ὁ
1081 4430 1291 4505 Πατὴρ,
1309 4437 1507 4507 ὁμοίως
1530 4444 1622 4494 καὶ
1648 4444 1676 4495 6
1700 4444 1845 4512 Υἱὸς,

1964 4450 2099 4493 stare
2130 4454 2248 4508 quae
2275 4438 2432 4503 Deus,
2483 4441 2664 4493 omnia
2727 4454 2857 4493 vero
2923 4456 3040 4507 qute
3097 4448 3314 4506 praestat
3337 4437 3519 4506 I’ater,

270 4501 371 4553 οὐκ
401 4503 511 4573 ἄρα
527 4506 640 4561 τῶν
664 4512 972 4583 γενομένων
994 4518 1161 4575 ἐστίν.

957 4628 1160 4685 ΑΛΛΟ.

342 4725 405 4780 El
431 4728 610 4784 πάντα
640 4732 707 4786 τὰ
736 4737 939 4807 γενητὰ
982 4740 1040 4807 ἐξ
1068 4742 1255 4814 ἑτέρου
1287 4746 1347 4800 τὸ
1376 4742 1513 4803 εἶναι
1553 4750 1687 4821 ἔχει,
1719 4770 1843 4807 ποΑ-

268 4813 348 4885 λῷ
383 4819 583 4888 μᾶλλον
604 4826 667 4917 τὸ
699 4825 951 4896 λέγεσθαι
1003 4833 1198 4900 αὐτοὺς
1238 4837 1412 4903 θεούς.
1461 4842 1524 4894 Ei
1553 4813 1615 4895 δέ
1645 4813 1845 4917 μετοχῇ

266 4908 454 4977 ἔχουσι
485 4914 546 4966 τὸ
574 4911 713 4971 εἶναι
745 4918 856 4972 Θεοὶ
887 4921 980 4992 (οὐ
1017 4924 1175 4993 φύσει
1203 4927 1442 5000 δηλονότι
1462 4932 1571 4987 Θεοὶ
1598 4908 1665 4987 τά
1690 4908 1851 5007 γενηῖ

267 4998 373 5066 τὰ)
396 5038 413 5064 ,
467 5004 585 5066 τοῖς
623 5004 666 5057 δ’
703 5008 765 5061 οὐ
806 5008 965 5077 φύσει
1000 5011 1143 5077 θεοῖς
1180 4998 1505 5087 προσκυνεῖν
1536 4998 1846 5093 ἀπαγορειί-

269 5089 411 5143 τέον.
450 5093 513 5145 Εἰ
542 5095 600 5148 δὲ
630 5098 839 5164 τούτοις
869 5101 968 5172 μὲν
992 5104 1417 5177 ἀπαγορευτέον,
1444 5111 1626 5165 οὐκέτι
1751 5115 1843 5168 καὶ

268 5179 349 5249 τῷ
374 5182 525 5253 Υίῷ,
564 5187 663 5258 οὐχ
692 5188 767 5254 ὡς
810 5192 885 5263 μὴ
940 5193 1099 5262 φύσει
1139 5197 1247 5269 ἄρα
1296 5199 1416 5270 Θεῷ
1462 5202 1599 5273 ὅπερ
1630 5204 1749 5257 ἐστὶ
1774 5204 1841 5259 τά

269 5277 525 5347 γεννητά.

952 5402 1155 5455 AAAO.

346 5496 405 5549 Εί
436 5499 527 5552 τὸν
559 5501 624 5554 ὲκ
650 5503 725 5575 μὴ
752 5505 919 5563 ὄντων
972 5511 1281 5582 ὑφιστῶντα
1335 5516 1519 5583 οὐσίας
1570 5520 1840 5593 ἐνεδέχετο

347 5653 390 5685 ⁸⁵
418 5656 437 5710 l
465 5656 607 5714 Petr.
653 5675 714 5728 ιι,
742 5663 829 5716 22.

1953 4541 2178 4602 praestat
2199 4540 2253 4587 et
2284 4531 2453 4586 Filius
2481 4545 2495 4584 :
2530 4547 2635 4587 non
2664 4542 2749 4586 est
2774 4531 2936 4600 igitur
2959 4530 3153 4585 lactus.

2623 4640 2857 4697 ALIUD.

2025 4757 2081 4810 Si
2108 4770 2443 4825 quaecunque
2471 4755 2612 4812 facta
2654 4765 2781 4811 sunt
2833 4756 2899 4810 ab
2950 4754 3056 4809 alio
3084 4767 3203 4807 esse
3231 4767 3386 4808 suum
3425 4752 3519 4806 lia-

1954 4848 2100 4912 bent,
2140 4847 2307 4901 multo
2341 4848 2510 4917 magis
2556 4849 2780 4904 deorum
2824 4846 3258 4917 appellationem.
3285 4844 3340 4898 Si
3389 4859 3519 4898 vero

1949 4953 2045 5007 per
2078 4939 2543 5008 participationem
2566 4948 2691 4993 sunt
2716 4938 2789 4993 dii
2809 4940 3007 5007 (neque
3061 4936 3207 4991 enim
3253 4945 3518 4991 creaturae

1948 5037 2141 5083 natura
2206 5038 2332 5084 sunt
2363 5029 2479 5097 dii),
2515 5038 2570 5083 et
2607 5031 2697 5100 qui
2745 5037 2935 5084 natura
2975 5029 3045 5082 dii
3083 5045 3186 5082 non
3228 5038 3374 5093 sunt,
3417 5030 3516 5083 ad-

1943 5119 2089 5173 orari
2116 5119 2497 5188 prohibentur,
2520 5120 2685 5174 Filius
2716 5131 2893 5174 autem
2918 5120 3133 5175 adorari
3159 5117 3400 5187 jubetur,
3430 5128 3515 5172 nt-

1947 5220 2072 5278 pote
2095 5221 2285 5265 natura
2314 5218 2476 5277 Deus,
2501 5214 2640 5282 quod
2679 5221 2944 5269 creaturae
3001 5229 3107 5269 non
3141 5220 3267 5269 sunt
3297 5231 3313 5271 :
3370 5211 3526 5267 aliud

1948 5300 2112 5369 igitur
2141 5308 2221 5355 est
2243 5315 2401 5368 quam
2429 5312 2696 5358 creatura.

2611 5412 2843 5469 ALIUD.

2020 5523 2077 5581 Si
2108 5524 2360 5596 possibile
2382 5536 2546 5596 esset,
2580 5536 2639 5585 ut
2676 5529 2721 5586 is
2757 5528 2846 5601 qui
2873 5546 2939 5589 ex
2972 5531 3139 5588 nihilo
3186 5530 3515 5589 substantias
