4036 6208
483 311 587 368 507

1491 310 1548 364 S.
1591 308 1868 363 CYRILLI
1907 309 2372 367 ALEXANDRINI
2414 314 2732 371 ARCHIEP.

3611 323 3717 380 303

482 425 728 497 producit
745 425 1374 496 atqueconstituit,tieret
1392 426 1504 479 sive
1527 436 1804 479 crearetur
1835 425 2052 488 ab.aIio,

2159 432 2248 499 ὑφ’
2279 433 2466 503 ἐτέρου
2492 434 2762 503 γενέσθαι,
2790 438 2933 488 ποιεῖ
2957 437 3010 489 δὲ
3038 438 3100 489 ἐκ
3128 436 3202 507 μὴ
3242 437 3408 490 ὄντων
3433 437 3461 489 6
3497 438 3713 510 Πατὴρ,

484 518 643 573 Pater
667 531 794 572 vero
820 533 885 572 ex
912 518 1081 572 nihilo
1103 527 1282 573 creat:
1315 518 1429 571 ﬁeri
1453 518 1631 584 itaque
1646 524 1848 585 potest,
1869 531 1936 570 ex
1976 519 2042 571 il-

482 609 654 663 lorum
694 609 982 675 sententia,
1013 619 1069 661 ttt
1097 619 1150 662 et
1177 608 1335 661 Pater
1371 624 1435 661 cx
1461 608 1625 662 nihilo
1648 609 1761 663 ﬁat.
1791 608 1859 663 At
1878 609 1923 664 si
1945 609 2046 663 hoc

484 702 888 767 inconveniens,
930 712 1089 772 atque
1114 704 1248 756 adeo
1307 702 1641 770 impossibile
1682 712 1786 767 est,
1844 712 1901 756 ut
1954 704 2044 773 qui

484 793 618 847 alias
648 804 872 848 naturas
910 804 1077 856 creat,
1114 794 1271 862 182
1315 794 1382 846 ab
1444 794 1546 846 alia
1582 804 1773 847 natura
1833 804 2044 848 creatus

484 884 555 938 sit
590 900 604 937 :
640 884 795 954 longe
832 884 1069 952 profecto
1109 884 1396 937 absurdius
1441 894 1543 949 est,
1587 886 1849 940 universa:
1891 895 2046 939 natu-

486 988 557 1026 ra:
579 973 822 1038 opillcem
866 975 931 1026 ab
957 974 1058 1026 alia
1093 983 1282 1027 natura
1312 984 1551 1028 creatum
1567 990 1685 1029 esse
1709 977 2043 1030 existimare.

483 1061 617 1114 Nam
647 1061 787 1128 quod
827 1070 973 1115 creat
993 1073 1231 1117 creatum
1251 1074 1414 1129 esset,
1453 1075 1504 1118 et
1531 1066 1673 1134 quod
1703 1075 1942 1119 creatum
1965 1075 2048 1120 est

483 1162 712 1218 crearet,
759 1154 803 1207 si
836 1153 1001 1209 Filius
1032 1171 1154 1211 cum
1182 1156 1251 1210 sit
1280 1156 1476 1220 factus,
1501 1168 1557 1211 ut
1598 1157 1697 1225 ipsi
1728 1158 2041 1225 opinantur,

482 1239 718 1305 faceret,
770 1245 909 1310 quod
966 1254 1048 1298 est
1102 1246 1593 1301 absurdissimum:
1630 1248 1895 1317 siquidem
1943 1249 2042 1303 soli

481 1340 686 1385 naturae
720 1333 912 1389 divina:
956 1336 1238 1389 tribuenda
1267 1346 1319 1390 et
1358 1337 1704 1406 relinquenda
1728 1345 1873 1401 sunt,
1927 1352 2045 1404 qua:

480 1418 648 1486 ipsius
678 1429 806 1474 sunt
834 1422 1045 1490 propria
1072 1432 1125 1477 et
1160 1425 1470 1491 peculiaria,
1526 1439 1755 1492 quorum
1793 1440 1955 1480 unum
1983 1440 2045 1480 ac

481 1510 809 1579 praecipuum
837 1521 941 1579 est,
974 1528 1041 1568 ex
1073 1515 1241 1570 nihilo
1268 1531 1454 1570 creare
1486 1532 1663 1586 posse.

749 1636 1318 1730 ASSERTWO
1390 1645 1759 1734 XVTIL

2153 522 2425 593 ἐνδέχεται
2458 525 2565 595 ἄρα
2588 526 2769 590 αὑτὸν,
2798 526 2915 578 κατ’
2945 527 3160 589 αὐτοὺς,
3182 530 3243 579 ὲκ
3268 527 3341 597 μὴ
3364 527 3533 580 ὄντων
3558 544 3712 596 γεγοο

2152 610 2318 663 νέναι.
2355 613 2413 663 Εἰ
2447 612 2503 663 δὲ
2553 614 2794 681 ἀπρεπὲς
2839 616 2933 666 καὶ
2974 614 3231 667 ἀδύνατον
3270 616 3473 684 ἐτέρων
3502 616 3716 684 φύσεων

2152 701 2479 771 δημιουργὸν
2528 703 2726 756 ἐννοεῖν
2783 704 2873 772 ὑφ’
2919 705 3112 774 ἑτέρας
3170 706 3415 758 ἐκτίσθαι
3478 706 3715 774 φύσεως,

2154 790 2495 862 ἀτοπώτερον
2521 792 2646 862 ἄρα,
2683 794 2773 845 τὸν
2809 794 3023 863 ἁπάσης
3060 795 3273 861 φύσεως
3304 796 3601 866 αὐτουργὸν
3628 798 3714 865 ὑφ’

2153 882 2339 953 ἑτέρας
2391 883 2836 954 δημιουργείσθαι
2884 885 3098 954 φύσεως
3159 887 3579 956 ὑπολαμϐάνειν.
3610 892 3718 943 Καὶ

2153 973 2258 1043 γὰρ
2286 975 2351 1027 ἂν
2372 973 2432 1025 τὸ
2465 973 2649 1026 ποιοῦν
2683 974 2888 1042 ἐγίνετο
2948 978 3041 1029 καὶ
3100 977 3161 1029 τὸ
3189 978 3468 1047 γινόμενον
3507 980 3677 1031 ἐποίει
3700 1019 3715 1043 ,

2152 1063 2309 1131 εἴπερ
2340 1064 2367 1114 6
2394 1063 2519 1125 Υἱὸς
2570 1064 2850 1133 γινόμενος
2891 1066 3081 1132 ἐποίει,
3119 1066 3238 1119 κατ’
3281 1068 3544 1130 ἐκείνους,
3583 1070 3717 1140 ὅπερ

2155 1153 2303 1205 ἐστὶν
2329 1151 2708 1207 ἀτοπώτατον·
2757 1156 2810 1207 εί
2837 1172 2901 1222 γε
2945 1155 3080 1226 μόνῃ
3132 1158 3395 1227 προσήκει
3435 1159 3717 1229 τηρεῖσθαι

2154 1246 2222 1313 τῇ
2257 1242 2377 1313 θείᾳ
2413 1243 2572 1311 φύσει
2606 1244 2674 1296 τὰ
2703 1245 2873 1314 αὐτῆς
2901 1245 3174 1315 ἐξαίρετα,
3202 1240 3278 1300 ὧν
3327 1247 3385 1300 ἓν
3429 1248 3523 1301 καὶ
3570 1248 3717 1318 πρῶ-

2154 1352 2244 1388 τον
2272 1335 2505 1407 ὑπάρχει
2537 1336 2597 1389 τὸ
2631 1336 2694 1389 έκ
2737 1336 2811 1408 μὴ
2833 1336 2999 1392 ὄντων
3032 1338 3293 1392 δύνασθαι
3343 1341 3717 1411 δημιουργεῖν.

2622 1634 2982 1719 ΛΟΓΟΣ
3056 1625 3230 1717 ΠΥ.

484 1780 635 1845 Quod
668 1798 768 1834 non
799 1784 1025 1859 sithidem
1057 1797 1297 1859 creatura
1330 1798 1376 1841 et
1408 1790 1550 1856 ﬁlius
1585 1806 1602 1842 :
1637 1806 1796 1859 neque
1817 1794 1870 1845 in
1919 1792 2045 1857 Deo,

2157 1790 2283 1842 ’Ὀτι
2314 1786 2396 1859 μὴ
2449 1785 2669 1859 ταυτὸν
2715 1789 2933 1859 κτίσμα
2972 1787 3412 1859 καὶγγένιῖημα,
3449 1787 3599 1859 μηδὲ
3641 1785 3721 1859 ξῷ

551 1867 730 1902 creare
755 1861 807 1929 _el
831 1854 1041 1929 gignere
1069 1871 1087 1906 :
1116 1856 1331 1929 aliaque
1358 1854 1739 1929 conclusionem
1768 1854 2047 1929 inferentia

550 1936 641 1982 per
675 1922 1022 1974 reductionem
1058 1924 1124 1976 ad
1156 1922 1492 1990 impossibile.

694 2075 933 2142 Defensio
965 2076 1185 2144 simplex
1211 2093 1275 2130 ea:
1309 2077 1461 2131 nudis
1496 2081 1833 2147 argumentis.

554 2183 608 2236 Si
643 2185 862 2253 gignere
892 2193 946 2237 et
972 2199 1157 2239 creare
1174 2186 1311 2239 idem
1344 2194 1489 2240 esset
1521 2187 1571 2239 in
1595 2187 1719 2251 Deo,
1777 2204 1880 2241 non
1912 2188 2048 2244 fuis-

484 2284 566 2327 set
589 2273 693 2326 lata
719 2274 769 2327 in
799 2273 1140 2343 Unigenitutn
1171 2290 1268 2328 vox
1303 2276 1411 2340 illa,
1432 2295 1449 2326 ι
1480 2276 1574 2330 Hic
1604 2287 1686 2331 est
1712 2277 1877 2332 Filius
1897 2295 2044 2335 meus

482 2366 708 2420 dilectus
740 2366 784 2397 "
813 2385 826 2419 :
860 2384 878 2417 ι
912 2381 1034 2420 cum
1058 2365 1220 2419 etiam
1248 2383 1309 2420 ea
1341 2382 1461 2435 quae
1512 2377 1701 2421 natura
1743 2368 2040 2424 inanimata

482 2466 627 2519 sunt,
661 2456 753 2511 lilii
781 2455 875 2512 Dei
927 2457 1058 2522 sint,
1115 2456 1162 2510 si
1194 2458 1332 2511 idem
1383 2466 1467 2511 est
1512 2468 1763 2513 creatura
1809 2468 1864 2515 et
1897 2460 2048 2530 geni-

483 2562 631 2600 men.

1153 2659 1382 2715 ALIUD.

553 2771 630 2836 Si,
670 2771 1120 2841 quemadmodum
1165 2781 1412 2827 creatura
1478 2774 1692 2844 proprie
1736 2775 1935 2831 dicitur
1984 2777 2050 2830 dc

483 2865 655 2928 nobis,
691 2866 761 2918 ita
792 2865 954 2918 etiam
981 2865 1248 2935 genimen,
1278 2881 1339 2919 ac
1371 2867 1592 2937 perinde
1624 2871 1688 2921 de
1718 2867 1849 2923 Filio
1877 2887 1889 2923 :
1921 2870 2050 2923 nihil

485 2954 714 3022 amplius
745 2970 905 3022 quam
929 2970 1026 3010 nos
1052 2956 1286 3019 habebit,
1316 2971 1439 3011 cum
1470 2958 1540 3012 sit
1558 2960 1775 3027 proprie
1803 2968 2047 3014 creatura

484 3052 536 3098 et
574 3044 841 3111 genitnen.

1156 3152 1381 3209 ALIUD.

560 3267 616 3321 Si
642 3267 890 3336 genimen
921 3274 970 3321 el
993 3274 1236 3322 creatura
1268 3277 1395 3323 sunt
1423 3268 1583 3335 idem,
1617 3280 1698 3326 est
1731 3285 1858 3328 vero
1887 3274 2050 3328 etiam
2162 3272 2163 3275 “

490 3358 724 3425 Spiritus
767 3366 1001 3423 sanctus,
1032 3366 1088 3409 ut
1120 3358 1206 3411 isti
1256 3358 1460 3423 volunt,
1486 3369 1769 3414 creatura:
1805 3372 1951 3417 certe
2000 3372 2055 3418 et

490 3451 759 3517 genimcn.
783 3449 839 3503 Si
867 3461 1042 3505 autem
1063 3459 1115 3505 et
1143 3451 1376 3522 Spiritus
1400 3464 1620 3509 sanctus
1652 3464 1737 3509 est
1778 3456 2050 3523 genimen,

491 3551 541 3599 et
574 3540 737 3593 Filius
767 3541 860 3595 Dei
910 3550 991 3595 est
1022 3544 1286 3611 genitnen,
1348 3550 1637 3613 omniaque
1695 3556 1827 3601 sunt
1903 3548 2055 3617 geni-

494 3630 636 3682 mina
665 3645 676 3680 :
724 3632 991 3698 quomodo
1025 3634 1334 3703 unigcttitus
1370 3636 1569 3691 dicitur
1596 3637 1766 3694 Filius
1789 3639 1840 3693 in
1876 3638 2055 3694 multis

494 3721 751 3776 fratribus
782 3722 865 3788 ’⁷2

1157 3836 1389 3892 ALIUD.

563 3925 617 3980 Si
652 3928 908 3997 quidquid
958 3938 1208 3983 creatura
1264 3930 1352 3984 Dei
1402 3939 1508 3994 est,
1546 3931 1796 3999 genimen
1847 3946 2059 4001 quoque

491 4027 616 4071 est:
654 4018 784 4073 nihil
814 4034 1136 4087 eorumquaa
1168 4018 1304 4071 facta
1362 4029 1506 4083 sunt,
1564 4022 1631 4073 ab
1667 4021 1950 4088 adoptione
2004 4023 2056 4074 in

490 4107 631 4163 ﬁlios
661 4119 745 4161 est
786 4109 1041 4162 alienum.
1097 4108 1246 4173 Quod
1273 4109 1315 4162 si
1349 4124 1532 4161 verum
1552 4118 1655 4175 cst,
1699 4111 1896 4163 frustra
1956 4125 2055 4164 no-

420 4238 425 4243 .
491 4197 577 4250 bis
610 4198 950 4265 adoptionem
984 4198 1264 4252 annuntiat
1312 4198 1470 4262 Deus,
1522 4215 1640 4251 cum
1688 4200 2058 4253 etinanimata

492 4288 816 4340 naturaliter
893 4302 1011 4340 eam
1091 4290 1825 4360 consequantur:siquidem
1908 4292 2060 4358 quid-

2223 1857 2435 1916 κτίζειν
2470 1857 2535 1908 τὸ
2578 1857 2798 1925 γεννᾷν
2832 1859 2927 1909 ἐπὶ
2967 1858 3131 1910 Θεοῦ·
3167 1856 3260 1909 καὶ
3295 1857 3451 1910 ἄλλα
3483 1857 3577 1910 διὰ
3614 1855 3721 1921 τῆς

2218 1932 2305 1991 εἰς
2382 1926 2607 1978 ἄτοπον
2682 1925 2999 1995 ἀπαγωγῆς
3066 1928 3283 1995 ἔχοντα
3357 1927 3423 1979 τὸ
3493 1926 3723 1995 συμπέ-

2212 2011 2434 2065 parum.

2603 2091 2913 2158 Ἀπολογία
2948 2087 3295 2161 αὑτολεξεί,

2221 2211 2281 2262 Et
2310 2210 2371 2262 τὸ
2406 2209 2651 2278 γέννημα
2672 2207 2748 2277 τῷ
2776 2206 3029 2276 κτίσματι
3077 2203 3269 2257 ταυτὸν
3297 2198 3364 2271 ἦν
3402 2199 3552 2268 παρὰ
3575 2197 3721 2266 Θεῷ,

2150 2300 2249 2353 οὐκ
2280 2300 2345 2352 ἂν
2367 2300 2458 2352 ἐπὶ
2481 2299 2570 2351 τὸν
2591 2298 2868 2366 Μονογενῆ
2892 2298 3114 2367 ἐφέρετο
3136 2295 3308 2363 φωνή’
3343 2312 3359 2343 t
3386 2284 3551 2353 Οὗτός
3572 2292 3721 2342 ἐστιν

2150 2392 2178 2442 6
2206 2390 2331 2452 Υἱός
2369 2407 2467 2456 μου
2506 2390 2534 2440 6
2584 2388 2883 2459 ἀγαπητός·
2923 2406 2941 2438 ›
2986 2387 3082 2440 ἆτε
3135 2385 3199 2454 δὴ
3247 2384 3467 2438 καὶτῶν
3497 2381 3721 2449 ἀψύχων

2151 2480 2290 2534 κατὰ
2319 2479 2480 2548 φύσιν
2508 2478 2637 2531 υἱῶν
2665 2477 2833 2529 ὄντων
2865 2474 3022 2541 Θεοῦ,
3056 2476 3213 2546 εἴπερ
3252 2474 3314 2527 τὸ
3361 2472 3563 2525 κτίσμα
3590 2487 3723 2523 ταυ-

2151 2569 2239 2622 τὸν
2265 2568 2341 2638 τῷ
2363 2572 2657 2639 γεννήματι
2690 2567 2965 2635 τυγχάνει.

2836 2680 3038 2732 ΔΛΛΟ.

2222 2793 2284 2844 Ei
2312 2791 2498 2861 ὥσπερ
2523 2792 2582 2844 τὸ
2635 2790 2837 2861 κτίσμα
2885 2790 3086 2861 κυρίως
3138 2788 3353 2856 λέγεται
3409 2788 3493 2856 ἐφ’
3529 2786 3720 2856 ἡμῶν,

2154 2885 2324 2948 οὕτως
2348 2886 2437 2937 καὶ
2459 2884 2517 2936 τὸ
2548 2883 2814 2953 γέννημα,
2838 2882 3098 2944 ὡσαύτως
3126 2882 3183 2935 δὲ
3215 2882 3306 2933 καὶ
3336 2882 3425 2933 ἐπὶ
3448 2880 3540 2933 τοῦ
3569 2878 3720 2940 Υἱοῦ,

2154 2974 2302 3027 οὐδὲν
2330 2972 2484 3043 ἡμῶν
2534 2972 2645 3035 ἕξει
2691 2971 2854 3025 πλέον
2913 2972 2992 3034 είς
3048 2969 3321 3040 ὑπεροχὴν
3392 2968 3594 3037 κτίσμα
3628 2966 3724 3018 καὶ

2078 3069 2121 3128 C
2154 3067 2396 3136 γέννημα
2440 3065 2644 3139 κυρίως
2690 3063 2783 3118 ῶν.

2824 3177 3029 3231 ΑΛΛΟ.

2224 3294 2286 3345 Et
2313 3292 2373 3345 τὸ
2398 3292 2643 3363 γέννημα
2677 3291 2771 3345 καὶ
2818 3290 2879 3343 τὸ
2932 3289 3135 3359 κτίσμα
3178 3288 3372 3342 ταυτὸν
3434 3286 3723 3356 τυγχάνει,

2156 3384 2345 3437 ἔστιδὲ
2383 3384 2584 3454 κτίσμα
2606 3385 2700 3438 καὶ
2737 3382 2797 3436 τὸ
2830 3382 3053 3451 Πνεῦμα
3078 3380 3139 3432 τὸ
3161 3379 3334 3448 ἅγιον,
3365 3378 3484 3431 κατ’
3506 3379 3722 3441 αὐτοὺς,

2155 3477 2313 3545 δῆλον
2343 3477 2422 3529 ὅτι
2451 3476 2545 3528 καὶ
2572 3476 2837 3544 γέννημα.
2886 3474 2947 3525 Εἰ
2985 3471 3043 3525 δὲ
3090 3471 3183 3523 καὶ
3218 3470 3278 3521 τὸ
3336 3468 3557 3537 Πνεῦμα
3598 3468 3721 3535 γέν-

2156 3585 2327 3637 νημα,
2351 3567 2442 3619 καὶ
2464 3568 2491 3617 6
2527 3566 2653 3627 Υἱὸς
2681 3564 2774 3616 τοῦ
2805 3562 2938 3615 Θεοῦ
2963 3562 3229 3631 γέννημα,
3290 3559 3382 3612 καὶ
3424 3557 3490 3611 τὰ
3550 3558 3726 3611 πάντα

2158 3661 2468 3729 γεννήματα
2491 3696 2506 3721 ,
2559 3658 2670 3720 πῶς
2725 3654 3014 3726 μονογενὴς
3048 3655 3075 3705 6
3101 3652 3227 3714 Υἱὸς
3263 3653 3290 3704 6
3344 3648 3481 3720 μετὰ
3517 3648 3726 3702 πολλῶν

2158 3752 2400 3820 ἀδελφῶν
2432 3748 2781 3816 εἰσαγόμενος
2803 3762 2816 3809 ;

2835 3859 3039 3911 ΑΛΛΟ.

2228 3957 2311 4021 Ei,
2342 3954 2395 4007 εί
2419 3971 2473 4005 τι
2505 3952 2707 4022 κτίσμα
2729 3950 2886 4011 Θεοῦ,
2940 3949 3096 4000 τοῦτο
3144 3947 3238 4000 καὶ
3273 3946 3530 4013 γέννημα,
3576 3939 3728 3996 οὐδὲν

2158 4046 2263 4099 τῶν
2290 4044 2589 4113 γεγονότων
2619 4041 2863 4094 λείπεται
2896 4040 2996 4109 τῆς
3044 4037 3332 4101 υἱοθεσίας.
3373 4037 3433 4089 Εἰ
3455 4036 3510 4089 δὲ
3534 4034 3689 4089 τοῦτο
3708 4075 3723 4098 ,

2161 4139 2339 4209 μάτην
2374 4137 2502 4205 ἡμῖν
2532 4134 2799 4187 υἱοθεσίαν
2849 4130 3211 4202 ἐπηγγείλατο
3238 4132 3265 4183 6
3320 4129 3470 4191 Θεὸς,
3513 4127 3607 4180 ἆτε
3663 4127 3727 4195 δὴ

2160 4227 2386 4281 καὶτῶν
2420 4224 2640 4294 ἀψύχως
2686 4223 2916 4293 ἑχόντων
2948 4222 3104 4275 τοῦτο
3149 4219 3287 4273 κατὰ
3340 4221 3518 4288 φύσιν,
3549 4217 3725 4286 είπερ,

2162 4318 2212 4371 εί
2236 4334 2286 4370 τι
2312 4315 2533 4386 κτίσμα,
2564 4314 2721 4369 τοῦτο
2751 4314 2844 4365 καὶ
2871 4313 3115 4383 γέννημα
3148 4309 3349 4380 κυρίως
3375 4307 3539 4361 ἐστίν.

493 4374 625 4442 quid
680 4384 800 4439 est,
877 4377 1124 4445 genimen
1193 4393 1404 4447 quoque
1469 4379 1582 4434 sive
1645 4380 1783 4435 lilius
1844 4382 2167 4454 proprieD'

490 4473 594 4519 εει.

1159 4561 1390 4615 ALIUD.

563 4671 618 4726 Si
654 4672 898 4743 genimen
922 4685 976 4729 et
1008 4684 1259 4730 creatura
1292 4675 1431 4729 idem
1457 4682 1603 4739 sunt,
1629 4676 1771 4745 quod
1811 4690 1939 4732 vero
1968 4693 2059 4746 ge-

491 4766 663 4820 nitum
710 4779 740 4818 a
798 4765 909 4820 Deo
960 4775 1063 4831 est,
1119 4776 1367 4820 creatura
1418 4767 1737 4822 naturaliter
1760 4778 1845 4822 est
1883 4786 1896 4821 :
1928 4784 2057 4837 ergo

492 4866 739 4910 creatura
769 4856 861 4911 Dei
894 4866 949 4912 et
970 4856 1215 4910 naturale
1242 4857 1487 4925 genimen
1522 4858 1612 4912 Dei
1661 4858 1799 4913 idem
1830 4869 1972 4913 sunt.
2001 4859 2055 4913 Si

494 4961 620 5000 vero
645 4948 695 5000 id
722 4950 861 5015 quod
888 4959 1102 5014 natura,
1131 4963 1236 5001 non
1267 4957 1447 5003 autem
1477 4950 1618 5018 quod
1641 4951 1927 5019 ad0ptione
1964 4966 2058 5020 ge-

495 5038 662 5089 nitum
711 5046 810 5101 est,
870 5039 1326 5094 consubstantiale
1397 5040 1505 5093 Deo
1557 5048 1638 5093 est
1670 5059 1684 5095 :
1720 5056 1880 5095 omne
1917 5042 2058 5109 quod

500 5126 657 5195 183
689 5126 886 5182 factum
924 5143 1027 5195 cst,
1063 5141 1251 5185 natura
1289 5130 1392 5185 tale
1416 5132 1716 5185 invenietur
1748 5145 1763 5184 :
1796 5132 2058 5198 siquidem

497 5226 743 5272 creatura
769 5220 1017 5288 genimen
1039 5237 1253 5291 quoque
1280 5232 1469 5278 natura
1500 5230 1601 5288 est,
1625 5232 1679 5277 et
1708 5237 1811 5277 non
1850 5224 2064 5291 partici—

497 5308 729 5375 patione.
1304 5360 1307 5363 γ

1164 5399 1393 5455 ALIUD.

571 5502 626 5556 Si
689 5513 932 5560 creatura
977 5509 1139 5563 etiam
1205 5512 1453 5579 genimen
1513 5511 1727 5578 proprie
1788 5520 2063 5577 cst,ccrtc

574 5663 618 5698 "‘
646 5661 829 5719 Matth.
865 5678 943 5731 ιιι,
978 5664 1077 5732 17;
1110 5682 1240 5729 svnt,
1275 5668 1326 5721 5.
1406 5670 1447 5699 ’⁷
1482 5666 1633 5723 Rom.
1668 5683 1785 5734 rm,
1817 5668 1907 5725 ‘39.

2854 4576 3057 4630 ΔΛΔΟ.

2231 4696 2293 4747 El
2323 4694 2383 4747 τὸ
2418 4692 2662 4763 γέννημα
2685 4689 2779 4744 καὶ
2806 4691 2866 4743 τὸ
2888 4688 3092 4758 κτίσμα
3110 4687 3306 4741 ταυτόν
3334 4688 3498 4749 ἐστιν,
3539 4684 3730 4736 ἔστιδὲ

2158 4787 2220 4839 τὸ
2249 4785 2537 4855 γενόμενον
2566 4782 2695 4837 Θεοῦ
2727 4782 2930 4851 κτίσμα
2948 4781 3124 4849 φύσει,
3154 4778 3358 4847 κτίσμα
3385 4775 3517 4829 Θεοῦ
3547 4774 3732 4844 δηλον-

2165 4878 2246 4930 ότι
2295 4876 2388 4927 κα¹ι
2432 4875 2591 4942 φύσει
2626 4872 2867 4942 γέννημα
2906 4871 3038 4924 Θεοῦ
3073 4870 3135 4922 τὸ
3162 4869 3314 4923 αὐτό.
3351 4870 3411 4920 El
3440 4867 3496 4920 δὲ
3530 4866 3589 4917 τὸ
3630 4864 3732 4933 φύσο

2168 4985 2268 5033 σει,
2285 4966 2396 5019 ἀλλ’
2423 4966 2483 5018 οὑ
2513 4965 2657 5017 θέσει
2678 4962 3036 5032 γεννώμενον,
3058 4961 3338 5032 ὁμοούσιον
3365 4958 3441 5028 τῷ
3463 4956 3601 5026 Θεῷ,
3626 4958 3731 5008 πᾶν

2164 5058 2225 5111 τὸ
2251 5057 2536 5127 γενόμενον
2590 5055 2939 5126 εὑρεθήσεται
2980 5055 3156 5124 φύσει,
3212 5054 3367 5123 εῐπερ
3421 5050 3484 5103 τὸ
3525 5049 3731 5117 κτίσμα

2167 5147 2324 5218 φύσει
2355 5148 2446 5202 καὶ
2464 5147 2705 5217 γέννημα
2726 5145 2999 5215 τυγχάνει,
3026 5146 3119 5199 καὶ
3143 5145 3202 5197 οὐ
3232 5144 3448 5212 μετοχῇ.

2849 5399 3054 5452 ⁴ΑΛΛΟ.

2235 5512 2297 5565 Et
2322 5510 2383 5563 τὸ
2409 5511 2610 5583 κτίσμα
2629 5510 2784 5565 τοῦτο
2816 5512 2908 5565 καὶ
2938 5511 3184 5580 γέννημα
3210 5507 3412 5578 κυρίως
3432 5503 3518 5577 ἦν,
3555 5501 3733 5575 πολλῷ
