4036 6208
306 317 403 372 399

1660 310 1883 367 THESA
1896 311 1934 367 U
1947 310 2105 368 RUS.

3435 322 3540 378 510

302 431 493 500 μᾶλλον
524 428 658 498 ὑπὲρ
677 428 745 481 τὰ
786 426 921 481 ἄλλα
948 423 1089 498 ἦσαν
1130 430 1180 481 οἱ
1228 429 1449 497 ἄγγελοι
1499 428 1700 499 κυρίως
1735 428 1858 480 υἱοί.

1977 427 2137 483 multo
2164 428 2335 499 magis
2359 428 2574 499 proprie
2617 444 2729 500 pm
2761 430 2982 502 reliquis
3019 433 3195 503 angeli
3237 443 3395 491 erunt
3424 436 3516 492 filii

299 524 357 575 Εί
384 522 439 573 δὲ
467 522 535 573 τὰ
558 520 736 591 πολλῷ
790 519 1077 588 κρείττονα
1123 519 1304 589 μέτρῳ
1342 518 1543 589 κυρίως
1592 518 1691 571 οὐκ
1732 516 1865 569 εἰσὶν

298 613 397 665 uici
431 610 450 683 (
475 612 647 665 οὐδενὶ
672 611 785 681 γάρ
818 627 949 663 ποτε
990 609 1100 662 τῶν
1124 608 1372 678 ἀγγέλων
1402 605 1577 661 είπενυ
1612 607 1741 670 mg
1765 623 1863 676 μου

296 697 342 752 εἴ
366 702 428 753 σὺ
451 700 508 769 ),
537 700 636 754 οὐκ
659 699 815 753 ἔσται
842 700 950 769 ἄρα
972 698 1036 751 rb
1077 696 1280 768 κτίσμα
1310 695 1472 751 τοῦτο
1498 697 1591 751 καὶ
1620 696 1865 766 γέννημα

295 789 511 860 κυρίως.

976 896 1184 953 ΑΛΛΟ.

357 1016 419 1069 Ei
472 1013 679 1084 κτίσμα
738 1012 834 1067 καὶ
887 1012 1136 1082 γέννημα
1170 1011 1361 1065 ταυτόν
1400 1010 1569 1073 ἐστιν,
1607 1011 1636 1063 ὁ
1667 1010 1866 1073 κτίζων

292 1107 435 1159 ἔσται
471 1107 566 1158 καὶ
602 1106 813 1174 Πατήρ.
845 1103 986 1156 Είδὲ
1020 1102 1192 1169 κτίζει
1234 1106 1261 1157 ὁ
1295 1104 1443 1167 Υἱὸς,
1481 1103 1630 1156 ἔσται
1655 1104 1682 1155 ὁ
1708 1102 1865 1165 αὐτὸς

292 1196 380 1248 καὶ
409 1196 625 1265 Πατήρ.
682 1196 745 1247 Ei
808 1194 867 1247 δὲ
926 1193 1101 1259 τοῦτο,
1149 1193 1301 1247 ἔσται
1356 1194 1565 1264 Πατρδς
1617 1192 1806 1263 Πατὴρ
1838 1194 1865 1245 ὁ

289 1285 569 1354 ἀγένητος,
596 1284 745 1336 οὐδὲν
769 1284 930 1337 πλέον
956 1285 1094 1356 ἔχων
1126 1286 1224 1354 τῆς
1252 1284 1375 1337 καθ’
1406 1286 1555 1355 ἡμᾶς
1602 1301 1864 1354 πραγμα-

290 1377 432 1440 τείας
462 1378 526 1429 ὲν
553 1378 622 1446 τῇ
648 1377 842 1430 ἑαυτοῦ
866 1377 1135 1448 θεογονία,
1163 1379 1322 1449 εῐπερ
1349 1377 1409 1431 rb
1439 1377 1686 1447 γέννημα
1710 1375 1865 1429 τοῦτο

290 1468 314 1519 ὃ
338 1468 427 1522 καὶ
468 1467 679 1538 κτίσμα
707 1468 984 1539 τυγχάνει.

971 1583 1177 1636 ΑΛΛΟ.

351 1697 411 1750 Εἰ
433 1696 499 1750 rb
526 1696 729 1766 κτίσμα
755 1697 902 1749 ἐστὶν
930 1696 1145 1767 ἀληθῶς
1174 1697 1268 1750 καὶ
1303 1697 1564 1768 γέννημα,
1615 1698 1866 1769 καθάπερ

287 1789 313 1839 ὁ
343 1786 490 1851 Υἱὸς,
519 1754 671 1838 gara;
692 1785 798 1838 τῶν
823 1754 1042 1839 πάντων
1072 1754 1353 1854 ἀέελφὶιςο
1376 1754 1597 1849 Υξὲξμᾷὑ
1628 1788 1733 1857 μὴν
1756 1754 1863 1838 Kri-
1903 1754 1943 1812 Β

289 1896 395 1949 ριος
424 1881 453 1932 ὁ
494 1878 649 1941 Θεός.
710 1879 770 1931 Ei
796 1879 853 1931 δὲ
894 1877 1007 1931 ἔστι
1066 1876 1270 1947 Κύριος
1312 1879 1405 1932 καὶ
1439 1878 1590 1941 Θεὸς,
1632 1880 1732 1932 οὐκ
1762 1880 1868 1949 ἄρα

289 1971 533 2038 ἀδελφός.
592 1971 655 2022 Εί
702 1970 880 2023 τοίνυν
935 1968 1012 2039 τῷ
1072 1969 1186 2038 Υἱῷ
1236 1969 1349 2021 ὄντι
1398 1972 1672 2039 μονογενεῖ
1716 1971 1868 2023 οὐδὲν

289 2061 385 2111 τῶν
414 2060 591 2112 ὄντων
638 2059 785 2110 ἐστὶν
836 2057 1083 2125 ἀδελφὸν,
1142 2057 1263 2110 οὐδὲ
1313 2060 1629 2128 γεννήματα
1662 2060 1867 2128 κυρίως

290 2150 385 2200 εἰσὶ
417 2148 491 2201 τὰ
513 2147 695 2211 λοιπὰ,
731 2149 837 2200 εἰσὶ
882 2148 938 2199 δὲ
984 2147 1256 2218 κτίσματα
1310 2149 1512 2219 κυρίως
1536 2164 1547 2176 ·
1581 2148 1699 2212 πῶς
1758 2150 1865 2219 ἄρα

288 2239 472 2291 ταυτὸν
511 2238 714 2309 κτίσμα
743 2239 835 2291 καὶ
859 2239 1103 2309 γέννημα
1129 2255 1147 2304 ;

974 2443 1179 2497 ΑΛΛΟ.

352 2560 412 2614 Εἰ
430 2561 501 2614 τὺ
523 2559 736 2630 ποίημα
753 2558 903 2610 ἔσται
936 2558 1031 2610 καὶ
1058 2557 1324 2627 γέννημα,
1347 2558 1375 2611 ὁ
1410 2557 1579 2611 ποιῶν
1604 2558 1756 2612 ἔσται
1775 2559 1869 2611 καὶ

290 2655 590 2723 γεννήτωρ.
626 2650 736 2703 Καὶ
788 2649 1045 2719 προάγων
1092 2649 1190 2719 μὲν
1226 2648 1288 2701 rb
1338 2650 1446 2701 πᾶν
1490 2649 1548 2713 ἐξ
1571 2649 1761 2702 ἑαυτοῦ
1794 2650 1868 2711 ὡς

293 2746 588 2814 γεννήτωρ,
613 2742 810 2808 ἔξωθεν
832 2741 887 2793 δὲ
915 2740 975 2793 rb
1032 2740 1161 2793 αὐτὸ
1198 2740 1363 2794 ποιῶν
1410 2740 1485 2804 ὡς
1516 2740 1865 2811 δημιουργός.

293 2834 419 2886 me
448 2832 651 2896 ἔξωθεν
691 2831 847 2884 τοῦτο
876 2834 1019 2883 ποιεῖ
1056 2830 1083 2882 ὃ
1111 2831 1204 2882 καδ⁹
1238 2831 1439 2884 τίκτειν
1471 2828 1531 2896 ἐξ
1555 2831 1747 2884 ἑαυτοῦ
1779 2831 1870 2884 δύο

291 2942 462 2985 ναται,
496 2922 612 2984 ἐνὸς
642 2921 792 2983 ὄντος
842 2919 941 2990 ἤδη
972 2916 1065 2970 τοῦ
1103 2917 1189 2970 ἐπ’
1226 2920 1423 2987 ἀμφοῖν
1474 2921 1696 2989 τρόπου,
1754 2920 1869 2983 πῶς

292 3015 347 3065 rb
367 3016 420 3066 ὲν
452 3014 537 3065 ἑνὶ
593 3012 879 3081 πράγματι
930 3009 1215 3078 συναχθὲν,
1278 3009 1370 3061 δύο
1426 3012 1767 3081 πραγμάτων
1802 3011 1867 3063 ἂν

1969 514 2026 571 Si
2047 531 2173 572 vero
2222 532 2342 588 quae
2370 522 2745 588 praestantiora
2781 523 2947 577 multo
2969 532 3111 587 sunt,
3144 538 3246 577 non
3265 534 3390 580 sunt
3444 526 3539 580 lilii

1970 608 2191 678 (nemini
2216 610 2358 664 enim
2389 625 2628 680 unquam
2677 613 2988 683 angelorum
3045 615 3183 669 dixit
3222 613 3363 671 Deus
3400 636 3413 671 :
3451 617 3539 672 Fi-

1970 697 2070 753 lius
2094 714 2246 755 meus
2275 715 2334 756 es
2395 704 2473 772 tu)
2501 718 2513 755 :
2543 718 2647 759 non
2676 704 2784 760 erit
2813 705 2999 775 itaque
3042 716 3291 761 creatura
3321 710 3538 778 proprie

1968 803 2236 858 gemmeo.

2634 908 2863 964 ALIUD.

2043 1017 2100 1072 Si
2128 1026 2375 1073 creatura
2402 1028 2454 1075 et
2488 1022 2734 1088 genimcn
2782 1034 2910 1079 sunt
2932 1025 3096 1089 idem,
3126 1029 3215 1096 qui
3246 1036 3399 1082 creat
3438 1029 3543 1083 erit

1968 1107 2145 1163 Pater.
2180 1109 2236 1163 Si
2270 1119 2448 1166 autem
2481 1124 2628 1167 creat
2661 1113 2848 1179 Filius,
2881 1118 2987 1172 erit
3016 1119 3127 1187 ipse
3170 1120 3334 1174 etiam
3358 1121 3537 1176 Pater.

1968 1202 2119 1266 Quod
2146 1202 2189 1254 si
2226 1217 2410 1256 verum
2431 1214 2532 1268 est,
2565 1207 2669 1259 erit
2695 1204 2871 1261 Patris
2895 1207 3053 1263 Pater
3092 1210 3384 1277 ingenitus,
3411 1212 3539 1264 nihil

1970 1293 2198 1360 amplius
2231 1295 2433 1349 habens
2464 1310 2624 1363 quam
2665 1313 2762 1351 nos
2798 1299 2849 1352 in
2878 1314 2974 1353 sua
3019 1302 3198 1355 divina
3233 1304 3540 1371 generatio-

1971 1400 2060 1449 ne,
2090 1384 2355 1453 siquidem
2387 1386 2632 1456 genimcn
2663 1398 2717 1442 ct
2745 1400 2994 1445 creatura
3028 1392 3164 1446 idem
3192 1404 3293 1446 est.

2642 1586 2874 1643 ALIUD.

2046 1694 2101 1748 Si
2136 1704 2381 1749 creatura
2413 1711 2538 1751 vere
2586 1698 2750 1751 etiam
2813 1708 2898 1753 est
2950 1700 3221 1767 genimcn,
3276 1700 3415 1755 sicut
3452 1700 3543 1754 Fi-

1976 1783 2076 1836 lius
2111 1800 2126 1841 :
2192 1784 2297 1839 erit
2330 1795 2477 1839 certe
2500 1785 2671 1840 Filius
2692 1788 2933 1841 omnium
2987 1787 3175 1854 frater,
3217 1805 3322 1842 non
3366 1799 3545 1843 autem

1979 1876 2233 1929 Dominus
2268 1876 2427 1929 Deus.
2460 1876 2514 1929 Si
2548 1893 2678 1931 vero
2709 1888 2790 1932 est
2838 1879 3093 1935 Dominus
3128 1892 3181 1934 et
3218 1880 3377 1943 Dens,
3444 1897 3545 1935 non

1976 1965 2137 2033 igitur
2163 1964 2347 2019 frater.
2387 1965 2442 2019 Si
2468 1983 2596 2037 ergo
2637 1968 2798 2031 Filio,
2830 1985 2951 2024 cum
3006 1972 3076 2025 sit
3113 1972 3547 2041 unigenitus,ni-

1975 2055 2047 2108 hil
2076 2071 2139 2109 er
2182 2055 2245 2109 iis
2282 2071 2402 2124 quae
2440 2059 2708 2113 exsistunt
2751 2060 2921 2127 possit
2980 2060 3085 2113 dici
3137 2061 3323 2123 frater,
3366 2059 3547 2128 profe-

1974 2159 2062 2204 cto
2096 2150 2300 2219 reliqua
2338 2153 2605 2219 genimina
2634 2155 2846 2223 proprie
2867 2168 2973 2208 non
2999 2164 3179 2215 erunt,
3206 2157 3299 2209 sed
3330 2156 3547 2224 proprie

1974 2246 2254 2292 creaturze.
2292 2239 2572 2305 Quomodo
2597 2256 2727 2312 ergo
2760 2242 2897 2297 idem
2939 2243 3048 2297 sint
3095 2255 3339 2297 creatura
3374 2253 3426 2297 et
3458 2258 3548 2311 ge-

1977 2330 2191 2385 nimen?

2636 2440 2865 2497 ALIUD.

2046 2557 2101 2612 Si
2140 2572 2273 2625 opus
2304 2566 2356 2611 et
2384 2557 2633 2628 genimcn
2690 2566 2817 2611 sunt
2860 2556 3024 2618 idem,
3083 2555 3261 2623 epifex
3306 2556 3466 2610 etiam
3498 2563 3553 2608 et

1975 2652 2186 2721 genitor
2220 2651 2358 2704 idem
2387 2657 2567 2704 erunt.
2598 2649 2665 2703 Et
2696 2649 2999 2717 producens
3031 2648 3248 2716 quidem
3276 2647 3457 2702 omnia
3484 2661 3549 2701 ex

1975 2756 2033 2796 se
2070 2748 2127 2794 ut
2161 2742 2407 2809 genitor,
2443 2740 2779 2793 extrinsecus
2807 2752 2934 2793 vero
2964 2739 3064 2792 hoc
3088 2737 3290 2791 faciens
3324 2749 3550 2791 utcrea-

1976 2841 2079 2886 tor.
2106 2832 2162 2886 Si
2196 2847 2320 2886 vero
2356 2832 2694 2886 extrinsecus
2722 2831 2861 2884 idem
2893 2830 3042 2891 facit,
3082 2832 3222 2897 quod
3250 2838 3303 2883 et
3331 2831 3551 2899 gignere

1975 2938 2040 2977 ex
2069 2937 2127 2977 se
2144 2932 2339 2993 potest,
2366 2938 2486 2977 cum
2525 2936 2628 2975 una
2665 2921 2961 2990 eademque
2989 2921 3059 2973 sit
3088 2921 3139 2973 in
3197 2931 3426 2988 utroque
3473 2936 3553 2973 ra-

1978 3014 2074 3080 tio,
2104 3014 2375 3083 quomodo
2403 3013 2546 3083 quod
2581 3014 2633 3066 in
2666 3026 2826 3065 unam
2859 3026 2970 3065 rem
2997 3010 3252 3065 collatum
3287 3020 3388 3074 est,
3427 3011 3551 3064 dna-

294 3104 397 3173 έχοι
427 3103 824 3174 προσηγορίας,
860 3102 909 3154 εί
963 3101 1037 3171 μὴ
1062 3102 1170 3173 ἄρα
1203 3100 1405 3173 θατέρα
1456 3101 1636 3156 αὐτῶν
1662 3103 1745 3171 εἴη
1789 3102 1869 3154 δι-

1977 3121 2093 3160 rum
2125 3120 2302 3161 rerum
2334 3104 2748 3174 appellationem
2808 3104 3024 3170 habeat,
3062 3105 3164 3157 nisi
3228 3102 3550 3157 alterutrum

294 3192 601 3264 εψευσμένη
623 3210 638 3257 ;

984 3305 1188 3359 AAAO.

360 3419 423 3471 Εἰ
448 3417 513 3469 τὸ
558 3416 964 3487 κτίσμακτοῦτο
1014 3417 1106 3469 καὶ
1143 3416 1407 3487 γέννημα,
1453 3418 1658 3489 κτίσμα
1680 3420 1758 3479 δὲ,
1798 3419 1874 3481 ὥς

298 3525 450 3578 φασι,
496 3508 558 3560 rb
608 3508 847 3578 Πνεῦμα,
873 3508 1028 3578 δῆλον
1056 3508 1140 3560 ὃτι
1201 3510 1294 3561 καὶ
1347 3508 1617 3577 γέννημα.
1658 3510 1795 3562 Ἀλλ’
1828 3511 1877 3562 εί

300 3599 391 3666 μὲν
446 3596 662 3667 Πατρὺς
685 3637 697 3655 .
758 3596 938 3649 οὐκέτι
973 3595 1265 3666 μονογενὴς
1304 3599 1332 3648 ὁ
1363 3597 1507 3658 Υἱός.
1534 3598 1594 3649 Εἰ
1616 3596 1672 3648 δὲ
1702 3597 1834 3650 Υἱοῦ
1860 3636 1875 3662 ,

297 3684 447 3737 ἔσται
493 3684 620 3748 Υἱὸς
643 3684 794 3749 Υίοῦ,
826 3686 979 3754 είπερ
1000 3685 1061 3737 rb
1091 3684 1293 3755 κτίσμα
1343 3685 1499 3738 τοῦτο
1522 3685 1613 3738 καὶ
1635 3685 1872 3755 γέννημα

1978 3695 2082 3749 erit
2141 3695 2445 3763 unigenitus
2514 3693 2683 3750 Filius

295 3775 573 3847 τυγχάνει.

299 3993 429 4053 ὀτι
455 3994 544 4065 μὴ
573 3995 654 4059 τῷ
691 3995 907 4055 κτίζὲιν
938 3995 1275 4120 τὸΘγεζνᾷν
1312 3998 1533 4052 ταυτόν
1569 3998 1740 4051 ἐστιν
1770 3995 1872 4048 ἐπὶ

1057 4084 1181 4120 εου.

1057 4084 1181 4120 εου.

366 4181 435 4233 Ei
462 4179 521 4233 rb
546 4181 739 4251 γεννᾷν
767 4180 937 4233 καὶτὸ
965 4181 1137 4231 ποιεῖν
1179 4180 1373 4232 ταυτόν
1394 4180 1508 4233 ἐστι
1548 4180 1700 4251 παρά
1731 4179 1876 4250 Θεῷ,

1984 3213 2167 3254 eorum
2195 3198 2265 3253 sit
2303 3197 2530 3253 falsum?

2645 3309 2883 3365 ALIUD.

2054 3424 2110 3478 Si
2141 3432 2389 3479 creatura
2413 3431 2469 3478 et
2495 3422 2745 3494 genimcn
2778 3422 2920 3477 idem
2952 3430 3100 3487 sunt,
3150 3429 3400 3477 creatura
3454 3434 3551 3482 an-

1982 3525 2087 3570 tem
2122 3525 2228 3580 est,
2252 3525 2312 3569 ut
2342 3516 2492 3569 aiunt
2519 3515 2617 3581 illi,
2655 3514 2892 3582 Spiritus
2920 3522 3163 3579 sanctus,
3199 3523 3348 3567 certe
3377 3520 3431 3566 et
3459 3526 3553 3579 ge-

1981 3608 2161 3661 nimen
2196 3608 2323 3660 erit.
2352 3606 2513 3673 Atqui
2558 3606 2601 3659 si
2630 3606 2808 3661 Patris
2842 3607 3092 3674 genimcn
3145 3614 3247 3670 est,
3278 3603 3386 3669 jam
3449 3618 3552 3656 non

2742 3712 2755 3745 :
2802 3696 2848 3748 si
2898 3709 3026 3750 vero
3075 3695 3236 3756 Filii,
3291 3695 3396 3747 erit
3474 3690 3557 3744 Fi-

1980 3783 2083 3837 lius
2154 3783 2301 3849 Filii,
2355 3784 2625 3839 siouidem
2676 3794 2925 3840 creatura
2982 3794 3037 3840 et
3116 3785 3362 3854 genimcn
3414 3783 3553 3836 idem

1980 3881 2127 3928 δυηῑ.

2090 4006 2240 4073 Quod
2264 4022 2440 4060 creare
2461 4017 2508 4060 et
2531 4008 2738 4077 gignere
2756 4023 2860 4061 non
2894 4015 3018 4061 sunt
3040 4006 3180 4059 idem
3230 4006 3285 4059 in
3311 4006 3445 4061 Deo.

2053 4182 2109 4238 Si
2142 4183 2360 4252 gignere
2384 4190 2439 4236 et
2473 4196 2657 4236 creare
2681 4182 2820 4237 idem
2851 4190 2931 4237 est
2960 4182 3011 4236 in
3044 4180 3173 4247 Deo,
3201 4189 3425 4251 generat
3456 4198 3553 4235 au-

301 4273 470 4342 γεννᾷ
492 4270 549 4324 δὲ
580 4271 669 4324 τὸν
699 4271 823 4323 Υίὸν
853 4269 1241 4340 ἀμεσιτεύτως,
1283 4269 1442 4339 δῆλον
1466 4270 1547 4322 ὃτι
1577 4270 1667 4322 καὶ
1699 4270 1872 4323 πάντα

1986 4282 2088 4327 tem
2118 4273 2311 4326 Filium
2359 4272 2672 4328 immediate
2724 4288 2820 4342 per
2850 4288 2908 4328 se
2935 4289 2950 4329 :
2982 4283 3130 4328 certe
3161 4272 3321 4327 etiam
3374 4274 3552 4328 omnia

300 4363 471 4433 γεννᾷ
501 4361 533 4430 ἢ
562 4363 707 4414 ποιεῖ
730 4360 1117 4426 ἀμεσιτεύτως.
1158 4359 1293 4412 Είδὲ
1342 4361 1504 4429 γεννᾷ
1547 4359 1644 4429 μὲν
1680 4360 1741 4412 οὐ
1791 4360 1872 4412 διά

1986 4362 2296 4416 immediate
2315 4378 2411 4430 per
2438 4376 2495 4415 se
2526 4372 2747 4431 generat
2774 4361 2857 4415 vel
2889 4360 3037 4415 facit.
3089 4360 3146 4415 Si
3178 4371 3358 4415 autem
3391 4378 3553 4432 gene-

300 4471 469 4516 τινος,
518 4453 699 4505 οὐκέτι
754 4451 809 4503 δὲ
850 4454 941 4504 καὶ
982 4451 1052 4503 τὰ
1104 4452 1279 4504 πάντα
1316 4454 1460 4503 ποιεῖ
1482 4450 1872 4520 ἀμεσιτεύτως,

1991 4460 2071 4505 rat
2100 4467 2205 4507 non
2238 4464 2334 4521 per
2356 4451 2615 4520 aliquem,
2649 4460 2701 4505 at
2732 4466 2839 4506 non
2865 4452 3044 4512 omnia
3072 4451 3204 4507 facit
3249 4452 3557 4506 immediate

302 4545 418 4607 πῶς
448 4544 509 4597 rb
534 4544 728 4613 γεννᾷν
760 4543 953 4595 ταυτὸν
1014 4544 1127 4595 ἐστι
1179 4540 1257 4611 τῷ
1300 4544 1470 4594 ποιεῖν
1522 4541 1670 4611 παρὰ
1725 4540 1877 4609 Θεῷ;

302 4636 457 4689 θοιεῖ
477 4635 531 4688 δὲ
562 4636 800 4705 σεισμὸν,
850 4633 1054 4703 λοιμὸν,
1088 4633 1489 4701 κατακλυσμὸν,
1526 4633 1697 4685 ταῦτα
1729 4633 1880 4686 ἕσται

302 4726 511 4792 γεννῶν
540 4726 756 4789 ἀποιεῑ,
793 4727 949 4796 εἴπερ
1000 4725 1076 4795 τῷ
1108 4727 1279 4778 ποιεῖν
1320 4724 1379 4776 τὸ
1435 4725 1628 4793 γεννᾷν
1680 4726 1876 4777 ταυτόν

301 4817 418 4871 ἐστι
448 4817 578 4889 παρ’
607 4817 775 4887 αὐτῷ.

997 4926 1196 4979 ΑΛΛΟ.

373 5044 438 5095 Ei
471 5042 594 5096 ὅθεν
633 5042 798 5111 γεννᾷ
847 5039 1014 5103 Θεὸς,
1072 5039 1280 5093 ἐκεῖθεν
1332 5040 1424 5092 καὶ
1468 5040 1673 5103 κτίζει,
1727 5041 1879 5095 οὐδὲν

304 5135 542 5205 ἁράχνου
562 5134 772 5196 διοίσει,
804 5133 923 5186 κατ’
951 5132 1164 5194 αὐτοὺς,
1190 5132 1284 5184 τοῦ
1312 5132 1371 5184 τὸ
1401 5130 1604 5194 κτίζειν
1644 5134 1792 5202 παρὰ
1822 5135 1881 5186 rb

313 5226 500 5295 γεννᾷν
529 5225 628 5278 οὐκ
654 5224 828 5288 ἄλλως
855 5224 1085 5294 ἔχοντος.
1123 5223 1260 5275 Ἀλλ’
1286 5214 1440 5285 οὗτος
1482 5222 1580 5290 μὲν
1603 5222 1751 5295 νόμῳ
1782 5223 1881 5292 φύ-

308 5332 443 5378 σεως
471 5316 758 5385 ἀγόμενος,
788 5316 911 5368 ὅθεν
939 5316 1118 5384 γεννᾷ,
1153 5314 1358 5366 ἐκεῖθεν
1400 5314 1493 5366 καὶ
1526 5313 1719 5377 κτίζει.
1746 5315 1879 5378 Θεὸς

302 5404 380 5465 6‘s,
398 5405 495 5457 οὐκ
514 5402 589 5457 ὢν
612 5405 717 5457 ὑπὸ
742 5404 920 5472 φύσιν,
947 5403 1021 5465 ὡς
1051 5403 1260 5472 ἀνάγκῃ
1284 5403 1496 5470 φύσεως
1526 5404 1880 5471 ὑποκείμενος

316 5496 437 5565 παρ’
462 5496 640 5549 αὐτῶν
673 5494 1015 5565 ἀτιμάζεται.

991 5607 1195 5658 ΑΛΛΟ.

378 5720 438 5772 Εἰ
468 5720 591 5773 ἐπεὶ
619 5719 908 5775 ἀσύνθετον
940 5721 997 5773 τὸ
1027 5721 1199 5785 Θεῖον,
1230 5718 1482 5785 ὡσαύτως
1516 5718 1627 5783 ἔχει
1654 5719 1729 5781 τῷ
1755 5734 1876 5782 γεν-

1985 4557 2078 4612 per
2112 4557 2191 4608 se,
2248 4544 2517 4609 quomodo
2560 4543 2699 4595 idem
2735 4543 2837 4596 erit
2876 4557 3136 4610 generare
3176 4551 3230 4596 et
3282 4542 3461 4595 facere
3496 4543 3557 4601 jn

1987 4634 2136 4687 Deo?
2163 4632 2315 4686 Facit
2344 4646 2473 4686 vero
2508 4642 2667 4686 terra:
2719 4642 2945 4696 motum,
2980 4642 3209 4702 pestem,
3241 4631 3503 4685 diluvium
3540 4647 3553 4685 :

1986 4739 2114 4790 ergo
2142 4732 2196 4775 et
2226 4731 2453 4793 generat
2486 4737 2603 4791 quae
2627 4721 2775 4788 facit,
2807 4725 2851 4778 si
2891 4725 3049 4780 modo
3071 4738 3331 4794 generare
3388 4730 3441 4775 et
3475 4720 3555 4775 fa-

1987 4830 2109 4869 cere
2138 4814 2281 4870 idem
2312 4815 2366 4869 in
2394 4814 2511 4883 ipso
2531 4822 2635 4869 est.

2545 4926 2704 4999 134
2759 4905 3006 4981 ALIUD."

2054 5039 2108 5094 Si
2138 5040 2280 5094 unde
2295 5050 2521 5110 generat
2565 5042 2728 5106 Deus,
2762 5041 2886 5095 inde
2911 5040 3071 5095 etiam
3093 5047 3265 5103 creat,
3302 5038 3458 5092 nihil:
3491 5039 3563 5092 ah‘

1989 5143 2185 5183 aranea
2210 5129 2441 5195 differet,
2465 5130 2621 5198 juxta
2654 5130 2913 5198 illos,.qui
2951 5144 3053 5183 non
3080 5128 3183 5181 alia
3220 5129 3430 5182 ratione
3462 5142 3557 5195 ge-

1987 5228 2161 5285 nerat,
2184 5235 2341 5288 quam
2371 5220 2518 5274 facit.
2552 5220 2654 5273 Sed
2684 5220 2770 5274 hic
2803 5220 3017 5289 quidem
3047 5219 3162 5288 lege
3187 5228 3389 5272 natum
3450 5220 3555 5272 du-

1988 5319 2127 5373 ctus,
2154 5310 2291 5363 unde
2323 5318 2565 5378 generat,
2592 5311 2715 5363 inde
2740 5318 2793 5363 et
2813 5319 2979 5363 creat.
3037 5308 3177 5362 Deus
3227 5318 3407 5361 autem
3436 5321 3557 5360 cum

1992 5417 2094 5455 non
2127 5401 2197 5455 sit
2232 5411 2441 5454 naturae
2471 5400 2763 5468 suhjectus,
2806 5410 3061 5469 tanquam
3111 5410 3318 5454 natura:
3352 5398 3559 5469 legibus

1986 5491 2227 5547 subditus
2257 5489 2324 5544 ab
2351 5491 2478 5559 ipsis
2504 5491 2887 5546 contemnitur.

2658 5602 2889 5660 ALIUD.

2066 5715 2119 5769 Si
2150 5715 2401 5783 quoniam
2446 5718 2709 5775 Divinitas
2754 5721 3050 5784 conquisita
3096 5733 3202 5772 non
3234 5726 3335 5775 est,
3364 5708 3508 5768 cadc'
