4036 6208
435 279 537 339 διι

1465 288 1523 343 S.
1566 285 1843 343 CYRILLI
1879 281 2349 339 ALEXANDRINI
2386 282 2701 339 ARCHIEP.

3577 281 3681 338 ειξ

443 392 653 449 ratione
682 404 923 466 generat,
978 414 1086 468 qua
1140 408 1331 454 creat:
1360 399 1548 453 eadem
1587 399 1753 452 etiam
1800 397 2008 450 ratione

2121 396 2207 466 νᾷν
2229 397 2289 449 rb
2326 399 2500 450 ποιεῖν
2524 434 2539 460 ,
2584 396 2843 459 ὡσαύτως
2900 395 3010 460 ἔξει
3054 396 3146 449 καὶ
3176 395 3245 461 ,τὸ
3282 394 3683 465 προγινώσκειν

441 496 879 557 praenoscet,qua
912 488 1099 555 faciet,
1128 497 1187 542 ut
1207 488 1458 542 nimirum
1480 486 1642 540 etiam
1667 486 1770 541 hac
1798 485 2007 541 ratione

2121 484 2187 554 τῷ
2222 489 2415 553 ποιεῖν,
2443 489 2529 540 ῖνα
2554 488 2648 540 καὶ
2672 488 2842 558 ταύτῃ
2945 487 3254 541 ἀσύνθετον.
3296 488 3361 539 Εἰ
3410 487 3467 539 δὲ
3493 487 3679 551 τοῦτο,

441 572 637 628 sitnon
671 577 990 645 composita.
1017 576 1166 644 Quod
1182 576 1227 630 si
1255 576 1326 629 ita
1354 584 1455 639 est.
1483 576 1822 630 eritomnino
1843 574 2007 630 etiam

445 662 652 718 faciens
712 665 850 720 mala
901 681 1019 733 quae
1074 664 1382 733 praenoscit,
1411 664 1454 718 si
1499 667 1658 720 modo
1688 665 1827 719 idem
1881 673 2011 718 sunt

446 752 560 806 haec
610 753 663 806 in
704 755 839 823 ipso,
889 754 1027 823 quod
1066 753 1280 821 quidem
1323 761 1405 805 est
1435 767 1537 806 non
1575 767 1696 808 esse
1743 752 2010 824 composi-

448 852 582 897 tum.

1109 950 1343 1009 ALIUD.

517 1060 573 1113 Si
604 1059 743 1113 Deus
767 1062 951 1114 eadem
982 1063 1187 1117 ratione
1204 1071 1426 1132 generat
1445 1073 1500 1118 et
1529 1072 1699 1130 creat,
1728 1062 1852 1132 quia
1871 1077 2014 1117 com-

447 1148 655 1215 positus
684 1162 788 1201 non
822 1158 904 1203 est
932 1168 946 1204 :
1000 1150 1182 1205 videre
1208 1160 1261 1205 et
1286 1166 1545 1221 generare
1573 1152 1714 1209 idem
1760 1152 1923 1207 etiam
1958 1152 2012 1205 in

449 1240 565 1307 ipso
596 1239 779 1307 fuerit,
814 1251 872 1295 ut
901 1242 955 1296 in
974 1243 1282 1299 universum
1314 1261 1419 1299 non
1444 1245 1515 1300 sit
1565 1245 1918 1315 compositus.
1955 1240 2012 1297 Si

446 1344 576 1385 vero
641 1331 756 1387 haec
822 1347 927 1388 non
980 1344 1107 1391 sunt
1159 1336 1212 1389 in
1262 1351 1327 1391 eo
1374 1335 1730 1391 indiﬂ‘erentia
1761 1375 1777 1400 ,
1855 1344 2017 1403 atque

450 1420 637 1473 eadem
685 1422 881 1491 (neque
919 1423 1062 1479 enim
1125 1428 1267 1493 quod
1329 1426 1495 1490 videt,
1539 1426 1643 1480 hoc
1693 1436 1748 1479 et
1772 1424 2016 1495 generat)

451 1508 767 1577 simplicitas
814 1510 930 1580 ejus
990 1528 1094 1567 non
1152 1514 1363 1568 laeditur
1398 1532 1410 1566 :
1448 1530 1516 1569 ne
1543 1515 1595 1569 id
1629 1514 1843 1583 quidem
1874 1515 2017 1583 quod

451 1600 608 1653 aliter
657 1613 900 1671 generet,
948 1604 1105 1660 aliter
1160 1614 1324 1671 creet,
1376 1604 1570 1661 elliciet
1625 1616 1681 1660 ut
1738 1606 1810 1660 sit
1858 1620 2014 1661 com-

452 1692 677 1759 positus.

1115 1806 1346 1862 ALIUD.

522 1915 578 1970 Si
606 1916 658 1970 in
683 1918 877 1987 quibus
907 1934 1166 1991 generare
1196 1933 1247 1975 et
1296 1935 1484 1976 creare
1542 1921 1756 1976 diversa
1781 1931 1928 1987 sunt,
1981 1923 2019 1976 ii

450 2019 711 2076 generant
738 2024 804 2065 ex
835 2012 1049 2082 seipsis,
1102 2022 1287 2068 creant
1341 2028 1468 2068 vero
1518 2015 1896 2069 extrinsecus:
1966 2015 2018 2068 in

448 2099 647 2166 quibus
670 2115 794 2154 vero
818 2114 1078 2170 generare
1105 2109 1159 2156 et
1179 2116 1369 2156 creare
1400 2100 1539 2156 idem
1563 2112 1665 2166 est,
1690 2105 1743 2157 in
1768 2104 1833 2158 iis
1863 2118 1988 2158 crea
2005 2133 2020 2144 -

451 2205 509 2246 re
538 2190 876 2246 extrinsecus
908 2206 1013 2247 non
1061 2194 1296 2256 exsistit,
1341 2194 1792 2262 quemadmodum
1847 2209 2022 2263 neque

448 2294 515 2333 ex
551 2294 673 2335 sese
704 2296 986 2349 generare.
1020 2282 1077 2338 Si
1140 2299 1270 2337 vero
1329 2284 1664 2338 extrinsecus
1701 2294 1906 2339 tantum
1943 2286 2015 2337 illi

447 2372 771 2436 concedunt,
797 2371 937 2440 quod
970 2372 1186 2441 quidem
1220 2384 1302 2428 est
1324 2373 1524 2438 facere,
1571 2388 1835 2443 generare
1894 2388 2021 2428 vero

447 2470 552 2509 non
583 2458 709 2529 item
747 2476 758 2510 :
787 2459 1072 2530 adoptione
1104 2461 1208 2515 erit
1239 2468 1410 2529 pater,
1442 2462 1533 2530 qui
1569 2461 1833 2516 naturalis
1857 2476 2015 2516 crea-

448 2555 533 2601 ιυι*
560 2558 660 2602 εει.

1116 2663 1347 2720 ALIUD.

520 2770 577 2825 Si
610 2787 870 2841 generare
925 2782 981 2828 et
1030 2789 1219 2829 creare
1266 2777 1317 2829 in
1376 2775 1506 2839 Deo,
1536 2776 1661 2845 quia
1688 2776 2020 2846 compositus

448 2875 555 2913 non
582 2872 684 2925 est,
725 2862 866 2916 idem
896 2874 1044 2928 sunt,
1072 2880 1177 2919 non
1210 2875 1387 2919 autem
1410 2865 1572 2919 etiam
1602 2866 1655 2918 in
1691 2866 1867 2932 nobis,
1893 2866 2019 2934 quia

450 2951 584 3006 tales
612 2968 715 3005 non
741 2968 927 3008 sumus
961 2970 974 3005 :
1013 2957 1151 3011 idem
1170 2957 1274 3009 erit
1304 2957 1354 3008 in
1378 2955 1466 3009 illo
1486 2970 1821 3024 praenoscere
1849 2967 1902 3011 et
1929 2971 2019 3025 ge-

2111 574 2263 626 ἐσται
2294 575 2459 629 ποιῶν
2478 575 2513 629 ἃ
2547 576 2906 646 προγινώσκει
2927 575 3094 639 κακὰ,
3115 576 3275 646 εἴπερ
3298 575 3492 629 ταυτὸν
3511 575 3685 629 ταῦτα

2112 668 2241 736 παρ’
2277 666 2444 737 αὐτῷ,
2475 669 2556 721 ὅτι
2583 668 2647 739 δὴ
2674 669 2767 722 καὶ
2793 667 3101 722 ἀσύνθετον.

2796 948 2999 1003 AAAO.

2187 1059 2250 1111 Εί
2281 1060 2340 1113 rb
2372 1061 2563 1128 γεννᾷν
2599 1076 2694 1113 και
2740 1076 2803 1112 το
2834 1058 3036 1122 κτίζειν
3078 1057 3341 1123 ὡσαύτως
3375 1058 3489 1130 ἔχει
3516 1059 3649 1124 Θεὸς
3668 1098 3683 1121 ,

2116 1148 2302 1219 ἐπειδὴ
2327 1149 2637 1213 ἀσύνθετος,
2663 1151 2756 1204 καὶ
2778 1152 2839 1203 τὸ
2859 1152 2992 1221 ὁρᾷν
3046 1149 3125 1221 τῷ
3154 1152 3350 1221 γεννᾷν
3382 1152 3577 1205 ταυτὸν
3620 1153 3687 1206 ἂν

2116 1239 2201 1311 εἴη
2230 1242 2358 1313 παρ’
2387 1241 2560 1312 αὐτῷ,
2610 1242 2695 1295 ῖνα
2745 1243 2922 1313 πάντη
2945 1245 3004 1296 ἐν
3039 1242 3187 1314 αύτῷ
3209 1243 3271 1296 rb
3297 1242 3590 1298 ἀσύνθετον

2116 1334 2181 1387 Et
2215 1332 2272 1386 δὲ
2297 1333 2372 1404 μὴ
2399 1334 2527 1387 ὄντα
2553 1336 2681 1405 παρ’
2716 1334 2864 1405 αύτῷ
2927 1334 3097 1388 ταῦτα
3143 1335 3413 1406 ἀδιάφορα
3453 1334 3536 1405 (ού
3578 1336 3689 1406 γὰρ

2116 1426 2254 1496 ὅπερ
2281 1425 2402 1495 ὁρᾷ,
2430 1425 2590 1479 τοῦτο
2615 1425 2833 1490 πάντως
2858 1427 2953 1479 καὶ
2981 1425 3200 1497 τίκτει),
3217 1427 3279 1480 rb
3305 1427 3506 1481 ἁπλοῦν
3526 1427 3687 1480 αὑτοῦ

2117 1516 2179 1568 ού
2218 1515 2693 1587 λυμαίνεται,οὑδὲ
2719 1518 2778 1571 rb
2797 1519 2991 1588 γεννᾷν
3021 1518 3262 1588 δηλονότι
3296 1517 3457 1571 αὐτὸν
3486 1518 3690 1589 ἑτέρως

2119 1609 2214 1663 καὶ
2263 1609 2465 1673 κτίζειν
2517 1608 2711 1675 ἄλλως,
2769 1608 3022 1680 στέρησιν
3067 1608 3213 1679 αύτῷ
3250 1608 3346 1663 τοῦ
3393 1608 3689 1664 ἀσυνθέτου

2044 1717 2093 1777 Β
2120 1698 2429 1770 ἐργάζεται.

2802 1808 3008 1861 ΑΛΛΟ.

2193 1924 2253 1976 Et
2287 1922 2414 1993 παρ’
2450 1917 2531 1984 οἷς
2581 1920 2675 1974 τοῦ
2726 1921 2918 1990 γεννᾷν
2957 1920 3017 1971 τὸ
3076 1919 3280 1982 κτίζειν
3307 1918 3513 1988 ἕτερον,
3543 1918 3693 1988 παρὰ

2120 2015 2328 2076 τούτοις
2352 2012 2413 2066 τὸ
2440 2011 2499 2075 ἐξ
2529 2009 2735 2064 ἑαυτῶν
2755 2011 2969 2081 γεννᾷν,
2997 2008 3194 2072 ἔξωθεν
3214 2008 3269 2061 δὲ
3300 2007 3503 2072 κτίζειν
3524 2007 3693 2079 ὑπάρ-

2122 2120 2227 2174 χει,
2254 2103 2381 2173 παρ⁸
2413 2095 2457 2169 ᾧ
2485 2101 2541 2154 δὲ
2570 2101 2631 2153 rb
2649 2102 2843 2169 γεννᾷν
2863 2098 2942 2169 τῷ
2975 2098 3177 2163 κτίζειν
3215 2100 3430 2163 ταυτὸν,
3460 2099 3521 2152 rb
3563 2099 3693 2164 ἔξω.

2122 2194 2213 2245 θεν
2246 2192 2448 2255 κτίζειν
2468 2192 2566 2260 οὐχ
2589 2190 2843 2260 ὑπάρχει,
2897 2188 2971 2253 ὡς
3000 2189 3121 2242 οὐδὲ
3148 2188 3211 2241 τὸ
3231 2187 3440 2241 οἴκοθεν
3474 2190 3691 2257 γεννᾷν,

2121 2285 2183 2336 El
2214 2284 2270 2335 δὲ
2295 2283 2356 2336 rb
2389 2282 2587 2345 ἔξωθεν
2611 2282 2768 2350 μόνον
2801 2281 2949 2350 αὐτῷ
2977 2280 3367 2351 συγχωροῦσιν,
3397 2281 3425 2333 ὃ
3455 2282 3568 2333 ἐστι
3596 2282 3695 2350 μὲν

2122 2377 2315 2440 ποιεῖν,
2349 2375 2545 2443 γεννᾷν
2575 2373 2632 2425 δὲ
2663 2373 2722 2425 οὐ
2750 2372 2987 2440 θέλουσι,
3045 2372 3191 2426 θέσει
3234 2371 3388 2425 ἔσται
3436 2371 3619 2443 πατὴρ
3665 2371 3696 2423 ὁ

2123 2465 2265 2519 κατά
2286 2464 2445 2534 φύσιν
2476 2463 2825 2533 δημιουργός.

2787 2658 2990 2711 ΑΛΛΟ.

2192 2774 2255 2826 El
2308 2771 2366 2825 rb
2409 2770 2600 2840 γεννᾷν
2651 2768 2745 2821 καὶ
2779 2766 2841 2820 τὸ
2886 2765 3092 2829 κτίζειν
3132 2765 3283 2835 παρά
3315 2738 3454 2834 Θεῷ,
3508 2764 3695 2834 ἐπειδὴ

2124 2863 2434 2928 ἀσύνθετος,
2460 2861 2651 2914 ταυτόν
2682 2859 2850 2921 ἐστιν,
2881 2858 3065 2911 οὐκέτι
3117 2856 3174 2910 δὲ
3225 2857 3319 2911 καὶ
3351 2857 3480 2926 παρ’
3525 2856 3657 2925 ἡμῖν
3677 2894 3694 2918 ,

2124 2957 2246 3011 ἐπεὶ
2282 2955 2356 3026 μὴ
2382 2953 2632 3017 τοιοῦτοι,
2655 2951 2807 3005 ἔσται
2826 2950 3021 3004 ταυτὸν
3055 2950 3183 3019 παρ’
3201 2947 3347 3018 αύτῷ
3363 2947 3423 3001 rb
3450 2949 3719 3017 προνοεῖν

451 3055 663 3095 nerare.
684 3041 799 3095 Non
822 3043 967 3096 enim
996 3042 1097 3097 hoc
1134 3045 1184 3097 in
1211 3044 1365 3097 nobis
1391 3044 1531 3098 idem
1563 3056 1665 3110 est,
1701 3047 1826 3115 quia
1865 3060 2010 3098 com:

2123 3050 2199 3120 τῷ
2227 3048 2438 3117 γεννᾷν.
2462 3045 2535 3098 Ού
2559 3044 2667 3116 γὰρ
2686 3043 2853 3098 ταυτὸ
2882 3040 3040 3096 τοῦτο
3065 3042 3193 3111 παρ’
3214 3042 3366 3111 ἡμῖν,
3396 3040 3479 3093 ὅτι
3510 3037 3697 3091 σύνθεο

451 3128 609 3197 positi
634 3143 841 3183 sumus.
861 3128 925 3183 Si
961 3145 1089 3184 vero
1110 3132 1335 3199 simplex
1368 3131 1511 3185 illius
1541 3141 1730 3185 natura
1771 3141 1822 3184 et
1870 3145 2017 3184 com-

451 3218 733 3285 positionis
760 3233 973 3288 expers,
1032 3234 1152 3273 eam
1205 3235 1323 3289 qua:
1352 3221 1402 3274 in
1430 3220 1585 3275 nobis
1618 3229 1722 3285 est,
1761 3218 2017 3274 (ἥσει-ευ-

453 3309 603 3375 tiam,
641 3325 745 3362 non
780 3310 1050 3363 diversam
1083 3310 1150 3364 ab
1183 3324 1248 3364 eo
1293 3325 1413 3365 esse
1435 3311 1650 3378 coegit:
1680 3325 1747 3364 ne
1774 3310 1875 3365 hoc
1907 3310 2021 3378 qui-

453 3399 573 3452 dem
601 3399 744 3467 quod
772 3401 931 3454 aliter
959 3408 1201 3465 generet,
1238 3399 1401 3455 aliter
1424 3411 1594 3465 creet,
1631 3399 1827 3455 elﬁciet
1858 3409 1915 3455 ut
1946 3400 2020 3455 sit

453 3492 803 3560 compositus.

1126 3603 1349 3659 ALIUD.

525 3714 579 3767 Si
627 3727 883 3783 generare
919 3715 1058 3768 idem
1092 3726 1174 3769 est
1199 3717 1342 3783 quod
1368 3729 1578 3780 creare,
1625 3732 1891 3785 generans
1916 3720 2018 3773 erit

453 3819 642 3857 ereans
668 3803 719 3857 id
778 3804 918 3873 quod
975 3815 1291 3873 generatum
1356 3815 1459 3870 est,
1523 3816 1579 3860 et
1636 3824 1904 3877 generatus
1967 3812 2017 3863 id

450 3896 591 3963 quod
614 3906 853 3950 creatum
884 3905 985 3951 est.
1010 3897 1078 3950 At
1112 3911 1240 3951 vero
1297 3896 1475 3951 facere
1527 3899 1641 3953 sive
1684 3914 1874 3955 creare
1932 3911 2019 3956 est

450 3988 800 4054 operationis,
857 4002 1121 4057 generare
1150 4005 1276 4044 vero
1304 3998 1527 4043 naturae.
1562 3989 1766 4043 Natura
1836 4001 2015 4045 autem

450 4087 505 4130 et
533 4081 772 4148 Operatio
791 4095 897 4133 non
922 4089 1043 4135 sunt
1074 4080 1212 4135 idem
1238 4095 1254 4132 :
1280 4093 1539 4147 generare
1562 4079 1726 4149 igitur
1745 4090 1798 4135 et
1830 4095 2018 4137 creare

450 4183 555 4223 non
584 4178 708 4224 sunt
742 4171 904 4225 idem.

1111 4282 1340 4338 ALIUD.

2125 3159 2226 3195 τοι·
2249 3142 2296 3193 εί
2329 3140 2385 3193 δὲ
2409 3139 2468 3192 rb
2502 3136 2706 3191 ἁπλοῦν
2748 3134 2914 3189 αὐτοῦ
2958 3134 3050 3187 καὶ
3088 3132 3377 3186 ἀσύνθετον
3430 3131 3529 3202 τὴν
3566 3129 3698 3200 παρ’

2127 3234 2257 3303 ἡμῖν
2277 3229 2537 3299 διαφορὰν
2560 3229 2660 3281 οὐκ
2694 3228 2914 3281 ἀλλοίαν
2947 3220 3085 3278 εἶναι
3123 3226 3255 3294 παρ’
3288 3221 3438 3292 αὐτῷ
3482 3222 3698 3288 egesta-

2128 3341 2277 3388 σατο,
2294 3323 2413 3376 οὐδὲ
2440 3322 2501 3375 rb
2522 3321 2719 3391 γεννᾷν
2743 3319 2903 3374 αὑτὸν
2924 3317 3115 3381 ἄλλως,
3134 3318 3227 3370 καὶ
3248 3315 3451 3380 κτίζειν
3472 3315 3695 3385 ἑτέρως,

2128 3412 2381 3484 στέρησιν
2410 3410 2555 3482 αύτῷ
2586 3409 2680 3464 τοῦ
2713 3407 3006 3463 ἀσυνθέτου
3036 3404 3344 3477 ἐργάζεται.

2815 3607 3017 3662 ΑΛΛΟ.

2199 3724 2260 3778 Εἰ
2284 3723 2360 3794 τῷ
2378 3723 2571 3791 γεννᾷν
2598 3721 2792 3774 ταυτόν
2825 3721 2941 3772 ὲστι
2966 3719 3025 3771 rb
3051 3718 3241 3777 ποιεῖν,
3264 3718 3291 3769 ὁ
3314 3712 3516 3782 γεννῶν
3545 3711 3696 3766 ἔσται

2128 3816 2296 3869 ποιῶν
2341 3814 2401 3867 rb
2449 3812 2813 3882 γεννώμενον,
2864 3810 2958 3863 καὶ
3001 3808 3202 3878 γεννῶν
3241 3806 3301 3859 rb
3351 3804 3694 3875 ποιούμενον.

2140 3906 2296 3959 Ἀλλά
2328 3906 2389 3957 rb
2412 3905 2513 3970 μὲν
2539 3907 2734 3966 ποιεῖν,
2769 3902 3050 3972 ἐνεργείας
3101 3901 3237 3965 ἐστὶ,
3291 3899 3505 3968 φύσεως
3553 3897 3609 3949 δὲ
3636 3896 3695 3948 rb

2125 3998 2339 4066 γεννᾷν.
2371 3995 2535 4057 hiat;
2560 3994 2617 4047 δὲ
2659 3994 2753 4047 καὶ
2816 3992 3065 4063 ἐνέργεια
3108 3992 3169 4045 ού
3221 3990 3433 4043 ταυτὸν·
3464 3989 3564 4041 οὐκ
3586 3987 3694 4057 ἄρα

2123 4086 2200 4140 τῶ
2232 4088 2422 4157 γεννᾷν
2465 4086 2525 4138 rb
2565 4086 2737 4138 ποιεῖν
2768 4083 2963 4137 ταυτὸν
2992 4082 3165 4136 ἔσται.

2812 4288 3016 4340 ΑΛΛΟ.

522 4390 577 4443 Si
629 4391 718 4459 qui
743 4389 944 4458 aliquid
980 4392 1109 4446 facit
1142 4392 1319 4459 Opil'ex
1350 4404 1451 4457 est,
1486 4394 1576 4461 qui
1631 4409 1755 4449 vero
1796 4406 2014 4465 general

2190 4401 2252 4453 Ei
2275 4399 2351 4469 τῷ
2380 4401 2550 4453 ποιεῖν
2578 4399 2907 4469 δημιουργός
2930 4398 3011 4461 τίς
3033 4400 3167 4460 ἐστι,
3192 4395 3270 4467 τῷ
3288 4395 3344 4449 δὲ
3372 4395 3560 4465 γεννᾷν
3591 4409 3689 4444 πα-

450 4487 623 4547 pater,
647 4488 791 4534 certe
820 4495 923 4535 non
948 4490 1071 4535 sunt
1094 4482 1232 4536 idem
1291 4481 1469 4538 facere
1511 4493 1565 4538 et
1595 4500 1788 4553 genera
1806 4499 1863 4538 re
1892 4504 1905 4540 :
1936 4488 2009 4539 si-

447 4568 664 4641 quidem
704 4569 847 4624 aliud
886 4570 1044 4641 185
1091 4573 1304 4642 quidem
1348 4584 1431 4629 est
1470 4587 1639 4643 pater,
1682 4585 1737 4631 et
1778 4578 2014 4632 vicissim

448 4660 625 4733 opifex
658 4661 821 4717 aliud.
846 4661 902 4718 Si
934 4678 1059 4719 vero
1082 4664 1259 4720 facere
1279 4666 1417 4720 idem
1450 4676 1532 4721 est
1562 4668 1703 4736 quod
1723 4682 2007 4737 generare,

448 4753 622 4822 opifex
671 4755 775 4811 erit
836 4765 893 4812 et
958 4767 1131 4827 pater.
1180 4758 1235 4812 Si
1291 4768 1469 4814 autem
1523 4760 1663 4816 lilius
1708 4772 1791 4816 est
1841 4762 2014 4816 factor

449 4861 551 4899 una
601 4862 723 4901 cum
785 4858 957 4917 patre,
1018 4851 1107 4920 qui
1150 4866 1282 4905 vero
1335 4851 1509 4906 Iactor
1569 4864 1673 4917 est,
1708 4863 1790 4907 est
1848 4855 2011 4907 etiam

448 4945 599 5003 pater
632 4952 646 4989 :
677 4935 822 4991 [ilius
869 4938 1030 4993 etiam
1068 4939 1183 5009 ipse
1223 4941 1331 4995 erit
1357 4952 1529 5011 pater,
1548 4945 1688 5013 quod
1719 4945 2009 4999 absurdum

448 5037 552 5081 88!.

1115 5141 1346 5200 ALIUD.

520 5269 576 5326 Si
605 5273 744 5328 idem
775 5287 901 5330 sunt
922 5285 1076 5346 pater
1096 5287 1149 5330 et
1182 5286 1415 5342 creator,
1451 5278 1713 5347 siquidem
1750 5294 2011 5350 generare

448 5369 503 5412 et
523 5360 700 5417 facere
727 5365 868 5419 idem
887 5375 1033 5433 sunt,
1055 5375 1111 5420 et
1136 5377 1349 5422 creator
1377 5379 1461 5422 est
1499 5382 1694 5423 nomen
1741 5372 2009 5438 operatio-

446 5448 575 5503 nis:
612 5463 766 5518 pater
788 5469 1003 5523 quoque
1026 5458 1216 5511 merito
1235 5458 1591 5526 operationis,
1641 5474 1745 5514 non
1797 5460 2010 5515 relatio-

450 5541 535 5595 nis
562 5556 755 5598 nomen
787 5543 966 5601 fuerit.
1003 5545 1057 5600 Si
1095 5563 1221 5603 vero
1247 5559 1300 5603 et
1352 5548 1452 5602 hoc
1484 5559 1539 5603 et
1570 5550 1695 5604 illud
1741 5554 2010 5621 operatio-

453 5632 534 5689 nis
558 5648 748 5692 nomen
795 5647 919 5693 est:
964 5647 1109 5694 certe
1160 5656 1265 5695 uno
1308 5649 1467 5709 atque
1525 5641 1714 5698 eodem
1769 5650 2010 5710 tempore

2122 4498 2245 4563 τηρ,
2294 4491 2395 4545 οὐκ
2438 4491 2502 4544 ἂν
2534 4493 2616 4561 εἴη
2648 4491 2841 4545 ταυτὸν
2869 4491 2928 4543 rb
2955 4492 3129 4542 ποιεῖν
3179 4488 3255 4559 τῷ
3288 4488 3502 4557 γεννᾷν,
3534 4485 3692 4553 εἴπερ

2121 4584 2303 4653 ἕτερον
2331 4583 2428 4653 μὲν
2460 4583 2573 4634 ἔστι
2603 4582 2804 4652 πατὴρ,
2828 4581 3155 4651 δημιουργὸς
3181 4581 3237 4632 δὲ
3264 4580 3464 4648 ὁμοίως
3486 4577 3688 4646 ἕτερον.

2122 4675 2182 4726 El
2214 4673 2268 4726 δὲ
2288 4673 2366 4743 τῷ
2389 4676 2559 4725 ποιεῖν
2597 4673 2791 4726 ταυτόν
2820 4674 2934 4724 ἐστι
2971 4672 3030 4724 rb
3053 4672 3268 4740 γεννᾷν,
3292 4672 3321 4722 ὁ
3347 4668 3515 4721 ποιῶν
3540 4666 3691 4718 ἔσται

2120 4767 2214 4821 καὶ⁵
2244 4768 2443 4836 πατήρ.
2474 4766 2536 4818 Εἰ
2581 4764 2638 4817 δὲ
2691 4763 2804 4816 ἔστι
2838 4763 3063 4833 ποιητὴς
3102 4764 3131 4814 ὁ
3164 4760 3278 4823 υἱὸς
3325 4759 3440 4827 ἅμα
3472 4757 3549 4827 τῷ
3588 4773 3692 4807 πα-

2119 4860 2226 4931 τρὶ,
2260 4861 2288 4910 ὁ
2323 4858 2378 4909 δὲ
2444 4857 2612 4909 ποιῶν
2659 4853 2902 4908 ἐστικαὶ
2957 4852 3158 4923 πατὴρ,
3202 4850 3354 4906 ἔσται
3385 4848 3479 4903 καὶ
3530 4846 3690 4909 αὐτὸς

2120 4949 2319 5020 πατὴρ,
2348 4950 2482 5016 ὅπερ
2513 4949 2728 5002 ἄτοπον.

2797 5141 2999 5194 ΑΛΛΟ.

2188 5280 2252 5333 Εἰ
2272 5278 2465 5331 ταυτόν
2492 5280 2606 5330 ἐστι
2642 5276 2825 5347 πατὴρ
2849 5276 2943 5329 καὶ
2971 5275 3323 5345 δημιουργὸς,
3342 5276 3465 5328 ἐπεὶ
3494 5277 3590 5330 καὶ
3610 5275 3689 5347 τῷ

2117 5372 2310 5441 γεννᾷν
2339 5371 2397 5423 rb
2430 5371 2600 5423 ποιεῖν
2635 5369 2829 5421 ταυτὸν
2854 5406 2869 5430 ,
2904 5366 3020 5420 ἐστι
3052 5367 3111 5420 δὲ
3153 5367 3432 5437 ἐνεργείας
3460 5368 3631 5439 ὄνομα
3659 5369 3690 5423 ὁ

2116 5459 2464 5530 δημιουργὸς,
2500 5458 2592 5511 καὶ
2619 5457 2676 5509 τὸ
2706 5456 2886 5527 πατὴρ
2911 5459 3132 5523 εἰκότως
3161 5460 3461 5530 ἐνεργείας,
3489 5461 3603 5514 ἀλλ’
3625 5459 3685 5511 ού

2120 5550 2358 5620 σχέσεως
2396 5549 2461 5601 ἂν
2487 5548 2606 5616 εἴη·
2639 5549 2687 5598 εί
2725 5547 2781 5599 δὲ
2812 5549 2905 5601 καὶ
2950 5550 3107 5603 τοῦτο
3149 5553 3371 5604 κάκεῖνο
3402 5551 3683 5619 ἐνεργείας

2117 5642 2253 5708 ἐστὶ,
2288 5638 2427 5694 κατά
2456 5638 2544 5693 τὸν
2571 5636 2731 5693 αὑτὸν
2759 5639 2949 5709 χρόνον
2975 5639 3126 5696 ἔσται
3155 5648 3357 5710 γεννῶν
3388 5641 3480 5697 καὶ
3512 5639 3683 5695 ποιῶν
