4036 6208
304 289 426 347 313

1692 293 2135 353 THESAUHUS.

3460 301 3566 357 δη

301 408 337 459 6
362 405 524 470 Θεὸς,
566 405 668 475 τῆς
702 405 982 476 ἐνεργείας
1020 409 1113 462 καὶ
1139 408 1196 463 ἐν
1223 408 1301 479 τῷ
1345 412 1539 482 γεννᾷν
1585 410 1679 464 καὶ
1710 412 1769 466 ὲν
1810 411 1868 482 τί]

1989 413 2249 469 eritDeus
2303 422 2356 471 et
2389 428 2675 485 generatis,
2705 423 2761 470 et
2788 430 3161 480 creans;cum
3219 418 3457 485 operatio
3510 428 3567 475 et

303 496 523 560 κτίζειν
535 497 636 551 οὐκ
661 496 837 562 ἄλλως
861 499 1114 572 ἐχούσης.

770 700 1137 786 ΛΟΓΟΣ
1211 701 1376 789 10'.

297 853 468 925 Πρὸς
505 853 648 920 τοὺς
677 854 989 925 λέγοντας,
1020 856 1107 908 ὅτι
1130 858 1163 909 ὁ
1191 856 1320 922 ΥΙὸς
1349 859 1460 911 οὐκ
1486 857 1658 911 ἐστιν
1680 859 1888 925 ἀληθι-

374 924 490 997 νός
515 926 715 997 ῌΛόγρς
744 923 850 997 ⁴τοῦ
889 924 1136 997 Πατρός,
1166 926 1307 997 ἀλλξ
1342 926 1545 997 ἕτερός
1584 928 1715 981 ἐστι
1752 923 1888 997 παρ’

373 995 574 1046 αὐτόν
592 991 667 1060 τῇ
682 994 865 1061 φύσει
896 991 1210 1059 καὶήξένος,
1246 994 1313 1047 τὸ
1343 996 1411 1047 δὲ
1431 991 1712 1050 ἐντεῦθεν
1743 991 1891 1051 συὶ·-

372 1063 699 1131 αγόμενον,
725 1064 813 1115 ὅτι
844 1065 940 1116 καὶ
970 1065 1290 1133 όμοούσιος
1311 1064 1390 1129 τῷ
1419 1067 1621 1133 "arpi,
1645 1066 1743 1119 καί
1777 1070 1891 1121 οὐκ

367 1132 626 1197 ἔξωθεν,
659 1133 797 1186 ἀλλ’
822 1133 891 1185 ἐκ
930 1132 1042 1201 τῆς
1070 1134 1287 1199 οὐσίας
1320 1134 1493 1188 ἐστίν
1529 1132 1744 1190 αὑτοῦ.

570 1242 889 1307 Ἀντίθεσις
928 1242 1009 1308 ὡς
1046 1243 1115 1297 ἐκ
1154 1244 1275 1299 τῶν
1303 1247 1631 1315 Εὐνομίου.

364 1354 437 1407 Ei
465 1352 658 1421 Λόγος,
692 1354 876 1422 φησὶν,
904 1355 933 1406 6
964 1355 1090 1418 Υἱός
1118 1357 1285 1424 ἐστιν,
1329 1357 1615 1428 ὁμοούσιον
1641 1360 1696 1413 δὲ
1746 1356 1887 1413 εἶναί

1997 504 2047 556 iu
2064 505 2318 571 creando,
2341 512 2395 558 ct
2430 505 2481 558 iu
2535 507 2844 573 generando
2868 507 3059 561 eodem
3099 510 3256 561 modo
3291 522 3411 561 sese
3465 507 3564 561 ba-

1995 592 2140 648 beat.

2323 722 2891 815 ASSERTIO
2970 727 3237 814 XIX.

1993 867 2253 938 Adpersus
2276 868 2528 931 dicentes,
2560 870 2700 938 quod
2723 867 2894 924 Filius
2920 888 3021 925 non
3047 874 3114 925 sit
3141 890 3311 927 verum
3344 872 3562 928 Verbum

2068 935 2249 1012 Putris
2279 953 2296 990 :
2335 935 2680 1012 sed__diverws
2712 940 2774 1012 σὺ
2824 942 2955 1012 ipso,
2990 954 3036 993 et
3059 954 3380 1012 extraneas:
3407 956 3560 1012 atque

2067 1010 2185 1058 hinc
2215 1007 2562 1078 concluditur,
2595 1008 2732 1073 quod
2755 1010 3216 1063 consubstantialis
3232 1013 3297 1064 sit
3325 1007 3494 1078 Patri,
3514 1022 3562 1066 et

2067 1091 2171 1128 non
2202 1075 2544 1138 extrinsecus,
2574 1080 2661 1128 sed
2680 1078 2921 1145 eximius
2955 1084 3200 1133 essentia.

2529 1246 2771 1317 Objectio
2828 1245 3098 1307 Eunomii.

2060 1362 2114 1417 Si
2156 1361 2354 1423 Filius.
2410 1362 2605 1429 inquit,
2655 1368 2741 1414 est
2797 1358 3055 1425 Verbum,
3106 1360 3565 1418 consubstantiale

291 1460 441 1512 φατε
463 1441 544 1512 τῷ
571 1442 767 1512 Πατρὶ,
806 1443 879 1511 μὴ
928 1444 1288 1499 διαλλαττέτω
1338 1449 1479 1502 κατά
1526 1467 1577 1502 τι
1628 1450 1762 1519 γοῦν
1810 1451 1868 1511 ὡς

1990 1469 2117 1509 vero
2150 1454 2200 1507 id
2234 1468 2353 1507 esse
2385 1452 2562 1507 dicitis
2590 1449 2738 1504 Patri
2769 1466 2783 1502 :
2819 1450 2967 1504 nulla
3009 1451 3174 1521 igitur
3198 1452 3251 1507 in
3304 1464 3460 1522 parte
3493 1455 3563 1509 ab

288 1533 441 1604 πρὸς
476 1533 641 1585 αὐτόν
666 1548 681 1564 ’
731 1531 874 1585 οὕτω
916 1533 1023 1604 γὰρ
1052 1533 1119 1587 ἂν
1142 1534 1226 1607 εἴη
1257 1536 1351 1590 καὶ¹
1384 1537 1689 1607 ὁμουύσιος.
1719 1540 1800 1608 ,Εί
1830 1539 1868 1592 δί

1988 1559 2052 1600 eo
2084 1543 2323 1599 dili'erat:
2360 1545 2430 1598 ita
2456 1542 2600 1597 enim
2660 1541 3139 1597 consubstantialis
3186 1540 3365 1597 fuerit.
3408 1544 3561 1611 Quod

284 1622 484 1687 τοῦτο,
516 1622 786 1677 καλείσθω
813 1624 905 1677 καὶ⁵
936 1623 1076 1677 ἔστω
1113 1624 1285 1692 Λόγος
1313 1627 1408 1680 καὶ
1436 1628 1465 1680 6
1505 1629 1717 1700 Πατήρ.
1740 1628 1885 1681 Ἀλλ’

1986 1639 2030 1692 si
2064 1638 2133 1691 ita
2164 1645 2270 1698 est,
2306 1644 2530 1690 vocetur
2557 1643 2612 1688 et
2660 1632 2731 1688 sit
2758 1632 2992 1687 Verbum
3023 1633 3184 1687 etiam
3226 1632 3405 1688 Pater.
3454 1634 3562 1690 Sed

283 1716 347 1768 οὐ
384 1714 759 1786 παραδέξεται
801 1714 957 1768 τοῦτο
994 1716 1093 1787 τῆς
1139 1715 1291 1781 θείας
1320 1719 1544 1789 Γραφῆς
1590 1721 1620 1773 6
1653 1721 1868 1787 σκοπὸς1

1985 1729 2177 1785 divina:
2212 1726 2506 1796 Scriptura:
2545 1738 2761 1794 scapus,
2804 1734 2859 1779 et
2910 1733 3221 1779 sanctorum
3278 1726 3561 1795 apostolo-

282 1807 381 1859 καὶ
401 1806 521 1859 τῶν
556 1805 723 1874 ἁγίων
748 1805 1062 1859 ἀποστόλων
1090 1806 1150 1859 τὸ
1187 1810 1466 1879 κήρυγμα.
1521 1812 1739 1882 Πατέρα
1770 1812 1878 1883 γὰρ

279 1893 393 1951 οἵδε
432 1897 528 1950 τὸν
573 1897 793 1968 Πατέρα
821 1897 916 1949 καὶ
947 1898 1044 1967 οὐχ
1068 1897 1224 1951 Υίόν·
1251 1901 1345 1952 καὶ
1377 1901 1535 1954 πάλιν
1560 1902 1649 1955 τὸν
1673 1903 1800 1956 Υίὸν
1822 1906 1879 1958 ὲν

284 1991 437 2062 μόνῃ
469 1991 537 2060 τῇ
562 1986 655 2041 τοῦ
691 1987 821 2041 Υίοῦ
849 1989 1191 2061 προσηγορίᾳ
1222 1994 1412 2061 τηρεῖ,
1458 1995 1557 2046 οὐκ
1597 1994 1743 2048 ἐῶσα
1773 2013 1879 2049 κα-

279 2080 505 2133 λεῖσθαι
535 2078 654 2132 οὐδὲ
687 2074 826 2131 εἶναι
854 2077 1076 2149 Πατέρα
1097 2095 1112 2110 ·
1143 2081 1330 2151 ἕτερος
1380 2082 1488 2153 ἄρα
1536 2085 1665 2155 παρ’
1716 2086 1879 2139 αὐτόν

281 2173 400 2224 ἐστι
440 2170 538 2223 καὶ
578 2169 876 2241 διεστηκὼς
924 2170 1066 2223 κατὰ
1094 2171 1194 2242 τὴν
1228 2172 1436 2227 οὐσίαν.
1491 2175 1702 2228 Οὐκοῦν
1756 2176 1877 2229 οὐδὲ

278 2264 466 2331 Λόγος
490 2261 765 2333 ἀληθινὸς,
795 2261 915 2315 οὐδὲ
947 2261 1006 2327 ἐξ
1025 2261 1188 2315 αὐτοῦ
1222 2263 1497 2334 προελθὼν
1526 2267 1554 2319 6
1587 2265 1747 2335 φύσει
1781 2284 1877 2337 με-

282 2356 651 2428 μερισμένος.

792 2466 949 2536 Πρὸς
978 2466 1153 2522 τοῦτο
1178 2466 1381 2534 λύσις.

346 2581 470 2635 Καὶ
504 2578 609 2633 ποῦ
638 2578 730 2634 τὸν
771 2577 1044 2649 Ἰωάννην,
1077 2573 1122 2632 ὦ
1156 2578 1419 2650 βέλτιστε,
1463 2580 1670 2651 θήσεις,
1699 2580 1875 2649 Λόγον

275 2671 668 2728 ἀποκαλοῦντα
699 2670 792 2723 τὸν
813 2669 962 2735 Υίὸν,
993 2670 1087 2723 καὶ
1107 2670 1311 2740 ταύτην
1340 2669 1489 2740 αὐτῷ
1532 2672 1875 2742 κυριωτάτην

274 2764 612 2819 ἀνατιθέντα
637 2762 737 2834 τὴν
757 2761 1074 2832 ἐπωνυμίαν
1099 2763 1193 2816 καὶ
1220 2762 1321 2832 τῆς
1342 2762 1532 2827 οὐσίας
1571 2763 1737 2816 αὐτοῦ
1767 2764 1873 2834 μά-

275 2855 446 2909 λιστα
512 2854 891 2925 σημαντικήν;
933 2853 1135 2907 Φάσκει
1193 2853 1335 2923 γάρ·
1372 2873 1391 2906 ι
1438 2855 1527 2908 Ἐν
1559 2855 1702 2925 ἀρχῇ
1751 2850 1872 2925 ἦνό

276 2946 483 3014 Λόγος,
518 2943 614 2997 καὶ
640 2946 669 2998 6
693 2943 869 3012 Λόγος
896 2938 964 3014 ἦν
994 2943 1133 3015 πρὸς
1158 2941 1249 2997 τὸν
1272 2943 1427 3009 Θεὸν,
1463 2943 1559 2999 καὶ
1582 2943 1719 3009 Θεὸς
1748 2940 1815 3016 ἦν
1843 2946 1872 2998 ό

274 3035 480 3103 Λόγος.
512 3054 531 3085 ι
560 3034 723 3105 Ὁρᾷς
761 3035 911 3097 ὅπως
932 3034 1033 3104 τῆς
1060 3034 1251 3098 οὐσίας
1281 3034 1376 3088 τοῦ
1413 3036 1546 3089 Υίοῦ
1583 3053 1868 3108 παραστα·

1983 1835 2098 1873 rum
2128 1817 2440 1887 praedicatio
2475 1816 2526 1870 id
2557 1829 2659 1867 non
2687 1814 2892 1868 ferunt.
2929 1812 3145 1867 Patrem
3201 1812 3346 1866 enim
3387 1815 3564 1869 sciunt

1980 1921 2099 1964 esse
2121 1908 2334 1961 Patrem
2367 1914 2422 1960 et
2447 1919 2551 1958 non
2582 1903 2775 1957 Filium
2806 1918 2820 1957 :
2852 1912 2908 1957 et
2932 1903 3170 1958 vicissim
3211 1902 3370 1963 ,Filio
3394 1904 3560 1959 solam

1979 1998 2099 2054 Filii
2135 1996 2545 2068 appellationem
2576 1996 2839 2059 tribuunt,
2872 2009 2978 2051 non
3042 2004 3217 2049 autem
3244 1997 3562 2065 permittunt

1979 2098 2038 2142 ut
2068 2097 2292 2143 vocetur
2326 2093 2418 2139 aut
2441 2083 2509 2138 sit
2536 2082 2696 2135 Pater
2724 2096 2738 2132 :
2772 2081 2911 2136 alius
2958 2082 3140 2151 itaque
3176 2085 3243 2137 ab
3305 2086 3419 2152 ipso
3450 2096 3555 2151 est,

1977 2189 2031 2234 et
2055 2176 2375 2234 substantiae
2396 2173 2605 2228 ratione
2631 2172 2898 2226 diversus.
2930 2171 3194 2238 Quocirca
3224 2187 3399 2241 neque
3427 2172 3559 2227 Ver-

1975 2270 2101 2325 bum
2127 2281 2276 2331 vere,
2310 2279 2487 2337 neque
2510 2280 2575 2321 ex
2608 2266 2727 2333 ipso
2761 2262 3024 2333 procedit,
3086 2277 3208 2318 cum
3260 2264 3330 2320 sit
3364 2272 3557 2321 natura

1977 2359 2294 2429 disiunctus.

2512 2469 2718 2523 υοίιιιὶο
2749 2466 3079 2536 objectiouis.

2044 2583 2115 2637 At
2137 2584 2286 2653 quid,
2331 2583 2579 2647 obsecro,
2610 2580 2677 2636 de
2708 2579 2914 2635 Joanne
2970 2588 3200 2647 statues,
3233 2579 3325 2649 qui
3352 2578 3550 2633 Filium

1975 2684 2130 2729 vocat
2162 2673 2425 2739 Verbum,
2458 2683 2620 2743 atque
2645 2673 2784 2727 hanc
2814 2671 3049 2726 maxime
3074 2671 3346 2740 propriam
3377 2671 3554 2740 appel-

1974 2760 2228 2815 lationem
2257 2761 2306 2815 ei
2356 2759 2802 2827 tribuit,qu:£que
2830 2757 3124 2811 essentiam
3179 2757 3347 2822 ipsius
3377 2758 3552 2825 signi-

1974 2850 2289 2905 ﬁcatissime
2309 2849 2621 2917 exprimat?
2647 2849 2736 2902 Ait
2765 2850 2906 2903 enim
2939 2865 2954 2902 :
2996 2867 3016 2900 ι
3054 2848 3109 2902 1η
3137 2848 3401 2918 principio
3432 2855 3554 2902 erat

1973 2942 2231 3008 Verbum,
2257 2949 2313 2995 et
2340 2938 2572 2995 Verbum
2606 2949 2723 2994 erat
2762 2940 2905 3007 apud
2949 2940 3137 3003 Deum,
3161 2949 3216 2993 et
3269 2941 3407 2994 Deus
3432 2946 3553 2992 erat

1978 3031 2207 3088 Verbum
2240 3031 2307 3085 “.
2345 3050 2363 3082 ι
2399 3030 2561 3085 Vides
2588 3029 2861 3100 quomodo
2892 3030 3063 3097 ipsam
3093 3029 3214 3083 Filii
3246 3030 3548 3083 essentiam

275 3125 435 3179 τικόν
478 3125 597 3177 ἐστι
626 3123 904 3195 τοῦνομα,
944 3124 1042 3177 καὶ
1078 3125 1139 3178 τὸ
1168 3125 1452 3180 καλεῖσθαι
1489 3126 1683 3195 Λόγον,
1728 3129 1867 3200 ὅπερ

1970 3123 2084 3176 Ιιιεο
2105 3135 2206 3174 vox
2234 3118 2555 3189 explicet,et
2580 3132 2699 3171 cum
2728 3126 2950 3172 vocetur
2966 3115 3399 3188 Verbuszs
3424 3117 3554 3186 quid

274 3216 399 3269 ἐστὶ
433 3215 579 3268 κατά
602 3214 762 3284 φύσιν
797 3214 1072 3285 σημαίνει.
1101 3216 1235 3280 Θεὸς
1270 3215 1378 3287 γὰρ
1401 3213 1469 3287 ἦν
1494 3220 1521 3270 ό
1546 3218 1740 3285 Λόγος,
1765 3234 1869 3287 φη-

277 3305 383 3358 σίν.
418 3305 492 3359 Εί
527 3304 583 3356 δὲ
620 3304 695 3375 μὴ
734 3304 950 3374 φύσεως
981 3307 1065 3375 εῐη
1102 3306 1319 3376 καὶτῆς
1342 3306 1529 3371 οὐσίας
1570 3307 1866 3379 δηλωτικὸν

274 3396 372 3448 ini
405 3390 511 3446 τοῦ
542 3391 673 3445 Υἱοῦ
712 3393 774 3445 τὸ
802 3394 993 3462 Λόγος
1023 3394 1213 3465 ὄνομα,
1260 3394 1514 3464 σημαίνει
1546 3413 1597 3447 τι
1647 3396 1863 3462 πάντως

275 3485 493 3556 ἕτερον.
516 3483 627 3537 Kal.
657 3483 768 3553 γὰρ
798 3483 982 3553 ζητεῖν
1003 3485 1319 3554 ἀναγκαῖον,
1345 3484 1397 3537 τί
1427 3486 1569 3539 κατὰ
1600 3487 1760 3554 φύσιν
1789 3487 1865 3542 ὢν

273 3576 302 3628 ό
332 3575 492 3636 Υίὸς,
518 3573 721 3645 ἐκλήθη
742 3574 935 3643 Λόγος,
960 3576 1006 3627 εί
1037 3575 1111 3645 μὴ
1141 3574 1238 3645 τὴν
1258 3575 1447 3627 οὐσίαν
1474 3575 1638 3628 αὐτοῦ
1668 3579 1866 3647 σημαί-

274 3682 356 3720 νει
372 3664 641 3735 τοῠνομα.
678 3660 802 3717 υἶον
839 3666 1067 3720 τέκτονα
1102 3683 1187 3730 τις
1217 3666 1387 3719 εἰπὼν
1407 3705 1421 3729 ,
1457 3666 1490 3737 ἢ
1521 3665 1761 3730 λιθοξόον
1781 3707 1796 3731 ,
1828 3668 1860 3738 ἢ

271 3756 655 3826 ταχυγράφον,
679 3755 739 3807 οὐ
763 3755 815 3808 τί
835 3756 949 3809 ἐστι
972 3756 1112 3809 κατὰ
1142 3756 1302 3826 φύσιν
1324 3757 1719 3827 σημαινόμενον
1746 3758 1863 3829 όρί-

272 3846 452 3909 ζεται,
488 3843 603 3896 ἀλλ’
634 3837 745 3897 οἷον
774 3842 886 3913 ἔχει
917 3844 977 3896 τὸ
1006 3845 1343 3914 ἐπιτήδευμα
1363 3843 1577 3914 μηνύει.
1596 3843 1657 3896 El
1684 3841 1862 3896 τοίνυν

273 3936 332 3988 οὐ
359 3939 468 4006 τὴν
499 3934 688 3987 οὐσίαν
715 3934 810 3987 τοῦ
842 3935 973 3987 Υἱοῦ
1001 3935 1253 4005 σημαίνει
1278 3933 1538 4005 τοῦνομα,
1564 3933 1733 3987 καὶτὸ
1758 3950 1861 3986 κα-

273 4025 493 4077 λεῖσθαι
530 4022 724 4090 Λόγον,
755 4024 816 4076 οὐ
845 4023 897 4075 τί
941 4023 1089 4076 ἐστιν
1135 4023 1276 4077 κατά
1333 4021 1493 4091 φύσιν
1532 4024 1862 4094 παρίστησιν

272 4116 465 4180 αὐτὸν,
488 4115 627 4168 ἀλλά
660 4115 793 4185 φέρε
827 4115 1002 4168 εἰπεῖν
1034 4109 1147 4167 οἷον
1167 4114 1279 4185 ἔχει
1312 4115 1372 4167 τὸ
1409 4114 1768 4185 ἐπιτήδευμα,
1807 4113 1860 4167 τί

274 4208 461 4276 μάτην
491 4206 585 4258 τὸν
610 4204 1004 4275 εὐαγγελιστὴν
1028 4204 1412 4275 θαυμάζομεν;
1446 4204 1571 4267 Πῶς
1597 4203 1654 4257 δὲ
1685 4206 1713 4257 6
1747 4203 1861 4267 υἱὸς

271 4299 484 4369 ἐκλήθη
513 4298 743 4369 βροντῆς
772 4296 846 4361 ὼς
876 4296 1017 4366 μέγα
1042 4314 1095 4349 τι
1122 4294 1363 4367 λαλήσας
1391 4294 1488 4349 καί⁵
1520 4295 1857 4366 ὑπέρογκον;

1969 3210 2705 3280 naturalitersitsigniﬁcet?
2751 3212 2890 3265 Dcus
2948 3210 3120 3273 enim,
3183 3210 3376 3278 inquit.
3425 3216 3544 3264 erat

1969 3301 2224 3357 Verbum.
2258 3299 2313 3356 Si
2345 3316 2472 3357 vero
2494 3316 2596 3356 vox
2642 3300 2776 3362 haec.
2817 3299 3064 3365 Verbum,
3103 3316 3208 3355 non
3251 3300 3552 3369 explicaret

1967 3393 2138 3461 ipsam
2173 3402 2422 3446 naturam
2473 3401 2635 3461 atque
2662 3391 2956 3445 essentiam
2982 3390 3139 3456 Filii,
3175 3390 3319 3444 aliud
3345 3389 3549 3459 aliquio

1966 3481 2208 3552 profecto
2252 3481 2547 3550 significat.
2604 3481 2964 3547 Quaerendum
3026 3495 3189 3549 porro
3224 3480 3381 3534 nobis
3432 3486 3541 3543 est,

1966 3573 2223 3640 quidnam
2255 3582 2443 3625 natura
2472 3560 2927 3630 exsistensFilius
2985 3582 3214 3625 vocatus
3277 3571 3350 3625 sit
3416 3568 3552 3625 Ver-

1966 3662 2115 3725 bum,
2137 3661 2236 3715 nisi
2253 3676 2349 3715 vox
2376 3663 2488 3715 haec
2505 3662 2795 3715 essentiam
2826 3662 2993 3729 ipsius
3015 3664 3307 3731 signiﬁcat.
3343 3663 3546 3727 Quem-

1965 3750 2249 3805 admodum
2288 3751 2331 3803 si
2365 3750 2486 3818 quis
2532 3749 2740 3802 l'abrum
2778 3760 2871 3803 aut
2907 3752 3224 3805 statuarium
3250 3794 3265 3815 ,
3316 3761 3409 3805 aut
3444 3768 3546 3806 nov-

1966 3841 2159 3896 tarium
2191 3839 2356 3903 dicat,
2392 3854 2498 3893 non
2544 3838 2670 3906 quid
2738 3841 3065 3894 naturaliter
3135 3842 3227 3904 sit,
3259 3841 3352 3894 sed
3380 3842 3540 3909 quale

1964 3935 2087 3988 vita:
2116 3932 2418 3986 institutum
2453 3939 2712 3995 sectetur,
2741 3930 2996 3997 explicat.
3037 3931 3093 3984 Si
3122 3946 3251 4000 ergo
3286 3946 3385 3984 vox
3409 3933 3543 3998 hare,

1973 4023 2221 4089 Verbum,
2251 4022 2538 4077 essentiam
2574 4020 2699 4075 Filii
2732 4037 2835 4076 non
2853 4020 3141 4091 signiﬁcat,
3179 4036 3351 4092 neque
3376 4023 3546 4091 ipsius

1962 4126 2207 4171 naturam
2236 4113 2497 4178 declarat,
2532 4113 2627 4168 sed
2662 4114 2788 4167 vitae
2828 4113 2994 4181 ipsius
3040 4114 3373 4178 institutum,
3444 4130 3543 4169 cur

1960 4205 2164 4261 frustra
2207 4203 2592 4273 evangelistam
2630 4204 3003 4259 admiramur?
3049 4202 3154 4257 Aut
3193 4220 3290 4259 cur
3316 4221 3436 4259 eum
3479 4207 3544 4261 li-

1960 4295 2090 4348 lium
2130 4294 2351 4347 tonitrui
2383 4307 2662 4359 vocamus,
2718 4295 2871 4363 quasi
2923 4311 3179 4365 magnum
3239 4297 3440 4367 aliquid
3489 4308 3544 4353 ct
3655 4318 3661 4325 ‘

272 4390 476 4443 Καίτοι
530 4390 745 4452 πολλοῖς
789 4389 1001 4460 ἑτέροις
1037 4387 1297 4457 ὀνόμασιν
1339 4385 1723 4457 ἀποκαλούσης
1766 4388 1859 4439 τὸν

1970 4384 2193 4440 sublime
2223 4384 2450 4439 dixerit?
2483 4384 2643 4454 Atqui
2675 4399 2797 4438 cum
2837 4387 3020 4442 multis
3066 4389 3186 4443 aliis
3228 4390 3540 4443 nominibus

273 4480 401 4533 Υἱὸν
424 4481 527 4550 τῆς
561 4480 709 4544 θείας
740 4482 779 4533 Γ
786 4483 981 4552 ραφῆς,
1011 4479 1146 4533 ἀλλὰ
1170 4479 1342 4549 Λόγον
1372 4478 1609 4551 εἰρηκὼς
1631 4518 1646 4543 ,
1676 4479 1856 4552 παράο

274 4570 426 4635 δοξόν
456 4588 508 4624 τι
534 4573 627 4624 καὶ
655 4572 931 4642 ὑπερφυὲς
971 4570 1306 4639 ἐφθέγξατο·
1349 4571 1445 4624 καὶ
1492 4571 1643 4624 οὐδὲν
1672 4572 1859 4642 ἕτερον

274 4661 361 4712 ἐπ’
389 4660 544 4731 αὐτῷ
571 4661 976 4730 προστέθεικεν,
994 4655 1105 4714 οἷον
1125 4661 1218 4715 ἐπὶ
1235 4661 1327 4715 τοῦ
1350 4660 1560 4715 Παύλου
1583 4661 1854 4730 φαίνεται,

272 4752 356 4815 τὸ,
386 4771 406 4803 ι
438 4752 651 4816 Παῦλος
685 4752 1007 4817 ἀπόστολος.
1047 4771 1065 4803 ι
1110 4752 1386 4823 Ἦρκέσθη
1439 4752 1496 4806 δὲ
1540 4752 1618 4823 τῷ
1658 4754 1855 4819 εἰπεῖν,

273 4846 475 4912 Λόγον,
507 4848 586 4909 είς
614 4845 676 4898 τὸ
702 4845 1056 4916 παραστῆσαι
1084 4844 1175 4898 τοῦ
1212 4843 1340 4898 Υίοῦ
1372 4845 1469 4915 τὴν
1510 4845 1716 4899 οὐσίαν.
1748 4847 1858 4899 Αὐ-

274 4936 365 4999 τὸς
398 4939 507 5007 ἄρα
542 4936 692 4990 ἐστὶν
721 4939 749 4991 6
772 4936 1025 5006 ἀληθινὸς
1052 4939 1224 5007 Λόγος
1260 4936 1354 4991 τοῦ
1388 4935 1621 5007 Πατρὸς,
1649 4937 1744 4992 καὶ
1758 4938 1857 5010 οὐχ

275 5028 464 5098 ἕτερός
490 5046 573 5091 τις
609 5031 740 5100 παρ’
768 5030 997 5082 ἐκεῖνον.

966 5141 1171 5197 ΑΛΛΟ.

346 5256 408 5309 Εἰ
429 5254 521 5308 διὰ
536 5252 740 5324 ταύτην
763 5254 1096 5326 ὑπειλήφασι
1136 5255 1235 5327 τὴν
1264 5254 1443 5311 αίτίαν
1474 5257 1522 5311 oi
1560 5257 1855 5328 χριστομά-

273 5364 362 5417 χοι
394 5348 470 5417 μὴ
500 5343 639 5401 εἶναι
666 5347 759 5400 τὸν
781 5347 911 5402 Υίὸν
937 5346 1223 5417 ὀμοούσιον
1244 5347 1322 5418 τῷ
1354 5349 1547 5418 Πατρὶ,
1567 5349 1689 5401 ἐπεὶ
1718 5350 1854 5420 μήτε

273 5441 305 5491 6
334 5438 519 5510 Πατὴρ
548 5437 723 5507 Λόγος
754 5436 895 5501 ἐστὶ,
929 5439 1069 5507 μήτε
1102 5439 1130 5489 6
1162 5436 1336 5505 Λόγος
1366 5438 1555 5508 Πατὴρ
1575 5477 1592 5504 ,
1629 5437 1724 5490 καὶ
1756 5438 1855 5509 τὴν

277 5528 507 5601 ἑνότητα
527 5528 631 5599 τῆς
659 5528 875 5600 φύσεως
903 5528 983 5600 τῷ
1015 5528 1257 5601 διαφόρῳ
1287 5529 1394 5584 τῶν
1434 5531 1712 5603 ὀνομάτων
1742 5531 1856 5586 δια-

351 5688 393 5719 “
421 5685 580 5744 Joan.
616 5705 653 5755 ι,
682 5688 731 5743 Ι.
811 5689 855 5722 ²⁹
888 5686 930 5743 ll
961 5687 1089 5747 Cor.
1120 5701 1161 5755 1,
1206 5687 1230 5744 1
1265 5695 1316 5745 et
1351 5687 1494 5744 alibi.

1965 4490 2119 4531 sacra
2145 4475 2422 4544 Scriptura
2448 4474 2640 4528 Filium
2673 4474 2922 4542 appellet,
2959 4492 3081 4531 cum
3145 4476 3378 4532 Verbum
3441 4493 3539 4532 vo-

1964 4576 2073 4630 cat,
2101 4566 2471 4620 admirandum
2508 4565 2709 4634 aliquid
2727 4574 2891 4635 atque
2937 4568 3195 4621 eximium
3266 4569 3435 4636 dixit;
3466 4571 3542 4623 ni-

1965 4657 2149 4727 hilque
2170 4657 2314 4711 aliud
2341 4658 2405 4711 ad
2437 4658 2573 4710 hanc
2608 4670 2796 4711 vocem
2823 4654 3039 4722 adjecit,
3065 4665 3125 4709 ut
3165 4658 3216 4709 in
3263 4656 3428 4711 Paulo
3460 4659 3543 4710 vi-

1963 4752 2121 4804 detur
2145 4750 2292 4815 illud,
2321 4769 2340 4801 ι
2376 4748 2569 4803 Paulus
2605 4747 2879 4817 apostolus
2906 4747 2971 4801 “.
3005 4765 3022 4798 ι
3060 4745 3282 4800 Sutl‘ecit
3308 4748 3453 4801 enim
3488 4749 3537 4802 ei

1959 4842 2181 4907 dixisse,
2214 4840 2472 4904 Verbum,
2507 4842 2573 4895 ad
2597 4842 2889 4895 essentiam
2956 4838 3078 4893 Filii
3131 4838 3535 4894 declarandam.

1958 4934 2075 5004 Ipse
2102 4936 2281 5001 itaque
2308 4942 2390 4988 est
2417 4947 2607 4987 verum
2665 4930 2903 4988 Verbum
2956 4930 3151 4997 Patris,
3190 4945 3293 4986 no'
3356 4938 3537 4985 autem

1958 5024 2154 5093 aliquis
2186 5022 2323 5079 alius
2347 5029 2541 5093 praeter
2566 5021 2764 5091 ipsum.

2632 5130 2863 5187 ALIUD.

2028 5247 2083 5303 Si
2111 5262 2229 5304 eam
2259 5245 2328 5301 ob
2353 5260 2567 5300 causam
2600 5244 2917 5299 existimant
2962 5243 3150 5298 hostes
3207 5239 3408 5295 Christi
3454 5237 3538 5294 Fi-

1956 5339 2088 5395 lium
2120 5354 2225 5394 non
2250 5350 2369 5391 esse
2403 5333 2920 5392 consubstantialem
2977 5330 3149 5395 Patri,
3183 5330 3309 5400 quia
3362 5342 3539 5397 neque

1958 5431 2118 5487 Pater
2147 5439 2229 5486 est
2261 5427 2514 5492 Verbum,
2547 5440 2721 5496 neque
2748 5423 2985 5480 Verbum
3015 5421 3195 5486 Pater,
3246 5428 3302 5475 et
3355 5420 3535 5473 unitar

1958 5535 2064 5584 tem
2096 5534 2303 5581 natura}
2328 5525 2397 5581 ob
2424 5520 2778 5580 dill'erentiam
2808 5519 3084 5576 nominum
3118 5514 3345 5573 convelli
3376 5525 3534 5585 posse
