4106 6204
486 313 591 377 515

1512 317 1569 369 S.
1611 309 1886 370 CYRILIJ
1928 302 2393 360 ALEXANDRINI
2435 306 2751 364 ARCHIEP.

3633 306 3737 363 316

486 438 836 492 crediderunt
874 454 888 493 :
918 438 1103 493 dicant
1132 437 1285 494 nobis
1320 436 1587 505 quomodo
1633 435 1839 503 primus
1869 440 2064 499 parens

2168 428 2384 496 τέμνειν
2404 428 2663 481 δύνασθαι
2694 427 3111 489 πεπιστεύκασι,
3134 426 3434 494 λεγέτωσαν
3456 426 3590 494 ἡμῖν
3620 424 3737 487 πῶς

489 526 657 579 Adam
677 526 1149 582 consubstantialis
1177 528 1280 581 erit
1310 524 1382 578 illi
1420 524 1509 591 qui
1532 537 1598 576 cx
1631 536 1689 575 se
1716 520 1929 590 genitus
1955 531 2060 583 est,

491 634 609 670 cum
647 634 819 688 neque
844 621 957 687 ipse
992 620 1160 689 possit
1189 632 1309 671 esse
1348 615 1501 676 Abel,
1541 627 1714 682 neque
1776 612 1909 666 Abel
1966 627 2065 665 un-

491 723 651 775 quam
684 708 895 764 futurus
926 707 1226 763 sitAdam?
1251 706 1411 774 Atqui
1446 704 1724 759 nominum
1758 703 2061 758 diﬂ'erentia

493 800 811 854 substantia:
838 801 1169 853 identitatem
1194 812 1298 851 non
1327 796 1482 850 tollit.
1515 796 1691 864 Atque
1715 797 1817 851 hoc
1844 796 2061 865 quidem

495 886 547 939 in
573 886 706 942 facta
748 898 800 944 et
829 899 1007 942 creata
1036 895 1246 940 natura.
1280 886 1560 951 Quomodo
1607 887 1768 955 igitur
1818 901 1923 940 non
1961 886 2068 940 fue-

492 977 566 1031 rit
590 978 807 1048 impium
845 979 894 1030 in
928 987 1117 1029 natura
1141 978 1400 1040 increata,
1435 992 1552 1045 quae
1582 978 1837 1031 omnibus
1861 980 2062 1032 creatis

493 1067 649 1138 longe
674 1067 1108 1133 antecellit,illud
1139 1068 1414 1122 statuere?
1466 1067 1929 1134 Quemadmodum
1964 1068 2064 1135 igi-

493 1164 582 1210 tur
607 1157 650 1211 si
678 1165 822 1211 esset
851 1157 1076 1211 diversae
1096 1159 1366 1222 essentiae,
1401 1173 1505 1212 non
1540 1167 1684 1211 esset
1708 1172 1892 1211 verum
1925 1159 2061 1213 Ver-

493 1246 729 1309 bum,ita
764 1262 884 1303 eum
916 1248 986 1303 sit
1007 1248 1707 1315 consubstantialis,verum
1742 1249 1904 1303 etiam
1932 1249 2066 1303 Ver-

492 1337 617 1392 bum
638 1345 741 1393 est.

1159 1429 1387 1485 ALIUD.

562 1519 789 1575 Nomina
817 1536 937 1591 quae
966 1523 1325 1579 substantiam
1359 1537 1541 1578 rerum
1561 1524 1837 1581 declarant
1888 1526 2065 1595 prima

496 1612 837 1682 maximeque
860 1614 1077 1683 propria
1104 1625 1231 1669 sunt
1266 1633 1280 1669 :
1312 1616 1538 1670 multam
1574 1624 1754 1671 tamen
1786 1616 1838 1670 in
1868 1616 1934 1671 iis
1959 1615 2064 1672 dif-

493 1702 774 1758 l'erentiam
815 1704 995 1760 videre
1022 1705 1170 1761 licet.
1191 1707 1310 1762 Alia
1346 1709 1488 1762 enim
1552 1708 1914 1763 universalius
1978 1723 2066 1765 res

2165 518 2192 568 6
2221 520 2519 589 προπάτωρ
2560 518 2730 588 ’Λδὰμ
2759 517 3044 588 ὀμοούσιος
3072 517 3225 569 ἔσται
3259 516 3397 585 πρὸς
3429 515 3521 567 τὸν
3547 513 3605 580 ἐξ
3636 514 3736 567 αὐ-

2165 608 2260 661 τοῦ
2283 610 2560 677 γεγονότα,
2596 608 2719 661 οὐτε
2747 609 2909 671 αὐτὸς
2931 608 3095 660 Ἀϐελ
3124 603 3259 659 εἶναι
3280 605 3596 675 δυνάμενος,
3615 602 3734 658 οὔτε

2170 704 2275 768 μὴν
2299 697 2391 750 τοῦ
2431 699 2594 750 Ἀϐελ
2633 698 2889 768 ἐσομένου
2918 698 3048 750 ποτὲ
3090 698 3279 767 Ἀδάμ.
3344 697 3481 749 Ἀλλ’
3510 696 3611 749 οὐκ
3645 696 3737 749 ὲκ-

2168 789 2352 842 ϐαλλει
2400 790 2497 860 τῆς
2549 790 2736 853 οὐσίας
2763 790 2862 861 τὴν
2891 791 3213 859 ταυτότητά,
3248 792 3280 859 ἠ
3323 788 3430 841 τῶν
3459 789 3735 859 ὀνομάτων

2165 882 2414 952 διαφορά.
2449 881 2560 935 Καὶ
2586 881 2743 935 τοῦτο
2773 883 2865 935 ἐπὶ
2887 882 3121 951 γενητῆς
3145 882 3237 934 καὶ
3268 881 3495 950 κτιστῆς
3526 881 3732 943 οὐσίας.

2166 974 2289 1037 Πῶς
2308 968 2399 1026 οὖν
2423 973 2520 1025 οὐκ
2549 971 2740 1036 ἀσεϐὲς
2761 972 2853 1025 ἐπὶ
2884 972 2981 1042 τῆς
3022 972 3285 1041 ἁγενήτου
3321 968 3535 1038 φύσεως
3565 970 3737 1021 ἐκεῖνο

2165 1066 2428 1129 δοξάζειν,
2460 1064 2640 1117 πάντα
2685 1063 3085 1133 ὑπερκειμένης
3110 1061 3187 1130 ¹τόι
3228 1062 3464 1131 γενητά;
3527 1062 3613 1124 Ὠς
3644 1055 3736 1114 οὖν

2165 1157 2323 1224 εἴπερ
2343 1151 2410 1224 ἦν
2434 1154 2789 1225 ὲτεροούσιος,
2823 1154 2923 1206 οὐκ
2953 1154 3018 1208 ἂν
3048 1149 3113 1223 ἦν
3144 1153 3315 1221 Λόγος
3345 1151 3617 1221 ἀληθινὸς,
3643 1151 3737 1204 οὐ-

2163 1263 2273 1310 τως
2306 1247 2601 1318 ἐπειδήπερ
2631 1247 2935 1317 ὀμοούσιος,
2966 1244 3216 1314 ἀληθινὸς
3254 1244 3320 1298 ἂν
3352 1242 3439 1313 εἴη
3472 1244 3661 1310 Λόγος.

2854 1423 3059 1477 AAAO.

2238 1513 2556 1584 Σημαντικὰ
2606 1514 2705 1584 μὲν
2748 1513 2817 1567 τὰ
2843 1514 3085 1585 ὀνόματα
3132 1513 3241 1569 τῶν
3278 1514 3474 1567 οὐσιῶν
3506 1515 3643 1578 ἐστι,
3672 1516 3739 1568 τὰ

2158 1608 2356 1678 πρῶτα
2392 1608 2453 1678 δὴ
2495 1607 2730 1677 μάλιστα
2773 1609 2869 1661 καὶ
2898 1608 2967 1661 τὰ
2996 1607 3307 1679 κυριώτατα
3332 1626 3346 1639 ·
3377 1608 3513 1661 ἀλλὰ
3542 1607 3738 1678 πολλὴν

2170 1697 2234 1751 ἄν
2259 1716 2341 1761 τις
2368 1700 2425 1751 ἐν
2456 1700 2668 1763 τούτοις
2691 1699 2787 1751 ἴδοι
2810 1698 2907 1770 τὴν
2937 1700 3222 1771 διαφοράν.
3254 1700 3335 1751 Τά
3376 1701 3471 1769 μὲν
3502 1699 3611 1769 γὰρ
3642 1716 3741 1753 κα·-

497 1794 641 1860 ipsas
666 1795 998 1863 signiﬁcant,
1024 1806 1078 1851 et
1104 1799 1431 1868 generaliter
1460 1800 1760 1867 explicant;
1808 1800 1911 1853 alia
1939 1816 2064 1855 vero

2173 1790 2528 1863 θολικὼτερον
2550 1791 2617 1843 τὰ
2639 1792 2766 1843 ὄντα
2813 1791 3088 1861 σημαίνει,
3122 1791 3217 1844 καὶ
3262 1792 3481 1860 γενικὴν
3509 1793 3739 1844 ποιεῖται

495 1884 816 1939 universalia
859 1886 911 1939 in
931 1887 1228 1956 singularia
1266 1898 1475 1951 secant,
1506 1889 1808 1959 multasque
1847 1904 1935 1945 res
1979 1906 2069 1960 ap-

493 1988 683 2039 parere
701 1974 926 2033 faciunt.
955 1976 1198 2047 Exempli
1230 1979 1421 2048 gratia,
1456 1980 1689 2034 hominis
1717 1995 1908 2035 nomen
1935 1982 2067 2035 sim-

495 2062 705 2130 pliciter
734 2074 895 2133 atque
919 2067 1165 2121 absolute
1192 2069 1413 2132 dictmn,
1442 2072 1755 2126 universum
1779 2087 1949 2142 genus
1972 2073 2067 2126 bo-

496 2152 698 2205 minum
730 2153 1016 2222 signiﬁcat,
1065 2165 1155 2207 aut
1203 2158 1557 2212 substantiam
1612 2161 1782 2230 ipsam
1818 2180 1830 2215 :
1868 2162 2064 2215 Paulus

493 2257 622 2297 vero
651 2243 971 2309 autPetrus,
1011 2246 1169 2316 187
1198 2257 1289 2301 aut
1319 2246 1570 2315 Iacobus,
1612 2261 1703 2306 aut
1726 2252 1944 2320 Cepltas
1971 2254 2067 2308 ltu-

492 2334 804 2388 manitatem
837 2335 889 2389 in
921 2336 1209 2405 singularia
1246 2341 1499 2407 partitur,
1536 2344 1837 2415 multosque
1896 2346 2066 2399 homi-

492 2438 587 2477 nes
614 2426 911 2480 constituit.
943 2426 1226 2482 Nominum
1256 2430 1438 2500 itaque
1461 2433 1762 2489 dilTereutia
1795 2436 2065 2505 accipitur

490 2512 706 2577 quidem
737 2513 788 2567 in
828 2515 892 2570 iis
924 2515 1274 2585 quiejusdem
1321 2510 1644 2577 substantia:
1700 2533 1847 2586 sunt,
1889 2540 2065 2593 neque

490 2600 628 2655 tollit
676 2617 860 2657 eorum
897 2621 1013 2674 qua:
1049 2607 1285 2676 ejusdem
1336 2611 1532 2679 speciei
1580 2621 1723 2671 sunt.
1758 2613 2062 2668 naturalem

493 2691 629 2746 inter
657 2708 714 2748 se
737 2695 1168 2750 similitudinem.
1205 2699 1334 2752 Cum
1410 2701 1569 2770 igitur
1661 2702 1820 2756 Pater
1858 2704 2067 2758 dicatur

494 2782 672 2848 Pater,
699 2784 871 2841 Filius
895 2804 1021 2842 vero
1056 2788 1309 2857 Verbum,
1339 2808 1442 2848 non
1473 2795 1577 2849 erit
1617 2796 1700 2849 vel
1731 2797 1819 2851 hic
1861 2797 1955 2864 illi,
1984 2798 2066 2851 vel

492 2876 579 2928 itte
606 2876 729 2931 huic
759 2880 1034 2936 dissimilis
1072 2896 1282 2949 natura,
1316 2901 1436 2939 cum
1463 2886 1590 2941 solis
1618 2889 1926 2944 nominibus
1953 2891 2063 2943 dis-

492 2968 825 3035 tinguantur.
879 2970 1168 3026 Ostensum
1226 2985 1403 3029 autem
1450 2987 1555 3041 est,
1604 2979 1882 3034 nominum
1919 2980 2065 3034 diﬂ'e-

495 3059 717 3111 nuntiam
738 3062 1039 3116 naturalem
1064 3064 1202 3119 inter
1224 3080 1282 3120 se
1309 3067 1712 3121 similitudinem
1736 3085 1921 3123 eorum
1946 3086 2063 3139 qum
2093 3103 2135 3160 ο

491 3152 970 3207 t-misubstantialia
1002 3165 1129 3209 sunt
1171 3171 1510 3227 nequaquam
1539 3159 1873 3214 subvertere.
1919 3161 2064 3215 Nihil

494 3240 672 3308 itaque
697 3243 873 3296 obstat
904 3246 1193 3312 quominus
1232 3248 1398 3303 Filius
1468 3252 1946 3305 consubstantialis
1994 3252 2065 3306 sit

492 3329 657 3395 Patri,
686 3335 895 3389 tametsi
920 3345 1139 3390 vocetur
1168 3337 1358 3403 Filius,
1388 3350 1567 3393 etnon
1630 3342 1699 3394 sit
1754 3342 1913 3395 Pater
1944 3345 2060 3411 ipse

488 3435 675 3474 verum
712 3424 879 3491 ipsius
920 3426 1178 3482 Verbum.
1201 3430 1333 3481 Cum
1369 3431 1510 3482 enim
1536 3430 1604 3483 sit
1627 3431 1855 3499 simplex
1888 3431 2064 3487 Patris

490 3515 744 3579 essentia,
771 3517 971 3570 nullum
996 3519 1138 3573 aliud
1165 3521 1543 3575 intermedimn
1576 3524 1808 3593 excipiet
1844 3541 2064 3595 genera-

493 3605 689 3658 tionem
728 3606 883 3662 Verbi
921 3611 1236 3665 naturaliter
1259 3628 1322 3666 ex
1357 3615 1469 3683 ipso
1500 3617 1860 3685 procedentis.
1885 3617 2065 3683 Quod-

492 3711 597 3761 que
636 3714 797 3752 unum
828 3716 1015 3755 revera
1058 3719 1179 3757 cum
1205 3705 1320 3772 ipso
1348 3716 1449 3770 est,
1490 3719 1757 3777 quatenus
1804 3711 2065 3765 naturali-

494 3798 576 3841 ter
604 3791 763 3845 etiam
791 3793 905 3862 ipse
937 3805 1021 3849 est
1058 3796 1219 3862 Deus,
1264 3808 1316 3854 et
1349 3801 1536 3857 vivens
1563 3817 1595 3857 e
1630 3804 1749 3859 vivo
1791 3803 1946 3859 Patre
1989 3804 2067 3857 ef-

491 3879 660 3936 fulsit.

904 3999 988 4055 Ex
1032 4002 1323 4073 objectione
1358 4005 1636 4061 Eunomii.

562 4088 621 4140 In
670 4087 997 4160 Evangeliis,
1040 4095 1136 4154 ait,
1170 4093 1341 4148 Filius
1386 4097 1452 4149 ad
1499 4097 1716 4154 Patrem
1764 4099 1834 4153 ita
1885 4101 2062 4156 dicit:

496 4196 514 4229 ι
546 4178 724 4246 Pater,
762 4181 1003 4249 gloriﬁca
1031 4184 1223 4238 Filium
1259 4195 1441 4253 tuum;
1476 4204 1494 4238 ι
1538 4188 1708 4243 Filius
1739 4200 1929 4244 contra
1967 4208 2065 4245 au—

492 4272 611 4327 dit:
656 4291 674 4323 ι
726 4274 792 4327 Et
838 4275 1157 4342 gloriﬁcavi,
1206 4287 1261 4332 et
1325 4294 1513 4335 rursus
1561 4281 1877 4350 gloriﬁcabo
1918 4285 1985 4338 ³ο.
2041 4305 2060 4337 ι

491 4362 554 4413 At
586 4378 689 4429 quo
714 4373 870 4432 pacto
898 4365 1068 4435 possit
1097 4368 1266 4423 Filius
1289 4384 1415 4423 vere
1445 4385 1565 4425 esse
1595 4370 1828 4427 Verbum
1858 4374 2058 4440 Patris,

2169 1882 2268 1952 τὴν
2296 1883 2527 1953 δήλωσιν
2548 1899 2560 1912 ·
2588 1882 2655 1935 τὰ
2682 1882 2736 1935 δὲ
2763 1884 2841 1945 εἰς
2870 1882 2930 1934 τὸ
2961 1881 3083 1934 καθ’
3106 1882 3162 1933 ἓν
3192 1881 3261 1935 τὰ
3290 1881 3516 1935 καθόλου
3546 1899 3741 1952 σημαι-

2169 1974 2370 2044 νόμενα
2396 1974 2771 2043 διατέμνοντα,
2802 1974 2973 2026 πολλὰ
3009 1973 3077 2026 τὰ
3110 1974 3236 2026 ὄντα
3264 1973 3546 2041 φαίνεσθαι
3576 1976 3740 2025 ποιεῖ.

2170 2060 2294 2117 θῖον
2332 2068 2461 2133 φέρε
2494 2067 2685 2128 εἰπεῖν,
2721 2065 2781 2115 τὸ
2820 2064 3105 2131 ἄνθρωπος
3144 2064 3315 2133 ὄνομα
3352 2063 3537 2125 ἁπλῶς
3566 2081 3622 2115 τε
3648 2064 3742 2116 καὶ

2170 2154 2400 2207 ἁπολελυ
2410 2154 2585 2223 μένως
2607 2154 2915 2223 λεγόμενον,
2939 2153 3159 2223 σύμπαν
3182 2154 3438 2223 σημαίνει
3459 2154 3517 2206 τὸ
3534 2154 3630 2206 ἀνθ
3639 2154 3739 2224 ρώι

2170 2262 2320 2297 πειον
2354 2245 2528 2312 γένος,
2581 2246 2612 2315 ἢ
2642 2244 2737 2315 τὴν
2781 2245 2966 2298 οὐσίαν
2996 2246 3165 2316 αὐτήν
3186 2260 3197 2272 ·
3234 2246 3293 2298 τὸ
3331 2245 3385 2298 δὲ
3418 2243 3627 2308 Παῦλος
3652 2262 3743 2297 τυ·-

2168 2340 2319 2409 χὸνῆ
2370 2339 2604 2408 Πέτρος,
2654 2338 2906 2400 Ἰάκωϐος
2938 2338 2969 2406 ἦ
3013 2339 3210 2408 Κηφᾶς
3234 2377 3247 2401 ,
3288 2339 3370 2400 είς
3401 2336 3461 2389 τὸ
3498 2335 3618 2389 καθ’
3648 2336 3742 2389 ἕνα

2172 2431 2352 2501 σχίζον
2374 2430 2471 2501 τὴν
2503 2430 2920 2502 ἅνθρωπότητα,
2951 2430 3177 2493 πολλοὺς
3207 2425 3344 2483 εἶναι
3373 2430 3499 2492 τοὺς
3526 2428 3737 2499 ἀνθρώ-

2170 2539 2304 2585 πους
2331 2524 2490 2574 ποιεῖ.
2517 2520 2724 2575 Οὐκοῦν
2748 2522 2781 2590 ὴ
2807 2519 2915 2572 τῶν
2952 2519 3232 2589 ὀνομάτων
3262 2518 3504 2589 διαφορὰξ
3532 2518 3739 2587 λαμϐά-

2170 2629 2318 2665 νεται
2352 2614 2447 2682 μὲν
2472 2612 2565 2664 ἐπὶ
2597 2611 2706 2664 τῶν
2751 2611 3084 2681 ὀμοουσίων,
3114 2610 3174 2661 οὐ
3222 2610 3328 2679 μὴν
3370 2608 3617 2662 ἐκϐάλλει
3643 2608 3740 2679 τῆς

2171 2707 2306 2777 πρὸς
2330 2704 2533 2775 ἄλληλα
2560 2705 2795 2774 φυσικῆς
2818 2703 3114 2774 ὲμφερείας
3151 2702 3220 2755 τὰ
3245 2704 3357 2763 τοῖς
3397 2702 3581 2763 αὐτοῖς
3608 2700 3740 2752 εῐδε-

2173 2815 2256 2850 σιν
2285 2797 2678 2849 ὑποπίπτοντα.
2732 2797 2900 2848 Ὅταν
2931 2788 3025 2847 οὐν
3069 2796 3097 2846 6
3147 2793 3245 2863 μὲν
3285 2794 3474 2861 Πατὴρ
3513 2791 3739 2860 λέγηται

2170 2890 2378 2961 Πατὴρ,
2416 2892 2443 2941 6
2467 2890 2521 2941 δὲ
2543 2888 2669 2949 Υἱὸς
2698 2888 2889 2954 Λόγος,
2922 2888 3022 2939 οὐκ
3046 2885 3198 2938 ἔσται
3218 2885 3314 2954 τὴν
3342 2883 3503 2953 φύσιν
3535 2878 3739 2952 ἢούτος

2173 2978 2307 3048 πρὸς
2334 2979 2556 3041 ἐκεῖνον,
2590 2978 2621 3047 ἢ
2654 2981 2861 3040 ἐκεῖνος
2881 2977 2956 3039 ὡς
2987 2978 3122 3047 πρὸς
3148 2975 3337 3030 τοῦτον
3379 2976 3649 3045 ἀνόμοιος,
3682 2977 3738 3026 ὲν

2174 3069 2353 3138 μόνοις
2369 3069 2623 3137 ὀνόμασιν
2648 3069 2863 3138 ἔχοντες
2886 3068 2982 3138 τὴν
3005 3068 3607 3146 διαστολὴν..Δέδεικται
3632 3066 3739 3137 γὰρ

2171 3162 2245 3224 ὡς
2289 3162 2386 3214 οὐκ
2431 3161 2723 3232 ἀνατρέψει
2767 3160 2875 3213 τῶν
2924 3160 3178 3230 ὁμοφυῶν
3224 3161 3322 3229 τὴν
3356 3159 3492 3229 πρὸς
3538 3158 3741 3228 ἄλληλα

2172 3253 2406 3323 φυσικὴν
2446 3254 2737 3321 ὁμοιότητα
2764 3251 2870 3304 τῶν
2898 3252 3177 3322 ὀνομάτων
3220 3253 3252 3321 ἡ
3282 3250 3530 3320 διαφορά.
3578 3250 3741 3304 Οὐδὲν

2170 3346 2277 3414 ἄρα
2308 3344 2503 3396 κωλύει
2532 3344 2623 3396 τὸν
2654 3344 2786 3397 Υἱόν
2819 3343 3103 3412 ὀμοούσιον
3137 3339 3274 3397 εἶναι
3302 3341 3379 3412 τῷ
3411 3344 3605 3411 Πατρὶ,
3639 3343 3740 3394 κᾶν

2169 3434 2296 3497 Υἱὸς
2325 3435 2567 3487 καλεῖται
2596 3436 2689 3487 καὶ
2722 3434 2795 3506 μὴ
2824 3435 3013 3506 Πατὴρ
3045 3433 3205 3496 αὐτός
3252 3434 3398 3484 ἐστιν
3437 3433 3465 3483 6
3493 3430 3743 3500 ἀληθινὸς

2170 3527 2332 3580 αὐτοῦ
2368 3528 2559 3594 Λόγος.
2596 3527 2769 3596 Ἀπλῆ
2797 3526 2905 3596 γὰρ
2935 3522 3119 3593 οὗσαή
3173 3523 3266 3576 τοῦ
3303 3522 3517 3593 Πατρὸς
3562 3506 3738 3583 οὐσία,

2168 3618 2320 3670 οὐδὲν
2347 3619 2430 3670 ἓτε
2443 3636 2532 3688 ρον
2561 3619 2864 3683 ὲπιδέξεται
2894 3614 3227 3686 μεσολαϐοῦν
3250 3614 3347 3685 τὴν
3368 3614 3620 3682 γέννησιν
3647 3610 3739 3663 τοῦ

2172 3710 2229 3774 ἐξ
2258 3711 2422 3764 αὐτοῦ
2454 3709 2699 3780 φυσικῶς
2725 3709 3082 3778 προελθόντος
3111 3708 3307 3774 Λόγου,
3342 3706 3434 3759 καὶ
3465 3705 3539 3767 ὼς
3567 3704 3624 3756 ἓν
3653 3704 3739 3756 δν-

2171 3819 2278 3863 τως
2310 3802 2443 3869 πρὸς
2468 3800 2651 3865 αὐτὸν,
2682 3798 2816 3851 καθό
2850 3798 3006 3866 φύσει
3031 3800 3125 3851 καὶ
3161 3797 3323 3860 αὐτὸς
3351 3795 3480 3855 Θεὸς
3512 3796 3604 3847 καὶ
3634 3794 3739 3858 ζῶν

2171 3890 2235 3942 ὲκ
2254 3890 2454 3954 ζῶντος
2488 3888 2799 3959 ἐξελὰμφθη
2824 3890 3060 3957 Πατρός.

2451 4001 2782 4067 Ἀντίθεσις
2805 4001 2885 4067 ὡς
2910 4002 2976 4053 ἐκ
3007 3999 3126 4054 τῶν
3147 4003 3191 4053 Ε
3196 4002 3469 4069 ὑνομίου.

2253 4095 2341 4148 Ἐν
2370 4097 2481 4156 τοῖς
2508 4093 2881 4162 Εὐαγγελίοις,
2915 4095 3104 4163 φησὶν,
3151 4093 3479 4163 εὑρίσκομεν
3513 4092 3737 4160 λέγοντα

2168 4186 2258 4238 τὸν
2291 4185 2414 4238 Υἱὸν
2439 4186 2513 4249 ὡς
2540 4185 2674 4257 πρὸς
2696 4184 2784 4237 τὸν
2816 4185 3035 4255 Πατέρα
3058 4201 3070 4214 ·
3107 4204 3124 4235 ι
3166 4186 3366 4255 Πάτερ,
3393 4183 3612 4247 δόξασόν
3643 4197 3737 4235 σου

2167 4276 2258 4329 τὸν
2288 4276 2434 4338 Υίὸν,
2471 4296 2488 4327 ι
2528 4275 2896 4329 ἁντακούοντα
2924 4275 2979 4327 δὲ
3021 4278 3152 4346 παρ’
3185 4275 3348 4328 αὐτοῦ
3372 4292 3384 4305 ο
3420 4295 3437 4324 ‹
3479 4276 3588 4327 Καὶ
3620 4273 3736 4325 ἐδό-

2173 4368 2330 4432 ξασα,
2367 4370 2459 4421 καὶ
2486 4368 2644 4420 πάλιν
2666 4367 2893 4433 δοξάσω.
2941 4385 2958 4415 ι
2994 4367 3104 4418 Καὶ
3130 4368 3245 4429 πῶς
3269 4366 3333 4418 ἂν
3356 4363 3493 4417 εἶναι
3523 4365 3738 4417 δύναιτο

492 4467 611 4505 cmn
654 4453 810 4509 Pater
850 4457 1023 4526 ipsum
1059 4461 1411 4531 alloquatur?
1442 4464 1696 4519 allocutio
1727 4474 1908 4520 autem
1935 4468 2061 4523 abs-

2172 4461 2341 4528 Λόγος
2370 4460 2463 4513 τοῦ
2497 4461 2705 4530 Πατρός
2731 4459 2872 4511 κατὰ
2906 4458 3159 4528 ἀλήθειαν
3192 4461 3220 4511 ὀ
3254 4458 3401 4520 Υἱὸς,
3429 4459 3561 4510 ὅπου
3607 4456 3736 4524 φαίο

491 4557 594 4610 que
632 4547 795 4599 verbo
850 4547 963 4603 ﬁeri
1002 4566 1104 4603 non
1141 4563 1337 4617 potest.
1370 4554 1475 4605 Aut
1518 4555 1679 4622 igitur
1714 4557 1941 4624 ipsemet
1972 4574 2058 4612 se-

490 4650 610 4689 cum
646 4639 903 4709 loquilur,
937 4656 1029 4697 aut
1063 4648 1104 4699 si
1134 4645 1296 4699 Pater
1354 4664 1540 4701 revera
1588 4648 1779 4699 Filium
1827 4650 2060 4719 alloqui-

491 4736 597 4787 tur,
630 4728 767 4784 alius
792 4732 1034 4799 profecto
1065 4736 1169 4787 erit
1201 4751 1228 4788 a
1262 4736 1437 4791 Verbo
1454 4738 1593 4807 quod
1630 4738 1853 4792 insitum
1892 4751 2055 4809 atque

490 4817 814 4876 inexsistens
852 4823 957 4877 Deo
981 4827 1273 4879 secundum
1306 4837 1553 4883 naturam
1578 4838 1679 4896 est,
1709 4833 1852 4899 quod
1883 4834 2054 4902 ipsum

488 4908 799 4980 alloquitur,
824 4915 978 4982 juxta
1008 4918 1335 4971 voluntatem
1375 4920 1572 4976 Patris.

981 5093 1192 5148 Salutio
1224 5097 1559 5167 objectionis.

558 5178 675 5235 Non
707 5182 917 5237 desinet
952 5185 1050 5239 iste
1100 5187 1476 5257 incorpoream
1512 5194 1807 5250 essentiam
1849 5200 2055 5254 calum-

487 5272 650 5335 niari,
684 5274 1015 5341 persuadens
1042 5276 1143 5331 sibi
1177 5293 1480 5335 sermonem
1522 5297 1586 5336 ex
1621 5299 1681 5338 ea
1714 5287 1946 5355 proferri
1975 5299 2056 5344 taw

487 5363 613 5424 lem,
644 5364 820 5430 qualis
858 5376 943 5420 est
995 5368 1281 5435 lmmanus,
1311 5372 1403 5441 qui
1452 5374 1714 5431 labiorum
1762 5388 1817 5433 et
1861 5380 2067 5450 lingua:

488 5452 817 5506 adminiculo
844 5460 1243 5526 pronuntietur,
1277 5471 1441 5531 atque
1473 5464 1562 5520 illa
1594 5469 1928 5524 adstantium
1960 5488 2057 5527 att—

489 5539 659 5595 ditum
687 5539 864 5608 feriat,
900 5555 961 5599 ut
995 5548 1067 5603 ita
1105 5550 1375 5621 loquentis
1409 5554 1651 5615 voluntas
1677 5558 1903 5630 intelligi
1936 5577 2056 5631 pos-

560 5694 603 5724 ³⁰
633 5692 783 5750 Joan.
819 5713 915 5765 ιη,
954 5700 1043 5758 28,

2166 4571 2313 4606 νεται
2344 4554 2477 4623 πρὸς
2507 4553 2666 4604 αὐτὸν
2688 4550 3068 4619 διαλεγόμενος
3098 4552 3125 4602 6
3166 4552 3388 4619 Πατήρ;
3422 4549 3655 4613 διάλεξις
3679 4547 3736 4600 δὲ

2164 4647 2321 4715 λόγου
2347 4646 2514 4715 χωρὶς
2544 4645 2642 4696 οὐκ
2675 4643 2740 4696 ἂν
2789 4642 2996 4710 γένοιτό
3044 4659 3193 4695 ποτε.
3248 4643 3318 4693 ’Ἡ
3355 4641 3533 4693 τοίνυν
3576 4640 3736 4701 αὐτὸς

2166 4737 2344 4807 ἑαυτῷ
2399 4736 2548 4789 ἔσται
2602 4734 3002 4802 διαλεγόμενος,
3034 4733 3065 4803 ἢ
3097 4733 3254 4801 εἴπερ
3287 4731 3455 4792 ὅντως
3493 4729 3641 4794 λέγει
3683 4745 3735 4779 τι

2166 4832 2302 4902 πρὸς
2340 4830 2500 4882 αὐτὸν
2527 4831 2553 4880 ό
2591 4828 2795 4896 Πατὴρ,
2828 4826 3013 4896 ἕτερός
3048 4827 3161 4877 ἐστι
3194 4824 3343 4893 παρὰ
3380 4822 3471 4874 τὸν
3498 4821 3735 4873 ἐνδιάθε-

2163 4938 2253 4973 τον
2286 4920 2378 4971 καὶ
2421 4919 2791 4987 ἐνυπάρχοντα
2828 4915 2905 4984 τῷ
2944 4913 3061 4983 Θεῷ
3097 4915 3234 4967 κατὰ
3272 4913 3431 4981 φύσιν
3452 4912 3643 4979 Λόγον,
3676 4910 3734 4973 ὃς

2162 5010 2314 5064 λαλεί
2353 5010 2485 5079 πρὸς
2516 5008 2695 5069 αὐτὸν,
2729 5005 2870 5059 κατὰ
2902 5005 3151 5077 βούλησιν
3168 5004 3259 5057 τοῦ
3292 5003 3522 5074 Πατρός.

2647 5100 2802 5166 Πρὸς
2833 5098 3017 5151 ταῦτα
3042 5098 3243 5162 λύσις.

2235 5195 2309 5249 Οὐ
2333 5194 2517 5265 παύσῃ
2545 5191 2892 5259 συκοφαντῶν
2912 5190 3005 5261 τὴν
3029 5190 3318 5259 ἀσώματον
3344 5187 3551 5249 οὐσίαν,
3578 5185 3734 5252 λόγον

2165 5288 2223 5354 ἐξ
2247 5287 2416 5356 αὐτῆς
2451 5282 2830 5339 ἀποτελεῖσθαι
2858 5281 3127 5335 πιστεύων
3171 5277 3433 5343 τοιοῦτον,
3464 5278 3645 5338 ὁποῖος
3666 5274 3734 5328 ἂν

2164 5380 2247 5447 εἴη
2276 5379 2368 5431 καὶ
2394 5380 2421 5430 6
2450 5375 2807 5446 ἀνθρώπινος,
2831 5372 2919 5426 διὰ
2944 5371 3168 5442 χειλέων
3197 5370 3291 5421 καὶ
3318 5368 3566 5437 γλώττης
3596 5368 3734 5418 ἀποο

2165 5467 2372 5520 κτυπού
2382 5482 2541 5536 μενος
2559 5481 2576 5498 ο
2596 5464 2687 5517 καὶ
2706 5465 2803 5533 τὴν
2824 5464 2916 5515 τοῦ
2936 5462 3104 5523 πέλας
3126 5459 3522 5530 προσαράσσων
3539 5456 3731 5524 ἀκοὴν,

2166 5562 2253 5615 ἵνα
2278 5560 2339 5630 δὴ
2365 5560 2457 5613 καὶ
2487 5557 2695 5625 γένοιτο
2720 5555 2896 5624 σαφὴς
2939 5554 3032 5607 τοῦ
3072 5550 3359 5615 λαλοῦντος
3388 5552 3419 5620 ἡ
3456 5546 3727 5617 βούλησις.
