4036 6208
298 326 418 385 817
1694 332 1898 388 ΤηΕᾶ1

2002 336 2127 391 lUS.

3466 364 3568 418 M3

304 447 369 498 Εἰ
410 446 524 517 γάρ
551 445 841 518 ἐθελήσαις
867 448 1173 513 ἀποσώζειν
1211 452 1275 521 τῇ
1311 450 1586 521 ἀσωμάτῳ
1626 452 1895 519 φύσειτὸν

2002 458 2091 511 sit.
2130 458 2261 513 Nam
2306 464 2351 516 si
2383 464 2518 519 velis
2560 480 2783 523 servare
2816 470 3147 541 incorporeas
3184 486 3389 530 natura!
3437 495 3568 533 con-

302 537 446 605 αύτῂ
485 536 822 606 κατάλληλον
846 537 1002 605 λόγον
1025 540 1123 608 (Ι),
1153 540 1214 592 ού
1238 539 1493 611 τοιαύτην
1520 538 1660 594 εἶναι
1687 544 1893 611 νομιεῖς

2002 548 2307 603 venientem
2352 552 2399 604 ei
2453 555 2745 621 rationem,
2800 574 2902 613 non
2944 562 3099 615 talem
3150 578 3271 617 esse
3320 570 3569 623 censebis

304 623 401 677 τοῦ
431 626 649 695 Πατρός
672 627 773 695 τὴν
800 629 1002 699 φωνὴν,
1026 629 1101 691 ὼς
1130 632 1210 692 εἰς
1231 630 1400 700 ἀκοὴν
1425 631 1685 700 φέρεσθαι
1712 649 1895 701 σωμα-

301 715 498 779 τικῶς.
521 716 596 769 Ού
628 717 736 787 γάρ
762 718 919 787 μόνος
945 721 972 771 6
995 719 1196 790 Κύριος
1222 723 1530 791 ἠκροάσατο
1561 723 1653 775 τοῦ
1681 723 1895 794 Πατρός

304 805 595 872 λέγοντοςο
635 827 653 858 ι
686 808 794 860 Καὶ
833 808 1079 873 ἐδόξασα,
1110 810 1207 863 καὶ
1242 811 1403 863 πάλιν
1426 812 1635 877 δοξάσω
1658 829 1672 843 ο
1703 832 1720 862 ι
1761 812 1896 865 ἀλλὰ

304 895 423 965 γὰρ
453 897 547 949 καὶ
576 897 625 949 οἰ
651 898 898 961 συνόντες
913 899 1082 968 αύτῷ.
1112 900 1391 954 Διδάσκων
1417 901 1474 954 δὲ
1510 904 1698 970 σαφῶς
1716 906 1744 956 6
1762 904 1896 975 Xpt-

310 986 461 1050 στδς,
492 988 576 1040 ὃτι
598 988 805 1058 κυρίως
836 990 928 1041 καὶ
954 990 1198 1057 φυσικῶς
1228 991 1328 1043 οὐκ
1356 993 1536 1062 ἐκείνη
1562 993 1654 1045 τοῦ
1682 995 1894 1065 Πατρδς

304 1074 378 1148 ἦν
418 1080 452 1149 ἡ
483 1079 656 1149 φωνὴ,
691 1080 828 1132 ἀλλά
851 1098 934 1143 τις
968 1080 1172 1143 κτύπος
1199 1085 1346 1152 φωνῇ
1371 1083 1705 1152 προσεοικὼς
1738 1087 1894 1156 ἐξήγ-

305 1170 472 1238 γελλε
507 1170 604 1223 τοῦ
631 1171 842 1241 Πατρὸς
862 1172 960 1241 τὴν
990 1174 1076 1240 ἐφ’
1109 1173 1223 1243 Υἰῷ
1266 1173 1538 1244 βούλησιν.
1568 1176 1676 1227 Καὶ
1701 1178 1893 1249 ὅτιπερ

306 1261 396 1331 εἴη
438 1264 624 1331 τίμιος
655 1264 786 1333 παρ’
803 1264 972 1333 αὐτῷ,
1001 1263 1149 1332 λέγει
1180 1264 1316 1335 πρὸς
1341 1267 1466 1327 τοὺς
1487 1267 1891 1337 ἀκροωμένους

314 1372 334 1403 ι
360 1353 441 1405 Οὐ
472 1352 542 1405 δι’
566 1353 667 1423 ἐμὲ
695 1354 727 1421 ἡ
763 1354 912 1424 φωνὴ
937 1352 1076 1424 αὕτη
1113 1356 1359 1423 γέγονεν,
1404 1356 1540 1409 ἀλλά
1564 1358 1632 1410 δι’
1669 1360 1831 1428 ὑμᾶς.
1868 1379 1888 1413 ι

310 1444 561 1513 Πρόσχες
586 1445 695 1514 γὰρ
716 1445 958 1515 ἀκριὸὦς
974 1446 1048 1509 ὡς
1070 1446 1169 1498 ούκ
1193 1446 1413 1516 ἔφησεν,
1431 1450 1506 1502 Ού
1528 1449 1595 1503 δι’
1617 1451 1717 1519 ἐμὲ
1739 1450 1893 1505 λελά-

305 1535 480 1605 ληκεν
522 1538 551 1589 ό
588 1538 798 1607 Πατὴρ,
857 1537 890 1607 ἢ
944 1538 1255 1611 ὲ66ησεν,ἢ
1310 1541 1497 1613 ἕτερόν
1543 1559 1594 1594 τι
1629 1543 1888 1608 τοιοῦτον,

243 1685 247 1689 ,
306 1628 428 1680 ἀλλ’
456 1629 541 1681 ὅτι
570 1647 588 1679 ι
612 1630 686 1682 Ού
713 1629 782 1681 δι’
817 1629 916 1699 ἐμὲ
934 1630 1207 1701 γέγονενὴ
1236 1631 1407 1702 φωνὴ,
1432 1632 1567 1686 ἀλλά
1587 1634 1653 1686 δι’
1679 1636 1844 1704 ὑμᾶς.
1868 1654 1885 1685 ι

311 1720 373 1771 Εἰ
408 1719 587 1772 τοίνυν
618 1720 709 1773 διά
736 1737 881 1783 τινος
911 1720 1061 1784 Θείας
1083 1723 1367 1792 ἐνεργείας
1391 1723 1612 1792 γέγονεν
1646 1727 1679 1794 ἠ
1717 1726 1888 1796 φωνὴ,

315 1811 378 1863 οὐ
407 1810 498 1863 διὰ
532 1810 785 1881 Χριστὸν,
817 1811 891 1875 ὡς
912 1812 1075 1875 αὑτός
1110 1829 1294 1883 φησιν,
1333 1815 1467 1869 ἀλλὰ
1495 1815 1583 1868 διὰ
1607 1817 1733 1879 τοὺς
1766 1834 1892 1870 συν-
1928 1803 1969 1861 Β

315 1902 477 1964 όντας
523 1900 692 1970 αύτῷ,
721 1903 1007 1971 ἀμήχανον
1036 1903 1094 1955 δὲ
1124 1899 1191 1974 ἦν
1232 1904 1553 1975 ἀνθρώπους
1584 1906 1743 1970 ὄντας
1774 1907 1893 1959 ἑτέ-

316 2010 427 2063 ρως
448 1992 711 2045 δύνασθαι
744 1994 936 2063 μαθεῖν
965 1994 1057 2046 τοῦ
1080 1996 1290 2066 Πατρὸς
1310 1997 1409 2067 τὴν
1435 1996 1712 2067 βούλησιν,
1746 2000 1794 2052 εἰ
1820 2001 1894 2069 μὴ

308 2083 636 2153 ἀνθρωπεία
666 2084 802 2153 πρὸς
834 2084 1031 2148 αὐτοὺς
1061 2086 1282 2153 ἐγένετο
1312 2089 1464 2158 φωνή
1488 2104 1501 2117 ⁸
1532 2090 1586 2141 τί
1620 2090 1797 2159 μάτην
1827 2091 1896 2143 τὰ

308 2176 674 2245 οἰκονομικῶς
703 2176 962 2245 γεγονότα
996 2178 1090 2230 καὶ
1142 2178 1498 2248 ἀνθρωπίνως
1546 2180 1897 2251 διοικούμενα

308 2265 377 2320 δι’
399 2267 547 2335 ἡμᾶς
580 2267 740 2320 πάλιν
765 2267 1058 2339 ἀναφέρεις
1095 2269 1188 2323 ἐπὶ
1226 2270 1330 2341 τὴν
1364 2270 1655 2341 ἀσώματον
1683 2273 1893 2338 οὐσίαν,

312 2357 711 2427 ῥιψοκινδύνως
736 2357 805 2410 τὰ
831 2360 897 2428 τῇ
925 2361 1127 2429 γενητῇ
1163 2360 1445 2429 πρέποντα
1489 2360 1649 2430 φύσει
1677 2363 1771 2416 καὶ
1804 2362 1897 2416 ἐπὶ

309 2452 412 2522 τὴν
435 2452 701 2523 αγένητον
726 2452 1031 2518 ἀνατιθείς;

998 2734 1203 2789 ΑΛΔΟ.

612 2826 929 2892 Ἀντίθεσις
952 2826 1033 2893 ὡς
1060 2828 1129 2880 ἐκ
1154 2825 1272 2880 τῶν
1293 2828 1611 2896 Εὐνομίου.

384 2920 639 2975 Φαίνεται
687 2937 789 2974 που
838 2919 1033 2987 λέγων,
1092 2920 1279 2988 φασιν,
1332 2921 1359 2972 6
1391 2920 1580 2990 Πατὴρ
1626 2918 1762 2989 πρὸς
1805 2917 1895 2973 τὸν

316 3012 476 3065 Υἱόν·
509 3029 528 3061 ι
565 3011 888 3080 Ποιήσωμεν
915 3009 1219 3079 ἄνθρωπον.
1257 3029 1274 3061 ›
1308 3010 1417 3061 Καὶ
1448 3009 1608 3072 αὐτὸς
1638 3009 1703 3080 δὴ
1734 3009 1898 3063 πάλιν

314 3106 344 3156 6
374 3103 567 3174 Σωτὴρ
606 3103 741 3173 πρὸς
786 3101 1069 3163 Ἰουδαίους
1092 3102 1472 3172 διαλεγόμενος
1505 3102 1656 3170 λέγει
1682 3117 1697 3133 ο
1730 3121 1746 3153 ι
1768 3098 1897 3155 Ἀπ’

314 3196 561 3267 ἐμαυτοῦ
593 3196 654 3247 οὐ
675 3194 842 3258 λαλῶ,
867 3194 984 3246 ἀλλ’
1004 3195 1105 3247 ὅσα
1129 3194 1335 3263 ἥκουσα
1368 3192 1517 3264 παρά
1543 3192 1634 3246 τοῦ
1663 3193 1897 3263 Πατρός,

314 3287 493 3341 ταῦτα
524 3286 852 3354 ἀπαγγέλλω
882 3286 1031 3355 ύμῖν.
1061 3304 1078 3334 ι
1112 3271 1237 3353 Ἆρ’
1256 3279 1350 3337 οὖν
1375 3283 1526 3347 εἴτις
1555 3284 1699 3354 ὑμᾶς
1720 3284 1900 3355 ἔροιτο

312 3379 449 3441 ’.οὓς
472 3379 565 3431 ἐπὶ
595 3378 883 3447 δογμάτων
921 3375 1175 3447 ὀρθότητι
1201 3376 1770 3445 μεγαλαυχουμένους,
1799 3375 1900 3427 πό-

312 3471 477 3540 τερόν
512 3486 640 3521 ποτε
673 3468 749 3532 ὡς
782 3468 917 3538 πρὸς
951 3467 1130 3520 εἰδότα
1175 3467 1267 3518 τὸν
1303 3466 1427 3520 Υίὸν
1473 3469 1501 3519 ὁ
1548 3466 1737 3537 Πατὴρ
1762 3467 1900 3536 ὅπερ

315 3562 542 3630 ἔμελλεν
571 3563 716 3631 ἐρεῖν
753 3559 1093 3627 διαλέγεται,
1139 3558 1171 3628 ἢ
1206 3560 1281 3621 ὡς
1309 3558 1444 3629 πρὸς
1492 3558 1568 3627 μὴ
1608 3559 1807 3621 εἰδότα,
1846 3559 1899 3611 τι

314 3654 382 3708 ἂν
407 3651 796 3723 ἀποκρίνοισθε
823 3669 838 3717 ;
889 3652 951 3703 Εἰ
986 3651 1084 3721 μὲν
1109 3646 1202 3704 οὖν
1226 3651 1326 3703 ούκ
1358 3647 1488 3713 οἶδε,
1548 3648 1810 3718 μανθάνει
1841 3649 1900 3702 δὲ

312 3747 436 3799 τότε
469 3742 761 3797 amotos
798 3743 1010 3813 Πατρός
1059 3743 1217 3811 λόγος
1275 3742 1412 3812 πρὸς
1458 3740 1617 3794 αὐτὸν
1671 3742 1898 3810 γένηται

314 3837 446 3908 περί
482 3853 651 3901 τινος,
673 3836 856 3905 ἕτερός
881 3837 996 3886 ἐστι
1027 3835 1178 3905 παρά
1215 3833 1305 3887 τὸν
1336 3832 1464 3884 ὄντα
1507 3833 1705 3900 φύσει·
1760 3834 1808 3885 εἰ
1844 3832 1901 3883 δὲ

315 3922 446 3989 οἶδε,
476 3924 593 3987 πῶς
625 3925 726 3977 ούκ
763 3922 980 3993 ἀμαθὲς
1014 3924 1109 3974 καὶ
1163 3920 1386 3989 ἀνόητον
1429 3918 1491 3971 τὸ
1538 3918 1673 3987 πρὸς
1723 3916 1899 3969 εἰδότα

314 4019 499 4086 λέγειν
537 4017 726 4086 ὥσπερ
769 4016 869 4068 οὐκ
910 4014 1128 4078 εἰδότα;
1181 4012 1290 4064 Καὶ
1326 4011 1411 4063 ἐπ’
1459 4010 1760 4082 ἀνθρώπων
1792 4010 1901 4080 γάρ

314 4112 417 4163 οὐκ
465 4110 571 4173 ἔξω
614 4109 773 4176 λόγου
806 4108 871 4159 τὸ
916 4106 1157 4159 τοιοῦτον
1189 4105 1447 4158 κείσεται.
1505 4105 1568 4155 Εἰ
1610 4103 1666 4156 δὲ
1699 4103 1900 4155 ἄτοπον

318 4201 549 4271 τοιούτῳ
579 4201 687 4252 τινὶ
723 4197 1077 4269 περιπίπτειν
1118 4197 1284 4265 φάναι
1318 4195 1408 4248 τὸν
1439 4196 1592 4259 Θεὸν,
1630 4194 1785 4264 δῆλον
1819 4195 1900 4247 ὅτι

318 4293 394 4356 ὡς
420 4293 561 4363 πρὸς
604 4293 704 4344 οὐκ
737 4290 913 4342 εἰδότα
954 4289 1123 4357 λέγει.
1174 4287 1311 4340 υύτε
1354 4282 1445 4339 οὖν
1488 4287 1648 4348 αὑτός
1682 4287 1828 4337 ἐστιν
1874 4286 1902 4336 6

318 4378 625 4443 ἐνδιάθετος
683 4378 876 4447 Λόγος,
912 4377 1035 4431 οὗτε
1086 4376 1193 4448 μὴν
1232 4372 1371 4429 οἶδεν
1424 4374 1567 4445 ἆπερ
1602 4373 1847 4445 βούλεται
1874 4374 1902 4424 6

1997 633 2176 690 Patris
2240 655 2445 705 vocem,
2499 653 2555 695 ut
2601 646 2653 698 in
2715 649 2953 702 auditum
3010 656 3378 721 corporaliter
3421 658 3567 712 fera-

1999 737 2104 781 tur.
2188 728 2372 800 Neque
2431 735 2572 787 cuitn
2644 737 2787 789 solus
2860 741 3111 796 Dominus
3184 746 3390 800 audivit
3463 749 3566 801 Pa-

1997 828 2134 872 trem
2194 822 2463 877 dicentem
2498 841 2511 876 :
2560 845 2578 877 ι
2624 827 2685 880 Et
2722 829 3037 897 glorificavi,
3074 845 3123 887 et
3169 836 3368 890 iterum
3402 839 3569 906 glori-

2001 911 2194 974 ficaho,
2234 932 2253 963 ι
2290 916 2382 967 sed
2417 917 2580 969 etiam
2613 919 2703 986 qui
2756 920 2983 976 Domino
3028 926 3275 981 aderant.
3313 928 3568 983 Christus

2001 1013 2183 1056 autem
2228 1006 2513 1061 manifeste
2557 1011 2755 1063 docens
2800 1014 2941 1077 quod
2974 1018 3193 1082 preprie
3229 1032 3293 1074 ac
3343 1029 3567 1073 natura-

2005 1094 2132 1148 liter
2176 1111 2282 1149 non
2314 1106 2431 1150 erat
2484 1100 2660 1154 Patris
2711 1103 2795 1154 illa
2837 1119 2963 1167 vox,
3007 1105 3098 1157 sed
3148 1122 3311 1162 sonus
3349 1110 3566 1176 quidam

2003 1184 2119 1237 voci
2153 1185 2351 1239 similis
2396 1190 2697 1243 enuntiavit
2737 1191 2911 1247 Patris
2954 1196 3020 1247 de
3053 1194 3186 1248 Filio
3216 1198 3567 1256 voluntatem.

2013 1275 2178 1345 188
2209 1276 2360 1341 Quod
2389 1288 2568 1333 autem
2613 1296 2716 1333 non
2760 1282 2824 1334 ad
2867 1298 2926 1338 se
2967 1283 3105 1336 facta
3150 1286 3330 1352 fuerit,
3368 1290 3431 1343 ad
3476 1307 3569 1347 eos

1996 1368 2089 1435 qui
2140 1383 2263 1422 eum
2304 1384 2496 1423 sonum
2540 1371 2844 1437 audierant,
2878 1378 2949 1428 ita
2999 1378 3114 1431 ait:
3150 1396 3168 1428 ι
3206 1379 3317 1434 Non
3350 1390 3571 1451 propter

1996 1473 2082 1512 me
2122 1475 2220 1513 vox
2271 1461 2372 1515 ista
2410 1463 2550 1516 facta
2593 1475 2694 1525 est.
2730 1466 2822 1519 sed
2851 1479 3071 1534 propter
3100 1484 3194 1523 vos
3222 1471 3284 1524 ³¹.
3323 1491 3341 1523 ι
3379 1474 3569 1526 Anim-

1997 1552 2217 1605 adverte
2274 1553 2418 1607 enim
2471 1554 2775 1624 diligenter,
2828 1574 2935 1627 quo
2986 1568 3141 1627 pacto
3185 1577 3288 1615 non
3327 1565 3566 1619 dixerit:

1996 1642 2114 1697 Non
2154 1654 2377 1713 propter
2408 1662 2493 1700 me
2539 1647 2750 1702 locutus
2791 1660 2873 1704 est
2920 1649 3104 1713 Pater,
3152 1665 3242 1706 aut
3289 1655 3567 1720 clamavit,

1997 1745 2089 1787 aut
2110 1735 2311 1804 aliquid
2330 1737 2680 1806 ejuscemodi,
2712 1742 2829 1805 sed,
2862 1760 2879 1791 ‹
2906 1741 3018 1795 Non
3056 1756 3276 1812 propter
3309 1761 3394 1799 me
3428 1746 3569 1800 facta

1997 1834 2079 1879 est
2112 1826 2226 1880 haec
2255 1841 2380 1893 vox,
2406 1829 2498 1882 sed
2529 1841 2751 1897 pr0pter
2779 1847 2893 1886 vos.
2929 1853 2946 1884 ι
2985 1832 3041 1887 Si
3073 1848 3204 1902 ergo
3235 1835 3414 1889 divina
3436 1852 3572 1905 qua-

1998 1916 2119 1969 dam
2155 1915 2393 1970 efﬁcacia
2424 1932 2525 1972 vox
2563 1918 2648 1971 illa
2692 1919 2833 1973 facta
2880 1937 2983 1974 non
3022 1933 3241 1993 propter
3268 1925 3568 1992 Christum,

1999 2015 2059 2059 ut
2110 2006 2340 2073 ipsemet
2389 2017 2653 2073 testatur,
2695 2011 2788 2065 sed
2837 2022 3058 2081 propter
3114 2029 3209 2069 eos
3249 2016 3339 2084 qui
3383 2018 3429 2070 ei
3474 2018 3572 2070 ad-

1997 2107 2170 2159 erant,
2219 2099 2553 2166 impossibile
2596 2116 2721 2154 vero
2748 2113 2896 2166 erat,
2928 2120 3048 2156 cum
3085 2106 3332 2160 homines
3367 2119 3572 2173 essent,

1999 2198 2059 2242 ut
2096 2188 2433 2242 voluntatem
2487 2189 2665 2244 Patris
2717 2191 2824 2244 alia
2863 2193 3073 2246 ratione
3124 2194 3416 2259 discerent,
3468 2196 3571 2249 nisi

1999 2281 2237 2333 humana
2267 2294 2399 2335 voce
2422 2281 2749 2335 docerentur
2775 2299 2789 2334 :
2820 2284 2947 2351 quid
2981 2283 3183 2338 frustra
3239 2299 3359 2353 qum
3407 2287 3575 2339 ratio-

1999 2388 2068 2427 ne
2121 2373 2514 2428 incarnationis
2568 2382 2624 2427 et
2677 2375 2915 2428 humano
3000 2390 3147 2430 more
3193 2377 3573 2430 administrata

1998 2471 2130 2517 sunt
2156 2463 2329 2517 nostri
2350 2479 2536 2529 causa,
2571 2464 2640 2517 ad
2663 2466 3041 2533 incorpoream
3064 2471 3356 2521 essentiam
3378 2468 3572 2532 refers,

2003 2555 2290 2609 temerarie
2319 2556 2607 2610 admodum
2627 2572 2745 2626 qua:
2764 2566 2960 2613 creatae
2984 2567 3191 2614 naturae
3221 2560 3573 2626 conveniunt,

2001 2645 2258 2701 increata‘.
2297 2647 2579 2704 tribuens?

2665 2741 2894 2797 ALIUD.

2500 2830 2739 2901 Objectio
2783 2834 3051 2888 Eunomii.

2073 2923 2353 2978 Invenitur
2388 2923 2612 2991 alicubi,
2648 2926 2920 2995 inquiunt,
2958 2926 3123 2981 Pater
3158 2929 3222 2980 ad
3256 2928 3453 2983 Filium
3488 2931 3574 2983 di.

2002 3026 2179 3068 cens:
2234 3031 2253 3065 ι
2300 3014 2587 3070 Faciamus
2643 3016 2916 3071 hominem
2945 3017 3011 3069 ⁸¹.
3050 3034 3067 3068 r
3115 3016 3179 3070 Et
3209 3018 3322 3086 ipse
3364 3035 3577 3073 rursum

1929 3133 1971 3191 ε
2008 3102 2265 3161 Servator
2293 3104 2509 3162 Iudaeos
2539 3107 2843 3177 alloquens,
2870 3108 3003 3163 dicit
3035 3126 3047 3162 :
3084 3128 3102 3161 ι
3144 3108 3258 3180 Ego
3288 3126 3316 3163 a
3352 3126 3436 3164 tne
3465 3113 3579 3179 ipso

2004 3207 2112 3244 non
2164 3191 2376 3260 loquor,
2413 3195 2506 3248 sed
2539 3209 2657 3263 qua:
2697 3196 2876 3250 audivi
2926 3212 2955 3249 a
3000 3196 3180 3263 Patre,
3232 3199 3347 3252 haec
3389 3205 3580 3254 nuntio

2005 3284 2155 3338 vobis
2178 3284 2241 3339 ³³.
2266 3302 2285 3336 ι
2327 3286 2382 3339 Si
2416 3286 2538 3356 quis
2570 3286 2732 3356 igitur
2763 3289 3060 3357 interroget
3095 3305 3211 3356 vos,
3234 3291 3323 3356 qui
3354 3291 3579 3358 dogma-

2006 3386 2116 3431 tum
2146 3379 2475 3432 rectitudine
2504 3379 2833 3447 gloriamini,
2876 3390 3056 3434 utrum
3092 3383 3157 3434 ad
3195 3382 3455 3435 scientem
3490 3383 3581 3436 Fi-

2004 3467 2132 3520 lium
2161 3466 2323 3521 Pater
2351 3469 2494 3537 quod
2520 3469 2768 3523 dicturus
2795 3479 2938 3531 erat,
2973 3486 3039 3522 an
3070 3485 3199 3523 vero
3228 3471 3295 3521 ad
3328 3471 3579 3523 nescien-

2008 3567 2113 3609 tem
2163 3558 2376 3613 locutus
2418 3561 2510 3621 sit,
2568 3560 2824 3627 quidnam
2879 3561 3289 3629 respondeatis?
3343 3560 3472 3614 Nam
3536 3563 3583 3616 si

2005 3647 2264 3711 nescivit,
2305 3663 2368 3701 ac
2430 3659 2539 3701 tum
2586 3650 2820 3717 primum
2868 3649 3073 3713 didicit,
3126 3650 3341 3719 quando
3403 3651 3583 3705 Patris

2003 3750 2184 3789 sermo
2214 3739 2488 3805 quapiam
2527 3739 2592 3791 de
2628 3755 2686 3793 re
2715 3742 2780 3792 ad
2818 3740 2963 3793 illum
2998 3740 3213 3793 habitus
3240 3752 3344 3804 est,
3406 3742 3584 3794 diver—

2004 3843 2097 3882 sus
2141 3828 2247 3881 erit
2303 3829 2369 3881 ab
2403 3843 2467 3881 eo
2509 3829 2599 3896 qui
2646 3839 2835 3884 natura
2867 3831 3124 3884 exsistit:
3153 3831 3196 3883 si
3236 3847 3365 3884 vero
3403 3833 3581 3896 scivit,

2014 3920 2284 3990 quomodo
2319 3936 2422 3973 non
2461 3919 2625 3974 fuerit
2666 3921 2956 3975 absurdum
2998 3924 3063 3976 ad
3106 3923 3367 3976 scientem
3410 3923 3580 3990 loqui,

2014 4023 2271 4083 tanquam
2306 4030 2411 4069 non
2445 4013 2743 4068 scientem?
2770 4015 2928 4082 Atqui
2962 4015 3123 4068 etiam
3154 4015 3297 4067 inter
3325 4014 3583 4068 homines

2004 4106 2107 4159 hoc
2146 4106 2430 4159 ridiculum
2463 4105 2645 4158 fuerit.
2672 4104 2804 4159 Cum
2836 4098 3002 4175 igitur
3041 4104 3331 4158 absurdum
3358 4105 3429 4157 sit
3464 4104 3565 4159 hoc

2008 4197 2115 4250 Deo
2165 4197 2425 4263 tribuere,
2496 4198 2837 4251 manifestmn
2880 4205 2984 4262 est,
3024 4197 3089 4249 ad
3145 4210 3248 4249 non
3297 4197 3560 4249 scientem

2028 4288 2269 4342 locutum
2319 4288 2506 4343 fuisse.
2551 4288 2663 4341 Non
2698 4296 2780 4342 est
2815 4288 2976 4356 igitur
3017 4289 3131 4357 ipse
3170 4285 3396 4341 Verbum
3436 4287 3579 4340 Patri

2030 4379 2275 4441 insitum,
2321 4394 2493 4448 neque
2536 4379 2783 4433 scivisset
2814 4394 2931 4446 quzc
2966 4379 3075 4432 vult
3117 4377 3257 4431 Deus
3303 4394 3366 4432 ac
3400 4378 3579 4443 Pater,

321 4472 454 4534 θεὸς
490 4472 585 4524 καί⁸
612 4470 823 4542 Πατὴρ,
872 4472 918 4522 εἰ
970 4469 1045 4542 μὴ
1077 4471 1289 4537 γένοιτο
1336 4466 1471 4538 πρὸς
1520 4466 1683 4518 αὑτὸν
1714 4464 1741 4515 6
1773 4464 1898 4533 παρ’

2015 4470 2119 4524 nisi
2169 4485 2348 4525 sermo
2378 4469 2558 4525 Patris
2598 4471 2663 4523 ad
2696 4469 3112 4541 ipsumJiabitus
3145 4469 3355 4525 fuisset.

323 4564 489 4618 αὑτοῦ
518 4563 696 4629 λόγος.

819 4677 973 4747 Πρὸς
996 4676 1171 4731 τοῦτο
1207 4676 1406 4740 λύσις.

398 4794 564 4847 Οὐδὲν
588 4788 681 4847 οὖν
701 4792 886 4845 διοίσει
920 4789 1210 4860 προφητῶν
1240 4791 1267 4842 6
1293 4790 1351 4841 ὲν
1392 4787 1699 4859 προφήταις
1730 4786 1904 4839 λαλῶν

327 4881 421 4937 τοῦ
449 4882 585 4935 Θεοῦ
616 4884 806 4950 Λόγος,
837 4881 931 4933 καὶ
958 4881 1026 4932 τὰ
1060 4878 1291 4948 ἐσόμενα
1319 4875 1651 4946 προμηνύων
1682 4877 1866 4938 αὐτοῖς
1886 4891 1902 4906 ⁶

328 4974 390 5025 ού
421 4972 532 5041 γὰρ
563 4968 707 5041 εἶχον
740 4971 798 5036 ἐξ
839 4968 1047 5023 ἑαυτῶν
1080 4968 1142 5021 τὸ
1172 4967 1370 5020 εἰδέναι
1409 4966 1612 5019 ταῦτα’
1664 4967 1810 5036 μόνῳ
1848 4966 1906 5018 δὲ

2508 4672 2716 4729 Salutio
2761 4674 3083 4743 objectiouis.

2077 4786 2218 4840 Nihil
2263 4787 2428 4856 igitur
2477 4786 2691 4841 differet
2734 4803 2763 4841 a
2809 4787 3086 4857 prophetis
3128 4786 3363 4839 Verbum
3400 4784 3491 4840 Dei
3531 4786 3581 4838 in

2017 4882 2294 4951 prophetis
2335 4880 2559 4949 loqttens
2605 4890 2659 4935 et
2702 4880 2881 4934 futura
2929 4880 3007 4934 eis
3039 4876 3334 4948 praedicens
3365 4894 3378 4929 :
3413 4891 3586 4945 neque

2012 4975 2154 5028 enim
2205 4989 2273 5026 ex
2322 4973 2521 5041 seipsis
2560 4973 2754 5026 horum
2816 4972 3062 5026 netitiam
3115 4967 3429 5023 habebant:
3482 4970 3582 5023 soli

328 5064 562 5136 ἁρμόζει
589 5064 711 5131 Θεῴ
745 5063 1017 5133 ἐσομένων
1040 5062 1075 5132 ἡ
1107 5060 1428 5131 πρόγνωσις.
1462 5059 1571 5111 Καὶ
1591 5059 1641 5111 τί
1672 5060 1898 5129 ποιήσω-

2017 5080 2250 5132 namque
2303 5064 2413 5118 Deo
2465 5063 2716 5118 convenit
2772 5062 3072 5116 futurorum
3126 5061 3405 5128 prmnotio.
3447 5058 3584 5127 Quid

330 5173 455 5227 μεν,
492 5155 584 5209 τοῦ
627 5156 833 5226 Κυρίου
872 5154 1061 5223 σαφῶς
1101 5152 1293 5207 ἑαυτὸν
1340 5151 1438 5222 τῆς
1490 5150 1625 5223 πρὸς
1668 5150 1898 5214 ἐκείνους

2009 5172 2137 5211 vero
2170 5156 2451 5219 faciemus,
2475 5171 2598 5211 cum
2626 5155 2882 5209 Dominus
2936 5153 3221 5207 manifeste
3266 5168 3326 5207 se
3370 5155 3438 5205 ab
3471 5153 3586 5205 illo-

332 5247 581 5319 ἰσότητος
614 5246 1048 5317 ἀποδιορίζοντος
1075 5262 1088 5312 ;
1137 5245 1203 5297 δι’
1234 5236 1307 5298 ὧν
1359 5241 1502 5295 οὕτω
1555 5242 1719 5312 φησίν
1741 5258 1754 5273 ·
1795 5262 1813 5294 ι
1845 5245 1898 5296 Ei

2009 5264 2125 5302 rum
2174 5249 2522 5303 similitudine
2572 5248 2810 5302 eximat?
2864 5248 2955 5300 ita
3007 5246 3233 5299 dicens:
3281 5263 3299 5296 ι
3358 5243 3414 5298 Si
3469 5245 3587 5298 illos

329 5339 575 5402 ἐκείνους
604 5334 726 5392 εἰπε
759 5337 935 5401 θεοὺς,
966 5338 1099 5408 πρὸς
1129 5335 1223 5398 οὒς
1258 5338 1285 5389 6
1314 5334 1469 5402 λόγος
1499 5333 1590 5386 τού
1621 5333 1755 5387 Θεοῦ
1786 5337 1907 5405 ὲγέ-

404 5491 447 5523 ³¹
475 5490 633 5547 Joan.
666 5505 768 5555 χιι,
791 5490 882 5545 50.
956 5491 1000 5522 ²²
1025 5489 1161 5545 Geo.
1200 5504 1239 5553 ι,
1268 5487 1358 5541 26.
1435 5488 1481 5520 ³³
1505 5485 1658 5542 Joan.
1698 5505 1791 5553 xn,
1821 5491 1907 5547 49.

2012 5341 2147 5395 dixit
2178 5342 2308 5395 deos
2334 5340 2401 5395 ad
2430 5356 2565 5408 quos
2591 5354 2771 5396 sermo
2800 5338 2894 5393 Dei
2920 5338 3094 5394 factus
3121 5348 3226 5404 est,
3259 5345 3313 5390 et
3348 5349 3453 5391 non
3486 5350 3587 5407 po-

405 5670 483 5737 (I)
516 5668 608 5722 Sic
637 5668 869 5723 Cotelct‘.
902 5670 952 5723 in
977 5666 1301 5739 MonumE.
1334 5666 1396 5721 G.
1423 5665 1630 5730 H.591.
1665 5667 1804 5720 Edit.
1836 5667 1898 5719 At

2027 5671 2116 5723 τὸν
2148 5670 2308 5724 αὑτὸν
2350 5672 2469 5723 κατ’
2502 5669 2725 5739 άλληὶον
2753 5668 2928 5738 λόγον.
2960 5666 3097 5721 Nam
3123 5666 3165 5719 si
3191 5667 3245 5718 in
3281 5670 3469 5715 natura
3497 5657 3578 5710 in-

335 5754 588 5806 corporea
630 5740 744 5806 ﬁeri
776 5739 897 5793 velis
930 5747 1168 5792 mutuum
1208 5737 1342 5790 hunc
1377 5753 1682 5791 sermonem.
1722 5739 1876 5791 linit.
