4106 6204
494 311 600 368 519
1526 307 1584 361 S.
1628 301 1894 361 CYRILLI
1935 297 2403 356 ALEXANDRINI
2444 304 2764 358 ARClllEP.
3660 306 3767 363 ἶ)Ξο

499 439 603 485 test
640 427 775 485 solvi
823 426 1144 495 Scriptura;
1193 442 1355 500 quem
1404 427 1548 482 Deus
1596 424 1982 487 sanetiticavit,
2019 440 2047 476 e

2173 437 2332 487 νετο,
2383 427 2477 479 καὶ
2508 427 2569 479 οὐ
2599 425 2827 480 δύναται
2868 425 3095 496 λυθῆναι
3133 427 3166 496 ή
3208 425 3428 496 Γραφὴ,
3473 425 3532 479 ὃν
3561 426 3590 479 6
3632 427 3766 492 Θεὸς

495 520 647 576 misit
692 521 744 575 in
793 523 1074 588 mundum,
1128 536 1227 578 vos
1271 520 1452 575 dicitis
1517 518 1643 588 quia
1700 516 2048 586 Blasphemas

2179 512 2372 582 ἡγίασε
2406 515 2499 568 καὶ
2528 514 2848 569 ἀπέστειλεν
2882 516 2963 577 είς
2986 513 3079 567 τὸν
3109 515 3313 583 κόσμον
3333 554 3349 580 ,
3391 516 3551 585 ὑμεῖς
3572 515 3763 584 λέγετε

496 611 622 682 quia
667 610 775 665 dixi
805 632 818 665 :
858 610 1028 667 Filius
1060 612 1153 666 Dei
1186 626 1304 666 sum
1334 610 1401 664 “.
1439 628 1458 661 ι
1494 607 1551 663 Si
1586 607 1734 662 enim
1767 609 2048 663 uaturalen

2177 602 2257 656 ὅτι
2288 603 2659 673 Βλασφημεῖς,
2692 606 2776 658 ὄτι
2801 601 2954 658 εἷπον
2975 621 2989 636 ο
3019 604 3147 668 Υἱὸς
3168 604 3259 658 τοῦ
3291 605 3426 658 Θεοῦ
3451 607 3621 676 είμι.»
3647 607 3760 660 Καὶ

495 712 617 750 cum
662 700 943 769 prophetis
975 699 1385 755 similitudinem
1412 697 1711 762 habuisset,
1730 699 1856 764 fnon
1888 699 2048 766 utiqui

2176 695 2281 766 γὰρ
2314 698 2362 748 εί
2392 696 2489 766 τὴν
2524 696 2661 766 πρὸς
2688 698 2815 761 τοὺς
2846 698 3132 767 προφήτας
3167 692 3314 767 εἶχεν
3351 697 3574 767 ἰσότητα
3598 714 3759 766 φυσι-

493 789 657 843 veluti
698 805 726 842 a
762 789 923 860 189
950 788 1248 843 minoribus
1292 801 1351 841 se
1395 787 1855 855 comparationem
1905 786 2073 842 fecis-

495 889 599 934 set.
642 879 773 933 Nam
811 896 928 934 cuiu
960 880 1118 944 dixit,
1153 896 1173 930 ι
1208 876 1265 933 Si
1298 878 1418 934 illos
1449 879 1589 934 dixit
1623 878 1776 945 deos,
1819 881 1885 935 ad
1935 895 2073 949 quos

495 986 676 1025 sermo
714 970 805 1024 Dei
856 969 1033 1024 factus
1064 978 1169 1037 est,
1198 969 1489 1027 manifeste
1520 972 1759 1026 ostendit
1805 972 1901 1027 Dei
1953 986 2073 1027 ser—

494 1073 706 1113 monem
740 1058 806 1112 ad
841 1074 899 1113 se
946 1057 1148 1113 factum
1184 1072 1291 1112 non
1318 1072 1463 1124 esse,
1500 1060 1647 1114 sicut
1683 1060 1750 1114 ad
1783 1059 1939 1114 illos:
1975 1059 2069 1115 sed

493 1148 634 1214 quod
679 1146 795 1216 ipse
836 1150 911 1203 sit
961 1162 1143 1205 sermo
1191 1149 1369 1207 Patris
1421 1152 1488 1207 ad
1538 1152 1831 1222 praphetas
1865 1153 2065 1208 dictus.

493 1235 776 1300 Quomodo
826 1237 991 1305 igitur
1029 1239 1097 1305 is,
1126 1240 1217 1311 qui
1259 1248 1410 1296 tanto
1459 1242 1746 1297 intervallo
1777 1243 2069 1313 prophetas

488 1337 731 1396 Superat,
761 1328 895 1383 nihil
922 1330 1084 1386 habet
1107 1332 1339 1402 amplius
1371 1347 1534 1403 quam
1564 1334 1864 1404 prophetas,
1898 1344 1954 1390 ut
1987 1344 2066 1402 tu,

486 1415 821 1489 blaspheme,
849 1421 1317 1493 impudentissime
1340 1424 1576 1480 asseris?

1152 1707 1385 1764 ALIUD.

557 1816 612 1871 Si
643 1817 867 1873 nescivit
904 1817 1077 1873 Filius
1119 1820 1448 1875 voluntatem
1489 1819 1690 1888 Patris,
1720 1822 1836 1886 sed,
1866 1836 2059 1892 quent-

482 1911 771 1965 admodum
831 1912 1016 1967 hostes
1074 1912 1277 1967 Christi
1333 1921 1611 1977 asserunt,
1642 1928 1949 1969 sermonem
1991 1914 2062 1969 ab

485 2000 601 2069 ipso
623 2001 872 2072 suscipit,
896 2013 955 2058 ut
973 2003 1044 2056 ita
1063 2002 1255 2069 discat,
1277 2012 1331 2058 et
1349 2003 1571 2072 perinde
1587 2018 1653 2058 ac
1674 2005 2056 2073 prophetarum

481 2092 718 2161 aliquem
746 2093 1101 2162 Pateripsum
1134 2093 1429 2163 alloquitur
1459 2110 1474 2148 :
1514 2095 1746 2164 aequalis
1780 2096 1946 2165 igitur
1974 2105 2058 2151 est

479 2182 779 2250 praphetis.
814 2182 956 2249 Quid
991 2182 1161 2253 igitur
1191 2197 1408 2238 rursum
1440 2190 1679 2240 statuent
1717 2186 1784 2238 de
1821 2184 2055 2240 Psalmi-

477 2280 587 2334 sta,
619 2272 670 2325 in
709 2271 916 2343 Spiritu
943 2273 1158 2328 dicente
1187 2290 1203 2328 :
1239 2289 1260 2325 ι
1292 2271 1425 2339 Quis
1454 2274 1510 2328 in
1542 2274 1777 2329 nubibus
1806 2288 2056 2346 exequa-

475 2360 626 2415 hitur
659 2362 930 2418 Domino?
970 2365 1182 2434 etquis
1211 2365 1407 2421 similis
1444 2365 1550 2421 erit
1581 2366 1808 2423 Domino
1838 2368 1891 2422 in
1929 2352 2054 2423 ﬁliis

474 2450 754 2507 hominum
777 2452 905 2508 ιιι»
944 2453 1132 2510 Viden’
1176 2469 1284 2523 quo
1317 2464 1479 2525 pacto
1537 2464 1725 2525 aperte
1779 2457 2051 2512 neminem

475 2542 653 2609 inquit
670 2544 725 2598 in
744 2544 1049 2614 prophetis,
1070 2559 1206 2612 quos
1232 2546 1461 2617 ﬁgurate
1482 2547 1654 2603 nubes
1677 2556 1855 2613 vocat,
1879 2562 2053 2618 neque

472 2632 527 2687 in
564 2633 653 2701 iis,
683 2636 775 2706 qui
816 2650 916 2705 per
957 2637 1189 2706 gratiam
1243 2638 1295 2692 in
1327 2637 1469 2694 ﬁlios
1498 2638 1591 2694 Dei
1627 2639 1869 2709 adoptati
1902 2648 2050 2707 sunt,

471 2724 733 2792 aequalem
779 2725 897 2779 fore
932 2725 1070 2781 Filio
1097 2727 1371 2783 naturali?
1398 2730 1675 2796 Quomodo
1714 2731 1876 2801 igitur
1909 2748 2051 2787 cen-

471 2816 675 2871 sendus
698 2823 781 2870 est
810 2830 938 2871 vere
964 2817 1109 2887 loqui
1139 2817 1334 2885 David,
1366 2821 1458 2890 qui
1493 2821 1619 2876 talia
1647 2822 1698 2877 in
1728 2823 1935 2892 Spiritu
1964 2825 2047 2879 di-

472 2904 565 2969 cit,
598 2907 646 2961 si
689 2920 872 2963 sermo
904 2906 1079 2965 Patris
1119 2912 1286 2966 etiam
1333 2914 1403 2967 ad
1446 2913 1623 2982 ipsum
1670 2916 1748 2981 tit,
1796 2916 1938 2971 sicut
1981 2917 2049 2972 ad

470 3004 711 3061 sanctos,
737 3005 791 3052 et
814 3013 921 3053 non
960 3001 1111 3054 novit
1134 3002 1465 3058 voluntatem
1492 3004 1672 3060 Patris
1711 3007 1933 3076 perinde
1961 3017 2047 3063 at-

468 3101 578 3156 que
604 3087 700 3149 illi,
720 3098 775 3143 et
800 3104 895 3159 per
917 3091 1162 3146 auditum
1189 3094 1580 3150 revelationem
1613 3096 1759 3152 illius
1776 3100 2044 3169 suscipit?
2072 3116 2119 3179 ο

469 3177 540 3230 At
576 3176 621 3231 si
658 3177 1036 3249 hlasphemum
1067 3189 1150 3238 est
1174 3185 1375 3252 dicere,
1404 3184 1675 3255 Spiritum
1708 3190 1953 3255 mentiri,
1989 3199 2047 3245 ut

466 3266 691 3322 omnino
717 3279 801 3323 est
820 3269 1215 3340 blasphemum,
1242 3288 1416 3343 neque
1444 3274 1608 3331 aliter
1635 3290 1694 3332 se
1726 3292 1815 3333 res
1847 3278 2044 3335 habet:

471 3365 622 3412 certe
661 3356 805 3415 Deus
837 3359 1246 3432 incomparabili
1280 3365 1601 3421 excellentia
1636 3368 1919 3438 prophetis
1950 3384 2040 3425 su-

471 3443 654 3512 perior
676 3447 801 3511 erit,
829 3448 1029 3519 quippe
1054 3450 1149 3520 qui
1179 3465 1340 3509 verus
1372 3467 1578 3521 sermo,
1615 3464 1671 3511 et
1705 3456 1956 3515 voluntas
1981 3473 2047 3513 ac

465 3534 734 3602 sapientia
758 3537 957 3594 Patris.

1136 3738 1391 3796 ALIUD'

536 3842 593 3898 Si
620 3841 857 3902 Verbum
878 3846 1028 3904 Patri
1052 3852 1370 3910 naturaliter
1422 3855 1752 3917 inexsistens
1779 3863 1928 3919 aliud
1956 3875 2044 3920 est

462 3931 533 3987 al.
563 3946 628 3987 eo
656 3935 798 4003 quod
835 3952 1004 3993 sacrae
1046 3938 1345 4010 Scriptura:
1387 3946 1546 4000 nobis
1590 3961 1920 4018 proponunt,
1983 3963 2042 4005 ut

464 4024 534 4080 sit
560 4027 829 4094 quoddam
859 4029 1133 4086 occultum
1161 4041 1217 4087 et
1246 4033 1419 4088 latens
1444 4036 1497 4089 in
1528 4037 1711 4105 Patre,
1769 4042 1913 4095 aliud
1949 4056 2043 4095 ve-

462 4128 526 4167 ro
576 4118 719 4185 quod
776 4119 1024 4174 enuntiat
1055 4122 1190 4191 ique:
1241 4123 1404 4178 Pater
1454 4125 1719 4196 loquitur,
1777 4146 1937 4200 quem
1984 4143 2039 4187 et

461 4204 698 4262 Joannes
732 4208 898 4263 Deum
937 4225 1061 4268 esse
1086 4213 1253 4269 dicit:
1292 4217 1564 4279 quomodo
1606 4218 1771 4288 igitur
1808 4221 2037 4290 simplex

464 4304 518 4348 et
554 4298 961 4365 compositionis
994 4317 1193 4372 expers
1221 4320 1342 4361 esse
1371 4308 1722 4364 censebitur?
1757 4310 2034 4382 Siquidem

468 4388 779 4442 necessario
809 4390 900 4457 qui
952 4391 1158 4461 aliquid
1194 4395 1468 4451 occultum
1503 4408 1558 4452 et
1600 4399 1810 4468 aliquid
1865 4417 2030 4470 appa-

469 4488 593 4529 rens
623 4474 801 4540 habet,
827 4492 934 4533 non
968 4480 1215 4551 simplex,
1255 4485 1348 4539 sed
1385 4486 1563 4555 potius
1585 4490 1920 4559 compositus
1949 4503 2033 4546 est

461 4574 518 4617 et
546 4580 611 4619 ex
641 4565 851 4623 duobus
894 4582 1171 4629 constans.
1203 4577 1363 4646 Atqui
1405 4578 1546 4633 Deus
1581 4589 1664 4634 est
1699 4592 1894 4637 natura
1932 4598 2032 4638 sua

459 4655 711 4729 simplex,
746 4660 990 4733 nihilque
1035 4665 1087 4719 iu
1131 4680 1191 4722 se
1241 4668 1405 4724 habet
1450 4672 1835 4741 compositum.
1883 4674 2034 4732 Unus

459 4748 641 4821 itaque
668 4752 723 4809 in
747 4752 864 4824 ipso
891 4764 977 4812 est
1003 4758 1268 4816 naturalis
1291 4768 1346 4817 ct
1371 4759 1568 4819 insitus
1591 4763 1781 4822 Filius.

1135 4956 1366 5016 ALIUD.

531 5064 611 5129 Si,
638 5067 1091 5132 quemadmodum
1136 5071 1321 5129 hostes
1358 5075 1559 5131 Christi
1613 5079 1774 5150 19o
1829 5083 2033 5138 audent

456 5154 659 5221 dicere,
687 5154 925 5215 Verbum
959 5162 1105 5231 quod
1161 5162 1218 5219 in
1255 5164 1548 5238 Evangelia
1577 5170 1731 5227 nobis
1763 5174 1997 5243 praedica

456 5255 567 5314 tur,
598 5248 872 5307 diversum
913 5261 998 5308 est
1039 5254 1109 5309 ab
1146 5269 1215 5311 eo
1245 5258 1388 5326 quod
1414 5257 1562 5315 Patri
1606 5271 1798 5319 natura
1829 5264 2004 5322 inexsi

455 5336 573 5400 stit,
607 5353 782 5408 neque
816 5342 967 5397 novit
1006 5358 1204 5401 arcana
1237 5345 1436 5414 Patris,
1472 5350 1569 5404 sed
1608 5351 1770 5407 discit
1809 5359 2027 5424 quando

454 5440 579 5479 eum
613 5425 905 5497 alloquitur
944 5450 958 5486 :
1000 5447 1132 5504 ergo
1160 5449 1235 5493 ex.
1268 5435 1577 5507 ignorantia
1626 5441 1693 5496 ad
1745 5445 2025 5501 scientiam

460 5512 787 5572 traducitur.
828 5520 992 5591 Atqui
1036 5538 1143 5592 quo
1180 5536 1340 5596 pacto
1380 5542 1509 5585 vere
1557 5532 1724 5587 dicit:
1759 5552 1778 5586 ι
1820 5534 1931 5606 Ego
1972 5548 2026 5593 et

533 5666 577 5698 “
609 5665 762 5725 Joan.
794 5685 848 5739 Χ,
879 5671 972 5742 35,
1001 5673 1087 5729 56.
1168 5677 1210 5710 ³⁸
1241 5678 1383 5737 Psal.
1419 5699 1682 5753 Lxxxvm,
1715 5688 1765 5741 7.

2175 784 2299 855 κήν,
2342 786 2443 838 οὐκ
2492 786 2558 839 ἀν
2613 787 2689 850 ὡς
2739 788 2804 841 ἐκ
2828 786 2923 839 τοῦ
2951 786 3232 849 ἐλάττονος
3276 786 3382 839 τῶν
3409 787 3532 840 καθ’
3568 788 3759 841 ἑαυτὸν

2173 877 2412 928 ἐποιεῖτο
2458 877 2559 945 τὴν
2614 876 2922 946 σύγκρισιν,
2961 873 3032 928 τὰ
3076 875 3302 929 ἐκείνων
3344 875 3636 944 λαμϐάνων
3679 878 3758 939 είς

2173 966 2613 1037 παραδείγματος
2647 967 2900 1037 δύναμιν.
2946 967 3139 1035 Λέγων
3185 966 3316 1039 γὰρ,
3359 988 3377 1019 ι
3412 969 3475 1021 Et
3511 968 3759 1032 ἐκείνους

2172 1053 2293 1110 εἶπε
2319 1058 2497 1122 θεοὺς,
2521 1057 2657 1128 πρὸς
2682 1057 2777 1121 οὒς
2807 1058 2836 1109 6
2857 1058 3011 1126 λόγος
3032 1056 3127 1111 τοῦ
3158 1057 3293 1112 Θεοῦ
3335 1059 3573 1127 ἐγένετο,
3603 1077 3623 1110 ι
3655 1077 3752 1115 σα-

2172 1146 2288 1213 φῶς
2315 1146 2699 1199 ἀποδείκνυσιν
2719 1145 2780 1198 οὐ
2806 1145 2963 1214 λόγον
2986 1144 3318 1215 γεγενῆσθαι
3340 1146 3472 1198 Θεοῦ
3500 1146 3638 1217 πρὸς
3657 1147 3755 1200 αὐ-

2169 1239 2281 1303 τὸν,
2307 1236 2498 1310 ὥσπερ
2528 1238 2785 1309 καὶπρὸς
2816 1237 3082 1301 ἐκείνους,
3118 1237 3235 1291 ἀλλ’
3252 1237 3444 1308 ὅτιπερ
3476 1237 3641 1300 αὐτὸς
3664 1238 3749 1308 είη

2168 1327 2262 1383 τοῦ
2290 1328 2500 1399 Πατρὸς
2517 1330 2547 1381 6
2569 1329 2727 1397 λόγος
2758 1329 2787 1380 6
2815 1328 2953 1399 πρὸς
2981 1329 3107 1391 τοὺς
3131 1328 3416 1397 προφήτας
3442 1326 3751 1397 λεγόμενος.

2172 1412 2294 1477 Πῶς
2319 1410 2412 1468 οὖν
2442 1417 2471 1468 6
2499 1415 2759 1468 τοσοῦτον
2789 1413 2898 1467 τῶν
2942 1416 3239 1485 προφητῶν
3264 1415 3750 1486 ἀπεσχοινισμένος

2170 1503 2265 1556 καὶ
2293 1502 2405 1557 ἀνω
2438 1520 2539 1556 που
2572 1503 2845 1574 κείμενος,
2891 1503 3046 1557 οὐδὲν
3074 1504 3184 1570 ἕξει
3210 1504 3372 1559 πλέον
3399 1504 3578 1560 αὐτῶν
3610 1506 3750 1561 κατά

2166 1592 2264 1663 τὴν
2289 1594 2408 1665 σὴν,
2433 1588 2478 1648 ὦ
2512 1594 2825 1667 βλάσφημε,
2852 1596 3096 1666 τόλμαν;

2851 1706 3061 1762 AAAO.

2237 1818 2301 1870 Εί
2329 1818 2429 1871 οὐκ
2449 1815 2590 1873 οἶδεν
2612 1818 2641 1871 6
2668 1818 2795 1883 Υἱὸς
2810 1817 2909 1891 τὴν
2927 1820 3021 1873 τοῦ
3049 1821 3263 1892 Πατρός
3294 1822 3567 1895 βούλησιν,
3596 1826 3745 1879 ἐκδέ-

2165 1924 2319 1978 χεται
2345 1908 2424 1975 δὲ,
2446 1909 2696 1979 καθάπερ
2713 1911 2763 1963 οί
2786 1910 3145 1982 χριπομάχοι
3172 1913 3472 1982 νομίζουσι,
3499 1915 3590 1968 τὸν
3613 1918 3743 1986 παρ’

2164 1998 2333 2053 αὐτοῦ
2354 1998 2530 2069 λόγον,
2566 1998 2653 2053 ἵνα
2683 1999 2745 2071 δή
2769 2016 2899 2053 ποτε
2932 2000 3029 2054 καὶ
3060 2000 3242 2070 μάθοι,
3275 2003 3371 2056 καὶ
3391 2003 3579 2075 ὥσπερ
3611 2005 3744 2074 πρός

2161 2106 2285 2143 τινα
2317 2090 2425 2143 τῶν
2460 2090 2757 2162 προφητῶν
2783 2094 2812 2145 6
2842 2092 3032 2163 Πατήρ
3060 2092 3367 2162 διαλέγεται
3390 2094 3527 2165 πρὸς
3558 2095 3739 2161 αὐτὸν,

2132 2180 2280 2243 οῐσος
2311 2180 2420 2252 ἄρα
2448 2182 2752 2252 προφήταις
2781 2181 2920 2236 ἐστί.
2956 2183 3058 2236 Ποῖ
3105 2182 3171 2255 δὴ
3215 2178 3308 2237 οὖν
3341 2184 3458 2262 ἄρα,
3499 2186 3742 2256 χωρήσει

2161 2269 2328 2325 πάλιν
2372 2272 2507 2341 ἡμῖν
2549 2273 2579 2324 6
2629 2271 2785 2339 ἆγιος
2811 2272 3116 2343 Ψαλμῳδὸς
3146 2276 3204 2327 ἐν
3234 2274 3514 2345 Πνεύματι
3546 2275 3738 2343 λέγων,

2161 2361 2245 2413 ὅτι
2281 2379 2302 2411 ι
2340 2360 2437 2424 Τίς
2490 2362 2547 2414 ἐν
2578 2362 2831 2431 νεφέλαις
2873 2363 3199 2435 ίσωθήσεται
3241 2366 3319 2436 τῷ
3365 2366 3596 2437 Κυρίῳ;
3648 2366 3741 2419 καὶ

2161 2451 2245 2515 τίς
2289 2452 2691 2523 ὁμοιωθήσεται
2729 2453 2808 2525 τῷ
2848 2454 3039 2527 Κυρίῳ
3070 2457 3128 2509 ἐν
3158 2459 3294 2521 υίοῖς
3324 2457 3494 2519 Θεοῦ;
3536 2477 3555 2510 ι
3584 2468 3585 2471 ‘
3612 2458 3738 2511 Ἰδοὺ

2160 2543 2268 2615 γάρ
2292 2543 2481 2598 ἐνθάδε
2507 2545 2694 2614 σαφῶς
2725 2546 2915 2600 οὐδένα
2951 2548 3115 2617 φησὶν
3141 2546 3265 2601 οὔτε
3309 2549 3369 2601 ὲν
3404 2550 3735 2619 προφήταις,

2157 2635 2252 2700 οὓς
2284 2634 2377 2688 καὶ
2405 2635 2637 2703 νεφέλας
2663 2636 3070 2710 τροπικώτερον
3106 2637 3289 2706 λέγει,
3340 2637 3465 2692 οὔτε
3496 2639 3601 2710 μὴν
3626 2640 3735 2702 τοῖς

2155 2727 2236 2789 είς
2271 2727 2492 2795 υίότητα
2523 2725 2656 2779 Θεοῦ
2704 2728 3199 2798 καταταττομένοις
3230 2727 3318 2782 διὰ
3349 2729 3449 2800 τῆς
3492 2730 3733 2800 χάριτος,

2157 2817 2271 2869 ἴσον
2291 2816 2508 2871 ἔσεσθαι
2538 2819 2617 2889 τῷ
2645 2821 2787 2875 κατὰ
2814 2822 2976 2891 φύσιν
2998 2823 3132 2893 Υίῷ.
3177 2824 3302 2886 Πῶς
3327 2820 3420 2877 οὖν
3447 2824 3735 2895 ἀληθεύσει

2154 2907 2277 2960 Δαϐ
2274 2907 2318 2960 ιδ
2333 2909 2363 2960 6
2384 2910 2441 2962 ἐν
2458 2908 2735 2980 Πνεύματι
2752 2910 2823 2964 τὰ
2843 2911 3068 2967 τοιαῦτα
3088 2912 3279 2982 λέγων,
3294 2914 3346 2965 εί
3353 2930 3453 2983 περ
3469 2914 3564 2968 καὶ
3579 2912 3734 2980 λόγος

2153 2999 2246 3053 τοῦ
2280 3001 2490 3073 Πατρὸς
2519 3002 2655 3072 πρὸς
2686 3002 2850 3056 αὐτὸν
2879 3003 3119 3072 γίνεται,
3153 3005 3404 3076 καθάπερ
3444 3004 3583 3075 πρὸς
3608 3006 3733 3067 τοὺς

2154 3090 2363 3159 ἁγίους,
2395 3092 2491 3144 καὶ
2518 3088 2618 3145 ούκ
2646 3088 2755 3146 οἶδε
2788 3093 2889 3165 τὴν
2918 3096 3012 3148 τοῦ
3036 3095 3250 3165 Πατρὸς
3275 3094 3531 3165 βούλησιν
3561 3094 3731 3146 καθά-

2149 3196 2256 3250 περ
2290 3182 2508 3244 ἐκεῖνοι,
2566 3182 2682 3235 ἀλλ’
2722 3182 3007 3253 ἐκδέχεται
3056 3183 3154 3255 τήν
3186 3184 3527 3253 ἀποκάλυψιν
3564 3184 3732 3254 αὐτῆς

2145 3270 2234 3323 διὰ
2263 3271 2363 3342 τῆς
2413 3273 2771 3347 ἀκροάσεως;
2809 3276 2871 3328 Et
2903 3276 2959 3329 δὲ
3009 3276 3291 3347 δύσφημον
3332 3276 3394 3330 τὸ
3441 3275 3731 3345 ψεύδεσθαι

2144 3361 2207 3414 τὸ
2236 3363 2462 3434 Πνεῦμα
2509 3364 2691 3433 λέγειν
2716 3405 2730 3430 ,
2767 3366 3053 3439 δύσφημον
3085 3368 3141 3421 δὲ
3177 3367 3396 3429 πάντως
3419 3408 3435 3433 ,
3491 3366 3585 3418 καὶ
3632 3364 3730 3435 οὐχ

2146 3452 2350 3522 ἑτέρως
2378 3453 2520 3523 ἕχον,
2546 3455 2802 3525 ὑπερέξει
2835 3458 3128 3529 προφητῶν
3151 3460 3180 3511 6
3218 3458 3420 3528 Κύριος
3461 3457 3726 3527 ἀσυγκρί-

2144 3559 2259 3607 τοις
2286 3545 2604 3615 ὑπεροχαῖς,
2636 3546 2797 3611 αὐτὸς
2822 3548 2898 3600 ὢν
2930 3550 2959 3600 6
2988 3549 3239 3618 ἀληθινὸς
3275 3549 3432 3618 λόγος
3459 3550 3552 3602 καὶ
3578 3550 3610 3618 ἡ
3633 3548 3727 3601 τοῦ

2146 3633 2360 3705 Πατρὸς
2385 3633 2641 3705 βούλησις
2676 3636 2773 3688 καὶ
2800 3636 2982 3703 σοφία.

2832 3749 3035 3801 ΑΛΛΟ.

2213 3861 2276 3913 Εἰ
2299 3859 2484 3932 ἕτερός
2510 3862 2656 3914 ἐστιν
2685 3862 2714 3913 ὁ
2741 3860 3063 3934 ἐνυπάρχων
3092 3859 3169 3931 τῷ
3201 3860 3376 3931 Πατρὶ
3399 3859 3540 3913 κατά
3564 3859 3723 3929 φύσιν

2143 3949 2277 4012 Θεὸς
2312 3949 2482 4018 Λόγος
2513 3950 2667 4021 παρὰ
2689 3950 2779 4004 τὸν
2807 3952 2865 4006 ὲν
2907 3954 3027 4014 ταῖς
3054 3951 3226 4014 θείαις
3256 3952 3501 4023 Γραφαῖς
3531 3969 3726 4022 σημαι-

2140 4041 2380 4109 νόμενον,
2401 4042 2493 4094 καλ⁵
2507 4046 2681 4096 κεῖται
2711 4044 2810 4112 μέν
2830 4060 2915 4106 τις
2941 4044 2999 4098 ἐν
3025 4045 3198 4113 Πατρὶ
3229 4044 3611 4115 κεκρυμμένος
3631 4044 3724 4098 καὶ

2140 4134 2460 4198 ἐνδιάθετος·
2488 4136 2675 4208 ἔτερος
2691 4136 2748 4190 δέ
2773 4134 2856 4200 τίς
2875 4138 3022 4189 ἐστιν
3058 4136 3440 4207 ἐξαγγελτικὸς
3460 4136 3569 4189 τῶν
3592 4135 3721 4205 παρ’

2140 4224 2305 4280 αὐτοῦ
2329 4225 2695 4296 λαλουμένων,
2728 4227 2786 4279 ὃν
2818 4227 2912 4280 καὶ
2952 4227 3202 4297 Ἰωάννης
3225 4226 3358 4281 Θεὸν
3381 4227 3551 4296 Λόγον
3584 4223 3722 4281 εἷναί

2139 4333 2305 4386 φησι,
2364 4316 2483 4380 πῶς
2524 4317 2602 4370 ἔτι
2646 4318 2725 4389 τῷ
2766 4317 2883 4389 Θεῷ
2922 4318 3018 4373 καὶ
3062 4319 3235 4392 [lupi
3270 4320 3331 4372 τὸ
3372 4319 3577 4373 ἁπλοῦν
3626 4320 3721 4373 καὶ

2141 4404 2434 4458 ἀσύνθετον
2465 4405 2797 4476 σωθήσεται;
2836 4406 3009 4477 Εἴπερ
3056 4406 3367 4475 ἀναγκαίως
3414 4408 3442 4460 ὁ
3475 4425 3722 4480 κεκρυμ-

2144 4495 2302 4565 μένον
2333 4512 2386 4548 τι
2412 4495 2506 4549 καὶ
2536 4495 2779 4565 ἐμφανὲς
2800 4496 2959 4566 ἔχων,
2994 4496 3199 4560 ἁπλοῦς
3226 4498 3329 4550 οὐκ
3362 4497 3427 4551 ἂν
3457 4500 3565 4568 εἴη,
3596 4497 3720 4550 σύν-

2138 4583 2290 4646 θετος
2319 4583 2377 4637 δὲ
2431 4584 2633 4653 μᾶλλον
2665 4585 2760 4637 καί⁸
2804 4585 2867 4636 ὲγ
2918 4584 3010 4637 δύο
3044 4586 3419 4655 συγκείμενος.
3461 4586 3615 4637 Ἐστι
3661 4585 3718 4638 δὲ

2137 4674 2340 4737 ἁπλοῦς
2371 4675 2511 4728 κατά
2544 4676 2704 4743 φύσιν
2732 4678 2759 4727 6
2791 4674 2923 4738 Θεὸς
2948 4715 2964 4741 ,
3015 4676 3110 4728 καὶ
3141 4675 3293 4729 οὐδὲν
3321 4676 3379 4729 ἐν
3403 4674 3550 4747 αὐτῷ
3588 4674 3715 4727 σύν-

2136 4766 2311 4821 θετον.
2343 4760 2440 4829 Εἷς
2469 4765 2577 4837 ἄρα
2609 4765 2781 4835 Λόγος
2816 4767 2876 4820 ἐν
2905 4765 3054 4837 αύτῷ
3078 4766 3308 4836 φυσικός
3330 4783 3390 4819 τε
3417 4767 3511 4821 καὶ
3540 4766 3716 4820 ἐνδιά-

2136 4855 2289 4920 θετος
2321 4859 2350 4911 6
2376 4855 2524 4919 Υἱός.

2820 4969 3028 5026 ΔΛΛΟ.

2208 5078 2555 5151 Εί,καθάπερ
2578 5080 2627 5131 oi
2650 5081 3007 5151 χριπομάχοι
3027 5079 3269 5151 τολμῶσι
3292 5081 3494 5151 λέγειν,
3524 5084 3711 5156 ἕτερος

2135 5172 2212 5225 ὢν
2240 5171 2389 5242 παρὰ
2425 5170 2517 5224 τὸν
2548 5172 2927 5243 ἐνυπάρχοντα
2973 5170 3135 5240 φύσει
3175 5172 3308 5226 Θεὸν
3362 5174 3535 5241 Λόγος
3564 5178 3592 5229 6
3623 5176 3711 5231 διὰ
3742 5190 3749 5197 ‘

2133 5263 2243 5317 τῶν
2272 5262 2625 5331 Εὑαγγελίων
2650 5264 2784 5334 ἡμῖν
2814 5263 3238 5335 κηρυττόμενος,
3268 5263 3369 5318 οὐκ
3388 5260 3496 5319 οἶδε
3525 5266 3593 5319 τὰ
3621 5283 3711 5319 κε-

2134 5354 2424 5425 κρυμμένα
2455 5353 2549 5407 τοῦ
2591 5355 2823 5425 Πατρός,
2862 5355 3121 5425 μανθάνει
3160 5354 3217 5408 δὲ
3243 5355 3333 5408 ὅτε
3366 5356 3502 5426 πρὸς
3548 5357 3711 5411 αὑτὸν

2131 5448 2473 5517 διαλέγεταιο
2511 5447 2570 5513 ἐξ
2617 5446 2891 5514 ἀγνωσίας
2928 5447 3036 5519 ἄρα
3077 5447 3159 5510 είς
3207 5445 3410 5514 γνῶσιν
3464 5446 3705 5519 ἔρχεται,

2133 5538 2227 5591 καὶ
2256 5537 2313 5604 ἐξ
2344 5537 2529 5601 ἀνοίας
2555 5537 2633 5600 είς
2659 5537 2862 5608 νόησιν.
2896 5537 3006 5591 Καὶ
3044 5536 3159 5601 πῶς
3196 5536 3486 5609 ἀληθεύσει
3506 5536 3705 5606 λέγων·
