4036 6208
262 280 379 340 5‘21

1653 267 2095 327 THESAURUS.

3420 266 3526 323 δὴ

272 418 297 451 a
342 396 487 465 Ἐγὼ
508 393 602 446 καὶ
632 394 661 446 6
695 391 887 462 Πατὴρ
915 390 975 445 ἒν
1004 389 1192 461 ἐσμεν.
1224 403 1244 442 ι
1275 386 1400 452 Πῶς
1440 388 1498 442 δὲ
1540 387 1858 459 ἀπαράλλα-

1965 387 2123 444 Pater
2155 401 2320 443 unum
2363 399 2552 442 sumus
2581 384 2666 438 ³⁸2
2711 384 2821 439 Aut
2858 398 2968 455 quo
3003 390 3161 455 pacto
3195 382 3300 440 erit
3346 387 3523 440 omni-

266 504 409 550 κτος
443 484 608 537 εικὼν
633 482 789 537 ἔσται
816 480 912 535 τοῦ
947 479 1359 551 γεγεννηκότος,
1389 479 1438 532 εἰ
1480 477 1731 549 καθάπερ
1757 477 1851 531 ἄν·

266 578 500 648 Θρωπος
520 573 714 644 ἀγνοίᾳ
741 573 1022 644 κρατεῖται
1042 587 1058 636 ;
1077 570 1197 642 Χρὴ
1225 570 1334 640 γάρ
1355 569 1571 631 πάντως
1593 567 1626 639 ἢ
1650 566 1855 622 καὶτὸν

268 665 503 736 Πατέρα
531 664 711 732 λέγειν
733 680 788 716 τι
823 662 934 716 τῶν
976 662 1250 730 ἐσομένων
1281 660 1573 730 ἁγνοεῖν,ἢ
1601 662 1650 713 εί
1678 659 1855 713 πάντα

266 757 564 825 γινώσκει,
582 756 678 809 καὶ
702 754 887 809 είκόνα
914 753 1014 823 τῆς
1041 753 1176 817 ίδίας
1201 752 1500 823 άῖδιότητος
1517 752 1594 821 (1)
1629 750 1742 821 εχει
1764 749 1853 803 τὸν

269 851 432 913 Υίδν,
464 848 725 903 ἀδύνατον
760 847 836 918 μὴ
860 845 1114 917 τοιαύτην
1141 845 1286 916 ἔχειν
1313 843 1476 900 αὑτὸν
1509 844 1609 915 τὴν
1634 842 1851 912 γνῶσιν,

266 939 476 993 ὁποίαν
498 938 594 991 καὶ
619 939 648 991 6
672 937 884 1009 Πατὴρ,
918 930 980 991 οὗ
1011 937 1106 991 καὶ
1129 936 1244 991 ἐστι
1268 934 1550 1010 χαρακτὴρ
1575 934 1668 989 καὶ
1692 934 1856 988 είκὼν

267 1028 720 1100 ἀπαράλλακτος.

584 1138 896 1204 Αντίθεσις
922 1138 1005 1205 ὠς
1033 1139 1101 1192 ἐκ
1127 1139 1234 1193 τοῦ
1253 1141 1571 1210 Εὑνομίου.

346 1248 462 1302 Καὶ
486 1248 574 1311 τίς
600 1246 765 1312 οὕτω,
800 1248 987 1319 φησὶν,
1015 1249 1232 1320 ἀμαθὴς
1273 1250 1349 1314 ὡς
1384 1251 1653 1323 τολμῆσαι
1679 1255 1858 1323 λέγειν

268 1338 347 1390 τὰ
395 1338 641 1407 ὀνόματα
678 1338 817 1390 κατὰ
864 1338 1208 1408 πραγμάτων
1265 1339 1517 1411 κείμενα,
1578 1344 1653 1414 μὴ
1692 1344 1855 1417 ἕτερα

270 1425 423 1483 εἶναι
464 1430 596 1501 παρ’
634 1430 801 1495 αὐτάς
844 1431 975 1483 Ἰδοὺ
1017 1430 1125 1501 γάρ
1150 1473 1164 1495 ,
1200 1432 1228 1484 6
1261 1431 1360 1501 μὲν
1413 1433 1659 1504 οὐρανὸς,
1696 1436 1855 1507 ἔργον

268 1520 426 1575 οὕτω
458 1522 601 1590 μέγα
627 1522 721 1573 καὶ
754 1521 1031 1592 ἐξαίρετον
1057 1521 1195 1574 Θεοῦ
1222 1538 1235 1553 ⁸
1267 1522 1330 1574 τὸ
1374 1523 1431 1576 δὲ
1459 1524 1630 1597 ὄνομα
1651 1566 1666 1591 ,
1695 1526 1763 1578 δι’
1796 1520 1857 1580 οὗ

275 1610 635 1679 σημαίνεται,
662 1611 847 1679 ἔτερόν
886 1612 1003 1665 ἐστι
1032 1613 1165 1682 παρ’
1191 1611 1382 1664 αὐτόν’
1415 1614 1511 1666 καλ⁸
1539 1614 1860 1685 γνωσόμεθα

1961 478 2121 531 moda
2154 474 2451 531 similitudo
2466 472 2666 541 Patris,
2693 473 2737 529 si
2760 473 2982 544 perinde
2997 483 3157 544 atque
3180 473 3346 529 homo
3373 475 3527 543 igno-

1962 568 2134 621 rantia
2165 566 2416 621 laborat?
2444 564 2820 621 Necessarium
2863 565 3009 623 enim
3049 573 3153 631 est,
3200 572 3261 619 ut
3288 574 3381 618 aut
3421 563 3527 618 Pa-

1964 670 2097 715 trem
2145 659 2347 730 aliquid
2397 658 2696 713 futurorum
2743 657 2994 727 ignorare
3027 656 3309 712 dicamus:
3343 664 3437 710 aut
3477 655 3521 710 si

1959 753 2140 806 omnia
2192 751 2363 816 novit,
2407 758 2463 805 et
2513 748 2802 819 imaginem
2836 745 3158 803 aeternitatis
3207 760 3317 801 sua:
3362 745 3527 800 habet

1959 842 2180 906 Filium,
2238 840 2352 895 ﬁeri
2397 855 2503 894 non
2535 848 2735 909 potest,
2765 837 2895 907 quin
2933 837 3121 891 eadem
3160 836 3418 908 praeditus
3453 837 3525 890 sit

1961 932 2148 987 notitia
2180 946 2286 1001 qua
2313 929 2498 996 Pater,
2535 928 2690 999 cujus
2720 930 3006 986 character
3035 937 3142 994 est,
3175 935 3231 985 et
3257 928 3524 986 omnimo-

1957 1025 2025 1079 da
2057 1022 2354 1080 similitudo
2376 1024 2443 1079 ".

2464 1131 2703 1209 Objectt'o
2738 1131 3011 1188 Eunomit’.

2030 1246 2195 1317 Atqui
2230 1247 2479 1317 quisnam
2515 1246 2651 1301 adeo
2679 1246 2960 1315 imperitus
2992 1246 3176 1313 fuerit,
3203 1247 3302 1311 ait,
3332 1256 3389 1300 ut
3425 1264 3524 1300 ano

1961 1339 2087 1393 deat
2118 1340 2324 1406 dicere,
2361 1339 2577 1394 nomina
2606 1353 2725 1408 qua:
2759 1338 2922 1392 rebus
2953 1339 3197 1407 imposita
3227 1349 3370 1404 sunt,
3417 1355 3522 1393 non

1961 1446 2079 1484 esse
2115 1432 2327 1486 diversa
2362 1444 2393 1483 a
2427 1431 2585 1485 rebus
2618 1432 2784 1500 ipsis?
2828 1429 2962 1486 Nam
3010 1431 3229 1494 coelum,
3273 1445 3523 1499 magnum

1961 1523 2089 1576 illud
2121 1533 2282 1591 atque
2311 1522 2566 1577 eximium
2602 1523 2694 1577 Dei
2725 1537 2886 1592 opus,
2916 1522 3060 1577 aliud
3108 1532 3191 1577 est
3232 1536 3263 1575 a
3312 1523 3527 1575 nomine

1960 1626 2066 1679 quo
2100 1611 2455 1679 signiﬁcatur,
2492 1613 2636 1681 quod
2677 1612 2895 1680 quidem
2949 1612 3072 1666 inde
3113 1625 3523 1681 cognoscemus.

272 1701 443 1754 τοῦτο
472 1699 742 1755 ἐντεῦθεν.
779 1701 837 1755 Ὀ
881 1702 978 1772 μὲν
1009 1700 1119 1773 γὰρ
1152 1700 1380 1772 οὐρανὸς
1434 1703 1667 1773 πρᾶγμά
1713 1684 1860 1759 ἔστιν

1965 1700 2095 1754 Nam
2142 1700 2336 1754 cadum
2384 1715 2470 1755 res
2499 1711 2583 1755 est
2613 1701 2866 1765 visibilis,
2898 1716 3092 1755 nomen
3128 1714 3257 1754 vero
3285 1698 3359 1751 illi
3393 1684 3529 1751 indi;

274 1789 503 1861 ὁρατὸν,
528 1790 588 1842 τὸ
608 1789 664 1843 δὲ
694 1793 781 1844 ἐπ’
809 1792 959 1860 αὑτῷ
980 1792 1231 1861 κείμενον
1260 1791 1430 1862 ὄνομα
1449 1794 1509 1845 οὐ
1532 1796 1653 1856 ταῖς
1673 1793 1861 1863 ὄψεσιν

277 1882 608 1948 ὑποπίπτει,
634 1882 751 1934 ἀλλ’
788 1881 904 1935 ἐστι
930 1882 1089 1952 μόνον
1117 1882 1403 1938 άκουστόν.
1440 1884 1553 1938 Οὐκ
1577 1881 1670 1937 οὖν
1691 1885 1778 1938 διὰ
1802 1886 1862 1939 τὸ

276 1972 541 2043 λέγεσθαι
577 1974 747 2041 Λόγος
771 1974 800 2025 6
826 1972 978 2038 Υίὸς,
1017 1974 1233 2038 πάντως
1272 1975 1393 2028 ἐστὶ
1440 1974 1599 2027 τοῦτο
1633 1975 1661 2027 ὃ
1682 1975 1861 2028 νοοῦσί

279 2079 464 2129 τινες,
500 2062 635 2115 ἀλλὰ
667 2063 911 2116 καλεῖται
960 2063 1059 2135 μὲν
1089 2064 1284 2133 Λόγος.
1319 2065 1437 2118 ἐστι
1484 2065 1539 2117 δὲ
1594 2065 1779 2137 ἕτερόν
1808 2085 1861 2119 τι

282 2154 432 2208 κατὰ
451 2153 630 2223 φύσιν.

764 2262 920 2333 Πρὸς
958 2262 1146 2317 ταῦτα
1174 2264 1379 2329 λύσις.

353 2380 579 2449 Σιωπᾷν
613 2378 740 2445 ἔδει,
787 2378 881 2430 καὶ
937 2376 1103 2447 μηδὲν
1149 2375 1541 2447 ἀποκρίνεσθαι
1585 2376 1719 2446 πρὸς
1763 2374 1862 2447 τὴν

284 2473 460 2534 οὕτως
484 2470 711 2540 ἀνόητον
736 2468 830 2522 τοῦ
860 2468 1020 2536 λόγου
1051 2470 1418 2538 κατασκευήν.
1459 2469 1646 2539 Ὅμως
1678 2468 1723 2521 δ’
1769 2464 1861 2521 οὖν

282 2560 591 2632 ἑρωτητέον
620 2560 746 2623 τοὺς
772 2560 886 2612 ὅσοι
911 2558 979 2611 τὰ
1001 2558 1227 2612 τοιαῦτά
1257 2576 1442 2627 φασιν,
1472 2560 1518 2611 εί
1551 2558 1626 2629 μὴ
1654 2558 1721 2611 τά
1749 2561 1864 2613 ὀνό-

287 2665 438 2719 ματα
466 2647 671 2718 κυρίως
699 2646 841 2700 κατὰ
877 2647 1218 2718 πραγμάτων
1261 2647 1519 2718 κείμενα,
1551 2648 1648 2711 τὰς
1676 2650 1862 2713 οὐσίας

283 2740 471 2793 αὐτῶν
504 2740 781 2808 σημαίνει,
801 2738 903 2791 κᾶν
924 2738 1089 2811 ἕτερα
1112 2737 1264 2810 παρά
1284 2739 1457 2792 ταῦτα
1470 2741 1734 2811 τυγχάνῃ.
1756 2742 1863 2794 Καὶ

284 2832 419 2901 γοῦν
443 2831 506 2883 τὸ
533 2830 814 2900 ἄνθρωπος
836 2829 1025 2898 ὄνομα,
1048 2831 1301 2901 σημαίνει
1333 2831 1432 2900 μὲν
1458 2829 1553 2883 τοῦ
1577 2832 1860 2903 ἀνθρώπου

284 2923 389 2992 τὴν
414 2920 596 2989 φύσιν,
626 2919 815 2989 ⁴ιὲτερον
841 2917 897 2971 δέ
923 2918 973 2970 τί
1001 2919 1117 2971 ἐστι
1146 2919 1275 2989 παρ’
1310 2920 1498 2973 αὐτόν.
1549 2920 1608 2972 Ὀ
1632 2920 1731 2991 μὲν
1757 2922 1862 2992 γὰρ

285 3012 576 3083 ἄνθρωπος
600 3010 835 3082 πρᾶγμα
859 3008 1075 3079 ὁρατὸν,
1099 3008 1159 3061 τὸ
1190 3008 1245 3062 δὲ
1275 3009 1363 3062 ἐπ’
1389 3009 1538 3081 αὑτῷ
1566 3010 1735 3082 ὄνομα
1765 3012 1861 3082 μό-

286 3121 384 3157 νον
429 3102 706 3155 ἀκουστόν.
762 3099 971 3155 Οὐκοῦν
1028 3100 1082 3153 εῐ
1107 3117 1191 3163 τις
1242 3099 1529 3171 ἄνθρωπον
1563 3101 1858 3174 ὀνομάσαι,

287 3191 482 3264 ἐπειδὴ
533 3193 607 3263 μὴ
649 3193 807 3247 τοῦτό
858 3193 975 3246 ἐστι
1005 3192 1221 3255 πάντως
1260 3191 1288 3243 6
1323 3193 1575 3263 σημαίνει
1604 3192 1859 3265 τοῦνομα,

286 3285 433 3341 κατὰ
454 3285 547 3337 τὸν
580 3285 800 3337 ἐκείνων
832 3281 1212 3352 συλλογισμὸν,
1244 3283 1430 3354 ἕτερόν
1448 3301 1501 3337 τι
1528 3285 1736 3350 νοείτω,
1769 3288 1864 3339 καὶ

292 3376 372 3447 μὴ
393 3377 612 3438 πάντως
642 3376 802 3429 τοῦτο
838 3374 866 3427 6
898 3374 1152 3445 σημαίνει
1172 3372 1430 3444 τοῦνομα.
1473 3376 1536 3427 El
1578 3375 1635 3428 δὲ
1666 3377 1865 3446 μανίας

288 3465 601 3535 ἀνάμεστον
625 3464 779 3519 τοῦτό
803 3482 887 3534 γε,
917 3465 1018 3518 οὐκ
1042 3463 1375 3535 ἀποϐλητέον
1411 3465 1509 3529 τὰς
1536 3466 1645 3519 τῶν
1667 3468 1865 3539 ὀνομά-

287 3572 400 3609 των
428 3556 792 3627 κυριολογίας,
812 3555 934 3608 οὐδὲ
957 3554 1144 3626 ἔτερόν
1176 3571 1230 3608 τι
1257 3555 1406 3628 παρὰ
1434 3555 1494 3609 τὸ
1530 3558 1865 3627 σημαινόμε-

288 3664 380 3700 νον
419 3646 487 3699 δι’
517 3646 695 3700 αὐτῶν
715 3646 962 3717 νοητέον’
996 3646 1227 3717 ἀργήσει
1254 3644 1363 3717 γὰρ
1391 3644 1532 3699 οὕτω
1571 3645 1678 3700 τῶν
1714 3648 1865 3717 αίρε-

285 3737 516 3809 τικῶνή
547 3736 733 3808 μανία.
770 3736 1041 3791 Δεικνύτω
1082 3736 1139 3790 δὲ
1168 3738 1300 3807 ημῖν
1330 3737 1359 3789 6
1404 3736 1573 3799 δεινὸς
1608 3738 1687 3801 είς
1720 3736 1866 3805 λογι-

289 3829 467 3900 σμοὺς
487 3828 569 3880 ὅτι
600 3828 674 3897 μὴ
699 3826 889 3898 κύριον
915 3827 1088 3899 ὄνομα
1116 3827 1193 3898 τῷ
1222 3825 1336 3897 Υίῷ
1368 3825 1461 3879 τοῦ
1509 3824 1643 3879 Θεοῦ
1675 3826 1735 3879 τὸ
1764 3826 1866 3880 Λό-

289 3938 407 3989 γος,
438 3920 534 3972 καὶ
562 3917 962 3973 ἁντιταττὲσθω
998 3921 1117 3983 ταῖς
1151 3917 1323 3982 θείαις
1358 3919 1600 3988 Γραφαϊς
1619 3959 1632 3984 ,
1665 3934 1761 3971 και
1787 3915 1866 3987 τῷ

294 4011 551 4084 μακαρίῳ
583 4011 940 4083 εὐαγγελιστῇ
980 4010 1202 4082 Ἰωάννη
1222 4049 1237 4072 ,
1276 4009 1743 4081 πρεπωδεστάτην
1769 4009 1867 4063 καὶ

290 4102 653 4173 κυριαιτάτην
698 4101 860 4156 εἰδότι
911 4099 1005 4155 τοῦ
1031 4099 1162 4153 Υίοῦ
1213 4100 1312 4172 τὴν
1364 4099 1734 4172 προσηγορίαν
1777 4099 1867 4154 διὰ

289 4192 386 4246 τρῦ
414 4191 700 4246 καλεῖσθαι
723 4191 894 4261 Λόγον
914 4206 929 4222 ⁸
973 4210 993 4240 σ
1047 4191 1135 4245 Ἐν
1164 4192 1306 4262 ἀρχῇ
1338 4190 1445 4264 γάρ
1470 4231 1487 4256 ,
1518 4191 1701 4263 φησιν,
1733 4185 1802 4263 ἦν
1838 4191 1867 4244 6

291 4284 490 4354 Λόγος.
529 4303 549 4336 ι

571 4416 900 4481 Ἀντίθεσις
926 4414 1006 4482 ὡς
1032 4414 1102 4468 ἐκ
1127 4412 1246 4467 τῶν
1270 4412 1592 4482 Εὐνομίου.

365 4529 479 4581 Καὶ
504 4528 624 4592 πῶς
650 4529 718 4582 ἂν
747 4528 983 4588 δύναιτο.
1010 4526 1165 4597 φησὶ,
1187 4525 1345 4593 λόγος
1369 4520 1507 4578 εἶναι
1537 4524 1629 4578 τοῦ
1658 4525 1869 4597 [ἰατρὸς

296 4622 391 4673 καὶ
416 4621 579 4689 σοφία
605 4623 634 4674 6
660 4621 805 4685 Υἱὸς,
835 4621 993 4692 εἴπερ
1024 4622 1055 4690 ή
1090 4621 1191 4690 μὲν
1218 4618 1378 4687 σοφία
1396 4619 1672 4688 ἐπιστήμη
1698 4619 1867 4682 ἐστὶν,

295 4708 325 4759 6
365 4708 425 4761 δὲ
460 4709 618 4776 λόγος
670 4711 910 4780 ῥήματος
939 4708 1083 4779 ἀργὴ
1131 4707 1418 4779 προφορά;
1459 4707 1763 4777 Ἐπιστήμη
1812 4706 1869 4759 δὲ

296 4799 397 4851 οὐκ
421 4800 783 4852 ὲνυπόστατόν
809 4800 863 4852 τί
894 4802 1062 4863 ἐστιν,
1094 4799 1209 4852 ἀλλ’
1240 4797 1361 4851 οὐδὲ
1390 4796 1528 4860 ζῶον
1586 4796 1681 4850 καὶ
1714 4796 1870 4864 λόγος

296 4888 521 4958 ὁμοίως.
563 4888 621 4940 '0
646 4888 702 4941 δὲ
736 4889 862 4951 Υἱὸς
890 4888 1027 4952 ζῶόν
1058 4890 1239 4941 ἐστιν’
1275 4887 1375 4940 οὐκ
1417 4886 1525 4956 ἄρα
1567 4887 1866 4957 ἐπιστήμη,

296 4978 419 5031 οὐδὲ
461 4978 623 5044 σοφία
648 5020 662 5041 ,
693 4978 813 5031 οὐδὲ
858 4978 1033 5046 λόγος.
1067 4974 1199 5031 Εἶτα
1242 4977 1377 5049 πρὸς
1409 4977 1584 5047 τούτῳ
1611 5017 1625 5040 ,
1663 4979 1779 5041 πῶς
1808 4977 1873 5031 ἂν

299 5071 512 5136 γένοιτο
541 5069 694 5137 λόγος
728 5070 786 5122 ὲν
827 5070 995 5140 λόγῳ,
1027 5071 1285 5125 ἀδυνάτου
1334 5070 1688 5125 παντάπασιν
1721 5072 1873 5135 ὄντος

296 5160 391 5212 τοῦ
422 5160 485 5212 τὸ
513 5161 698 5229 ὅμοιον
718 5160 778 5214 ἐν
802 5162 971 5231 ὁμοίῳ
992 5161 1259 5230 γίνεσθαι;
1286 5162 1405 5215 οὐδὲ
1432 5162 1539 5233 γὰρ
1569 5161 1634 5213 ἂν
1667 5162 1875 5230 γένοιτο

296 5251 499 5324 χρῶμα
526 5253 584 5305 ὲν
619 5251 889 5324 χρώματι.
918 5253 1088 5325 Είπερ
1120 5249 1211 5306 οὖν
1255 5249 1323 5322 ἦν
1371 5254 1400 5305 6
1448 5252 1602 5321 λόγος
1646 5254 1814 5319 ὅντως
1847 5258 1875 5309 6

365 5409 417 5445 δ’
450 5407 606 5465 Joan.
636 5429 693 5480 ι,
722 5412 812 5469 30.
889 5411 932 5445 ³⁷
960 5411 1121 5466 Hebr.
1151 5426 1187 5476 ι,
1216 5411 1270 5465 5.
1344 5410 1387 5441 ³³
1418 5408 1571 5465 Joan.
1600 5426 1639 5477 ι,
1680 5411 1729 5468 l.

396 5587 447 5655 l)
480 5584 620 5657 Lege
640 5587 929 5660 ίδιότητκ,
961 5597 1014 5642 et
1032 5595 1221 5660 __verte,
1246 5587 1521 5660 imaginem
1557 5602 1667 5641 sua:
1690 5602 1853 5660 pecu-

1966 1798 2074 1842 tum
2109 1789 2162 1843 in
2191 1796 2471 1859 aspectum
2505 1804 2612 1843 non
2641 1789 2804 1853 cadit,
2825 1790 2919 1844 sed
2954 1797 3160 1843 tantum
3190 1788 3374 1842 auditu
3406 1802 3529 1855 per-

1960 1880 2064 1946 cipi
2096 1889 2289 1948 potest.
2322 1880 2491 1934 Filius
2518 1881 2719 1949 itaque,
2760 1896 2865 1935 non
2904 1881 3107 1935 idcirco
3133 1882 3261 1949 quia
3295 1888 3526 1933 vocatur

1964 1971 2218 2035 Verbum,
2245 1982 2329 2026 est
2364 1972 2417 2026 in
2450 1973 2762 2026 universum
2811 1972 2863 2026 id
2896 1973 3041 2040 quod
3085 1973 3306 2042 quidam
3337 1970 3529 2023 existi-

1961 2071 2130 2126 mant,
2173 2064 2266 2115 sed
2296 2071 2516 2116 vocatur
2554 2064 2774 2132 quidem
2807 2060 3064 2132 Verbum,
3100 2073 3183 2119 est
3227 2078 3356 2118 vero
3382 2063 3530 2117 aliud

1961 2149 2090 2219 quid
2116 2151 2408 2206 secundum
2438 2160 2710 2205 naturam.

2454 2262 2656 2317 Salutio
2696 2264 3022 2333 objectionis.

2035 2371 2342 2428 Tacendum
2400 2383 2504 2439 est,
2549 2374 2791 2444 nihilque
2840 2376 2906 2428 ad
2955 2374 3255 2446 huiusmodi
3299 2376 3529 2448 ineptias

1964 2465 2416 2533 respondendum.
2454 2465 2695 2535 liogandi
2739 2475 2916 2521 tamen
2963 2476 3110 2530 sunt,
3143 2470 3232 2535 qui
3261 2467 3526 2535 ejusmodi

1962 2555 2231 2623 effutiunt,
2267 2571 2445 2611 annon
2480 2559 2693 2611 nomina
2714 2572 2833 2627 qua:
2856 2559 3070 2628 proprie
3094 2559 3254 2613 rebus
3282 2559 3528 2629 imposita

1962 2656 2108 2710 sunt,
2129 2648 2492 2702 substantiam
2518 2663 2705 2703 earnm
2725 2649 3051 2717 signiﬁcent,
3076 2650 3287 2705 tametsi
3314 2652 3537 2707 diversa‘

1962 2740 2124 2795 abiis
2169 2740 2299 2795 sint.
2343 2739 2547 2795 Nomen
2590 2741 2754 2806 enim,
2784 2741 2965 2805 homo,
2998 2742 3269 2811 signiﬁcat
3294 2742 3528 2797 hominis

1964 2842 2206 2886 naturam
2239 2850 2252 2886 :
2289 2840 2373 2888 est
2414 2840 2593 2887 tamen
2630 2832 2900 2888 diversum
2944 2834 3070 2903 quid
3115 2836 3183 2888 ab
3227 2837 3362 2904 ipso.
3392 2834 3527 2889 Nam

1964 2923 2123 2977 homo
2150 2932 2235 2978 est
2269 2937 2355 2978 res
2402 2924 2657 2989 visibilis,
2713 2940 2907 2979 nomen
2950 2940 3081 2980 vero
3119 2926 3169 2979 ei
3217 2926 3529 2996 impositum

1965 3017 2148 3071 auditu
2181 3025 2386 3071 tantum
2428 3018 2628 3088 percipi
2663 3028 2860 3087 potest.
2901 3019 3169 3086 Quocirca
3202 3022 3247 3075 si
3279 3021 3402 3091 quis
3429 3022 3529 3076 ho-

1967 3110 2166 3163 minem
2198 3109 2461 3174 nominet,
2489 3110 2927 3178 quandoquidem
2968 3126 3074 3165 non
3117 3110 3349 3181 idipsnm
3385 3112 3529 3183 quod

1963 3209 2046 3255 est
2080 3215 2273 3256 nomen
2300 3201 2534 3255 hominis
2556 3200 2843 3270 signiﬁcat,
2870 3210 2929 3256 ut
2958 3200 3034 3256 illi
3059 3211 3528 3273 argumentantur.

1965 3290 2108 3345 aliud
2143 3290 2308 3361 igitur
2329 3290 2530 3359 aliquid
2564 3304 2687 3346 esse
2713 3302 3028 3356 censeatur,
3062 3298 3118 3345 et
3149 3305 3256 3345 non
3288 3290 3445 3361 plane
3478 3291 3532 3346 id

1963 3382 2104 3448 quod
2143 3394 2339 3435 nomen
2372 3380 2663 3451 signiﬁcat.
2703 3379 2775 3435 At
2810 3380 2857 3436 si
2901 3380 3005 3436 hoc
3048 3379 3273 3435 insania:
3312 3380 3531 3451 plenmn

1962 3480 2215 3526 est:non
2246 3481 2374 3527 sunt
2399 3472 2564 3543 igitur
2605 3472 2918 3543 rejiciendaa
2967 3473 3200 3543 propria:
3252 3472 3532 3527 nominum

1964 3560 2413 3630 signiﬁcationes,
2477 3576 2656 3631 neque
2700 3561 2842 3615 aliud
2894 3562 3183 3632 quidquam
3232 3571 3428 3633 praeter
3480 3561 3533 3616 id

1964 3652 2105 3718 quod
2130 3650 2465 3721 signiﬁcatur
2504 3667 2602 3721 per
2630 3652 2742 3720 ipsa
2773 3652 3181 3722 intelligendum
3209 3662 3327 3716 est;
3371 3662 3536 3722 atque

1967 3739 2040 3793 ita
2070 3738 2450 3793 haereticorum
2491 3739 2701 3793 insania
2729 3740 3077 3808 reprimetur.
3110 3739 3372 3795 Ostendat
3409 3755 3536 3793 vero

1968 3827 2124 3882 nobis
2150 3828 2328 3898 gravis
2356 3829 2456 3883 iste
2480 3829 2805 3897 disputator,
2839 3828 3073 3883 Verbum
3118 3845 3222 3884 nou
3255 3845 3375 3884 esse
3407 3846 3535 3898 pro-

1967 3920 2143 3988 prium
2188 3918 2310 3973 Filii
2342 3917 2436 3974 Dei
2485 3933 2718 3973 nomen:
2773 3929 3143 3989 repugnetque
3180 3920 3353 3974 sacris
3387 3920 3536 3975 Scri-

1967 4008 2141 4079 pturis
2158 4024 2221 4064 ac
2242 4008 2400 4064 beato
2421 4007 2613 4063 Joauni
2632 4009 2993 4080 evangelista,
3013 4010 3105 4079 qui
3136 4009 3538 4065 convenientis-

1967 4104 2161 4156 simam
2228 4099 2574 4168 maximeque
2622 4100 2896 4169 propriam
2949 4097 3073 4154 Filii
3122 4098 3537 4170 appellationem

1969 4194 2140 4259 novit,
2164 4207 2288 4248 cum
2317 4199 2471 4246 vocet
2504 4190 2740 4246 Verbum
2765 4208 2778 4246 :
2818 4208 2838 4244 ι
2877 4189 2934 4247 In
2974 4191 3241 4263 principio
3259 4192 3426 4259 enim,
3456 4192 3539 4247 iu-

1967 4288 2103 4355 quit,
2135 4293 2253 4340 erat
2282 4281 2514 4339 Verbum
2537 4282 2606 4335 ⁸⁸.
2646 4298 2666 4333 ι

2307 4415 2461 4485 191
2499 4413 2621 4469 Alia
2667 4413 2887 4483 objectio
2944 4411 3206 4469 Eunomii.

2041 4530 2109 4584 At
2143 4544 2248 4598 quo
2279 4537 2457 4600 pacto,
2494 4527 2689 4596 inquit,
2726 4529 2901 4596 possit
2928 4528 3100 4583 Filius
3127 4542 3248 4583 esse
3279 4541 3461 4583 sermo
3486 4535 3540 4583 et

1972 4621 2238 4691 sapientia
2268 4619 2468 4686 Patris,
2497 4635 2618 4675 cum
2654 4619 2921 4690 sapientia
2955 4620 3025 4673 sit
3075 4619 3321 4683 scientia,
3360 4632 3541 4673 sermo

1973 4722 2151 4768 autem
2203 4711 2345 4766 nuda
2393 4711 2540 4765 verbi
2578 4710 2850 4780 prolatio?
2878 4707 3116 4765 Scientia
3148 4723 3278 4762 vero
3312 4722 3417 4761 non
3458 4716 3536 4761 est

1974 4803 2173 4873 aliquid
2210 4804 2547 4874 hypostatice
2581 4803 2930 4870 inexsistens,
2959 4803 3053 4857 sed
3086 4816 3151 4855 ne
3182 4799 3381 4854 animal
3415 4800 3540 4869 qui-

1978 4897 2139 4959 dem;
2169 4898 2356 4950 eadem
2392 4912 2515 4951 vero
2552 4898 2689 4952 ratio
2712 4909 2796 4953 est
2832 4908 2887 4953 et
2918 4896 3205 4952 sermonis.
3241 4894 3409 4949 Filius
3447 4908 3542 4947 au-

1974 4995 2081 5040 tem
2114 4995 2197 5040 est
2229 4987 2426 5041 animal
2456 5007 2468 5042 :
2504 5004 2606 5042 non
2640 4988 2806 5059 igitur
2835 4988 3086 5049 scientia,
3114 5001 3289 5053 neque
3321 4985 3541 5054 sapien-

1974 5078 2068 5139 tia,
2114 5092 2285 5146 neque
2331 5093 2530 5133 sermo.
2581 5079 2782 5133 Deinde
2846 5078 3115 5149 quomodo
3163 5079 3233 5131 sit
3274 5092 3451 5130 sermo
3490 5076 3541 5129 in

1973 5179 2245 5232 sermone,
2285 5180 2407 5219 cum
2445 5167 2774 5235 impossibile
2806 5182 3030 5236 prorsus
3060 5167 3130 5221 sit
3169 5176 3227 5219 ut
3267 5166 3443 5221 simile
3473 5168 3544 5220 sit

1973 5256 2025 5310 in
2054 5255 2255 5313 simili?
2288 5270 2463 5327 neque
2487 5257 2633 5313 enim
2675 5257 2840 5313 fuerit
2861 5258 3013 5314 color
3042 5259 3095 5312 iu
3132 5257 3334 5313 colore.
3363 5253 3419 5311 Si
3451 5269 3542 5310 er-

1960 5588 2025 5656 τῇ
2060 5586 2164 5658 ἰδία
2187 5585 2517 5658 ἰδιότητιμοι
2544 5585 2756 5658 dialogo
2784 5603 2858 5644 vn
2887 5591 2951 5645 de
2994 5589 3280 5651 Trinitate.
3313 5604 3365 5657 τι.
3410 5585 3536 5658 (if-ﬂ.

295 5652 446 5711 tiaris
468 5652 813 5727 proprietatis
836 5659 983 5712 habet
1024 5657 1243 5714 Filium.
1279 5652 1371 5714 sui
1393 5658 1552 5723 infra,
1594 5674 1642 5726 p.
1678 5652 1768 5721 60,
1797 5659 1853 5710 ἐν

1965 5652 2097 5721 ἰδίας
2128 5652 2402 5727 ίδιότητος.
2428 5652 2717 5715 Cornus:
2748 5658 2893 5715 Eccl.
2930 5658 3023 5717 Gr.
3055 5662 3292 5717 Monum.
3316 5652 3372 5722 Ἰ,
3408 5652 3531 5705 556-
