  <div class='ocr_page' id='page_1' title='image "/cluster/home/n/w/nwhite01/storage/ocr_20150623/75/hvd.32044073502031/167.png"; bbox 0 0 4036 6208; ppageno 0'>
   <div class='ocr_carea' id='block_1_1' title="bbox 471 256 575 310">
    <p class='ocr_par' dir='ltr' id='par_1_1' title="bbox 471 256 575 310">
     <span class='ocr_line' id='line_1_1' title="bbox 471 256 575 310; baseline -0.019 0"><span class='ocrx_word' id='word_1_1' title='bbox 471 256 575 310; x_wconf 65' lang='grc'><strong>525</strong></span> 
     </span>
    </p>
   </div>
   <div class='ocr_carea' id='block_1_2' title="bbox 1459 241 2693 303">
    <p class='ocr_par' dir='ltr' id='par_1_2' title="bbox 1459 241 2693 303">
     <span class='ocr_line' id='line_1_2' title="bbox 1459 241 2693 303; baseline -0.007 0"><span class='ocrx_word' id='word_1_2' title='bbox 1459 249 1515 303; x_wconf 89' lang='lat' dir='ltr'><strong>S.</strong></span> <span class='ocrx_word' id='word_1_3' title='bbox 1564 245 1836 302; x_wconf 75' lang='lat' dir='ltr'><strong>CYRILLI</strong></span> <span class='ocrx_word' id='word_1_4' title='bbox 1876 241 2340 299; x_wconf 74' lang='lat' dir='ltr'><strong>ALEXANDRINI</strong></span> <span class='ocrx_word' id='word_1_5' title='bbox 2381 242 2693 298; x_wconf 75' lang='lat' dir='ltr'><strong>ARCHIEP.</strong></span> 
     </span>
    </p>
   </div>
   <div class='ocr_carea' id='block_1_3' title="bbox 3618 244 3723 297">
    <p class='ocr_par' dir='ltr' id='par_1_3' title="bbox 3618 244 3723 297">
     <span class='ocr_line' id='line_1_3' title="bbox 3618 244 3723 297; baseline -0.01 0"><span class='ocrx_word' id='word_1_6' title='bbox 3618 244 3723 297; x_wconf 61' lang='lat'><strong>521</strong></span> 
     </span>
    </p>
   </div>
   <div class='ocr_carea' id='block_1_4' title="bbox 472 364 2065 445">
    <p class='ocr_par' dir='ltr' id='par_1_4' title="bbox 472 368 2043 445">
     <span class='ocr_line' id='line_1_4' title="bbox 472 368 2043 445; baseline -0.006 -19"><span class='ocrx_word' id='word_1_7' title='bbox 472 390 540 445; x_wconf 88' lang='lat' dir='ltr'><strong>go</strong></span> <span class='ocrx_word' id='word_1_8' title='bbox 574 372 666 441; x_wconf 99' lang='lat' dir='ltr'><strong>qui</strong></span> <span class='ocrx_word' id='word_1_9' title='bbox 702 370 871 425; x_wconf 87' lang='lat' dir='ltr'><strong>Filius</strong></span> <span class='ocrx_word' id='word_1_10' title='bbox 925 368 1017 422; x_wconf 86' lang='lat' dir='ltr'><strong>Dei</strong></span> <span class='ocrx_word' id='word_1_11' title='bbox 1072 377 1265 422; x_wconf 89' lang='lat' dir='ltr'><strong>natura</strong></span> <span class='ocrx_word' id='word_1_12' title='bbox 1311 378 1413 430; x_wconf 84' lang='lat' dir='ltr'><strong>cst,</strong></span> <span class='ocrx_word' id='word_1_13' title='bbox 1452 379 1566 419; x_wconf 84' lang='lat' dir='ltr'><strong>crat</strong></span> <span class='ocrx_word' id='word_1_14' title='bbox 1607 381 1793 421; x_wconf 80' lang='lat' dir='ltr'><strong>revera</strong></span> <span class='ocrx_word' id='word_1_15' title='bbox 1843 380 2043 427; x_wconf 87' lang='lat' dir='ltr'><strong>sermo,</strong></span> 
     </span>
    </p>
   </div>
   <div class='ocr_carea' id='block_1_5' title="bbox 2166 364 3725 445">
    <p class='ocr_par' dir='ltr' id='par_1_5' title="bbox 2166 364 3725 437">
     <span class='ocr_line' id='line_1_5' title="bbox 2166 364 3725 437; baseline 0.002 -19"><span class='ocrx_word' id='word_1_16' title='bbox 2166 366 2310 435; x_wconf 81' lang='grc' dir='ltr'>ρύσει</span> <span class='ocrx_word' id='word_1_17' title='bbox 2339 365 2432 419; x_wconf 93' lang='grc' dir='ltr'><strong>τοῦ</strong></span> <span class='ocrx_word' id='word_1_18' title='bbox 2468 366 2678 437; x_wconf 86' lang='grc' dir='ltr'>Πατρὸς</span> <span class='ocrx_word' id='word_1_19' title='bbox 2712 364 2859 430; x_wconf 80' lang='grc' dir='ltr'>Υἱὸς,</span> <span class='ocrx_word' id='word_1_20' title='bbox 2899 364 3013 428; x_wconf 85' lang='grc' dir='ltr'>πῶς</span> <span class='ocrx_word' id='word_1_21' title='bbox 3046 365 3112 419; x_wconf 81' lang='grc' dir='ltr'>ἂν</span> <span class='ocrx_word' id='word_1_22' title='bbox 3144 365 3281 435; x_wconf 87' lang='grc' dir='ltr'>πρὸς</span> <span class='ocrx_word' id='word_1_23' title='bbox 3315 364 3479 418; x_wconf 80' lang='grc' dir='ltr'>αὐτὸν</span> <span class='ocrx_word' id='word_1_24' title='bbox 3509 365 3725 433; x_wconf 76' lang='grc' dir='ltr'>ἐγένετο</span> 
     </span>
    </p>
   </div>
   <div class='ocr_carea' id='block_1_6' title="bbox 474 456 2043 532">
    <p class='ocr_par' dir='ltr' id='par_1_6' title="bbox 474 456 2043 532">
     <span class='ocr_line' id='line_1_6' title="bbox 474 456 2043 532; baseline -0.007 -14"><span class='ocrx_word' id='word_1_25' title='bbox 474 464 739 532; x_wconf 89' lang='lat' dir='ltr'><strong>quomodo</strong></span> <span class='ocrx_word' id='word_1_26' title='bbox 785 461 959 515; x_wconf 80' lang='lat' dir='ltr'><strong>iactus</strong></span> <span class='ocrx_word' id='word_1_27' title='bbox 1003 467 1088 513; x_wconf 88' lang='lat' dir='ltr'><strong>est</strong></span> <span class='ocrx_word' id='word_1_28' title='bbox 1140 460 1205 511; x_wconf 86' lang='lat' dir='ltr'><strong>ad</strong></span> <span class='ocrx_word' id='word_1_29' title='bbox 1259 458 1407 510; x_wconf 92' lang='lat' dir='ltr'><strong>illum</strong></span> <span class='ocrx_word' id='word_1_30' title='bbox 1451 471 1668 510; x_wconf 86' lang='lat' dir='ltr'><strong>sermo.</strong></span> <span class='ocrx_word' id='word_1_31' title='bbox 1715 470 1837 509; x_wconf 89' lang='lat' dir='ltr'><strong>eum</strong></span> <span class='ocrx_word' id='word_1_32' title='bbox 1908 456 2043 509; x_wconf 81' lang='lat' dir='ltr'><strong>dixit</strong></span> 
     </span>
    </p>
   </div>
   <div class='ocr_carea' id='block_1_7' title="bbox 477 546 1474 620">
    <p class='ocr_par' dir='ltr' id='par_1_7' title="bbox 477 546 1474 620">
     <span class='ocr_line' id='line_1_7' title="bbox 477 546 1474 620; baseline -0.014 -10"><span class='ocrx_word' id='word_1_33' title='bbox 477 556 635 620; x_wconf 79' lang='lat' dir='ltr'><strong>Deus,</strong></span> <span class='ocrx_word' id='word_1_34' title='bbox 670 570 691 602; x_wconf 72' lang='grc' dir='ltr'><strong>ι</strong></span> <span class='ocrx_word' id='word_1_35' title='bbox 721 552 1007 606; x_wconf 82' lang='lat' dir='ltr'><strong>Faciamus</strong></span> <span class='ocrx_word' id='word_1_36' title='bbox 1039 549 1313 603; x_wconf 86' lang='lat' dir='ltr'><strong>hominem</strong></span> <span class='ocrx_word' id='word_1_37' title='bbox 1344 546 1426 597; x_wconf 71' lang='grc' dir='ltr'><strong>⁸θῖ</strong></span> <span class='ocrx_word' id='word_1_38' title='bbox 1456 565 1474 597; x_wconf 71' lang='grc' dir='ltr'><strong>ι</strong></span> 
     </span>
    </p>
   </div>
   <div class='ocr_carea' id='block_1_8' title="bbox 968 679 1557 749">
    <p class='ocr_par' dir='ltr' id='par_1_8' title="bbox 968 679 1557 749">
     <span class='ocr_line' id='line_1_8' title="bbox 968 679 1557 749; baseline -0.007 -14"><span class='ocrx_word' id='word_1_39' title='bbox 968 681 1176 736; x_wconf 80' lang='lat' dir='ltr'><strong>Salutio</strong></span> <span class='ocrx_word' id='word_1_40' title='bbox 1230 679 1557 749; x_wconf 74' lang='lat' dir='ltr'><strong>objectionis.</strong></span> 
     </span>
    </p>
   </div>
   <div class='ocr_carea' id='block_1_9' title="bbox 550 791 2053 863">
    <p class='ocr_par' dir='ltr' id='par_1_9' title="bbox 550 791 2053 863">
     <span class='ocr_line' id='line_1_9' title="bbox 550 791 2053 863; baseline -0.009 -10"><span class='ocrx_word' id='word_1_41' title='bbox 550 799 760 852; x_wconf 80' lang='lat' dir='ltr'><strong>Rursus</strong></span> <span class='ocrx_word' id='word_1_42' title='bbox 803 796 1053 863; x_wconf 84' lang='lat' dir='ltr'><strong>impingis</strong></span> <span class='ocrx_word' id='word_1_43' title='bbox 1080 834 1095 858; x_wconf 94' lang='lat'><strong>,</strong></span> <span class='ocrx_word' id='word_1_44' title='bbox 1149 807 1251 845; x_wconf 91' lang='lat' dir='ltr'><strong>non</strong></span> <span class='ocrx_word' id='word_1_45' title='bbox 1288 792 1538 845; x_wconf 75' lang='lat' dir='ltr'><strong>attollens</strong></span> <span class='ocrx_word' id='word_1_46' title='bbox 1576 799 1627 845; x_wconf 91' lang='lat' dir='ltr'><strong>te</strong></span> <span class='ocrx_word' id='word_1_47' title='bbox 1666 791 1807 844; x_wconf 87' lang='lat' dir='ltr'><strong>ultra</strong></span> <span class='ocrx_word' id='word_1_48' title='bbox 1863 791 2053 843; x_wconf 90' lang='lat' dir='ltr'><strong>huma-</strong></span> 
     </span>
    </p>
   </div>
   <div class='ocr_carea' id='block_1_10' title="bbox 482 882 2050 958">
    <p class='ocr_par' dir='ltr' id='par_1_10' title="bbox 482 882 2050 958">
     <span class='ocr_line' id='line_1_10' title="bbox 482 882 2050 958; baseline -0.007 -14"><span class='ocrx_word' id='word_1_49' title='bbox 482 907 580 944; x_wconf 90' lang='lat' dir='ltr'><strong>nas</strong></span> <span class='ocrx_word' id='word_1_50' title='bbox 614 889 996 958; x_wconf 73' lang='lat' dir='ltr'><strong>cogitationes,</strong></span> <span class='ocrx_word' id='word_1_51' title='bbox 1041 901 1104 937; x_wconf 90' lang='lat' dir='ltr'><strong>ac</strong></span> <span class='ocrx_word' id='word_1_52' title='bbox 1138 882 1303 936; x_wconf 86' lang='lat' dir='ltr'><strong>veluti</strong></span> <span class='ocrx_word' id='word_1_53' title='bbox 1347 884 1548 936; x_wconf 91' lang='lat' dir='ltr'><strong>oblitus</strong></span> <span class='ocrx_word' id='word_1_54' title='bbox 1590 883 1728 949; x_wconf 87' lang='lat' dir='ltr'><strong>quod</strong></span> <span class='ocrx_word' id='word_1_55' title='bbox 1774 882 1839 935; x_wconf 91' lang='lat' dir='ltr'><strong>de</strong></span> <span class='ocrx_word' id='word_1_56' title='bbox 1874 882 2050 934; x_wconf 85' lang='lat' dir='ltr'><strong>divina</strong></span> 
     </span>
    </p>
   </div>
   <div class='ocr_carea' id='block_1_11' title="bbox 480 970 2053 1039">
    <p class='ocr_par' dir='ltr' id='par_1_11' title="bbox 480 970 2053 1039">
     <span class='ocr_line' id='line_1_11' title="bbox 480 970 2053 1039; baseline -0.008 -4"><span class='ocrx_word' id='word_1_57' title='bbox 480 982 712 1035; x_wconf 81' lang='lat' dir='ltr'><strong>essentia</strong></span> <span class='ocrx_word' id='word_1_58' title='bbox 762 990 1069 1030; x_wconf 85' lang='lat' dir='ltr'><strong>sermonem</strong></span> <span class='ocrx_word' id='word_1_59' title='bbox 1117 973 1338 1038; x_wconf 85' lang='lat' dir='ltr'><strong>habeas,</strong></span> <span class='ocrx_word' id='word_1_60' title='bbox 1379 988 1443 1024; x_wconf 83' lang='lat' dir='ltr'><strong>ex</strong></span> <span class='ocrx_word' id='word_1_61' title='bbox 1494 972 1559 1025; x_wconf 88' lang='lat' dir='ltr'><strong>iis</strong></span> <span class='ocrx_word' id='word_1_62' title='bbox 1590 987 1707 1039; x_wconf 60' lang='lat' dir='ltr'><strong>qua!</strong></span> <span class='ocrx_word' id='word_1_63' title='bbox 1750 970 1903 1024; x_wconf 90' lang='lat' dir='ltr'><strong>nobis</strong></span> <span class='ocrx_word' id='word_1_64' title='bbox 1933 986 2053 1038; x_wconf 88' lang='lat' dir='ltr'><strong>pro—</strong></span> 
     </span>
    </p>
   </div>
   <div class='ocr_carea' id='block_1_12' title="bbox 482 1062 2051 1141">
    <p class='ocr_par' dir='ltr' id='par_1_12' title="bbox 482 1062 2051 1141">
     <span class='ocr_line' id='line_1_12' title="bbox 482 1062 2051 1141; baseline -0.006 -19"><span class='ocrx_word' id='word_1_65' title='bbox 482 1074 595 1141; x_wconf 86' lang='lat' dir='ltr'><strong>pria</strong></span> <span class='ocrx_word' id='word_1_66' title='bbox 650 1078 811 1130; x_wconf 88' lang='lat' dir='ltr'><strong>sunt,</strong></span> <span class='ocrx_word' id='word_1_67' title='bbox 860 1066 1007 1119; x_wconf 83' lang='lat' dir='ltr'><strong>illam</strong></span> <span class='ocrx_word' id='word_1_68' title='bbox 1056 1067 1285 1119; x_wconf 84' lang='lat' dir='ltr'><strong>metiris.</strong></span> <span class='ocrx_word' id='word_1_69' title='bbox 1328 1066 1404 1116; x_wconf 79' lang='lat' dir='ltr'><strong>An</strong></span> <span class='ocrx_word' id='word_1_70' title='bbox 1449 1064 1664 1132; x_wconf 88' lang='lat' dir='ltr'><strong>ignoras</strong></span> <span class='ocrx_word' id='word_1_71' title='bbox 1708 1062 2051 1114; x_wconf 88' lang='lat' dir='ltr'><strong>Divinitatem</strong></span> 
     </span>
    </p>
   </div>
   <div class='ocr_carea' id='block_1_13' title="bbox 483 1156 2055 1226">
    <p class='ocr_par' dir='ltr' id='par_1_13' title="bbox 483 1156 2055 1226">
     <span class='ocr_line' id='line_1_13' title="bbox 483 1156 2055 1226; baseline -0.005 -11"><span class='ocrx_word' id='word_1_72' title='bbox 483 1160 795 1215; x_wconf 89' lang='lat' dir='ltr'><strong>nominibus</strong></span> <span class='ocrx_word' id='word_1_73' title='bbox 858 1160 1013 1213; x_wconf 89' lang='lat' dir='ltr'><strong>nobis</strong></span> <span class='ocrx_word' id='word_1_74' title='bbox 1073 1159 1287 1211; x_wconf 81' lang='lat' dir='ltr'><strong>usitatis</strong></span> <span class='ocrx_word' id='word_1_75' title='bbox 1350 1156 1644 1226; x_wconf 83' lang='lat' dir='ltr'><strong>appellari,</strong></span> <span class='ocrx_word' id='word_1_76' title='bbox 1700 1156 1878 1208; x_wconf 82' lang='lat' dir='ltr'><strong>omnia</strong></span> <span class='ocrx_word' id='word_1_77' title='bbox 1929 1169 2055 1207; x_wconf 88' lang='lat' dir='ltr'><strong>vero</strong></span> 
     </span>
    </p>
   </div>
   <div class='ocr_carea' id='block_1_14' title="bbox 482 1243 2054 1316">
    <p class='ocr_par' dir='ltr' id='par_1_14' title="bbox 482 1243 2054 1316">
     <span class='ocr_line' id='line_1_14' title="bbox 482 1243 2054 1316; baseline -0.006 -14"><span class='ocrx_word' id='word_1_78' title='bbox 482 1251 636 1316; x_wconf 85' lang='lat' dir='ltr'><strong>longe</strong></span> <span class='ocrx_word' id='word_1_79' title='bbox 662 1250 818 1302; x_wconf 85' lang='lat' dir='ltr'><strong>aliter</strong></span> <span class='ocrx_word' id='word_1_80' title='bbox 841 1263 1001 1315; x_wconf 88' lang='lat' dir='ltr'><strong>quam</strong></span> <span class='ocrx_word' id='word_1_81' title='bbox 1029 1257 1207 1300; x_wconf 85' lang='lat' dir='ltr'><strong>nostra</strong></span> <span class='ocrx_word' id='word_1_82' title='bbox 1242 1261 1298 1300; x_wconf 91' lang='lat' dir='ltr'><strong>se</strong></span> <span class='ocrx_word' id='word_1_83' title='bbox 1339 1246 1575 1299; x_wconf 85' lang='lat' dir='ltr'><strong>habere?</strong></span> <span class='ocrx_word' id='word_1_84' title='bbox 1608 1243 1722 1295; x_wconf 89' lang='lat' dir='ltr'><strong>Non</strong></span> <span class='ocrx_word' id='word_1_85' title='bbox 1760 1244 1900 1295; x_wconf 89' lang='lat' dir='ltr'><strong>enim</strong></span> <span class='ocrx_word' id='word_1_86' title='bbox 1931 1244 2054 1311; x_wconf 88' lang='lat' dir='ltr'><strong>quia</strong></span> 
     </span>
    </p>
   </div>
   <div class='ocr_carea' id='block_1_15' title="bbox 481 1334 2056 1406">
    <p class='ocr_par' dir='ltr' id='par_1_15' title="bbox 481 1334 2056 1406">
     <span class='ocr_line' id='line_1_15' title="bbox 481 1334 2056 1406; baseline -0.006 -15"><span class='ocrx_word' id='word_1_87' title='bbox 481 1341 704 1392; x_wconf 84' lang='lat' dir='ltr'><strong>verbum</strong></span> <span class='ocrx_word' id='word_1_88' title='bbox 737 1339 852 1391; x_wconf 89' lang='lat' dir='ltr'><strong>sive</strong></span> <span class='ocrx_word' id='word_1_89' title='bbox 895 1352 1074 1391; x_wconf 89' lang='lat' dir='ltr'><strong>sermo</strong></span> <span class='ocrx_word' id='word_1_90' title='bbox 1110 1338 1353 1390; x_wconf 75' lang='lat' dir='ltr'><strong>hominis</strong></span> <span class='ocrx_word' id='word_1_91' title='bbox 1379 1336 1712 1406; x_wconf 82' lang='lat' dir='ltr'><strong>hypostatice</strong></span> <span class='ocrx_word' id='word_1_92' title='bbox 1740 1350 1840 1386; x_wconf 88' lang='lat' dir='ltr'><strong>non</strong></span> <span class='ocrx_word' id='word_1_93' title='bbox 1882 1334 2056 1387; x_wconf 85' lang='lat' dir='ltr'><strong>subsi-</strong></span> 
     </span>
    </p>
   </div>
   <div class='ocr_carea' id='block_1_16' title="bbox 482 1425 2057 1497">
    <p class='ocr_par' dir='ltr' id='par_1_16' title="bbox 482 1425 2057 1497">
     <span class='ocr_line' id='line_1_16' title="bbox 482 1425 2057 1497; baseline -0.005 -14"><span class='ocrx_word' id='word_1_94' title='bbox 482 1433 599 1497; x_wconf 88' lang='lat' dir='ltr'><strong>stit,</strong></span> <span class='ocrx_word' id='word_1_95' title='bbox 629 1441 682 1483; x_wconf 90' lang='lat' dir='ltr'><strong>et</strong></span> <span class='ocrx_word' id='word_1_96' title='bbox 723 1431 933 1482; x_wconf 88' lang='lat' dir='ltr'><strong>sonitus</strong></span> <span class='ocrx_word' id='word_1_97' title='bbox 958 1429 1171 1496; x_wconf 88' lang='lat' dir='ltr'><strong>quidam</strong></span> <span class='ocrx_word' id='word_1_98' title='bbox 1222 1428 1413 1497; x_wconf 70' lang='lat' dir='ltr'><strong>linguae</strong></span> <span class='ocrx_word' id='word_1_99' title='bbox 1459 1437 1541 1480; x_wconf 90' lang='lat' dir='ltr'><strong>est</strong></span> <span class='ocrx_word' id='word_1_100' title='bbox 1577 1427 1627 1479; x_wconf 90' lang='lat' dir='ltr'><strong>in</strong></span> <span class='ocrx_word' id='word_1_101' title='bbox 1676 1440 1851 1478; x_wconf 90' lang='lat' dir='ltr'><strong>acrem</strong></span> <span class='ocrx_word' id='word_1_102' title='bbox 1895 1425 2057 1475; x_wconf 90' lang='lat' dir='ltr'><strong>cmis-</strong></span> 
     </span>
    </p>
   </div>
   <div class='ocr_carea' id='block_1_17' title="bbox 482 1513 2057 1578">
    <p class='ocr_par' dir='ltr' id='par_1_17' title="bbox 482 1513 2057 1578">
     <span class='ocr_line' id='line_1_17' title="bbox 482 1513 2057 1578; baseline -0.004 -4"><span class='ocrx_word' id='word_1_103' title='bbox 482 1537 608 1574; x_wconf 82' lang='lat' dir='ltr'><strong>sus:</strong></span> <span class='ocrx_word' id='word_1_104' title='bbox 652 1520 771 1573; x_wconf 85' lang='lat' dir='ltr'><strong>ideo</strong></span> <span class='ocrx_word' id='word_1_105' title='bbox 808 1519 1021 1571; x_wconf 84' lang='lat' dir='ltr'><strong>divinus</strong></span> <span class='ocrx_word' id='word_1_106' title='bbox 1057 1520 1220 1571; x_wconf 86' lang='lat' dir='ltr'><strong>etiam</strong></span> <span class='ocrx_word' id='word_1_107' title='bbox 1264 1533 1441 1570; x_wconf 87' lang='lat' dir='ltr'><strong>sermo</strong></span> <span class='ocrx_word' id='word_1_108' title='bbox 1489 1518 1558 1569; x_wconf 87' lang='lat' dir='ltr'><strong>ita</strong></span> <span class='ocrx_word' id='word_1_109' title='bbox 1622 1530 1679 1569; x_wconf 87' lang='lat' dir='ltr'><strong>se</strong></span> <span class='ocrx_word' id='word_1_110' title='bbox 1726 1515 1919 1578; x_wconf 85' lang='lat' dir='ltr'><strong>habet;</strong></span> <span class='ocrx_word' id='word_1_111' title='bbox 1965 1513 2057 1567; x_wconf 85' lang='lat' dir='ltr'><strong>sed</strong></span> 
     </span>
    </p>
   </div>
   <div class='ocr_carea' id='block_1_18' title="bbox 484 1602 2059 1676">
    <p class='ocr_par' dir='ltr' id='par_1_18' title="bbox 484 1602 2059 1676">
     <span class='ocr_line' id='line_1_18' title="bbox 484 1602 2059 1676; baseline -0.004 -15"><span class='ocrx_word' id='word_1_112' title='bbox 484 1612 668 1663; x_wconf 84' lang='lat' dir='ltr'><strong>vivens</strong></span> <span class='ocrx_word' id='word_1_113' title='bbox 701 1625 763 1662; x_wconf 75' lang='lat' dir='ltr'><strong>ex</strong></span> <span class='ocrx_word' id='word_1_114' title='bbox 793 1610 937 1672; x_wconf 88' lang='lat' dir='ltr'><strong>vivo,</strong></span> <span class='ocrx_word' id='word_1_115' title='bbox 974 1618 1135 1676; x_wconf 90' lang='lat' dir='ltr'><strong>atque</strong></span> <span class='ocrx_word' id='word_1_116' title='bbox 1168 1608 1503 1676; x_wconf 82' lang='lat' dir='ltr'><strong>Ityposlalice</strong></span> <span class='ocrx_word' id='word_1_117' title='bbox 1552 1607 1817 1659; x_wconf 87' lang='lat' dir='ltr'><strong>exsistens</strong></span> <span class='ocrx_word' id='word_1_118' title='bbox 1865 1619 1929 1657; x_wconf 84' lang='lat' dir='ltr'><strong>ex</strong></span> <span class='ocrx_word' id='word_1_119' title='bbox 1962 1602 2059 1669; x_wconf 89' lang='lat' dir='ltr'><strong>hy-</strong></span> 
     </span>
    </p>
   </div>
   <div class='ocr_carea' id='block_1_19' title="bbox 2145 454 3724 533">
    <p class='ocr_par' dir='ltr' id='par_1_19' title="bbox 2145 454 3724 533">
     <span class='ocr_line' id='line_1_19' title="bbox 2145 454 3724 533; baseline 0.001 -24"><span class='ocrx_word' id='word_1_120' title='bbox 2145 458 2335 524; x_wconf 84' lang='grc' dir='ltr'>λόγος,</span> <span class='ocrx_word' id='word_1_121' title='bbox 2385 457 2516 528; x_wconf 86' lang='grc' dir='ltr'>φέρε</span> <span class='ocrx_word' id='word_1_122' title='bbox 2568 458 2771 519; x_wconf 82' lang='grc' dir='ltr'>εἰπεῖν,</span> <span class='ocrx_word' id='word_1_123' title='bbox 2824 458 2881 509; x_wconf 83' lang='grc' dir='ltr'>ὲν</span> <span class='ocrx_word' id='word_1_124' title='bbox 2919 454 3035 526; x_wconf 85' lang='grc' dir='ltr'>τῷ,</span> <span class='ocrx_word' id='word_1_125' title='bbox 3088 473 3105 505; x_wconf 75' lang='grc' dir='ltr'><strong>ι</strong></span> <span class='ocrx_word' id='word_1_126' title='bbox 3132 458 3477 533; x_wconf 75' lang='grc' dir='ltr'>Ποιήσωμεν</span> <span class='ocrx_word' id='word_1_127' title='bbox 3514 456 3724 527; x_wconf 79' lang='grc' dir='ltr'>ἀνθρω-</span> 
     </span>
    </p>
   </div>
   <div class='ocr_carea' id='block_1_20' title="bbox 2149 565 2354 611">
    <p class='ocr_par' dir='ltr' id='par_1_20' title="bbox 2149 565 2354 611">
     <span class='ocr_line' id='line_1_20' title="bbox 2149 565 2354 611; baseline -0.005 -11"><span class='ocrx_word' id='word_1_128' title='bbox 2149 565 2285 611; x_wconf 88' lang='grc' dir='ltr'>πον;</span> <span class='ocrx_word' id='word_1_129' title='bbox 2335 567 2354 599; x_wconf 74' lang='grc' dir='ltr'><strong>ι</strong></span> 
     </span>
    </p>
   </div>
   <div class='ocr_carea' id='block_1_21' title="bbox 2639 678 3237 747">
    <p class='ocr_par' dir='ltr' id='par_1_21' title="bbox 2639 678 3237 747">
     <span class='ocr_line' id='line_1_21' title="bbox 2639 678 3237 747; baseline 0.002 -14"><span class='ocrx_word' id='word_1_130' title='bbox 2639 680 2795 747; x_wconf 78' lang='grc' dir='ltr'>Πρὸς</span> <span class='ocrx_word' id='word_1_131' title='bbox 2825 678 3001 733; x_wconf 83' lang='grc' dir='ltr'>τοῦτο</span> <span class='ocrx_word' id='word_1_132' title='bbox 3031 679 3237 743; x_wconf 72' lang='grc' dir='ltr'>λύσις.</span> 
     </span>
    </p>
   </div>
   <div class='ocr_carea' id='block_1_22' title="bbox 2222 792 3719 865">
    <p class='ocr_par' dir='ltr' id='par_1_22' title="bbox 2222 792 3719 865">
     <span class='ocr_line' id='line_1_22' title="bbox 2222 792 3719 865; baseline 0.001 -21"><span class='ocrx_word' id='word_1_133' title='bbox 2222 792 2558 865; x_wconf 78' lang='grc' dir='ltr'>Σκανδαλίζῃ</span> <span class='ocrx_word' id='word_1_134' title='bbox 2589 793 2749 846; x_wconf 86' lang='grc' dir='ltr'>πάλιν</span> <span class='ocrx_word' id='word_1_135' title='bbox 2783 793 2881 845; x_wconf 77' lang='grc' dir='ltr'><strong>οὐκ</strong></span> <span class='ocrx_word' id='word_1_136' title='bbox 2911 792 3217 846; x_wconf 73' lang='grc' dir='ltr'>ἀναϐαίνων</span> <span class='ocrx_word' id='word_1_137' title='bbox 3247 793 3318 846; x_wconf 83' lang='grc' dir='ltr'>τὰ</span> <span class='ocrx_word' id='word_1_138' title='bbox 3365 792 3682 865; x_wconf 81' lang='grc' dir='ltr'>ἀνθρώπινα</span> <span class='ocrx_word' id='word_1_139' title='bbox 3702 808 3719 825; x_wconf 83' lang='grc'>⁶</span> 
     </span>
    </p>
   </div>
   <div class='ocr_carea' id='block_1_23' title="bbox 2154 884 3722 955">
    <p class='ocr_par' dir='ltr' id='par_1_23' title="bbox 2154 884 3722 955">
     <span class='ocr_line' id='line_1_23' title="bbox 2154 884 3722 955; baseline 0.001 -19"><span class='ocrx_word' id='word_1_140' title='bbox 2154 884 2266 937; x_wconf 86' lang='grc' dir='ltr'>ἀλλ’</span> <span class='ocrx_word' id='word_1_141' title='bbox 2298 884 2488 955; x_wconf 77' lang='grc' dir='ltr'>ὥσπερ</span> <span class='ocrx_word' id='word_1_142' title='bbox 2515 884 2938 954; x_wconf 75' lang='grc' dir='ltr'><strong>ἐπιλελησμένος</strong></span> <span class='ocrx_word' id='word_1_143' title='bbox 2958 885 3038 937; x_wconf 82' lang='grc' dir='ltr'><strong>ὅτι</strong></span> <span class='ocrx_word' id='word_1_144' title='bbox 3066 902 3147 937; x_wconf 91' lang='grc' dir='ltr'><strong>σοι</strong></span> <span class='ocrx_word' id='word_1_145' title='bbox 3172 886 3300 955; x_wconf 72' lang='grc' dir='ltr'>περὶ</span> <span class='ocrx_word' id='word_1_146' title='bbox 3327 885 3428 954; x_wconf 80' lang='grc' dir='ltr'>τῆς</span> <span class='ocrx_word' id='word_1_147' title='bbox 3457 885 3608 948; x_wconf 82' lang='grc' dir='ltr'>θείας</span> <span class='ocrx_word' id='word_1_148' title='bbox 3629 887 3722 938; x_wconf 66' lang='lat' dir='ltr'><strong>ob-</strong></span> 
     </span>
    </p>
   </div>
   <div class='ocr_carea' id='block_1_24' title="bbox 2157 974 3724 1046">
    <p class='ocr_par' dir='ltr' id='par_1_24' title="bbox 2157 974 3724 1046">
     <span class='ocr_line' id='line_1_24' title="bbox 2157 974 3724 1046; baseline 0.002 -20"><span class='ocrx_word' id='word_1_149' title='bbox 2157 975 2276 1036; x_wconf 87' lang='grc' dir='ltr'>σίας</span> <span class='ocrx_word' id='word_1_150' title='bbox 2306 977 2333 1026; x_wconf 94' lang='lat'><strong>6</strong></span> <span class='ocrx_word' id='word_1_151' title='bbox 2362 976 2518 1042; x_wconf 82' lang='grc' dir='ltr'>λόγος</span> <span class='ocrx_word' id='word_1_152' title='bbox 2547 975 2714 1039; x_wconf 77' lang='grc' dir='ltr'>ἐστὶν,</span> <span class='ocrx_word' id='word_1_153' title='bbox 2734 976 2797 1026; x_wconf 84' lang='grc' dir='ltr'>ὲκ</span> <span class='ocrx_word' id='word_1_154' title='bbox 2822 974 2929 1027; x_wconf 85' lang='grc' dir='ltr'><strong>τῶν</strong></span> <span class='ocrx_word' id='word_1_155' title='bbox 2960 974 3079 1026; x_wconf 85' lang='grc' dir='ltr'>καθ’</span> <span class='ocrx_word' id='word_1_156' title='bbox 3104 976 3248 1044; x_wconf 80' lang='grc' dir='ltr'>ἡμᾶς</span> <span class='ocrx_word' id='word_1_157' title='bbox 3268 975 3423 1045; x_wconf 76' lang='grc' dir='ltr'>ὁρίζῃ</span> <span class='ocrx_word' id='word_1_158' title='bbox 3453 976 3521 1028; x_wconf 90' lang='grc' dir='ltr'><strong>τά</strong></span> <span class='ocrx_word' id='word_1_159' title='bbox 3542 977 3724 1046; x_wconf 72' lang='grc' dir='ltr'>ἐκείνῃ</span> 
     </span>
    </p>
   </div>
   <div class='ocr_carea' id='block_1_25' title="bbox 2156 1061 3724 1136">
    <p class='ocr_par' dir='ltr' id='par_1_25' title="bbox 2156 1061 3724 1136">
     <span class='ocr_line' id='line_1_25' title="bbox 2156 1061 3724 1136; baseline 0.002 -20"><span class='ocrx_word' id='word_1_160' title='bbox 2156 1065 2443 1135; x_wconf 83' lang='grc' dir='ltr'>προσόντα.</span> <span class='ocrx_word' id='word_1_161' title='bbox 2483 1067 2551 1116; x_wconf 87' lang='grc' dir='ltr'>’Ἡ</span> <span class='ocrx_word' id='word_1_162' title='bbox 2588 1066 2686 1117; x_wconf 75' lang='grc' dir='ltr'><strong>οὐκ</strong></span> <span class='ocrx_word' id='word_1_163' title='bbox 2719 1061 2873 1117; x_wconf 74' lang='grc' dir='ltr'>οἶσθα</span> <span class='ocrx_word' id='word_1_164' title='bbox 2902 1065 2982 1117; x_wconf 85' lang='grc' dir='ltr'>ὃτι</span> <span class='ocrx_word' id='word_1_165' title='bbox 3016 1068 3125 1127; x_wconf 88' lang='grc' dir='ltr'>τοῖς</span> <span class='ocrx_word' id='word_1_166' title='bbox 3160 1066 3280 1118; x_wconf 78' lang='grc' dir='ltr'>καθ’</span> <span class='ocrx_word' id='word_1_167' title='bbox 3321 1067 3465 1136; x_wconf 77' lang='grc' dir='ltr'>ἡμᾶς</span> <span class='ocrx_word' id='word_1_168' title='bbox 3494 1066 3724 1134; x_wconf 83' lang='grc' dir='ltr'>ὀνόμασι</span> 
     </span>
    </p>
   </div>
   <div class='ocr_carea' id='block_1_26' title="bbox 2155 1156 3727 1227">
    <p class='ocr_par' dir='ltr' id='par_1_26' title="bbox 2155 1156 3727 1227">
     <span class='ocr_line' id='line_1_26' title="bbox 2155 1156 3727 1227; baseline 0.002 -20"><span class='ocrx_word' id='word_1_169' title='bbox 2155 1156 2215 1207; x_wconf 90' lang='grc' dir='ltr'><strong>τὸ</strong></span> <span class='ocrx_word' id='word_1_170' title='bbox 2235 1156 2387 1207; x_wconf 82' lang='grc' dir='ltr'><strong>Θεῖον</strong></span> <span class='ocrx_word' id='word_1_171' title='bbox 2415 1156 2792 1218; x_wconf 86' lang='grc' dir='ltr'>ἀποκαλεῖται,</span> <span class='ocrx_word' id='word_1_172' title='bbox 2821 1156 2996 1209; x_wconf 88' lang='grc' dir='ltr'>πάντα</span> <span class='ocrx_word' id='word_1_173' title='bbox 3019 1156 3074 1208; x_wconf 81' lang='grc' dir='ltr'>δὲ</span> <span class='ocrx_word' id='word_1_174' title='bbox 3103 1156 3303 1225; x_wconf 78' lang='grc' dir='ltr'><strong>ἑτέρως</strong></span> <span class='ocrx_word' id='word_1_175' title='bbox 3329 1157 3474 1209; x_wconf 77' lang='grc' dir='ltr'>ἐστὶν</span> <span class='ocrx_word' id='word_1_176' title='bbox 3504 1158 3534 1227; x_wconf 84' lang='grc' dir='ltr'><strong>ἣ</strong></span> <span class='ocrx_word' id='word_1_177' title='bbox 3565 1157 3727 1210; x_wconf 85' lang='grc' dir='ltr'>καθά-</span> 
     </span>
    </p>
   </div>
   <div class='ocr_carea' id='block_1_27' title="bbox 2158 1245 3726 1317">
    <p class='ocr_par' dir='ltr' id='par_1_27' title="bbox 2158 1245 3726 1317">
     <span class='ocr_line' id='line_1_27' title="bbox 2158 1245 3726 1317; baseline 0.001 -20"><span class='ocrx_word' id='word_1_178' title='bbox 2158 1263 2261 1314; x_wconf 98' lang='grc' dir='ltr'><strong>περ</strong></span> <span class='ocrx_word' id='word_1_179' title='bbox 2296 1248 2487 1315; x_wconf 83' lang='grc' dir='ltr'>ήμεῖς;</span> <span class='ocrx_word' id='word_1_180' title='bbox 2516 1245 2589 1297; x_wconf 82' lang='grc' dir='ltr'><strong>Οὐ</strong></span> <span class='ocrx_word' id='word_1_181' title='bbox 2615 1247 2723 1315; x_wconf 83' lang='grc' dir='ltr'><strong>γὰρ</strong></span> <span class='ocrx_word' id='word_1_182' title='bbox 2754 1247 3051 1316; x_wconf 77' lang='grc' dir='ltr'>ἐπειδήπερ</span> <span class='ocrx_word' id='word_1_183' title='bbox 3079 1248 3106 1298; x_wconf 98' lang='lat'><strong>6</strong></span> <span class='ocrx_word' id='word_1_184' title='bbox 3132 1246 3230 1317; x_wconf 79' lang='grc' dir='ltr'>μὲν</span> <span class='ocrx_word' id='word_1_185' title='bbox 3251 1246 3537 1315; x_wconf 82' lang='grc' dir='ltr'>ἀνθρώπου</span> <span class='ocrx_word' id='word_1_186' title='bbox 3571 1247 3726 1315; x_wconf 85' lang='grc' dir='ltr'><strong>λόγος</strong></span> 
     </span>
    </p>
   </div>
   <div class='ocr_carea' id='block_1_28' title="bbox 2157 1335 3727 1407">
    <p class='ocr_par' dir='ltr' id='par_1_28' title="bbox 2157 1335 3727 1407">
     <span class='ocr_line' id='line_1_28' title="bbox 2157 1335 3727 1407; baseline 0.001 -18"><span class='ocrx_word' id='word_1_187' title='bbox 2157 1337 2524 1397; x_wconf 82' lang='grc' dir='ltr'>ἀνυπόστατος</span> <span class='ocrx_word' id='word_1_188' title='bbox 2541 1336 2636 1389; x_wconf 77' lang='grc' dir='ltr'>καὶ</span> <span class='ocrx_word' id='word_1_189' title='bbox 2653 1335 2899 1407; x_wconf 77' lang='grc' dir='ltr'><strong>γλώττης</strong></span> <span class='ocrx_word' id='word_1_190' title='bbox 2927 1336 3092 1406; x_wconf 51' lang='lat' dir='ltr'><strong>eam,</strong></span> <span class='ocrx_word' id='word_1_191' title='bbox 3105 1354 3180 1407; x_wconf 90' lang='grc' dir='ltr'><strong>μα</strong></span> <span class='ocrx_word' id='word_1_192' title='bbox 3201 1338 3335 1407; x_wconf 76' lang='grc' dir='ltr'>πρὸς</span> <span class='ocrx_word' id='word_1_193' title='bbox 3360 1338 3497 1407; x_wconf 79' lang='grc' dir='ltr'>ἀέρα</span> <span class='ocrx_word' id='word_1_194' title='bbox 3516 1356 3581 1390; x_wconf 89' lang='grc' dir='ltr'><strong>πε</strong></span> <span class='ocrx_word' id='word_1_195' title='bbox 3592 1339 3727 1407; x_wconf 69' lang='grc' dir='ltr'><strong>μπὸο</strong></span> 
     </span>
    </p>
   </div>
   <div class='ocr_carea' id='block_1_29' title="bbox 2162 1426 3722 1498">
    <p class='ocr_par' dir='ltr' id='par_1_29' title="bbox 2162 1426 3722 1498">
     <span class='ocr_line' id='line_1_29' title="bbox 2162 1426 3722 1498; baseline 0.001 -19"><span class='ocrx_word' id='word_1_196' title='bbox 2162 1446 2341 1498; x_wconf 89' lang='grc' dir='ltr'>μενον,</span> <span class='ocrx_word' id='word_1_197' title='bbox 2386 1426 2477 1479; x_wconf 79' lang='grc' dir='ltr'>διὰ</span> <span class='ocrx_word' id='word_1_198' title='bbox 2523 1427 2680 1479; x_wconf 85' lang='grc' dir='ltr'>τοῦτο</span> <span class='ocrx_word' id='word_1_199' title='bbox 2714 1428 2808 1480; x_wconf 68' lang='grc' dir='ltr'>καὶ</span> <span class='ocrx_word' id='word_1_200' title='bbox 2840 1430 2867 1480; x_wconf 89' lang='lat'><strong>6</strong></span> <span class='ocrx_word' id='word_1_201' title='bbox 2898 1428 3038 1484; x_wconf 79' lang='grc' dir='ltr'>θεῖος</span> <span class='ocrx_word' id='word_1_202' title='bbox 3088 1430 3348 1492; x_wconf 76' lang='grc' dir='ltr'><strong>ὡσαύτως</strong></span> <span class='ocrx_word' id='word_1_203' title='bbox 3391 1430 3499 1495; x_wconf 73' lang='grc' dir='ltr'>ἕξει</span> <span class='ocrx_word' id='word_1_204' title='bbox 3548 1430 3722 1497; x_wconf 80' lang='grc' dir='ltr'>λόγος,</span> 
     </span>
    </p>
   </div>
   <div class='ocr_carea' id='block_1_30' title="bbox 2160 1515 3727 1587">
    <p class='ocr_par' dir='ltr' id='par_1_30' title="bbox 2160 1515 3727 1587">
     <span class='ocr_line' id='line_1_30' title="bbox 2160 1515 3727 1587; baseline -0.001 -17"><span class='ocrx_word' id='word_1_205' title='bbox 2160 1517 2292 1570; x_wconf 83' lang='grc' dir='ltr'>ἀλλὰ</span> <span class='ocrx_word' id='word_1_206' title='bbox 2322 1516 2428 1579; x_wconf 77' lang='grc' dir='ltr'>ζῶν</span> <span class='ocrx_word' id='word_1_207' title='bbox 2454 1518 2517 1569; x_wconf 85' lang='grc' dir='ltr'>ἐκ</span> <span class='ocrx_word' id='word_1_208' title='bbox 2544 1515 2763 1579; x_wconf 80' lang='grc' dir='ltr'>ζῶντος,</span> <span class='ocrx_word' id='word_1_209' title='bbox 2795 1517 2890 1569; x_wconf 67' lang='grc' dir='ltr'><strong>καὶ</strong></span> <span class='ocrx_word' id='word_1_210' title='bbox 2917 1517 3237 1586; x_wconf 79' lang='grc' dir='ltr'>ὑφεστηκὼς</span> <span class='ocrx_word' id='word_1_211' title='bbox 3268 1517 3327 1579; x_wconf 82' lang='grc' dir='ltr'><strong>ἐξ</strong></span> <span class='ocrx_word' id='word_1_212' title='bbox 3360 1518 3727 1587; x_wconf 70' lang='grc' dir='ltr'>ὑφεπηκότος</span> 
     </span>
    </p>
   </div>
   <div class='ocr_carea' id='block_1_31' title="bbox 2161 1608 3727 1678">
    <p class='ocr_par' dir='ltr' id='par_1_31' title="bbox 2161 1608 3727 1678">
     <span class='ocr_line' id='line_1_31' title="bbox 2161 1608 3727 1678; baseline 0.002 -20"><span class='ocrx_word' id='word_1_213' title='bbox 2161 1609 2295 1659; x_wconf 80' lang='grc' dir='ltr'>ἐστί.</span> <span class='ocrx_word' id='word_1_214' title='bbox 2337 1609 2443 1660; x_wconf 74' lang='grc' dir='ltr'>Καὶ</span> <span class='ocrx_word' id='word_1_215' title='bbox 2468 1608 2649 1671; x_wconf 87' lang='grc' dir='ltr'>πάλιν,</span> <span class='ocrx_word' id='word_1_216' title='bbox 2685 1608 2784 1661; x_wconf 87' lang='grc' dir='ltr'>οὐκ</span> <span class='ocrx_word' id='word_1_217' title='bbox 2811 1608 3109 1678; x_wconf 76' lang='grc' dir='ltr'>ἐπειδήπερ</span> <span class='ocrx_word' id='word_1_218' title='bbox 3135 1610 3166 1677; x_wconf 81' lang='grc' dir='ltr'>ἡ</span> <span class='ocrx_word' id='word_1_219' title='bbox 3194 1610 3250 1659; x_wconf 87' lang='grc' dir='ltr'>ὲν</span> <span class='ocrx_word' id='word_1_220' title='bbox 3280 1611 3409 1677; x_wconf 78' lang='grc' dir='ltr'>ἡμῖν</span> <span class='ocrx_word' id='word_1_221' title='bbox 3442 1612 3599 1677; x_wconf 85' lang='grc' dir='ltr'>σοφία</span> <span class='ocrx_word' id='word_1_222' title='bbox 3634 1609 3727 1661; x_wconf 79' lang='grc' dir='ltr'>καὶ</span> 
     </span>
    </p>
   </div>
   <div class='ocr_carea' id='block_1_32' title="bbox 490 1695 2065 1771">
    <p class='ocr_par' dir='ltr' id='par_1_32' title="bbox 490 1695 2059 1771">
     <span class='ocr_line' id='line_1_32' title="bbox 490 1695 2059 1771; baseline -0.006 -16"><span class='ocrx_word' id='word_1_223' title='bbox 490 1703 759 1771; x_wconf 86' lang='lat' dir='ltr'><strong>postatice</strong></span> <span class='ocrx_word' id='word_1_224' title='bbox 790 1702 1087 1755; x_wconf 82' lang='lat' dir='ltr'><strong>exsislente</strong></span> <span class='ocrx_word' id='word_1_225' title='bbox 1113 1700 1370 1769; x_wconf 81' lang='lat' dir='ltr'><strong>procedit.</strong></span> <span class='ocrx_word' id='word_1_226' title='bbox 1411 1698 1638 1760; x_wconf 80' lang='lat' dir='ltr'><strong>Rursus,</strong></span> <span class='ocrx_word' id='word_1_227' title='bbox 1673 1713 1776 1749; x_wconf 91' lang='lat' dir='ltr'><strong>non</strong></span> <span class='ocrx_word' id='word_1_228' title='bbox 1820 1695 1941 1763; x_wconf 85' lang='lat' dir='ltr'><strong>quia</strong></span> <span class='ocrx_word' id='word_1_229' title='bbox 1974 1709 2059 1746; x_wconf 86' lang='lat' dir='ltr'><strong>sa-</strong></span> 
     </span>
    </p>
   </div>
   <div class='ocr_carea' id='block_1_33' title="bbox 2166 1695 3729 1771">
    <p class='ocr_par' dir='ltr' id='par_1_33' title="bbox 2166 1698 3729 1769">
     <span class='ocr_line' id='line_1_33' title="bbox 2166 1698 3729 1769; baseline 0.001 -20"><span class='ocrx_word' id='word_1_230' title='bbox 2166 1700 2439 1769; x_wconf 79' lang='grc' dir='ltr'>ὲπιστήμη</span> <span class='ocrx_word' id='word_1_231' title='bbox 2476 1700 2576 1751; x_wconf 76' lang='grc' dir='ltr'><strong>οὐκ</strong></span> <span class='ocrx_word' id='word_1_232' title='bbox 2615 1701 2672 1751; x_wconf 83' lang='grc' dir='ltr'><strong>ὲν</strong></span> <span class='ocrx_word' id='word_1_233' title='bbox 2700 1700 2994 1751; x_wconf 78' lang='grc' dir='ltr'>ὑποστάσει</span> <span class='ocrx_word' id='word_1_234' title='bbox 3025 1702 3199 1750; x_wconf 87' lang='grc' dir='ltr'>κεῖται</span> <span class='ocrx_word' id='word_1_235' title='bbox 3242 1699 3362 1751; x_wconf 79' lang='grc' dir='ltr'>καθ’</span> <span class='ocrx_word' id='word_1_236' title='bbox 3389 1700 3607 1767; x_wconf 76' lang='grc' dir='ltr'>ἑαυτὴν,</span> <span class='ocrx_word' id='word_1_237' title='bbox 3643 1698 3729 1751; x_wconf 81' lang='grc' dir='ltr'>διὰ</span> 
     </span>
    </p>
   </div>
   <div class='ocr_carea' id='block_1_34' title="bbox 484 1786 2056 1860">
    <p class='ocr_par' dir='ltr' id='par_1_34' title="bbox 484 1786 2056 1860">
     <span class='ocr_line' id='line_1_34' title="bbox 484 1786 2056 1860; baseline -0.004 -17"><span class='ocrx_word' id='word_1_238' title='bbox 484 1793 683 1860; x_wconf 87' lang='lat' dir='ltr'><strong>pientia</strong></span> <span class='ocrx_word' id='word_1_239' title='bbox 714 1799 767 1844; x_wconf 89' lang='lat' dir='ltr'><strong>et</strong></span> <span class='ocrx_word' id='word_1_240' title='bbox 809 1791 1039 1843; x_wconf 85' lang='lat' dir='ltr'><strong>scientia</strong></span> <span class='ocrx_word' id='word_1_241' title='bbox 1073 1805 1194 1857; x_wconf 72' lang='lat' dir='ltr'><strong>qua:</strong></span> <span class='ocrx_word' id='word_1_242' title='bbox 1242 1790 1294 1841; x_wconf 90' lang='lat' dir='ltr'><strong>in</strong></span> <span class='ocrx_word' id='word_1_243' title='bbox 1340 1789 1490 1841; x_wconf 85' lang='lat' dir='ltr'><strong>nobis</strong></span> <span class='ocrx_word' id='word_1_244' title='bbox 1522 1797 1625 1850; x_wconf 88' lang='lat' dir='ltr'><strong>est,</strong></span> <span class='ocrx_word' id='word_1_245' title='bbox 1666 1786 2056 1856; x_wconf 88' lang='lat' dir='ltr'><strong>bypostaticam</strong></span> 
     </span>
    </p>
   </div>
   <div class='ocr_carea' id='block_1_35' title="bbox 487 1876 2058 1949">
    <p class='ocr_par' dir='ltr' id='par_1_35' title="bbox 487 1876 2058 1949">
     <span class='ocr_line' id='line_1_35' title="bbox 487 1876 2058 1949; baseline -0.004 -16"><span class='ocrx_word' id='word_1_246' title='bbox 487 1897 583 1949; x_wconf 86' lang='lat' dir='ltr'><strong>per</strong></span> <span class='ocrx_word' id='word_1_247' title='bbox 619 1897 677 1935; x_wconf 93' lang='lat' dir='ltr'><strong>se</strong></span> <span class='ocrx_word' id='word_1_248' title='bbox 723 1881 1098 1934; x_wconf 77' lang='lat' dir='ltr'><strong>exsistcntiam</strong></span> <span class='ocrx_word' id='word_1_249' title='bbox 1160 1896 1262 1932; x_wconf 91' lang='lat' dir='ltr'><strong>non</strong></span> <span class='ocrx_word' id='word_1_250' title='bbox 1305 1879 1507 1930; x_wconf 84' lang='lat' dir='ltr'><strong>habet:</strong></span> <span class='ocrx_word' id='word_1_251' title='bbox 1551 1879 1750 1929; x_wconf 86' lang='lat' dir='ltr'><strong>idcirco</strong></span> <span class='ocrx_word' id='word_1_252' title='bbox 1795 1876 2058 1943; x_wconf 84' lang='lat' dir='ltr'><strong>sapientia</strong></span> 
     </span>
    </p>
   </div>
   <div class='ocr_carea' id='block_1_36' title="bbox 486 1965 2063 2041">
    <p class='ocr_par' dir='ltr' id='par_1_36' title="bbox 486 1965 2063 2041">
     <span class='ocr_line' id='line_1_36' title="bbox 486 1965 2063 2041; baseline -0.005 -16"><span class='ocrx_word' id='word_1_253' title='bbox 486 1988 606 2041; x_wconf 66' lang='lat' dir='ltr'><strong>qua!</strong></span> <span class='ocrx_word' id='word_1_254' title='bbox 641 1974 692 2025; x_wconf 92' lang='lat' dir='ltr'><strong>in</strong></span> <span class='ocrx_word' id='word_1_255' title='bbox 728 1972 839 2025; x_wconf 90' lang='lat' dir='ltr'><strong>Deo</strong></span> <span class='ocrx_word' id='word_1_256' title='bbox 866 1980 950 2024; x_wconf 87' lang='lat' dir='ltr'><strong>est</strong></span> <span class='ocrx_word' id='word_1_257' title='bbox 985 1986 1086 2023; x_wconf 89' lang='lat' dir='ltr'><strong>non</strong></span> <span class='ocrx_word' id='word_1_258' title='bbox 1121 1971 1225 2022; x_wconf 83' lang='lat' dir='ltr'><strong>erit</strong></span> <span class='ocrx_word' id='word_1_259' title='bbox 1255 1969 1605 2036; x_wconf 82' lang='lat' dir='ltr'><strong>hypostatica.</strong></span> <span class='ocrx_word' id='word_1_260' title='bbox 1641 1968 1704 2017; x_wconf 90' lang='lat' dir='ltr'><strong>At</strong></span> <span class='ocrx_word' id='word_1_261' title='bbox 1741 1982 1868 2018; x_wconf 90' lang='lat' dir='ltr'><strong>vero</strong></span> <span class='ocrx_word' id='word_1_262' title='bbox 1903 1968 1945 2018; x_wconf 87' lang='lat' dir='ltr'><strong>si</strong></span> <span class='ocrx_word' id='word_1_263' title='bbox 1983 1965 2063 2017; x_wconf 79' lang='lat' dir='ltr'><strong>fa-</strong></span> 
     </span>
    </p>
   </div>
   <div class='ocr_carea' id='block_1_37' title="bbox 489 2054 2058 2118">
    <p class='ocr_par' dir='ltr' id='par_1_37' title="bbox 489 2054 2058 2118">
     <span class='ocr_line' id='line_1_37' title="bbox 489 2054 2058 2118; baseline -0.006 -2"><span class='ocrx_word' id='word_1_264' title='bbox 489 2063 620 2118; x_wconf 84' lang='lat' dir='ltr'><strong>teris</strong></span> <span class='ocrx_word' id='word_1_265' title='bbox 651 2063 815 2114; x_wconf 90' lang='lat' dir='ltr'><strong>Deum</strong></span> <span class='ocrx_word' id='word_1_266' title='bbox 853 2076 959 2113; x_wconf 92' lang='lat' dir='ltr'><strong>non</strong></span> <span class='ocrx_word' id='word_1_267' title='bbox 991 2074 1112 2114; x_wconf 89' lang='lat' dir='ltr'><strong>esse</strong></span> <span class='ocrx_word' id='word_1_268' title='bbox 1153 2057 1306 2110; x_wconf 90' lang='lat' dir='ltr'><strong>nobis</strong></span> <span class='ocrx_word' id='word_1_269' title='bbox 1331 2056 1587 2114; x_wconf 85' lang='lat' dir='ltr'><strong>similem,</strong></span> <span class='ocrx_word' id='word_1_270' title='bbox 1620 2054 1875 2107; x_wconf 78' lang='lat' dir='ltr'><strong>fateberis</strong></span> <span class='ocrx_word' id='word_1_271' title='bbox 1900 2055 2058 2106; x_wconf 82' lang='lat' dir='ltr'><strong>etiam</strong></span> 
     </span>
    </p>
   </div>
   <div class='ocr_carea' id='block_1_38' title="bbox 490 2144 2063 2215">
    <p class='ocr_par' dir='ltr' id='par_1_38' title="bbox 490 2144 2063 2215">
     <span class='ocr_line' id='line_1_38' title="bbox 490 2144 2063 2215; baseline -0.004 -11"><span class='ocrx_word' id='word_1_272' title='bbox 490 2151 677 2204; x_wconf 89' lang='lat' dir='ltr'><strong>omnia</strong></span> <span class='ocrx_word' id='word_1_273' title='bbox 719 2151 885 2215; x_wconf 87' lang='lat' dir='ltr'><strong>ipsius</strong></span> <span class='ocrx_word' id='word_1_274' title='bbox 911 2165 1013 2202; x_wconf 91' lang='lat' dir='ltr'><strong>non</strong></span> <span class='ocrx_word' id='word_1_275' title='bbox 1040 2163 1160 2202; x_wconf 81' lang='lat' dir='ltr'><strong>esse</strong></span> <span class='ocrx_word' id='word_1_276' title='bbox 1188 2154 1392 2209; x_wconf 85' lang='lat' dir='ltr'><strong>nostra,</strong></span> <span class='ocrx_word' id='word_1_277' title='bbox 1434 2146 1523 2197; x_wconf 91' lang='lat' dir='ltr'><strong>sed</strong></span> <span class='ocrx_word' id='word_1_278' title='bbox 1557 2154 1704 2197; x_wconf 89' lang='lat' dir='ltr'><strong>tanto</strong></span> <span class='ocrx_word' id='word_1_279' title='bbox 1735 2160 1852 2197; x_wconf 80' lang='lat' dir='ltr'><strong>esse</strong></span> <span class='ocrx_word' id='word_1_280' title='bbox 1885 2144 2063 2197; x_wconf 78' lang='lat' dir='ltr'><strong>excel-</strong></span> 
     </span>
    </p>
   </div>
   <div class='ocr_carea' id='block_1_39' title="bbox 486 2236 2060 2309">
    <p class='ocr_par' dir='ltr' id='par_1_39' title="bbox 486 2236 2060 2309">
     <span class='ocr_line' id='line_1_39' title="bbox 486 2236 2060 2309; baseline -0.001 -18"><span class='ocrx_word' id='word_1_281' title='bbox 486 2241 719 2295; x_wconf 89' lang='lat' dir='ltr'><strong>lentiora</strong></span> <span class='ocrx_word' id='word_1_282' title='bbox 752 2240 974 2303; x_wconf 88' lang='lat' dir='ltr'><strong>nostris,</strong></span> <span class='ocrx_word' id='word_1_283' title='bbox 1004 2247 1209 2309; x_wconf 88' lang='lat' dir='ltr'><strong>quanto</strong></span> <span class='ocrx_word' id='word_1_284' title='bbox 1244 2238 1356 2305; x_wconf 87' lang='lat' dir='ltr'><strong>ipse</strong></span> <span class='ocrx_word' id='word_1_285' title='bbox 1382 2236 1545 2289; x_wconf 84' lang='lat' dir='ltr'><strong>etiam</strong></span> <span class='ocrx_word' id='word_1_286' title='bbox 1572 2240 1821 2290; x_wconf 63' lang='lat' dir='ltr'><strong>essentne</strong></span> <span class='ocrx_word' id='word_1_287' title='bbox 1850 2239 2060 2290; x_wconf 75' lang='lat' dir='ltr'><strong>ratione</strong></span> 
     </span>
    </p>
   </div>
   <div class='ocr_carea' id='block_1_40' title="bbox 484 2332 960 2403">
    <p class='ocr_par' dir='ltr' id='par_1_40' title="bbox 484 2332 960 2403">
     <span class='ocr_line' id='line_1_40' title="bbox 484 2332 960 2403; baseline -0.004 -15"><span class='ocrx_word' id='word_1_288' title='bbox 484 2339 570 2388; x_wconf 82' lang='lat' dir='ltr'><strong>est</strong></span> <span class='ocrx_word' id='word_1_289' title='bbox 600 2332 960 2403; x_wconf 66' lang='lat' dir='ltr'><strong>praestantior.</strong></span> 
     </span>
    </p>
   </div>
   <div class='ocr_carea' id='block_1_41' title="bbox 1018 2438 1533 2502">
    <p class='ocr_par' dir='ltr' id='par_1_41' title="bbox 1018 2438 1533 2502">
     <span class='ocr_line' id='line_1_41' title="bbox 1018 2438 1533 2502; baseline -0.008 -10"><span class='ocrx_word' id='word_1_290' title='bbox 1018 2438 1243 2502; x_wconf 84' lang='lat' dir='ltr'><strong>ALIUD,</strong></span> <span class='ocrx_word' id='word_1_291' title='bbox 1284 2438 1338 2491; x_wconf 81' lang='lat' dir='ltr'><strong>in</strong></span> <span class='ocrx_word' id='word_1_292' title='bbox 1375 2438 1533 2490; x_wconf 67' lang='lat' dir='ltr'><strong>idem.</strong></span> 
     </span>
    </p>
   </div>
   <div class='ocr_carea' id='block_1_42' title="bbox 556 2567 2056 2639">
    <p class='ocr_par' dir='ltr' id='par_1_42' title="bbox 556 2567 2056 2639">
     <span class='ocr_line' id='line_1_42' title="bbox 556 2567 2056 2639; baseline -0.007 -7"><span class='ocrx_word' id='word_1_293' title='bbox 556 2576 670 2632; x_wconf 79' lang='lat' dir='ltr'><strong>Non</strong></span> <span class='ocrx_word' id='word_1_294' title='bbox 698 2573 1076 2629; x_wconf 76' lang='lat' dir='ltr'><strong>animadvertit</strong></span> <span class='ocrx_word' id='word_1_295' title='bbox 1100 2569 1392 2639; x_wconf 58' lang='lat' dir='ltr'><strong>praeclarus</strong></span> <span class='ocrx_word' id='word_1_296' title='bbox 1418 2569 1516 2622; x_wconf 89' lang='lat' dir='ltr'><strong>istc</strong></span> <span class='ocrx_word' id='word_1_297' title='bbox 1540 2576 1974 2637; x_wconf 75' lang='lat' dir='ltr'><strong>argumentatur,</strong></span> <span class='ocrx_word' id='word_1_298' title='bbox 2002 2567 2056 2621; x_wconf 90' lang='lat' dir='ltr'><strong>in</strong></span> 
     </span>
    </p>
   </div>
   <div class='ocr_carea' id='block_1_43' title="bbox 484 2659 2061 2738">
    <p class='ocr_par' dir='ltr' id='par_1_43' title="bbox 484 2659 2061 2738">
     <span class='ocr_line' id='line_1_43' title="bbox 484 2659 2061 2738; baseline -0.003 -21"><span class='ocrx_word' id='word_1_299' title='bbox 484 2684 646 2738; x_wconf 83' lang='lat' dir='ltr'><strong>quam</strong></span> <span class='ocrx_word' id='word_1_300' title='bbox 678 2666 956 2735; x_wconf 86' lang='lat' dir='ltr'><strong>ingentem</strong></span> <span class='ocrx_word' id='word_1_301' title='bbox 989 2660 1381 2730; x_wconf 82' lang='lat' dir='ltr'><strong>blasphemiam</strong></span> <span class='ocrx_word' id='word_1_302' title='bbox 1411 2668 1570 2713; x_wconf 88' lang='lat' dir='ltr'><strong>ruat:</strong></span> <span class='ocrx_word' id='word_1_303' title='bbox 1600 2659 1886 2713; x_wconf 88' lang='lat' dir='ltr'><strong>Dominum</strong></span> <span class='ocrx_word' id='word_1_304' title='bbox 1920 2660 2061 2712; x_wconf 90' lang='lat' dir='ltr'><strong>enim</strong></span> 
     </span>
    </p>
   </div>
   <div class='ocr_carea' id='block_1_44' title="bbox 486 2747 2064 2826">
    <p class='ocr_par' dir='ltr' id='par_1_44' title="bbox 486 2747 2064 2826">
     <span class='ocr_line' id='line_1_44' title="bbox 486 2747 2064 2826; baseline -0.007 -16"><span class='ocrx_word' id='word_1_305' title='bbox 486 2756 721 2826; x_wconf 85' lang='lat' dir='ltr'><strong>appellat</strong></span> <span class='ocrx_word' id='word_1_306' title='bbox 764 2752 984 2817; x_wconf 88' lang='lat' dir='ltr'><strong>animal,</strong></span> <span class='ocrx_word' id='word_1_307' title='bbox 1026 2765 1132 2803; x_wconf 92' lang='lat' dir='ltr'><strong>non</strong></span> <span class='ocrx_word' id='word_1_308' title='bbox 1178 2749 1483 2816; x_wconf 83' lang='lat' dir='ltr'><strong>intelligens</strong></span> <span class='ocrx_word' id='word_1_309' title='bbox 1517 2749 1660 2801; x_wconf 86' lang='lat' dir='ltr'><strong>aliud</strong></span> <span class='ocrx_word' id='word_1_310' title='bbox 1706 2762 1825 2801; x_wconf 89' lang='lat' dir='ltr'><strong>esse</strong></span> <span class='ocrx_word' id='word_1_311' title='bbox 1864 2747 2064 2800; x_wconf 87' lang='lat' dir='ltr'><strong>animal</strong></span> 
     </span>
    </p>
   </div>
   <div class='ocr_carea' id='block_1_45' title="bbox 488 2838 2062 2915">
    <p class='ocr_par' dir='ltr' id='par_1_45' title="bbox 488 2838 2062 2915">
     <span class='ocr_line' id='line_1_45' title="bbox 488 2838 2062 2915; baseline -0.006 -16"><span class='ocrx_word' id='word_1_312' title='bbox 488 2864 647 2915; x_wconf 80' lang='lat' dir='ltr'><strong>quam</strong></span> <span class='ocrx_word' id='word_1_313' title='bbox 683 2847 868 2907; x_wconf 86' lang='lat' dir='ltr'><strong>vitam,</strong></span> <span class='ocrx_word' id='word_1_314' title='bbox 892 2839 1342 2912; x_wconf 84' lang='lat' dir='ltr'><strong>quemadmodum</strong></span> <span class='ocrx_word' id='word_1_315' title='bbox 1373 2839 1600 2891; x_wconf 83' lang='lat' dir='ltr'><strong>scientia</strong></span> <span class='ocrx_word' id='word_1_316' title='bbox 1631 2838 1771 2890; x_wconf 80' lang='lat' dir='ltr'><strong>aliud</strong></span> <span class='ocrx_word' id='word_1_317' title='bbox 1797 2846 2062 2906; x_wconf 87' lang='lat' dir='ltr'><strong>estquam</strong></span> 
     </span>
    </p>
   </div>
   <div class='ocr_carea' id='block_1_46' title="bbox 489 2928 2062 3001">
    <p class='ocr_par' dir='ltr' id='par_1_46' title="bbox 489 2928 2062 3001">
     <span class='ocr_line' id='line_1_46' title="bbox 489 2928 2062 3001; baseline -0.006 -11"><span class='ocrx_word' id='word_1_318' title='bbox 489 2937 688 2990; x_wconf 85' lang='lat' dir='ltr'><strong>sciens.</strong></span> <span class='ocrx_word' id='word_1_319' title='bbox 713 2933 845 2986; x_wconf 85' lang='lat' dir='ltr'><strong>Nam</strong></span> <span class='ocrx_word' id='word_1_320' title='bbox 875 2936 916 2987; x_wconf 88' lang='lat' dir='ltr'><strong>si</strong></span> <span class='ocrx_word' id='word_1_321' title='bbox 942 2931 1064 3001; x_wconf 87' lang='lat' dir='ltr'><strong>quis</strong></span> <span class='ocrx_word' id='word_1_322' title='bbox 1093 2931 1237 2985; x_wconf 87' lang='lat' dir='ltr'><strong>dicat</strong></span> <span class='ocrx_word' id='word_1_323' title='bbox 1263 2930 1449 2994; x_wconf 85' lang='lat' dir='ltr'><strong>vitam,</strong></span> <span class='ocrx_word' id='word_1_324' title='bbox 1479 2931 1751 2998; x_wconf 76' lang='lat' dir='ltr'><strong>signiﬁcat</strong></span> <span class='ocrx_word' id='word_1_325' title='bbox 1778 2945 1888 2982; x_wconf 85' lang='lat' dir='ltr'><strong>rem</strong></span> <span class='ocrx_word' id='word_1_326' title='bbox 1918 2928 2062 2982; x_wconf 90' lang='lat' dir='ltr'><strong>illam</strong></span> 
     </span>
    </p>
   </div>
   <div class='ocr_carea' id='block_1_47' title="bbox 2161 1788 3729 1858">
    <p class='ocr_par' dir='ltr' id='par_1_47' title="bbox 2161 1788 3729 1858">
     <span class='ocr_line' id='line_1_47' title="bbox 2161 1788 3729 1858; baseline 0 -19"><span class='ocrx_word' id='word_1_327' title='bbox 2161 1788 2317 1840; x_wconf 88' lang='grc' dir='ltr'>τοῦτο</span> <span class='ocrx_word' id='word_1_328' title='bbox 2356 1788 2449 1841; x_wconf 76' lang='grc' dir='ltr'>καὶ</span> <span class='ocrx_word' id='word_1_329' title='bbox 2495 1790 2527 1857; x_wconf 84' lang='grc' dir='ltr'>ἡ</span> <span class='ocrx_word' id='word_1_330' title='bbox 2559 1790 2940 1858; x_wconf 75' lang='grc' dir='ltr'>ἐνυπάρχουσα</span> <span class='ocrx_word' id='word_1_331' title='bbox 2982 1788 3057 1858; x_wconf 85' lang='grc' dir='ltr'><strong>τῷ</strong></span> <span class='ocrx_word' id='word_1_332' title='bbox 3100 1788 3219 1858; x_wconf 80' lang='grc' dir='ltr'><strong>Θεῷ</strong></span> <span class='ocrx_word' id='word_1_333' title='bbox 3249 1788 3410 1857; x_wconf 87' lang='grc' dir='ltr'>σοφία</span> <span class='ocrx_word' id='word_1_334' title='bbox 3439 1788 3499 1840; x_wconf 85' lang='grc' dir='ltr'><strong>τὸ</strong></span> <span class='ocrx_word' id='word_1_335' title='bbox 3539 1788 3729 1840; x_wconf 81' lang='grc' dir='ltr'>ένυπό-</span> 
     </span>
    </p>
   </div>
   <div class='ocr_carea' id='block_1_48' title="bbox 2163 1874 3729 1948">
    <p class='ocr_par' dir='ltr' id='par_1_48' title="bbox 2163 1874 3729 1948">
     <span class='ocr_line' id='line_1_48' title="bbox 2163 1874 3729 1948; baseline -0.001 -18"><span class='ocrx_word' id='word_1_336' title='bbox 2163 1894 2354 1939; x_wconf 84' lang='grc' dir='ltr'>στατος</span> <span class='ocrx_word' id='word_1_337' title='bbox 2383 1874 2518 1930; x_wconf 80' lang='grc' dir='ltr'>εἶναι</span> <span class='ocrx_word' id='word_1_338' title='bbox 2549 1878 2669 1930; x_wconf 82' lang='grc' dir='ltr'>καθ’</span> <span class='ocrx_word' id='word_1_339' title='bbox 2697 1879 2894 1947; x_wconf 77' lang='grc' dir='ltr'>ἑαυτὴν</span> <span class='ocrx_word' id='word_1_340' title='bbox 2929 1878 3359 1947; x_wconf 77' lang='grc' dir='ltr'>ζημιωθήσεται.</span> <span class='ocrx_word' id='word_1_341' title='bbox 3401 1877 3543 1929; x_wconf 82' lang='grc' dir='ltr'>Ἀλλ’</span> <span class='ocrx_word' id='word_1_342' title='bbox 3572 1877 3729 1948; x_wconf 75' lang='grc' dir='ltr'>εἴπερ</span> 
     </span>
    </p>
   </div>
   <div class='ocr_carea' id='block_1_49' title="bbox 2160 1966 3731 2041">
    <p class='ocr_par' dir='ltr' id='par_1_49' title="bbox 2160 1966 3731 2041">
     <span class='ocr_line' id='line_1_49' title="bbox 2160 1966 3731 2041; baseline -0.002 -20"><span class='ocrx_word' id='word_1_343' title='bbox 2160 1970 2440 2039; x_wconf 73' lang='grc' dir='ltr'>ὁμολογεῖς</span> <span class='ocrx_word' id='word_1_344' title='bbox 2471 1971 2547 2040; x_wconf 84' lang='grc' dir='ltr'>μὴ</span> <span class='ocrx_word' id='word_1_345' title='bbox 2573 1970 2693 2023; x_wconf 86' lang='grc' dir='ltr'>καθ’</span> <span class='ocrx_word' id='word_1_346' title='bbox 2738 1971 2886 2041; x_wconf 79' lang='grc' dir='ltr'>ἡμᾶς</span> <span class='ocrx_word' id='word_1_347' title='bbox 2930 1966 3066 2022; x_wconf 80' lang='grc' dir='ltr'>εἶναι</span> <span class='ocrx_word' id='word_1_348' title='bbox 3118 1970 3208 2022; x_wconf 89' lang='grc' dir='ltr'><strong>τὸν</strong></span> <span class='ocrx_word' id='word_1_349' title='bbox 3252 1970 3403 2032; x_wconf 83' lang='grc' dir='ltr'>Θεὸν,</span> <span class='ocrx_word' id='word_1_350' title='bbox 3451 1969 3731 2037; x_wconf 77' lang='grc' dir='ltr'>ὁμολογεῖς</span> 
     </span>
    </p>
   </div>
   <div class='ocr_carea' id='block_1_50' title="bbox 2161 2056 3726 2131">
    <p class='ocr_par' dir='ltr' id='par_1_50' title="bbox 2161 2056 3726 2131">
     <span class='ocr_line' id='line_1_50' title="bbox 2161 2056 3726 2131; baseline -0.003 -18"><span class='ocrx_word' id='word_1_351' title='bbox 2161 2062 2400 2131; x_wconf 80' lang='grc' dir='ltr'>δηλονότι</span> <span class='ocrx_word' id='word_1_352' title='bbox 2435 2062 2527 2114; x_wconf 86' lang='grc' dir='ltr'><strong>καί</strong></span> <span class='ocrx_word' id='word_1_353' title='bbox 2562 2079 2677 2124; x_wconf 85' lang='grc' dir='ltr'><strong>πως</strong></span> <span class='ocrx_word' id='word_1_354' title='bbox 2708 2062 2776 2113; x_wconf 82' lang='grc' dir='ltr'>τὰ</span> <span class='ocrx_word' id='word_1_355' title='bbox 2802 2061 2968 2113; x_wconf 85' lang='grc' dir='ltr'>αὐτοῦ</span> <span class='ocrx_word' id='word_1_356' title='bbox 2998 2060 3071 2131; x_wconf 86' lang='grc' dir='ltr'>μὴ</span> <span class='ocrx_word' id='word_1_357' title='bbox 3106 2056 3241 2113; x_wconf 84' lang='grc' dir='ltr'>εἶναι</span> <span class='ocrx_word' id='word_1_358' title='bbox 3268 2059 3376 2112; x_wconf 80' lang='grc' dir='ltr'><strong>τῶν</strong></span> <span class='ocrx_word' id='word_1_359' title='bbox 3406 2059 3527 2112; x_wconf 82' lang='grc' dir='ltr'>καθ’</span> <span class='ocrx_word' id='word_1_360' title='bbox 3559 2060 3726 2127; x_wconf 77' lang='grc' dir='ltr'>ἡμᾶς,</span> 
     </span>
    </p>
   </div>
   <div class='ocr_carea' id='block_1_51' title="bbox 2162 2150 3731 2223">
    <p class='ocr_par' dir='ltr' id='par_1_51' title="bbox 2162 2150 3731 2223">
     <span class='ocr_line' id='line_1_51' title="bbox 2162 2150 3731 2223; baseline -0.004 -16"><span class='ocrx_word' id='word_1_361' title='bbox 2162 2154 2277 2207; x_wconf 81' lang='grc' dir='ltr'>ἀλλ’</span> <span class='ocrx_word' id='word_1_362' title='bbox 2315 2155 2454 2223; x_wconf 81' lang='grc' dir='ltr'>ὑπὲρ</span> <span class='ocrx_word' id='word_1_363' title='bbox 2484 2156 2632 2223; x_wconf 82' lang='grc' dir='ltr'>ἡμᾶς</span> <span class='ocrx_word' id='word_1_364' title='bbox 2658 2155 2931 2219; x_wconf 85' lang='grc' dir='ltr'>τοσοῦτον,</span> <span class='ocrx_word' id='word_1_365' title='bbox 2955 2155 3077 2209; x_wconf 85' lang='grc' dir='ltr'>ὅσον</span> <span class='ocrx_word' id='word_1_366' title='bbox 3108 2154 3200 2207; x_wconf 73' lang='grc' dir='ltr'>καὶ</span> <span class='ocrx_word' id='word_1_367' title='bbox 3228 2151 3370 2205; x_wconf 86' lang='grc' dir='ltr'><strong>κατά</strong></span> <span class='ocrx_word' id='word_1_368' title='bbox 3397 2151 3486 2204; x_wconf 83' lang='grc' dir='ltr'><strong>τὸν</strong></span> <span class='ocrx_word' id='word_1_369' title='bbox 3515 2150 3614 2220; x_wconf 82' lang='grc' dir='ltr'>τῆς</span> <span class='ocrx_word' id='word_1_370' title='bbox 3641 2150 3731 2202; x_wconf 66' lang='grc' dir='ltr'>οὐν</span> 
     </span>
    </p>
   </div>
   <div class='ocr_carea' id='block_1_52' title="bbox 2164 2243 2797 2314">
    <p class='ocr_par' dir='ltr' id='par_1_52' title="bbox 2164 2243 2797 2314">
     <span class='ocr_line' id='line_1_52' title="bbox 2164 2243 2797 2314; baseline 0.008 -21"><span class='ocrx_word' id='word_1_371' title='bbox 2164 2243 2285 2304; x_wconf 87' lang='grc' dir='ltr'>σίας</span> <span class='ocrx_word' id='word_1_372' title='bbox 2314 2244 2468 2311; x_wconf 69' lang='grc' dir='ltr'>λόγον</span> <span class='ocrx_word' id='word_1_373' title='bbox 2497 2244 2797 2314; x_wconf 78' lang='grc' dir='ltr'>διέστηκεν.</span> 
     </span>
    </p>
   </div>
   <div class='ocr_carea' id='block_1_53' title="bbox 2618 2440 3291 2507">
    <p class='ocr_par' dir='ltr' id='par_1_53' title="bbox 2618 2440 3291 2507">
     <span class='ocr_line' id='line_1_53' title="bbox 2618 2440 3291 2507; baseline 0.004 -17"><span class='ocrx_word' id='word_1_374' title='bbox 2618 2440 2817 2501; x_wconf 76' lang='grc' dir='ltr'><strong>ΔΑΜ),</strong></span> <span class='ocrx_word' id='word_1_375' title='bbox 2845 2440 2992 2507; x_wconf 76' lang='grc' dir='ltr'>πρὸς</span> <span class='ocrx_word' id='word_1_376' title='bbox 3026 2440 3090 2492; x_wconf 82' lang='grc' dir='ltr'>τὸ</span> <span class='ocrx_word' id='word_1_377' title='bbox 3124 2441 3291 2493; x_wconf 85' lang='grc' dir='ltr'>αὐτό.</span> 
     </span>
    </p>
   </div>
   <div class='ocr_carea' id='block_1_54' title="bbox 2246 2568 3733 2638">
    <p class='ocr_par' dir='ltr' id='par_1_54' title="bbox 2246 2568 3733 2638">
     <span class='ocr_line' id='line_1_54' title="bbox 2246 2568 3733 2638; baseline 0.003 -18"><span class='ocrx_word' id='word_1_378' title='bbox 2246 2570 2540 2638; x_wconf 84' lang='grc' dir='ltr'>Ἠγνὸησεν</span> <span class='ocrx_word' id='word_1_379' title='bbox 2560 2568 2587 2618; x_wconf 89' lang='grc' dir='ltr'>ὁ</span> <span class='ocrx_word' id='word_1_380' title='bbox 2612 2569 2791 2635; x_wconf 67' lang='grc' dir='ltr'>σοφὸς,</span> <span class='ocrx_word' id='word_1_381' title='bbox 2818 2570 2892 2632; x_wconf 88' lang='grc' dir='ltr'>ὼς</span> <span class='ocrx_word' id='word_1_382' title='bbox 2921 2569 3110 2634; x_wconf 78' lang='grc' dir='ltr'>οἴεται,</span> <span class='ocrx_word' id='word_1_383' title='bbox 3136 2571 3229 2623; x_wconf 75' lang='grc' dir='ltr'>καὶ</span> <span class='ocrx_word' id='word_1_384' title='bbox 3261 2569 3384 2634; x_wconf 79' lang='grc' dir='ltr'>ὀξὺς</span> <span class='ocrx_word' id='word_1_385' title='bbox 3414 2572 3495 2634; x_wconf 87' lang='grc' dir='ltr'><strong>εἰς</strong></span> <span class='ocrx_word' id='word_1_386' title='bbox 3516 2571 3575 2624; x_wconf 88' lang='grc' dir='ltr'><strong>τὸ</strong></span> <span class='ocrx_word' id='word_1_387' title='bbox 3593 2573 3733 2625; x_wconf 84' lang='grc' dir='ltr'>νοεῖν</span> 
     </span>
    </p>
   </div>
   <div class='ocr_carea' id='block_1_55' title="bbox 2164 2655 3734 2732">
    <p class='ocr_par' dir='ltr' id='par_1_55' title="bbox 2164 2655 3734 2732">
     <span class='ocr_line' id='line_1_55' title="bbox 2164 2655 3734 2732; baseline 0.004 -23"><span class='ocrx_word' id='word_1_388' title='bbox 2164 2656 2387 2726; x_wconf 81' lang='grc' dir='ltr'>ἀμέτρῳ</span> <span class='ocrx_word' id='word_1_389' title='bbox 2423 2655 2735 2725; x_wconf 85' lang='grc' dir='ltr'>περιπεσὼν</span> <span class='ocrx_word' id='word_1_390' title='bbox 2780 2658 3091 2729; x_wconf 81' lang='grc' dir='ltr'>δυσφημίᾳ·</span> <span class='ocrx_word' id='word_1_391' title='bbox 3145 2658 3281 2721; x_wconf 81' lang='grc' dir='ltr'>ζῶον</span> <span class='ocrx_word' id='word_1_392' title='bbox 3327 2661 3433 2729; x_wconf 82' lang='grc' dir='ltr'><strong>γάρ</strong></span> <span class='ocrx_word' id='word_1_393' title='bbox 3478 2662 3734 2732; x_wconf 81' lang='grc' dir='ltr'>ὀνομάζει</span> 
     </span>
    </p>
   </div>
   <div class='ocr_carea' id='block_1_56' title="bbox 2164 2745 3735 2823">
    <p class='ocr_par' dir='ltr' id='par_1_56' title="bbox 2164 2745 3735 2823">
     <span class='ocr_line' id='line_1_56' title="bbox 2164 2745 3735 2823; baseline 0.003 -23"><span class='ocrx_word' id='word_1_394' title='bbox 2164 2748 2253 2800; x_wconf 87' lang='grc' dir='ltr'><strong>τὸν</strong></span> <span class='ocrx_word' id='word_1_395' title='bbox 2282 2747 2503 2817; x_wconf 83' lang='grc' dir='ltr'>Κύριον,</span> <span class='ocrx_word' id='word_1_396' title='bbox 2531 2748 2629 2799; x_wconf 78' lang='grc' dir='ltr'><strong>οὐκ</strong></span> <span class='ocrx_word' id='word_1_397' title='bbox 2662 2745 2815 2810; x_wconf 86' lang='grc' dir='ltr'>είδὼς</span> <span class='ocrx_word' id='word_1_398' title='bbox 2846 2748 2927 2800; x_wconf 82' lang='grc' dir='ltr'><strong>ὅτι</strong></span> <span class='ocrx_word' id='word_1_399' title='bbox 2957 2748 3017 2801; x_wconf 88' lang='grc' dir='ltr'><strong>τὸ</strong></span> <span class='ocrx_word' id='word_1_400' title='bbox 3045 2749 3181 2813; x_wconf 76' lang='grc' dir='ltr'>ζῶον</span> <span class='ocrx_word' id='word_1_401' title='bbox 3212 2750 3396 2819; x_wconf 78' lang='grc' dir='ltr'>ἕτερον</span> <span class='ocrx_word' id='word_1_402' title='bbox 3434 2754 3548 2803; x_wconf 79' lang='grc' dir='ltr'>ἐστι</span> <span class='ocrx_word' id='word_1_403' title='bbox 3583 2752 3735 2823; x_wconf 83' lang='grc' dir='ltr'><strong>παρά</strong></span> 
     </span>
    </p>
   </div>
   <div class='ocr_carea' id='block_1_57' title="bbox 2165 2834 3729 2908">
    <p class='ocr_par' dir='ltr' id='par_1_57' title="bbox 2165 2834 3729 2908">
     <span class='ocr_line' id='line_1_57' title="bbox 2165 2834 3729 2908; baseline 0 -18"><span class='ocrx_word' id='word_1_404' title='bbox 2165 2838 2263 2908; x_wconf 80' lang='grc' dir='ltr'><strong>τὴν</strong></span> <span class='ocrx_word' id='word_1_405' title='bbox 2294 2837 2458 2907; x_wconf 76' lang='grc' dir='ltr'>ζωὴν,</span> <span class='ocrx_word' id='word_1_406' title='bbox 2490 2834 2677 2904; x_wconf 87' lang='grc' dir='ltr'>ὥσπερ</span> <span class='ocrx_word' id='word_1_407' title='bbox 2705 2837 2737 2906; x_wconf 85' lang='grc' dir='ltr'>ἡ</span> <span class='ocrx_word' id='word_1_408' title='bbox 2769 2838 3041 2907; x_wconf 78' lang='grc' dir='ltr'>ἐπιστήμη</span> <span class='ocrx_word' id='word_1_409' title='bbox 3075 2837 3223 2906; x_wconf 85' lang='grc' dir='ltr'>παρὰ</span> <span class='ocrx_word' id='word_1_410' title='bbox 3258 2839 3345 2890; x_wconf 86' lang='grc' dir='ltr'><strong>τὸν</strong></span> <span class='ocrx_word' id='word_1_411' title='bbox 3373 2839 3729 2907; x_wconf 78' lang='grc' dir='ltr'>ἐπιστήμονα.</span> 
     </span>
    </p>
   </div>
   <div class='ocr_carea' id='block_1_58' title="bbox 2169 2926 3734 2999">
    <p class='ocr_par' dir='ltr' id='par_1_58' title="bbox 2169 2926 3734 2999">
     <span class='ocr_line' id='line_1_58' title="bbox 2169 2926 3734 2999; baseline -0.001 -18"><span class='ocrx_word' id='word_1_412' title='bbox 2169 2928 2321 2998; x_wconf 82' lang='grc' dir='ltr'>Ζωὴν</span> <span class='ocrx_word' id='word_1_413' title='bbox 2352 2931 2450 2998; x_wconf 83' lang='grc' dir='ltr'>μὲν</span> <span class='ocrx_word' id='word_1_414' title='bbox 2480 2927 2589 2997; x_wconf 84' lang='grc' dir='ltr'><strong>γὰρ</strong></span> <span class='ocrx_word' id='word_1_415' title='bbox 2610 2927 2662 2978; x_wconf 79' lang='grc' dir='ltr'>εἴ</span> <span class='ocrx_word' id='word_1_416' title='bbox 2690 2944 2771 2989; x_wconf 88' lang='grc' dir='ltr'><strong>τις</strong></span> <span class='ocrx_word' id='word_1_417' title='bbox 2793 2926 2960 2994; x_wconf 80' lang='grc' dir='ltr'>λέγοι,</span> <span class='ocrx_word' id='word_1_418' title='bbox 2979 2928 3111 2980; x_wconf 83' lang='grc' dir='ltr'>αὐτὸ</span> <span class='ocrx_word' id='word_1_419' title='bbox 3141 2929 3395 2998; x_wconf 82' lang='grc' dir='ltr'>σημαίνει</span> <span class='ocrx_word' id='word_1_420' title='bbox 3422 2929 3481 2981; x_wconf 90' lang='grc' dir='ltr'><strong>τὸ</strong></span> <span class='ocrx_word' id='word_1_421' title='bbox 3504 2930 3734 2999; x_wconf 81' lang='grc' dir='ltr'>πρᾶγμα</span> 
     </span>
    </p>
   </div>
   <div class='ocr_carea' id='block_1_59' title="bbox 490 3018 2065 3108">
    <p class='ocr_par' dir='ltr' id='par_1_59' title="bbox 490 3019 2061 3093">
     <span class='ocr_line' id='line_1_59' title="bbox 490 3019 2061 3093; baseline -0.004 -16"><span class='ocrx_word' id='word_1_422' title='bbox 490 3042 608 3093; x_wconf 71' lang='lat' dir='ltr'><strong>qua:</strong></span> <span class='ocrx_word' id='word_1_423' title='bbox 641 3026 684 3080; x_wconf 94' lang='lat' dir='ltr'><strong>si</strong></span> <span class='ocrx_word' id='word_1_424' title='bbox 716 3024 876 3079; x_wconf 85' lang='lat' dir='ltr'><strong>alicui</strong></span> <span class='ocrx_word' id='word_1_425' title='bbox 913 3024 1059 3087; x_wconf 90' lang='lat' dir='ltr'><strong>insit,</strong></span> <span class='ocrx_word' id='word_1_426' title='bbox 1092 3022 1270 3075; x_wconf 88' lang='lat' dir='ltr'><strong>vivum</strong></span> <span class='ocrx_word' id='word_1_427' title='bbox 1305 3029 1360 3072; x_wconf 89' lang='lat' dir='ltr'><strong>ut</strong></span> <span class='ocrx_word' id='word_1_428' title='bbox 1383 3020 1634 3073; x_wconf 86' lang='lat' dir='ltr'><strong>siteilicit</strong></span> <span class='ocrx_word' id='word_1_429' title='bbox 1661 3039 1672 3071; x_wconf 90' lang='lat'><strong>:</strong></span> <span class='ocrx_word' id='word_1_430' title='bbox 1704 3019 1903 3071; x_wconf 89' lang='lat' dir='ltr'><strong>animal</strong></span> <span class='ocrx_word' id='word_1_431' title='bbox 1930 3032 2061 3071; x_wconf 90' lang='lat' dir='ltr'><strong>vero</strong></span> 
     </span>
    </p>
   </div>
   <div class='ocr_carea' id='block_1_60' title="bbox 2166 3018 3735 3108">
    <p class='ocr_par' dir='ltr' id='par_1_60' title="bbox 2167 3018 3735 3088">
     <span class='ocr_line' id='line_1_60' title="bbox 2167 3018 3735 3088; baseline 0.002 -19"><span class='ocrx_word' id='word_1_432' title='bbox 2167 3018 2227 3070; x_wconf 87' lang='grc' dir='ltr'><strong>τὸ</strong></span> <span class='ocrx_word' id='word_1_433' title='bbox 2261 3018 2316 3070; x_wconf 78' lang='grc' dir='ltr'><strong>ἔν</strong></span> <span class='ocrx_word' id='word_1_434' title='bbox 2344 3036 2453 3071; x_wconf 88' lang='grc' dir='ltr'>τισι</span> <span class='ocrx_word' id='word_1_435' title='bbox 2494 3021 2775 3088; x_wconf 84' lang='grc' dir='ltr'>γινόμενον</span> <span class='ocrx_word' id='word_1_436' title='bbox 2821 3035 2915 3071; x_wconf 83' lang='grc' dir='ltr'><strong>και</strong></span> <span class='ocrx_word' id='word_1_437' title='bbox 2959 3019 3254 3082; x_wconf 68' lang='grc' dir='ltr'>ζωοποιοῦν</span> <span class='ocrx_word' id='word_1_438' title='bbox 3285 3021 3452 3074; x_wconf 82' lang='grc' dir='ltr'>αὐτά·</span> <span class='ocrx_word' id='word_1_439' title='bbox 3501 3020 3634 3085; x_wconf 78' lang='grc' dir='ltr'>ζῶον</span> <span class='ocrx_word' id='word_1_440' title='bbox 3676 3021 3735 3073; x_wconf 84' lang='grc' dir='ltr'>δὲ</span> 
     </span>
    </p>
   </div>
   <div class='ocr_carea' id='block_1_61' title="bbox 491 3110 2059 3184">
    <p class='ocr_par' dir='ltr' id='par_1_61' title="bbox 491 3110 2059 3184">
     <span class='ocr_line' id='line_1_61' title="bbox 491 3110 2059 3184; baseline -0.006 -14"><span class='ocrx_word' id='word_1_441' title='bbox 491 3129 571 3170; x_wconf 85' lang='lat' dir='ltr'><strong>est</strong></span> <span class='ocrx_word' id='word_1_442' title='bbox 619 3116 671 3169; x_wconf 90' lang='lat' dir='ltr'><strong>id</strong></span> <span class='ocrx_word' id='word_1_443' title='bbox 717 3115 857 3184; x_wconf 87' lang='lat' dir='ltr'><strong>quod</strong></span> <span class='ocrx_word' id='word_1_444' title='bbox 888 3115 1005 3182; x_wconf 80' lang='lat' dir='ltr'><strong>ejus</strong></span> <span class='ocrx_word' id='word_1_445' title='bbox 1047 3113 1124 3167; x_wconf 90' lang='lat' dir='ltr'><strong>rei</strong></span> <span class='ocrx_word' id='word_1_446' title='bbox 1170 3127 1290 3181; x_wconf 64' lang='lat' dir='ltr'><strong>quae</strong></span> <span class='ocrx_word' id='word_1_447' title='bbox 1333 3112 1595 3173; x_wconf 78' lang='lat' dir='ltr'><strong>viviﬁcat,</strong></span> <span class='ocrx_word' id='word_1_448' title='bbox 1641 3110 1911 3179; x_wconf 87' lang='lat' dir='ltr'><strong>particeps</strong></span> <span class='ocrx_word' id='word_1_449' title='bbox 1960 3118 2059 3161; x_wconf 88' lang='lat' dir='ltr'><strong>est.</strong></span> 
     </span>
    </p>
   </div>
   <div class='ocr_carea' id='block_1_62' title="bbox 492 3199 2065 3274">
    <p class='ocr_par' dir='ltr' id='par_1_62' title="bbox 492 3199 2065 3274">
     <span class='ocr_line' id='line_1_62' title="bbox 492 3199 2065 3274; baseline -0.006 -13"><span class='ocrx_word' id='word_1_450' title='bbox 492 3208 654 3274; x_wconf 85' lang='lat' dir='ltr'><strong>Atqui</strong></span> <span class='ocrx_word' id='word_1_451' title='bbox 696 3205 955 3260; x_wconf 88' lang='lat' dir='ltr'><strong>Dominus</strong></span> <span class='ocrx_word' id='word_1_452' title='bbox 997 3219 1101 3257; x_wconf 87' lang='lat' dir='ltr'><strong>non</strong></span> <span class='ocrx_word' id='word_1_453' title='bbox 1148 3204 1221 3255; x_wconf 89' lang='lat' dir='ltr'><strong>ita</strong></span> <span class='ocrx_word' id='word_1_454' title='bbox 1268 3202 1505 3270; x_wconf 90' lang='lat' dir='ltr'><strong>seipsum</strong></span> <span class='ocrx_word' id='word_1_455' title='bbox 1538 3211 1711 3264; x_wconf 85' lang='lat' dir='ltr'><strong>vocat,</strong></span> <span class='ocrx_word' id='word_1_456' title='bbox 1744 3202 1836 3253; x_wconf 91' lang='lat' dir='ltr'><strong>sed</strong></span> <span class='ocrx_word' id='word_1_457' title='bbox 1885 3199 2065 3267; x_wconf 88' lang='lat' dir='ltr'><strong>potius</strong></span> 
     </span>
    </p>
   </div>
   <div class='ocr_carea' id='block_1_63' title="bbox 492 3290 2063 3362">
    <p class='ocr_par' dir='ltr' id='par_1_63' title="bbox 492 3290 2063 3362">
     <span class='ocr_line' id='line_1_63' title="bbox 492 3290 2063 3362; baseline -0.006 -10"><span class='ocrx_word' id='word_1_458' title='bbox 492 3300 676 3353; x_wconf 88' lang='lat' dir='ltr'><strong>vitam.</strong></span> <span class='ocrx_word' id='word_1_459' title='bbox 700 3297 754 3351; x_wconf 90' lang='lat' dir='ltr'><strong>Si</strong></span> <span class='ocrx_word' id='word_1_460' title='bbox 780 3312 929 3362; x_wconf 89' lang='lat' dir='ltr'><strong>vero,</strong></span> <span class='ocrx_word' id='word_1_461' title='bbox 953 3310 1073 3348; x_wconf 89' lang='lat' dir='ltr'><strong>cum</strong></span> <span class='ocrx_word' id='word_1_462' title='bbox 1107 3294 1179 3347; x_wconf 86' lang='lat' dir='ltr'><strong>sit</strong></span> <span class='ocrx_word' id='word_1_463' title='bbox 1206 3294 1337 3357; x_wconf 90' lang='lat' dir='ltr'><strong>vita,</strong></span> <span class='ocrx_word' id='word_1_464' title='bbox 1369 3302 1450 3346; x_wconf 87' lang='lat' dir='ltr'><strong>est</strong></span> <span class='ocrx_word' id='word_1_465' title='bbox 1480 3293 1643 3344; x_wconf 86' lang='lat' dir='ltr'><strong>etiam</strong></span> <span class='ocrx_word' id='word_1_466' title='bbox 1677 3290 2063 3357; x_wconf 81' lang='lat' dir='ltr'><strong>animal,juxta</strong></span> 
     </span>
    </p>
   </div>
   <div class='ocr_carea' id='block_1_64' title="bbox 493 3381 2064 3451">
    <p class='ocr_par' dir='ltr' id='par_1_64' title="bbox 493 3381 2064 3451">
     <span class='ocr_line' id='line_1_64' title="bbox 493 3381 2064 3451; baseline -0.007 -7"><span class='ocrx_word' id='word_1_467' title='bbox 493 3390 632 3444; x_wconf 92' lang='lat' dir='ltr'><strong>illius</strong></span> <span class='ocrx_word' id='word_1_468' title='bbox 678 3389 941 3443; x_wconf 88' lang='lat' dir='ltr'><strong>insaniam</strong></span> <span class='ocrx_word' id='word_1_469' title='bbox 968 3426 982 3451; x_wconf 94' lang='lat'><strong>,</strong></span> <span class='ocrx_word' id='word_1_470' title='bbox 1026 3386 1236 3439; x_wconf 85' lang='lat' dir='ltr'><strong>dicatur</strong></span> <span class='ocrx_word' id='word_1_471' title='bbox 1273 3385 1437 3438; x_wconf 89' lang='lat' dir='ltr'><strong>etiam</strong></span> <span class='ocrx_word' id='word_1_472' title='bbox 1485 3382 1644 3436; x_wconf 84' lang='lat' dir='ltr'><strong>Pater</strong></span> <span class='ocrx_word' id='word_1_473' title='bbox 1682 3397 1799 3435; x_wconf 87' lang='lat' dir='ltr'><strong>esse</strong></span> <span class='ocrx_word' id='word_1_474' title='bbox 1847 3381 2064 3444; x_wconf 86' lang='lat' dir='ltr'><strong>animal,</strong></span> 
     </span>
    </p>
   </div>
   <div class='ocr_carea' id='block_1_65' title="bbox 491 3473 2059 3547">
    <p class='ocr_par' dir='ltr' id='par_1_65' title="bbox 491 3473 2059 3547">
     <span class='ocr_line' id='line_1_65' title="bbox 491 3473 2059 3547; baseline -0.006 -15"><span class='ocrx_word' id='word_1_475' title='bbox 491 3495 611 3532; x_wconf 83' lang='lat' dir='ltr'><strong>cum</strong></span> <span class='ocrx_word' id='word_1_476' title='bbox 641 3480 754 3547; x_wconf 90' lang='lat' dir='ltr'><strong>ipse</strong></span> <span class='ocrx_word' id='word_1_477' title='bbox 783 3480 849 3532; x_wconf 91' lang='lat' dir='ltr'><strong>de</strong></span> <span class='ocrx_word' id='word_1_478' title='bbox 874 3494 931 3531; x_wconf 90' lang='lat' dir='ltr'><strong>se</strong></span> <span class='ocrx_word' id='word_1_479' title='bbox 953 3478 1135 3531; x_wconf 83' lang='lat' dir='ltr'><strong>dicat:</strong></span> <span class='ocrx_word' id='word_1_480' title='bbox 1170 3494 1186 3527; x_wconf 71' lang='grc' dir='ltr'><strong>ι</strong></span> <span class='ocrx_word' id='word_1_481' title='bbox 1220 3476 1355 3529; x_wconf 82' lang='lat' dir='ltr'><strong>Vivo</strong></span> <span class='ocrx_word' id='word_1_482' title='bbox 1378 3489 1494 3543; x_wconf 84' lang='lat' dir='ltr'><strong>ego,</strong></span> <span class='ocrx_word' id='word_1_483' title='bbox 1527 3475 1652 3529; x_wconf 82' lang='lat' dir='ltr'><strong>dicit</strong></span> <span class='ocrx_word' id='word_1_484' title='bbox 1681 3473 2014 3527; x_wconf 63' lang='lat' dir='ltr'><strong>Dominus”.</strong></span> <span class='ocrx_word' id='word_1_485' title='bbox 2041 3491 2059 3523; x_wconf 74' lang='grc' dir='ltr'><strong>ι</strong></span> 
     </span>
    </p>
   </div>
   <div class='ocr_carea' id='block_1_66' title="bbox 494 3565 2066 3636">
    <p class='ocr_par' dir='ltr' id='par_1_66' title="bbox 494 3565 2066 3636">
     <span class='ocr_line' id='line_1_66' title="bbox 494 3565 2066 3636; baseline -0.006 -12"><span class='ocrx_word' id='word_1_486' title='bbox 494 3572 599 3624; x_wconf 81' lang='lat' dir='ltr'><strong>Sed</strong></span> <span class='ocrx_word' id='word_1_487' title='bbox 635 3569 813 3622; x_wconf 88' lang='lat' dir='ltr'><strong>valere</strong></span> <span class='ocrx_word' id='word_1_488' title='bbox 839 3569 1006 3636; x_wconf 83' lang='lat' dir='ltr'><strong>jussis</strong></span> <span class='ocrx_word' id='word_1_489' title='bbox 1039 3567 1235 3635; x_wconf 85' lang='lat' dir='ltr'><strong>perditi</strong></span> <span class='ocrx_word' id='word_1_490' title='bbox 1265 3566 1505 3619; x_wconf 85' lang='lat' dir='ltr'><strong>hominis</strong></span> <span class='ocrx_word' id='word_1_491' title='bbox 1545 3565 1721 3633; x_wconf 86' lang='lat' dir='ltr'><strong>nugis,</strong></span> <span class='ocrx_word' id='word_1_492' title='bbox 1760 3575 1812 3615; x_wconf 86' lang='lat' dir='ltr'><strong>et</strong></span> <span class='ocrx_word' id='word_1_493' title='bbox 1852 3574 2066 3632; x_wconf 83' lang='lat' dir='ltr'><strong>aposto-</strong></span> 
     </span>
    </p>
   </div>
   <div class='ocr_carea' id='block_1_67' title="bbox 494 3655 2063 3724">
    <p class='ocr_par' dir='ltr' id='par_1_67' title="bbox 494 3655 2063 3724">
     <span class='ocr_line' id='line_1_67' title="bbox 494 3655 2063 3724; baseline -0.004 -10"><span class='ocrx_word' id='word_1_494' title='bbox 494 3661 655 3716; x_wconf 91' lang='lat' dir='ltr'><strong>licum</strong></span> <span class='ocrx_word' id='word_1_495' title='bbox 704 3659 837 3713; x_wconf 91' lang='lat' dir='ltr'><strong>illud</strong></span> <span class='ocrx_word' id='word_1_496' title='bbox 869 3661 915 3712; x_wconf 92' lang='lat' dir='ltr'><strong>ei</strong></span> <span class='ocrx_word' id='word_1_497' title='bbox 947 3660 1188 3712; x_wconf 82' lang='lat' dir='ltr'><strong>dicentes</strong></span> <span class='ocrx_word' id='word_1_498' title='bbox 1219 3677 1232 3711; x_wconf 91' lang='lat'><strong>:</strong></span> <span class='ocrx_word' id='word_1_499' title='bbox 1273 3676 1290 3707; x_wconf 88' lang='grc'><strong>‹</strong></span> <span class='ocrx_word' id='word_1_500' title='bbox 1328 3656 1695 3724; x_wconf 79' lang='lat' dir='ltr'><strong>Cogitationes</strong></span> <span class='ocrx_word' id='word_1_501' title='bbox 1729 3657 1831 3707; x_wconf 89' lang='lat' dir='ltr'><strong>sint</strong></span> <span class='ocrx_word' id='word_1_502' title='bbox 1884 3655 1978 3708; x_wconf 90' lang='lat' dir='ltr'><strong>tibi</strong></span> <span class='ocrx_word' id='word_1_503' title='bbox 2012 3657 2063 3708; x_wconf 92' lang='lat' dir='ltr'><strong>in</strong></span> 
     </span>
    </p>
   </div>
   <div class='ocr_carea' id='block_1_68' title="bbox 493 3748 2067 3820">
    <p class='ocr_par' dir='ltr' id='par_1_68' title="bbox 493 3748 2067 3820">
     <span class='ocr_line' id='line_1_68' title="bbox 493 3748 2067 3820; baseline -0.004 -14"><span class='ocrx_word' id='word_1_504' title='bbox 493 3753 850 3820; x_wconf 82' lang='lat' dir='ltr'><strong>perditionem</strong></span> <span class='ocrx_word' id='word_1_505' title='bbox 886 3750 950 3814; x_wconf 69' lang='grc' dir='ltr'><strong>δ’,</strong></span> <span class='ocrx_word' id='word_1_506' title='bbox 991 3769 1008 3800; x_wconf 73' lang='grc' dir='ltr'><strong>ι</strong></span> <span class='ocrx_word' id='word_1_507' title='bbox 1052 3751 1116 3802; x_wconf 88' lang='lat' dir='ltr'><strong>ad</strong></span> <span class='ocrx_word' id='word_1_508' title='bbox 1157 3748 1313 3818; x_wconf 77' lang='lat'><strong>192</strong></span> <span class='ocrx_word' id='word_1_509' title='bbox 1352 3748 1631 3803; x_wconf 82' lang='lat' dir='ltr'><strong>veritatem</strong></span> <span class='ocrx_word' id='word_1_510' title='bbox 1674 3749 1929 3801; x_wconf 64' lang='lat' dir='ltr'><strong>doctrinae</strong></span> <span class='ocrx_word' id='word_1_511' title='bbox 1971 3760 2067 3800; x_wconf 90' lang='lat' dir='ltr'><strong>nos</strong></span> 
     </span>
    </p>
   </div>
   <div class='ocr_carea' id='block_1_69' title="bbox 493 3836 2065 3905">
    <p class='ocr_par' dir='ltr' id='par_1_69' title="bbox 493 3836 2065 3905">
     <span class='ocr_line' id='line_1_69' title="bbox 493 3836 2065 3905; baseline -0.004 -9"><span class='ocrx_word' id='word_1_512' title='bbox 493 3842 861 3905; x_wconf 80' lang='lat' dir='ltr'><strong>conferamus,</strong></span> <span class='ocrx_word' id='word_1_513' title='bbox 901 3849 953 3893; x_wconf 88' lang='lat' dir='ltr'><strong>et</strong></span> <span class='ocrx_word' id='word_1_514' title='bbox 987 3840 1274 3893; x_wconf 90' lang='lat' dir='ltr'><strong>Dominum</strong></span> <span class='ocrx_word' id='word_1_515' title='bbox 1329 3856 1433 3893; x_wconf 88' lang='lat' dir='ltr'><strong>non</strong></span> <span class='ocrx_word' id='word_1_516' title='bbox 1470 3838 1693 3903; x_wconf 89' lang='lat' dir='ltr'><strong>animal,</strong></span> <span class='ocrx_word' id='word_1_517' title='bbox 1739 3849 1793 3891; x_wconf 93' lang='lat' dir='ltr'><strong>ut</strong></span> <span class='ocrx_word' id='word_1_518' title='bbox 1838 3838 1935 3901; x_wconf 90' lang='lat' dir='ltr'><strong>illi,</strong></span> <span class='ocrx_word' id='word_1_519' title='bbox 1972 3836 2065 3889; x_wconf 89' lang='lat' dir='ltr'><strong>sed</strong></span> 
     </span>
    </p>
   </div>
   <div class='ocr_carea' id='block_1_70' title="bbox 493 3930 2062 3998">
    <p class='ocr_par' dir='ltr' id='par_1_70' title="bbox 493 3930 2062 3998">
     <span class='ocr_line' id='line_1_70' title="bbox 493 3930 2062 3998; baseline 0 -17"><span class='ocrx_word' id='word_1_520' title='bbox 493 3932 659 3985; x_wconf 86' lang='lat' dir='ltr'><strong>vitam</strong></span> <span class='ocrx_word' id='word_1_521' title='bbox 692 3931 861 3998; x_wconf 90' lang='lat' dir='ltr'><strong>ipsam</strong></span> <span class='ocrx_word' id='word_1_522' title='bbox 906 3944 1027 3983; x_wconf 91' lang='lat' dir='ltr'><strong>esse</strong></span> <span class='ocrx_word' id='word_1_523' title='bbox 1059 3931 1323 3991; x_wconf 89' lang='lat' dir='ltr'><strong>dicamus,</strong></span> <span class='ocrx_word' id='word_1_524' title='bbox 1362 3946 1479 3997; x_wconf 73' lang='lat' dir='ltr'><strong>qurc</strong></span> <span class='ocrx_word' id='word_1_525' title='bbox 1521 3933 1698 3983; x_wconf 82' lang='lat' dir='ltr'><strong>onmin</strong></span> <span class='ocrx_word' id='word_1_526' title='bbox 1737 3931 1971 3983; x_wconf 82' lang='lat' dir='ltr'><strong>viviﬁcat</strong></span> <span class='ocrx_word' id='word_1_527' title='bbox 1997 3930 2062 3993; x_wconf 74' lang='lat'><strong>“,</strong></span> 
     </span>
    </p>
   </div>
   <div class='ocr_carea' id='block_1_71' title="bbox 492 4018 2064 4090">
    <p class='ocr_par' dir='ltr' id='par_1_71' title="bbox 492 4018 2064 4090">
     <span class='ocr_line' id='line_1_71' title="bbox 492 4018 2064 4090; baseline -0.001 -18"><span class='ocrx_word' id='word_1_528' title='bbox 492 4022 689 4090; x_wconf 86' lang='lat' dir='ltr'><strong>quippe</strong></span> <span class='ocrx_word' id='word_1_529' title='bbox 712 4036 831 4089; x_wconf 75' lang='lat' dir='ltr'><strong>qua:</strong></span> <span class='ocrx_word' id='word_1_530' title='bbox 864 4021 915 4073; x_wconf 87' lang='lat' dir='ltr'><strong>in</strong></span> <span class='ocrx_word' id='word_1_531' title='bbox 944 4021 1079 4089; x_wconf 88' lang='lat' dir='ltr'><strong>ipso,</strong></span> <span class='ocrx_word' id='word_1_532' title='bbox 1108 4020 1257 4086; x_wconf 79' lang='lat' dir='ltr'><strong>juxta</strong></span> <span class='ocrx_word' id='word_1_533' title='bbox 1290 4018 1442 4071; x_wconf 88' lang='lat' dir='ltr'><strong>Pauli</strong></span> <span class='ocrx_word' id='word_1_534' title='bbox 1472 4020 1813 4083; x_wconf 86' lang='lat' dir='ltr'><strong>sententiam,</strong></span> <span class='ocrx_word' id='word_1_535' title='bbox 1864 4027 1914 4071; x_wconf 80' lang='lat' dir='ltr'><strong>et</strong></span> <span class='ocrx_word' id='word_1_536' title='bbox 1949 4033 2064 4071; x_wconf 85' lang='lat' dir='ltr'><strong>Ino-</strong></span> 
     </span>
    </p>
   </div>
   <div class='ocr_carea' id='block_1_72' title="bbox 493 4112 1081 4179">
    <p class='ocr_par' dir='ltr' id='par_1_72' title="bbox 493 4112 1081 4179">
     <span class='ocr_line' id='line_1_72' title="bbox 493 4112 1081 4179; baseline -0.003 -12"><span class='ocrx_word' id='word_1_537' title='bbox 493 4122 744 4179; x_wconf 63' lang='lat' dir='ltr'><strong>reantur,</strong></span> <span class='ocrx_word' id='word_1_538' title='bbox 774 4122 827 4167; x_wconf 89' lang='lat' dir='ltr'><strong>et</strong></span> <span class='ocrx_word' id='word_1_539' title='bbox 869 4113 976 4165; x_wconf 89' lang='lat' dir='ltr'><strong>sint</strong></span> <span class='ocrx_word' id='word_1_540' title='bbox 1014 4112 1081 4165; x_wconf 74' lang='lat'><strong>“.</strong></span> 
     </span>
    </p>
   </div>
   <div class='ocr_carea' id='block_1_73' title="bbox 807 4242 1749 4310">
    <p class='ocr_par' dir='ltr' id='par_1_73' title="bbox 807 4242 1749 4310">
     <span class='ocr_line' id='line_1_73' title="bbox 807 4242 1749 4310; baseline 0.002 -15"><span class='ocrx_word' id='word_1_541' title='bbox 807 4242 964 4298; x_wconf 82' lang='lat' dir='ltr'><strong>ALIU</strong></span> <span class='ocrx_word' id='word_1_542' title='bbox 978 4243 1037 4310; x_wconf 87' lang='lat' dir='ltr'><strong>D,</strong></span> <span class='ocrx_word' id='word_1_543' title='bbox 1072 4244 1127 4297; x_wconf 86' lang='lat' dir='ltr'><strong>in</strong></span> <span class='ocrx_word' id='word_1_544' title='bbox 1151 4245 1386 4298; x_wconf 80' lang='lat' dir='ltr'><strong>eamdem</strong></span> <span class='ocrx_word' id='word_1_545' title='bbox 1416 4244 1749 4301; x_wconf 77' lang='lat' dir='ltr'><strong>sementium.</strong></span> 
     </span>
    </p>
   </div>
   <div class='ocr_carea' id='block_1_74' title="bbox 2171 3107 3735 3182">
    <p class='ocr_par' dir='ltr' id='par_1_74' title="bbox 2171 3107 3735 3182">
     <span class='ocr_line' id='line_1_74' title="bbox 2171 3107 3735 3182; baseline 0.003 -23"><span class='ocrx_word' id='word_1_546' title='bbox 2171 3107 2362 3175; x_wconf 87' lang='grc' dir='ltr'>λέγων,</span> <span class='ocrx_word' id='word_1_547' title='bbox 2394 3108 2452 3160; x_wconf 89' lang='grc' dir='ltr'><strong>τὸ</strong></span> <span class='ocrx_word' id='word_1_548' title='bbox 2478 3110 2700 3179; x_wconf 80' lang='grc' dir='ltr'>μετέχον</span> <span class='ocrx_word' id='word_1_549' title='bbox 2722 3109 2813 3162; x_wconf 91' lang='grc' dir='ltr'><strong>τοῦ</strong></span> <span class='ocrx_word' id='word_1_550' title='bbox 2844 3110 3229 3174; x_wconf 75' lang='grc' dir='ltr'>ζωοποιοῦντος</span> <span class='ocrx_word' id='word_1_551' title='bbox 3258 3129 3441 3181; x_wconf 82' lang='grc' dir='ltr'>φησιν.</span> <span class='ocrx_word' id='word_1_552' title='bbox 3481 3113 3618 3164; x_wconf 70' lang='grc' dir='ltr'>Ἀλλ’</span> <span class='ocrx_word' id='word_1_553' title='bbox 3638 3113 3735 3182; x_wconf 74' lang='grc' dir='ltr'><strong>οὐχ</strong></span> 
     </span>
    </p>
   </div>
   <div class='ocr_carea' id='block_1_75' title="bbox 2171 3197 3735 3274">
    <p class='ocr_par' dir='ltr' id='par_1_75' title="bbox 2171 3197 3735 3274">
     <span class='ocr_line' id='line_1_75' title="bbox 2171 3197 3735 3274; baseline 0.004 -26"><span class='ocrx_word' id='word_1_554' title='bbox 2171 3197 2341 3259; x_wconf 73' lang='grc' dir='ltr'>οὕτως</span> <span class='ocrx_word' id='word_1_555' title='bbox 2370 3199 2557 3249; x_wconf 79' lang='grc' dir='ltr'>ἑαυτὸν</span> <span class='ocrx_word' id='word_1_556' title='bbox 2585 3202 2612 3250; x_wconf 90' lang='lat'><strong>6</strong></span> <span class='ocrx_word' id='word_1_557' title='bbox 2646 3200 2843 3269; x_wconf 76' lang='grc' dir='ltr'>Κύριος</span> <span class='ocrx_word' id='word_1_558' title='bbox 2878 3201 3159 3270; x_wconf 77' lang='grc' dir='ltr'>ὀνομάζων</span> <span class='ocrx_word' id='word_1_559' title='bbox 3187 3202 3455 3271; x_wconf 83' lang='grc' dir='ltr'>φαίνεται,</span> <span class='ocrx_word' id='word_1_560' title='bbox 3504 3202 3646 3274; x_wconf 76' lang='grc' dir='ltr'>ζωὴν</span> <span class='ocrx_word' id='word_1_561' title='bbox 3679 3203 3735 3255; x_wconf 82' lang='grc' dir='ltr'><strong>δὲ</strong></span> 
     </span>
    </p>
   </div>
   <div class='ocr_carea' id='block_1_76' title="bbox 2176 3287 3735 3361">
    <p class='ocr_par' dir='ltr' id='par_1_76' title="bbox 2176 3287 3735 3361">
     <span class='ocr_line' id='line_1_76' title="bbox 2176 3287 3735 3361; baseline 0.004 -24"><span class='ocrx_word' id='word_1_562' title='bbox 2176 3287 2375 3356; x_wconf 81' lang='grc' dir='ltr'>μᾶλλον</span> <span class='ocrx_word' id='word_1_563' title='bbox 2408 3288 2690 3342; x_wconf 83' lang='grc' dir='ltr'>ἀποκαλεῖ.</span> <span class='ocrx_word' id='word_1_564' title='bbox 2730 3291 2791 3341; x_wconf 85' lang='lat' dir='ltr'><strong>Ei</strong></span> <span class='ocrx_word' id='word_1_565' title='bbox 2827 3289 2881 3341; x_wconf 79' lang='grc' dir='ltr'>δὲ</span> <span class='ocrx_word' id='word_1_566' title='bbox 2915 3288 3026 3360; x_wconf 78' lang='grc' dir='ltr'><strong>ζωὴ</strong></span> <span class='ocrx_word' id='word_1_567' title='bbox 3056 3291 3311 3361; x_wconf 79' lang='grc' dir='ltr'>ὑπάρχων</span> <span class='ocrx_word' id='word_1_568' title='bbox 3337 3295 3430 3346; x_wconf 66' lang='grc' dir='ltr'><strong>καὶ</strong></span> <span class='ocrx_word' id='word_1_569' title='bbox 3462 3292 3598 3354; x_wconf 80' lang='grc' dir='ltr'><strong>ζῶόν</strong></span> <span class='ocrx_word' id='word_1_570' title='bbox 3622 3297 3735 3344; x_wconf 70' lang='grc' dir='ltr'>εστι</span> 
     </span>
    </p>
   </div>
   <div class='ocr_carea' id='block_1_77' title="bbox 2174 3378 3738 3450">
    <p class='ocr_par' dir='ltr' id='par_1_77' title="bbox 2174 3378 3738 3450">
     <span class='ocr_line' id='line_1_77' title="bbox 2174 3378 3738 3450; baseline 0.004 -21"><span class='ocrx_word' id='word_1_571' title='bbox 2174 3378 2314 3430; x_wconf 87' lang='grc' dir='ltr'>κατὰ</span> <span class='ocrx_word' id='word_1_572' title='bbox 2347 3378 2444 3449; x_wconf 79' lang='grc' dir='ltr'><strong>τὴν</strong></span> <span class='ocrx_word' id='word_1_573' title='bbox 2476 3380 2681 3431; x_wconf 80' lang='grc' dir='ltr'>ἐκείνου</span> <span class='ocrx_word' id='word_1_574' title='bbox 2716 3380 3159 3448; x_wconf 72' lang='grc' dir='ltr'>φρενοϐλάϐειαν,</span> <span class='ocrx_word' id='word_1_575' title='bbox 3183 3381 3426 3450; x_wconf 78' lang='grc' dir='ltr'>λεγέσθω</span> <span class='ocrx_word' id='word_1_576' title='bbox 3453 3386 3545 3436; x_wconf 74' lang='grc' dir='ltr'>καὶ</span> <span class='ocrx_word' id='word_1_577' title='bbox 3572 3385 3599 3436; x_wconf 90' lang='lat'><strong>6</strong></span> <span class='ocrx_word' id='word_1_578' title='bbox 3627 3386 3738 3435; x_wconf 80' lang='lat' dir='ltr'><strong>[lat-</strong></span> 
     </span>
    </p>
   </div>
   <div class='ocr_carea' id='block_1_78' title="bbox 2173 3469 3735 3543">
    <p class='ocr_par' dir='ltr' id='par_1_78' title="bbox 2173 3469 3735 3543">
     <span class='ocr_line' id='line_1_78' title="bbox 2173 3469 3735 3543; baseline 0.004 -24"><span class='ocrx_word' id='word_1_579' title='bbox 2173 3469 2274 3539; x_wconf 81' lang='grc' dir='ltr'><strong>τὴρ</strong></span> <span class='ocrx_word' id='word_1_580' title='bbox 2307 3469 2464 3534; x_wconf 82' lang='grc' dir='ltr'>ζῶον,</span> <span class='ocrx_word' id='word_1_581' title='bbox 2497 3471 2794 3541; x_wconf 80' lang='grc' dir='ltr'>ἐπειδήπερ</span> <span class='ocrx_word' id='word_1_582' title='bbox 2826 3472 3074 3539; x_wconf 75' lang='grc' dir='ltr'>φαίνεται</span> <span class='ocrx_word' id='word_1_583' title='bbox 3103 3473 3295 3539; x_wconf 89' lang='grc' dir='ltr'>λέγων·</span> <span class='ocrx_word' id='word_1_584' title='bbox 3334 3493 3349 3524; x_wconf 79' lang='grc' dir='ltr'><strong>ι</strong></span> <span class='ocrx_word' id='word_1_585' title='bbox 3377 3474 3461 3527; x_wconf 84' lang='grc' dir='ltr'><strong>Ζῶ</strong></span> <span class='ocrx_word' id='word_1_586' title='bbox 3488 3474 3615 3543; x_wconf 74' lang='grc' dir='ltr'>ἐγὼ,</span> <span class='ocrx_word' id='word_1_587' title='bbox 3647 3474 3735 3526; x_wconf 85' lang='grc' dir='ltr'>λέ-</span> 
     </span>
    </p>
   </div>
   <div class='ocr_carea' id='block_1_79' title="bbox 2173 3560 3738 3634">
    <p class='ocr_par' dir='ltr' id='par_1_79' title="bbox 2173 3560 3738 3634">
     <span class='ocr_line' id='line_1_79' title="bbox 2173 3560 3738 3634; baseline 0.002 -22"><span class='ocrx_word' id='word_1_588' title='bbox 2173 3577 2257 3626; x_wconf 89' lang='grc' dir='ltr'><strong>γει</strong></span> <span class='ocrx_word' id='word_1_589' title='bbox 2283 3560 2505 3630; x_wconf 87' lang='grc' dir='ltr'>Κύριος.</span> <span class='ocrx_word' id='word_1_590' title='bbox 2534 3581 2550 3612; x_wconf 75' lang='grc' dir='ltr'><strong>ι</strong></span> <span class='ocrx_word' id='word_1_591' title='bbox 2573 3561 2735 3613; x_wconf 84' lang='grc' dir='ltr'>Ἀλλά</span> <span class='ocrx_word' id='word_1_592' title='bbox 2764 3564 2882 3624; x_wconf 85' lang='grc' dir='ltr'>ταῖς</span> <span class='ocrx_word' id='word_1_593' title='bbox 2913 3562 3117 3615; x_wconf 78' lang='grc' dir='ltr'>ἐκείνου</span> <span class='ocrx_word' id='word_1_594' title='bbox 3155 3563 3444 3634; x_wconf 83' lang='grc' dir='ltr'>φλυαρίαις</span> <span class='ocrx_word' id='word_1_595' title='bbox 3467 3565 3738 3634; x_wconf 63' lang='grc' dir='ltr'>ἐρρῶσθαι</span> 
     </span>
    </p>
   </div>
   <div class='ocr_carea' id='block_1_80' title="bbox 2174 3651 3733 3726">
    <p class='ocr_par' dir='ltr' id='par_1_80' title="bbox 2174 3651 3733 3726">
     <span class='ocr_line' id='line_1_80' title="bbox 2174 3651 3733 3726; baseline 0.004 -24"><span class='ocrx_word' id='word_1_596' title='bbox 2174 3652 2481 3723; x_wconf 79' lang='grc' dir='ltr'>φράσαντες</span> <span class='ocrx_word' id='word_1_597' title='bbox 2505 3691 2517 3712; x_wconf 93' lang='grc'><strong>,</strong></span> <span class='ocrx_word' id='word_1_598' title='bbox 2550 3653 2643 3704; x_wconf 64' lang='grc' dir='ltr'><strong>κοιλ¹</strong></span> <span class='ocrx_word' id='word_1_599' title='bbox 2680 3651 2741 3704; x_wconf 83' lang='grc' dir='ltr'><strong>τὸ</strong></span> <span class='ocrx_word' id='word_1_600' title='bbox 2776 3653 3127 3706; x_wconf 84' lang='grc' dir='ltr'>άποστολικὸν</span> <span class='ocrx_word' id='word_1_601' title='bbox 3161 3654 3337 3708; x_wconf 83' lang='grc' dir='ltr'>ἐκεῖνο</span> <span class='ocrx_word' id='word_1_602' title='bbox 3379 3655 3733 3726; x_wconf 83' lang='grc' dir='ltr'>προσθέντες’</span> 
     </span>
    </p>
   </div>
   <div class='ocr_carea' id='block_1_81' title="bbox 2181 3743 3737 3816">
    <p class='ocr_par' dir='ltr' id='par_1_81' title="bbox 2181 3743 3737 3816">
     <span class='ocr_line' id='line_1_81' title="bbox 2181 3743 3737 3816; baseline 0.004 -22"><span class='ocrx_word' id='word_1_603' title='bbox 2181 3762 2198 3793; x_wconf 77' lang='grc' dir='ltr'><strong>ι</strong></span> <span class='ocrx_word' id='word_1_604' title='bbox 2234 3743 2312 3794; x_wconf 86' lang='grc' dir='ltr'><strong>Τὰ</strong></span> <span class='ocrx_word' id='word_1_605' title='bbox 2343 3743 2589 3812; x_wconf 84' lang='grc' dir='ltr'>νοήματά</span> <span class='ocrx_word' id='word_1_606' title='bbox 2622 3761 2713 3795; x_wconf 89' lang='grc' dir='ltr'><strong>σου</strong></span> <span class='ocrx_word' id='word_1_607' title='bbox 2749 3745 2844 3796; x_wconf 74' lang='grc' dir='ltr'><strong>σὺν</strong></span> <span class='ocrx_word' id='word_1_608' title='bbox 2891 3745 2970 3796; x_wconf 75' lang='grc' dir='ltr'><strong>σοὶ</strong></span> <span class='ocrx_word' id='word_1_609' title='bbox 3015 3748 3101 3816; x_wconf 76' lang='grc' dir='ltr'>εἴη</span> <span class='ocrx_word' id='word_1_610' title='bbox 3136 3748 3215 3809; x_wconf 82' lang='grc' dir='ltr'><strong>εἰς</strong></span> <span class='ocrx_word' id='word_1_611' title='bbox 3248 3746 3552 3813; x_wconf 84' lang='grc' dir='ltr'>ἀπώλειαν,</span> <span class='ocrx_word' id='word_1_612' title='bbox 3590 3767 3607 3800; x_wconf 76' lang='grc' dir='ltr'><strong>ι</strong></span> <span class='ocrx_word' id='word_1_613' title='bbox 3646 3748 3737 3800; x_wconf 74' lang='grc' dir='ltr'><strong>ἐπὶ</strong></span> 
     </span>
    </p>
   </div>
   <div class='ocr_carea' id='block_1_82' title="bbox 2173 3834 3737 3908">
    <p class='ocr_par' dir='ltr' id='par_1_82' title="bbox 2173 3834 3737 3908">
     <span class='ocr_line' id='line_1_82' title="bbox 2173 3834 3737 3908; baseline 0.004 -23"><span class='ocrx_word' id='word_1_614' title='bbox 2173 3834 2267 3903; x_wconf 82' lang='grc' dir='ltr'><strong>τὴν</strong></span> <span class='ocrx_word' id='word_1_615' title='bbox 2285 3835 2547 3903; x_wconf 83' lang='grc' dir='ltr'>ὀρθότητα</span> <span class='ocrx_word' id='word_1_616' title='bbox 2574 3834 2680 3887; x_wconf 76' lang='grc' dir='ltr'><strong>τῶν</strong></span> <span class='ocrx_word' id='word_1_617' title='bbox 2706 3835 2988 3905; x_wconf 89' lang='grc' dir='ltr'>δογμάτων</span> <span class='ocrx_word' id='word_1_618' title='bbox 3004 3838 3380 3908; x_wconf 82' lang='grc' dir='ltr'>δραμούμεθα,</span> <span class='ocrx_word' id='word_1_619' title='bbox 3402 3840 3494 3893; x_wconf 77' lang='grc' dir='ltr'>καὶ</span> <span class='ocrx_word' id='word_1_620' title='bbox 3517 3840 3575 3892; x_wconf 69' lang='grc' dir='ltr'>οὐ</span> <span class='ocrx_word' id='word_1_621' title='bbox 3599 3839 3737 3902; x_wconf 74' lang='grc' dir='ltr'>ζῶον</span> 
     </span>
    </p>
   </div>
   <div class='ocr_carea' id='block_1_83' title="bbox 2174 3925 3736 4000">
    <p class='ocr_par' dir='ltr' id='par_1_83' title="bbox 2174 3925 3736 4000">
     <span class='ocr_line' id='line_1_83' title="bbox 2174 3925 3736 4000; baseline 0.005 -23"><span class='ocrx_word' id='word_1_622' title='bbox 2174 3926 2291 3977; x_wconf 78' lang='grc' dir='ltr'>κατ’</span> <span class='ocrx_word' id='word_1_623' title='bbox 2329 3925 2591 3988; x_wconf 81' lang='grc' dir='ltr'>ἐκείνους,</span> <span class='ocrx_word' id='word_1_624' title='bbox 2619 3926 2753 3979; x_wconf 84' lang='grc' dir='ltr'><strong>ἀλλά</strong></span> <span class='ocrx_word' id='word_1_625' title='bbox 2788 3928 2934 3999; x_wconf 77' lang='grc' dir='ltr'>ζωὴν</span> <span class='ocrx_word' id='word_1_626' title='bbox 2968 3929 3199 3999; x_wconf 72' lang='grc' dir='ltr'>ἐροῦμεν</span> <span class='ocrx_word' id='word_1_627' title='bbox 3229 3932 3316 3983; x_wconf 81' lang='grc' dir='ltr'><strong>τὸν</strong></span> <span class='ocrx_word' id='word_1_628' title='bbox 3349 3932 3573 4000; x_wconf 83' lang='grc' dir='ltr'>Κύριον,</span> <span class='ocrx_word' id='word_1_629' title='bbox 3605 3930 3736 3995; x_wconf 69' lang='grc' dir='ltr'>ζωοε</span> 
     </span>
    </p>
   </div>
   <div class='ocr_carea' id='block_1_84' title="bbox 2171 4011 3733 4088">
    <p class='ocr_par' dir='ltr' id='par_1_84' title="bbox 2171 4011 3733 4088">
     <span class='ocr_line' id='line_1_84' title="bbox 2171 4011 3733 4088; baseline 0.007 -25"><span class='ocrx_word' id='word_1_630' title='bbox 2171 4011 2434 4080; x_wconf 82' lang='grc' dir='ltr'>γονοῦσαν</span> <span class='ocrx_word' id='word_1_631' title='bbox 2462 4014 2529 4065; x_wconf 77' lang='grc' dir='ltr'>τὰ</span> <span class='ocrx_word' id='word_1_632' title='bbox 2565 4015 2739 4068; x_wconf 84' lang='grc' dir='ltr'>πάντα</span> <span class='ocrx_word' id='word_1_633' title='bbox 2784 4016 2858 4078; x_wconf 83' lang='grc' dir='ltr'><strong>ὡς</strong></span> <span class='ocrx_word' id='word_1_634' title='bbox 2895 4018 2951 4069; x_wconf 80' lang='grc' dir='ltr'><strong>ἐν</strong></span> <span class='ocrx_word' id='word_1_635' title='bbox 2986 4017 3131 4088; x_wconf 81' lang='grc' dir='ltr'>αὐτῷ</span> <span class='ocrx_word' id='word_1_636' title='bbox 3161 4020 3423 4073; x_wconf 81' lang='grc' dir='ltr'>κινεῖσθαι</span> <span class='ocrx_word' id='word_1_637' title='bbox 3453 4021 3544 4074; x_wconf 76' lang='grc' dir='ltr'><strong>καὶ</strong></span> <span class='ocrx_word' id='word_1_638' title='bbox 3573 4017 3733 4087; x_wconf 78' lang='grc' dir='ltr'>εἶναι,</span> 
     </span>
    </p>
   </div>
   <div class='ocr_carea' id='block_1_85' title="bbox 2174 4105 2905 4178">
    <p class='ocr_par' dir='ltr' id='par_1_85' title="bbox 2174 4105 2905 4178">
     <span class='ocr_line' id='line_1_85' title="bbox 2174 4105 2905 4178; baseline 0.004 -21"><span class='ocrx_word' id='word_1_639' title='bbox 2174 4105 2315 4157; x_wconf 87' lang='grc' dir='ltr'><strong>κατά</strong></span> <span class='ocrx_word' id='word_1_640' title='bbox 2339 4105 2436 4175; x_wconf 81' lang='grc' dir='ltr'>τὴν</span> <span class='ocrx_word' id='word_1_641' title='bbox 2462 4105 2676 4159; x_wconf 78' lang='grc' dir='ltr'>Παύλου</span> <span class='ocrx_word' id='word_1_642' title='bbox 2706 4110 2905 4178; x_wconf 81' lang='grc' dir='ltr'>φωνήν.</span> 
     </span>
    </p>
   </div>
   <div class='ocr_carea' id='block_1_86' title="bbox 2669 4242 3258 4309">
    <p class='ocr_par' dir='ltr' id='par_1_86' title="bbox 2669 4242 3258 4309">
     <span class='ocr_line' id='line_1_86' title="bbox 2669 4242 3258 4309; baseline 0.012 -17"><span class='ocrx_word' id='word_1_643' title='bbox 2669 4242 2871 4308; x_wconf 83' lang='grc' dir='ltr'><strong>ΑΛΛΟ,</strong></span> <span class='ocrx_word' id='word_1_644' title='bbox 2896 4244 2982 4309; x_wconf 81' lang='grc' dir='ltr'>εὶς</span> <span class='ocrx_word' id='word_1_645' title='bbox 3004 4244 3069 4297; x_wconf 79' lang='grc' dir='ltr'><strong>τὸ</strong></span> <span class='ocrx_word' id='word_1_646' title='bbox 3093 4246 3258 4299; x_wconf 81' lang='grc' dir='ltr'>αὐτό.</span> 
     </span>
    </p>
   </div>
   <div class='ocr_carea' id='block_1_87' title="bbox 564 4372 2065 4451">
    <p class='ocr_par' dir='ltr' id='par_1_87' title="bbox 564 4374 2065 4450">
     <span class='ocr_line' id='line_1_87' title="bbox 564 4374 2065 4450; baseline 0.003 -24"><span class='ocrx_word' id='word_1_647' title='bbox 564 4374 786 4428; x_wconf 79' lang='lat' dir='ltr'><strong>Sacram</strong></span> <span class='ocrx_word' id='word_1_648' title='bbox 844 4375 1178 4444; x_wconf 71' lang='lat' dir='ltr'><strong>Scripturam</strong></span> <span class='ocrx_word' id='word_1_649' title='bbox 1227 4378 1420 4431; x_wconf 89' lang='lat' dir='ltr'><strong>Filium</strong></span> <span class='ocrx_word' id='word_1_650' title='bbox 1470 4393 1662 4430; x_wconf 89' lang='lat' dir='ltr'><strong>vocare</strong></span> <span class='ocrx_word' id='word_1_651' title='bbox 1715 4376 1948 4431; x_wconf 84' lang='lat' dir='ltr'><strong>Verbum</strong></span> <span class='ocrx_word' id='word_1_652' title='bbox 1988 4377 2065 4450; x_wconf 68' lang='grc'>⁸⁸,</span> 
     </span>
    </p>
   </div>
   <div class='ocr_carea' id='block_1_88' title="bbox 2166 4372 3740 4451">
    <p class='ocr_par' dir='ltr' id='par_1_88' title="bbox 2248 4372 3740 4451">
     <span class='ocr_line' id='line_1_88' title="bbox 2248 4372 3740 4451; baseline 0.007 -28"><span class='ocrx_word' id='word_1_653' title='bbox 2248 4372 2416 4439; x_wconf 86' lang='grc' dir='ltr'>Λόγον</span> <span class='ocrx_word' id='word_1_654' title='bbox 2446 4374 2477 4442; x_wconf 83' lang='grc' dir='ltr'><strong>ἡ</strong></span> <span class='ocrx_word' id='word_1_655' title='bbox 2516 4372 2636 4425; x_wconf 83' lang='grc' dir='ltr'>Θεία</span> <span class='ocrx_word' id='word_1_656' title='bbox 2654 4374 2843 4443; x_wconf 85' lang='grc' dir='ltr'>Γραφὴ</span> <span class='ocrx_word' id='word_1_657' title='bbox 2871 4375 2963 4429; x_wconf 81' lang='grc' dir='ltr'><strong>τὸν</strong></span> <span class='ocrx_word' id='word_1_658' title='bbox 2998 4377 3125 4429; x_wconf 80' lang='grc' dir='ltr'>Υίὸν</span> <span class='ocrx_word' id='word_1_659' title='bbox 3158 4378 3466 4448; x_wconf 80' lang='grc' dir='ltr'>ὀνομάζειν,</span> <span class='ocrx_word' id='word_1_660' title='bbox 3490 4382 3583 4433; x_wconf 71' lang='grc' dir='ltr'>καὶ</span> <span class='ocrx_word' id='word_1_661' title='bbox 3615 4398 3740 4451; x_wconf 73' lang='grc' dir='ltr'><strong>προ⁶</strong></span> 
     </span>
    </p>
   </div>
   <div class='ocr_carea' id='block_1_89' title="bbox 494 4463 2071 4538">
    <p class='ocr_par' dir='ltr' id='par_1_89' title="bbox 494 4463 2071 4538">
     <span class='ocr_line' id='line_1_89' title="bbox 494 4463 2071 4538; baseline 0.002 -19"><span class='ocrx_word' id='word_1_662' title='bbox 494 4463 595 4519; x_wconf 88' lang='lat' dir='ltr'><strong>hoc</strong></span> <span class='ocrx_word' id='word_1_663' title='bbox 641 4473 746 4531; x_wconf 89' lang='lat' dir='ltr'><strong>est,</strong></span> <span class='ocrx_word' id='word_1_664' title='bbox 804 4467 1163 4536; x_wconf 83' lang='lat' dir='ltr'><strong>prolationem</strong></span> <span class='ocrx_word' id='word_1_665' title='bbox 1228 4469 1493 4538; x_wconf 83' lang='lat' dir='ltr'><strong>ejusmodi</strong></span> <span class='ocrx_word' id='word_1_666' title='bbox 1560 4470 1845 4521; x_wconf 83' lang='lat' dir='ltr'><strong>verborum</strong></span> <span class='ocrx_word' id='word_1_667' title='bbox 1893 4468 2071 4536; x_wconf 87' lang='lat' dir='ltr'><strong>qualia</strong></span> 
     </span>
    </p>
   </div>
   <div class='ocr_carea' id='block_1_90' title="bbox 495 4557 2074 4628">
    <p class='ocr_par' dir='ltr' id='par_1_90' title="bbox 495 4557 2074 4628">
     <span class='ocr_line' id='line_1_90' title="bbox 495 4557 2074 4628; baseline 0.001 -17"><span class='ocrx_word' id='word_1_668' title='bbox 495 4566 624 4611; x_wconf 90' lang='lat' dir='ltr'><strong>sunt</strong></span> <span class='ocrx_word' id='word_1_669' title='bbox 650 4557 903 4621; x_wconf 87' lang='lat' dir='ltr'><strong>humana,</strong></span> <span class='ocrx_word' id='word_1_670' title='bbox 949 4563 1273 4614; x_wconf 89' lang='lat' dir='ltr'><strong>temerarius</strong></span> <span class='ocrx_word' id='word_1_671' title='bbox 1318 4561 1417 4613; x_wconf 81' lang='lat' dir='ltr'><strong>iStc</strong></span> <span class='ocrx_word' id='word_1_672' title='bbox 1454 4575 1514 4612; x_wconf 89' lang='lat' dir='ltr'><strong>ac</strong></span> <span class='ocrx_word' id='word_1_673' title='bbox 1541 4560 1831 4628; x_wconf 75' lang='lat' dir='ltr'><strong>praeclarus</strong></span> <span class='ocrx_word' id='word_1_674' title='bbox 1866 4559 2074 4613; x_wconf 86' lang='lat' dir='ltr'><strong>scilicet</strong></span> 
     </span>
    </p>
   </div>
   <div class='ocr_carea' id='block_1_91' title="bbox 493 4648 2074 4722">
    <p class='ocr_par' dir='ltr' id='par_1_91' title="bbox 493 4648 2074 4722">
     <span class='ocr_line' id='line_1_91' title="bbox 493 4648 2074 4722; baseline 0.001 -20"><span class='ocrx_word' id='word_1_675' title='bbox 493 4664 812 4704; x_wconf 86' lang='lat' dir='ltr'><strong>arcanorum</strong></span> <span class='ocrx_word' id='word_1_676' title='bbox 865 4648 957 4703; x_wconf 92' lang='lat' dir='ltr'><strong>Dei</strong></span> <span class='ocrx_word' id='word_1_677' title='bbox 1006 4652 1278 4720; x_wconf 84' lang='lat' dir='ltr'><strong>interpres</strong></span> <span class='ocrx_word' id='word_1_678' title='bbox 1326 4652 1686 4722; x_wconf 80' lang='lat' dir='ltr'><strong>imaginatur:</strong></span> <span class='ocrx_word' id='word_1_679' title='bbox 1732 4666 1836 4703; x_wconf 90' lang='lat' dir='ltr'><strong>non</strong></span> <span class='ocrx_word' id='word_1_680' title='bbox 1878 4650 2074 4704; x_wconf 85' lang='lat' dir='ltr'><strong>intelli-</strong></span> 
     </span>
    </p>
   </div>
   <div class='ocr_carea' id='block_1_92' title="bbox 494 4741 2071 4810">
    <p class='ocr_par' dir='ltr' id='par_1_92' title="bbox 494 4741 2071 4810">
     <span class='ocr_line' id='line_1_92' title="bbox 494 4741 2071 4810; baseline 0 -15"><span class='ocrx_word' id='word_1_681' title='bbox 494 4758 625 4808; x_wconf 78' lang='lat' dir='ltr'><strong>gens</strong></span> <span class='ocrx_word' id='word_1_682' title='bbox 665 4742 806 4810; x_wconf 89' lang='lat' dir='ltr'><strong>quod</strong></span> <span class='ocrx_word' id='word_1_683' title='bbox 841 4757 1007 4796; x_wconf 73' lang='lat' dir='ltr'><strong>sacra:</strong></span> <span class='ocrx_word' id='word_1_684' title='bbox 1032 4741 1253 4796; x_wconf 65' lang='lat' dir='ltr'><strong>Litterae</strong></span> <span class='ocrx_word' id='word_1_685' title='bbox 1279 4742 1425 4795; x_wconf 88' lang='lat' dir='ltr'><strong>illum</strong></span> <span class='ocrx_word' id='word_1_686' title='bbox 1473 4744 1540 4795; x_wconf 86' lang='lat' dir='ltr'><strong>ita</strong></span> <span class='ocrx_word' id='word_1_687' title='bbox 1590 4757 1655 4796; x_wconf 81' lang='lat' dir='ltr'><strong>ex</strong></span> <span class='ocrx_word' id='word_1_688' title='bbox 1700 4751 1881 4796; x_wconf 80' lang='lat' dir='ltr'><strong>nostro</strong></span> <span class='ocrx_word' id='word_1_689' title='bbox 1918 4755 2071 4795; x_wconf 88' lang='lat' dir='ltr'><strong>more</strong></span> 
     </span>
    </p>
   </div>
   <div class='ocr_carea' id='block_1_93' title="bbox 494 4832 2067 4901">
    <p class='ocr_par' dir='ltr' id='par_1_93' title="bbox 494 4832 2067 4901">
     <span class='ocr_line' id='line_1_93' title="bbox 494 4832 2067 4901; baseline 0.003 -20"><span class='ocrx_word' id='word_1_690' title='bbox 494 4833 784 4899; x_wconf 82' lang='lat' dir='ltr'><strong>appellent.</strong></span> <span class='ocrx_word' id='word_1_691' title='bbox 822 4832 1083 4901; x_wconf 85' lang='lat' dir='ltr'><strong>Loquitur</strong></span> <span class='ocrx_word' id='word_1_692' title='bbox 1111 4834 1255 4885; x_wconf 88' lang='lat' dir='ltr'><strong>enim</strong></span> <span class='ocrx_word' id='word_1_693' title='bbox 1291 4832 1452 4888; x_wconf 86' lang='lat' dir='ltr'><strong>Pater</strong></span> <span class='ocrx_word' id='word_1_694' title='bbox 1483 4849 1679 4888; x_wconf 88' lang='lat' dir='ltr'><strong>arcane</strong></span> <span class='ocrx_word' id='word_1_695' title='bbox 1726 4844 1886 4901; x_wconf 90' lang='lat' dir='ltr'><strong>atque</strong></span> <span class='ocrx_word' id='word_1_696' title='bbox 1931 4832 2067 4886; x_wconf 85' lang='lat' dir='ltr'><strong>inef-</strong></span> 
     </span>
    </p>
   </div>
   <div class='ocr_carea' id='block_1_94' title="bbox 495 4922 2073 4988">
    <p class='ocr_par' dir='ltr' id='par_1_94' title="bbox 495 4922 2073 4988">
     <span class='ocr_line' id='line_1_94' title="bbox 495 4922 2073 4988; baseline 0.002 -16"><span class='ocrx_word' id='word_1_697' title='bbox 495 4922 725 4974; x_wconf 81' lang='lat' dir='ltr'><strong>l’ahilitcr</strong></span> <span class='ocrx_word' id='word_1_698' title='bbox 753 4922 817 4975; x_wconf 88' lang='lat' dir='ltr'><strong>ad</strong></span> <span class='ocrx_word' id='word_1_699' title='bbox 865 4922 1086 4988; x_wconf 86' lang='lat' dir='ltr'><strong>Filium,</strong></span> <span class='ocrx_word' id='word_1_700' title='bbox 1135 4924 1218 4975; x_wconf 88' lang='lat' dir='ltr'><strong>cui</strong></span> <span class='ocrx_word' id='word_1_701' title='bbox 1271 4926 1589 4978; x_wconf 72' lang='lat' dir='ltr'><strong>naturaliter</strong></span> <span class='ocrx_word' id='word_1_702' title='bbox 1617 4924 1869 4977; x_wconf 77' lang='lat' dir='ltr'><strong>voluntas</strong></span> <span class='ocrx_word' id='word_1_703' title='bbox 1898 4922 2073 4975; x_wconf 81' lang='lat' dir='ltr'><strong>Patris</strong></span> 
     </span>
    </p>
   </div>
   <div class='ocr_carea' id='block_1_95' title="bbox 494 5010 2071 5079">
    <p class='ocr_par' dir='ltr' id='par_1_95' title="bbox 494 5010 2071 5079">
     <span class='ocr_line' id='line_1_95' title="bbox 494 5010 2071 5079; baseline 0.001 -20"><span class='ocrx_word' id='word_1_704' title='bbox 494 5012 704 5076; x_wconf 88' lang='lat' dir='ltr'><strong>cognita</strong></span> <span class='ocrx_word' id='word_1_705' title='bbox 734 5020 838 5072; x_wconf 86' lang='lat' dir='ltr'><strong>est,</strong></span> <span class='ocrx_word' id='word_1_706' title='bbox 868 5026 1042 5079; x_wconf 90' lang='lat' dir='ltr'><strong>neque</strong></span> <span class='ocrx_word' id='word_1_707' title='bbox 1070 5021 1347 5079; x_wconf 78' lang='lat' dir='ltr'><strong>exspectat</strong></span> <span class='ocrx_word' id='word_1_708' title='bbox 1395 5028 1724 5073; x_wconf 87' lang='lat' dir='ltr'><strong>sermonem,</strong></span> <span class='ocrx_word' id='word_1_709' title='bbox 1754 5013 1843 5079; x_wconf 87' lang='lat' dir='ltr'><strong>qui</strong></span> <span class='ocrx_word' id='word_1_710' title='bbox 1894 5010 2071 5064; x_wconf 89' lang='lat' dir='ltr'><strong>occul-</strong></span> 
     </span>
    </p>
   </div>
   <div class='ocr_carea' id='block_1_96' title="bbox 494 5097 2064 5172">
    <p class='ocr_par' dir='ltr' id='par_1_96' title="bbox 494 5097 2064 5172">
     <span class='ocr_line' id='line_1_96' title="bbox 494 5097 2064 5172; baseline 0.004 -24"><span class='ocrx_word' id='word_1_711' title='bbox 494 5106 602 5148; x_wconf 89' lang='lat' dir='ltr'><strong>tam</strong></span> <span class='ocrx_word' id='word_1_712' title='bbox 658 5097 799 5152; x_wconf 91' lang='lat' dir='ltr'><strong>illius</strong></span> <span class='ocrx_word' id='word_1_713' title='bbox 851 5102 1174 5155; x_wconf 88' lang='lat' dir='ltr'><strong>voluntatem</strong></span> <span class='ocrx_word' id='word_1_714' title='bbox 1225 5103 1475 5172; x_wconf 75' lang='lat' dir='ltr'><strong>explicet.</strong></span> <span class='ocrx_word' id='word_1_715' title='bbox 1512 5102 1736 5168; x_wconf 89' lang='lat' dir='ltr'><strong>Quando</strong></span> <span class='ocrx_word' id='word_1_716' title='bbox 1782 5103 1948 5169; x_wconf 85' lang='lat' dir='ltr'><strong>igitur</strong></span> <span class='ocrx_word' id='word_1_717' title='bbox 1997 5104 2064 5154; x_wconf 90' lang='lat' dir='ltr'><strong>de</strong></span> 
     </span>
    </p>
   </div>
   <div class='ocr_carea' id='block_1_97' title="bbox 494 5187 2067 5263">
    <p class='ocr_par' dir='ltr' id='par_1_97' title="bbox 494 5187 2067 5263">
     <span class='ocr_line' id='line_1_97' title="bbox 494 5187 2067 5263; baseline 0.005 -25"><span class='ocrx_word' id='word_1_718' title='bbox 494 5187 604 5240; x_wconf 81' lang='lat' dir='ltr'><strong>Deo</strong></span> <span class='ocrx_word' id='word_1_719' title='bbox 629 5187 828 5244; x_wconf 89' lang='lat' dir='ltr'><strong>dicitur</strong></span> <span class='ocrx_word' id='word_1_720' title='bbox 853 5192 970 5245; x_wconf 91' lang='lat' dir='ltr'><strong>sive</strong></span> <span class='ocrx_word' id='word_1_721' title='bbox 1008 5196 1331 5262; x_wconf 66' lang='lat' dir='ltr'><strong>prwdicatur</strong></span> <span class='ocrx_word' id='word_1_722' title='bbox 1358 5195 1557 5260; x_wconf 79' lang='lat' dir='ltr'><strong>aliqtnd</strong></span> <span class='ocrx_word' id='word_1_723' title='bbox 1589 5209 1775 5248; x_wconf 89' lang='lat' dir='ltr'><strong>eorum</strong></span> <span class='ocrx_word' id='word_1_724' title='bbox 1810 5209 1929 5263; x_wconf 73' lang='lat' dir='ltr'><strong>qua:</strong></span> <span class='ocrx_word' id='word_1_725' title='bbox 1972 5195 2067 5246; x_wconf 90' lang='lat' dir='ltr'><strong>ho-</strong></span> 
     </span>
    </p>
   </div>
   <div class='ocr_carea' id='block_1_98' title="bbox 493 5271 2061 5343">
    <p class='ocr_par' dir='ltr' id='par_1_98' title="bbox 493 5271 2061 5343">
     <span class='ocr_line' id='line_1_98' title="bbox 493 5271 2061 5343; baseline 0.009 -22"><span class='ocrx_word' id='word_1_726' title='bbox 493 5271 727 5327; x_wconf 89' lang='lat' dir='ltr'><strong>minibus</strong></span> <span class='ocrx_word' id='word_1_727' title='bbox 757 5277 937 5343; x_wconf 84' lang='lat' dir='ltr'><strong>potius</strong></span> <span class='ocrx_word' id='word_1_728' title='bbox 972 5282 1320 5343; x_wconf 88' lang='lat' dir='ltr'><strong>conveniunt,</strong></span> <span class='ocrx_word' id='word_1_729' title='bbox 1360 5282 1572 5335; x_wconf 84' lang='lat' dir='ltr'><strong>auditor</strong></span> <span class='ocrx_word' id='word_1_730' title='bbox 1597 5281 1734 5334; x_wconf 87' lang='lat' dir='ltr'><strong>ultra</strong></span> <span class='ocrx_word' id='word_1_731' title='bbox 1768 5283 2061 5335; x_wconf 81' lang='lat' dir='ltr'><strong>humanum</strong></span> 
     </span>
    </p>
   </div>
   <div class='ocr_carea' id='block_1_99' title="bbox 491 5366 2063 5443">
    <p class='ocr_par' dir='ltr' id='par_1_99' title="bbox 491 5366 2063 5443">
     <span class='ocr_line' id='line_1_99' title="bbox 491 5366 2063 5443; baseline 0.01 -33"><span class='ocrx_word' id='word_1_732' title='bbox 491 5372 697 5412; x_wconf 86' lang='lat' dir='ltr'><strong>morem</strong></span> <span class='ocrx_word' id='word_1_733' title='bbox 743 5366 1119 5432; x_wconf 85' lang='lat' dir='ltr'><strong>cogitationem</strong></span> <span class='ocrx_word' id='word_1_734' title='bbox 1166 5386 1320 5424; x_wconf 84' lang='lat' dir='ltr'><strong>Suam</strong></span> <span class='ocrx_word' id='word_1_735' title='bbox 1366 5374 1560 5439; x_wconf 69' lang='lat' dir='ltr'><strong>erigat,</strong></span> <span class='ocrx_word' id='word_1_736' title='bbox 1603 5384 1654 5427; x_wconf 91' lang='lat' dir='ltr'><strong>et</strong></span> <span class='ocrx_word' id='word_1_737' title='bbox 1703 5373 1768 5427; x_wconf 89' lang='lat' dir='ltr'><strong>ad</strong></span> <span class='ocrx_word' id='word_1_738' title='bbox 1810 5376 2063 5443; x_wconf 84' lang='lat' dir='ltr'><strong>spiritua-</strong></span> 
     </span>
    </p>
   </div>
   <div class='ocr_carea' id='block_1_100' title="bbox 562 5530 2209 5617">
    <p class='ocr_par' dir='ltr' id='par_1_100' title="bbox 562 5530 2209 5617">
     <span class='ocr_line' id='line_1_100' title="bbox 562 5530 2209 5617; baseline 0.017 -35"><span class='ocrx_word' id='word_1_739' title='bbox 562 5532 607 5617; x_wconf 74' lang='lat'><strong>”_</strong></span> <span class='ocrx_word' id='word_1_740' title='bbox 631 5530 766 5587; x_wconf 86' lang='lat' dir='ltr'><strong>Gen.</strong></span> <span class='ocrx_word' id='word_1_741' title='bbox 796 5538 946 5600; x_wconf 75' lang='lat'><strong>1,26.</strong></span> <span class='ocrx_word' id='word_1_742' title='bbox 1025 5544 1069 5574; x_wconf 77' lang='grc' dir='ltr'><strong>⁸ο</strong></span> <span class='ocrx_word' id='word_1_743' title='bbox 1104 5543 1299 5600; x_wconf 84' lang='lat' dir='ltr'><strong>Ezecb.</strong></span> <span class='ocrx_word' id='word_1_744' title='bbox 1338 5563 1534 5613; x_wconf 67' lang='grc' dir='ltr'>χχχιιι,</span> <span class='ocrx_word' id='word_1_745' title='bbox 1574 5551 1657 5606; x_wconf 80' lang='lat' dir='ltr'><strong>ii.</strong></span> <span class='ocrx_word' id='word_1_746' title='bbox 1738 5551 1779 5583; x_wconf 82' lang='lat'>“</span> <span class='ocrx_word' id='word_1_747' title='bbox 1815 5552 1931 5606; x_wconf 77' lang='lat' dir='ltr'><strong>Act.</strong></span> <span class='ocrx_word' id='word_1_748' title='bbox 1974 5568 2087 5617; x_wconf 88' lang='lat' dir='ltr'><strong>vnt,</strong></span> <span class='ocrx_word' id='word_1_749' title='bbox 2120 5551 2209 5607; x_wconf 77' lang='lat'><strong>‘20.</strong></span> 
     </span>
    </p>
   </div>
   <div class='ocr_carea' id='block_1_101' title="bbox 513 5604 794 5674">
    <p class='ocr_par' dir='ltr' id='par_1_101' title="bbox 513 5604 794 5674">
     <span class='ocr_line' id='line_1_101' title="bbox 513 5604 794 5674; baseline -0.004 -15"><span class='ocrx_word' id='word_1_750' title='bbox 513 5618 552 5669; x_wconf 82' lang='grc' dir='ltr'><strong>ι,</strong></span> <span class='ocrx_word' id='word_1_751' title='bbox 591 5604 608 5657; x_wconf 81' lang='lat' dir='ltr'><strong>i</strong></span> <span class='ocrx_word' id='word_1_752' title='bbox 642 5619 794 5674; x_wconf 81' lang='lat' dir='ltr'><strong>seqq.</strong></span> 
     </span>
    </p>
   </div>
   <div class='ocr_carea' id='block_1_102' title="bbox 2174 4463 3735 4542">
    <p class='ocr_par' dir='ltr' id='par_1_102' title="bbox 2174 4463 3735 4542">
     <span class='ocr_line' id='line_1_102' title="bbox 2174 4463 3735 4542; baseline 0.007 -27"><span class='ocrx_word' id='word_1_753' title='bbox 2174 4463 2345 4533; x_wconf 80' lang='grc' dir='ltr'>φοράν</span> <span class='ocrx_word' id='word_1_754' title='bbox 2381 4466 2640 4534; x_wconf 77' lang='grc' dir='ltr'>ῥημάτων</span> <span class='ocrx_word' id='word_1_755' title='bbox 2676 4465 2928 4518; x_wconf 84' lang='grc' dir='ltr'>τοιούτων</span> <span class='ocrx_word' id='word_1_756' title='bbox 2967 4469 3125 4521; x_wconf 83' lang='grc' dir='ltr'>ὁποῖά</span> <span class='ocrx_word' id='word_1_757' title='bbox 3155 4470 3269 4521; x_wconf 80' lang='grc' dir='ltr'>ἐστι</span> <span class='ocrx_word' id='word_1_758' title='bbox 3298 4470 3364 4523; x_wconf 78' lang='grc' dir='ltr'>τὰ</span> <span class='ocrx_word' id='word_1_759' title='bbox 3402 4470 3735 4542; x_wconf 84' lang='grc' dir='ltr'>ἀνθρώπινα,</span> 
     </span>
    </p>
   </div>
   <div class='ocr_carea' id='block_1_103' title="bbox 2173 4551 3737 4624">
    <p class='ocr_par' dir='ltr' id='par_1_103' title="bbox 2173 4551 3737 4624">
     <span class='ocr_line' id='line_1_103' title="bbox 2173 4551 3737 4624; baseline 0.008 -22"><span class='ocrx_word' id='word_1_760' title='bbox 2173 4551 2505 4619; x_wconf 72' lang='grc' dir='ltr'>φαντάζεται</span> <span class='ocrx_word' id='word_1_761' title='bbox 2532 4554 2692 4606; x_wconf 86' lang='grc' dir='ltr'>πάλιν</span> <span class='ocrx_word' id='word_1_762' title='bbox 2716 4557 2743 4606; x_wconf 93' lang='lat'><strong>6</strong></span> <span class='ocrx_word' id='word_1_763' title='bbox 2765 4555 2964 4624; x_wconf 83' lang='grc' dir='ltr'>γοργὸς</span> <span class='ocrx_word' id='word_1_764' title='bbox 2990 4559 3069 4619; x_wconf 85' lang='grc' dir='ltr'>εἰς</span> <span class='ocrx_word' id='word_1_765' title='bbox 3091 4557 3347 4611; x_wconf 77' lang='grc' dir='ltr'>ἀϐουλίαν</span> <span class='ocrx_word' id='word_1_766' title='bbox 3378 4562 3469 4613; x_wconf 79' lang='grc' dir='ltr'><strong>καὶ</strong></span> <span class='ocrx_word' id='word_1_767' title='bbox 3495 4562 3737 4624; x_wconf 87' lang='grc' dir='ltr'>νεανικὸς</span> 
     </span>
    </p>
   </div>
   <div class='ocr_carea' id='block_1_104' title="bbox 2172 4645 3737 4721">
    <p class='ocr_par' dir='ltr' id='par_1_104' title="bbox 2172 4645 3737 4721">
     <span class='ocr_line' id='line_1_104' title="bbox 2172 4645 3737 4721; baseline 0.007 -26"><span class='ocrx_word' id='word_1_768' title='bbox 2172 4646 2252 4706; x_wconf 88' lang='grc' dir='ltr'><strong>είς</strong></span> <span class='ocrx_word' id='word_1_769' title='bbox 2284 4645 2343 4696; x_wconf 78' lang='grc' dir='ltr'><strong>τὸ</strong></span> <span class='ocrx_word' id='word_1_770' title='bbox 2386 4646 2461 4715; x_wconf 83' lang='grc' dir='ltr'>μὴ</span> <span class='ocrx_word' id='word_1_771' title='bbox 2490 4648 2627 4698; x_wconf 85' lang='grc' dir='ltr'>νοεῖν</span> <span class='ocrx_word' id='word_1_772' title='bbox 2671 4647 2844 4715; x_wconf 76' lang='grc' dir='ltr'>ὀρθῶς</span> <span class='ocrx_word' id='word_1_773' title='bbox 2871 4648 2941 4700; x_wconf 79' lang='grc' dir='ltr'><strong>τά</strong></span> <span class='ocrx_word' id='word_1_774' title='bbox 2971 4648 3087 4701; x_wconf 82' lang='grc' dir='ltr'>Θεῖα</span> <span class='ocrx_word' id='word_1_775' title='bbox 3120 4652 3391 4721; x_wconf 81' lang='grc' dir='ltr'>μυστήρια</span> <span class='ocrx_word' id='word_1_776' title='bbox 3412 4669 3423 4681; x_wconf 90' lang='grc'>·</span> <span class='ocrx_word' id='word_1_777' title='bbox 3459 4653 3558 4704; x_wconf 84' lang='grc' dir='ltr'><strong>οὐκ</strong></span> <span class='ocrx_word' id='word_1_778' title='bbox 3583 4652 3737 4716; x_wconf 78' lang='grc' dir='ltr'>εἰδὼς</span> 
     </span>
    </p>
   </div>
   <div class='ocr_carea' id='block_1_105' title="bbox 2174 4735 3737 4812">
    <p class='ocr_par' dir='ltr' id='par_1_105' title="bbox 2174 4735 3737 4812">
     <span class='ocr_line' id='line_1_105' title="bbox 2174 4735 3737 4812; baseline 0.007 -26"><span class='ocrx_word' id='word_1_779' title='bbox 2174 4735 2255 4787; x_wconf 86' lang='grc' dir='ltr'>ὅτι</span> <span class='ocrx_word' id='word_1_780' title='bbox 2291 4736 2429 4788; x_wconf 83' lang='grc' dir='ltr'><strong>κατά</strong></span> <span class='ocrx_word' id='word_1_781' title='bbox 2463 4737 2562 4805; x_wconf 80' lang='grc' dir='ltr'>μὲν</span> <span class='ocrx_word' id='word_1_782' title='bbox 2592 4738 2688 4808; x_wconf 80' lang='grc' dir='ltr'><strong>τὴν</strong></span> <span class='ocrx_word' id='word_1_783' title='bbox 2718 4739 2996 4808; x_wconf 82' lang='grc' dir='ltr'>ἡμετέραν</span> <span class='ocrx_word' id='word_1_784' title='bbox 3042 4742 3329 4812; x_wconf 86' lang='grc' dir='ltr'>συνήθειαν</span> <span class='ocrx_word' id='word_1_785' title='bbox 3372 4743 3542 4806; x_wconf 76' lang='grc' dir='ltr'>οὕτως</span> <span class='ocrx_word' id='word_1_786' title='bbox 3576 4745 3737 4797; x_wconf 77' lang='grc' dir='ltr'>αὐτὸν</span> 
     </span>
    </p>
   </div>
   <div class='ocr_carea' id='block_1_106' title="bbox 2171 4826 3739 4906">
    <p class='ocr_par' dir='ltr' id='par_1_106' title="bbox 2171 4826 3739 4906">
     <span class='ocr_line' id='line_1_106' title="bbox 2171 4826 3739 4906; baseline 0.007 -29"><span class='ocrx_word' id='word_1_787' title='bbox 2171 4827 2227 4877; x_wconf 89' lang='grc' dir='ltr'><strong>αί</strong></span> <span class='ocrx_word' id='word_1_788' title='bbox 2268 4826 2407 4879; x_wconf 80' lang='grc' dir='ltr'>θεῖαι</span> <span class='ocrx_word' id='word_1_789' title='bbox 2444 4829 2769 4898; x_wconf 81' lang='grc' dir='ltr'>κηρύττουσι</span> <span class='ocrx_word' id='word_1_790' title='bbox 2798 4830 3029 4898; x_wconf 79' lang='grc' dir='ltr'>Γραφαί.</span> <span class='ocrx_word' id='word_1_791' title='bbox 3061 4832 3372 4901; x_wconf 78' lang='grc' dir='ltr'>Διαλέγεται</span> <span class='ocrx_word' id='word_1_792' title='bbox 3403 4834 3457 4886; x_wconf 80' lang='grc' dir='ltr'>δὲ</span> <span class='ocrx_word' id='word_1_793' title='bbox 3484 4836 3739 4906; x_wconf 64' lang='grc' dir='ltr'>ἀρρήτως</span> 
     </span>
    </p>
   </div>
   <div class='ocr_carea' id='block_1_107' title="bbox 2174 4917 3737 4991">
    <p class='ocr_par' dir='ltr' id='par_1_107' title="bbox 2174 4917 3737 4991">
     <span class='ocr_line' id='line_1_107' title="bbox 2174 4917 3737 4991; baseline 0.006 -22"><span class='ocrx_word' id='word_1_794' title='bbox 2174 4917 2362 4988; x_wconf 85' lang='grc' dir='ltr'>Πατὴρ</span> <span class='ocrx_word' id='word_1_795' title='bbox 2391 4918 2524 4988; x_wconf 85' lang='grc' dir='ltr'>πρὸς</span> <span class='ocrx_word' id='word_1_796' title='bbox 2550 4920 2694 4983; x_wconf 85' lang='grc' dir='ltr'>Υἱὸν,</span> <span class='ocrx_word' id='word_1_797' title='bbox 2724 4919 2938 4990; x_wconf 74' lang='grc' dir='ltr'>ἔχοντος</span> <span class='ocrx_word' id='word_1_798' title='bbox 2960 4922 3122 4975; x_wconf 82' lang='grc' dir='ltr'>αὐτοῦ</span> <span class='ocrx_word' id='word_1_799' title='bbox 3149 4926 3395 4991; x_wconf 82' lang='grc' dir='ltr'>φυσικῶς</span> <span class='ocrx_word' id='word_1_800' title='bbox 3420 4927 3513 4978; x_wconf 89' lang='grc' dir='ltr'><strong>τοῦ</strong></span> <span class='ocrx_word' id='word_1_801' title='bbox 3540 4927 3737 4980; x_wconf 77' lang='grc' dir='ltr'>εἰδέναι</span> 
     </span>
    </p>
   </div>
   <div class='ocr_carea' id='block_1_108' title="bbox 2171 5008 3737 5084">
    <p class='ocr_par' dir='ltr' id='par_1_108' title="bbox 2171 5008 3737 5084">
     <span class='ocr_line' id='line_1_108' title="bbox 2171 5008 3737 5084; baseline 0.006 -24"><span class='ocrx_word' id='word_1_802' title='bbox 2171 5008 2264 5061; x_wconf 89' lang='grc' dir='ltr'><strong>τοῦ</strong></span> <span class='ocrx_word' id='word_1_803' title='bbox 2295 5009 2546 5072; x_wconf 86' lang='grc' dir='ltr'>τεκόντος</span> <span class='ocrx_word' id='word_1_804' title='bbox 2572 5010 2671 5079; x_wconf 83' lang='grc' dir='ltr'><strong>τὴν</strong></span> <span class='ocrx_word' id='word_1_805' title='bbox 2702 5010 2976 5081; x_wconf 83' lang='grc' dir='ltr'>βούλησιν,</span> <span class='ocrx_word' id='word_1_806' title='bbox 3007 5013 3067 5066; x_wconf 81' lang='grc' dir='ltr'><strong>οὐ</strong></span> <span class='ocrx_word' id='word_1_807' title='bbox 3097 5014 3253 5082; x_wconf 85' lang='grc' dir='ltr'>λόγον</span> <span class='ocrx_word' id='word_1_808' title='bbox 3274 5016 3549 5084; x_wconf 81' lang='grc' dir='ltr'>ἐκφαίνειν</span> <span class='ocrx_word' id='word_1_809' title='bbox 3575 5017 3737 5069; x_wconf 85' lang='grc' dir='ltr'>δυνά-</span> 
     </span>
    </p>
   </div>
   <div class='ocr_carea' id='block_1_109' title="bbox 2177 5101 3739 5175">
    <p class='ocr_par' dir='ltr' id='par_1_109' title="bbox 2177 5101 3739 5175">
     <span class='ocr_line' id='line_1_109' title="bbox 2177 5101 3739 5175; baseline 0.006 -23"><span class='ocrx_word' id='word_1_810' title='bbox 2177 5118 2335 5170; x_wconf 92' lang='grc' dir='ltr'>μενον</span> <span class='ocrx_word' id='word_1_811' title='bbox 2369 5101 2436 5154; x_wconf 86' lang='grc' dir='ltr'><strong>τά</strong></span> <span class='ocrx_word' id='word_1_812' title='bbox 2476 5104 2833 5172; x_wconf 84' lang='grc' dir='ltr'>κεκρυμμένα</span> <span class='ocrx_word' id='word_1_813' title='bbox 2860 5107 3244 5175; x_wconf 84' lang='grc' dir='ltr'>περιμένοντος</span> <span class='ocrx_word' id='word_1_814' title='bbox 3267 5149 3280 5173; x_wconf 89' lang='grc'><strong>,</strong></span> <span class='ocrx_word' id='word_1_815' title='bbox 3312 5108 3432 5159; x_wconf 79' lang='grc' dir='ltr'>ἐπεὶ</span> <span class='ocrx_word' id='word_1_816' title='bbox 3462 5108 3552 5159; x_wconf 75' lang='grc' dir='ltr'>καὶ</span> <span class='ocrx_word' id='word_1_817' title='bbox 3577 5110 3739 5172; x_wconf 72' lang='grc' dir='ltr'>αὐτὸς</span> 
     </span>
    </p>
   </div>
   <div class='ocr_carea' id='block_1_110' title="bbox 2173 5196 3741 5269">
    <p class='ocr_par' dir='ltr' id='par_1_110' title="bbox 2173 5196 3741 5269">
     <span class='ocr_line' id='line_1_110' title="bbox 2173 5196 3741 5269; baseline 0.006 -24"><span class='ocrx_word' id='word_1_818' title='bbox 2173 5196 2321 5246; x_wconf 82' lang='grc' dir='ltr'>ἐστιν</span> <span class='ocrx_word' id='word_1_819' title='bbox 2354 5197 2381 5247; x_wconf 94' lang='lat'><strong>6</strong></span> <span class='ocrx_word' id='word_1_820' title='bbox 2412 5196 2604 5262; x_wconf 77' lang='grc' dir='ltr'>Λόγος.</span> <span class='ocrx_word' id='word_1_821' title='bbox 2634 5196 2760 5249; x_wconf 88' lang='grc' dir='ltr'>Ὅτε</span> <span class='ocrx_word' id='word_1_822' title='bbox 2795 5198 2969 5252; x_wconf 84' lang='grc' dir='ltr'>τοίνυν</span> <span class='ocrx_word' id='word_1_823' title='bbox 3014 5201 3107 5253; x_wconf 76' lang='grc' dir='ltr'>ἐπὶ</span> <span class='ocrx_word' id='word_1_824' title='bbox 3143 5200 3278 5253; x_wconf 87' lang='grc' dir='ltr'>Θεοῦ</span> <span class='ocrx_word' id='word_1_825' title='bbox 3306 5219 3357 5252; x_wconf 86' lang='grc' dir='ltr'><strong>τι</strong></span> <span class='ocrx_word' id='word_1_826' title='bbox 3382 5202 3600 5269; x_wconf 84' lang='grc' dir='ltr'>λέγεται</span> <span class='ocrx_word' id='word_1_827' title='bbox 3632 5204 3741 5255; x_wconf 83' lang='grc' dir='ltr'>τῶν</span> 
     </span>
    </p>
   </div>
   <div class='ocr_carea' id='block_1_111' title="bbox 2169 5286 3739 5360">
    <p class='ocr_par' dir='ltr' id='par_1_111' title="bbox 2169 5286 3739 5360">
     <span class='ocr_line' id='line_1_111' title="bbox 2169 5286 3739 5360; baseline 0.002 -22"><span class='ocrx_word' id='word_1_828' title='bbox 2169 5287 2269 5338; x_wconf 81' lang='grc' dir='ltr'><strong>ὅσα</strong></span> <span class='ocrx_word' id='word_1_829' title='bbox 2318 5286 2521 5355; x_wconf 84' lang='grc' dir='ltr'>μᾶλλον</span> <span class='ocrx_word' id='word_1_830' title='bbox 2549 5286 2855 5356; x_wconf 81' lang='grc' dir='ltr'>ἀνθρώποις</span> <span class='ocrx_word' id='word_1_831' title='bbox 2886 5289 3002 5341; x_wconf 71' lang='grc' dir='ltr'>ἐστὶ</span> <span class='ocrx_word' id='word_1_832' title='bbox 3039 5290 3481 5360; x_wconf 78' lang='grc' dir='ltr'>πρεπωδέστερα,</span> <span class='ocrx_word' id='word_1_833' title='bbox 3511 5290 3739 5344; x_wconf 77' lang='grc' dir='ltr'>ἀναϐαι-</span> 
     </span>
    </p>
   </div>
   <div class='ocr_carea' id='block_1_112' title="bbox 2169 5377 3738 5452">
    <p class='ocr_par' dir='ltr' id='par_1_112' title="bbox 2169 5377 3738 5452">
     <span class='ocr_line' id='line_1_112' title="bbox 2169 5377 3738 5452; baseline 0.001 -22"><span class='ocrx_word' id='word_1_834' title='bbox 2169 5377 2304 5430; x_wconf 87' lang='grc' dir='ltr'>νέτω</span> <span class='ocrx_word' id='word_1_835' title='bbox 2356 5378 2422 5430; x_wconf 81' lang='grc' dir='ltr'><strong>τά</strong></span> <span class='ocrx_word' id='word_1_836' title='bbox 2468 5377 2588 5430; x_wconf 79' lang='grc' dir='ltr'>καθ’</span> <span class='ocrx_word' id='word_1_837' title='bbox 2649 5380 2795 5448; x_wconf 78' lang='grc' dir='ltr'>ἡμᾶς</span> <span class='ocrx_word' id='word_1_838' title='bbox 2839 5382 2866 5432; x_wconf 89' lang='lat'><strong>6</strong></span> <span class='ocrx_word' id='word_1_839' title='bbox 2915 5381 3298 5452; x_wconf 84' lang='grc' dir='ltr'>ἀκροώμενος,</span> <span class='ocrx_word' id='word_1_840' title='bbox 3354 5384 3444 5435; x_wconf 75' lang='grc' dir='ltr'><strong>καὶ</strong></span> <span class='ocrx_word' id='word_1_841' title='bbox 3504 5383 3597 5434; x_wconf 78' lang='grc' dir='ltr'><strong>ἐπὶ</strong></span> <span class='ocrx_word' id='word_1_842' title='bbox 3639 5381 3738 5450; x_wconf 66' lang='grc' dir='ltr'>τὴν</span> 
     </span>
    </p>
   </div>
   <div class='ocr_carea' id='block_1_113' title="bbox 2323 5553 3695 5625">
    <p class='ocr_par' dir='ltr' id='par_1_113' title="bbox 2323 5553 3695 5625">
     <span class='ocr_line' id='line_1_113' title="bbox 2323 5553 3695 5625; baseline 0.007 -20"><span class='ocrx_word' id='word_1_843' title='bbox 2323 5555 2365 5585; x_wconf 67' lang='grc' dir='ltr'><strong>’δ’</strong></span> <span class='ocrx_word' id='word_1_844' title='bbox 2401 5554 2415 5606; x_wconf 84' lang='grc'><strong>1</strong></span> <span class='ocrx_word' id='word_1_845' title='bbox 2449 5553 2587 5606; x_wconf 83' lang='lat' dir='ltr'><strong>Tim.</strong></span> <span class='ocrx_word' id='word_1_846' title='bbox 2619 5570 2692 5617; x_wconf 78' lang='lat' dir='ltr'><strong>Vl,</strong></span> <span class='ocrx_word' id='word_1_847' title='bbox 2738 5555 2818 5608; x_wconf 78' lang='grc'><strong>15.</strong></span> <span class='ocrx_word' id='word_1_848' title='bbox 2896 5558 2939 5589; x_wconf 74' lang='grc'><strong>⁸³</strong></span> <span class='ocrx_word' id='word_1_849' title='bbox 2980 5562 3098 5614; x_wconf 71' lang='lat' dir='ltr'><strong>Art.</strong></span> <span class='ocrx_word' id='word_1_850' title='bbox 3126 5575 3256 5625; x_wconf 82' lang='lat' dir='ltr'><strong>xvtt,</strong></span> <span class='ocrx_word' id='word_1_851' title='bbox 3297 5560 3385 5614; x_wconf 71' lang='lat'><strong>28.</strong></span> <span class='ocrx_word' id='word_1_852' title='bbox 3466 5561 3511 5594; x_wconf 62' lang='grc'><strong>⁸⁸</strong></span> <span class='ocrx_word' id='word_1_853' title='bbox 3539 5559 3695 5616; x_wconf 82' lang='lat' dir='ltr'><strong>Joan.</strong></span> 
     </span>
    </p>
   </div>
  </div>
