  <div class='ocr_page' id='page_1' title='image "/cluster/home/n/w/nwhite01/storage/ocr_20150623/75/hvd.32044073502031/168.png"; bbox 0 0 4106 6204; ppageno 0'>
   <div class='ocr_carea' id='block_1_1' title="bbox 355 253 3617 324">
    <p class='ocr_par' dir='ltr' id='par_1_1' title="bbox 355 253 3617 324">
     <span class='ocr_line' id='line_1_1' title="bbox 355 253 3617 324; baseline -0.004 -6"><span class='ocrx_word' id='word_1_1' title='bbox 355 264 465 319; x_wconf 74' lang='grc'><strong>525</strong></span> <span class='ocrx_word' id='word_1_2' title='bbox 1738 253 2176 311; x_wconf 79' lang='lat' dir='ltr'><strong>TIIESAURUS.</strong></span> <span class='ocrx_word' id='word_1_3' title='bbox 3512 268 3617 324; x_wconf 68' lang='lat'><strong>523</strong></span> 
     </span>
    </p>
   </div>
   <div class='ocr_carea' id='block_1_2' title="bbox 357 374 1942 452">
    <p class='ocr_par' dir='ltr' id='par_1_2' title="bbox 357 374 1940 449">
     <span class='ocr_line' id='line_1_2' title="bbox 357 374 1940 449; baseline -0.001 -18"><span class='ocrx_word' id='word_1_4' title='bbox 357 377 738 449; x_wconf 75' lang='grc' dir='ltr'>πνευματικὴν</span> <span class='ocrx_word' id='word_1_5' title='bbox 791 376 884 430; x_wconf 69' lang='grc' dir='ltr'><strong>καὶ</strong></span> <span class='ocrx_word' id='word_1_6' title='bbox 930 376 1029 447; x_wconf 79' lang='grc' dir='ltr'><strong>τὴν</strong></span> <span class='ocrx_word' id='word_1_7' title='bbox 1072 375 1133 430; x_wconf 83' lang='grc' dir='ltr'>ὲν</span> <span class='ocrx_word' id='word_1_8' title='bbox 1182 377 1364 448; x_wconf 85' lang='grc' dir='ltr'><strong>νοήσει</strong></span> <span class='ocrx_word' id='word_1_9' title='bbox 1410 378 1478 447; x_wconf 76' lang='grc' dir='ltr'><strong>τῇ</strong></span> <span class='ocrx_word' id='word_1_10' title='bbox 1529 374 1650 445; x_wconf 77' lang='grc' dir='ltr'>θείᾳ</span> <span class='ocrx_word' id='word_1_11' title='bbox 1698 374 1940 445; x_wconf 84' lang='grc' dir='ltr'>τρεχέτω</span> 
     </span>
    </p>
   </div>
   <div class='ocr_carea' id='block_1_3' title="bbox 2050 374 3614 452">
    <p class='ocr_par' dir='ltr' id='par_1_3' title="bbox 2050 376 3614 452">
     <span class='ocr_line' id='line_1_3' title="bbox 2050 376 3614 452; baseline 0.009 -23"><span class='ocrx_word' id='word_1_12' title='bbox 2050 376 2173 441; x_wconf 87' lang='lat' dir='ltr'><strong>lem,</strong></span> <span class='ocrx_word' id='word_1_13' title='bbox 2205 376 2404 446; x_wconf 84' lang='lat' dir='ltr'><strong>quique</strong></span> <span class='ocrx_word' id='word_1_14' title='bbox 2448 378 2499 432; x_wconf 90' lang='lat' dir='ltr'><strong>in</strong></span> <span class='ocrx_word' id='word_1_15' title='bbox 2541 378 2724 433; x_wconf 90' lang='lat' dir='ltr'><strong>divino</strong></span> <span class='ocrx_word' id='word_1_16' title='bbox 2762 378 3035 436; x_wconf 88' lang='lat' dir='ltr'><strong>intellectu</strong></span> <span class='ocrx_word' id='word_1_17' title='bbox 3078 383 3348 452; x_wconf 80' lang='lat' dir='ltr'><strong>consistit,</strong></span> <span class='ocrx_word' id='word_1_18' title='bbox 3395 401 3614 443; x_wconf 87' lang='lat' dir='ltr'><strong>sensum</strong></span> 
     </span>
    </p>
   </div>
   <div class='ocr_carea' id='block_1_4' title="bbox 355 468 686 539">
    <p class='ocr_par' dir='ltr' id='par_1_4' title="bbox 355 468 686 539">
     <span class='ocr_line' id='line_1_4' title="bbox 355 468 686 539; baseline -0.009 -15"><span class='ocrx_word' id='word_1_19' title='bbox 355 468 686 539; x_wconf 76' lang='grc' dir='ltr'>κατάληψιν.</span> 
     </span>
    </p>
   </div>
   <div class='ocr_carea' id='block_1_5' title="bbox 636 578 1665 648">
    <p class='ocr_par' dir='ltr' id='par_1_5' title="bbox 636 578 1665 648">
     <span class='ocr_line' id='line_1_5' title="bbox 636 578 1665 648; baseline -0.002 -13"><span class='ocrx_word' id='word_1_20' title='bbox 636 580 958 645; x_wconf 80' lang='grc' dir='ltr'>Ἆντῖθεσις</span> <span class='ocrx_word' id='word_1_21' title='bbox 983 578 1065 646; x_wconf 85' lang='grc' dir='ltr'><strong>ὡς</strong></span> <span class='ocrx_word' id='word_1_22' title='bbox 1101 579 1170 633; x_wconf 77' lang='grc' dir='ltr'>ἐκ</span> <span class='ocrx_word' id='word_1_23' title='bbox 1203 578 1321 634; x_wconf 77' lang='grc' dir='ltr'><strong>τῶν</strong></span> <span class='ocrx_word' id='word_1_24' title='bbox 1343 582 1665 648; x_wconf 53' lang='grc' dir='ltr'>Είὺνομιου.</span> 
     </span>
    </p>
   </div>
   <div class='ocr_carea' id='block_1_6' title="bbox 442 714 1942 788">
    <p class='ocr_par' dir='ltr' id='par_1_6' title="bbox 442 714 1942 788">
     <span class='ocr_line' id='line_1_6' title="bbox 442 714 1942 788; baseline 0.002 -20"><span class='ocrx_word' id='word_1_25' title='bbox 442 715 581 769; x_wconf 80' lang='grc' dir='ltr'>Ἀλλ’</span> <span class='ocrx_word' id='word_1_26' title='bbox 627 716 727 768; x_wconf 81' lang='grc' dir='ltr'><strong>οὐκ</strong></span> <span class='ocrx_word' id='word_1_27' title='bbox 775 715 1015 787; x_wconf 77' lang='grc' dir='ltr'>ἐξαρκεῖ,</span> <span class='ocrx_word' id='word_1_28' title='bbox 1066 714 1249 783; x_wconf 71' lang='grc' dir='ltr'>φησὶν,</span> <span class='ocrx_word' id='word_1_29' title='bbox 1299 716 1379 775; x_wconf 82' lang='grc' dir='ltr'>εἰς</span> <span class='ocrx_word' id='word_1_30' title='bbox 1427 716 1559 768; x_wconf 87' lang='grc' dir='ltr'>Υίοῦ</span> <span class='ocrx_word' id='word_1_31' title='bbox 1601 716 1831 788; x_wconf 82' lang='grc' dir='ltr'><strong>δήλωσιν</strong></span> <span class='ocrx_word' id='word_1_32' title='bbox 1881 721 1942 771; x_wconf 81' lang='grc' dir='ltr'>τὸ</span> 
     </span>
    </p>
   </div>
   <div class='ocr_carea' id='block_1_7' title="bbox 356 804 1939 877">
    <p class='ocr_par' dir='ltr' id='par_1_7' title="bbox 356 804 1939 877">
     <span class='ocr_line' id='line_1_7' title="bbox 356 804 1939 877; baseline 0.001 -18"><span class='ocrx_word' id='word_1_33' title='bbox 356 807 530 875; x_wconf 78' lang='grc' dir='ltr'>Λόγος</span> <span class='ocrx_word' id='word_1_34' title='bbox 558 807 749 876; x_wconf 72' lang='grc' dir='ltr'>ὄνομα,</span> <span class='ocrx_word' id='word_1_35' title='bbox 796 806 908 858; x_wconf 81' lang='grc' dir='ltr'>οὐδ’</span> <span class='ocrx_word' id='word_1_36' title='bbox 940 804 1008 858; x_wconf 82' lang='grc' dir='ltr'>ἂν</span> <span class='ocrx_word' id='word_1_37' title='bbox 1038 804 1248 873; x_wconf 85' lang='grc' dir='ltr'>γένοιτο</span> <span class='ocrx_word' id='word_1_38' title='bbox 1298 804 1475 877; x_wconf 78' lang='grc' dir='ltr'>σαφὴς</span> <span class='ocrx_word' id='word_1_39' title='bbox 1510 807 1543 877; x_wconf 81' lang='grc' dir='ltr'>ἡ</span> <span class='ocrx_word' id='word_1_40' title='bbox 1573 807 1729 860; x_wconf 78' lang='grc' dir='ltr'>οὐσία</span> <span class='ocrx_word' id='word_1_41' title='bbox 1774 808 1939 861; x_wconf 81' lang='grc' dir='ltr'>αὐτοῦ</span> 
     </span>
    </p>
   </div>
   <div class='ocr_carea' id='block_1_8' title="bbox 357 896 1941 969">
    <p class='ocr_par' dir='ltr' id='par_1_8' title="bbox 357 896 1941 969">
     <span class='ocr_line' id='line_1_8' title="bbox 357 896 1941 969; baseline 0.003 -20"><span class='ocrx_word' id='word_1_42' title='bbox 357 899 447 950; x_wconf 83' lang='grc' dir='ltr'>διὰ</span> <span class='ocrx_word' id='word_1_43' title='bbox 497 900 596 967; x_wconf 73' lang='grc' dir='ltr'>τῆς</span> <span class='ocrx_word' id='word_1_44' title='bbox 640 898 855 951; x_wconf 80' lang='grc' dir='ltr'>τοιᾶσδε</span> <span class='ocrx_word' id='word_1_45' title='bbox 914 896 1323 966; x_wconf 71' lang='grc' dir='ltr'>προσηγορίαςυ</span> <span class='ocrx_word' id='word_1_46' title='bbox 1382 897 1607 967; x_wconf 81' lang='grc' dir='ltr'>φέρεται</span> <span class='ocrx_word' id='word_1_47' title='bbox 1674 899 1781 969; x_wconf 82' lang='grc' dir='ltr'><strong>γὰρ</strong></span> <span class='ocrx_word' id='word_1_48' title='bbox 1845 901 1941 953; x_wconf 78' lang='grc' dir='ltr'>καὶ</span> 
     </span>
    </p>
   </div>
   <div class='ocr_carea' id='block_1_9' title="bbox 359 988 1941 1058">
    <p class='ocr_par' dir='ltr' id='par_1_9' title="bbox 359 988 1941 1058">
     <span class='ocr_line' id='line_1_9' title="bbox 359 988 1941 1058; baseline 0.002 -17"><span class='ocrx_word' id='word_1_49' title='bbox 359 990 504 1041; x_wconf 74' lang='grc' dir='ltr'>κατὰ</span> <span class='ocrx_word' id='word_1_50' title='bbox 536 988 748 1042; x_wconf 82' lang='grc' dir='ltr'>πολλῶν</span> <span class='ocrx_word' id='word_1_51' title='bbox 772 988 976 1057; x_wconf 79' lang='grc' dir='ltr'>ἑτέρων</span> <span class='ocrx_word' id='word_1_52' title='bbox 1006 988 1270 1058; x_wconf 73' lang='grc' dir='ltr'>ῥημάτων</span> <span class='ocrx_word' id='word_1_53' title='bbox 1309 988 1494 1057; x_wconf 82' lang='grc' dir='ltr'>ἀργῶν</span> <span class='ocrx_word' id='word_1_54' title='bbox 1520 1006 1579 1040; x_wconf 90' lang='grc' dir='ltr'><strong>τε</strong></span> <span class='ocrx_word' id='word_1_55' title='bbox 1610 992 1705 1043; x_wconf 74' lang='grc' dir='ltr'><strong>καὶ</strong></span> <span class='ocrx_word' id='word_1_56' title='bbox 1739 992 1941 1044; x_wconf 84' lang='grc' dir='ltr'><strong>ἀνυπο-</strong></span> 
     </span>
    </p>
   </div>
   <div class='ocr_carea' id='block_1_10' title="bbox 360 1080 592 1132">
    <p class='ocr_par' dir='ltr' id='par_1_10' title="bbox 360 1080 592 1132">
     <span class='ocr_line' id='line_1_10' title="bbox 360 1080 592 1132; baseline 0 -1"><span class='ocrx_word' id='word_1_57' title='bbox 360 1080 592 1132; x_wconf 87' lang='grc' dir='ltr'>στάτων.</span> 
     </span>
    </p>
   </div>
   <div class='ocr_carea' id='block_1_11' title="bbox 842 1179 1442 1261">
    <p class='ocr_par' dir='ltr' id='par_1_11' title="bbox 842 1179 1442 1261">
     <span class='ocr_line' id='line_1_11' title="bbox 842 1179 1442 1261; baseline -0.002 -16"><span class='ocrx_word' id='word_1_58' title='bbox 842 1191 1000 1261; x_wconf 80' lang='grc' dir='ltr'>Πρὸς</span> <span class='ocrx_word' id='word_1_59' title='bbox 1025 1179 1210 1245; x_wconf 58' lang='grc' dir='ltr'>ταῦτα</span> <span class='ocrx_word' id='word_1_60' title='bbox 1237 1190 1442 1257; x_wconf 79' lang='grc' dir='ltr'>λύσις.</span> 
     </span>
    </p>
   </div>
   <div class='ocr_carea' id='block_1_12' title="bbox 433 1324 1940 1397">
    <p class='ocr_par' dir='ltr' id='par_1_12' title="bbox 433 1324 1940 1397">
     <span class='ocr_line' id='line_1_12' title="bbox 433 1324 1940 1397; baseline 0.001 -18"><span class='ocrx_word' id='word_1_61' title='bbox 433 1324 642 1379; x_wconf 74' lang='grc' dir='ltr'>Οὐκοῦν</span> <span class='ocrx_word' id='word_1_62' title='bbox 688 1325 941 1395; x_wconf 86' lang='grc' dir='ltr'>ἀτονήσει</span> <span class='ocrx_word' id='word_1_63' title='bbox 998 1324 1134 1395; x_wconf 77' lang='grc' dir='ltr'>πρὸς</span> <span class='ocrx_word' id='word_1_64' title='bbox 1171 1326 1231 1378; x_wconf 84' lang='grc' dir='ltr'><strong>τὸ</strong></span> <span class='ocrx_word' id='word_1_65' title='bbox 1276 1324 1630 1397; x_wconf 79' lang='grc' dir='ltr'><strong>παραστῆσαι</strong></span> <span class='ocrx_word' id='word_1_66' title='bbox 1675 1325 1768 1378; x_wconf 88' lang='grc' dir='ltr'><strong>τοῦ</strong></span> <span class='ocrx_word' id='word_1_67' title='bbox 1805 1326 1940 1381; x_wconf 85' lang='grc' dir='ltr'>Θεοῦ</span> 
     </span>
    </p>
   </div>
   <div class='ocr_carea' id='block_1_13' title="bbox 358 1414 1945 1487">
    <p class='ocr_par' dir='ltr' id='par_1_13' title="bbox 358 1414 1945 1487">
     <span class='ocr_line' id='line_1_13' title="bbox 358 1414 1945 1487; baseline 0 -18"><span class='ocrx_word' id='word_1_68' title='bbox 358 1417 464 1487; x_wconf 75' lang='grc' dir='ltr'><strong>τὴν</strong></span> <span class='ocrx_word' id='word_1_69' title='bbox 495 1416 680 1470; x_wconf 75' lang='grc' dir='ltr'>οὐσίαν</span> <span class='ocrx_word' id='word_1_70' title='bbox 727 1415 788 1467; x_wconf 85' lang='grc' dir='ltr'>τὸ</span> <span class='ocrx_word' id='word_1_71' title='bbox 833 1415 964 1477; x_wconf 72' lang='grc' dir='ltr'>Θεὸς</span> <span class='ocrx_word' id='word_1_72' title='bbox 992 1414 1183 1485; x_wconf 73' lang='grc' dir='ltr'>ὄνομα.</span> <span class='ocrx_word' id='word_1_73' title='bbox 1234 1414 1613 1486; x_wconf 79' lang='grc' dir='ltr'>Φέρεται,γὰρ</span> <span class='ocrx_word' id='word_1_74' title='bbox 1660 1417 1753 1468; x_wconf 75' lang='grc' dir='ltr'>καὶ</span> <span class='ocrx_word' id='word_1_75' title='bbox 1800 1416 1945 1470; x_wconf 73' lang='grc' dir='ltr'>κατὰ</span> 
     </span>
    </p>
   </div>
   <div class='ocr_carea' id='block_1_14' title="bbox 360 1501 1937 1578">
    <p class='ocr_par' dir='ltr' id='par_1_14' title="bbox 360 1501 1937 1578">
     <span class='ocr_line' id='line_1_14' title="bbox 360 1501 1937 1578; baseline -0.001 -18"><span class='ocrx_word' id='word_1_76' title='bbox 360 1508 476 1560; x_wconf 80' lang='grc' dir='ltr'><strong>τῶν</strong></span> <span class='ocrx_word' id='word_1_77' title='bbox 507 1509 583 1578; x_wconf 83' lang='grc' dir='ltr'>μὴ</span> <span class='ocrx_word' id='word_1_78' title='bbox 606 1508 762 1575; x_wconf 81' lang='grc' dir='ltr'>φύσει</span> <span class='ocrx_word' id='word_1_79' title='bbox 784 1506 942 1568; x_wconf 83' lang='grc' dir='ltr'>θεῶν,</span> <span class='ocrx_word' id='word_1_80' title='bbox 966 1507 1106 1559; x_wconf 76' lang='grc' dir='ltr'>κατὰ</span> <span class='ocrx_word' id='word_1_81' title='bbox 1131 1506 1212 1569; x_wconf 83' lang='grc' dir='ltr'>τὸ,</span> <span class='ocrx_word' id='word_1_82' title='bbox 1235 1526 1251 1555; x_wconf 74' lang='grc' dir='ltr'><strong>ι</strong></span> <span class='ocrx_word' id='word_1_83' title='bbox 1276 1505 1419 1574; x_wconf 86' lang='grc' dir='ltr'><strong>Ἐγὼ</strong></span> <span class='ocrx_word' id='word_1_84' title='bbox 1444 1501 1591 1559; x_wconf 73' lang='grc' dir='ltr'>εἶπα·</span> <span class='ocrx_word' id='word_1_85' title='bbox 1611 1506 1734 1559; x_wconf 89' lang='grc' dir='ltr'>Θεοί</span> <span class='ocrx_word' id='word_1_86' title='bbox 1759 1508 1903 1560; x_wconf 82' lang='grc' dir='ltr'>ὲστε.</span> <span class='ocrx_word' id='word_1_87' title='bbox 1919 1526 1937 1558; x_wconf 71' lang='grc' dir='ltr'>ι</span> 
     </span>
    </p>
   </div>
   <div class='ocr_carea' id='block_1_15' title="bbox 362 1596 1944 1667">
    <p class='ocr_par' dir='ltr' id='par_1_15' title="bbox 362 1596 1944 1667">
     <span class='ocr_line' id='line_1_15' title="bbox 362 1596 1944 1667; baseline -0.001 -16"><span class='ocrx_word' id='word_1_88' title='bbox 362 1599 431 1651; x_wconf 85' lang='grc' dir='ltr'>Τί</span> <span class='ocrx_word' id='word_1_89' title='bbox 467 1598 524 1651; x_wconf 83' lang='grc' dir='ltr'>δὲ</span> <span class='ocrx_word' id='word_1_90' title='bbox 555 1597 785 1650; x_wconf 83' lang='grc' dir='ltr'><strong>κωλύσει</strong></span> <span class='ocrx_word' id='word_1_91' title='bbox 818 1598 1039 1650; x_wconf 77' lang='grc' dir='ltr'>κάκεῖνο</span> <span class='ocrx_word' id='word_1_92' title='bbox 1066 1596 1268 1664; x_wconf 87' lang='grc' dir='ltr'>λέγειν,</span> <span class='ocrx_word' id='word_1_93' title='bbox 1290 1597 1364 1659; x_wconf 82' lang='grc' dir='ltr'>ὡς</span> <span class='ocrx_word' id='word_1_94' title='bbox 1393 1596 1624 1667; x_wconf 79' lang='grc' dir='ltr'>ἐπείπερ</span> <span class='ocrx_word' id='word_1_95' title='bbox 1649 1596 1712 1649; x_wconf 86' lang='grc' dir='ltr'><strong>τὸ</strong></span> <span class='ocrx_word' id='word_1_96' title='bbox 1737 1597 1944 1661; x_wconf 85' lang='grc' dir='ltr'>δίκαιος</span> 
     </span>
    </p>
   </div>
   <div class='ocr_carea' id='block_1_16' title="bbox 361 1687 1945 1759">
    <p class='ocr_par' dir='ltr' id='par_1_16' title="bbox 361 1687 1945 1759">
     <span class='ocr_line' id='line_1_16' title="bbox 361 1687 1945 1759; baseline -0.002 -16"><span class='ocrx_word' id='word_1_97' title='bbox 361 1691 557 1759; x_wconf 79' lang='grc' dir='ltr'>δνομα,</span> <span class='ocrx_word' id='word_1_98' title='bbox 594 1689 688 1741; x_wconf 75' lang='grc' dir='ltr'><strong>καὶ</strong></span> <span class='ocrx_word' id='word_1_99' title='bbox 717 1689 777 1740; x_wconf 83' lang='grc' dir='ltr'>τὸ</span> <span class='ocrx_word' id='word_1_100' title='bbox 808 1689 1032 1755; x_wconf 84' lang='grc' dir='ltr'>ἀγαθὸς,</span> <span class='ocrx_word' id='word_1_101' title='bbox 1063 1688 1159 1741; x_wconf 80' lang='grc' dir='ltr'><strong>καὶ</strong></span> <span class='ocrx_word' id='word_1_102' title='bbox 1184 1687 1245 1739; x_wconf 81' lang='grc' dir='ltr'>τὸ</span> <span class='ocrx_word' id='word_1_103' title='bbox 1279 1687 1450 1755; x_wconf 75' lang='grc' dir='ltr'>ἅγιος,</span> <span class='ocrx_word' id='word_1_104' title='bbox 1481 1687 1576 1739; x_wconf 66' lang='grc' dir='ltr'>καὶ</span> <span class='ocrx_word' id='word_1_105' title='bbox 1616 1688 1702 1741; x_wconf 79' lang='grc' dir='ltr'><strong>ἐπ’</strong></span> <span class='ocrx_word' id='word_1_106' title='bbox 1735 1687 1945 1758; x_wconf 83' lang='grc' dir='ltr'>ἀνθρώ-</span> 
     </span>
    </p>
   </div>
   <div class='ocr_carea' id='block_1_17' title="bbox 2046 469 2399 524">
    <p class='ocr_par' dir='ltr' id='par_1_17' title="bbox 2046 469 2399 524">
     <span class='ocr_line' id='line_1_17' title="bbox 2046 469 2399 524; baseline 0.003 -1"><span class='ocrx_word' id='word_1_107' title='bbox 2046 469 2399 524; x_wconf 88' lang='lat' dir='ltr'><strong>conscendat.</strong></span> 
     </span>
    </p>
   </div>
   <div class='ocr_carea' id='block_1_18' title="bbox 2466 580 3191 651">
    <p class='ocr_par' dir='ltr' id='par_1_18' title="bbox 2466 580 3191 651">
     <span class='ocr_line' id='line_1_18' title="bbox 2466 580 3191 651; baseline 0.008 -18"><span class='ocrx_word' id='word_1_108' title='bbox 2466 580 2551 634; x_wconf 66' lang='lat' dir='ltr'><strong>Ex</strong></span> <span class='ocrx_word' id='word_1_109' title='bbox 2590 583 2878 651; x_wconf 70' lang='lat' dir='ltr'><strong>objections</strong></span> <span class='ocrx_word' id='word_1_110' title='bbox 2921 582 3191 639; x_wconf 78' lang='lat' dir='ltr'><strong>Eunomit’.</strong></span> 
     </span>
    </p>
   </div>
   <div class='ocr_carea' id='block_1_19' title="bbox 2114 714 3616 794">
    <p class='ocr_par' dir='ltr' id='par_1_19' title="bbox 2114 714 3616 794">
     <span class='ocr_line' id='line_1_19' title="bbox 2114 714 3616 794; baseline 0.01 -28"><span class='ocrx_word' id='word_1_111' title='bbox 2114 714 2277 783; x_wconf 83' lang='lat' dir='ltr'><strong>Atqui</strong></span> <span class='ocrx_word' id='word_1_112' title='bbox 2314 730 2421 769; x_wconf 93' lang='lat' dir='ltr'><strong>non</strong></span> <span class='ocrx_word' id='word_1_113' title='bbox 2459 716 2675 782; x_wconf 72' lang='lat' dir='ltr'><strong>sufﬁcit,</strong></span> <span class='ocrx_word' id='word_1_114' title='bbox 2703 720 2899 789; x_wconf 85' lang='lat' dir='ltr'><strong>inquit,</strong></span> <span class='ocrx_word' id='word_1_115' title='bbox 2932 722 3090 777; x_wconf 84' lang='lat' dir='ltr'><strong>Verbi</strong></span> <span class='ocrx_word' id='word_1_116' title='bbox 3126 738 3318 779; x_wconf 87' lang='lat' dir='ltr'><strong>nomen</strong></span> <span class='ocrx_word' id='word_1_117' title='bbox 3351 725 3416 779; x_wconf 89' lang='lat' dir='ltr'><strong>ad</strong></span> <span class='ocrx_word' id='word_1_118' title='bbox 3448 726 3616 794; x_wconf 85' lang='lat' dir='ltr'><strong>signi-</strong></span> 
     </span>
    </p>
   </div>
   <div class='ocr_carea' id='block_1_20' title="bbox 2048 806 3618 886">
    <p class='ocr_par' dir='ltr' id='par_1_20' title="bbox 2048 806 3618 886">
     <span class='ocr_line' id='line_1_20' title="bbox 2048 806 3618 886; baseline 0.008 -27"><span class='ocrx_word' id='word_1_119' title='bbox 2048 806 2358 861; x_wconf 86' lang='lat' dir='ltr'><strong>ficationem</strong></span> <span class='ocrx_word' id='word_1_120' title='bbox 2417 809 2562 876; x_wconf 90' lang='lat' dir='ltr'><strong>Filii,</strong></span> <span class='ocrx_word' id='word_1_121' title='bbox 2606 825 2779 879; x_wconf 91' lang='lat' dir='ltr'><strong>neque</strong></span> <span class='ocrx_word' id='word_1_122' title='bbox 2810 828 2875 867; x_wconf 80' lang='lat' dir='ltr'><strong>ex</strong></span> <span class='ocrx_word' id='word_1_123' title='bbox 2907 813 3209 881; x_wconf 87' lang='lat' dir='ltr'><strong>lmjusmodi</strong></span> <span class='ocrx_word' id='word_1_124' title='bbox 3263 816 3618 886; x_wconf 82' lang='lat' dir='ltr'><strong>appellatione</strong></span> 
     </span>
    </p>
   </div>
   <div class='ocr_carea' id='block_1_21' title="bbox 2043 898 3616 970">
    <p class='ocr_par' dir='ltr' id='par_1_21' title="bbox 2043 898 3616 970">
     <span class='ocr_line' id='line_1_21' title="bbox 2043 898 3616 970; baseline 0.007 -19"><span class='ocrx_word' id='word_1_125' title='bbox 2043 900 2278 953; x_wconf 85' lang='lat' dir='ltr'><strong>essentia</strong></span> <span class='ocrx_word' id='word_1_126' title='bbox 2338 898 2455 967; x_wconf 87' lang='lat' dir='ltr'><strong>ejus</strong></span> <span class='ocrx_word' id='word_1_127' title='bbox 2502 901 2843 970; x_wconf 82' lang='lat' dir='ltr'><strong>explicatur:</strong></span> <span class='ocrx_word' id='word_1_128' title='bbox 2881 904 3114 958; x_wconf 89' lang='lat' dir='ltr'><strong>refertur</strong></span> <span class='ocrx_word' id='word_1_129' title='bbox 3146 907 3288 960; x_wconf 87' lang='lat' dir='ltr'><strong>enim</strong></span> <span class='ocrx_word' id='word_1_130' title='bbox 3341 909 3500 962; x_wconf 88' lang='lat' dir='ltr'><strong>etiam</strong></span> <span class='ocrx_word' id='word_1_131' title='bbox 3549 909 3616 962; x_wconf 88' lang='lat' dir='ltr'><strong>ad</strong></span> 
     </span>
    </p>
   </div>
   <div class='ocr_carea' id='block_1_22' title="bbox 2043 988 3511 1064">
    <p class='ocr_par' dir='ltr' id='par_1_22' title="bbox 2043 988 3511 1064">
     <span class='ocr_line' id='line_1_22' title="bbox 2043 988 3511 1064; baseline 0.007 -21"><span class='ocrx_word' id='word_1_132' title='bbox 2043 988 2148 1043; x_wconf 89' lang='lat' dir='ltr'><strong>alia</strong></span> <span class='ocrx_word' id='word_1_133' title='bbox 2178 990 2343 1044; x_wconf 90' lang='lat' dir='ltr'><strong>multa</strong></span> <span class='ocrx_word' id='word_1_134' title='bbox 2373 992 2537 1046; x_wconf 85' lang='lat' dir='ltr'><strong>verba</strong></span> <span class='ocrx_word' id='word_1_135' title='bbox 2563 1008 2681 1061; x_wconf 67' lang='lat' dir='ltr'><strong>quae</strong></span> <span class='ocrx_word' id='word_1_136' title='bbox 2718 994 3059 1064; x_wconf 87' lang='lat' dir='ltr'><strong>hypostatice</strong></span> <span class='ocrx_word' id='word_1_137' title='bbox 3083 1011 3188 1052; x_wconf 88' lang='lat' dir='ltr'><strong>non</strong></span> <span class='ocrx_word' id='word_1_138' title='bbox 3219 998 3511 1053; x_wconf 86' lang='lat' dir='ltr'><strong>exsistunt.</strong></span> 
     </span>
    </p>
   </div>
   <div class='ocr_carea' id='block_1_23' title="bbox 2531 1189 3106 1259">
    <p class='ocr_par' dir='ltr' id='par_1_23' title="bbox 2531 1189 3106 1259">
     <span class='ocr_line' id='line_1_23' title="bbox 2531 1189 3106 1259; baseline 0.002 -15"><span class='ocrx_word' id='word_1_139' title='bbox 2531 1189 2739 1244; x_wconf 84' lang='lat' dir='ltr'><strong>Salutio</strong></span> <span class='ocrx_word' id='word_1_140' title='bbox 2774 1189 3106 1259; x_wconf 82' lang='lat' dir='ltr'><strong>objectionis.</strong></span> 
     </span>
    </p>
   </div>
   <div class='ocr_carea' id='block_1_24' title="bbox 2113 1319 3617 1391">
    <p class='ocr_par' dir='ltr' id='par_1_24' title="bbox 2113 1319 3617 1391">
     <span class='ocr_line' id='line_1_24' title="bbox 2113 1319 3617 1391; baseline 0.004 -19"><span class='ocrx_word' id='word_1_141' title='bbox 2113 1319 2254 1391; x_wconf 84' lang='lat' dir='ltr'><strong>Ergo</strong></span> <span class='ocrx_word' id='word_1_142' title='bbox 2288 1335 2357 1376; x_wconf 92' lang='lat' dir='ltr'><strong>ne</strong></span> <span class='ocrx_word' id='word_1_143' title='bbox 2378 1321 2474 1377; x_wconf 92' lang='lat' dir='ltr'><strong>Dei</strong></span> <span class='ocrx_word' id='word_1_144' title='bbox 2499 1323 2714 1391; x_wconf 84' lang='lat' dir='ltr'><strong>quidem</strong></span> <span class='ocrx_word' id='word_1_145' title='bbox 2766 1339 2960 1379; x_wconf 88' lang='lat' dir='ltr'><strong>nomen</strong></span> <span class='ocrx_word' id='word_1_146' title='bbox 2999 1325 3193 1379; x_wconf 76' lang='lat' dir='ltr'><strong>sufﬁcit</strong></span> <span class='ocrx_word' id='word_1_147' title='bbox 3229 1326 3295 1380; x_wconf 88' lang='lat' dir='ltr'><strong>ad</strong></span> <span class='ocrx_word' id='word_1_148' title='bbox 3326 1327 3617 1381; x_wconf 85' lang='lat' dir='ltr'><strong>essentiam</strong></span> 
     </span>
    </p>
   </div>
   <div class='ocr_carea' id='block_1_25' title="bbox 2056 1407 3619 1485">
    <p class='ocr_par' dir='ltr' id='par_1_25' title="bbox 2056 1407 3619 1485">
     <span class='ocr_line' id='line_1_25' title="bbox 2056 1407 3619 1485; baseline 0.005 -23"><span class='ocrx_word' id='word_1_149' title='bbox 2056 1407 2148 1463; x_wconf 90' lang='lat' dir='ltr'><strong>Dei</strong></span> <span class='ocrx_word' id='word_1_150' title='bbox 2200 1410 2601 1480; x_wconf 81' lang='lat' dir='ltr'><strong>explicandam.</strong></span> <span class='ocrx_word' id='word_1_151' title='bbox 2636 1412 2893 1468; x_wconf 81' lang='lat' dir='ltr'><strong>Refertur</strong></span> <span class='ocrx_word' id='word_1_152' title='bbox 2927 1416 3069 1469; x_wconf 90' lang='lat' dir='ltr'><strong>enim</strong></span> <span class='ocrx_word' id='word_1_153' title='bbox 3109 1417 3271 1470; x_wconf 89' lang='lat' dir='ltr'><strong>etiam</strong></span> <span class='ocrx_word' id='word_1_154' title='bbox 3310 1416 3377 1468; x_wconf 88' lang='lat' dir='ltr'><strong>ad</strong></span> <span class='ocrx_word' id='word_1_155' title='bbox 3404 1432 3497 1470; x_wconf 91' lang='lat' dir='ltr'><strong>eos</strong></span> <span class='ocrx_word' id='word_1_156' title='bbox 3527 1418 3619 1485; x_wconf 89' lang='lat' dir='ltr'><strong>qui</strong></span> 
     </span>
    </p>
   </div>
   <div class='ocr_carea' id='block_1_26' title="bbox 2046 1501 3619 1573">
    <p class='ocr_par' dir='ltr' id='par_1_26' title="bbox 2046 1501 3619 1573">
     <span class='ocr_line' id='line_1_26' title="bbox 2046 1501 3619 1573; baseline 0.004 -19"><span class='ocrx_word' id='word_1_157' title='bbox 2046 1511 2239 1554; x_wconf 89' lang='lat' dir='ltr'><strong>natura</strong></span> <span class='ocrx_word' id='word_1_158' title='bbox 2273 1501 2348 1554; x_wconf 86' lang='lat' dir='ltr'><strong>dii</strong></span> <span class='ocrx_word' id='word_1_159' title='bbox 2401 1516 2505 1555; x_wconf 89' lang='lat' dir='ltr'><strong>non</strong></span> <span class='ocrx_word' id='word_1_160' title='bbox 2542 1512 2688 1569; x_wconf 92' lang='lat' dir='ltr'><strong>sunt,</strong></span> <span class='ocrx_word' id='word_1_161' title='bbox 2720 1501 2877 1570; x_wconf 79' lang='lat' dir='ltr'><strong>juxta</strong></span> <span class='ocrx_word' id='word_1_162' title='bbox 2915 1504 3045 1558; x_wconf 92' lang='lat' dir='ltr'><strong>illud</strong></span> <span class='ocrx_word' id='word_1_163' title='bbox 3079 1523 3091 1557; x_wconf 88' lang='lat'><strong>:</strong></span> <span class='ocrx_word' id='word_1_164' title='bbox 3137 1524 3153 1556; x_wconf 80' lang='grc' dir='ltr'><strong>ι</strong></span> <span class='ocrx_word' id='word_1_165' title='bbox 3202 1505 3313 1573; x_wconf 84' lang='lat' dir='ltr'><strong>Ego</strong></span> <span class='ocrx_word' id='word_1_166' title='bbox 3349 1507 3500 1561; x_wconf 81' lang='lat' dir='ltr'><strong>dixi:</strong></span> <span class='ocrx_word' id='word_1_167' title='bbox 3535 1507 3619 1560; x_wconf 91' lang='lat' dir='ltr'><strong>Dii</strong></span> 
     </span>
    </p>
   </div>
   <div class='ocr_carea' id='block_1_27' title="bbox 2045 1589 3623 1661">
    <p class='ocr_par' dir='ltr' id='par_1_27' title="bbox 2045 1589 3623 1661">
     <span class='ocr_line' id='line_1_27' title="bbox 2045 1589 3623 1661; baseline 0.004 -20"><span class='ocrx_word' id='word_1_168' title='bbox 2045 1590 2178 1643; x_wconf 88' lang='lat' dir='ltr'><strong>estis</strong></span> <span class='ocrx_word' id='word_1_169' title='bbox 2211 1589 2277 1641; x_wconf 68' lang='grc'><strong>⁸⁸.</strong></span> <span class='ocrx_word' id='word_1_170' title='bbox 2314 1607 2333 1639; x_wconf 72' lang='grc' dir='ltr'>ι</span> <span class='ocrx_word' id='word_1_171' title='bbox 2368 1589 2506 1655; x_wconf 83' lang='lat' dir='ltr'><strong>Quid</strong></span> <span class='ocrx_word' id='word_1_172' title='bbox 2541 1605 2672 1645; x_wconf 90' lang='lat' dir='ltr'><strong>vero</strong></span> <span class='ocrx_word' id='word_1_173' title='bbox 2710 1590 2983 1646; x_wconf 86' lang='lat' dir='ltr'><strong>obstiterit</strong></span> <span class='ocrx_word' id='word_1_174' title='bbox 3013 1593 3301 1661; x_wconf 91' lang='lat' dir='ltr'><strong>quominus</strong></span> <span class='ocrx_word' id='word_1_175' title='bbox 3345 1596 3506 1648; x_wconf 91' lang='lat' dir='ltr'><strong>etiam</strong></span> <span class='ocrx_word' id='word_1_176' title='bbox 3557 1595 3623 1648; x_wconf 86' lang='lat' dir='ltr'><strong>il-</strong></span> 
     </span>
    </p>
   </div>
   <div class='ocr_carea' id='block_1_28' title="bbox 2047 1680 3623 1750">
    <p class='ocr_par' dir='ltr' id='par_1_28' title="bbox 2047 1680 3623 1750">
     <span class='ocr_line' id='line_1_28' title="bbox 2047 1680 3623 1750; baseline 0.001 -16"><span class='ocrx_word' id='word_1_177' title='bbox 2047 1680 2136 1734; x_wconf 89' lang='lat' dir='ltr'><strong>lud</strong></span> <span class='ocrx_word' id='word_1_178' title='bbox 2173 1680 2453 1736; x_wconf 88' lang='lat' dir='ltr'><strong>dicamus:</strong></span> <span class='ocrx_word' id='word_1_179' title='bbox 2492 1696 2613 1735; x_wconf 89' lang='lat' dir='ltr'><strong>cum</strong></span> <span class='ocrx_word' id='word_1_180' title='bbox 2643 1697 2838 1736; x_wconf 89' lang='lat' dir='ltr'><strong>nomen</strong></span> <span class='ocrx_word' id='word_1_181' title='bbox 2863 1681 3068 1750; x_wconf 86' lang='lat' dir='ltr'><strong>justus,</strong></span> <span class='ocrx_word' id='word_1_182' title='bbox 3104 1691 3157 1737; x_wconf 89' lang='lat' dir='ltr'><strong>et</strong></span> <span class='ocrx_word' id='word_1_183' title='bbox 3185 1686 3376 1749; x_wconf 85' lang='lat' dir='ltr'><strong>bonus,</strong></span> <span class='ocrx_word' id='word_1_184' title='bbox 3414 1692 3466 1737; x_wconf 92' lang='lat' dir='ltr'><strong>et</strong></span> <span class='ocrx_word' id='word_1_185' title='bbox 3495 1698 3623 1737; x_wconf 86' lang='lat' dir='ltr'><strong>san-</strong></span> 
     </span>
    </p>
   </div>
   <div class='ocr_carea' id='block_1_29' title="bbox 364 1773 1942 1850">
    <p class='ocr_par' dir='ltr' id='par_1_29' title="bbox 364 1778 1942 1850">
     <span class='ocr_line' id='line_1_29' title="bbox 364 1778 1942 1850; baseline -0.002 -16"><span class='ocrx_word' id='word_1_186' title='bbox 364 1798 485 1834; x_wconf 85' lang='grc' dir='ltr'><strong>πων</strong></span> <span class='ocrx_word' id='word_1_187' title='bbox 531 1779 780 1833; x_wconf 76' lang='grc' dir='ltr'><strong>τάττεται</strong></span> <span class='ocrx_word' id='word_1_188' title='bbox 830 1779 1056 1849; x_wconf 77' lang='grc' dir='ltr'>(πολλοὶ</span> <span class='ocrx_word' id='word_1_189' title='bbox 1102 1778 1211 1848; x_wconf 75' lang='grc' dir='ltr'><strong>γὰρ</strong></span> <span class='ocrx_word' id='word_1_190' title='bbox 1244 1778 1472 1831; x_wconf 82' lang='grc' dir='ltr'>τοιοῦτοι</span> <span class='ocrx_word' id='word_1_191' title='bbox 1522 1778 1661 1831; x_wconf 83' lang='grc' dir='ltr'>κατὰ.</span> <span class='ocrx_word' id='word_1_192' title='bbox 1708 1780 1942 1850; x_wconf 79' lang='grc' dir='ltr'>μετοχὴν</span> 
     </span>
    </p>
   </div>
   <div class='ocr_carea' id='block_1_30' title="bbox 2050 1773 3624 1850">
    <p class='ocr_par' dir='ltr' id='par_1_30' title="bbox 2050 1773 3624 1845">
     <span class='ocr_line' id='line_1_30' title="bbox 2050 1773 3624 1845; baseline 0 -20"><span class='ocrx_word' id='word_1_193' title='bbox 2050 1783 2169 1826; x_wconf 84' lang='lat' dir='ltr'><strong>etus</strong></span> <span class='ocrx_word' id='word_1_194' title='bbox 2203 1773 2367 1827; x_wconf 88' lang='lat' dir='ltr'><strong>etiam</strong></span> <span class='ocrx_word' id='word_1_195' title='bbox 2414 1774 2480 1827; x_wconf 91' lang='lat' dir='ltr'><strong>de</strong></span> <span class='ocrx_word' id='word_1_196' title='bbox 2518 1773 2829 1829; x_wconf 89' lang='lat' dir='ltr'><strong>hominibus</strong></span> <span class='ocrx_word' id='word_1_197' title='bbox 2859 1774 3071 1829; x_wconf 89' lang='lat' dir='ltr'><strong>dicatur</strong></span> <span class='ocrx_word' id='word_1_198' title='bbox 3099 1774 3270 1845; x_wconf 90' lang='lat' dir='ltr'><strong>(multi</strong></span> <span class='ocrx_word' id='word_1_199' title='bbox 3316 1775 3458 1828; x_wconf 88' lang='lat' dir='ltr'><strong>enim</strong></span> <span class='ocrx_word' id='word_1_200' title='bbox 3494 1785 3624 1828; x_wconf 85' lang='lat' dir='ltr'><strong>sunt</strong></span> 
     </span>
    </p>
   </div>
   <div class='ocr_carea' id='block_1_31' title="bbox 361 1869 1941 1941">
    <p class='ocr_par' dir='ltr' id='par_1_31' title="bbox 361 1869 1941 1941">
     <span class='ocr_line' id='line_1_31' title="bbox 361 1869 1941 1941; baseline -0.002 -16"><span class='ocrx_word' id='word_1_201' title='bbox 361 1872 459 1926; x_wconf 87' lang='grc' dir='ltr'><strong>τοῦ</strong></span> <span class='ocrx_word' id='word_1_202' title='bbox 506 1872 627 1925; x_wconf 88' lang='grc' dir='ltr'>κατ’</span> <span class='ocrx_word' id='word_1_203' title='bbox 659 1870 918 1941; x_wconf 83' lang='grc' dir='ltr'>ἀλήθειαν</span> <span class='ocrx_word' id='word_1_204' title='bbox 963 1872 1057 1924; x_wconf 76' lang='grc' dir='ltr'><strong>καὶ</strong></span> <span class='ocrx_word' id='word_1_205' title='bbox 1097 1871 1265 1932; x_wconf 74' lang='grc' dir='ltr'>ὅντως</span> <span class='ocrx_word' id='word_1_206' title='bbox 1313 1869 1517 1937; x_wconf 86' lang='grc' dir='ltr'>ἀγαθοῦ</span> <span class='ocrx_word' id='word_1_207' title='bbox 1589 1870 1686 1922; x_wconf 71' lang='grc' dir='ltr'>καὶ</span> <span class='ocrx_word' id='word_1_208' title='bbox 1730 1870 1941 1923; x_wconf 85' lang='grc' dir='ltr'>δικαίου</span> 
     </span>
    </p>
   </div>
   <div class='ocr_carea' id='block_1_32' title="bbox 359 1958 1943 2034">
    <p class='ocr_par' dir='ltr' id='par_1_32' title="bbox 359 1958 1943 2034">
     <span class='ocr_line' id='line_1_32' title="bbox 359 1958 1943 2034; baseline -0.003 -16"><span class='ocrx_word' id='word_1_209' title='bbox 359 1964 781 2034; x_wconf 77' lang='grc' dir='ltr'><strong>τυγχάνοντος),</strong></span> <span class='ocrx_word' id='word_1_210' title='bbox 833 1964 894 2016; x_wconf 85' lang='grc' dir='ltr'><strong>οὐ</strong></span> <span class='ocrx_word' id='word_1_211' title='bbox 936 1962 1139 2032; x_wconf 83' lang='grc' dir='ltr'>κυρίως</span> <span class='ocrx_word' id='word_1_212' title='bbox 1181 1962 1272 2013; x_wconf 74' lang='grc' dir='ltr'><strong>ἐπὶ</strong></span> <span class='ocrx_word' id='word_1_213' title='bbox 1322 1960 1458 2013; x_wconf 85' lang='grc' dir='ltr'>Θεοῦ</span> <span class='ocrx_word' id='word_1_214' title='bbox 1501 1958 1784 2024; x_wconf 81' lang='grc' dir='ltr'><strong>τετάξεται</strong></span> <span class='ocrx_word' id='word_1_215' title='bbox 1833 1959 1943 2013; x_wconf 84' lang='grc' dir='ltr'>τῶν</span> 
     </span>
    </p>
   </div>
   <div class='ocr_carea' id='block_1_33' title="bbox 363 2051 1942 2125">
    <p class='ocr_par' dir='ltr' id='par_1_33' title="bbox 363 2051 1942 2125">
     <span class='ocr_line' id='line_1_33' title="bbox 363 2051 1942 2125; baseline -0.002 -19"><span class='ocrx_word' id='word_1_216' title='bbox 363 2055 672 2125; x_wconf 74' lang='grc' dir='ltr'>εἰρημένων</span> <span class='ocrx_word' id='word_1_217' title='bbox 700 2055 955 2117; x_wconf 76' lang='grc' dir='ltr'>ἓκαστον;</span> <span class='ocrx_word' id='word_1_218' title='bbox 988 2053 1050 2104; x_wconf 81' lang='grc' dir='ltr'><strong>Εἰ</strong></span> <span class='ocrx_word' id='word_1_219' title='bbox 1070 2052 1127 2105; x_wconf 85' lang='grc' dir='ltr'><strong>δὲ</strong></span> <span class='ocrx_word' id='word_1_220' title='bbox 1161 2051 1316 2105; x_wconf 86' lang='grc' dir='ltr'>κοινὰ</span> <span class='ocrx_word' id='word_1_221' title='bbox 1345 2052 1442 2121; x_wconf 78' lang='grc' dir='ltr'>μὲν</span> <span class='ocrx_word' id='word_1_222' title='bbox 1467 2052 1599 2120; x_wconf 83' lang='grc' dir='ltr'>ἡμῖν</span> <span class='ocrx_word' id='word_1_223' title='bbox 1627 2052 1763 2122; x_wconf 81' lang='grc' dir='ltr'>πρὸς</span> <span class='ocrx_word' id='word_1_224' title='bbox 1782 2051 1942 2103; x_wconf 75' lang='grc' dir='ltr'>αὑτὸν</span> 
     </span>
    </p>
   </div>
   <div class='ocr_carea' id='block_1_34' title="bbox 360 2124 1942 2214">
    <p class='ocr_par' dir='ltr' id='par_1_34' title="bbox 360 2124 1942 2214">
     <span class='ocr_line' id='line_1_34' title="bbox 360 2124 1942 2214; baseline -0.002 -16"><span class='ocrx_word' id='word_1_225' title='bbox 360 2124 428 2198; x_wconf 74' lang='grc' dir='ltr'><strong>τά</strong></span> <span class='ocrx_word' id='word_1_226' title='bbox 456 2124 718 2214; x_wconf 73' lang='grc' dir='ltr'>δνόματα,</span> <span class='ocrx_word' id='word_1_227' title='bbox 754 2144 904 2214; x_wconf 81' lang='grc' dir='ltr'>αὑτῷ</span> <span class='ocrx_word' id='word_1_228' title='bbox 943 2144 999 2195; x_wconf 83' lang='grc' dir='ltr'>δὲ</span> <span class='ocrx_word' id='word_1_229' title='bbox 1044 2143 1189 2213; x_wconf 84' lang='grc' dir='ltr'><strong>μόνῳ</strong></span> <span class='ocrx_word' id='word_1_230' title='bbox 1233 2144 1373 2196; x_wconf 82' lang='grc' dir='ltr'>κατὰ</span> <span class='ocrx_word' id='word_1_231' title='bbox 1407 2142 1567 2210; x_wconf 84' lang='grc' dir='ltr'>φύσιν</span> <span class='ocrx_word' id='word_1_232' title='bbox 1614 2142 1674 2195; x_wconf 84' lang='grc' dir='ltr'><strong>τὸ</strong></span> <span class='ocrx_word' id='word_1_233' title='bbox 1709 2144 1942 2213; x_wconf 83' lang='grc' dir='ltr'>πρᾶγμα</span> 
     </span>
    </p>
   </div>
   <div class='ocr_carea' id='block_1_35' title="bbox 361 2233 1940 2307">
    <p class='ocr_par' dir='ltr' id='par_1_35' title="bbox 361 2233 1940 2307">
     <span class='ocr_line' id='line_1_35' title="bbox 361 2233 1940 2307; baseline -0.003 -18"><span class='ocrx_word' id='word_1_234' title='bbox 361 2236 781 2307; x_wconf 78' lang='grc' dir='ltr'><strong>ἐπαληθεύεται,</strong></span> <span class='ocrx_word' id='word_1_235' title='bbox 821 2235 972 2287; x_wconf 81' lang='grc' dir='ltr'>οὐδὲν</span> <span class='ocrx_word' id='word_1_236' title='bbox 1000 2233 1235 2287; x_wconf 85' lang='grc' dir='ltr'><strong>κωλύσει</strong></span> <span class='ocrx_word' id='word_1_237' title='bbox 1270 2234 1363 2287; x_wconf 77' lang='grc' dir='ltr'><strong>καὶ</strong></span> <span class='ocrx_word' id='word_1_238' title='bbox 1393 2234 1565 2303; x_wconf 85' lang='grc' dir='ltr'>Λόγον</span> <span class='ocrx_word' id='word_1_239' title='bbox 1602 2234 1806 2304; x_wconf 85' lang='grc' dir='ltr'>κυρίως</span> <span class='ocrx_word' id='word_1_240' title='bbox 1847 2251 1940 2286; x_wconf 90' lang='grc' dir='ltr'>κε-</span> 
     </span>
    </p>
   </div>
   <div class='ocr_carea' id='block_1_36' title="bbox 360 2320 1940 2393">
    <p class='ocr_par' dir='ltr' id='par_1_36' title="bbox 360 2320 1940 2393">
     <span class='ocr_line' id='line_1_36' title="bbox 360 2320 1940 2393; baseline -0.003 -16"><span class='ocrx_word' id='word_1_241' title='bbox 360 2324 597 2393; x_wconf 73' lang='grc' dir='ltr'>κλῆσθαι</span> <span class='ocrx_word' id='word_1_242' title='bbox 623 2324 713 2377; x_wconf 83' lang='grc' dir='ltr'>τόν</span> <span class='ocrx_word' id='word_1_243' title='bbox 739 2324 886 2388; x_wconf 83' lang='grc' dir='ltr'>Υίὸν,</span> <span class='ocrx_word' id='word_1_244' title='bbox 918 2322 1331 2392; x_wconf 83' lang='grc' dir='ltr'>παραστατικήν</span> <span class='ocrx_word' id='word_1_245' title='bbox 1351 2339 1411 2374; x_wconf 88' lang='grc' dir='ltr'><strong>τε</strong></span> <span class='ocrx_word' id='word_1_246' title='bbox 1437 2321 1539 2391; x_wconf 84' lang='grc' dir='ltr'>τῆς</span> <span class='ocrx_word' id='word_1_247' title='bbox 1565 2322 1750 2384; x_wconf 61' lang='grc' dir='ltr'>οὐσίαις</span> <span class='ocrx_word' id='word_1_248' title='bbox 1776 2320 1940 2375; x_wconf 80' lang='grc' dir='ltr'>αὑτοῦ</span> 
     </span>
    </p>
   </div>
   <div class='ocr_carea' id='block_1_37' title="bbox 358 2412 1941 2486">
    <p class='ocr_par' dir='ltr' id='par_1_37' title="bbox 358 2412 1941 2486">
     <span class='ocr_line' id='line_1_37' title="bbox 358 2412 1941 2486; baseline -0.003 -17"><span class='ocrx_word' id='word_1_249' title='bbox 358 2416 565 2486; x_wconf 84' lang='grc' dir='ltr'>ταύτην</span> <span class='ocrx_word' id='word_1_250' title='bbox 593 2418 741 2485; x_wconf 84' lang='grc' dir='ltr'>ἔχειν</span> <span class='ocrx_word' id='word_1_251' title='bbox 779 2415 881 2484; x_wconf 82' lang='grc' dir='ltr'><strong>τὴν</strong></span> <span class='ocrx_word' id='word_1_252' title='bbox 924 2413 1275 2483; x_wconf 78' lang='grc' dir='ltr'>ἐπωνυμίαν,</span> <span class='ocrx_word' id='word_1_253' title='bbox 1330 2414 1379 2465; x_wconf 80' lang='grc' dir='ltr'><strong>εί</strong></span> <span class='ocrx_word' id='word_1_254' title='bbox 1432 2413 1525 2465; x_wconf 76' lang='grc' dir='ltr'><strong>καὶ</strong></span> <span class='ocrx_word' id='word_1_255' title='bbox 1570 2412 1747 2483; x_wconf 74' lang='grc' dir='ltr'>ἕτεροι</span> <span class='ocrx_word' id='word_1_256' title='bbox 1792 2412 1941 2480; x_wconf 83' lang='grc' dir='ltr'>λόγοι</span> 
     </span>
    </p>
   </div>
   <div class='ocr_carea' id='block_1_38' title="bbox 359 2502 1939 2575">
    <p class='ocr_par' dir='ltr' id='par_1_38' title="bbox 359 2502 1939 2575">
     <span class='ocr_line' id='line_1_38' title="bbox 359 2502 1939 2575; baseline -0.003 -14"><span class='ocrx_word' id='word_1_257' title='bbox 359 2508 544 2561; x_wconf 80' lang='grc' dir='ltr'>πολλοί</span> <span class='ocrx_word' id='word_1_258' title='bbox 587 2524 733 2570; x_wconf 88' lang='grc' dir='ltr'>τινες</span> <span class='ocrx_word' id='word_1_259' title='bbox 765 2502 874 2559; x_wconf 74' lang='grc' dir='ltr'>εἷεν</span> <span class='ocrx_word' id='word_1_260' title='bbox 904 2504 1359 2575; x_wconf 81' lang='grc' dir='ltr'><strong>καταχρηστικῶς</strong></span> <span class='ocrx_word' id='word_1_261' title='bbox 1392 2504 1486 2557; x_wconf 78' lang='grc' dir='ltr'>καὶ</span> <span class='ocrx_word' id='word_1_262' title='bbox 1525 2504 1661 2575; x_wconf 80' lang='grc' dir='ltr'>πρὸς</span> <span class='ocrx_word' id='word_1_263' title='bbox 1707 2503 1939 2574; x_wconf 86' lang='grc' dir='ltr'>μίμησιν</span> 
     </span>
    </p>
   </div>
   <div class='ocr_carea' id='block_1_39' title="bbox 357 2595 1940 2669">
    <p class='ocr_par' dir='ltr' id='par_1_39' title="bbox 357 2595 1940 2669">
     <span class='ocr_line' id='line_1_39' title="bbox 357 2595 1940 2669; baseline -0.003 -17"><span class='ocrx_word' id='word_1_264' title='bbox 357 2601 453 2652; x_wconf 83' lang='grc' dir='ltr'><strong>τοῦ</strong></span> <span class='ocrx_word' id='word_1_265' title='bbox 486 2600 605 2653; x_wconf 82' lang='grc' dir='ltr'>κατ’</span> <span class='ocrx_word' id='word_1_266' title='bbox 654 2597 915 2669; x_wconf 79' lang='grc' dir='ltr'>ἀλήθειαν</span> <span class='ocrx_word' id='word_1_267' title='bbox 949 2596 1310 2667; x_wconf 80' lang='grc' dir='ltr'>κεκλημένου.</span> <span class='ocrx_word' id='word_1_268' title='bbox 1345 2596 1444 2648; x_wconf 79' lang='grc' dir='ltr'><strong>Διὰ</strong></span> <span class='ocrx_word' id='word_1_269' title='bbox 1474 2595 1581 2666; x_wconf 79' lang='grc' dir='ltr'>γὰρ</span> <span class='ocrx_word' id='word_1_270' title='bbox 1608 2596 1811 2665; x_wconf 80' lang='grc' dir='ltr'>ταύτην</span> <span class='ocrx_word' id='word_1_271' title='bbox 1842 2596 1940 2663; x_wconf 86' lang='grc' dir='ltr'><strong>τὴν</strong></span> 
     </span>
    </p>
   </div>
   <div class='ocr_carea' id='block_1_40' title="bbox 358 2687 1941 2767">
    <p class='ocr_par' dir='ltr' id='par_1_40' title="bbox 358 2687 1941 2767">
     <span class='ocr_line' id='line_1_40' title="bbox 358 2687 1941 2767; baseline -0.003 -24"><span class='ocrx_word' id='word_1_272' title='bbox 358 2693 539 2744; x_wconf 83' lang='grc' dir='ltr'>αἰτίαν</span> <span class='ocrx_word' id='word_1_273' title='bbox 568 2690 693 2761; x_wconf 72' lang='grc' dir='ltr'>περὶ</span> <span class='ocrx_word' id='word_1_274' title='bbox 715 2688 911 2743; x_wconf 82' lang='grc' dir='ltr'>ἑαυτοῦ</span> <span class='ocrx_word' id='word_1_275' title='bbox 942 2705 1109 2759; x_wconf 80' lang='grc' dir='ltr'>φησιν</span> <span class='ocrx_word' id='word_1_276' title='bbox 1133 2690 1161 2741; x_wconf 86' lang='grc' dir='ltr'><strong>ό</strong></span> <span class='ocrx_word' id='word_1_277' title='bbox 1202 2688 1361 2767; x_wconf 80' lang='grc' dir='ltr'>Υἱός·</span> <span class='ocrx_word' id='word_1_278' title='bbox 1389 2705 1407 2738; x_wconf 77' lang='grc' dir='ltr'><strong>ι</strong></span> <span class='ocrx_word' id='word_1_279' title='bbox 1433 2687 1577 2755; x_wconf 84' lang='grc' dir='ltr'>Ἐγώ</span> <span class='ocrx_word' id='word_1_280' title='bbox 1608 2688 1723 2756; x_wconf 82' lang='grc' dir='ltr'>είμι</span> <span class='ocrx_word' id='word_1_281' title='bbox 1751 2689 1783 2757; x_wconf 87' lang='grc' dir='ltr'>ή</span> <span class='ocrx_word' id='word_1_282' title='bbox 1811 2687 1941 2759; x_wconf 78' lang='grc' dir='ltr'><strong>ἁλή-</strong></span> 
     </span>
    </p>
   </div>
   <div class='ocr_carea' id='block_1_41' title="bbox 360 2775 1940 2849">
    <p class='ocr_par' dir='ltr' id='par_1_41' title="bbox 360 2775 1940 2849">
     <span class='ocr_line' id='line_1_41' title="bbox 360 2775 1940 2849; baseline -0.005 -14"><span class='ocrx_word' id='word_1_283' title='bbox 360 2781 497 2835; x_wconf 81' lang='grc' dir='ltr'>θεια.</span> <span class='ocrx_word' id='word_1_284' title='bbox 526 2781 721 2832; x_wconf 75' lang='grc' dir='ltr'>»Ὥστε</span> <span class='ocrx_word' id='word_1_285' title='bbox 752 2780 891 2849; x_wconf 82' lang='grc' dir='ltr'>ὅπερ</span> <span class='ocrx_word' id='word_1_286' title='bbox 912 2778 977 2832; x_wconf 83' lang='grc' dir='ltr'><strong>ἄν</strong></span> <span class='ocrx_word' id='word_1_287' title='bbox 999 2794 1080 2841; x_wconf 91' lang='grc' dir='ltr'>τις</span> <span class='ocrx_word' id='word_1_288' title='bbox 1109 2775 1252 2829; x_wconf 79' lang='grc' dir='ltr'>εἴποι</span> <span class='ocrx_word' id='word_1_289' title='bbox 1281 2776 1408 2847; x_wconf 78' lang='grc' dir='ltr'>περὶ</span> <span class='ocrx_word' id='word_1_290' title='bbox 1433 2775 1599 2828; x_wconf 81' lang='grc' dir='ltr'>αὑτοῦ</span> <span class='ocrx_word' id='word_1_291' title='bbox 1631 2775 1940 2846; x_wconf 84' lang='grc' dir='ltr'>θεοπρεπές</span> 
     </span>
    </p>
   </div>
   <div class='ocr_carea' id='block_1_42' title="bbox 359 2863 1939 2941">
    <p class='ocr_par' dir='ltr' id='par_1_42' title="bbox 359 2863 1939 2941">
     <span class='ocr_line' id='line_1_42' title="bbox 359 2863 1939 2941; baseline -0.006 -16"><span class='ocrx_word' id='word_1_292' title='bbox 359 2891 418 2925; x_wconf 86' lang='grc' dir='ltr'><strong>τε</strong></span> <span class='ocrx_word' id='word_1_293' title='bbox 450 2875 547 2927; x_wconf 76' lang='grc' dir='ltr'><strong>καὶ</strong></span> <span class='ocrx_word' id='word_1_294' title='bbox 570 2873 718 2936; x_wconf 71' lang='grc' dir='ltr'>ἄξιον</span> <span class='ocrx_word' id='word_1_295' title='bbox 742 2872 842 2941; x_wconf 83' lang='grc' dir='ltr'>τῆς</span> <span class='ocrx_word' id='word_1_296' title='bbox 873 2869 1024 2931; x_wconf 82' lang='grc' dir='ltr'>θείας</span> <span class='ocrx_word' id='word_1_297' title='bbox 1048 2867 1374 2938; x_wconf 82' lang='grc' dir='ltr'>γεννήσεως,</span> <span class='ocrx_word' id='word_1_298' title='bbox 1395 2868 1512 2937; x_wconf 79' lang='grc' dir='ltr'>ἐρεῖ</span> <span class='ocrx_word' id='word_1_299' title='bbox 1544 2866 1641 2936; x_wconf 84' lang='grc' dir='ltr'><strong>μὲν</strong></span> <span class='ocrx_word' id='word_1_300' title='bbox 1667 2865 1753 2917; x_wconf 77' lang='grc' dir='ltr'><strong>ἐπ’</strong></span> <span class='ocrx_word' id='word_1_301' title='bbox 1774 2863 1939 2917; x_wconf 84' lang='grc' dir='ltr'>αὐτοῦ</span> 
     </span>
    </p>
   </div>
   <div class='ocr_carea' id='block_1_43' title="bbox 362 2953 1939 3033">
    <p class='ocr_par' dir='ltr' id='par_1_43' title="bbox 362 2953 1939 3033">
     <span class='ocr_line' id='line_1_43' title="bbox 362 2953 1939 3033; baseline -0.004 -20"><span class='ocrx_word' id='word_1_302' title='bbox 362 2962 586 3033; x_wconf 76' lang='grc' dir='ltr'>κυρίως,</span> <span class='ocrx_word' id='word_1_303' title='bbox 608 2962 698 3013; x_wconf 70' lang='grc' dir='ltr'><strong>ἐπὶ</strong></span> <span class='ocrx_word' id='word_1_304' title='bbox 719 2959 777 3011; x_wconf 82' lang='grc' dir='ltr'><strong>δὲ</strong></span> <span class='ocrx_word' id='word_1_305' title='bbox 803 2957 915 3011; x_wconf 84' lang='grc' dir='ltr'><strong>τῶν</strong></span> <span class='ocrx_word' id='word_1_306' title='bbox 946 2956 1149 3027; x_wconf 79' lang='grc' dir='ltr'>ἑτέρων</span> <span class='ocrx_word' id='word_1_307' title='bbox 1170 2954 1373 3023; x_wconf 77' lang='grc' dir='ltr'>οὐκέτι,</span> <span class='ocrx_word' id='word_1_308' title='bbox 1403 2953 1862 3025; x_wconf 70' lang='grc' dir='ltr'>καταγρηστικῶς</span> <span class='ocrx_word' id='word_1_309' title='bbox 1884 2953 1939 3007; x_wconf 88' lang='grc' dir='ltr'>δὲ</span> 
     </span>
    </p>
   </div>
   <div class='ocr_carea' id='block_1_44' title="bbox 368 3049 1139 3124">
    <p class='ocr_par' dir='ltr' id='par_1_44' title="bbox 368 3049 1139 3124">
     <span class='ocr_line' id='line_1_44' title="bbox 368 3049 1139 3124; baseline -0.005 -19"><span class='ocrx_word' id='word_1_310' title='bbox 368 3051 592 3124; x_wconf 80' lang='grc' dir='ltr'>μᾶλλον,</span> <span class='ocrx_word' id='word_1_311' title='bbox 625 3050 876 3120; x_wconf 80' lang='grc' dir='ltr'>καθάπερ</span> <span class='ocrx_word' id='word_1_312' title='bbox 903 3049 1139 3119; x_wconf 79' lang='grc' dir='ltr'>εἴρηται.</span> 
     </span>
    </p>
   </div>
   <div class='ocr_carea' id='block_1_45' title="bbox 651 3182 1665 3252">
    <p class='ocr_par' dir='ltr' id='par_1_45' title="bbox 651 3182 1665 3252">
     <span class='ocr_line' id='line_1_45' title="bbox 651 3182 1665 3252; baseline -0.004 -13"><span class='ocrx_word' id='word_1_313' title='bbox 651 3186 965 3250; x_wconf 70' lang='grc' dir='ltr'>Ἀντίθεσις</span> <span class='ocrx_word' id='word_1_314' title='bbox 987 3184 1068 3249; x_wconf 88' lang='grc' dir='ltr'>ὠς</span> <span class='ocrx_word' id='word_1_315' title='bbox 1096 3183 1166 3237; x_wconf 80' lang='grc' dir='ltr'>ἐκ</span> <span class='ocrx_word' id='word_1_316' title='bbox 1200 3182 1320 3236; x_wconf 77' lang='grc' dir='ltr'><strong>τῶν</strong></span> <span class='ocrx_word' id='word_1_317' title='bbox 1344 3182 1665 3252; x_wconf 76' lang='grc' dir='ltr'>Εὐνομίου.</span> 
     </span>
    </p>
   </div>
   <div class='ocr_carea' id='block_1_46' title="bbox 447 3316 1941 3391">
    <p class='ocr_par' dir='ltr' id='par_1_46' title="bbox 447 3316 1941 3391">
     <span class='ocr_line' id='line_1_46' title="bbox 447 3316 1941 3391; baseline -0.004 -18"><span class='ocrx_word' id='word_1_318' title='bbox 447 3320 621 3387; x_wconf 77' lang='grc' dir='ltr'>Λόγος</span> <span class='ocrx_word' id='word_1_319' title='bbox 653 3320 894 3390; x_wconf 80' lang='grc' dir='ltr'>εἴρηται,</span> <span class='ocrx_word' id='word_1_320' title='bbox 928 3321 1061 3391; x_wconf 75' lang='grc' dir='ltr'>φησὶ</span> <span class='ocrx_word' id='word_1_321' title='bbox 1082 3359 1096 3384; x_wconf 88' lang='grc'><strong>,</strong></span> <span class='ocrx_word' id='word_1_322' title='bbox 1129 3318 1279 3388; x_wconf 79' lang='grc' dir='ltr'>παρὰ</span> <span class='ocrx_word' id='word_1_323' title='bbox 1312 3321 1431 3382; x_wconf 89' lang='grc' dir='ltr'>ταῖς</span> <span class='ocrx_word' id='word_1_324' title='bbox 1466 3317 1638 3380; x_wconf 77' lang='grc' dir='ltr'>θείαις</span> <span class='ocrx_word' id='word_1_325' title='bbox 1667 3316 1941 3387; x_wconf 76' lang='grc' dir='ltr'>Γραφαῖς,</span> 
     </span>
    </p>
   </div>
   <div class='ocr_carea' id='block_1_47' title="bbox 374 3408 1945 3483">
    <p class='ocr_par' dir='ltr' id='par_1_47' title="bbox 374 3408 1945 3483">
     <span class='ocr_line' id='line_1_47' title="bbox 374 3408 1945 3483; baseline -0.004 -18"><span class='ocrx_word' id='word_1_326' title='bbox 374 3414 475 3482; x_wconf 72' lang='grc' dir='ltr'><strong>οὐχ</strong></span> <span class='ocrx_word' id='word_1_327' title='bbox 504 3414 580 3475; x_wconf 84' lang='grc' dir='ltr'>ὡς</span> <span class='ocrx_word' id='word_1_328' title='bbox 608 3413 672 3464; x_wconf 82' lang='grc' dir='ltr'><strong>ἐκ</strong></span> <span class='ocrx_word' id='word_1_329' title='bbox 705 3414 913 3483; x_wconf 74' lang='grc' dir='ltr'>Πατρὸς</span> <span class='ocrx_word' id='word_1_330' title='bbox 943 3414 1083 3467; x_wconf 85' lang='grc' dir='ltr'>κατὰ</span> <span class='ocrx_word' id='word_1_331' title='bbox 1113 3413 1275 3482; x_wconf 80' lang='grc' dir='ltr'>φύσιν</span> <span class='ocrx_word' id='word_1_332' title='bbox 1306 3414 1587 3482; x_wconf 82' lang='grc' dir='ltr'>ὑπάρχων,</span> <span class='ocrx_word' id='word_1_333' title='bbox 1621 3410 1653 3479; x_wconf 86' lang='grc' dir='ltr'>ἢ</span> <span class='ocrx_word' id='word_1_334' title='bbox 1679 3410 1839 3469; x_wconf 76' lang='grc' dir='ltr'>αὐτὸς</span> <span class='ocrx_word' id='word_1_335' title='bbox 1870 3408 1945 3460; x_wconf 81' lang='grc' dir='ltr'>ὢν</span> 
     </span>
    </p>
   </div>
   <div class='ocr_carea' id='block_1_48' title="bbox 366 3501 1947 3574">
    <p class='ocr_par' dir='ltr' id='par_1_48' title="bbox 366 3501 1947 3574">
     <span class='ocr_line' id='line_1_48' title="bbox 366 3501 1947 3574; baseline -0.005 -14"><span class='ocrx_word' id='word_1_336' title='bbox 366 3509 397 3560; x_wconf 82' lang='grc' dir='ltr'><strong>ό</strong></span> <span class='ocrx_word' id='word_1_337' title='bbox 446 3506 757 3569; x_wconf 82' lang='grc' dir='ltr'>ἐνδιάθετος</span> <span class='ocrx_word' id='word_1_338' title='bbox 800 3507 950 3574; x_wconf 84' lang='grc' dir='ltr'>λόγος</span> <span class='ocrx_word' id='word_1_339' title='bbox 974 3546 990 3570; x_wconf 93' lang='grc'><strong>,</strong></span> <span class='ocrx_word' id='word_1_340' title='bbox 1050 3505 1163 3560; x_wconf 88' lang='grc' dir='ltr'><strong>ἀλλ’</strong></span> <span class='ocrx_word' id='word_1_341' title='bbox 1240 3506 1319 3558; x_wconf 82' lang='grc' dir='ltr'>ὅτι</span> <span class='ocrx_word' id='word_1_342' title='bbox 1379 3505 1469 3558; x_wconf 76' lang='grc' dir='ltr'><strong>τὸν</strong></span> <span class='ocrx_word' id='word_1_343' title='bbox 1524 3502 1738 3572; x_wconf 74' lang='grc' dir='ltr'>Πατρὸς</span> <span class='ocrx_word' id='word_1_344' title='bbox 1792 3501 1947 3569; x_wconf 85' lang='grc' dir='ltr'>λόγον</span> 
     </span>
    </p>
   </div>
   <div class='ocr_carea' id='block_1_49' title="bbox 359 3586 1948 3668">
    <p class='ocr_par' dir='ltr' id='par_1_49' title="bbox 359 3586 1948 3668">
     <span class='ocr_line' id='line_1_49' title="bbox 359 3586 1948 3668; baseline -0.008 -14"><span class='ocrx_word' id='word_1_345' title='bbox 359 3596 608 3660; x_wconf 72' lang='grc' dir='ltr'>ἀκούσας</span> <span class='ocrx_word' id='word_1_346' title='bbox 667 3599 760 3649; x_wconf 78' lang='grc' dir='ltr'>καὶ</span> <span class='ocrx_word' id='word_1_347' title='bbox 826 3600 954 3668; x_wconf 81' lang='grc' dir='ltr'>ἡμῖν</span> <span class='ocrx_word' id='word_1_348' title='bbox 1031 3596 1381 3665; x_wconf 71' lang='grc' dir='ltr'>ἐξαγγέλλεισ</span> <span class='ocrx_word' id='word_1_349' title='bbox 1447 3593 1633 3663; x_wconf 84' lang='grc' dir='ltr'>ὥσπερ</span> <span class='ocrx_word' id='word_1_350' title='bbox 1696 3586 1788 3644; x_wconf 81' lang='grc' dir='ltr'><strong>οῦν</strong></span> <span class='ocrx_word' id='word_1_351' title='bbox 1854 3591 1948 3643; x_wconf 75' lang='grc' dir='ltr'><strong>καὶ</strong></span> 
     </span>
    </p>
   </div>
   <div class='ocr_carea' id='block_1_50' title="bbox 358 3682 1947 3762">
    <p class='ocr_par' dir='ltr' id='par_1_50' title="bbox 358 3682 1947 3762">
     <span class='ocr_line' id='line_1_50' title="bbox 358 3682 1947 3762; baseline -0.006 -19"><span class='ocrx_word' id='word_1_352' title='bbox 358 3690 635 3760; x_wconf 79' lang='grc' dir='ltr'>ἁγιασμὸς</span> <span class='ocrx_word' id='word_1_353' title='bbox 665 3690 883 3762; x_wconf 85' lang='grc' dir='ltr'>είοηται</span> <span class='ocrx_word' id='word_1_354' title='bbox 906 3731 922 3757; x_wconf 87' lang='grc'><strong>,</strong></span> <span class='ocrx_word' id='word_1_355' title='bbox 952 3691 1035 3743; x_wconf 83' lang='grc' dir='ltr'>ὅτι</span> <span class='ocrx_word' id='word_1_356' title='bbox 1061 3688 1314 3757; x_wconf 78' lang='grc' dir='ltr'>ἁγιάζει,</span> <span class='ocrx_word' id='word_1_357' title='bbox 1350 3687 1444 3739; x_wconf 71' lang='grc' dir='ltr'><strong>καὶ</strong></span> <span class='ocrx_word' id='word_1_358' title='bbox 1477 3682 1791 3751; x_wconf 84' lang='grc' dir='ltr'>δικαιοσύνη</span> <span class='ocrx_word' id='word_1_359' title='bbox 1811 3721 1825 3746; x_wconf 91' lang='grc'><strong>,</strong></span> <span class='ocrx_word' id='word_1_360' title='bbox 1866 3682 1947 3734; x_wconf 79' lang='grc' dir='ltr'><strong>ὅτι</strong></span> 
     </span>
    </p>
   </div>
   <div class='ocr_carea' id='block_1_51' title="bbox 356 3780 1397 3835">
    <p class='ocr_par' dir='ltr' id='par_1_51' title="bbox 356 3780 1397 3835">
     <span class='ocr_line' id='line_1_51' title="bbox 356 3780 1397 3835; baseline 0.005 -1"><span class='ocrx_word' id='word_1_361' title='bbox 356 3781 580 3835; x_wconf 80' lang='grc' dir='ltr'>δικαιοῖ.</span> <span class='ocrx_word' id='word_1_362' title='bbox 1396 3780 1397 3783; x_wconf 29' lang='grc'><em>“</em></span> 
     </span>
    </p>
   </div>
   <div class='ocr_carea' id='block_1_52' title="bbox 877 3890 1470 3960">
    <p class='ocr_par' dir='ltr' id='par_1_52' title="bbox 877 3890 1470 3960">
     <span class='ocr_line' id='line_1_52' title="bbox 877 3890 1470 3960; baseline -0.008 -14"><span class='ocrx_word' id='word_1_363' title='bbox 877 3891 1037 3960; x_wconf 82' lang='grc' dir='ltr'>Πρὸς</span> <span class='ocrx_word' id='word_1_364' title='bbox 1067 3891 1244 3945; x_wconf 84' lang='grc' dir='ltr'>τοῦτο</span> <span class='ocrx_word' id='word_1_365' title='bbox 1268 3890 1470 3955; x_wconf 76' lang='grc' dir='ltr'>λύσις.</span> 
     </span>
    </p>
   </div>
   <div class='ocr_carea' id='block_1_53' title="bbox 437 4018 1947 4099">
    <p class='ocr_par' dir='ltr' id='par_1_53' title="bbox 437 4018 1947 4099">
     <span class='ocr_line' id='line_1_53' title="bbox 437 4018 1947 4099; baseline -0.008 -16"><span class='ocrx_word' id='word_1_366' title='bbox 437 4031 501 4083; x_wconf 71' lang='lat' dir='ltr'><strong>Et</strong></span> <span class='ocrx_word' id='word_1_367' title='bbox 534 4030 703 4098; x_wconf 82' lang='grc' dir='ltr'>Λόγος</span> <span class='ocrx_word' id='word_1_368' title='bbox 730 4027 933 4099; x_wconf 75' lang='grc' dir='ltr'>ἐκλήθη</span> <span class='ocrx_word' id='word_1_369' title='bbox 962 4066 976 4091; x_wconf 92' lang='grc'><strong>,</strong></span> <span class='ocrx_word' id='word_1_370' title='bbox 1006 4026 1150 4080; x_wconf 79' lang='grc' dir='ltr'>κατὰ</span> <span class='ocrx_word' id='word_1_371' title='bbox 1181 4026 1280 4096; x_wconf 80' lang='grc' dir='ltr'>τὴν</span> <span class='ocrx_word' id='word_1_372' title='bbox 1310 4024 1425 4095; x_wconf 73' lang='grc' dir='ltr'>σὴν,</span> <span class='ocrx_word' id='word_1_373' title='bbox 1454 4018 1498 4076; x_wconf 80' lang='grc' dir='ltr'><strong>ὦ</strong></span> <span class='ocrx_word' id='word_1_374' title='bbox 1527 4022 1791 4092; x_wconf 77' lang='grc' dir='ltr'>βέλτιστε,</span> <span class='ocrx_word' id='word_1_375' title='bbox 1822 4020 1947 4072; x_wconf 81' lang='grc' dir='ltr'>δυσ-</span> 
     </span>
    </p>
   </div>
   <div class='ocr_carea' id='block_1_54' title="bbox 363 4108 1950 4190">
    <p class='ocr_par' dir='ltr' id='par_1_54' title="bbox 363 4108 1950 4190">
     <span class='ocr_line' id='line_1_54' title="bbox 363 4108 1950 4190; baseline -0.008 -18"><span class='ocrx_word' id='word_1_376' title='bbox 363 4119 599 4190; x_wconf 78' lang='grc' dir='ltr'>φημίαν,</span> <span class='ocrx_word' id='word_1_377' title='bbox 632 4119 730 4187; x_wconf 81' lang='grc' dir='ltr'>οὐχ</span> <span class='ocrx_word' id='word_1_378' title='bbox 754 4118 837 4170; x_wconf 73' lang='grc' dir='ltr'>ὅτι</span> <span class='ocrx_word' id='word_1_379' title='bbox 885 4117 1029 4170; x_wconf 87' lang='grc' dir='ltr'><strong>κατά</strong></span> <span class='ocrx_word' id='word_1_380' title='bbox 1067 4114 1226 4183; x_wconf 83' lang='grc' dir='ltr'>φύσιν</span> <span class='ocrx_word' id='word_1_381' title='bbox 1262 4113 1420 4166; x_wconf 86' lang='grc' dir='ltr'>τοῦτό</span> <span class='ocrx_word' id='word_1_382' title='bbox 1461 4114 1608 4165; x_wconf 80' lang='grc' dir='ltr'>ἐστιν</span> <span class='ocrx_word' id='word_1_383' title='bbox 1641 4113 1705 4163; x_wconf 79' lang='grc' dir='ltr'><strong>ἐκ</strong></span> <span class='ocrx_word' id='word_1_384' title='bbox 1736 4108 1950 4180; x_wconf 81' lang='grc' dir='ltr'>Πατρὸς</span> 
     </span>
    </p>
   </div>
   <div class='ocr_carea' id='block_1_55' title="bbox 362 4200 1948 4281">
    <p class='ocr_par' dir='ltr' id='par_1_55' title="bbox 362 4200 1948 4281">
     <span class='ocr_line' id='line_1_55' title="bbox 362 4200 1948 4281; baseline -0.007 -18"><span class='ocrx_word' id='word_1_385' title='bbox 362 4210 647 4281; x_wconf 84' lang='grc' dir='ltr'>προελθὼν</span> <span class='ocrx_word' id='word_1_386' title='bbox 672 4249 687 4273; x_wconf 92' lang='grc'><strong>,</strong></span> <span class='ocrx_word' id='word_1_387' title='bbox 715 4210 812 4261; x_wconf 66' lang='grc' dir='ltr'><strong>καὶ</strong></span> <span class='ocrx_word' id='word_1_388' title='bbox 843 4207 941 4277; x_wconf 83' lang='grc' dir='ltr'><strong>τῆς</strong></span> <span class='ocrx_word' id='word_1_389' title='bbox 969 4205 1064 4259; x_wconf 86' lang='grc' dir='ltr'><strong>τοῦ</strong></span> <span class='ocrx_word' id='word_1_390' title='bbox 1104 4205 1356 4267; x_wconf 84' lang='grc' dir='ltr'>τεκόντος</span> <span class='ocrx_word' id='word_1_391' title='bbox 1388 4203 1572 4265; x_wconf 83' lang='grc' dir='ltr'>οὐσίας</span> <span class='ocrx_word' id='word_1_392' title='bbox 1602 4200 1948 4269; x_wconf 65' lang='grc' dir='ltr'>ὲκφαντικὸς,</span> 
     </span>
    </p>
   </div>
   <div class='ocr_carea' id='block_1_56' title="bbox 363 4290 1950 4366">
    <p class='ocr_par' dir='ltr' id='par_1_56' title="bbox 363 4290 1950 4366">
     <span class='ocr_line' id='line_1_56' title="bbox 363 4290 1950 4366; baseline -0.006 -15"><span class='ocrx_word' id='word_1_393' title='bbox 363 4298 475 4351; x_wconf 77' lang='grc' dir='ltr'><strong>ἀλλ’</strong></span> <span class='ocrx_word' id='word_1_394' title='bbox 503 4298 583 4349; x_wconf 82' lang='grc' dir='ltr'>ὃτι</span> <span class='ocrx_word' id='word_1_395' title='bbox 617 4296 709 4349; x_wconf 72' lang='grc' dir='ltr'><strong>τὸν</strong></span> <span class='ocrx_word' id='word_1_396' title='bbox 730 4295 880 4366; x_wconf 77' lang='grc' dir='ltr'>παρὰ</span> <span class='ocrx_word' id='word_1_397' title='bbox 907 4294 1122 4365; x_wconf 81' lang='grc' dir='ltr'>Πατρὸς</span> <span class='ocrx_word' id='word_1_398' title='bbox 1147 4294 1384 4356; x_wconf 84' lang='grc' dir='ltr'>ἀκούσας</span> <span class='ocrx_word' id='word_1_399' title='bbox 1431 4292 1607 4361; x_wconf 89' lang='grc' dir='ltr'>λόγον,</span> <span class='ocrx_word' id='word_1_400' title='bbox 1636 4290 1950 4359; x_wconf 74' lang='grc' dir='ltr'>ἐξαγγέλλει</span> 
     </span>
    </p>
   </div>
   <div class='ocr_carea' id='block_1_57' title="bbox 364 4380 1949 4454">
    <p class='ocr_par' dir='ltr' id='par_1_57' title="bbox 364 4380 1949 4454">
     <span class='ocr_line' id='line_1_57' title="bbox 364 4380 1949 4454; baseline -0.006 -16"><span class='ocrx_word' id='word_1_401' title='bbox 364 4388 555 4438; x_wconf 75' lang='grc' dir='ltr'>τοῦτον</span> <span class='ocrx_word' id='word_1_402' title='bbox 592 4387 673 4448; x_wconf 79' lang='grc' dir='ltr'><strong>είς</strong></span> <span class='ocrx_word' id='word_1_403' title='bbox 712 4386 858 4454; x_wconf 79' lang='grc' dir='ltr'>ἡμᾶς</span> <span class='ocrx_word' id='word_1_404' title='bbox 880 4400 891 4411; x_wconf 89' lang='grc'>·</span> <span class='ocrx_word' id='word_1_405' title='bbox 927 4386 1086 4454; x_wconf 78' lang='grc' dir='ltr'>τήρει</span> <span class='ocrx_word' id='word_1_406' title='bbox 1128 4384 1221 4437; x_wconf 73' lang='grc' dir='ltr'><strong>καὶ</strong></span> <span class='ocrx_word' id='word_1_407' title='bbox 1253 4385 1312 4435; x_wconf 86' lang='grc' dir='ltr'><strong>ὲν</strong></span> <span class='ocrx_word' id='word_1_408' title='bbox 1342 4384 1456 4445; x_wconf 85' lang='grc' dir='ltr'>τοῖς</span> <span class='ocrx_word' id='word_1_409' title='bbox 1496 4381 1673 4444; x_wconf 81' lang='grc' dir='ltr'>ἄλλοις</span> <span class='ocrx_word' id='word_1_410' title='bbox 1701 4381 1800 4450; x_wconf 84' lang='grc' dir='ltr'>τὴν</span> <span class='ocrx_word' id='word_1_411' title='bbox 1828 4380 1949 4448; x_wconf 78' lang='grc' dir='ltr'>ἴσην</span> 
     </span>
    </p>
   </div>
   <div class='ocr_carea' id='block_1_58' title="bbox 2053 1864 3623 1935">
    <p class='ocr_par' dir='ltr' id='par_1_58' title="bbox 2053 1864 3623 1935">
     <span class='ocr_line' id='line_1_58' title="bbox 2053 1864 3623 1935; baseline 0.003 -20"><span class='ocrx_word' id='word_1_412' title='bbox 2053 1864 2189 1919; x_wconf 88' lang='lat' dir='ltr'><strong>tales</strong></span> <span class='ocrx_word' id='word_1_413' title='bbox 2235 1879 2334 1933; x_wconf 87' lang='lat' dir='ltr'><strong>per</strong></span> <span class='ocrx_word' id='word_1_414' title='bbox 2385 1865 2857 1934; x_wconf 84' lang='lat' dir='ltr'><strong>participationem</strong></span> <span class='ocrx_word' id='word_1_415' title='bbox 2903 1864 3016 1933; x_wconf 87' lang='lat' dir='ltr'><strong>ejus</strong></span> <span class='ocrx_word' id='word_1_416' title='bbox 3043 1866 3137 1935; x_wconf 90' lang='lat' dir='ltr'><strong>qui</strong></span> <span class='ocrx_word' id='word_1_417' title='bbox 3172 1880 3297 1920; x_wconf 87' lang='lat' dir='ltr'><strong>vere</strong></span> <span class='ocrx_word' id='word_1_418' title='bbox 3332 1875 3495 1934; x_wconf 83' lang='lat' dir='ltr'><strong>atque</strong></span> <span class='ocrx_word' id='word_1_419' title='bbox 3530 1880 3623 1919; x_wconf 86' lang='lat' dir='ltr'><strong>re-</strong></span> 
     </span>
    </p>
   </div>
   <div class='ocr_carea' id='block_1_59' title="bbox 2051 1953 3624 2028">
    <p class='ocr_par' dir='ltr' id='par_1_59' title="bbox 2051 1953 3624 2028">
     <span class='ocr_line' id='line_1_59' title="bbox 2051 1953 3624 2028; baseline 0.003 -20"><span class='ocrx_word' id='word_1_420' title='bbox 2051 1953 2165 2024; x_wconf 89' lang='lat' dir='ltr'><strong>ipsa</strong></span> <span class='ocrx_word' id='word_1_421' title='bbox 2190 1955 2364 2010; x_wconf 87' lang='lat' dir='ltr'><strong>bonus</strong></span> <span class='ocrx_word' id='word_1_422' title='bbox 2402 1955 2652 2022; x_wconf 88' lang='lat' dir='ltr'><strong>etjustus</strong></span> <span class='ocrx_word' id='word_1_423' title='bbox 2679 1958 2803 2025; x_wconf 86' lang='lat' dir='ltr'><strong>est),</strong></span> <span class='ocrx_word' id='word_1_424' title='bbox 2842 1971 2948 2011; x_wconf 90' lang='lat' dir='ltr'><strong>non</strong></span> <span class='ocrx_word' id='word_1_425' title='bbox 2990 1959 3209 2027; x_wconf 89' lang='lat' dir='ltr'><strong>proprie</strong></span> <span class='ocrx_word' id='word_1_426' title='bbox 3253 1959 3463 2028; x_wconf 84' lang='lat' dir='ltr'><strong>singula</strong></span> <span class='ocrx_word' id='word_1_427' title='bbox 3508 1958 3624 2013; x_wconf 65' lang='lat' dir='ltr'><strong>haec</strong></span> 
     </span>
    </p>
   </div>
   <div class='ocr_carea' id='block_1_60' title="bbox 2048 2046 3621 2117">
    <p class='ocr_par' dir='ltr' id='par_1_60' title="bbox 2048 2046 3621 2117">
     <span class='ocr_line' id='line_1_60' title="bbox 2048 2046 3621 2117; baseline 0.004 -20"><span class='ocrx_word' id='word_1_428' title='bbox 2048 2060 2169 2114; x_wconf 66' lang='lat' dir='ltr'><strong>quae</strong></span> <span class='ocrx_word' id='word_1_429' title='bbox 2216 2046 2451 2101; x_wconf 79' lang='lat' dir='ltr'><strong>diximus</strong></span> <span class='ocrx_word' id='word_1_430' title='bbox 2496 2047 2563 2100; x_wconf 90' lang='lat' dir='ltr'><strong>de</strong></span> <span class='ocrx_word' id='word_1_431' title='bbox 2613 2046 2722 2101; x_wconf 89' lang='lat' dir='ltr'><strong>Deo</strong></span> <span class='ocrx_word' id='word_1_432' title='bbox 2767 2048 3089 2117; x_wconf 67' lang='lat' dir='ltr'><strong>prmdicari?</strong></span> <span class='ocrx_word' id='word_1_433' title='bbox 3116 2051 3186 2103; x_wconf 87' lang='lat' dir='ltr'><strong>At</strong></span> <span class='ocrx_word' id='word_1_434' title='bbox 3228 2050 3275 2102; x_wconf 88' lang='lat' dir='ltr'><strong>si</strong></span> <span class='ocrx_word' id='word_1_435' title='bbox 3318 2052 3621 2105; x_wconf 86' lang='lat' dir='ltr'><strong>communia</strong></span> 
     </span>
    </p>
   </div>
   <div class='ocr_carea' id='block_1_61' title="bbox 2049 2131 3626 2208">
    <p class='ocr_par' dir='ltr' id='par_1_61' title="bbox 2049 2131 3626 2208">
     <span class='ocr_line' id='line_1_61' title="bbox 2049 2131 3626 2208; baseline 0.007 -25"><span class='ocrx_word' id='word_1_436' title='bbox 2049 2131 2268 2200; x_wconf 89' lang='lat' dir='ltr'><strong>quidem</strong></span> <span class='ocrx_word' id='word_1_437' title='bbox 2320 2131 2477 2186; x_wconf 78' lang='lat' dir='ltr'><strong>nobis</strong></span> <span class='ocrx_word' id='word_1_438' title='bbox 2522 2143 2649 2187; x_wconf 92' lang='lat' dir='ltr'><strong>sunt</strong></span> <span class='ocrx_word' id='word_1_439' title='bbox 2680 2149 2800 2192; x_wconf 89' lang='lat' dir='ltr'><strong>cum</strong></span> <span class='ocrx_word' id='word_1_440' title='bbox 2850 2134 2942 2189; x_wconf 89' lang='lat' dir='ltr'><strong>illo</strong></span> <span class='ocrx_word' id='word_1_441' title='bbox 2970 2136 3209 2201; x_wconf 88' lang='lat' dir='ltr'><strong>nomina,</strong></span> <span class='ocrx_word' id='word_1_442' title='bbox 3258 2138 3350 2192; x_wconf 89' lang='lat' dir='ltr'><strong>sed</strong></span> <span class='ocrx_word' id='word_1_443' title='bbox 3395 2140 3461 2193; x_wconf 92' lang='lat' dir='ltr'><strong>de</strong></span> <span class='ocrx_word' id='word_1_444' title='bbox 3507 2140 3626 2208; x_wconf 87' lang='lat' dir='ltr'><strong>ipso</strong></span> 
     </span>
    </p>
   </div>
   <div class='ocr_carea' id='block_1_62' title="bbox 2053 2226 3624 2293">
    <p class='ocr_par' dir='ltr' id='par_1_62' title="bbox 2053 2226 3624 2293">
     <span class='ocr_line' id='line_1_62' title="bbox 2053 2226 3624 2293; baseline 0.006 -18"><span class='ocrx_word' id='word_1_445' title='bbox 2053 2230 2259 2276; x_wconf 88' lang='lat' dir='ltr'><strong>tantum</strong></span> <span class='ocrx_word' id='word_1_446' title='bbox 2296 2237 2423 2278; x_wconf 89' lang='lat' dir='ltr'><strong>vere</strong></span> <span class='ocrx_word' id='word_1_447' title='bbox 2449 2226 2745 2278; x_wconf 90' lang='lat' dir='ltr'><strong>secundum</strong></span> <span class='ocrx_word' id='word_1_448' title='bbox 2774 2234 3024 2281; x_wconf 90' lang='lat' dir='ltr'><strong>naturam</strong></span> <span class='ocrx_word' id='word_1_449' title='bbox 3059 2228 3329 2293; x_wconf 84' lang='lat' dir='ltr'><strong>dicuntur,</strong></span> <span class='ocrx_word' id='word_1_450' title='bbox 3362 2230 3495 2283; x_wconf 90' lang='lat' dir='ltr'><strong>nihil</strong></span> <span class='ocrx_word' id='word_1_451' title='bbox 3524 2231 3624 2283; x_wconf 84' lang='lat' dir='ltr'><strong>im-</strong></span> 
     </span>
    </p>
   </div>
   <div class='ocr_carea' id='block_1_63' title="bbox 2051 2311 3625 2383">
    <p class='ocr_par' dir='ltr' id='par_1_63' title="bbox 2051 2311 3625 2383">
     <span class='ocr_line' id='line_1_63' title="bbox 2051 2311 3625 2383; baseline 0.006 -20"><span class='ocrx_word' id='word_1_452' title='bbox 2051 2311 2199 2378; x_wconf 90' lang='lat' dir='ltr'><strong>pedit</strong></span> <span class='ocrx_word' id='word_1_453' title='bbox 2227 2312 2521 2380; x_wconf 87' lang='lat' dir='ltr'><strong>quominus</strong></span> <span class='ocrx_word' id='word_1_454' title='bbox 2556 2312 2724 2367; x_wconf 83' lang='lat' dir='ltr'><strong>Filius</strong></span> <span class='ocrx_word' id='word_1_455' title='bbox 2757 2314 2975 2383; x_wconf 85' lang='lat' dir='ltr'><strong>proprie</strong></span> <span class='ocrx_word' id='word_1_456' title='bbox 3003 2315 3214 2370; x_wconf 87' lang='lat' dir='ltr'><strong>dicatur</strong></span> <span class='ocrx_word' id='word_1_457' title='bbox 3245 2317 3503 2381; x_wconf 83' lang='lat' dir='ltr'><strong>Verbum,</strong></span> <span class='ocrx_word' id='word_1_458' title='bbox 3532 2332 3625 2372; x_wconf 79' lang='lat' dir='ltr'><strong>ea—</strong></span> 
     </span>
    </p>
   </div>
   <div class='ocr_carea' id='block_1_64' title="bbox 2052 2402 3622 2476">
    <p class='ocr_par' dir='ltr' id='par_1_64' title="bbox 2052 2402 3622 2476">
     <span class='ocr_line' id='line_1_64' title="bbox 2052 2402 3622 2476; baseline 0.004 -21"><span class='ocrx_word' id='word_1_459' title='bbox 2052 2417 2157 2470; x_wconf 87' lang='lat' dir='ltr'><strong>que</strong></span> <span class='ocrx_word' id='word_1_460' title='bbox 2181 2402 2468 2473; x_wconf 81' lang='lat' dir='ltr'><strong>appellatio</strong></span> <span class='ocrx_word' id='word_1_461' title='bbox 2500 2405 2794 2459; x_wconf 88' lang='lat' dir='ltr'><strong>essentiam</strong></span> <span class='ocrx_word' id='word_1_462' title='bbox 2836 2406 2954 2476; x_wconf 83' lang='lat' dir='ltr'><strong>ejus</strong></span> <span class='ocrx_word' id='word_1_463' title='bbox 2985 2407 3238 2476; x_wconf 90' lang='lat' dir='ltr'><strong>explicet,</strong></span> <span class='ocrx_word' id='word_1_464' title='bbox 3271 2409 3491 2462; x_wconf 89' lang='lat' dir='ltr'><strong>tametsi</strong></span> <span class='ocrx_word' id='word_1_465' title='bbox 3518 2410 3622 2462; x_wconf 84' lang='lat' dir='ltr'><strong>alia</strong></span> 
     </span>
    </p>
   </div>
   <div class='ocr_carea' id='block_1_65' title="bbox 2047 2495 3624 2573">
    <p class='ocr_par' dir='ltr' id='par_1_65' title="bbox 2047 2495 3624 2573">
     <span class='ocr_line' id='line_1_65' title="bbox 2047 2495 3624 2573; baseline 0.004 -26"><span class='ocrx_word' id='word_1_466' title='bbox 2047 2509 2263 2563; x_wconf 93' lang='lat' dir='ltr'><strong>quoque</strong></span> <span class='ocrx_word' id='word_1_467' title='bbox 2291 2495 2459 2550; x_wconf 89' lang='lat' dir='ltr'><strong>multa</strong></span> <span class='ocrx_word' id='word_1_468' title='bbox 2481 2497 2590 2551; x_wconf 90' lang='lat' dir='ltr'><strong>sint</strong></span> <span class='ocrx_word' id='word_1_469' title='bbox 2618 2496 2781 2553; x_wconf 90' lang='lat' dir='ltr'><strong>verba</strong></span> <span class='ocrx_word' id='word_1_470' title='bbox 2809 2498 3035 2554; x_wconf 84' lang='lat' dir='ltr'><strong>abusive</strong></span> <span class='ocrx_word' id='word_1_471' title='bbox 3088 2509 3141 2555; x_wconf 88' lang='lat' dir='ltr'><strong>et</strong></span> <span class='ocrx_word' id='word_1_472' title='bbox 3172 2500 3238 2573; x_wconf 82' lang='lat' dir='ltr'><strong>ad</strong></span> <span class='ocrx_word' id='word_1_473' title='bbox 3266 2502 3624 2557; x_wconf 84' lang='lat' dir='ltr'><strong>imitationem</strong></span> 
     </span>
    </p>
   </div>
   <div class='ocr_carea' id='block_1_66' title="bbox 2051 2586 3621 2656">
    <p class='ocr_par' dir='ltr' id='par_1_66' title="bbox 2051 2586 3621 2656">
     <span class='ocr_line' id='line_1_66' title="bbox 2051 2586 3621 2656; baseline 0.008 -19"><span class='ocrx_word' id='word_1_474' title='bbox 2051 2586 2195 2641; x_wconf 88' lang='lat' dir='ltr'><strong>illius</strong></span> <span class='ocrx_word' id='word_1_475' title='bbox 2230 2589 2373 2656; x_wconf 92' lang='lat' dir='ltr'><strong>quod</strong></span> <span class='ocrx_word' id='word_1_476' title='bbox 2409 2602 2536 2643; x_wconf 86' lang='lat' dir='ltr'><strong>vere</strong></span> <span class='ocrx_word' id='word_1_477' title='bbox 2572 2589 2644 2642; x_wconf 90' lang='lat' dir='ltr'><strong>ita</strong></span> <span class='ocrx_word' id='word_1_478' title='bbox 2681 2600 2927 2646; x_wconf 87' lang='lat' dir='ltr'><strong>vocatur.</strong></span> <span class='ocrx_word' id='word_1_479' title='bbox 2954 2590 3087 2645; x_wconf 91' lang='lat' dir='ltr'><strong>Eam</strong></span> <span class='ocrx_word' id='word_1_480' title='bbox 3118 2592 3259 2646; x_wconf 90' lang='lat' dir='ltr'><strong>enim</strong></span> <span class='ocrx_word' id='word_1_481' title='bbox 3303 2593 3371 2647; x_wconf 90' lang='lat' dir='ltr'><strong>ob</strong></span> <span class='ocrx_word' id='word_1_482' title='bbox 3401 2609 3621 2649; x_wconf 82' lang='lat' dir='ltr'><strong>causam</strong></span> 
     </span>
    </p>
   </div>
   <div class='ocr_carea' id='block_1_67' title="bbox 2048 2675 3627 2752">
    <p class='ocr_par' dir='ltr' id='par_1_67' title="bbox 2048 2675 3627 2752">
     <span class='ocr_line' id='line_1_67' title="bbox 2048 2675 3627 2752; baseline 0.007 -23"><span class='ocrx_word' id='word_1_483' title='bbox 2048 2675 2220 2733; x_wconf 87' lang='lat' dir='ltr'><strong>Filius</strong></span> <span class='ocrx_word' id='word_1_484' title='bbox 2238 2678 2303 2732; x_wconf 88' lang='lat' dir='ltr'><strong>de</strong></span> <span class='ocrx_word' id='word_1_485' title='bbox 2320 2680 2501 2749; x_wconf 91' lang='lat' dir='ltr'><strong>seipso</strong></span> <span class='ocrx_word' id='word_1_486' title='bbox 2534 2680 2709 2749; x_wconf 84' lang='lat' dir='ltr'><strong>inquit</strong></span> <span class='ocrx_word' id='word_1_487' title='bbox 2734 2700 2747 2735; x_wconf 91' lang='lat'><strong>:</strong></span> <span class='ocrx_word' id='word_1_488' title='bbox 2774 2699 2792 2732; x_wconf 86' lang='grc'><strong>‹</strong></span> <span class='ocrx_word' id='word_1_489' title='bbox 2820 2681 2929 2752; x_wconf 79' lang='lat' dir='ltr'><strong>Ego</strong></span> <span class='ocrx_word' id='word_1_490' title='bbox 2958 2697 3077 2736; x_wconf 91' lang='lat' dir='ltr'><strong>sum</strong></span> <span class='ocrx_word' id='word_1_491' title='bbox 3104 2685 3305 2739; x_wconf 90' lang='lat' dir='ltr'><strong>veritas</strong></span> <span class='ocrx_word' id='word_1_492' title='bbox 3337 2684 3406 2738; x_wconf 68' lang='lat'><strong>&quot;‘.</strong></span> <span class='ocrx_word' id='word_1_493' title='bbox 3443 2705 3460 2737; x_wconf 77' lang='grc' dir='ltr'>ι</span> <span class='ocrx_word' id='word_1_494' title='bbox 3482 2689 3627 2751; x_wconf 80' lang='lat' dir='ltr'><strong>Quo-</strong></span> 
     </span>
    </p>
   </div>
   <div class='ocr_carea' id='block_1_68' title="bbox 2048 2768 3625 2848">
    <p class='ocr_par' dir='ltr' id='par_1_68' title="bbox 2048 2768 3625 2848">
     <span class='ocr_line' id='line_1_68' title="bbox 2048 2768 3625 2848; baseline 0.006 -25"><span class='ocrx_word' id='word_1_495' title='bbox 2048 2768 2192 2824; x_wconf 91' lang='lat' dir='ltr'><strong>circa</strong></span> <span class='ocrx_word' id='word_1_496' title='bbox 2228 2770 2489 2840; x_wconf 92' lang='lat' dir='ltr'><strong>quidquid</strong></span> <span class='ocrx_word' id='word_1_497' title='bbox 2536 2773 2604 2827; x_wconf 92' lang='lat' dir='ltr'><strong>de</strong></span> <span class='ocrx_word' id='word_1_498' title='bbox 2660 2788 2724 2829; x_wconf 89' lang='lat' dir='ltr'><strong>eo</strong></span> <span class='ocrx_word' id='word_1_499' title='bbox 2758 2774 2963 2829; x_wconf 80' lang='lat' dir='ltr'><strong>dixeris</strong></span> <span class='ocrx_word' id='word_1_500' title='bbox 3008 2775 3275 2830; x_wconf 85' lang='lat' dir='ltr'><strong>divinitati</strong></span> <span class='ocrx_word' id='word_1_501' title='bbox 3321 2777 3625 2848; x_wconf 66' lang='lat' dir='ltr'><strong>divinaeque</strong></span> 
     </span>
    </p>
   </div>
   <div class='ocr_carea' id='block_1_69' title="bbox 2049 2858 3622 2936">
    <p class='ocr_par' dir='ltr' id='par_1_69' title="bbox 2049 2858 3622 2936">
     <span class='ocr_line' id='line_1_69' title="bbox 2049 2858 3622 2936; baseline 0.005 -24"><span class='ocrx_word' id='word_1_502' title='bbox 2049 2858 2533 2929; x_wconf 78' lang='lat' dir='ltr'><strong>cjusgenerationi</strong></span> <span class='ocrx_word' id='word_1_503' title='bbox 2571 2864 2901 2918; x_wconf 86' lang='lat' dir='ltr'><strong>conveniens</strong></span> <span class='ocrx_word' id='word_1_504' title='bbox 2926 2872 2981 2918; x_wconf 92' lang='lat' dir='ltr'><strong>et</strong></span> <span class='ocrx_word' id='word_1_505' title='bbox 3006 2879 3125 2933; x_wconf 90' lang='lat' dir='ltr'><strong>par,</strong></span> <span class='ocrx_word' id='word_1_506' title='bbox 3154 2866 3372 2934; x_wconf 89' lang='lat' dir='ltr'><strong>proprie</strong></span> <span class='ocrx_word' id='word_1_507' title='bbox 3404 2867 3622 2936; x_wconf 89' lang='lat' dir='ltr'><strong>quidem</strong></span> 
     </span>
    </p>
   </div>
   <div class='ocr_carea' id='block_1_70' title="bbox 2048 2951 3625 3028">
    <p class='ocr_par' dir='ltr' id='par_1_70' title="bbox 2048 2951 3625 3028">
     <span class='ocr_line' id='line_1_70' title="bbox 2048 2951 3625 3028; baseline 0.006 -23"><span class='ocrx_word' id='word_1_508' title='bbox 2048 2951 2113 3005; x_wconf 91' lang='lat' dir='ltr'><strong>de</strong></span> <span class='ocrx_word' id='word_1_509' title='bbox 2146 2952 2264 3021; x_wconf 90' lang='lat' dir='ltr'><strong>ipso</strong></span> <span class='ocrx_word' id='word_1_510' title='bbox 2296 2953 2478 3019; x_wconf 88' lang='lat' dir='ltr'><strong>dices;</strong></span> <span class='ocrx_word' id='word_1_511' title='bbox 2516 2955 2582 3008; x_wconf 90' lang='lat' dir='ltr'><strong>de</strong></span> <span class='ocrx_word' id='word_1_512' title='bbox 2622 2955 2743 3009; x_wconf 90' lang='lat' dir='ltr'><strong>aliis</strong></span> <span class='ocrx_word' id='word_1_513' title='bbox 2773 2970 2901 3009; x_wconf 88' lang='lat' dir='ltr'><strong>vero</strong></span> <span class='ocrx_word' id='word_1_514' title='bbox 2960 2970 3067 3010; x_wconf 93' lang='lat' dir='ltr'><strong>non</strong></span> <span class='ocrx_word' id='word_1_515' title='bbox 3107 2956 3261 3026; x_wconf 89' lang='lat' dir='ltr'><strong>item,</strong></span> <span class='ocrx_word' id='word_1_516' title='bbox 3307 2958 3402 3013; x_wconf 90' lang='lat' dir='ltr'><strong>sed</strong></span> <span class='ocrx_word' id='word_1_517' title='bbox 3448 2959 3625 3028; x_wconf 89' lang='lat' dir='ltr'><strong>potius</strong></span> 
     </span>
    </p>
   </div>
   <div class='ocr_carea' id='block_1_71' title="bbox 2049 3042 2754 3109">
    <p class='ocr_par' dir='ltr' id='par_1_71' title="bbox 2049 3042 2754 3109">
     <span class='ocr_line' id='line_1_71' title="bbox 2049 3042 2754 3109; baseline 0.006 -13"><span class='ocrx_word' id='word_1_518' title='bbox 2049 3042 2292 3109; x_wconf 83' lang='lat' dir='ltr'><strong>abusive,</strong></span> <span class='ocrx_word' id='word_1_519' title='bbox 2330 3053 2391 3100; x_wconf 86' lang='lat' dir='ltr'><strong>ut</strong></span> <span class='ocrx_word' id='word_1_520' title='bbox 2415 3047 2620 3101; x_wconf 91' lang='lat' dir='ltr'><strong>dictum</strong></span> <span class='ocrx_word' id='word_1_521' title='bbox 2651 3055 2754 3101; x_wconf 88' lang='lat' dir='ltr'><strong>est.</strong></span> 
     </span>
    </p>
   </div>
   <div class='ocr_carea' id='block_1_72' title="bbox 2442 3178 3204 3249">
    <p class='ocr_par' dir='ltr' id='par_1_72' title="bbox 2442 3178 3204 3249">
     <span class='ocr_line' id='line_1_72' title="bbox 2442 3178 3204 3249; baseline 0 -11"><span class='ocrx_word' id='word_1_522' title='bbox 2442 3178 2599 3249; x_wconf 82' lang='lat'><strong>193</strong></span> <span class='ocrx_word' id='word_1_523' title='bbox 2635 3180 2876 3248; x_wconf 83' lang='lat' dir='ltr'><strong>Objectio</strong></span> <span class='ocrx_word' id='word_1_524' title='bbox 2929 3178 3204 3238; x_wconf 81' lang='lat' dir='ltr'><strong>Eunomii.</strong></span> 
     </span>
    </p>
   </div>
   <div class='ocr_carea' id='block_1_73' title="bbox 2120 3312 3627 3384">
    <p class='ocr_par' dir='ltr' id='par_1_73' title="bbox 2120 3312 3627 3384">
     <span class='ocr_line' id='line_1_73' title="bbox 2120 3312 3627 3384; baseline 0.002 -17"><span class='ocrx_word' id='word_1_525' title='bbox 2120 3313 2386 3373; x_wconf 87' lang='lat' dir='ltr'><strong>Verbum,</strong></span> <span class='ocrx_word' id='word_1_526' title='bbox 2403 3312 2597 3382; x_wconf 85' lang='lat' dir='ltr'><strong>inquit,</strong></span> <span class='ocrx_word' id='word_1_527' title='bbox 2618 3313 2822 3367; x_wconf 87' lang='lat' dir='ltr'><strong>dictum</strong></span> <span class='ocrx_word' id='word_1_528' title='bbox 2840 3321 2921 3368; x_wconf 92' lang='lat' dir='ltr'><strong>est</strong></span> <span class='ocrx_word' id='word_1_529' title='bbox 2946 3314 2997 3367; x_wconf 93' lang='lat' dir='ltr'><strong>in</strong></span> <span class='ocrx_word' id='word_1_530' title='bbox 3020 3329 3171 3370; x_wconf 86' lang='lat' dir='ltr'><strong>sacra</strong></span> <span class='ocrx_word' id='word_1_531' title='bbox 3197 3312 3500 3384; x_wconf 86' lang='lat' dir='ltr'><strong>Scriptura,</strong></span> <span class='ocrx_word' id='word_1_532' title='bbox 3520 3331 3627 3370; x_wconf 83' lang='lat' dir='ltr'><strong>non</strong></span> 
     </span>
    </p>
   </div>
   <div class='ocr_carea' id='block_1_74' title="bbox 2051 3404 3629 3475">
    <p class='ocr_par' dir='ltr' id='par_1_74' title="bbox 2051 3404 3629 3475">
     <span class='ocr_line' id='line_1_74' title="bbox 2051 3404 3629 3475; baseline 0.003 -18"><span class='ocrx_word' id='word_1_533' title='bbox 2051 3405 2175 3473; x_wconf 86' lang='lat' dir='ltr'><strong>quia</strong></span> <span class='ocrx_word' id='word_1_534' title='bbox 2212 3420 2275 3458; x_wconf 85' lang='lat' dir='ltr'><strong>ex</strong></span> <span class='ocrx_word' id='word_1_535' title='bbox 2309 3404 2472 3458; x_wconf 91' lang='lat' dir='ltr'><strong>Patre</strong></span> <span class='ocrx_word' id='word_1_536' title='bbox 2502 3407 2797 3458; x_wconf 88' lang='lat' dir='ltr'><strong>secundum</strong></span> <span class='ocrx_word' id='word_1_537' title='bbox 2822 3414 3069 3458; x_wconf 84' lang='lat' dir='ltr'><strong>naturam</strong></span> <span class='ocrx_word' id='word_1_538' title='bbox 3091 3406 3338 3469; x_wconf 84' lang='lat' dir='ltr'><strong>exsistat,</strong></span> <span class='ocrx_word' id='word_1_539' title='bbox 3369 3417 3461 3459; x_wconf 88' lang='lat' dir='ltr'><strong>attt</strong></span> <span class='ocrx_word' id='word_1_540' title='bbox 3489 3408 3629 3475; x_wconf 78' lang='lat' dir='ltr'><strong>quod</strong></span> 
     </span>
    </p>
   </div>
   <div class='ocr_carea' id='block_1_75' title="bbox 2048 3497 3632 3566">
    <p class='ocr_par' dir='ltr' id='par_1_75' title="bbox 2048 3497 3632 3566">
     <span class='ocr_line' id='line_1_75' title="bbox 2048 3497 3632 3566; baseline 0.001 -15"><span class='ocrx_word' id='word_1_541' title='bbox 2048 3498 2119 3551; x_wconf 91' lang='lat' dir='ltr'><strong>sit</strong></span> <span class='ocrx_word' id='word_1_542' title='bbox 2150 3498 2503 3551; x_wconf 90' lang='lat' dir='ltr'><strong>intrinsecum</strong></span> <span class='ocrx_word' id='word_1_543' title='bbox 2536 3498 2650 3552; x_wconf 91' lang='lat' dir='ltr'><strong>sive</strong></span> <span class='ocrx_word' id='word_1_544' title='bbox 2682 3498 2901 3551; x_wconf 90' lang='lat' dir='ltr'><strong>insitum</strong></span> <span class='ocrx_word' id='word_1_545' title='bbox 2926 3497 3073 3552; x_wconf 87' lang='lat' dir='ltr'><strong>Patri</strong></span> <span class='ocrx_word' id='word_1_546' title='bbox 3107 3499 3352 3565; x_wconf 88' lang='lat' dir='ltr'><strong>verbum,</strong></span> <span class='ocrx_word' id='word_1_547' title='bbox 3378 3500 3469 3554; x_wconf 89' lang='lat' dir='ltr'><strong>sed</strong></span> <span class='ocrx_word' id='word_1_548' title='bbox 3501 3499 3632 3566; x_wconf 83' lang='lat' dir='ltr'><strong>quia</strong></span> 
     </span>
    </p>
   </div>
   <div class='ocr_carea' id='block_1_76' title="bbox 2048 3586 3634 3653">
    <p class='ocr_par' dir='ltr' id='par_1_76' title="bbox 2048 3586 3634 3653">
     <span class='ocr_line' id='line_1_76' title="bbox 2048 3586 3634 3653; baseline 0.003 -13"><span class='ocrx_word' id='word_1_549' title='bbox 2048 3586 2224 3641; x_wconf 89' lang='lat' dir='ltr'><strong>Patris</strong></span> <span class='ocrx_word' id='word_1_550' title='bbox 2252 3589 2476 3641; x_wconf 87' lang='lat' dir='ltr'><strong>verbum</strong></span> <span class='ocrx_word' id='word_1_551' title='bbox 2517 3588 2763 3653; x_wconf 90' lang='lat' dir='ltr'><strong>audiens,</strong></span> <span class='ocrx_word' id='word_1_552' title='bbox 2795 3589 2846 3641; x_wconf 90' lang='lat' dir='ltr'><strong>id</strong></span> <span class='ocrx_word' id='word_1_553' title='bbox 2876 3588 3032 3644; x_wconf 89' lang='lat' dir='ltr'><strong>nobis</strong></span> <span class='ocrx_word' id='word_1_554' title='bbox 3063 3592 3344 3645; x_wconf 87' lang='lat' dir='ltr'><strong>annuntiat</strong></span> <span class='ocrx_word' id='word_1_555' title='bbox 3371 3609 3385 3644; x_wconf 90' lang='lat'>:</span> <span class='ocrx_word' id='word_1_556' title='bbox 3411 3593 3549 3645; x_wconf 88' lang='lat' dir='ltr'><strong>sicut</strong></span> <span class='ocrx_word' id='word_1_557' title='bbox 3577 3599 3634 3644; x_wconf 84' lang='lat' dir='ltr'><strong>et</strong></span> 
     </span>
    </p>
   </div>
   <div class='ocr_carea' id='block_1_77' title="bbox 2051 3677 3630 3748">
    <p class='ocr_par' dir='ltr' id='par_1_77' title="bbox 2051 3677 3630 3748">
     <span class='ocr_line' id='line_1_77' title="bbox 2051 3677 3630 3748; baseline -0.001 -16"><span class='ocrx_word' id='word_1_558' title='bbox 2051 3677 2410 3732; x_wconf 79' lang='lat' dir='ltr'><strong>sanctificatio</strong></span> <span class='ocrx_word' id='word_1_559' title='bbox 2441 3678 2618 3732; x_wconf 89' lang='lat' dir='ltr'><strong>dictus</strong></span> <span class='ocrx_word' id='word_1_560' title='bbox 2651 3686 2754 3741; x_wconf 91' lang='lat' dir='ltr'><strong>est,</strong></span> <span class='ocrx_word' id='word_1_561' title='bbox 2781 3677 2907 3745; x_wconf 87' lang='lat' dir='ltr'><strong>quia</strong></span> <span class='ocrx_word' id='word_1_562' title='bbox 2953 3680 3280 3746; x_wconf 82' lang='lat' dir='ltr'><strong>sanctificat,</strong></span> <span class='ocrx_word' id='word_1_563' title='bbox 3317 3688 3371 3733; x_wconf 90' lang='lat' dir='ltr'><strong>et</strong></span> <span class='ocrx_word' id='word_1_564' title='bbox 3397 3677 3630 3748; x_wconf 86' lang='lat' dir='ltr'><strong>justitia,</strong></span> 
     </span>
    </p>
   </div>
   <div class='ocr_carea' id='block_1_78' title="bbox 2050 3768 2479 3835">
    <p class='ocr_par' dir='ltr' id='par_1_78' title="bbox 2050 3768 2479 3835">
     <span class='ocr_line' id='line_1_78' title="bbox 2050 3768 2479 3835; baseline 0 -15"><span class='ocrx_word' id='word_1_565' title='bbox 2050 3768 2173 3821; x_wconf 87' lang='lat' dir='ltr'><strong>auia</strong></span> <span class='ocrx_word' id='word_1_566' title='bbox 2192 3768 2479 3835; x_wconf 85' lang='lat' dir='ltr'><strong>justificat.</strong></span> 
     </span>
    </p>
   </div>
   <div class='ocr_carea' id='block_1_79' title="bbox 2567 3879 3128 3948">
    <p class='ocr_par' dir='ltr' id='par_1_79' title="bbox 2567 3879 3128 3948">
     <span class='ocr_line' id='line_1_79' title="bbox 2567 3879 3128 3948; baseline 0.002 -15"><span class='ocrx_word' id='word_1_567' title='bbox 2567 3879 2772 3933; x_wconf 84' lang='lat' dir='ltr'><strong>Salutio</strong></span> <span class='ocrx_word' id='word_1_568' title='bbox 2802 3881 3128 3948; x_wconf 79' lang='lat' dir='ltr'><strong>objectiom’s.</strong></span> 
     </span>
    </p>
   </div>
   <div class='ocr_carea' id='block_1_80' title="bbox 2124 4011 3630 4086">
    <p class='ocr_par' dir='ltr' id='par_1_80' title="bbox 2124 4011 3630 4086">
     <span class='ocr_line' id='line_1_80' title="bbox 2124 4011 3630 4086; baseline -0.004 -16"><span class='ocrx_word' id='word_1_569' title='bbox 2124 4013 2203 4079; x_wconf 87' lang='lat' dir='ltr'><strong>Si,</strong></span> <span class='ocrx_word' id='word_1_570' title='bbox 2224 4015 2376 4086; x_wconf 85' lang='lat' dir='ltr'><strong>juxta</strong></span> <span class='ocrx_word' id='word_1_571' title='bbox 2415 4023 2561 4068; x_wconf 90' lang='lat' dir='ltr'><strong>tuam</strong></span> <span class='ocrx_word' id='word_1_572' title='bbox 2591 4014 3007 4084; x_wconf 80' lang='lat' dir='ltr'><strong>blasphemiam,</strong></span> <span class='ocrx_word' id='word_1_573' title='bbox 3030 4013 3264 4069; x_wconf 91' lang='lat' dir='ltr'><strong>Verhum</strong></span> <span class='ocrx_word' id='word_1_574' title='bbox 3297 4011 3497 4068; x_wconf 88' lang='lat' dir='ltr'><strong>dictum</strong></span> <span class='ocrx_word' id='word_1_575' title='bbox 3525 4022 3630 4077; x_wconf 91' lang='lat' dir='ltr'><strong>est,</strong></span> 
     </span>
    </p>
   </div>
   <div class='ocr_carea' id='block_1_81' title="bbox 2053 4104 3631 4177">
    <p class='ocr_par' dir='ltr' id='par_1_81' title="bbox 2053 4104 3631 4177">
     <span class='ocr_line' id='line_1_81' title="bbox 2053 4104 3631 4177; baseline -0.002 -16"><span class='ocrx_word' id='word_1_576' title='bbox 2053 4122 2157 4162; x_wconf 92' lang='lat' dir='ltr'><strong>non</strong></span> <span class='ocrx_word' id='word_1_577' title='bbox 2190 4106 2333 4177; x_wconf 88' lang='lat' dir='ltr'><strong>quod</strong></span> <span class='ocrx_word' id='word_1_578' title='bbox 2366 4106 2689 4161; x_wconf 90' lang='lat' dir='ltr'><strong>naturaliter</strong></span> <span class='ocrx_word' id='word_1_579' title='bbox 2719 4108 2823 4162; x_wconf 87' lang='lat' dir='ltr'><strong>hoc</strong></span> <span class='ocrx_word' id='word_1_580' title='bbox 2846 4109 2916 4162; x_wconf 91' lang='lat' dir='ltr'><strong>sit</strong></span> <span class='ocrx_word' id='word_1_581' title='bbox 2943 4122 3008 4162; x_wconf 85' lang='lat' dir='ltr'><strong>ex</strong></span> <span class='ocrx_word' id='word_1_582' title='bbox 3045 4106 3206 4161; x_wconf 90' lang='lat' dir='ltr'><strong>Patre</strong></span> <span class='ocrx_word' id='word_1_583' title='bbox 3234 4104 3551 4174; x_wconf 89' lang='lat' dir='ltr'><strong>procedens,</strong></span> <span class='ocrx_word' id='word_1_584' title='bbox 3578 4114 3631 4159; x_wconf 88' lang='lat' dir='ltr'><strong>et</strong></span> 
     </span>
    </p>
   </div>
   <div class='ocr_carea' id='block_1_82' title="bbox 2055 4196 3631 4269">
    <p class='ocr_par' dir='ltr' id='par_1_82' title="bbox 2055 4196 3631 4269">
     <span class='ocr_line' id='line_1_82' title="bbox 2055 4196 3631 4269; baseline 0 -18"><span class='ocrx_word' id='word_1_585' title='bbox 2055 4199 2319 4266; x_wconf 82' lang='lat' dir='ltr'><strong>genitoris</strong></span> <span class='ocrx_word' id='word_1_586' title='bbox 2347 4200 2427 4252; x_wconf 91' lang='lat' dir='ltr'><strong>sui</strong></span> <span class='ocrx_word' id='word_1_587' title='bbox 2467 4199 2760 4253; x_wconf 83' lang='lat' dir='ltr'><strong>essentiam</strong></span> <span class='ocrx_word' id='word_1_588' title='bbox 2789 4199 3096 4264; x_wconf 88' lang='lat' dir='ltr'><strong>declarans,</strong></span> <span class='ocrx_word' id='word_1_589' title='bbox 3134 4198 3228 4254; x_wconf 87' lang='lat' dir='ltr'><strong>sed</strong></span> <span class='ocrx_word' id='word_1_590' title='bbox 3260 4198 3405 4269; x_wconf 90' lang='lat' dir='ltr'><strong>quod</strong></span> <span class='ocrx_word' id='word_1_591' title='bbox 3449 4196 3631 4252; x_wconf 71' lang='lat' dir='ltr'><strong>Patris</strong></span> 
     </span>
    </p>
   </div>
   <div class='ocr_carea' id='block_1_83' title="bbox 2055 4289 3630 4355">
    <p class='ocr_par' dir='ltr' id='par_1_83' title="bbox 2055 4289 3630 4355">
     <span class='ocr_line' id='line_1_83' title="bbox 2055 4289 3630 4355; baseline 0.002 -16"><span class='ocrx_word' id='word_1_592' title='bbox 2055 4290 2276 4343; x_wconf 85' lang='lat' dir='ltr'><strong>verbum</strong></span> <span class='ocrx_word' id='word_1_593' title='bbox 2310 4290 2558 4354; x_wconf 90' lang='lat' dir='ltr'><strong>audiens,</strong></span> <span class='ocrx_word' id='word_1_594' title='bbox 2594 4289 2751 4344; x_wconf 92' lang='lat' dir='ltr'><strong>nobis</strong></span> <span class='ocrx_word' id='word_1_595' title='bbox 2783 4290 2832 4343; x_wconf 90' lang='lat' dir='ltr'><strong>id</strong></span> <span class='ocrx_word' id='word_1_596' title='bbox 2867 4291 3171 4355; x_wconf 88' lang='lat' dir='ltr'><strong>annuntiet,</strong></span> <span class='ocrx_word' id='word_1_597' title='bbox 3202 4290 3428 4346; x_wconf 87' lang='lat' dir='ltr'><strong>observa</strong></span> <span class='ocrx_word' id='word_1_598' title='bbox 3470 4290 3630 4343; x_wconf 87' lang='lat' dir='ltr'><strong>etiam</strong></span> 
     </span>
    </p>
   </div>
   <div class='ocr_carea' id='block_1_84' title="bbox 2057 4381 3633 4452">
    <p class='ocr_par' dir='ltr' id='par_1_84' title="bbox 2057 4381 3633 4452">
     <span class='ocr_line' id='line_1_84' title="bbox 2057 4381 3633 4452; baseline -0.002 -17"><span class='ocrx_word' id='word_1_599' title='bbox 2057 4381 2110 4435; x_wconf 93' lang='lat' dir='ltr'><strong>in</strong></span> <span class='ocrx_word' id='word_1_600' title='bbox 2142 4381 2263 4435; x_wconf 88' lang='lat' dir='ltr'><strong>aliis</strong></span> <span class='ocrx_word' id='word_1_601' title='bbox 2296 4381 2540 4436; x_wconf 90' lang='lat' dir='ltr'><strong>eamdem</strong></span> <span class='ocrx_word' id='word_1_602' title='bbox 2576 4382 2838 4436; x_wconf 87' lang='lat' dir='ltr'><strong>rationem</strong></span> <span class='ocrx_word' id='word_1_603' title='bbox 2862 4391 2915 4436; x_wconf 90' lang='lat' dir='ltr'><strong>et</strong></span> <span class='ocrx_word' id='word_1_604' title='bbox 2933 4383 3395 4452; x_wconf 89' lang='lat' dir='ltr'><strong>consequentiam,</strong></span> <span class='ocrx_word' id='word_1_605' title='bbox 3424 4390 3480 4435; x_wconf 91' lang='lat' dir='ltr'><strong>ut</strong></span> <span class='ocrx_word' id='word_1_606' title='bbox 3511 4396 3633 4450; x_wconf 80' lang='lat' dir='ltr'><strong>gra-</strong></span> 
     </span>
    </p>
   </div>
   <div class='ocr_carea' id='block_1_85' title="bbox 365 4470 1942 4543">
    <p class='ocr_par' dir='ltr' id='par_1_85' title="bbox 365 4470 1942 4543">
     <span class='ocr_line' id='line_1_85' title="bbox 365 4470 1942 4543; baseline -0.006 -15"><span class='ocrx_word' id='word_1_607' title='bbox 365 4475 716 4536; x_wconf 83' lang='grc' dir='ltr'>άκολουθίαν,</span> <span class='ocrx_word' id='word_1_608' title='bbox 759 4474 847 4525; x_wconf 81' lang='grc' dir='ltr'>ἵνα</span> <span class='ocrx_word' id='word_1_609' title='bbox 872 4473 965 4526; x_wconf 64' lang='grc' dir='ltr'>καλ.</span> <span class='ocrx_word' id='word_1_610' title='bbox 1004 4473 1264 4543; x_wconf 77' lang='grc' dir='ltr'>μειζόνως</span> <span class='ocrx_word' id='word_1_611' title='bbox 1299 4472 1703 4541; x_wconf 76' lang='grc' dir='ltr'>ἀσχημονήσῃς.</span> <span class='ocrx_word' id='word_1_612' title='bbox 1742 4471 1803 4522; x_wconf 71' lang='lat' dir='ltr'><strong>Et</strong></span> <span class='ocrx_word' id='word_1_613' title='bbox 1841 4470 1942 4539; x_wconf 83' lang='grc' dir='ltr'><strong>γάρ</strong></span> 
     </span>
    </p>
   </div>
   <div class='ocr_carea' id='block_1_86' title="bbox 2050 4470 3633 4543">
    <p class='ocr_par' dir='ltr' id='par_1_86' title="bbox 2056 4470 3633 4540">
     <span class='ocr_line' id='line_1_86' title="bbox 2056 4470 3633 4540; baseline 0.001 -16"><span class='ocrx_word' id='word_1_614' title='bbox 2056 4471 2177 4525; x_wconf 92' lang='lat' dir='ltr'><strong>vius</strong></span> <span class='ocrx_word' id='word_1_615' title='bbox 2237 4474 2583 4540; x_wconf 88' lang='lat' dir='ltr'><strong>apertiusque</strong></span> <span class='ocrx_word' id='word_1_616' title='bbox 2628 4472 2929 4540; x_wconf 87' lang='lat' dir='ltr'><strong>delinquas.</strong></span> <span class='ocrx_word' id='word_1_617' title='bbox 2977 4470 3112 4524; x_wconf 84' lang='lat' dir='ltr'><strong>Nam</strong></span> <span class='ocrx_word' id='word_1_618' title='bbox 3167 4473 3212 4526; x_wconf 92' lang='lat' dir='ltr'><strong>si</strong></span> <span class='ocrx_word' id='word_1_619' title='bbox 3265 4472 3497 4526; x_wconf 85' lang='lat' dir='ltr'><strong>Verbum</strong></span> <span class='ocrx_word' id='word_1_620' title='bbox 3549 4480 3633 4525; x_wconf 87' lang='lat' dir='ltr'><strong>est</strong></span> 
     </span>
    </p>
   </div>
   <div class='ocr_carea' id='block_1_87' title="bbox 364 4562 1942 4635">
    <p class='ocr_par' dir='ltr' id='par_1_87' title="bbox 364 4562 1942 4635">
     <span class='ocr_line' id='line_1_87' title="bbox 364 4562 1942 4635; baseline -0.008 -15"><span class='ocrx_word' id='word_1_621' title='bbox 364 4569 541 4635; x_wconf 82' lang='grc' dir='ltr'>Λόγος</span> <span class='ocrx_word' id='word_1_622' title='bbox 574 4568 763 4631; x_wconf 76' lang='grc' dir='ltr'>ἐστὶν,</span> <span class='ocrx_word' id='word_1_623' title='bbox 811 4566 893 4618; x_wconf 83' lang='grc' dir='ltr'>δτι</span> <span class='ocrx_word' id='word_1_624' title='bbox 938 4565 1097 4633; x_wconf 85' lang='grc' dir='ltr'>λόγον</span> <span class='ocrx_word' id='word_1_625' title='bbox 1148 4565 1403 4633; x_wconf 82' lang='grc' dir='ltr'>ἀκήκοεν,</span> <span class='ocrx_word' id='word_1_626' title='bbox 1456 4565 1746 4630; x_wconf 84' lang='grc' dir='ltr'>ἀναγκαῖον</span> <span class='ocrx_word' id='word_1_627' title='bbox 1787 4562 1942 4612; x_wconf 49' lang='lat' dir='ltr'><strong>simia</strong></span> 
     </span>
    </p>
   </div>
   <div class='ocr_carea' id='block_1_88' title="bbox 2050 4562 3633 4635">
    <p class='ocr_par' dir='ltr' id='par_1_88' title="bbox 2062 4562 3633 4635">
     <span class='ocr_line' id='line_1_88' title="bbox 2062 4562 3633 4635; baseline -0.003 -16"><span class='ocrx_word' id='word_1_628' title='bbox 2062 4565 2187 4635; x_wconf 90' lang='lat' dir='ltr'><strong>quia</strong></span> <span class='ocrx_word' id='word_1_629' title='bbox 2219 4564 2444 4619; x_wconf 89' lang='lat' dir='ltr'><strong>verbum</strong></span> <span class='ocrx_word' id='word_1_630' title='bbox 2486 4562 2711 4626; x_wconf 90' lang='lat' dir='ltr'><strong>audivit,</strong></span> <span class='ocrx_word' id='word_1_631' title='bbox 2753 4562 3117 4617; x_wconf 88' lang='lat' dir='ltr'><strong>necessarium</strong></span> <span class='ocrx_word' id='word_1_632' title='bbox 3154 4563 3420 4617; x_wconf 87' lang='lat' dir='ltr'><strong>estetiam</strong></span> <span class='ocrx_word' id='word_1_633' title='bbox 3460 4563 3633 4632; x_wconf 91' lang='lat' dir='ltr'><strong>ipsum</strong></span> 
     </span>
    </p>
   </div>
   <div class='ocr_carea' id='block_1_89' title="bbox 366 4653 1942 4725">
    <p class='ocr_par' dir='ltr' id='par_1_89' title="bbox 366 4653 1942 4725">
     <span class='ocr_line' id='line_1_89' title="bbox 366 4653 1942 4725; baseline -0.004 -15"><span class='ocrx_word' id='word_1_634' title='bbox 366 4659 447 4711; x_wconf 83' lang='grc' dir='ltr'><strong>ὅτι</strong></span> <span class='ocrx_word' id='word_1_635' title='bbox 482 4661 579 4712; x_wconf 68' lang='grc' dir='ltr'><strong>καὶ</strong></span> <span class='ocrx_word' id='word_1_636' title='bbox 608 4656 924 4725; x_wconf 78' lang='grc' dir='ltr'>δικαιοσύνη</span> <span class='ocrx_word' id='word_1_637' title='bbox 971 4657 1065 4708; x_wconf 73' lang='grc' dir='ltr'><strong>καὶ</strong></span> <span class='ocrx_word' id='word_1_638' title='bbox 1102 4656 1375 4724; x_wconf 74' lang='grc' dir='ltr'>ἁγιασμὸς</span> <span class='ocrx_word' id='word_1_639' title='bbox 1420 4656 1588 4717; x_wconf 76' lang='grc' dir='ltr'>ἐστιν,</span> <span class='ocrx_word' id='word_1_640' title='bbox 1638 4654 1710 4716; x_wconf 81' lang='grc' dir='ltr'>ὡς</span> <span class='ocrx_word' id='word_1_641' title='bbox 1746 4653 1942 4705; x_wconf 86' lang='grc' dir='ltr'>δικαιο-</span> 
     </span>
    </p>
   </div>
   <div class='ocr_carea' id='block_1_90' title="bbox 2050 4653 3636 4725">
    <p class='ocr_par' dir='ltr' id='par_1_90' title="bbox 2060 4653 3636 4725">
     <span class='ocr_line' id='line_1_90' title="bbox 2060 4653 3636 4725; baseline -0.005 -12"><span class='ocrx_word' id='word_1_642' title='bbox 2060 4672 2184 4713; x_wconf 88' lang='lat' dir='ltr'><strong>esse</strong></span> <span class='ocrx_word' id='word_1_643' title='bbox 2221 4657 2485 4725; x_wconf 84' lang='lat' dir='ltr'><strong>justitiam</strong></span> <span class='ocrx_word' id='word_1_644' title='bbox 2529 4665 2581 4711; x_wconf 90' lang='lat' dir='ltr'><strong>et</strong></span> <span class='ocrx_word' id='word_1_645' title='bbox 2638 4654 3123 4709; x_wconf 81' lang='lat' dir='ltr'><strong>sanetiﬁcationem</strong></span> <span class='ocrx_word' id='word_1_646' title='bbox 3161 4654 3285 4723; x_wconf 89' lang='lat' dir='ltr'><strong>quia</strong></span> <span class='ocrx_word' id='word_1_647' title='bbox 3318 4653 3541 4722; x_wconf 84' lang='lat' dir='ltr'><strong>justitiae</strong></span> <span class='ocrx_word' id='word_1_648' title='bbox 3580 4664 3636 4705; x_wconf 90' lang='lat' dir='ltr'><strong>et</strong></span> 
     </span>
    </p>
   </div>
   <div class='ocr_carea' id='block_1_91' title="bbox 369 4742 1942 4820">
    <p class='ocr_par' dir='ltr' id='par_1_91' title="bbox 369 4743 1942 4820">
     <span class='ocr_line' id='line_1_91' title="bbox 369 4743 1942 4820; baseline -0.004 -18"><span class='ocrx_word' id='word_1_649' title='bbox 369 4749 539 4820; x_wconf 82' lang='grc' dir='ltr'>σύνης</span> <span class='ocrx_word' id='word_1_650' title='bbox 588 4750 684 4802; x_wconf 78' lang='grc' dir='ltr'><strong>καὶ</strong></span> <span class='ocrx_word' id='word_1_651' title='bbox 736 4746 1009 4817; x_wconf 84' lang='grc' dir='ltr'>ἁγιασμοῦ</span> <span class='ocrx_word' id='word_1_652' title='bbox 1059 4746 1310 4816; x_wconf 77' lang='grc' dir='ltr'>μέτοχος,</span> <span class='ocrx_word' id='word_1_653' title='bbox 1362 4746 1453 4799; x_wconf 81' lang='grc' dir='ltr'>καὶ</span> <span class='ocrx_word' id='word_1_654' title='bbox 1497 4747 1558 4797; x_wconf 81' lang='grc' dir='ltr'><strong>οὐ</strong></span> <span class='ocrx_word' id='word_1_655' title='bbox 1608 4744 1748 4797; x_wconf 83' lang='grc' dir='ltr'>κατὰ</span> <span class='ocrx_word' id='word_1_656' title='bbox 1794 4743 1942 4815; x_wconf 58' lang='grc' dir='ltr'>φύσιπ</span> 
     </span>
    </p>
   </div>
   <div class='ocr_carea' id='block_1_92' title="bbox 2050 4742 3635 4820">
    <p class='ocr_par' dir='ltr' id='par_1_92' title="bbox 2060 4742 3635 4815">
     <span class='ocr_line' id='line_1_92' title="bbox 2060 4742 3635 4815; baseline -0.006 -12"><span class='ocrx_word' id='word_1_657' title='bbox 2060 4747 2507 4804; x_wconf 87' lang='lat' dir='ltr'><strong>sanctificationis</strong></span> <span class='ocrx_word' id='word_1_658' title='bbox 2532 4754 2617 4801; x_wconf 84' lang='lat' dir='ltr'><strong>est</strong></span> <span class='ocrx_word' id='word_1_659' title='bbox 2646 4746 2940 4815; x_wconf 88' lang='lat' dir='ltr'><strong>particeps,</strong></span> <span class='ocrx_word' id='word_1_660' title='bbox 2971 4760 3075 4799; x_wconf 92' lang='lat' dir='ltr'><strong>non</strong></span> <span class='ocrx_word' id='word_1_661' title='bbox 3104 4752 3282 4798; x_wconf 88' lang='lat' dir='ltr'><strong>autem</strong></span> <span class='ocrx_word' id='word_1_662' title='bbox 3318 4742 3635 4795; x_wconf 85' lang='lat' dir='ltr'><strong>naturaliter</strong></span> 
     </span>
    </p>
   </div>
   <div class='ocr_carea' id='block_1_93' title="bbox 365 4832 1942 4908">
    <p class='ocr_par' dir='ltr' id='par_1_93' title="bbox 365 4835 1942 4908">
     <span class='ocr_line' id='line_1_93' title="bbox 365 4835 1942 4908; baseline -0.001 -18"><span class='ocrx_word' id='word_1_663' title='bbox 365 4839 540 4891; x_wconf 77' lang='grc' dir='ltr'>ταῦτα</span> <span class='ocrx_word' id='word_1_664' title='bbox 568 4839 851 4908; x_wconf 82' lang='grc' dir='ltr'>ὑπάρχων.</span> <span class='ocrx_word' id='word_1_665' title='bbox 883 4837 963 4889; x_wconf 82' lang='grc' dir='ltr'>Τά</span> <span class='ocrx_word' id='word_1_666' title='bbox 1006 4836 1061 4889; x_wconf 79' lang='grc' dir='ltr'>δὲ</span> <span class='ocrx_word' id='word_1_667' title='bbox 1092 4837 1168 4906; x_wconf 79' lang='grc' dir='ltr'>μὴ</span> <span class='ocrx_word' id='word_1_668' title='bbox 1202 4836 1343 4888; x_wconf 79' lang='grc' dir='ltr'>κατὰ</span> <span class='ocrx_word' id='word_1_669' title='bbox 1385 4835 1545 4904; x_wconf 81' lang='grc' dir='ltr'>φύσιν</span> <span class='ocrx_word' id='word_1_670' title='bbox 1582 4835 1851 4904; x_wconf 80' lang='grc' dir='ltr'>προσόντα</span> <span class='ocrx_word' id='word_1_671' title='bbox 1882 4853 1942 4888; x_wconf 74' lang='grc' dir='ltr'><strong>τιι</strong></span> 
     </span>
    </p>
   </div>
   <div class='ocr_carea' id='block_1_94' title="bbox 2050 4832 3634 4908">
    <p class='ocr_par' dir='ltr' id='par_1_94' title="bbox 2058 4832 3634 4904">
     <span class='ocr_line' id='line_1_94' title="bbox 2058 4832 3634 4904; baseline -0.007 -10"><span class='ocrx_word' id='word_1_672' title='bbox 2058 4839 2109 4893; x_wconf 84' lang='lat' dir='ltr'><strong>id</strong></span> <span class='ocrx_word' id='word_1_673' title='bbox 2138 4854 2279 4894; x_wconf 90' lang='lat' dir='ltr'><strong>esse.</strong></span> <span class='ocrx_word' id='word_1_674' title='bbox 2317 4838 2446 4904; x_wconf 66' lang='lat' dir='ltr'><strong>Qua:</strong></span> <span class='ocrx_word' id='word_1_675' title='bbox 2473 4852 2602 4891; x_wconf 85' lang='lat' dir='ltr'><strong>vero</strong></span> <span class='ocrx_word' id='word_1_676' title='bbox 2634 4852 2738 4890; x_wconf 88' lang='lat' dir='ltr'><strong>non</strong></span> <span class='ocrx_word' id='word_1_677' title='bbox 2772 4837 3088 4891; x_wconf 90' lang='lat' dir='ltr'><strong>naturaliter</strong></span> <span class='ocrx_word' id='word_1_678' title='bbox 3113 4833 3272 4888; x_wconf 90' lang='lat' dir='ltr'><strong>alicui</strong></span> <span class='ocrx_word' id='word_1_679' title='bbox 3308 4834 3512 4894; x_wconf 86' lang='lat' dir='ltr'><strong>insunt,</strong></span> <span class='ocrx_word' id='word_1_680' title='bbox 3541 4832 3634 4885; x_wconf 86' lang='lat' dir='ltr'><strong>sed</strong></span> 
     </span>
    </p>
   </div>
   <div class='ocr_carea' id='block_1_95' title="bbox 368 4924 1942 5001">
    <p class='ocr_par' dir='ltr' id='par_1_95' title="bbox 368 4929 1942 5001">
     <span class='ocr_line' id='line_1_95' title="bbox 368 4929 1942 5001; baseline -0.004 -15"><span class='ocrx_word' id='word_1_681' title='bbox 368 4933 478 4996; x_wconf 71' lang='grc' dir='ltr'>σὶν,</span> <span class='ocrx_word' id='word_1_682' title='bbox 510 4933 627 4985; x_wconf 82' lang='grc' dir='ltr'><strong>ἀλλ’</strong></span> <span class='ocrx_word' id='word_1_683' title='bbox 660 4931 860 4998; x_wconf 78' lang='grc' dir='ltr'>ἔξωθεν</span> <span class='ocrx_word' id='word_1_684' title='bbox 899 4932 1252 4999; x_wconf 82' lang='grc' dir='ltr'>ὲπιγεγονότα</span> <span class='ocrx_word' id='word_1_685' title='bbox 1273 4972 1287 4995; x_wconf 86' lang='grc'><strong>,</strong></span> <span class='ocrx_word' id='word_1_686' title='bbox 1342 4930 1538 5001; x_wconf 65' lang='grc' dir='ltr'>ῥᾳδίως</span> <span class='ocrx_word' id='word_1_687' title='bbox 1571 4929 1942 4998; x_wconf 78' lang='grc' dir='ltr'>ἁποσυμϐήσε-</span> 
     </span>
    </p>
   </div>
   <div class='ocr_carea' id='block_1_96' title="bbox 2050 4924 3634 5001">
    <p class='ocr_par' dir='ltr' id='par_1_96' title="bbox 2054 4924 3634 4993">
     <span class='ocr_line' id='line_1_96' title="bbox 2054 4924 3634 4993; baseline -0.006 -10"><span class='ocrx_word' id='word_1_688' title='bbox 2054 4929 2391 4983; x_wconf 84' lang='lat' dir='ltr'><strong>extrinsecus</strong></span> <span class='ocrx_word' id='word_1_689' title='bbox 2416 4928 2693 4991; x_wconf 86' lang='lat' dir='ltr'><strong>accidunt,</strong></span> <span class='ocrx_word' id='word_1_690' title='bbox 2719 4925 2881 4981; x_wconf 82' lang='lat' dir='ltr'><strong>facile</strong></span> <span class='ocrx_word' id='word_1_691' title='bbox 2904 4929 3066 4981; x_wconf 88' lang='lat' dir='ltr'><strong>etiam</strong></span> <span class='ocrx_word' id='word_1_692' title='bbox 3094 4933 3318 4993; x_wconf 87' lang='lat' dir='ltr'><strong>possunt</strong></span> <span class='ocrx_word' id='word_1_693' title='bbox 3352 4937 3459 4976; x_wconf 90' lang='lat' dir='ltr'><strong>non</strong></span> <span class='ocrx_word' id='word_1_694' title='bbox 3490 4924 3634 4976; x_wconf 91' lang='lat' dir='ltr'><strong>acci-</strong></span> 
     </span>
    </p>
   </div>
   <div class='ocr_carea' id='block_1_97' title="bbox 365 5014 1942 5092">
    <p class='ocr_par' dir='ltr' id='par_1_97' title="bbox 365 5021 1942 5092">
     <span class='ocr_line' id='line_1_97' title="bbox 365 5021 1942 5092; baseline -0.005 -15"><span class='ocrx_word' id='word_1_695' title='bbox 365 5044 481 5079; x_wconf 83' lang='grc' dir='ltr'>ται.</span> <span class='ocrx_word' id='word_1_696' title='bbox 526 5025 633 5078; x_wconf 84' lang='grc' dir='ltr'>Καί</span> <span class='ocrx_word' id='word_1_697' title='bbox 682 5041 815 5076; x_wconf 80' lang='grc' dir='ltr'>ποτε</span> <span class='ocrx_word' id='word_1_698' title='bbox 861 5023 1209 5092; x_wconf 78' lang='grc' dir='ltr'>δικαιοσύνης</span> <span class='ocrx_word' id='word_1_699' title='bbox 1251 5023 1344 5075; x_wconf 74' lang='grc' dir='ltr'><strong>καὶ</strong></span> <span class='ocrx_word' id='word_1_700' title='bbox 1403 5021 1678 5091; x_wconf 87' lang='grc' dir='ltr'>ἁγιασμοῦ</span> <span class='ocrx_word' id='word_1_701' title='bbox 1722 5021 1942 5091; x_wconf 38' lang='grc' dir='ltr'>ἕρημος.</span> 
     </span>
    </p>
   </div>
   <div class='ocr_carea' id='block_1_98' title="bbox 2050 5014 3632 5092">
    <p class='ocr_par' dir='ltr' id='par_1_98' title="bbox 2051 5014 3632 5087">
     <span class='ocr_line' id='line_1_98' title="bbox 2051 5014 3632 5087; baseline -0.004 -15"><span class='ocrx_word' id='word_1_702' title='bbox 2051 5020 2201 5073; x_wconf 90' lang='lat' dir='ltr'><strong>dere.</strong></span> <span class='ocrx_word' id='word_1_703' title='bbox 2227 5020 2400 5087; x_wconf 86' lang='lat' dir='ltr'><strong>Atque</strong></span> <span class='ocrx_word' id='word_1_704' title='bbox 2419 5018 2489 5071; x_wconf 90' lang='lat' dir='ltr'><strong>ita</strong></span> <span class='ocrx_word' id='word_1_705' title='bbox 2526 5017 2834 5085; x_wconf 89' lang='lat' dir='ltr'><strong>aliquando,</strong></span> <span class='ocrx_word' id='word_1_706' title='bbox 2858 5015 3014 5085; x_wconf 84' lang='lat' dir='ltr'><strong>juxta</strong></span> <span class='ocrx_word' id='word_1_707' title='bbox 3040 5024 3275 5069; x_wconf 88' lang='lat' dir='ltr'><strong>vestram</strong></span> <span class='ocrx_word' id='word_1_708' title='bbox 3298 5014 3632 5083; x_wconf 84' lang='lat' dir='ltr'><strong>opinionem,</strong></span> 
     </span>
    </p>
   </div>
   <div class='ocr_carea' id='block_1_99' title="bbox 363 5102 1942 5183">
    <p class='ocr_par' dir='ltr' id='par_1_99' title="bbox 363 5110 1942 5183">
     <span class='ocr_line' id='line_1_99' title="bbox 363 5110 1942 5183; baseline -0.004 -16"><span class='ocrx_word' id='word_1_709' title='bbox 363 5114 492 5167; x_wconf 64' lang='grc' dir='ltr'>καθ’</span> <span class='ocrx_word' id='word_1_710' title='bbox 529 5116 697 5183; x_wconf 81' lang='grc' dir='ltr'>ὑμᾶς,</span> <span class='ocrx_word' id='word_1_711' title='bbox 724 5117 752 5167; x_wconf 84' lang='grc' dir='ltr'><strong>ὁ</strong></span> <span class='ocrx_word' id='word_1_712' title='bbox 782 5113 877 5167; x_wconf 88' lang='grc' dir='ltr'><strong>τοῦ</strong></span> <span class='ocrx_word' id='word_1_713' title='bbox 905 5111 1041 5164; x_wconf 86' lang='grc' dir='ltr'>Θεοῦ</span> <span class='ocrx_word' id='word_1_714' title='bbox 1076 5112 1249 5178; x_wconf 86' lang='grc' dir='ltr'>Λόγος</span> <span class='ocrx_word' id='word_1_715' title='bbox 1288 5115 1554 5179; x_wconf 79' lang='grc' dir='ltr'>φανεῖται,</span> <span class='ocrx_word' id='word_1_716' title='bbox 1587 5113 1614 5163; x_wconf 84' lang='grc' dir='ltr'>ὁ</span> <span class='ocrx_word' id='word_1_717' title='bbox 1643 5110 1836 5176; x_wconf 76' lang='grc' dir='ltr'>λέγων’</span> <span class='ocrx_word' id='word_1_718' title='bbox 1857 5128 1873 5159; x_wconf 80' lang='grc' dir='ltr'>ι</span> <span class='ocrx_word' id='word_1_719' title='bbox 1898 5110 1942 5161; x_wconf 79' lang='lat' dir='ltr'><strong>&#39;U</strong></span> 
     </span>
    </p>
   </div>
   <div class='ocr_carea' id='block_1_100' title="bbox 2050 5102 3625 5183">
    <p class='ocr_par' dir='ltr' id='par_1_100' title="bbox 2050 5102 3625 5179">
     <span class='ocr_line' id='line_1_100' title="bbox 2050 5102 3625 5179; baseline -0.003 -18"><span class='ocrx_word' id='word_1_720' title='bbox 2050 5110 2261 5179; x_wconf 84' lang='lat' dir='ltr'><strong>justitia</strong></span> <span class='ocrx_word' id='word_1_721' title='bbox 2283 5118 2338 5163; x_wconf 90' lang='lat' dir='ltr'><strong>et</strong></span> <span class='ocrx_word' id='word_1_722' title='bbox 2361 5108 2787 5163; x_wconf 84' lang='lat' dir='ltr'><strong>sanetiﬁcatione</strong></span> <span class='ocrx_word' id='word_1_723' title='bbox 2836 5123 3069 5161; x_wconf 89' lang='lat' dir='ltr'><strong>vacuum</strong></span> <span class='ocrx_word' id='word_1_724' title='bbox 3104 5107 3211 5160; x_wconf 91' lang='lat' dir='ltr'><strong>erit</strong></span> <span class='ocrx_word' id='word_1_725' title='bbox 3238 5106 3330 5159; x_wconf 89' lang='lat' dir='ltr'><strong>Dei</strong></span> <span class='ocrx_word' id='word_1_726' title='bbox 3366 5102 3625 5169; x_wconf 86' lang='lat' dir='ltr'><strong>Verbum,</strong></span> 
     </span>
    </p>
   </div>
   <div class='ocr_carea' id='block_1_101' title="bbox 362 5195 1942 5275">
    <p class='ocr_par' dir='ltr' id='par_1_101' title="bbox 362 5200 1942 5275">
     <span class='ocr_line' id='line_1_101' title="bbox 362 5200 1942 5275; baseline 0.001 -24"><span class='ocrx_word' id='word_1_727' title='bbox 362 5204 634 5275; x_wconf 78' lang='grc' dir='ltr'>ἑωρακὼς</span> <span class='ocrx_word' id='word_1_728' title='bbox 680 5204 821 5274; x_wconf 77' lang='grc' dir='ltr'>ἐμὲ,</span> <span class='ocrx_word' id='word_1_729' title='bbox 867 5202 1083 5273; x_wconf 79' lang='grc' dir='ltr'>ἑώρακε</span> <span class='ocrx_word' id='word_1_730' title='bbox 1144 5202 1238 5254; x_wconf 79' lang='grc' dir='ltr'><strong>τὸν</strong></span> <span class='ocrx_word' id='word_1_731' title='bbox 1292 5202 1529 5273; x_wconf 81' lang='grc' dir='ltr'>Πατέρα.</span> <span class='ocrx_word' id='word_1_732' title='bbox 1570 5221 1586 5250; x_wconf 74' lang='grc' dir='ltr'>ι</span> <span class='ocrx_word' id='word_1_733' title='bbox 1640 5200 1942 5265; x_wconf 60' lang='grc' dir='ltr'>ψθανούσης</span> 
     </span>
    </p>
   </div>
   <div class='ocr_carea' id='block_1_102' title="bbox 2050 5195 3631 5275">
    <p class='ocr_par' dir='ltr' id='par_1_102' title="bbox 2058 5195 3631 5269">
     <span class='ocr_line' id='line_1_102' title="bbox 2058 5195 3631 5269; baseline -0.005 -13"><span class='ocrx_word' id='word_1_734' title='bbox 2058 5201 2199 5269; x_wconf 89' lang='lat' dir='ltr'><strong>quod</strong></span> <span class='ocrx_word' id='word_1_735' title='bbox 2225 5200 2290 5255; x_wconf 90' lang='lat' dir='ltr'><strong>de</strong></span> <span class='ocrx_word' id='word_1_736' title='bbox 2315 5214 2372 5255; x_wconf 89' lang='lat' dir='ltr'><strong>se</strong></span> <span class='ocrx_word' id='word_1_737' title='bbox 2394 5200 2555 5255; x_wconf 84' lang='lat' dir='ltr'><strong>dicit:</strong></span> <span class='ocrx_word' id='word_1_738' title='bbox 2583 5217 2601 5249; x_wconf 78' lang='grc' dir='ltr'><strong>ι</strong></span> <span class='ocrx_word' id='word_1_739' title='bbox 2630 5198 2730 5264; x_wconf 83' lang='lat' dir='ltr'><strong>Qui</strong></span> <span class='ocrx_word' id='word_1_740' title='bbox 2757 5198 2888 5252; x_wconf 89' lang='lat' dir='ltr'><strong>vidit</strong></span> <span class='ocrx_word' id='word_1_741' title='bbox 2915 5211 3021 5264; x_wconf 91' lang='lat' dir='ltr'><strong>me,</strong></span> <span class='ocrx_word' id='word_1_742' title='bbox 3045 5197 3248 5253; x_wconf 88' lang='lat' dir='ltr'><strong>viditet</strong></span> <span class='ocrx_word' id='word_1_743' title='bbox 3276 5196 3491 5251; x_wconf 90' lang='lat' dir='ltr'><strong>Patrem</strong></span> <span class='ocrx_word' id='word_1_744' title='bbox 3517 5195 3581 5250; x_wconf 67' lang='grc' dir='ltr'><strong>δ’.</strong></span> <span class='ocrx_word' id='word_1_745' title='bbox 3612 5216 3631 5248; x_wconf 71' lang='grc' dir='ltr'>ι</span> 
     </span>
    </p>
   </div>
   <div class='ocr_carea' id='block_1_103' title="bbox 360 5288 1942 5364">
    <p class='ocr_par' dir='ltr' id='par_1_103' title="bbox 360 5292 1942 5364">
     <span class='ocr_line' id='line_1_103' title="bbox 360 5292 1942 5364; baseline -0.004 -16"><span class='ocrx_word' id='word_1_746' title='bbox 360 5294 662 5364; x_wconf 81' lang='grc' dir='ltr'>τοιγαροῦν</span> <span class='ocrx_word' id='word_1_747' title='bbox 730 5297 826 5348; x_wconf 61' lang='grc' dir='ltr'><strong>καὶ⁹</strong></span> <span class='ocrx_word' id='word_1_748' title='bbox 882 5297 961 5358; x_wconf 81' lang='grc' dir='ltr'><strong>εἰς</strong></span> <span class='ocrx_word' id='word_1_749' title='bbox 1020 5293 1183 5347; x_wconf 78' lang='grc' dir='ltr'>αὐτὸν</span> <span class='ocrx_word' id='word_1_750' title='bbox 1247 5293 1345 5363; x_wconf 70' lang='grc' dir='ltr'>ήδη</span> <span class='ocrx_word' id='word_1_751' title='bbox 1403 5293 1495 5345; x_wconf 86' lang='grc' dir='ltr'>τὸν</span> <span class='ocrx_word' id='word_1_752' title='bbox 1567 5292 1788 5362; x_wconf 85' lang='grc' dir='ltr'>Πατέρα</span> <span class='ocrx_word' id='word_1_753' title='bbox 1854 5295 1942 5361; x_wconf 79' lang='grc' dir='ltr'><strong>τῆς</strong></span> 
     </span>
    </p>
   </div>
   <div class='ocr_carea' id='block_1_104' title="bbox 2050 5288 3639 5364">
    <p class='ocr_par' dir='ltr' id='par_1_104' title="bbox 2057 5288 3639 5359">
     <span class='ocr_line' id='line_1_104' title="bbox 2057 5288 3639 5359; baseline -0.003 -15"><span class='ocrx_word' id='word_1_754' title='bbox 2057 5290 2191 5344; x_wconf 84' lang='lat' dir='ltr'><strong>Cum</strong></span> <span class='ocrx_word' id='word_1_755' title='bbox 2229 5290 2391 5358; x_wconf 80' lang='lat' dir='ltr'><strong>igitur</strong></span> <span class='ocrx_word' id='word_1_756' title='bbox 2415 5289 2482 5344; x_wconf 91' lang='lat' dir='ltr'><strong>ad</strong></span> <span class='ocrx_word' id='word_1_757' title='bbox 2513 5288 2730 5345; x_wconf 85' lang='lat' dir='ltr'><strong>Patrem</strong></span> <span class='ocrx_word' id='word_1_758' title='bbox 2761 5289 2936 5359; x_wconf 91' lang='lat' dir='ltr'><strong>ipsum</strong></span> <span class='ocrx_word' id='word_1_759' title='bbox 2962 5289 3078 5344; x_wconf 82' lang='lat' dir='ltr'><strong>haec</strong></span> <span class='ocrx_word' id='word_1_760' title='bbox 3104 5288 3436 5357; x_wconf 84' lang='lat' dir='ltr'><strong>blasphemia</strong></span> <span class='ocrx_word' id='word_1_761' title='bbox 3464 5288 3639 5357; x_wconf 89' lang='lat' dir='ltr'><strong>perti-</strong></span> 
     </span>
    </p>
   </div>
   <div class='ocr_carea' id='block_1_105' title="bbox 359 5378 1942 5457">
    <p class='ocr_par' dir='ltr' id='par_1_105' title="bbox 359 5382 1942 5457">
     <span class='ocr_line' id='line_1_105' title="bbox 359 5382 1942 5457; baseline -0.003 -17"><span class='ocrx_word' id='word_1_762' title='bbox 359 5387 719 5456; x_wconf 78' lang='grc' dir='ltr'>δυσφημίας,</span> <span class='ocrx_word' id='word_1_763' title='bbox 760 5386 1129 5457; x_wconf 81' lang='grc' dir='ltr'>παραιτητέον</span> <span class='ocrx_word' id='word_1_764' title='bbox 1166 5383 1273 5437; x_wconf 82' lang='grc' dir='ltr'><strong>τῶν</strong></span> <span class='ocrx_word' id='word_1_765' title='bbox 1317 5382 1703 5455; x_wconf 84' lang='grc' dir='ltr'>χριστομὰχων</span> <span class='ocrx_word' id='word_1_766' title='bbox 1732 5383 1831 5452; x_wconf 87' lang='grc' dir='ltr'><strong>τὴν</strong></span> <span class='ocrx_word' id='word_1_767' title='bbox 1857 5401 1942 5436; x_wconf 92' lang='grc' dir='ltr'>κα-</span> 
     </span>
    </p>
   </div>
   <div class='ocr_carea' id='block_1_106' title="bbox 2050 5378 3637 5457">
    <p class='ocr_par' dir='ltr' id='par_1_106' title="bbox 2058 5378 3637 5445">
     <span class='ocr_line' id='line_1_106' title="bbox 2058 5378 3637 5445; baseline -0.001 -12"><span class='ocrx_word' id='word_1_768' title='bbox 2058 5392 2203 5445; x_wconf 85' lang='lat' dir='ltr'><strong>neat,</strong></span> <span class='ocrx_word' id='word_1_769' title='bbox 2237 5380 2551 5434; x_wconf 87' lang='lat' dir='ltr'><strong>detestanda</strong></span> <span class='ocrx_word' id='word_1_770' title='bbox 2593 5381 2786 5437; x_wconf 89' lang='lat' dir='ltr'><strong>merito</strong></span> <span class='ocrx_word' id='word_1_771' title='bbox 2816 5388 2901 5436; x_wconf 91' lang='lat' dir='ltr'><strong>est</strong></span> <span class='ocrx_word' id='word_1_772' title='bbox 2943 5380 3061 5435; x_wconf 69' lang='lat' dir='ltr'><strong>hmo</strong></span> <span class='ocrx_word' id='word_1_773' title='bbox 3114 5378 3367 5434; x_wconf 90' lang='lat' dir='ltr'><strong>immanis</strong></span> <span class='ocrx_word' id='word_1_774' title='bbox 3401 5378 3637 5434; x_wconf 86' lang='lat' dir='ltr'><strong>hostium</strong></span> 
     </span>
    </p>
   </div>
   <div class='ocr_carea' id='block_1_107' title="bbox 362 5472 1942 5542">
    <p class='ocr_par' dir='ltr' id='par_1_107' title="bbox 362 5477 609 5533">
     <span class='ocr_line' id='line_1_107' title="bbox 362 5477 609 5533; baseline 0.004 -1"><span class='ocrx_word' id='word_1_775' title='bbox 362 5477 609 5533; x_wconf 82' lang='grc' dir='ltr'>κόνοιαν.</span> 
     </span>
    </p>
   </div>
   <div class='ocr_carea' id='block_1_108' title="bbox 2050 5472 2879 5542">
    <p class='ocr_par' dir='ltr' id='par_1_108' title="bbox 2056 5472 2879 5542">
     <span class='ocr_line' id='line_1_108' title="bbox 2056 5472 2879 5542; baseline 0.002 -15"><span class='ocrx_word' id='word_1_776' title='bbox 2056 5472 2254 5527; x_wconf 84' lang='lat' dir='ltr'><strong>Christi</strong></span> <span class='ocrx_word' id='word_1_777' title='bbox 2277 5474 2624 5542; x_wconf 88' lang='lat' dir='ltr'><strong>perversitas.</strong></span> <span class='ocrx_word' id='word_1_778' title='bbox 2872 5478 2879 5487; x_wconf 86' lang='lat'><strong>‘</strong></span> 
     </span>
    </p>
   </div>
   <div class='ocr_carea' id='block_1_109' title="bbox 408 5649 2415 5723">
    <p class='ocr_par' dir='ltr' id='par_1_109' title="bbox 408 5649 2415 5723">
     <span class='ocr_line' id='line_1_109' title="bbox 408 5649 2415 5723; baseline -0.002 -13"><span class='ocrx_word' id='word_1_779' title='bbox 408 5655 453 5686; x_wconf 73' lang='lat'><strong>“</strong></span> <span class='ocrx_word' id='word_1_780' title='bbox 485 5654 630 5711; x_wconf 86' lang='lat' dir='ltr'><strong>Psal.</strong></span> <span class='ocrx_word' id='word_1_781' title='bbox 671 5671 859 5723; x_wconf 79' lang='lat' dir='ltr'><strong>Lxxru,</strong></span> <span class='ocrx_word' id='word_1_782' title='bbox 895 5655 959 5723; x_wconf 84' lang='lat'><strong>6;</strong></span> <span class='ocrx_word' id='word_1_783' title='bbox 991 5653 1147 5709; x_wconf 83' lang='lat' dir='ltr'><strong>Juan.</strong></span> <span class='ocrx_word' id='word_1_784' title='bbox 1184 5670 1234 5721; x_wconf 58' lang='grc' dir='ltr'>κ,</span> <span class='ocrx_word' id='word_1_785' title='bbox 1267 5655 1354 5708; x_wconf 73' lang='grc'><strong>54.</strong></span> <span class='ocrx_word' id='word_1_786' title='bbox 1434 5654 1477 5683; x_wconf 70' lang='grc'><strong>³⁸⁸</strong></span> <span class='ocrx_word' id='word_1_787' title='bbox 1507 5652 1660 5707; x_wconf 83' lang='lat' dir='ltr'><strong>Joan.</strong></span> <span class='ocrx_word' id='word_1_788' title='bbox 1695 5669 1801 5718; x_wconf 75' lang='lat' dir='ltr'><strong>xw,</strong></span> <span class='ocrx_word' id='word_1_789' title='bbox 1834 5653 1885 5708; x_wconf 86' lang='lat'><strong>6.</strong></span> <span class='ocrx_word' id='word_1_790' title='bbox 1965 5652 2006 5682; x_wconf 67' lang='lat'><strong>‘7</strong></span> <span class='ocrx_word' id='word_1_791' title='bbox 2037 5649 2191 5704; x_wconf 84' lang='lat' dir='ltr'><strong>Joan.</strong></span> <span class='ocrx_word' id='word_1_792' title='bbox 2224 5665 2331 5715; x_wconf 79' lang='lat' dir='ltr'><strong>xw,</strong></span> <span class='ocrx_word' id='word_1_793' title='bbox 2363 5652 2415 5706; x_wconf 94' lang='lat'><strong>9.</strong></span> 
     </span>
    </p>
   </div>
  </div>
