4106 6204
482 307 583 365 327

1158 417 1387 474 ALIUD.

552 540 629 594 Ne
657 538 833 594 sacris
870 536 1171 606 Scripturis
1223 534 1393 602 legem
1443 530 1710 597 imponas,
1748 524 2003 580 haeretice
2044 541 2056 577 :

481 647 638 686 nemo
673 645 802 685 vero
836 630 904 683 ita
955 638 1146 682 emota:
1181 624 1375 677 mentis
1414 619 1540 682 erit,
1575 626 1635 671 ut
1672 632 1793 671 cum
1831 614 2063 685 Spiritus

481 730 705 777 sanctus
756 718 859 773 alia
909 716 1161 786 pradicet
1206 711 1273 765 de
1323 708 1494 775 Filio,
1550 706 1660 761 tuis
1712 703 2063 760 cavillatoriis

478 809 911 880 expositionibus
934 804 1111 873 potius
1141 814 1300 869 quam
1333 797 1406 853 illi
1441 796 1598 851 [idem
1625 795 1896 850 adhibeat.
1933 792 2059 861 Spi-

482 903 621 955 ritus
670 901 836 970 igitur
878 904 1097 951 sanctus
1136 889 1367 960 appellat
1413 888 1611 943 Filium
1662 884 1892 940 Verbum
1942 902 1955 937 :
2004 892 2057 937 tu

480 1006 613 1046 vero
647 1007 749 1043 nun
794 986 1047 1049 Verbum,
1080 984 1174 1036 sed
1204 979 1361 1035 Verbi
1396 977 1712 1048 participem
1744 990 1866 1030 eum
1902 974 2056 1028 facis.

478 1082 612 1137 Nam
661 1082 704 1134 si
750 1078 951 1131 idcirco
981 1076 1154 1148 ipsum
1189 1072 1324 1126 dicis
1356 1079 1605 1124 vocatum
1641 1066 1900 1131 Verbum,
1931 1065 2056 1133 quia

477 1175 530 1227 id
563 1172 703 1242 quod
758 1170 908 1224 audit
947 1183 977 1221 a
1024 1166 1207 1230 Patre,
1250 1162 1406 1217 nobis
1452 1160 1757 1222 annuntiat,
1790 1156 2058 1226 quomodo

475 1280 581 1318 non
605 1263 841 1316 delirare
870 1255 1184 1315 censearis?
1210 1254 1308 1320 Qui
1341 1251 1485 1307 enim
1517 1252 1636 1305 talis
1669 1257 1771 1313 est,
1806 1263 1910 1303 non
1937 1262 2056 1299 am-

474 1355 614 1423 plius
648 1351 905 1415 Verbum,
935 1348 1029 1404 sed
1068 1346 1223 1401 Verbi
1249 1345 1519 1415 particeps
1553 1352 1635 1397 est
1663 1359 1675 1393 :
1717 1354 1888 1408 neque
1908 1339 2053 1392 enim

478 1445 619 1499 idem
649 1458 745 1513 per
773 1456 832 1496 se
857 1440 1019 1495 fuerit
1045 1438 1315 1507 particeps
1343 1443 1395 1489 et
1427 1433 1827 1502 participatum.
1863 1430 2057 1483 Exem—

473 1536 545 1605 pli
597 1534 795 1604 gratia,
851 1532 997 1585 aliud
1048 1540 1132 1585 est
1174 1527 1460 1595 sapientia,
1514 1525 1658 1578 aliud
1701 1522 1917 1591 sapiens
1964 1520 2055 1588 qui

472 1626 753 1696 sapientia:
800 1624 1071 1693 particeps
1120 1630 1232 1684 est;
1290 1618 1438 1672 aliud
1492 1616 1869 1685 grammatica,
1910 1612 2054 1666 aliud

1512 298 1571 352 S.
1614 291 1892 353 CYRILLI
1927 286 2396 345 ALEXANDRINI
2436 288 2753 345 ARCHIEP.

2090 414 2138 471 Λ

3627 293 3735 348 328

2841 408 3043 461 ΑΛΛΟ.

2232 524 2346 577 Οὐκ
2372 521 2873 592 ὲπινομοθετήσεις,
2922 514 2968 574 ὦ
3014 519 3370 592 χριστομάχε,
3407 522 3522 584 ταῖς
3560 519 3732 585 θείαις

2163 615 2444 687 Γραφαῖς·
2494 613 2602 668 οὐδ’
2632 613 2699 667 ἂν
2724 612 2935 682 γένοιτό
2973 629 3058 675 τις
3089 611 3307 683 ἔκφρων
3346 610 3620 675 τοσοῦτον,
3658 614 3733 676 ὡς

2161 707 2327 779 ιτερα
2359 707 2611 775 λέγοντος
2638 705 2732 758 τοῦ
2762 705 2909 759 θείου
2945 704 3260 775 Πνεύματος
3291 703 3419 773 περὶ
3450 702 3546 756 τοῦ
3578 703 3731 766 Υίοῦ,

2160 800 2275 861 τοῖς
2306 800 2415 861 σοῖς
2459 796 2741 851 πείθεσθαι
2769 795 2941 860 νόθοις
2966 796 3264 865 σοφίσμασι
3290 794 3512 865 μᾶλλον,
3531 796 3627 847 καὶ
3656 795 3732 865 μὴ

2159 890 2354 960 ἐκείνῳ
2400 888 2715 959 προσέχειν.
2777 887 2950 955 Λόγον
2995 885 3283 956 τοιγαροῦν
3337 884 3590 954 ὀνομάζει
3639 886 3730 939 τὸν

2160 978 2290 1031 Υίὸν
2322 977 2382 1031 τὸ
2413 978 2638 1047 Πνεῦμα
2659 977 2723 1030 τὸ
2747 977 2901 1045 άγιον
2920 991 2935 1006 ⁶
2978 975 3138 1039 αὐτὸς
3169 976 3224 1028 δὲ
3259 976 3318 1029 οὐ
3344 976 3515 1042 Λόγον
3544 975 3729 1045 εἰσφέ-

2160 1068 2463 1139 ρειςέάλλὰ
2500 1068 2676 1136 Λόγου
2711 1068 2957 1137 μέτοχον.
2988 1067 3050 1119 El
3081 1066 3189 1135 γὰρ
3220 1065 3309 1119 διὰ
3332 1065 3492 1119 τοῦτο
3535 1066 3733 1136 κεκλῆ-

2159 1158 2283 1212 σθαι
2333 1158 2436 1227 φὴς
2485 1158 2648 1211 αὑτὸν
2695 1158 2890 1226 Λόγον,
2944 1157 3244 1228 ἐπειδήπερ
3292 1156 3451 1223 λόγον
3493 1157 3731 1220 ἀκούσας

2156 1245 2310 1317 παρὰ
2340 1244 2434 1299 τοῦ
2465 1246 2699 1317 Πατρὸς,
2734 1248 2920 1301 τοῦτον
2962 1249 3043 1310 εἰς
3072 1248 3220 1317 ἡμᾶς
3262 1246 3566 1318 ἐξήγγειλε,
3611 1246 3729 1310 πῶς

2155 1339 2256 1406 οὐχ
2282 1336 2558 1409 εὐρεθήοῃ
2587 1334 2769 1408 ληρῶν
2790 1338 2883 1404 ;'0
2903 1337 3012 1408 γὰρ
3043 1338 3286 1401 τοιοῦτος
3333 1337 3516 1390 οὐκέτι
3556 1338 3730 1404 Λόγος

2155 1432 2327 1493 ἐστὶν,
2375 1430 2515 1483 ἀλλὰ
2554 1430 2730 1497 Λόγου
2780 1429 3034 1500 μέτοχος·
3076 1429 3135 1481 οὐ
3178 1427 3286 1499 γὰρ
3319 1428 3385 1482 ἂν
3418 1428 3502 1499 εἴη
3533 1426 3730 1482 ταυτὸν

2154 1522 2233 1585 ὡς
2263 1522 2399 1593 πρὸς
2431 1521 2590 1574 ἑαυτὸ
2621 1521 2685 1574 τὸ
2736 1521 2960 1591 μέτοχόν
3005 1537 3151 1584 τινος
3201 1521 3297 1575 καὶ
3350 1521 3726 1591 μετεχόμενον.

2156 1612 2283 1669 Οἷον
2331 1616 2463 1687 φέρε
2494 1617 2692 1680 εἰπεῖν,
2739 1616 2772 1684 ἡ
2808 1613 2971 1682 σοφία
3006 1614 3143 1684 πρὸς
3170 1614 3262 1666 τὸν
3292 1613 3454 1681 σοφὸν
3480 1612 3571 1665 τὸν
3601 1627 3729 1680 μετ-

472 1715 862 1784 gramutaticus
894 1728 909 1766 :
959 1714 1190 1767 alterunt
1225 1713 1370 1764 enim
1403 1720 1487 1763 εει
1522 1724 1606 1761 res
1643 1708 1779 1774 ipsa,
1824 1706 2049 1759 alterum

2157 1706 2349 1776 έχοντα
2392 1705 2561 1775 αὐτῆς
2586 1744 2599 1767 ,
2634 1704 2755 1757 οὐδὲ
2782 1705 2816 1773 ἡ
2854 1703 3216 1775 γραμματικὴ
3251 1702 3389 1772 πρὸς
3425 1700 3516 1755 τὸν
3544 1716 3727 1770 γραμ-

470 1807 561 1875 qui
603 1806 680 1860 rei
722 1805 863 1857 illius
897 1804 1175 1873 particeps
1210 1810 1315 1855 est.
1349 1798 1724 1854 Necessarium
1760 1796 1923 1865 igitur
1950 1803 2052 1859 est,

469 1896 826 1950 autVerbum
873 1909 1002 1949 esse
1048 1893 1233 1956 fateri,
1264 1899 1320 1946 et
1366 1906 1469 1945 non
1509 1888 1665 1943 Verbi
1695 1888 2008 1957 participem
2041 1905 2054 1941 :

472 1996 567 2041 aut
593 1988 638 2041 si
668 1987 939 2054 particeps
965 1994 1048 2040 est
1084 1984 1270 2048 Verbi,
1300 1997 1406 2036 non
1439 1982 1542 2048 iam
1579 1978 1810 2034 Verbum
1841 1990 2053 2032 vocare.

470 2075 604 2130 Nam
634 2087 925 2144 utrumque
970 2074 1131 2129 simul
1176 2081 1419 2141 respectu
1465 2072 1546 2125 sui
1593 2069 1767 2138 ipsius
1792 2082 1913 2123 esse
1949 2081 2053 2121 non

472 2177 667 2237 potest.
728 2167 997 2234 Planeque
1052 2178 1273 2218 necesse
1333 2173 1438 2225 est,
1498 2170 1554 2215 ut
1599 2160 1767 2215 Filius
1825 2159 2053 2213 alterum

470 2262 661 2314 horum
695 2258 767 2312 sit
812 2275 828 2310 :
858 2267 1151 2325 utrumque
1183 2269 1311 2310 vero
1352 2265 1713 2322 nequaquam.
1759 2249 1894 2305 Cum
1928 2263 2055 2303 vero

469 2351 651 2404 divina
696 2348 975 2415 Scriptura
1016 2347 1187 2416 ipsum
1238 2344 1472 2416 appellet
1521 2342 1792 2407 Verbum,
1838 2340 2053 2395 valeant

473 2440 553 2494 illi
596 2440 686 2508 qui
724 2438 897 2508 ipsum
944 2452 1048 2491 non
1089 2435 1354 2499 Verbum,
1387 2434 1480 2489 sed
1532 2432 1689 2489 Verbi
1736 2432 2051 2501 participem

467 2546 591 2587 esse
626 2530 835 2586 volunt.

822 2654 1406 2747 ASSERTIO
1478 2655 1693 2742 ΧΧ.

471 2806 629 2878 194
674 2804 920 2878 ιηίῇίίιιά
949 2822 973 2878 :_
1008 2822 1026 2855 t
1055 2802 1317 2878 Sustinuit
1350 2815 1559 2878 crus-ent
1589 2798 1881 2878 ignominia
1927 2815 2051 2878 eone

536 2869 724 2945 ἷεῆιρια
754 2875 824 2938 ⁸³,
871 2875 1065 2927 idcirco
1092 2884 1139 2926 et
1167 2872 1307 2925 Deus
1332 2870 1581 2925 exultavit
1614 2870 1787 2945 illum,
1828 2880 1873 2921 et
1903 2869 2048 2921 dedit

535 2948 585 3000 ei
617 2936 827 3008 nomen,
856 2945 995 3014 quod
1022 2954 1096 2995 est
1121 2958 1277 3010 super
1305 2956 1455 2994 omne
1478 2955 1663 2992 nomen
1691 2936 1759 2992 ".
1793 2956 1812 2990 ι

924 3054 1156 3124 Objectio
1202 3053 1587 3106 Ineraticorum.

538 3167 813 3236 Scriptum
846 3175 949 3233 est,
987 3166 1243 3234 inquiunt
1272 3181 1286 3217 :
1326 3182 1345 3215 ι
1373 3163 1619 3231 Cogitate
1644 3162 1749 3216 hoc
1776 3160 1966 3230 singuli
1995 3161 2044 3214 in

465 3257 639 3320 vobis,
671 3255 885 3320 fratres,
904 3254 1043 3322 quod
1062 3263 1116 3307 et
1147 3253 1199 3307 in
1230 3251 1450 3307 Christo
1470 3249 1615 3316 Jesu,
1637 3250 1729 3319 qui
1754 3265 1873 3303 cum
1905 3258 2047 3302 esset

467 3346 522 3401 in
559 3344 729 3399 forma
767 3343 881 3407 Dei,
921 3358 1026 3397 nou
1068 3345 1311 3412 rapinam
1358 3342 1659 3395 arbitratus
1703 3349 1788 3395 est
1825 3355 1881 3393 se
1924 3355 2046 3393 eSse

466 3436 724 3506 aqualem
755 3434 900 3498 Deo;
938 3452 957 3485 ι
990 3446 1162 3501 usque
1190 3448 1254 3487 eo
1282 3447 1296 3484 :
1332 3450 1351 3483 ι
1382 3429 1505 3485 Ideo
1532 3440 1588 3487 et
1622 3432 1762 3486 Deus
1790 3430 2049 3484 exaltavit

466 3527 639 3589 illum,
669 3537 722 3580 et
751 3526 897 3579 dedit
938 3525 987 3578 ei
1032 3539 1229 3578 nomen
1270 3521 1412 3591 quod
1445 3531 1528 3576 est
1563 3536 1723 3591 super
1760 3536 1919 3575 omne
1951 3536 2047 3573 no.

467 3638 589 3677 men
607 3621 677 3672 ".
700 3638 718 3671 ι
744 3620 800 3673 Si
828 3632 958 3688 ergo
980 3616 1249 3672 exaltatus
1271 3624 1358 3669 est
1386 3629 1416 3668 a
1449 3613 1581 3679 Deo,
1609 3621 1662 3669 et
1690 3612 2044 3683 gloriﬁcatus,

467 3725 531 3764 ac
560 3709 719 3762 veluti
775 3723 871 3778 per
913 3709 1141 3777 gratiam
1191 3705 1397 3774 accepit
1430 3718 1621 3759 nomen
1674 3717 1838 3773 super
1879 3717 2045 3757 omne

467 3815 689 3863 nomen,
719 3799 843 3867 quia
888 3798 1192 3852 humiliavit
1217 3797 1453 3865 seipsum
1477 3810 1647 3864 usque
1682 3795 1746 3849 ad
1784 3805 2042 3849 mortem:

464 3904 595 3961 ergo
627 3892 885 3943 honorem
912 3887 1054 3942 hunc
1072 3896 1127 3942 et
1149 3901 1344 3943 nomen
1362 3901 1523 3956 super
1537 3885 1719 3940 omnia
1743 3884 2045 3939 mercedem

466 3993 579 4036 sum
610 3980 935 4035 humilitatis
961 3979 1189 4049 accepit,
1226 3994 1332 4033 non
1369 3987 1563 4031 natura
1606 3976 1877 4031 exsisteus
1906 3975 2047 4028 Deus

464 4081 558 4124 aut
589 4068 777 4136 Filius,
823 4069 919 4124 sed
965 4069 1280 4125 accessione
1309 4067 1544 4136 quadam
1593 4065 1644 4119 id
1689 4064 1932 4118 ell'ectus.
1989 4064 2043 4118 ld

463 4176 597 4218 vero
622 4162 767 4231 quod
795 4160 1097 4229 adiectione
1128 4159 1307 4229 aliqua
1340 4166 1481 4226 eget,
1524 4153 1897 4225 imperfectum
1939 4162 2042 4220 est,

466 4266 643 4321 neque
674 4251 727 4304 in
761 4263 858 4304 sua
888 4259 1080 4304 natura
1114 4251 1416 4305 absolutum
1448 4257 1612 4317 atque
1649 4247 1958 4315 integrum;
1990 4256 2045 4301 et

466 4340 610 4412 quod
638 4339 935 4394 exaltatum
973 4340 1264 4408 aliquando
1296 4339 1416 4405 fuit,
1447 4352 1667 4392 necesse
1693 4349 1777 4392 est
1803 4353 1869 4393 ex
1901 4338 2040 4392 inl‘e-

2162 1795 2390 1866 ματικὸν
2420 1795 2512 1849 τὸν
2536 1795 2834 1866 μετέχοντα
2858 1794 3282 1863 αὑτῆς.Ἒτερον
3300 1794 3405 1862 γάρ
3429 1810 3480 1845 τι
3501 1795 3729 1862 πρᾶγμα

2160 1888 2253 1940 καὶ
2280 1886 2467 1958 ἕτερόν
2499 1888 2664 1939 ἐστιν.
2706 1885 2943 1955 ’Δνάγκη
2971 1884 3150 1937 τοίνυν
3179 1884 3211 1954 ἢ
3244 1883 3415 1950 Λόγον
3448 1881 3727 1952 ὁμολογεῖν

2158 1978 2253 2031 καὶ
2281 1978 2341 2030 οὐ
2369 1977 2542 2044 Λόγου
2586 1976 2808 2047 μέτοχον
2828 1992 2841 2006 ·
2876 1976 2909 2046 ἦ
2944 1977 2992 2029 εί
3031 1975 3250 2047 μετέχει
3282 1975 3490 2042 Λόγου,
3530 1973 3727 2044 μηκέτι

2157 2069 2329 2137 Λόγον
2371 2068 2680 2137 ὀνομάζειν.
2737 2067 2975 2137 ’Λναιρεί
3014 2065 3123 2136 γὰρ
3168 2065 3326 2118 τοῦτο
3369 2066 3563 2117 ἐκεῖνο.
3617 2062 3729 2117 Καὶ

2154 2158 2347 2228 ἐκείνῳ
2375 2158 2535 2212 τοῦτο
2569 2158 2821 2229 μάχεται,
2875 2157 2967 2210 καί
2992 2156 3072 2209 δεί
3102 2155 3317 2217 πάντως
3349 2154 3407 2206 ἓν
3431 2171 3483 2206 τι
3512 2152 3622 2206 τῶν
3652 2154 3729 2204 εί-

2162 2250 2411 2322 ρημένων
2454 2250 2721 2319 ὑπάρχειν
2748 2247 2840 2301 τὸν
2868 2247 2997 2299 Υίόν
3019 2263 3032 2277 ·
3060 2246 3346 2316 ἀμφότερα
3373 2244 3429 2296 δὲ
3453 2243 3723 2314 οὐδαμῶς.

2155 2341 2329 2408 Λόγον
2358 2340 2413 2392 δὲ
2445 2339 2608 2392 αὐτὸν
2635 2337 3011 2409 όνομαζούσης
3039 2338 3138 2407 τῆς
3171 2336 3321 2400 Θείας
3356 2336 3600 2407 Γραφῆς,
3631 2337 3725 2405 sp-

2154 2429 2361 2499 ρῶσθαι
2386 2430 2684 2499 φράσωμεν
2709 2428 2933 2492 εἰκότως
2960 2430 3073 2491 τοῖς
3102 2428 3446 2499 εἰσφέρουσιν
3479 2426 3640 2480 αὑτὸν
3662 2425 3724 2477 οὐ

2151 2523 2347 2592 Λόγον,
2379 2521 2517 2576 ἀλλὰ
2541 2522 2713 2591 Λόγου
2743 2522 2991 2593 μέτοχον.

2660 2643 3027 2731 ΛΟΓΟΣ
3097 2642 3224 2732 K'.

2149 2799 2255 2863 Εἰς
2283 2798 2373 2871 τὸ,
2406 2817 2425 2850 ι
2467 2799 2764 2871 Ὺπέμεινε
2792 2802 3060 2871 σταυρόν
3093 2803 3395 2870 αἰσχύνης
3433 2814 3722 2871 acumina;

2219 2869 2451 2939 νήσας,
2492 2867 2724 2925 διὸ’καὶ
2758 2875 2791 2925 d
2823 2867 2966 2938 Θεὸξ·
2993 2874 3180 2928 αὐτὸν
3203 2867 3591 2939 Exspuit-uos,
3624 2867 3721 2920 καὶ

2218 2938 2540 3008 ἐχαρίσατο
2561 2941 2721 3007 αὐτῷ
2745 2941 2813 2995 τὸ
2841 2942 3028 3012 ὄνομα
3058 2942 3122 2996 τὸ
3149 2942 3302 3010 ὑπὲρ
3335 2939 3458 2994 πᾶν
3479 2939 3680 3007 ὄνομα.
3697 2956 3715 2987 ι

2390 3051 2710 3119 Ἆντίθεσις
2737 3054 2817 3120 ὡς
2836 3054 2904 3108 ἐκ
2936 3053 3056 3109 τῶν
3078 3056 3152 3110 δι’
3187 3054 3487 3119 ἐναντίας.

2224 3160 2557 3232 Γέγραπται,
2612 3164 2804 3232 φασίν·
2843 3164 3144 3219 «Ἕκαστοι
3174 3163 3335 3218 τοῦτο
3382 3163 3623 3233 φρονεῖτε
3662 3159 3721 3210 ὲν

2153 3251 2302 3321 ὑμῖν,
2343 3252 2371 3305 ὃ
2407 3255 2499 3306 καὶ
2542 3257 2599 3308 ἐν
2632 3257 2853 3328 Χριστῷ
2911 3256 3117 3327 Ἰησοῦ,
3163 3257 3220 3321 ὃς
3261 3257 3320 3308 ἐν
3373 3255 3552 3324 μορφῇ
3587 3248 3719 3304 Θεοῦ

2152 3344 2434 3414 ὑπάρχων,
2462 3347 2559 3416 οὐχ
2589 3349 2883 3420 ἁρπαγμὸν
2915 3350 3160 3420 ἡγήσατο
3178 3348 3238 3400 τὸ
3266 3344 3404 3399 εἶναι
3433 3347 3523 3398 ῐσα
3543 3340 3713 3410 Betim

2151 3434 2255 3498 ἕως
2307 3435 2423 3501 τοῦ,
2480 3455 2500 3489 s
2530 3439 2621 3491 Διὸ
2654 3440 2748 3492 καὶ
2793 3442 2820 3493 ὁ
2861 3439 2993 3503 Θεὸς
3025 3439 3186 3493 αὑτὸν
3221 3435 3582 3508 ὑπερύψωσε,
3625 3433 3720 3485 καὶ

2150 3525 2442 3597 ἐχαρίσατο
2497 3528 2645 3601 αὐτῷ
2696 3530 2867 3601 ὄνομα
2917 3530 2980 3583 τὸ
3024 3531 3166 3601 ὑπὲρ
3215 3531 3323 3582 πᾶν
3366 3528 3555 3597 ὄνομα.
3592 3544 3609 3576 ι
3656 3525 3719 3576 Et

2150 3620 2329 3674 τοίνυν
2356 3620 2544 3693 ὑψώθη
2578 3622 2729 3693 παρὰ
2749 3623 2843 3675 τοῦ
2870 3622 3029 3684 Θεοῦ.
3061 3623 3156 3675 καὶ
3187 3618 3446 3688 ἐδοξάσθη
3470 3660 3484 3683 ,
3517 3617 3610 3670 καὶ
3644 3616 3720 3679 ὡς

2153 3712 2211 3762 έν
2261 3711 2600 3782 χαρίσματος
2640 3713 2796 3783 μέρει
2842 3713 2968 3783 ἔσχε
3017 3713 3079 3766 τὸ
3123 3713 3291 3782 ὄνομα
3327 3710 3389 3763 τὸ
3428 3708 3568 3779 ὑπὲρ
3610 3708 3719 3759 πᾶν

2152 3800 2341 3871 ὄνομα,
2388 3803 2470 3853 ὅτι
2515 3803 2879 3855 ἐταπείνωσεν
2910 3804 3104 3857 ἑαυτὸν
3140 3803 3299 3874 μέχρι
3328 3800 3559 3855 θανάτου
3581 3838 3594 3860 ,
3633 3816 3719 3867 μι-

2152 3891 2277 3943 σθὸν
2302 3890 2414 3960 ἔχει
2448 3890 2547 3960 τῆς
2573 3891 2954 3955 ταπεινώσεως
2994 3893 3093 3961 τὴν
3130 3892 3294 3963 τιμὴν
3332 3891 3425 3944 καὶ
3461 3890 3522 3942 τὸ
3550 3888 3717 3957 ὄνομα

2148 3980 2209 4032 τὸ
2255 3981 2396 4051 ὑπὲρ
2437 3982 2649 4034 πάντα*
2689 3982 2749 4034 οὑ
2780 3981 2939 4050 φύσει
2987 3982 3119 4046 Θεὸς
3147 3982 3223 4035 ὢν
3260 3983 3292 4053 ἣ
3337 3981 3482 4045 Υἱὸς,
3509 3979 3624 4034 ἀλλ’
3654 3979 3717 4031 ὲκ

2148 4068 2469 4139 προσθήκης
2497 4069 2669 4124 ταῦτα
2702 4072 3014 4143 γενόμενος.
3062 4072 3135 4125 Τὸ
3168 4073 3223 4126 δὲ
3260 4071 3574 4144 προσθήκης
3600 4069 3713 4121 δεό-

2152 4175 2330 4229 μενον,
2366 4159 2553 4223 ἀτελὲς
2583 4160 2649 4213 ἂν
2683 4161 2769 4232 είη
2818 4164 2910 4215 καὶ
2955 4162 3169 4226 ἐλλιπὲς
3216 4162 3340 4215 ὅσον
3378 4164 3457 4224 είς
3506 4162 3608 4230 τὴν
3635 4161 3715 4212 οί-

2147 4250 2301 4305 κείαν
2324 4250 2503 4320 φύσιν.
2528 4253 2640 4306 Καὶ
2661 4255 2720 4307 τὸ
2750 4255 3052 4326 ὑψούμενόν
3084 4273 3207 4319 που,
3229 4254 3474 4308 κάτωθεν
3501 4254 3715 4321 ἀνάγκη

2146 4340 2284 4411 πρδς
2317 4340 2474 4393 τοῦτο
2508 4341 2831 4413 ἐπαίρεσθαι
2853 4360 2865 4371 ·
2900 4344 3076 4396 καὶτὸ
3107 4344 3265 4415 χάριν
3293 4344 3579 4415 δεχόμενον
3609 4343 3716 4395 δεῖ·

466 4431 611 4484 riore
638 4438 780 4483 statu
811 4442 876 4483 eo
902 4429 1173 4485 sublatum
1202 4444 1319 4485 esse
1351 4448 1365 4484 :
1398 4438 1453 4485 et
1477 4428 1619 4498 quod
1643 4429 1871 4499 gratiam
1899 4429 2044 4483 acci-

2153 4430 2275 4483 σθαι
2302 4429 2407 4501 χρὴ
2439 4431 2657 4496 πάντως
2688 4427 2748 4487 οὗ
2788 4434 3000 4504 δέχεται
3021 4452 3033 4465 ·
3086 4437 3179 4487 καὶ
3228 4435 3289 4485 τὸ
3330 4431 3591 4503 τιμᾶσθαι
3622 4432 3716 4501 ζη-

456 4521 569 4599 γνὶι,
611 4534 675 4575 ea
728 4521 949 4574 omnino
997 4521 1237 4591 indigeat
1285 4536 1301 4575 :
1346 4530 1401 4574 et
1432 4521 1523 4589 qui
1573 4520 1827 4574 honorari
1877 4522 2045 4590 cupit,

466 4620 680 4681 oportet
715 4619 775 4665 ut
819 4610 944 4667 talis
990 4626 1096 4665 non
1132 4611 1314 4677 luerit,
1361 4611 1534 4680 qualis
1562 4626 1679 4665 esse
1703 4611 1941 4680 optabat.
1987 4610 2044 4665 Si

446 4712 598 4772 Tergo
628 4702 810 4757 datum
847 4711 929 4757 est
957 4701 1032 4757 illi
1064 4717 1257 4756 nomen
1288 4716 1449 4771 super
1471 4716 1631 4755 omne
1658 4715 1869 4765 nomen,
1897 4711 2045 4756 certe

466 4810 531 4847 cx
565 4804 755 4847 natura
782 4810 877 4846 sua
911 4795 1011 4847 hoc
1047 4809 1150 4847 non
1176 4802 1315 4856 erat,
1362 4793 1453 4847 sed
1487 4792 1766 4860 postmodo
1792 4806 1889 4861 per
1920 4805 2044 4859 gra-

469 4885 597 4937 tiam
628 4884 731 4938 boc
766 4874 940 4938 l'a'ctus
972 4893 1073 4937 est.
1118 4884 1271 4949 Quod
1314 4898 1441 4937 vero
1476 4884 1547 4937 ita
1590 4897 1649 4938 se
1685 4881 1863 4946 habet,
1899 4879 2039 4936 Deus

468 4989 588 5029 esse
622 4989 727 5029 non
766 4984 980 5043 potest:
1018 4989 1207 5028 recens
1232 4974 1376 5029 enim
1407 4982 1512 5029 est.

774 5081 954 5138 Brevis
983 5083 1138 5154 hujus
1178 5084 1485 5153 objectionis
1519 5083 1729 5137 solutio.

536 5190 851 5258 Qualisnaut
892 5209 1020 5249 vero
1053 5197 1293 5251 accessio
1334 5196 1555 5251 honoris
1594 5195 1647 5249 in
1677 5206 1742 5251 eo
1782 5194 1924 5250 facta
1957 5204 2041 5251 est

467 5282 559 5350 qui
590 5298 710 5337 cum
734 5294 878 5338 esset
910 5286 964 5339 in
996 5285 1169 5339 forma
1212 5287 1324 5350 Dei,
1368 5287 1509 5340 servi
1547 5286 1771 5340 formam
1825 5287 2039 5341 induit?

468 5375 537 5427 At
565 5376 838 5442 quomodo
867 5390 971 5431 non
992 5378 1174 5446 potius
1193 5378 1497 5431 imminutio
1524 5378 1746 5432 dicenda
1772 5388 1877 5442 est,
1914 5394 2036 5433 cum

470 5461 657 5516 relicto
709 5462 933 5532 majore,
988 5463 1040 5517 id
1094 5466 1236 5535 quod
1284 5466 1462 5521 minus
1516 5477 1600 5522 est
1646 5469 2037 5538 assutupserit?

540 5633 585 5666 “
615 5631 779 5688 Hebr.
813 5649 908 5700 xu,
936 5636 989 5689 2.
1065 5637 1109 5668 δ’
1144 5638 1371 5709 Philipp.
1406 5654 1464 5703 Il,
1503 5639 1556 5694 9.
1634 5639 1678 5671 ⁸⁰
1704 5639 1833 5694 Ibid.
1868 5638 1979 5693 5—9.

2148 4521 2292 4586 τοῦν,
2317 4524 2416 4575 οὐκ
2443 4519 2583 4577 εῖναι
2622 4524 2861 4579 τοιοῦτον
2890 4527 3101 4596 ἀνάγκη
3130 4526 3328 4593 λέγειν,
3354 4527 3490 4595 ὅπερ
3518 4524 3581 4593 δὴ
3621 4521 3715 4575 καὶ

2146 4611 2397 4679 γενέσθαι
2446 4614 2712 4684 βούλεται.
2752 4614 2813 4667 El
2840 4610 2932 4667 οὖν
2967 4615 3230 4686 ἐχαρίσθη
3260 4614 3409 4684 αὺτῷ
3450 4614 3510 4666 τὸ
3548 4612 3714 4679 ὄνομα

2149 4702 2209 4755 τὸ
2237 4703 2375 4773 ὑπὲρ
2406 4704 2514 4756 πᾶν
2542 4704 2735 4773 ὄνομα,
2775 4703 2935 4774 φύσει
2965 4706 3065 4775 μὲν
3092 4706 3250 4759 τοῦτο
3275 4705 3375 4758 οὐκ
3403 4700 3489 4775 ἦν,
3522 4703 3714 4771 γέγονε

2147 4793 2203 4846 δὲ
2238 4794 2466 4866 ὕστερον
2496 4796 2636 4848 κατὰ
2687 4796 2846 4865 χάριν
2871 4813 2885 4826 ’
2920 4796 2982 4847 τὸ
3023 4795 3079 4848 δὲ
3118 4796 3291 4860 οὕτως
3323 4796 3464 4865 ἔχον,
3506 4794 3603 4847 οὐκ
3648 4791 3715 4845 ἂν

2146 4883 2231 4955 εἴη
2261 4884 2389 4947 Θεὸς
2409 4923 2422 4948 ,
2451 4885 2763 4954 πρόσφατον
2796 4886 2922 4957 γάρ.

2254 5084 2409 5153 Πρὸς
2450 5085 2633 5140 ταῦτα
2662 5087 2844 5152 λύσις
2880 5085 3103 5155 ἐφεξῆς
3132 5087 3213 5151 ὠς
3239 5086 3308 5139 ἐν
3338 5080 3607 5153 ἐπιτομῇ.

2215 5198 2327 5250 Καὶ
2358 5200 2485 5251 ποία
2511 5198 2699 5268 γέγονε
2725 5199 3013 5270 προσθήκη
3040 5200 3202 5268 τιμῆς
3234 5197 3311 5266 τῷ
3333 5198 3390 5248 ὲν
3411 5196 3592 5266 μορφῇ
3617 5193 3717 5264 μὲν

2146 5286 2444 5357 ὑπάρχοντι
2471 5288 2628 5351 Θεοῦ,
2657 5288 3001 5358 ὲνδυσαμένῳ
3026 5287 3083 5339 δὲ
3115 5288 3213 5357 τὴν
3240 5284 3334 5337 τοῦ
3366 5284 3556 5337 δούλου
3585 5299 3719 5352 μορ⁴

2144 5378 2285 5446 φήν;
2317 5377 2438 5441 Πῶς
2466 5378 2523 5431 δὲ
2549 5378 2748 5448 μᾶλλον
2777 5380 2875 5431 οὐκ
2897 5376 3237 5446 ἠλαττῶσθαι
3265 5374 3466 5441 δόξειεν
3490 5374 3577 5435 ἂν,
3597 5374 3626 5424 ὁ
3655 5370 3718 5422 τὸ

2147 5466 2329 5535 μεῖζον
2380 5469 2539 5537 ἀφεὶς
2574 5469 2669 5521 καὶ
2716 5469 2776 5521 τὸ
2828 5468 3046 5522 ἔλαττον
3080 5464 3392 5533 ἁναλαὸών;
3433 5462 3564 5528 Θεὸς
3612 5462 3717 5516 ὑπ-
