4036 6208
259 257 368 314 393

1629 253 2066 313 THESAURUS.

3391 256 3497 314 Ζ»ὖο

260 376 448 446 ἅρχων
472 367 693 437 γέγονεν
716 365 1025 436 ἄνθρωπος,
1055 365 1144 419 ινα
1164 366 1314 419 ποῖον
1341 365 1480 439 εὕρῃ
1505 368 1730 437 μισθόν;
1757 371 1827 422 Ἦ

1936 371 2072 424 Deus
2092 371 2356 426 exsistens
2385 371 2559 446 factus
2576 378 2662 426 est
2684 371 2867 437 homo,
2886 370 3168 439 qualemne
3195 373 3498 430 mercedem

260 462 376 526 πῶς
399 457 658 527 ἐδοξάσθη
681 458 710 510 6
740 456 848 510 ἀπὸ
861 455 1020 525 δόξης
1045 457 1125 519 είς
1149 457 1375 526 ἀτιμίαν
1399 457 1825 527 καταϐεϐηκώς

171 599 176 604 .
258 551 385 614 Πῶς
417 550 473 603 δὲ
503 551 724 617 γέγονεν
768 545 973 616 ὑψηλὸς
1023 546 1051 597 ό
1093 545 1192 615 τῆς
1235 543 1487 616 θεότητος
1517 547 1578 599 τὸ
1611 545 1830 617 ἀξίωμα

258 639 558 711 ὑπεριδὼν,
591 637 685 690 καὶ
720 637 802 698 είς
833 635 1232 706 ἀνθρωπότητα
1272 637 1581 702 κατελθὼνς
1630 639 1753 702 Πῶς
1799 643 1829 693 ό

257 729 554 792 κατελθὼν,
585 727 809 795 γέγονεν
852 725 999 789 dvis;
1046 725 1214 780 Ποίαν
1245 727 1355 796 ἔχει
1397 727 1678 798 βελτίωσιν
1711 732 1739 782 6
1770 731 1828 782 ἐν

255 821 506 874 ἐλάττοσι
538 816 778 887 γεγονὼς
805 816 864 880 ἐξ
890 815 1222 885 ἀμεινόνων;
1256 818 1319 868 El
1345 817 1476 880 Θεὸς
1501 817 1577 871 ὢν
1607 818 1828 888 ὕψιστος

255 912 346 964 καὶ
377 912 436 963 ἐν
474 908 698 978 ὑψηλοῖς
747 906 1018 959 κατοικῶν
1069 905 1332 973 ὑψοῦσθαι
1373 907 1611 976 λέγεται,
1647 911 1739 962 ποῖ
1773 909 1828 962 δὲ

257 1002 333 1055 ἔτι
364 1001 510 1070 μετὰ
538 998 634 1068 τὴν
665 995 758 1049 τοῦ
785 994 918 1050 Θεοῦ
946 994 1107 1064 φύσιν
1143 995 1473 1066 ἀναϐήσεται
1500 997 1560 1050 τὸ
1592 997 1828 1066 ὑψούμε-

257 1109 374 1155 νονς
418 1091 544 1153 Πῶς
570 1089 628 1141 δὲ
655 1085 721 1158 ἦν
751 1087 1009 1150 ταπεινὸς
1034 1087 1063 1139 6
1085 1087 1143 1140 ἐν
1173 1087 1392 1152 κόλποις
1412 1089 1486 1142 ὢν
1509 1089 1603 1142 τοῦ
1633 1089 1828 1161 ὑψηλο-

254 1184 414 1237 τάτου
450 1181 700 1250 Πατρός;
727 1178 893 1241 Ποίας
920 1177 1241 1248 προσθήκης
1263 1179 1428 1232 ἐδεῖτο
1455 1180 1617 1246 Θεός;
1652 1181 1716 1234 Ei
1741 1180 1827 1233 διὰ

257 1271 411 1325 τοῦτο
437 1269 839 1339 ηταὸέόηκεν,
860 1269 947 1321 ἵνα
967 1267 1062 1320 καὶ
1079 1269 1288 1339 ὑψωθῇ,
1306 1270 1388 1332 τίς
1411 1266 1477 1341 ἦν
1503 1271 1535 1339 ἡ
1557 1271 1712 1340 χρεία
1729 1272 1825 1341 τῆς

257 1361 646 1424 καταδάσεως;
683 1360 748 1412 El
776 1358 866 1410 διὰ
899 1357 1060 1412 τοῦτο
1091 1358 1454 1412 ἐταπείνωσεν
1487 1360 1697 1422 ἑαυτὸν,
1742 1362 1826 1413 ἵνα

257 1454 347 1507 καὶ
377 1450 638 1521 δοξασθῇ,
673 1450 755 1512 τίς
783 1445 852 1520 ἦν
877 1452 912 1521 ή
944 1451 1101 1520 χρεία
1128 1451 1226 1520 τῆς
1260 1450 1669 1517 ταπεινώσεως;
1704 1452 1827 1514 Πῶς

253 1546 308 1599 δὲ
337 1546 438 1598 οὐκ
465 1545 669 1612 ἄσοφος
695 1545 724 1596 ό
755 1542 894 1612 μετὰ
921 1543 1084 1595 πόνου
1111 1542 1308 1611 ζητῶν,
1338 1542 1366 1593 ὃ
1392 1543 1622 1612 καὶδίχα
1652 1545 1826 1596 πόνων

255 1635 398 1704 ἐχειν
432 1632 693 1696 ἐδύνατο;
735 1631 859 1693 Πῶς
903 1629 1063 1682 ἐλαὸε
1114 1630 1175 1684 τὸ
1221 1631 1391 1700 ὄνομα
1433 1633 1494 1683 τὸ
1539 1632 1674 1704 ὑπὲρ
1714 1633 1826 1684 πᾶν

251 1725 423 1796 ὄνομα
455 1725 486 1776 6
515 1721 804 1784 διαπαντὸς
836 1724 891 1775 ἐν
916 1722 1066 1792 αὐτῷ
1095 1709 1599 1792 προσιέυνούμενοςς

1935 460 2292 529 accepturus?
2341 461 2446 514 Aut
2497 461 2766 530 quomodo
2812 461 3140 530 glorificatus
3185 471 3269 517 est
3328 465 3421 535 qui
3470 480 3504 520 e

1936 552 2104 619 gloria
2146 550 2212 604 ad
2265 552 2725 620 contemptibilem
2778 560 2974 606 statum
3033 552 3352 608 descendit?
3395 555 3505 610 Ant

1933 639 2203 708 quomodo
2242 639 2536 706 exaltatus,
2589 641 2680 710 qui
2739 655 2770 695 e
2835 642 3130 696 divinilalis
3178 642 3391 715 fastigio
3438 647 3502 700 ad

1937 730 2325 784 humanitatem
2369 746 2429 785 se
2472 731 2724 786 demisit?
2753 731 3029 797 Quomodo
3059 744 3236 788 autem
3264 734 3356 804 qui
3404 734 3504 791 de-

1935 819 2161 883 scendit,
2210 831 2426 875 evectus
2473 821 2595 875 est?
2641 824 2750 875 Aut
2792 838 2898 892 quo
2929 834 3089 892 pacto
3140 825 3330 880 melior
3362 814 3506 880 illius

1935 910 2170 963 conditio
2199 919 2282 964 est
2305 909 2514 973 ell‘ecta,
2551 911 2641 979 qui
2677 911 2841 965 veluti
2876 925 2906 964 e
2941 911 3233 978 majoribus
3265 922 3322 967 et
3371 928 3508 982 prae-

1935 998 2290 1054 stantioribus
2333 1001 2398 1053 ad
2433 1000 2641 1053 minora
2680 999 2941 1054 devenit?
2974 997 3028 1053 Si
3082 1001 3225 1055 Deus
3257 1017 3379 1056 cum
3437 1004 3504 1056 sit

1935 1086 2249 1155 altissimus,
2281 1097 2335 1143 et
2363 1088 2413 1140 in
2462 1078 2690 1142 excelsis
2718 1087 2986 1152 habitans,
3029 1087 3255 1141 exaltari
3285 1088 3503 1150 dicitur,

1934 1189 2165 1243 quonam
2204 1177 2338 1228 ultra
2377 1176 2467 1229 Dei
2514 1185 2757 1229 naturam
2806 1176 2858 1230 id
2891 1178 3031 1244 quod
3070 1177 3337 1230 exaltatur
3370 1192 3504 1231 con-

1934 1269 2196 1323 scendet?
2222 1270 2327 1323 Aut
2354 1269 2620 1338 quomodo
2653 1268 2866 1323 humilis
2897 1279 3034 1331 erat,
3079 1270 3131 1322 in
3163 1270 3285 1324 sinu
3327 1268 3503 1324 excel-

1934 1361 2133 1415 sissimi
2169 1358 2346 1414 Patris
2390 1361 2698 1415 exsistens?
2730 1360 2835 1412 Aut
2881 1375 2985 1429 qua
3033 1361 3343 1414 accessione
3389 1361 3504 1414 sive

1935 1451 2270 1505 incretnento
2305 1451 2580 1519 indigebat
2608 1451 2788 1505 Deus?
2822 1450 2878 1504 Si
2909 1450 3111 1504 idcirco
3139 1450 3419 1504 descendit
3444 1459 3505 1503 ut

1933 1543 2285 1606 exaltaretur,
2323 1544 2450 1611 quid
2478 1552 2595 1596 erat
2640 1557 2773 1609 opus
2811 1541 3113 1596 descensu?
3166 1539 3221 1593 Si
3258 1541 3376 1594 ideo
3415 1555 3502 1594 se-

1932 1633 2110 1700 ipsum
2159 1633 2479 1695 humiliavil,
2517 1641 2573 1685 ut
2607 1631 3020 1700 glorificaretur,
3051 1629 3207 1699 195
3229 1630 3355 1700 quid
3387 1631 3506 1684 Gal

1852 1723 1894 1775 Β
1923 1738 2056 1791 opus
2086 1723 2499 1804 humiliatione?
2524 1733 2616 1778 aut
2647 1723 2919 1791 quomodo
2954 1737 3058 1775 non
3107 1723 3180 1775 sit
3205 1719 3505 1775 censendus

257 1821 522 1891 insipiens
551 1819 638 1888 qui
679 1819 735 1873 id
763 1833 956 1886 magno
990 1831 1114 1873 cum
1155 1816 1341 1872 labore
1373 1818 1586 1886 quaerit,
1626 1819 1765 1887 quod
1806 1820 1937 1871 citra
1976 1816 2212 1873 laborem
2254 1819 2479 1884 habere,
2512 1817 2728 1888 potest?
2763 1818 2831 1869 At
2863 1818 3128 1886 quomodo
3167 1815 3374 1884 accepit
3405 1828 3503 1895 no-

257 1929 377 1969 men
417 1915 568 1984 quod
597 1922 682 1968 est
711 1924 874 1980 super
907 1923 1070 1964 omne
1090 1923 1309 1975 nomen,
1345 1911 1435 1978 qui
1466 1925 1678 1981 semper
1703 1911 1756 1965 in
1782 1911 1896 1979 ipso
1921 1920 2005 1966 est
2042 1911 2335 1966 adoratus?

676 2025 872 2094 Ῥητὰ,
902 2025 993 2078 ὅτι
1023 2025 1165 2090 Θεὸς
1195 2027 1229 2079 ὀ
1273 2025 1427 2091 Υιός.

333 2157 352 2191 ι
383 2139 450 2192 '0
482 2136 613 2199 Θεὸς
638 2131 1039 2204 ἐντῷόνόματί
1063 2150 1156 2185 σου
1190 2131 1267 2185 σῶ
1295 2147 1389 2202 με·
1414 2151 1433 2185 ι
1467 2132 1585 2198 καὶ,
1620 2151 1639 2183 ‹
1661 2133 1831 2202 Προσ.

260 2229 656 2301 ωνησάτωσαν
693 2225 772 2296 τῷ
802 2225 1026 2295 ὀνόματί
1057 2242 1173 2290 σου,
1210 2222 1415 2294 Κύριε,
1462 2224 1540 2293 τῶ
1586 2225 1826 2295 μεγάλῳ.

260 2319 369 2388 Πρὸ
398 2316 498 2370 τοῦ
528 2315 682 2388 ήλίου
711 2312 957 2384 διαμένει
993 2312 1056 2366 τὸ
1082 2312 1256 2383 ὄνομα
1291 2310 1480 2364 αὑτοῦ.
1511 2312 1640 2364 Δότε
1671 2313 1830 2378 δόξαν

260 2409 488 2479 ὀνόματι
518 2405 705 2461 αὑτοῦ.
729 2399 887 2458 Οὗτοι
913 2404 974 2456 ἐν
1005 2403 1213 2473 ἅρμασι
1244 2403 1336 2455 καὶ
1357 2397 1502 2457 οὗτοι
1533 2403 1592 2455 ἐν
1619 2404 1828 2466 ἵπποις,

261 2502 416 2570 ήμεῖς
476 2499 534 2552 δὲ
586 2499 646 2550 ἐν
708 2495 934 2565 ὀνόματι
990 2493 1198 2564 Κυρίου
1259 2491 1394 2546 Θεοῦ
1447 2493 1606 2565 ήμῶν
1655 2510 1829 2564 μεγα-

262 2588 662 2661 λυνθησόμεθα.
697 2607 716 2638 ι
781 2585 908 2649 Πῶς
959 2579 1054 2639 οὖν
1095 2582 1321 2648 ἔλασεν,
1368 2584 1506 2653 ὅπερ
1553 2583 1692 2654 ἔχων
1742 2587 1834 2638 ἀεὶ

261 2684 515 2752 φαίνεται
534 2697 553 2748 ;

836 2792 1024 2857 Λύσις
1059 2790 1250 2858 ἑτέρα.

335 2935 397 2988 Ei
427 2951 448 2984 ι
477 2934 536 2986 ἐν
565 2929 708 3001 ἀρχῇ
735 2921 802 2998 ἦν
830 2927 860 2979 6
880 2926 1072 2993 Λόγος,
1105 2924 1201 2978 καὶ
1223 2923 1356 2986 Θεὸς
1378 2918 1446 2994 ἦν
1469 2925 1499 2977 6
1527 2925 1719 2991 Λόγος,
1738 2924 1833 2978 καὶ

262 3021 333 3095 ἦν
376 3025 439 3076 ἐν
485 3021 625 3092 ἀρχῇ
660 3017 797 3086 πρὸς
834 3015 924 3068 τὸν
958 3013 1113 3077 Θεὸν,
1149 3033 1168 3065 ι
1222 3011 1450 3083 ὕστερον
1495 3012 1552 3064 δὲ
1593 3012 1682 3064 διὰ
1732 3011 1833 3082 τὴν

264 3111 547 3185 ἡμετέραν
567 3108 834 3180 σωτηρίαν
853 3105 1216 3158 ἐταπείνωσεν
1243 3103 1456 3165 ἑαυτὸν,
1476 3102 1568 3154 διά
1595 3120 1653 3154 τε
1674 3101 1833 3154 τοῦτο

266 3199 541 3272 ὑψοῦσθαι
573 3197 783 3265 λέγεται
809 3237 823 3261 ,
857 3195 972 3258 πῶς
1015 3195 1114 3247 οὐκ
1146 3192 1298 3247 ἔσται
1329 3192 1490 3245 παντί
1518 3209 1594 3261 τῳ
1638 3192 1828 3258 σαφὲς,

264 3295 460 3362 ὅτιπερ
496 3290 559 3343 οὐ
595 3288 725 3360 περὶ
754 3287 853 3357 τὴν
883 3286 975 3338 τοῦ
1002 3285 1176 3352 Λόγου
1206 3282 1367 3351 φύσιν
1396 3281 1555 3334 τοῦτο
1586 3280 1829 3348 γίνεσθαι
1855 3275 1898 3332 C

270 3386 582 3457 συμϐαίνει,
605 3383 723 3438 ἀλλ’
756 3383 835 3444 εἰς
862 3381 925 3433 τὸ
953 3383 1052 3450 τῆς
1072 3376 1486 3450 ἀνθρωπότητος
1516 3376 1832 3444 μυστήριον;

269 3474 338 3550 ’ᾯ
358 3479 471 3548 γὰρ
492 3474 723 3546 ἁρμόσει
751 3471 813 3525 τὸ
848 3471 1126 3535 ταπεινὸν,
1160 3468 1334 3538 τούτῳ
1367 3467 1461 3521 καὶ
1481 3465 1540 3519 τὺ
1573 3464 1836 3535 ὑψοῦσθαι

272 3569 500 3640 πρέπειν
539 3562 841 3618 ἀκολουθεῖ.
879 3561 1144 3613 Ταπεινὺν
1170 3558 1226 3612 δὲ
1253 3559 1442 3628 χρῆμα
1486 3557 1520 3624 ή
1559 3555 1836 3624 ἀνθρωπό-

271 3677 395 3730 της,
433 3656 565 3727 περὶ
595 3654 766 3724 αὐτὴν
815 3653 921 3722 ἄρα
956 3651 1050 3704 καὶ
1093 3651 1153 3704 τὸ
1185 3646 1450 3719 ὑψοῦσθαι
1494 3644 1833 3713 νοηθήσεται.

272 3751 341 3804 Οὐ
371 3749 645 3818 πρότερον
674 3745 731 3797 δὲ
761 3744 888 3814 περὶ
919 3742 1012 3796 τοῦ
1039 3740 1172 3794 Θεοῦ
1201 3740 1374 3808 Λόγου
1403 3733 1644 3789 τοιοῦτόν
1671 3751 1724 3785 τι
1752 3733 1840 3785 λέ-

273 3857 472 3909 γουσαν
489 3837 794 3908 εὑρήσομεν
811 3836 909 3905 τήν
936 3834 1181 3904 Γραφὴν,
1203 3835 1251 3885 εί
1283 3831 1380 3901 μὴ,
1411 3848 1428 3880 ι
1451 3828 1594 3900 Σὰρξ
1623 3825 1837 3894 γέγονε,

276 3935 362 3986 καὶ
397 3932 720 4001 ἐσκήνωσεν
755 3930 812 3980 ἐν
845 3928 996 3996 ἡμῖν.
1041 3943 1060 3974 ι
1089 3925 1152 3976 Εἰ
1180 3923 1360 3975 τοίνυν
1391 3922 1518 3991 περὶ
1544 3919 1640 3990 τὴν
1667 3919 1836 3989 πρόσ-

275 4021 430 4090 ληψιν
456 4019 560 4087 τῆς
589 4016 787 4087 σαρκὸς
813 4016 846 4084 ή
881 4013 1206 4073 ταπείνωσις
1233 4009 1557 4079 γεγενῆσθαι
1585 4009 1800 4075 λέγεται
1822 4043 1838 4071 ,

274 4109 333 4160 δι’
358 4108 535 4177 αὐτὴν
574 4106 727 4157 ἔσται
761 4104 855 4156 καὶ
889 4101 1018 4171 περὶ
1039 4101 1208 4170 αὐτὴν
1230 4103 1264 4169 ή
1295 4099 1518 4167 ὒψωσις.

768 4233 974 4294 ΑΛΛΟ,
1007 4233 1096 4297 εἷς
1126 4231 1192 4283 τὸ
1219 4231 1384 4284 αὐτό.

351 4372 410 4426 ’0
429 4369 646 4432 Παῦλος
669 4367 996 4422 ἐπιστέλλων
1011 4367 1198 4437 φησιν,
1220 4367 1302 4418 ότι
1320 4383 1340 4415 ‹
1365 4364 1677 4435 Πρόδρομος
1705 4361 1842 4432 ὑπὲρ

278 4463 433 4535 ήμῶν
462 4460 712 4531 εἰσῆλθεν
751 4458 975 4528 Ἰησοῦς,
1000 4459 1099 4511 οὐκ
1123 4458 1203 4519 εἰς
1226 4455 1492 4509 ἀντίτυπα
1524 4453 1632 4506 τῶν
1658 4452 1844 4524 ἀληθι-

2145 2090 2157 2101 ,
2205 2027 2559 2080 Auctoritates
2592 2029 2729 2094 quod
2768 2024 2944 2078 Filius
2981 2026 3048 2088 sit
3086 2025 3248 2082 Deus.

2013 2152 2032 2184 ι
2058 2133 2217 2198 Dens,
2239 2134 2291 2188 in
2316 2135 2529 2189 nomine
2549 2145 2642 2188 tuo
2657 2135 2863 2188 salvum
2885 2150 2968 2188 me
2983 2133 3067 2188 fac
3084 2135 3159 2201 ";
3182 2154 3202 2187 ο
3223 2145 3299 2200 et,
3322 2155 3342 2186 ‹
3362 2137 3504 2191 Ado-

1940 2234 2060 2278 rent
2098 2237 2294 2278 nomen
2313 2233 2483 2288 tuum,
2509 2224 2758 2288 Domine,
2791 2239 3046 2293 magnum
3071 2226 3140 2280 ⁸³.
3162 2227 3306 2281 Ante
3335 2227 3504 2282 solem

1937 2323 2212 2381 permanet
2230 2328 2424 2370 nomen
2442 2314 2562 2383 ejus
2583 2315 2649 2368 ".
2680 2313 2810 2369 Date
2825 2314 3048 2385 gloriam
3067 2317 3269 2370 nomini
3297 2316 3414 2384 ejus
3436 2316 3502 2370 “.

1939 2403 2000 2458 lli
2035 2405 2089 2458 in
2115 2406 2366 2462 curribus
2396 2415 2453 2460 et
2480 2406 2534 2460 hi
2566 2407 2620 2460 in
2643 2407 2821 2475 equis,
2863 2420 2962 2460 nos
2991 2415 3172 2460 autem
3209 2406 3261 2461 in
3291 2409 3508 2463 nomine

1937 2493 2148 2550 Domini
2183 2495 2275 2551 Dei
2327 2498 2494 2552 nostri
2547 2497 3011 2567 magniﬁcabimnr
3041 2499 3109 2552 ⁸⁸.
3154 2519 3174 2548 ι
3223 2498 3503 2566 Quomodo

1939 2586 2100 2655 igitur
2127 2587 2334 2656 accepit
2367 2588 2510 2658 quod
2542 2603 2759 2658 semper
2799 2588 3050 2643 habuisse
3083 2591 3365 2645 cernitur?

2531 2785 2652 2839 Alia
2695 2786 2910 2840 solutio.

2009 2920 2064 2975 Si
2085 2937 2107 2972 ι
2130 2919 2363 2975 Verbum
2383 2929 2500 2975 erat
2514 2921 2568 2976 in
2588 2921 2876 2990 principio,
2892 2931 2945 2977 et
2959 2922 3099 2978 Deus
3118 2934 3236 2978 erat
3252 2925 3506 2994 Verbum,

1938 3021 1992 3065 et
2017 3022 2132 3067 erat
2182 3013 2236 3067 in
2285 3012 2551 3082 principio
2596 3013 2736 3082 apud
2777 3015 2941 3068 Deum
2969 3015 3076 3080 ",r
3131 3017 3335 3074 ultimis
3381 3036 3510 3076 vero

1942 3100 2272 3173 temporibus
2296 3113 2517 3172 propter
2545 3112 2784 3159 nostram
2815 3105 3042 3160 salutem
3073 3106 3379 3162 humiliavit
3418 3125 3510 3165 se-

1941 3195 2114 3264 ipsum
2139 3194 2211 3259 ",
2236 3204 2397 3262 atque
2418 3194 2623 3249 ideirco
2642 3195 2962 3251 humiliatus
2990 3210 3108 3252 esse
3128 3197 3325 3254 dicitur
3357 3221 3370 3254 :
3403 3215 3511 3270 quo

1937 3296 2092 3357 pacto
2125 3300 2231 3340 non
2260 3285 2615 3343 fueritcuivis
2646 3287 3012 3354 manifestum,
3045 3306 3152 3345 non
3174 3291 3316 3346 circa
3349 3291 3509 3347 Verbi

1938 3388 2208 3446 naturam,
2233 3381 2328 3436 sed
2361 3382 2506 3435 circa
2532 3380 2884 3434 humanitatis
2921 3383 3236 3450 mysterium
3284 3383 3385 3436 hoc
3415 3398 3509 3438 ac-

1937 3471 2169 3525 cidisse?
2236 3471 2370 3526 Nam
2431 3473 2518 3526 cui
2585 3473 2860 3527 humilitas
2910 3474 3179 3542 congruit,
3235 3474 3285 3527 ei
3345 3475 3510 3528 etiam

1936 3561 2163 3616 exaltari
2209 3564 2495 3618 conveniet
2543 3582 2556 3616 :
2605 3566 2753 3634 atqui
2805 3565 3113 3618 humanitas
3159 3565 3376 3619 humilis
3423 3581 3510 3620 res

1936 3661 2022 3705 est
2044 3671 2056 3705 :
2079 3652 2202 3706 huic
2227 3654 2387 3722 igitur
2413 3654 2669 3708 exaltatio
2701 3654 2984 3708 tribuenda
3013 3663 3115 3708 est.
3149 3654 3332 3724 Neque
3365 3655 3509 3709 enim

1938 3753 2149 3792 sacram
2192 3739 2526 3807 Scripluram
2573 3743 2723 3809 prius
2772 3743 2877 3796 tale
2911 3743 3185 3811 quidpiam
3231 3746 3296 3797 de
3339 3745 3511 3798 Verbo

1939 3829 2139 3884 dixisse
2156 3829 2642 3897 comperies,quam
2662 3835 2989 3898 quatenus,fr
3013 3833 3151 3885 Caro
3176 3830 3376 3886 factum
3403 3843 3507 3896 est,

1937 3928 1991 3973 et
2021 3917 2285 3972 habitavit
2318 3918 2368 3970 in
2401 3917 2554 3971 nobis
2577 3918 2641 3970 ⁵⁸.
2675 3938 2692 3969 ι
2716 3919 2772 3972 Si
2809 3935 2934 3988 ergo
2967 3922 3259 3974 secundum
3296 3937 3509 3975 assum-

1941 4012 2176 4082 ptionem
2191 4009 2374 4064 carnis
2400 4009 2703 4064 humiliatio
2728 4009 2869 4064 facta
2893 4026 3013 4064 esse
3039 4012 3258 4076 dicitur,
3290 4025 3511 4080 propter

1942 4107 2080 4161 hanc
2103 4115 2158 4160 et
2178 4104 2321 4160 circa
2356 4106 2498 4159 hanc
2525 4106 2690 4158 etiam
2721 4104 2978 4159 exultatio
3001 4104 3141 4157 facta
3177 4105 3355 4158 fuerit.

2467 4236 2700 4303 ALIUD,
2740 4239 2794 4292 in
2830 4239 2986 4293 idem.

2013 4372 2209 4428 Paulus
2237 4374 2304 4426 ad
2333 4371 2588 4428 Hebraeos
2613 4371 2876 4436 scribens,
2902 4374 2976 4426 ita
3008 4373 3086 4428 ait
3111 4390 3126 4427 :
3161 4390 3181 4424 ι
3207 4371 3517 4430 Praecursor

1942 4481 2038 4534 pro
2062 4466 2222 4521 nobis
2248 4465 2490 4520 introivit
2544 4463 2722 4529 Iesus,
2757 4476 2862 4517 non
2907 4462 2960 4516 in
3001 4463 3328 4532 exemplaria
3361 4479 3517 4519 vero-

279 4556 413 4620 νῶν,
461 4552 577 4605 ἀλλ’
609 4551 688 4614 εἰς
728 4549 888 4601 αὑτὸν
912 4549 1002 4601 τὸν
1029 4546 1288 4617 οὐρανὸν,
1319 4545 1412 4597 νῦν
1448 4543 1835 4613 ἐμφανισθῆναι

1949 4573 2091 4621 rum,
2117 4557 2212 4612 sed
2241 4558 2295 4611 in
2325 4558 2497 4626 ipsum
2535 4555 2755 4618 coelum,
2789 4563 2847 4607 ut
2879 4565 3140 4623 appareat
3168 4569 3310 4610 nunc
3342 4555 3515 4613 vultui

282 4647 349 4716 τῷ
376 4617 662 4715 προσώπῳ
694 4638 790 4692 τοῦ
817 4636 952 4691 Θεοῦ
984 4637 1124 4707 ὑπὲρ
1155 4635 1331 4706 ἡμῶν.
1367 4653 1386 4684 ι
1416 4633 1625 4703 ’Ὠσπερ
1666 4627 1757 4684 οὖν
1787 4633 1835 4686 ἐν

1952 4645 2043 4700 Dei
2073 4617 2170 4714 pro
2204 4617 2358 4700 nobis
2386 4645 2452 4696 ”.
2493 4665 2513 4695 ι
2545 4617 3002 4709 Quemadmodum
3028 4643 3188 4712 igitur
3217 4657 3430 4712 semper
3462 4645 3516 4697 in

282 4740 381 4798 τοῖς
415 4735 675 4806 οὐρανοῖς
704 4731 800 4785 καὶ
836 4731 893 4782 ἐν
921 4726 1198 4797 προσώπῳ
1222 4725 1316 4779 τοῦ
1347 4723 1558 4794 Πατρὸς
1585 4723 1844 4793 ὑπάρχων

282 4827 380 4892 isi,
402 4825 504 4879 νῦν
541 4825 683 4892 ὑπὲρ
712 4820 871 4892 ήμῶν
901 4819 1207 4889 εἰσέρχεται
1237 4817 1337 4887 μὲν
1369 4817 1448 4878 είς
1476 4814 1566 4867 τὸν
1593 4811 1842 4883 οὐρανὸν,

284 4916 639 4985 ἐμφανίζεται
668 4913 726 4967 δὲ
748 4910 827 4982 τῷ
856 4910 1049 4982 Πατρίο
1076 4909 1218 4963 οὓτω
1252 4909 1412 4961 πάλιν
1451 4906 1546 4958 καὶ
1572 4905 1666 4960 νῦν
1706 4905 1846 4976 ὑπὲρ

280 5007 310 5074 ἡ
318 5007 438 5076 μῶν
454 5003 685 5074 ὑψοῦται
708 5003 803 5058 καὶ
820 5001 1123 5066 δοξάζεται,
1147 5001 1239 5052 καὶ
1252 4997 1519 5069 λαμϐάνει
1545 5017 1563 5048 ι
1592 4997 1654 5050 τὸ
1674 4996 1845 5066 ὄνομα

281 5094 338 5144 τὸ
363 5093 508 5164 ὑπὲρ
546 5094 655 5146 πᾶν
695 5093 884 5162 ὄνομαο
910 5110 930 5143 ›
967 5091 1030 5142 ἵν’
1060 5090 1330 5160 ὥσπεριέν
1360 5087 1506 5159 αὐτῷ
1531 5089 1624 5141 καὶ
1648 5089 1728 5151 εἰς
1755 5086 1843 5142 τὸν

284 5183 509 5254 οὐρανὸν
558 5182 916 5252 εἰσερχόμεθα
964 5183 1057 5234 καὶ
1094 5180 1501 5252 ἐμφανιζόμεθα
1530 5179 1608 5249 τῷ
1649 5180 1846 5250 Πατρὶ,

282 5273 422 5328 οὓτω
447 5275 689 5344 πάλινέν
719 5273 867 5343 αὐτῷ
889 5273 1254 5345 δοξαζόμενοι,
1286 5274 1381 5325 καὶ
1411 5270 1726 5342 ὑψούμενοι,
1753 5275 1848 5326 καὶ

283 5367 396 5420 υἱοῦ
425 5365 562 5419 Θεοῦ
590 5367 1038 5437 χρηματίςωμεν.

352 5546 397 5576 "
436 5547 576 5606 Psal.
607 5567 725 5612 Llll,
757 5552 813 5606 3.
889 5551 933 5584 δ’
970 5545 1109 5602 Psal.
1152 5558 1344 5605 Lunl,
1373 5541 1463 5595 21.

1948 4739 2122 4803 crelis,
2167 4747 2222 4794 et
2261 4753 2443 4794 coram
2487 4738 2626 4794 facie
2669 4737 2848 4793 Patris
2889 4739 3182 4802 exsistens,
3228 4751 3373 4792 nunc
3419 4751 3517 4806 pro

1949 4829 2104 4884 nobis
2138 4828 2454 4897 ingreditur,
2503 4839 2561 4883 et
2609 4838 2830 4898 apparet
2862 4843 3044 4887 coram
3084 4826 3246 4882 Patre
3284 4842 3300 4880 :
3329 4827 3404 4880 ita
3439 4826 3520 4878 vi-

1949 4920 2132 4975 cissim
2165 4934 2303 4974 nunc
2326 4919 2595 4974 exaltatur
2620 4934 2716 4990 pro
2742 4918 2896 4975 nobis
2917 4927 2970 4973 et
2990 4917 3344 4988 gloriﬁcatur,
3372 4914 3518 4969 acci-

1952 5011 2135 5081 pitque
2167 5028 2188 5064 r
2212 5024 2405 5066 nomen
2432 5010 2574 5080 quod
2603 5019 2688 5066 est
2706 5015 2871 5079 super
2887 5023 3046 5064 omne
3075 5021 3269 5064 nomen
3293 5007 3373 5060 “z
3405 5023 3428 5057 ι
3461 5013 3517 5058 ut

1949 5103 2400 5172 quemadmodum
2431 5103 2486 5157 in
2516 5103 2633 5172 ipso
2654 5105 2816 5157 etiam
2850 5103 2901 5157 in
2936 5101 3129 5157 cmlum
3165 5099 3516 5170 ingredimur.

1951 5201 2006 5247 et
2027 5207 2346 5261 apparemus
2366 5208 2545 5247 coram
2571 5192 2752 5254 Patre,
2789 5193 2860 5247 ita
2893 5193 3053 5246 etiam
3085 5192 3136 5244 in
3169 5193 3284 5259 ipso
3313 5189 3515 5259 gloriﬁ-

1951 5286 2056 5340 cati
2083 5295 2137 5338 et
2165 5286 2402 5347 exnltati,
2438 5284 2529 5338 lilii
2563 5286 2654 5339 Dei
2694 5299 2907 5354 quoque
2938 5299 3193 5339 vocemur
3216 5285 3259 5314 “

1538 5543 1584 5574 ³³
1614 5539 1755 5596 Psal.
1786 5559 1909 5607 va,
1942 5542 1998 5596 2.
2075 5541 2121 5574 “
2159 5540 2300 5595 Psal.
2338 5557 2484 5607 Lxxl,
2516 5542 2603 5594 l7.
2680 5544 2725 5574 "
2760 5541 2901 5596 l’sal.
2930 5559 3041 5607 xu,
3077 5544 3130 5598 8.
3208 5543 3254 5575 "
3287 5541 3441 5597 Joan.
3472 5555 3514 5603 ι,

313 5618 365 5681 1,
393 5615 449 5676 2,
526 5620 570 5652 ⁸⁷
605 5610 837 5692 Philipp.
861 5637 925 5683 ιι,
954 5617 1006 5672 7.
1086 5616 1131 5646 ⁵⁸
1169 5613 1322 5666 Joan.
1358 5629 1397 5678 ι,
1431 5613 1515 5666 id.
1591 5612 1635 5643 "
1678 5610 1835 5667 Hebr.

1936 5651 1950 5676 ,
1977 5612 2068 5666 ει.
2142 5612 2189 5642 ⁸⁸
2219 5610 2448 5683 Philipp.
2483 5625 2540 5686 tu,
2572 5614 2626 5664 9.
2703 5611 2743 5644 ⁶¹
2788 5611 2804 5665 l
2840 5611 2996 5667 Joan.
3033 5629 3110 5676 Ill,
3144 5615 3195 5667 1.

563 5713 835 5774 ΡΑτιιοι..
869 5712 985 5772 Gn.
1019 5705 1265 5771 LXXV.

3093 5701 3157 5762 11
