4106 6204
484 242 586 299 531

1160 347 1326 406 Α-ιιιι
1333 349 1392 404 D.

556 465 870 526 Servatoris
911 462 1081 522 nostri
1120 462 1171 518 in
1203 465 1406 520 omium
1455 457 1876 527 assumptionem
1923 453 2074 510 Psal-

485 558 645 614 mista
675 557 961 613 declarans
977 552 1386 625 per‘Spiritum,
1424 550 1495 603 ita
1522 550 1599 602 ait
1627 565 1643 604 :
1679 564 1697 599 ι
1727 545 1924 600 Tollite
1957 558 2075 614 por-

486 645 590 714 ‘as,
606 648 901 719 principes,
918 652 1151 706 vestras,
1173 649 1227 696 et
1246 638 1553 701 elevamini,
1579 645 1748 707 portae
1765 635 2070 703 mternales,

484 749 541 796 et
566 739 814 795 introibit
839 750 936 792 rex
976 733 1163 805 gloria:
1189 733 1255 784 ⁶¹.
1290 747 1309 781 ι
1354 727 1456 784 Hic
1485 729 1630 784 enim
1667 729 1870 784 sanctis
1902 725 2072 782 ταξιο-

486 845 608 885 rum
659 826 950 882 virtutibus
1004 822 1242 892 Spiritus
1304 819 1574 889 imperat,
1627 826 1687 872 ut
1734 815 2071 888 ingredienti

484 920 701 975 Christo
733 925 917 987 portas
950 912 1218 983 aperiant.
1263 909 1428 980 Atqui
1456 919 1575 964 erat
1602 909 1764 964 etiam
1810 919 1935 964 ante
1980 922 2069 963 as-

485 1009 852 1077 sumptionem
914 1004 1058 1058 intra
1112 1014 1323 1073 portas,
1379 1010 1434 1057 et
1477 1001 1531 1056 in
1580 1000 1770 1066 ctelis,
1817 999 2070 1056 ut'Deus.

1476 231 1533 287 S.
1575 226 1854 287 CYRILLI
1893 221 2363 281 ALEXANDle
2401 224 2724 282 ARCHIEP.

2096 344 2144 401 Δ

3637 223 3749 278 5'52

2852 340 3054 396 AAAO.
3738 351 3742 354 ‘

2243 453 2350 508 Τοῦ
2388 454 2637 525 Σωτῆρος
2683 452 2840 524 ἡμῶν
2870 452 2971 523 τὴν
3009 453 3089 517 είς
3129 451 3392 524 οὐρανοὺς
3419 451 3691 524 ἀνάληψιν
3714 454 3752 508 ὗ

2171 547 2479 617 Ψαλμῳδὸς
2522 545 2886 616 ἐξηγούμενος
2929 544 3017 598 διὰ
3058 543 3156 597 τοῦ
3201 544 3519 614 Πνεύματος
3566 545 3750 614 λέγει⁹

2181 659 2202 692 ι
2225 643 2430 711 ’Ἄρατε
2463 640 2659 704 πύλας,
2694 642 2741 693 οί
2773 641 3064 710 ἄρχοντες,
3097 637 3270 708 ὑμῶν,
3307 637 3401 691 καὶ
3439 636 3746 706 ὲπὰρθητε,

2173 732 2341 786 πύλαι
2359 732 2585 795 αἰώνιοι,
2602 731 2694 784 καὶ
2717 730 3078 784 εἰσελεύσεται
3095 732 3124 782 ὁ
3141 727 3404 791 Βασιλεὺς
3416 727 3519 796 τῆς
3531 727 3703 794 δόξης.
3721 746 3741 778 ι

2185 823 2452 877 Ἐνταῦθα
2480 823 2588 893 γὰρ
2617 825 2735 885 ταῖς
2762 823 2820 874 ὲν
2847 823 2960 882 τοῖς
2981 820 3229 890 οὐρανοῖς
3252 817 3435 885 ἁγίαις
3455 815 3751 884 δυνάμεσιν

2172 913 2451 966 ἐπιτάττει
2474 912 2534 964 τὸ
2551 912 2771 981 Πνεῦμα
2798 910 2901 973 τὰς
2913 909 3086 972 πύλας
3113 909 3351 976 ἀνοίγειν
3380 908 3750 978 εἰσερχομένῳ

2172 1006 2414 1077 Χριστῷ.
2431 1000 2654 1077 Ἀλλ’ἧν
2675 1004 2770 1057 καί⁸
2797 1003 2904 1076 πρὸ
2923 1003 3021 1073 τῆς
3049 1001 3368 1072 ἀναλήψεως
3395 1002 3526 1052 εἵσω
3547 1017 3607 1052 τε
3638 1001 3751 1052 τῶν

489 1101 653 1170 196
684 1098 823 1165 Quid
855 1096 1022 1166 igitur
1041 1109 1180 1165 opus
1201 1095 1310 1149 'l'uit
1340 1092 1608 1161 ejusmodi
1653 1092 1909 1147 mandato
1947 1089 2066 1161 Spi-

2173 1098 2355 1152 πυλῶν
2382 1098 2476 1152 καὶ
2496 1097 2555 1149 ἐν
2586 1095 2699 1158 τοῖς
2726 1095 2976 1166 οὐρανοῖς
3003 1095 3079 1157 ὠς
3103 1093 3254 1156 Θεός.
3286 1091 3350 1146 Τί
3375 1086 3468 1145 οὖν
3501 1092 3608 1144 ἔδει
3636 1093 3751 1144 τῶν

485 1189 666 1244 ritus?
693 1189 802 1244 Aut
823 1186 1094 1258 quomodo
1120 1181 1218 1255 qui
1258 1186 1403 1240 intus
1432 1192 1552 1248 ‘est,
1587 1181 1809 1237 introire
1833 1178 2066 1234 dicitur'l

2171 1189 2426 1244 τοιούτων
2453 1182 2549 1241 τοῦ
2597 1185 2917 1257 Πνεύματος
2965 1183 3432 1255 προσταγμάτων;
3464 1185 3535 1236 Ἢ
3563 1184 3680 1246 πῶς
3713 1185 3749 1236 v5

485 1278 955 1346 Quemadmodum
1010 1274 1178 1346 igitur
1219 1289 1327 1329 non
1355 1278 1734 1343 quatenus-est
1773 1271 1937 1334 Deus,
1975 1269 2066 1324 sed

2172 1279 2317 1333 ἔνδον
2346 1278 2425 1332 ὢν
2469 1277 2814 1347 είσέρχεσθαι
2857 1277 3104 1343 λέγεται;
3141 1276 3349 1344 Ὠσπερ
3381 1269 3474 1327 οὖν
3508 1275 3570 1326 ὀύ
3611 1270 3750 1328 καθὸ

483 1379 754 1437 quatenus
789 1367 972 1430 homo,
1025 1373 1247 1434 prapter
1287 1377 1386 1418 nos
1435 1372 1490 1417 et
1537 1373 1638 1430 pro
1683 1361 1838 1416 nobis
1883 1370 2066 1429 portas

2171 1371 2302 1434 Θεός
2332 1371 2500 1435 ἐστιν,
2535 1366 2673 1423 ἀλλὰ
2707 1367 2842 1421 καθὸ
2871 1367 3174 1438 ἄνθρωπος,
3212 1365 3280 1418 δι’
3303 1366 3458 1436 ’ἡμᾶς
3487 1365 3582 1419 καὶ
3606 1366 3748 1436 ὑπὲρ

483 1457 744 1512 caelorum
779 1454 1100 1525 ingreditur,
1135 1467 1232 1507 nos
1269 1453 1321 1506 in
1351 1466 1444 1508 eas
1478 1465 1576 1520 per
1603 1465 1659 1506 se
1692 1451 2066 1514 introducens,

2171 1459 2328 1530 ἡμῶν
2364 1458 2464 1520 τὰς
2500 1457 2611 1509 τῶν
2639 1455 2884 1526 οὐρανῶν
2916 1454 3224 1524 εἰσέρχεται
3255 1449 3430 1514 πύλας
3450 1493 3465 1518 ,
3505 1453 3538 1520 ὴ
3548 1452 3653 1519 μᾶς
3687 1453 3750 1501 ἐν

481 1560 713 1632 eamque
756 1555 976 1617 prapter
1023 1559 1121 1599 nos
1167 1545 1308 1598 viam
1357 1542 1681 1597 instauravit
1731 1562 1743 1596 :
1782 1542 1854 1596 ita
1903 1542 2066 1596 etiam

2171 1547 2364 1613 αὐταῖς
2409 1548 2646 1617 είσάγων
2697 1547 2767 1600 δι’
2813 1545 3028 1608 ἑαυτοῦ,
3088 1544 3182 1596 καὶ
3230 1540 3436 1610 ταύτην
3487 1540 3552 1594 δι’
3600 1541 3751 1610 ἡμᾶς

485 1629 606 1693 cum
636 1637 712 1691 sit
744 1637 1062 1700 altissimus,
1097 1635 1369 1690 exaltatur
1392 1644 1614 1704 propter
1643 1647 1763 1697 nos,
1796 1641 1854 1686 ut
1885 1632 2066 1695 homo,

2173 1639 2476 1694 ἑνεκαίνισε
2515 1639 2614 1709 τὴν
2649 1638 2800 1690 ὁδόν·
2835 1629 2978 1689 οὕτω
3025 1633 3118 1686 xui.
3164 1631 3399 1700 ’ὕψιστος
3440 1630 3744 1699 τυγχάνων,

485 1739 545 1784 ιιι
592 1743 690 1783 nos
736 1727 1038 1783 exaltemur
1090 1726 1144 1781 in
1193 1725 1309 1796 ipso
1363 1734 1608 1795 gestante
1656 1723 2066 1778 similitudinem

2175 1731 2405 1802 ὑψοῦται
2433 1731 2502 1784 δι’
2527 1730 2694 1800 ἡμᾶς,
2714 1725 2790 1792 ὡς
2816 1725 3126 1797 ἄνθρωπος,
3155 1724 3224 1777 ἶν’
3254 1725 3417 1794 ἡμεῖς
3442 1720 3750 1792 semesam

485 1820 687 1887 nostri,
723 1829 889 1889 utque
941 1819 1016 1875 ita
1077 1818 1398 1874 refortnaret
1455 1830 1556 1871 nos
1603 1815 1656 1869 in
1705 1815 1947 1884 seipsum
2002 1813 2066 1869 ad

2172 1824 2231 1876 ὲν
2281 1822 2431 1893 αύτῷ
2480 1820 2732 1892 φοροῦντι
2789 1819 2887 1889 τὴν
2939 1817 3075 1889 πρὸς
3118 1817 3266 1886 ἡμᾶς
3307 1815 3586 1885 ὁμοίωσιν,
3652 1815 3748 1866 κ’πῖ

484 1912 776 1984 imaginem
794 1910 1093 1980 Creatoris,
1114 1912 1421 1967 instaurans
1438 1915 1710 1976 naturam,
1731 1907 2073 1978 pristinoque

484 2005 646 2060 statui
679 2003 996 2060 restituens.

485 2206 864 2262 Annolationes
901 2212 1100 2272 aaquot
1145 2203 1213 2257 de
1258 2202 1635 2258 incarnatione
1681 2202 1862 2257 eodem
1887 2200 2072 2272 _perti-

556 2287 752 2331 nentes.
800 2275 863 2328 In
903 2269 1062 2341 illtid,
1097 2291 1117 2325 ι
1150 2273 1307 2326 Dedit
1345 2274 1448 2340 illi,
1487 2293 1507 2327 ι
1544 2283 1675 2335 etc.,
1716 2282 1765 2326 et
1821 2289 1840 2324 ι
1875 2269 2072 2341 ξηραῖ-

551 2347 800 2400 exultavit
822 2346 1018 2408 ipsum,
1049 2339 1071 2397 ἰ
1107 2343 1316 2413 aliaque
1343 2339 1603 2413 ejusmodi
1629 2359 1744 2412 quae
1773 2342 1836 2395 de
1859 2339 2070 2394 Christo

555 2416 802 2468 dicuntur
833 2415 899 2468 ⁸³.

567 2525 805 2581 Verbum
836 2526 926 2582 Dei
945 2527 1261 2598 semperjest
1285 2524 1610 2581 altissimum
1636 2533 1696 2580 ut
1730 2522 1891 2592 Deus;
1918 2523 2071 2579 exal-

483 2627 631 2672 tatur
667 2628 845 2672 autem
878 2626 938 2672 ut
967 2617 1129 2672 homo
1162 2634 1176 2671 :
1213 2631 1446 2687 cumque
1479 2616 1550 2672 sit
1597 2613 1796 2669 nullius
1832 2612 2070 2682 indigus,

483 2723 544 2765 ut
587 2710 749 2776 Deus,
806 2708 1009 2764 dicitur
1056 2707 1329 2777 accipere,
1379 2717 1442 2761 ut
1493 2709 1692 2772 homo;
1743 2703 2071 2760 adorabatur

481 2815 719 2870 semper,
753 2809 811 2853 ut
856 2798 998 2854 Deus
1049 2817 1062 2853 :
1110 2813 1257 2854 nunc
1306 2798 1679 2852 adorationem
1728 2795 1973 2865 suscipit,
2009 2802 2070 2848 ut

487 2894 668 2948 homo.
713 2889 770 2945 Si
813 2899 872 2944 ut
913 2890 1075 2944 homo
1106 2896 1354 2942 mortuus
1392 2895 1498 2952 est,
1558 2885 1662 2940 hoc
1714 2895 1892 2940 tamen
1935 2882 2068 2939 nihil

483 2982 876 3075 dignitatiUDei
909 2980 1072 3075 verbi
1125 2980 1402 3046 detrahit;
1448 2978 1737 3075 ita_ctiam
1793 2977 1938 3032 nulla
1983 2986 2066 3030 est
2093 3013 2138 3075 α

482 3073 834 3138 contumelia,
868 3075 912 3127 si
947 3072 1160 3128 dicatur
1188 3071 1464 3142 accepisse
1507 3069 1708 3139 aliquid
1741 3071 1764 3124 ':
1804 3069 2066 3138 quemad-

482 3164 702 3220 modum
752 3163 895 3219 euim
943 3162 1073 3217 illud
1125 3162 1447 3216 humanitati
1501 3160 1719 3223 accidit,
1777 3158 1850 3213 ita
1901 3159 2066 3213 etiam

482 3257 620 3310 haec.
659 3253 716 3310 Si
751 3268 873 3308 cum
904 3252 1223 3307 immortalis
1250 3251 1342 3317 sit,
1376 3260 1440 3305 ut
1470 3249 1634 3313 Deus,
1676 3257 1922 3302 mortuus
1944 3260 2066 3301 esse

486 3346 686 3402 dicitur
714 3354 772 3400 ut
801 3345 995 3414 homo,
1025 3343 1320 3399 altissimus
1345 3356 1468 3398 cum
1495 3341 1597 3406 sit,
1623 3349 1685 3396 ut
1711 3338 1854 3395 Deus
1874 3376 1890 3404 ,
1915 3336 2063 3394 exal-

491 3448 638 3495 tatus
662 3438 883 3504 dicitur,
913 3446 972 3492 ut
1001 3437 1182 3502 homo.

600 3549 876 3618 Quomodo
905 3549 1062 3606 Jesus
1096 3549 1338 3605 Christus
1364 3548 1429 3602 sit
1453 3548 1518 3602 in
1547 3547 1718 3617 gloria
1753 3543 1955 3599 Patris.

556 3664 692 3732 Quia
721 3679 818 3734 per
849 3663 1204 3720 humanitatis
1248 3662 1671 3732 assumptionem
1705 3660 1847 3730 quod
1884 3655 2066 3730 perdi-

487 3765 600 3811 tum
632 3764 749 3810 erat
793 3765 1168 3825 recuperatum
1199 3763 1315 3821 est,
1346 3755 1489 3826 quod
1529 3753 1821 3811 contritum
1858 3751 2066 3806 instau-

486 3856 665 3903 ratum
692 3856 794 3913 est,
826 3847 970 3917 quod
1009 3847 1231 3902 errabat
1271 3859 1594 3900 conversum
1625 3859 1690 3898 ac
1727 3842 2008 3898 reductum
2047 3858 2060 3893 ι

485 3951 606 4009 quae
627 3938 809 3994 omnia
842 3945 1091 4008 spectant
1117 3938 1183 3991 ad
1211 3935 1438 4007 gloriam
1457 3932 1572 3990 ‘Dei
1600 3933 1668 3989 ae'
1684 3932 1883 3988 Patris.

1154 4047 1387 4102 ALIUD.

557 4162 639 4230 Si,
665 4163 810 4219 Deus
835 4176 958 4217 cum
988 4170 1157 4224 esset,
1182 4161 1344 4216 homo
1367 4157 1543 4214 iactus
1569 4166 1866 4228 est,-atque’
1886 4159 1988 4214 hoc
2006 4173 2064 4214 re

485 4254 604 4324 ipsa
639 4253 826 4310 subire
853 4252 1042 4317 voluit,
1070 4269 1229 4308 nemo
1264 4251 1568 4307 offendatur
1601 4251 1794 4320 siquae
1816 4250 2064 4305 humani-

2171 1912 2342 1974 οὕτως
2372 1907 2745 1981 ἀναμορφώσῃ
2792 1906 2928 1978 πρὸς
2976 1906 3167 1958 ἑαυτὸν
3204 1906 3283 1968 εἰς
3314 1904 3372 1957 τὸ
3413 1903 3532 1957 κατ’
3561 1903 3748 1956 εἰκόνα

2171 2004 2267 2060 τοῦ
2309 2003 2594 2066 κτίσαντος
2613 2041 2630 2067 ,
2666 1998 3034 2063 ἀνακαινίζων
3057 1998 3157 2068 τὴν
3188 1996 3349 2067 φύσιν
3377 1996 3567 2067 ὥσπερ
3587 1989 3654 2067 ἢν
3685 1996 3751 2060 ἐξ

2171 2100 2370 2171 ἀρχῆς.

2170 2207 2572 2280 Σχόλιακπερί
2600 2204 2961 2280 σᾳρκῴσεως
2988 2205 3095 2280 τὸνρ
3111 2204 3303 2280 αὐτὸν
3322 2202 3550 2280 ἔχοντα
3563 2198 3745 2280 χοῦν.

2240 2271 2344 2344 Εἰς
2372 2271 2438 2332 τὸ
2466 2317 2481 2342 ,
2511 2271 2556 2329 ⁷(
2608 2271 2962 2343 Ἐχαρίσατο
3007 2274 3245 2344 ai)er
3299 2272 3418 2344 καὶ,
3473 2288 3491 2321 ι
3535 2271 3749 2344 Ὑπερ-

2239 2340 2489 2417 ὕψωσεν
2543 2340 2762 2417 abet-fr;
2809 2364 2826 2396 ι
2879 2344 2976 2397 καὶ
3037 2343 3155 2399 ὅσα
3203 2340 3459 2396 τοιαῦτα
3510 2340 3748 2408 λέγεται

2242 2415 2375 2486 περὶ
2405 2415 2686 2486 Χριστοῦ.

2243 2532 2505 2602 Ὕψιστος
2531 2532 2561 2583 ὁ
2589 2528 2681 2582 τοῦ
2710 2527 2844 2582 Θεοῦ
2874 2528 3046 2595 Λόγος
3071 2527 3182 2591 ἀεὶ,
3215 2526 3352 2580 καθὸ
3380 2526 3540 2589 Θεός·
3582 2523 3747 2593 ὑψοῦ·

2168 2644 2260 2681 ται
2286 2626 2346 2679 δὲ
2390 2625 2465 2688 ὡς
2492 2624 2775 2694 ἄνθρωπος
2793 2637 2807 2650 ’
2839 2620 3094 2691 ἀνενδεὴς
3125 2619 3200 2673 ὢν
3229 2619 3304 2683 ὡς
3332 2618 3482 2684 Θεὸς,
3532 2617 3746 2688 λαμϐά-

2170 2732 2281 2770 νειν
2316 2715 2392 2778 ὡς
2426 2713 2710 2784 ἄνθρωπος
2730 2711 2977 2779 λέγεται·
3011 2712 3402 2781 προσεκυνεῖτο
3430 2709 3581 2780 παρὰ
3609 2709 3747 2760 πάν-

2169 2823 2277 2860 των
2325 2806 2402 2866 ὡς
2444 2803 2576 2866 Θεὸς
2597 2842 2610 2866 ,
2644 2803 2855 2873 δέχεται
2886 2800 2980 2854 νῦν
3009 2800 3106 2872 τὴν
3137 2799 3509 2871 προσκύνησιν
3553 2798 3628 2861 ὼς
3653 2799 3747 2852 ἄν-

2170 2894 2502 2970 θρωπος.Ἐί
2535 2893 2919 2965 ὡςᾶνθρωπος
2942 2893 3204 2959 ἀπέθανε,
3235 2893 3334 2946 καὶ
3355 2891 3522 2962 ψόγον
3557 2891 3748 2944 οὐδένα

2168 2989 2247 3060 τῷ
2291 2987 2411 3058 Θεῷ
2441 2986 2599 3056 Λόγῳ
2629 2985 2787 3038 τοῦτο
2831 2984 3242 3056 προστρίϐεται,
3297 2984 3449 3037 οὐδὲν
3495 2983 3744 3053 ἀδικήσει

2169 3080 2263 3135 καὶ
2289 3079 2350 3132 τὸ
2381 3077 2638 3145 λέγεσθαι
2662 3075 2878 3127 λαϐεῖν’
2913 3074 3105 3145 ὥσπερ
3134 3074 3244 3144 γὰρ
3275 3075 3454 3127 ἐκεῖνο
3484 3073 3613 3144 περὶ
3645 3072 3744 3138 τὴν

2167 3170 2565 3243 ἀνθρωπότητα
2627 3166 2869 3236 γέγονεν,
2915 3164 3060 3220 οὕτω
3087 3166 3184 3219 καὶ
3220 3163 3391 3218 ταῦτα
3423 3165 3640 3234 ὁμοίως.
3677 3163 3743 3216 Ei

2165 3262 2434 3323 ἀθάνατος
2477 3259 2554 3314 ὢν
2600 3258 2755 3323 Θεὸς,
2788 3256 3002 3326 λέγεται
3043 3256 3296 3310 τεθνάναι
3324 3255 3401 3317 ὡς
3433 3253 3741 3324 ἄνθρωπος.

2169 3352 2431 3422 Ὕψιστος
2479 3347 2556 3403 ὢν
2606 3349 2682 3413 ὡς
2729 3347 2886 3413 Θεὸς,
2924 3344 3188 3416 ύψοῦσθαι
3235 3342 3474 3412 λέγεται,
3525 3341 3600 3405 ὼς
3647 3338 3741 3394 ἄν·

2167 3443 2194 3497 θ
2201 3459 2402 3514 ρωπος.

2203 3557 2336 3624 Πῶς
2371 3555 2614 3625 Ἰησοῦς
2641 3553 2897 3624 Χριστὸς
2928 3553 3015 3618 είς
3045 3550 3236 3616 δόξαν
3254 3548 3418 3614 χΘεοῦ
3443 3546 3704 3615 Πατρός-

2239 3673 2359 3726 Ὅτι
2400 3669 2491 3724 διὰ
2541 3669 2642 3738 τῆς
2687 3665 3150 3736 ὲνανθρωπήσεως
3200 3663 3260 3716 τὸ
3317 3662 3594 3724 ἀπολωλὸς
3642 3663 3740 3713 ἀν-

2165 3763 2344 3834 εσώθη
2366 3780 2379 3792 ·
2410 3762 2472 3814 τὸ
2503 3758 2959 3829 συντετριμμένον
2979 3756 3404 3825 κατεδεσμεύθη,
3435 3754 3498 3806 τὸ
3526 3753 3738 3806 πλανώ-

2167 3871 2328 3926 μενον
2378 3850 2726 3922 ὲπεστράφηο
2770 3849 3034 3902 συντείνει
3070 3847 3125 3900 δὲ
3149 3847 3320 3901 ταῦτα
3353 3847 3434 3909 εἷς
3459 3845 3615 3910 δόξαν
3642 3844 3738 3896 τοῦ

2163 3944 2299 4000 Θεοῦ
2336 3944 2426 3999 καὶ
2449 3940 2680 4010 Πατρός.

2843 4055 3043 4108 ΑΛΛΟ.

2231 4169 2294 4224 Εἰ
2324 4169 2456 4233 Θεὸς
2478 4166 2554 4222 ὢν
2581 4168 2802 4237 γέγονεν
2825 4167 3129 4238 ἄνθρωπος,
3156 4167 3251 4221 καὶ
3273 4167 3418 4239 ἔργῳ
3447 4167 3604 4220 τοῦτο
3633 4186 3732 4220 παι

2163 4259 2277 4313 θεῖν
2309 4259 2571 4330 ὑπέμεινε
2595 4301 2610 4326 ,
2643 4257 3080 4322 σκανδαλιζέσθω
3111 4259 3300 4330 μηδεὶς
3320 4298 3336 4323 ,
3367 4260 3414 4311 εί
3459 4260 3526 4311 τὰ
3550 4260 3614 4328 τῇ
3646 4260 3712 4310 ἀν

484 4347 586 4401 tati
631 4355 686 4401 et
722 4344 906 4401 servili
955 4345 1254 4402 conditioni
1295 4343 1852 4411 conveniunt,'etiam
1907 4343 2060 4398 inse

2168 4350 2478 4424 θρωπότητι
2521 4349 2800 4421 πρέποντα
2851 4349 2946 4402 καὶ
2984 4349 3062 4419 τῷ
3101 4350 3339 4420 σχήματι
3378 4347 3455 4419 τῷ
3483 4347 3735 4416 οἰκετικιῖ-

483 4438 754 4509 gestavit;
797 4452 942 4506 nam,
975 4448 1035 4493 ιιι
1067 4440 1257 4503 homo,
1287 4447 1340 4493 et
1366 4435 1612 4505 accipere
1640 4443 1694 4490 et
1724 4434 1951 4490 exaltari
1976 4434 2058 4490 di-

483 4531 643 4586 citur.
677 4529 779 4596 Qui
829 4543 957 4584 vero
999 4529 1388 4585 humanitatem
1439 4528 1608 4595 ipsam
1670 4525 1853 4589 subiit,
1910 4534 2059 4582 certe

484 4621 807 4692 reprehendi
835 4636 944 4677 non
979 4623 1169 4691 possit,
1207 4621 1253 4675 si
1293 4620 1456 4674 etiam
1487 4634 1550 4674 ea
1583 4633 1704 4687 qtize
1733 4618 2055 4673 humanitati

483 4714 698 4784 propria
738 4722 864 4768 sunt
897 4714 1082 4768 subire
1113 4727 1216 4766 non
1254 4718 1466 4765 recuset
1503 4728 1515 4763 :
1563 4709 1835 4779 proprium
1876 4717 2054 4764 autem

483 4807 731 4861 humana
770 4814 980 4860 natura:
1018 4813 1100 4858 est
1136 4802 1305 4857 a»Deo
1331 4802 1595 4871 accipere,
1625 4801 1775 4872 juxta
1815 4799 1943 4854 illud
1974 4799 2056 4854 di-

483 4907 627 4952 ctum
662 4915 675 4951 :
720 4915 739 4948 ι
768 4896 908 4964 Quid
948 4897 1090 4951 enim
1127 4894 1293 4948 habes
1313 4894 1462 4963 quod
1494 4907 1599 4947 non
1637 4893 1889 4963 accepisti
1925 4891 2052 4961 δεῖ)

484 4989 706 5056 Accepit
743 4989 908 5056 igitur
938 4996 997 5041 ut
1035 4987 1194 5042 homo
1240 5000 1336 5055 per
1369 4985 1620 5054 gratiam,
1657 5000 1775 5055 qua:
1817 4993 1875 5040 ut
1919 4983 2058 5039 Deus

485 5078 673 5135 habuit
694 5079 1034 5136 naturaliter.

1161 5189 1385 5246 ALIUD.

555 5302 612 5357 Si
641 5302 802 5359 Pater
831 5305 1010 5360 omnia
1035 5315 1408 5373 operaturper
1432 5301 1633 5356 Filium
1648 5299 1742 5367 ⁸⁵⁸,
1772 5309 1827 5356 et
1854 5300 2055 5370 absque

486 5401 603 5469 ipso
633 5398 831 5452 factum
878 5409 961 5453 est
998 5398 1134 5453 nihil
1178 5398 1248 5461 ",
1285 5396 1592 5451 necessario
1639 5393 1924 5450 dicendum
1971 5401 2054 5449 est

486 5493 661 5563 ipsum
683 5490 785 5545 sibi
817 5489 919 5558 ipsi
944 5490 1327 5544 exaltationem
1362 5488 1596 5554 dedisse,
1625 5488 1972 5558 gratiamque
2023 5501 2053 5540 a

557 5647 600 5681 ss
625 5643 769 5706 psal,
798 5659 954 5708 χχιιι,
984 5644 1033 5696 7.
1113 5643 1156 5676 ⁸³
1181 5640 1411 5712 Philipp.
1451 5657 1509 5708 ιι,
1542 5642 1594 5696 9.
1673 5642 1728 5712 ⁸⁵,
1757 5639 1775 5693 1
1813 5640 1941 5696 Cor.
1985 5655 2056 5708 ιν,

2209 5639 2275 5671 ’δ’
2316 5638 2474 5695 Joan.
2513 5653 2564 5705 ν,
2600 5637 2685 5691 ΓΙ.
2767 5638 2810 5669 ⁸⁸
2847 5636 3003 5693 Joan.
3036 5653 3076 5703 ι,
3116 5639 3171 5694 ’5.

2167 4445 2391 4514 φέρεται
2424 4443 2518 4496 καὶ
2548 4443 2634 4494 ἐπ’
2662 4440 2824 4495 αὐτοῦ
2847 4459 2859 4471 ⁸
2897 4442 2971 4504 ὡς
2993 4440 3113 4512 γὰρ
3145 4441 3431 4511 ἄνθρωπος
3474 4441 3570 4494 καὶ
3597 4441 3730 4509 λαμο

2167 4534 2351 4588 6ἀνειν
2381 4532 2473 4585 καὶ
2498 4531 2764 4601 ύψοῦσθαι
2792 4532 3028 4601 λέγεται.
3046 4533 3102 4584 '0
3130 4532 3185 4584 δὲ
3212 4532 3312 4602 τὴν
3344 4531 3734 4601 ἀνθρωπότητσ

2166 4625 2335 4695 αὐτὴν
2370 4624 2667 4694 ὑπομείνας
2692 4662 2706 4686 ,
2738 4624 2837 4676 οὐκ
2881 4624 2947 4676 ἂν
2987 4623 3224 4691 εὐλόγως
3250 4622 3491 4691 ψέγοιτο,
3537 4624 3631 4675 καὶ
3667 4623 3734 4674 τὰ

2166 4711 2264 4782 τῆς
2289 4712 2707 4782 ἀνθρωπότητος
2745 4711 2852 4765 ἴδια
2899 4712 3127 4782 φορέσαι
3173 4712 3248 4782 μὴ
3277 4712 3683 4783 παραιτούμενο
3696 4731 3733 4774 ζ.

2171 4803 2328 4856 Ἵδιον
2355 4803 2410 4856 δὲ
2438 4802 2725 4874 ἀνθρώπου
2758 4802 2976 4870 φύσεως
2997 4804 3058 4856 τὸ
3080 4803 3378 4873 λαμϐάνειν
3404 4803 3554 4873 παρὰ
3576 4804 3733 4864 Θεοῦ.

2161 4893 2303 4946 κατὰ
2337 4893 2396 4945 τὸ
2425 4892 2586 4964 ῥητὸν
2614 4893 2675 4945 τὸ
2703 4890 2877 4959 λέγονο
2908 4911 2932 4943 ‹
2969 4892 3035 4945 Τί
3075 4892 3183 4963 γὰρ
3226 4893 3371 4964 ἔχεις
3408 4892 3439 4945 ὂ
3470 4894 3571 4946 οὐκ
3616 4893 3723 4945 ἕλα-

2161 4987 2286 5050 6εςς
2325 5005 2342 5037 ι
2380 4985 2617 5054 Είληφεν
2657 4984 2764 5055 ἄρα
2790 4985 2868 5048 ὡς
2890 4983 3176 5055 ἄνθρωπος
3201 4985 3343 5041 κατὰ
3365 4986 3528 5057 χάριν
3548 5027 3563 5053 ,
3593 4985 3737 5053 ἅπερ

2162 5074 2306 5149 εἶχεν
2329 5078 2402 5141 ὼς
2428 5077 2561 5140 Θεὸς
2586 5076 2852 5146 φυσικῶς.
3793 5081 3800 5087 “

2839 5189 3042 5245 ΑΛΛΟ.

2231 5303 2294 5354 Εἰ
2340 5301 2516 5355 πάντα
2563 5300 2628 5354 δι’
2659 5298 2790 5352 Υίοῦ
2831 5301 2859 5352 ὁ
2897 5299 3087 5370 Πατὴρ
3116 5299 3410 5370 ἐργάζεται
3433 5341 3450 5368 ,
3479 5301 3648 5372 χωρίς
3674 5318 3734 5355 τε

2161 5391 2326 5447 αὑτοῦ
2358 5392 2584 5461 γέγονεν
2609 5390 2781 5454 οὐδὲν,
2809 5390 3103 5457 ἀναγκαῖον
3136 5392 3330 5458 εἰπεῖν,
3359 5393 3550 5465 ὅτιπερ
3573 5392 3736 5455 αὐτὸς

2160 5479 2228 5556 ἦν
2276 5482 2453 5553 ἑαυτῷ
2499 5481 2591 5536 καὶ
2632 5481 2692 5535 τὸ
2737 5479 3000 5550 ύψοῦσθαι
3048 5480 3243 5551 διδοὺς,
3300 5483 3396 5538 καὶ
3437 5483 3536 5556 τὴν
3585 5481 3738 5552 παρὰ

3116 5639 3146 5655 ο-
