4036 6208
341 285 460 348 $3
1721 289 1994 348 TllESAU
2003 289 2163 348 RUS.
3498 309 3604 363 35;

350 409 568 480 Πατρὸς
595 408 757 481 χάριν
783 407 1216 480 διακονούμενος.
1262 410 1510 481 Ἐδέχετο
1541 411 1641 483 μὲν
1675 412 1780 484 γὰρ
1813 415 1913 465 οεο

2029 411 2190 468 Patre
2218 412 2614 483 suppeditasse.
2647 411 2900 484 Suscepit
2933 413 3080 469 enim
3120 415 3370 474 deiﬂcato
3409 423 3604 488 templo

349 500 680 571 ποιουμένου
719 499 817 554 τοῦ
868 501 1270 572 ἀναληφθέντος
1313 501 1462 567 ναοῦ,
1515 504 1607 556 καὶ
1653 498 1720 572 ἦν
1767 504 1913 572 φύσει

2028 503 2182 572 quod
2197 503 2511 572 assumpsit,
2541 513 2768 574 eratque
2799 513 2993 560 natura
3023 505 3168 561 Deus
3198 507 3432 563 Verbum
3459 511 3606 565 exsi-

345 590 486 654 Θεὸς
525 592 700 658 Λόγος
730 591 808 648 ὢν
849 591 945 645 τοῦ
992 594 1234 665 Πατρός·
1284 595 1483 664 ύψοῦτο
1514 595 1569 647 δὲ
1599 596 1758 650 πάλιν
1792 595 1913 648 καθὶ

2028 602 2178 649 stens
2201 593 2379 649 Patris
2411 612 2424 648 :
2462 595 2730 650 exaltatus
2774 607 2954 650 autem
3000 605 3107 660 est,
3138 605 3403 667 quatenus
3429 599 3606 655 factus

344 681 447 736 καὶ
473 681 760 752 ἄνθρωπος
785 683 1047 752 γεγονὼς,
1076 685 1170 738 καὶ
1203 687 1260 738 ὲν
1288 689 1355 757 τῇ
1395 685 1488 738 τοῦ
1515 685 1704 738 δούλου
1741 689 1913 757 μορφῇ

2028 676 2210 751 homo,
2254 695 2310 741 et
2352 685 2406 741 in
2447 685 2621 741 forma
2669 687 2810 741 servi
2860 687 3019 758 197
3045 702 3310 757 apparens
3346 692 3601 745 adoratus

343 773 678 843 φαινόμενος
731 778 1147 847 προσεκυνεῖτο,
1195 778 1288 831 καὶ
1340 777 1508 832 πάλαι
1565 777 1724 831 τοῦτο
1785 777 1924 848 ἔχων

344 863 492 933 μετά
515 865 747 936 Πατρός.
785 867 977 920 Ἔσται
1016 867 1194 921 τοίνυν
1237 870 1364 939 περὶ
1401 869 1502 939 τὴν
1529 867 1923 939 ἀνθρωπότητα

341 956 379 1025 ἡ
406 954 570 1024 χάρις
611 956 706 1008 καὶ
741 957 773 1026 ἡ
807 956 1035 1026 ὕψωσις,
1070 959 1150 1022 εἰς
1193 960 1384 1012 ἑαυτὸν
1413 959 1788 1029 οἰκειουμένου
1824 959 1919 1011 τοῦ

341 1043 485 1097 Θεοῦ
528 1045 705 1113 Λόγου
750 1044 819 1099 τὰ
852 1047 982 1118 περὶ
1023 1049 1116 1101 τὸν
1149 1047 1279 1102 ἴδιον
1321 1049 1486 1102 αὐτοῦ
1533 1049 1658 1102 ναὸν
1688 1047 1923 1118 συμϐαί-

345 1150 527 1188 νοντα.
550 1134 624 1187 Ού
657 1135 766 1206 γάρ
791 1137 981 1208 ἑτέρου
1008 1137 1174 1203 τινὸς,
1209 1138 1327 1192 ἀλλ’
1352 1139 1520 1193 αὑτοῦ
1544 1139 1606 1192 τὸ
1633 1139 1811 1208 σῶμα,
1841 1139 1921 1192 διὸ

339 1223 442 1276 καὶ
479 1224 554 1287 ὡς
586 1225 749 1288 αὐτὸς
787 1226 1112 1296 λελόγισται.
1147 1226 1242 1294 Εἷς
1267 1230 1376 1301 γὰρ
1410 1231 1440 1283 6
1484 1232 1720 1303 Χριστὸς
1766 1236 1830 1290 ἐκ
1861 1254 1918 1289 τε

339 1313 768 1386 ἀνθρωπότητος
813 1320 910 1372 καὶ
953 1318 1089 1372 Θεοῦ
1134 1321 1308 1389 Λόγου
1339 1324 1772 1395 κεκερασμένος,
1819 1329 1919 1382 οὐκ

343 1407 414 1460 ὲκ
454 1405 549 1460 τοῦ
597 1409 897 1480 τετράφθαι
940 1412 1078 1482 πρὸς
1120 1413 1258 1483 ὅπερ
1301 1415 1402 1468 οὐκ
1439 1411 1528 1486 ἦν,
1575 1417 1691 1471 ἀλλ’
1721 1419 1786 1472 ὲκ
1825 1420 1916 1474 τοῦ

339 1498 678 1568 προσλαϐεῖν
702 1500 794 1555 τὸν
820 1502 885 1555 ὲκ
911 1501 1196 1575 Παρθένου
1230 1505 1381 1561 ναόν.

1028 1639 1232 1694 ΑΛΛΟ.

2025 783 2132 838 est,
2157 775 2224 829 ab
2255 784 2459 831 aeterno
2485 776 2589 830 hoc
2614 775 2818 831 habens
2843 791 2965 831 cum
2992 776 3173 834 Patre.
3204 777 3394 832 Gratia
3424 779 3604 848 itaque

2025 872 2080 918 et
2107 864 2364 920 cxaltatio
2395 865 2538 920 circa
2573 866 2846 921 hominem
2882 867 3023 920 facta
3067 877 3171 934 est,
3202 869 3494 937 adoptante
3527 871 3600 923 ad

2026 955 2264 1025 seipsum
2301 955 2443 1012 Filio
2473 955 2654 1012 Verbo
2692 971 2756 1011 ea
2800 971 2920 1026 qua
2955 959 3153 1027 templo
3187 975 3304 1026 suo,
3337 960 3478 1030 quod
3510 976 3601 1015 as»

2024 1057 2347 1117 sumpserat,
2387 1048 2757 1104 accedebant:
2791 1064 2965 1119 neque
3004 1052 3147 1104 enim
3171 1050 3392 1106 alterius
3419 1052 3602 1121 cujus-

2022 1139 2200 1208 piam,
2252 1138 2346 1193 sed
2407 1153 2566 1193 suum
2631 1152 2828 1208 corpus
2879 1147 3026 1205 erat;
3084 1140 3314 1209 ideoque
3367 1150 3428 1194 ut
3488 1143 3603 1211 ipse

2020 1239 2294 1284 censetur.
2326 1227 2476 1285 Unus
2505 1229 2650 1286 enim
2683 1229 2938 1285 Christus
2955 1244 3023 1286 ex
3047 1230 3382 1286 humanitate
3409 1239 3463 1286 et
3483 1231 3596 1285 Deo

2023 1317 2197 1374 Verbo
2225 1319 2417 1376 mistus
2453 1329 2557 1387 est,
2601 1335 2710 1376 non
2753 1336 2852 1390 per
2884 1322 3236 1377 mutationem
3272 1322 3325 1377 in
3367 1321 3420 1376 id
3458 1323 3601 1392 quod

2021 1427 2127 1467 non
2154 1422 2297 1480 erat,
2327 1413 2422 1470 sed
2453 1427 2549 1484 per
2575 1414 2999 1483 assumptionem
3032 1413 3213 1483 templi
3248 1428 3312 1470 ex
3357 1412 3599 1484 Virgine.

2706 1635 2931 1692 ALIUD.

414 1767 621 1821 Ψάλλει
656 1787 758 1822 που
781 1766 964 1854 Δαϐξδ·
989 1789 1006 1822 ι
1028 1772 1086 1826 Ὀ
1116 1771 1304 1844 θρόνος
1332 1787 1447 1838 σου,
1480 1775 1509 1829 6
1538 1775 1690 1839 Θεὸς,
1723 1778 1798 1840 εἰς
1827 1777 1913 1832 τὸν

2091 1769 2258 1825 David
2302 1768 2501 1824 alicubi
2553 1768 2628 1824 ita
2681 1769 2830 1823 canit
2876 1787 2888 1823 :
2943 1787 2961 1821 ι
2989 1768 3156 1824 Sedes
3197 1777 3313 1834 tua,
3351 1766 3514 1837 Deus,
3549 1771 3600 1824 in

340 1860 520 1914 αἰῶνα
541 1860 635 1914 τοῦ
674 1861 885 1925 αἰῶνος.
915 1881 936 1915 ο
972 1859 1109 1918 Εἶτά
1154 1882 1286 1936 φησι
1319 1883 1333 1897 ο
1368 1884 1388 1918 t
1417 1867 1517 1920 Διὰ
1546 1867 1703 1921 τοῦτο
1732 1869 1914 1940 ἔχρισέ

341 1969 404 2004 σε
436 1953 466 2004 6
493 1951 642 2016 Θεὸς,
669 1955 696 2005 6
733 1952 865 2016 Θεός
921 1971 1034 2020 σου,
1079 1953 1258 2010 ἔλαιον
1308 1956 1698 2024 ἀγαλλιάσεως.
1737 1979 1754 2009 ι
1808 1962 1918 2013 Καὶ

336 2037 411 2111 ἦν
435 2043 466 2094 6
496 2043 672 2110 Λόγος
711 2043 808 2096 καὶ
853 2044 960 2114 πρὸ
1019 2045 1120 2115 τῆς
1176 2045 1412 2115 χρίσεως
1451 2046 1750 2116 βασιλεύων
1781 2050 1917 2119 μετὰ

339 2131 575 2203 Πατρός.
601 2131 726 2195 Πῶς
763 2127 853 2186 οῦν
879 2135 958 2197 εις
983 2132 1204 2202 βασιλέα
1229 2135 1440 2206 χρίεται
1469 2137 1563 2189 καὶ
1583 2138 1866 2205 ἁγιάζεται
1888 2141 1917 2192 6

338 2222 432 2275 ἀεὶ
497 2221 794 2292 βασιλεύων
844 2223 937 2276 καὶ
987 2224 1141 2293 ἅγιος
1173 2225 1283 2292 (Iw;
1341 2227 1551 2298 ’Ὠσπερ
1607 2229 1788 2283 τοίνυν
1831 2233 1916 2284 ἀεὶ

335 2311 499 2366 τοῦτο
518 2311 613 2378 ὣν,
637 2316 695 2368 ὲν
718 2315 967 2384 ἐσχάτοις
987 2318 1195 2386 καιροῖς
1218 2316 1656 2386 βεϐασιλευκέναι
1677 2320 1911 2390 λέγεταισ

335 2399 484 2453 οὕτω
543 2403 638 2454 καὶ
666 2401 889 2471 ὕψιστος
951 2403 1046 2465 ὢν,
1106 2403 1372 2472 ύψοῦσθαι
1428 2407 1643 2476 λέγεται
1691 2409 1778 2462 διὰ
1818 2411 1916 2481 τὴν

335 2493 605 2564 ἐνσαρκον
643 2496 973 2565 οἰκονομίαν.
1040 2494 1296 2566 ’Υψοῦται
1342 2497 1399 2551 δὲ
1439 2499 1534 2552 καὶ
1585 2500 1794 2571 χρίεται
1821 2503 1916 2556 καὶ

335 2584 624 2652 ἁγιάζεται
675 2586 743 2639 δι’
766 2587 939 2656 ἡμᾶς,
981 2588 1067 2642 ἵνα
1110 2588 1182 2642 δι’
1216 2589 1384 2642 αὑτοῦ
1420 2591 1586 2663 τρέχῃ
1624 2593 1808 2646 λοιπὸν
1837 2597 1916 2659 εἰς

333 2674 599 2744 πάνταςή
627 2675 807 2746 χάρις,
831 2675 905 2739 ὼς
924 2677 1025 2747 ἤδη
1054 2676 1269 2730 δοθεῖσα
1301 2681 1368 2749 τῇ
1399 2680 1580 2749 φύσει,
1605 2683 1699 2736 καὶ
1729 2683 1913 2736 λοιπὸν

333 2763 446 2834 ὅλῳ
475 2764 757 2836 σωζομένη
791 2765 869 2835 τῷ
901 2767 1068 2835 γένει.
1106 2767 1260 2821 οὕτω
1285 2771 1380 2822 καὶ
1416 2769 1445 2820 6
1497 2771 1690 2842 Σωτὴρ
1729 2773 1912 2840 ἔλεγεν

331 2854 395 2907 ἔν
426 2853 506 2924 τῷ
529 2857 671 2910 κατὰ
711 2857 962 2928 Ἰωάννην
986 2858 1325 2931 Εὐαγγελξῳ·
1362 2877 1381 2912 ι
1401 2860 1575 2933 ’Υπὲρ
1600 2863 1782 2916 αὐτῶν
1801 2864 1911 2932 ἐγὼ

332 2945 550 3012 ἁγιάζω
583 2946 836 3016 ἐμαυτὸν,
880 2949 966 3000 ἵνα
1001 2942 1104 3002 ὦσι
1146 2949 1245 3002 καὶ
1295 2949 1447 3004 αὐτοὶ
1505 2953 1847 3023 ἡγιασμένοι.
1887 2973 1904 3005 ι

333 3036 485 3089 Ὅσα
505 3037 613 3106 γὰρ
640 3039 696 3091 ἐν
714 3039 958 3110 Χριστῷ,
979 3039 1151 3094 ταῦτα
1179 3042 1274 3094 καὶ
1301 3044 1381 3105 εἰς
1409 3044 1576 3113 ἡμᾶς.
1596 3045 1708 3114 Οὐχ
1733 3045 1910 3116 ἑαυτῷ

2021 1861 2277 1918 ειεουιυιη
2322 1859 2522 1915 saeculi.
2557 1879 2576 1913 ›
2604 1861 2809 1917 Deinde
2839 1862 2915 1916 ait
2943 1879 2956 1916 :
2991 1879 3010 1912 ι
3039 1861 3332 1931 Propterea
3365 1863 3514 1917 unxit
3548 1874 3600 1915 te

2019 1951 2183 2014 Deus,
2211 1948 2353 2005 Deus
2382 1959 2525 2013 tuus,
2553 1949 2672 2004 oleo
2696 1949 3079 2005 exsultationis
3104 1964 3214 2018 prae
3242 1950 3601 2020 participibus

2020 2043 2126 2096 tuis
2151 2042 2217 2096 “.
2252 2060 2271 2094 ι
2299 2041 2462 2110 Atqui
2503 2051 2624 2096 erat
2660 2041 2895 2096 Verbum
2924 2043 3088 2096 etiam
3123 2051 3248 2095 ante
3281 2042 3599 2098 unctionem

2016 2148 2253 2204 regnans
2279 2148 2401 2188 cum
2431 2133 2611 2188 Patre.
2636 2133 2918 2199 Quomodo
2949 2133 3116 2202 igitur
3143 2132 3196 2186 in
3220 2147 3407 2204 regem
3445 2135 3602 2204 ungi-

2016 2233 2106 2279 tur
2137 2233 2194 2280 et
2219 2223 2609 2286 sanctiﬁcatur,
2657 2223 2752 2292 qui
2793 2237 3008 2292 semper
3046 2231 3240 2292 regnat
3269 2232 3600 2293 sanctusque

2017 2315 2276 2370 exsistit?
2303 2313 2767 2381 Quemadmodum
2803 2313 2963 2382 igitur
3001 2328 3124 2368 cum
3165 2327 3378 2384 semper
3416 2315 3468 2369 id
3504 2315 3598 2381 sit,

2017 2402 2221 2458 ultimis
2275 2413 2452 2457 tamen
2497 2402 2833 2472 temporibus
2885 2416 3144 2472 regnasse
3197 2402 3396 2458 dicitur
3448 2421 3463 2457 :
3519 2404 3590 2458 ita

2016 2509 2138 2548 cum
2176 2494 2246 2548 sit
2278 2492 2594 2556 altissimus,
2627 2492 2897 2547 exaltatus
2938 2507 3059 2547 esse
3102 2493 3321 2558 dicitur,
3373 2503 3594 2564 propter

2015 2585 2465 2641 incarnationem.
2496 2584 2780 2640 Exaltatur
2794 2594 3000 2649 autem,
3025 2593 3079 2639 et
3106 2574 3348 2653 u'ngitur,
3379 2594 3435 2639 et
3460 2600 3589 2640 san-

2015 2675 2284 2730 c’tiﬂcatur
2308 2686 2533 2747 propter
2561 2691 2683 2741 nos,
2706 2685 2766 2731 ut
2794 2691 2893 2746 per
2921 2677 3093 2744 ipsum
3117 2676 3290 2746 gratia
3323 2677 3374 2730 in
3408 2691 3597 2732 omnes

2013 2768 2316 2832 derivetur.
2379 2778 2436 2823 ut
2481 2770 2593 2839 jam
2649 2776 2853 2822 natura;
2909 2767 3104 2822 collata
3160 2767 3365 2836 totique
3409 2770 3593 2837 generi

2012 2858 2224 2928 largita.
2255 2859 2347 2914 Sic
2378 2859 2519 2914 enim
2542 2857 2797 2912 Servator
2817 2858 2932 2928 ipse
2965 2857 3020 2912 in
3051 2856 3343 2930 Evangelia
3371 2858 3596 2914 Joannis

2011 2948 2088 3001 ait
2119 2965 2133 3002 :
2171 2965 2189 2998 ι
2222 2946 2328 3002 Pro
2357 2949 2488 3018 ipsis
2531 2962 2629 3018 ego
2663 2947 2949 3003 sanctiﬂco
2978 2949 3268 3018 meipsum,
3301 2958 3358 3004 ut
3391 2951 3502 3004 sint
3542 2961 3595 3005 et

2012 3038 2112 3108 ipsi
2137 3037 2454 3092 sanctiﬁcali
2483 3038 2548 3091 ".
2570 3056 2589 3088 ι
2615 3037 2961 3108 Quaecunque
2989 3039 3130 3094 enim
3153 3038 3366 3095 Christo
3389 3040 3594 3105 insunt,

329 3103 622 3204 δεχομένου
650 3135 741 3188 τὸν
767 3103 1048 3208 άγια-σμὸν
1070 3138 1088 3208 (
1118 3138 1280 3203 αὐτὸς
1304 3103 1413 3210 γάρ
1430 3103 1510 3210 ’ἦν
1595 3103 1834 3209 ἁγιάζων
1852 3103 1904 3209 ).,

2016 3103 2200 3185 eadem
2224 3130 2275 3184 in
2298 3145 2394 3184 nos
2413 3103 2747 3186 derivantur.
2767 3103 2974 3200 Quippe
2993 3131 3084 3200 qui
3111 3103 3594 3186 sanctificationem

329 3225 451 3277 ἀλλ’
485 3226 572 3279 ἵνα
591 3225 775 3280 τοῦτον
816 3229 881 3298 τῇ
939 3229 1096 3297 φύσει
1133 3229 1201 3282 δι’
1223 3230 1420 3286 ἑαυτοῦ
1452 3232 1761 3306 προξενίσῃ,
1792 3234 1908 3298 ὁδὸς

326 3315 525 3386 ὥσπερ
545 3317 640 3368 καὶ
659 3317 802 3389 ἀρχὴ
830 3318 936 3371 τῶν
953 3320 1033 3384 εἰς
1052 3322 1202 3390 ἡμᾶς
1237 3322 1456 3391 ἀγαθῶν
1485 3324 1791 3394 γινόμενος.
1818 3325 1908 3377 Διὸ

328 3405 396 3476 δὴ
424 3407 516 3459 καί
555 3425 769 3477 φησιν’(
793 3409 934 3478 Ἐγώ
956 3412 1069 3481 εἰμι
1099 3413 1132 3482 ἡ
1156 3413 1294 3476 ὁδός
1327 3431 1345 3463 ›
1370 3413 1436 3466 δι’
1464 3408 1533 3485 ἧς
1558 3413 1746 3484 ὥσπερ
1771 3415 1908 3485 πρὸς

328 3496 483 3563 ἡμᾶς
538 3497 571 3565 ἡ
603 3496 721 3552 θεία
752 3498 1097 3569 καταϐέϐηκε
1158 3502 1316 3572 χάρις
1335 3542 1350 3566 ,
1394 3502 1602 3572 ὐψοῦσα
1630 3504 1726 3557 καὶ
1752 3503 1909 3571 ἁγιά-

329 3585 505 3650 ζουσα
532 3590 625 3641 καὶ
652 3589 968 3658 δοξάζουσα,
1019 3594 1112 3647 καὶ
1165 3594 1487 3650 θεοποιοῦσα
1526 3596 1626 3665 τὴν
1657 3595 1820 3664 φύσιν
1850 3597 1907 3648 ὲν

330 3677 537 3750 πρώτῳ
569 3681 805 3753 Χριστῷ.

1009 3901 1211 3954 ΛΛΛΟ.

403 4010 470 4062 Εἰ
508 4010 642 4073 Θεὸς
673 4008 748 4063 ὢν
785 4010 1068 4082 ἄνθρωπος
1095 4013 1310 4082 γέγονε,
1345 4014 1437 4068 καὶ
1473 4015 1575 4068 οὐκ
1625 4015 1910 4088 ἄνθρωπος

329 4100 408 4153 ὣν
463 4101 652 4168 γέγονε
707 4099 870 4166 Θεὸς,
935 4102 1144 4173 χρίεται
1199 4105 1256 4158 δὲ
1311 4106 1386 4168 ὠς
1441 4107 1766 4178 ἄνθρωπος,
1821 4109 1910 4164 ἴνα

329 4192 603 4264 δοξασθῇ,
672 4193 830 4263 δῆλον
895 4195 976 4247 ὅτι
1036 4195 1165 4265 περὶ
1241 4195 1340 4266 τὴν
1409 4197 1807 4269 άνθρωπότητα
1875 4202 1909 4271 ἡ

329 4286 512 4356 χάρις.

1023 4398 1225 4453 ΑΛΛΟ.

402 4505 466 4560 Εἰ
497 4508 658 4572 αὐτὸς
686 4507 761 4562 ὢν
779 4507 873 4562 τοῦ
899 4505 1039 4562 Πνεύ
1048 4527 1216 4578 ματος
1243 4509 1495 4581 χορηγὸς,
1524 4511 1664 4565 κατὰ
1699 4513 1759 4565 τὸ
1784 4515 1912 4584 περὶ

330 4599 498 4652 αὑτοῦ
527 4600 838 4670 λεγόμενον·
882 4619 900 4650 ι
923 4600 1129 4654 Λάϐετε
1156 4601 1378 4672 Πνεῦμα
1413 4601 1618 4670 ἅγιονοι
1656 4604 1717 4656 τὸ
1736 4604 1911 4658 Πνεῦ-

334 4708 411 4758 μα
435 4690 732 4760 λαμϐάνειν
751 4691 968 4759 λέγεται
997 4692 1124 4763 περὶ
1163 4692 1262 4763 τὴν
1292 4692 1706 4764 ἀνθρωπότητα,
1749 4697 1842 4749 καὶ
1876 4698 1910 4766 ἡ

332 4779 478 4845 δόσις
511 4783 607 4835 καὶ
637 4781 698 4835 τὸ
718 4782 1016 4854 λαμϐάνειν
1039 4782 1261 4853 ὁμοίως.

1019 4911 1219 4967 ΑΛΛΟ.

399 5041 541 5112 Φησί
593 5060 698 5097 που
725 5043 957 5114 Χριστὸς
987 5043 1064 5106 ὡς
1116 5042 1254 5112 πρὸς
1286 5045 1376 5096 τὸν
1418 5045 1637 5116 Πατέρα
1669 5047 1912 5116 διαλεγό-

334 5151 514 5205 μενος
553 5153 572 5187 ⁸
616 5135 788 5206 Ὑπὲρ
821 5133 998 5189 αὐτῶν
1030 5133 1140 5202 ἐγὼ
1169 5133 1382 5202 ἁγιάζω
1410 5136 1664 5205 ἐμαυτόν.
1703 5155 1723 5188 ι
1768 5140 1826 5191 Ὀ
1855 5139 1913 5192 δὲ

328 5227 522 5281 ἑαυτὸν
549 5227 774 5296 ἁγιάσαι
804 5227 1121 5297 δυνάμενος,
1147 5227 1242 5281 καὶ
1269 5227 1343 5297 μὴ
1382 5229 1513 5298 παρ’
1539 5229 1726 5300 ἑτέρου
1757 5229 1915 5284 τοῦτο

329 5319 532 5391 ζητῶν,
576 5318 767 5390 κύριος
791 5318 883 5371 τοῦ
917 5317 1162 5386 ἁγιάζειν
1190 5318 1357 5371 ἐστίν.
1407 5318 1472 5372 Ei
1502 5317 1559 5370 δὲ
1615 5319 1716 5373 οὐκ
1764 5320 1911 5375 ἔστιν

327 5412 387 5465 ἐν
411 5411 598 5483 χρείᾳ,
641 5411 772 5481 περὶ
829 5409 890 5464 τὸ
920 5409 1122 5481 χρῇζον
1167 5409 1196 5462 ὁ
1243 5411 1513 5480 ἁγιασμὸς
1545 5410 1906 5466 ἀποτελεῖται.

309 5499 657 5571 ’“Δγιάζεται
682 5503 739 5556 δὲ
767 5504 802 5574 ἠ
834 5501 1122 5574 ἀνθρώπου
1151 5502 1330 5571 φύσις.
1377 5501 1485 5556 Καὶ
1516 5501 1676 5556 τοῦτο
1704 5499 1772 5574 ἦν
1804 5505 1913 5574 ἄρα.

1937 4439 1990 4500 D

2009 3235 2116 3274 non
2176 3217 2386 3287 sibiipsi
2421 3219 2636 3288 accepit
2669 3218 2807 3288 (ipse
2848 3219 2992 3273 enim
3027 3228 3146 3274 erat
3181 3218 3593 3290 sanctiﬁcans).

2008 3308 2102 3362 sed
2131 3316 2190 3361 ut
2216 3322 2314 3377 per
2341 3322 2402 3362 se
2429 3321 2548 3362 eam
2578 3307 2828 3363 humana;
2861 3319 3065 3363 naturae
3088 3309 3412 3365 conciliaret
3450 3327 3462 3364 :
3509 3313 3592 3364 via

2007 3397 2407 3466 quodammodo
2440 3406 2495 3454 et
2541 3398 2868 3469 principium
2914 3402 3177 3455 bonorum
3220 3415 3345 3470 quae
3381 3400 3436 3454 in
3490 3415 3589 3456 nos

2006 3487 2535 3545 ﬂuxerunteﬂ‘ectus.
2550 3489 2756 3546 Idcirco
2779 3492 2944 3546 etiam
2961 3493 3063 3547 ait:
3087 3510 3104 3543 ι
3127 3493 3238 3562 Ego
3253 3507 3371 3548 sum
3388 3493 3472 3546 via
3487 3494 3553 3558 “,
3567 3513 3586 3546 ο

2007 3592 2105 3647 per
2131 3593 2294 3648 quam
2325 3579 2507 3634 divina
2535 3580 2708 3648 gratia
2737 3582 3135 3650 quodammodo
3157 3581 3210 3636 in
3237 3597 3334 3637 nos
3359 3582 3587 3638 descen-

2007 3670 2111 3733 dit,
2155 3669 2402 3725 exaltans
2440 3678 2495 3725 et
2543 3671 2890 3727 sanctiﬁcans
2940 3684 2996 3728 et
3041 3673 3372 3743 gloriﬁcans,
3427 3685 3592 3743 atque

2009 3760 2145 3814 adeo
2176 3759 2436 3815 deiﬁcans
2462 3767 2712 3815 naturam
2745 3763 3036 3817 humanam
3066 3765 3118 3817 in
3150 3764 3326 3832 primo
3348 3765 3590 3818 Christo.

2693 3897 2919 3953 ALIUD.

2088 4009 2168 4075 Si,
2204 4008 2348 4065 Deus
2376 4023 2499 4064 cum
2529 4017 2696 4076 esset,
2729 4010 2904 4066 factus
2933 4020 3018 4066 est
3049 4013 3232 4079 homo,
3265 4029 3370 4069 non
3411 4024 3589 4070 autem

2011 4101 2171 4156 homo
2187 4100 2458 4158 exsistens
2478 4100 2654 4157 factus
2691 4111 2775 4158 est
2800 4101 2975 4168 Deus;
3003 4104 3222 4175 ungitur
3247 4114 3426 4159 autem
3452 4106 3594 4160 sicut

2012 4195 2194 4262 homo,
2225 4203 2285 4249 ut
2316 4194 2644 4264 gloriﬁcetur
2672 4213 2687 4250 :
2719 4195 3064 4264 perspicuum
3099 4205 3184 4252 est
3216 4197 3270 4252 in
3317 4196 3591 4252 hominem

2011 4285 2237 4355 gratiam
2265 4285 2523 4342 conferri.

2693 4401 2923 4460 ALIUD.

2091 4510 2171 4576 Si,
2217 4527 2340 4567 cum
2405 4512 2519 4581 ipse
2557 4513 2628 4566 sit
2683 4513 2907 4584 largitor
2961 4513 3215 4583 Spiritus,
3254 4516 3408 4586 juxta
3461 4517 3593 4573 illud

2017 4603 2084 4658 de
2117 4603 2233 4672 ipso
2256 4603 2463 4658 dictum
2494 4618 2509 4658 :
2543 4623 2564 4655 ι
2593 4605 2835 4675 Accipite
2865 4602 3124 4676 Spiritum
3158 4617 3403 4664 sanctum
3438 4611 3484 4641 θ’
3511 4629 3526 4665 :
3569 4631 3587 4662 ι

2015 4703 2164 4748 certe
2189 4695 2258 4749 de
2288 4694 2622 4750 humanitate
2642 4697 2838 4752 dicitur
2863 4707 2917 4753 et
2941 4698 3069 4754 dare
3101 4708 3156 4754 et
3192 4700 3440 4770 accipere
3471 4700 3594 4771 Spi-

2017 4784 2197 4838 ritum.

2687 4924 2918 4980 ALIUD.

2089 5053 2340 5109 Christus
2363 5055 2558 5111 alicubi
2586 5058 2651 5110 ad
2675 5057 2889 5112 Patrem
2918 5059 3162 5128 loquens,
3185 5059 3257 5113 ita
3289 5059 3364 5114 ait
3398 5081 3414 5116 :
3441 5079 3460 5113 ι
3488 5061 3595 5116 Pro

2020 5143 2156 5214 ipsis
2190 5159 2291 5216 ego
2342 5147 2622 5203 sanctilico
2664 5151 2945 5219 meipsum.
2984 5169 3003 5202 ι
3037 5150 3140 5219 Qui
3175 5165 3304 5206 vero
3351 5155 3593 5223 seipsum

2019 5236 2361 5293 sanctiﬁcare
2412 5249 2609 5308 potest,
2641 5255 2817 5309 neque
2871 5243 2925 5297 id
2973 5242 3190 5299 aliunde
3238 5245 3396 5313 petit,
3449 5257 3595 5302 certe

2020 5326 2470 5384 sanctiﬁcationis
2498 5331 2670 5400 ipsius
2693 5332 2944 5389 dominus
2970 5343 3071 5389 est.
3111 5333 3182 5389 At
3210 5334 3256 5389 si
3286 5335 3450 5407 198
3480 5339 3597 5408 ipse

2019 5417 2450 5474 sanctiﬁcatione
2480 5436 2585 5474 non
2621 5431 2764 5492 eget,
2796 5423 3052 5496 indigenti
3085 5425 3267 5495 itaque
3297 5429 3596 5484 confertur.

2021 5503 2403 5563 Sanctificatur
2431 5519 2610 5566 autem
2643 5514 2875 5568 humana
2902 5524 3118 5574 natura.
3149 5515 3328 5590 Atque
3355 5520 3458 5576 hoc
3483 5531 3599 5576 erat

405 5681 450 5712 "
485 5678 627 5734 Psal.
662 5693 810 5745 mv,
839 5680 890 5746 7,
935 5681 988 5734 8.
1071 5679 1113 5711 ⁸⁷
1150 5676 1471 5751 «Ιοοηζχνιι,
1511 5677 1596 5734 i9.
1676 5678 1720 5712 ⁸⁸
1759 5677 1913 5737 Joan.

2016 5695 2056 5747 ι,
2085 5681 2138 5736 6.
2218 5683 2260 5716 ⁶⁹
2285 5682 2439 5742 Joau.
2483 5701 2574 5752 xx,
2603 5687 2692 5742 22.
