4106 6204
476 290 583 348 535

1472 277 1533 332 S.
1573 270 1846 329 (ινιιιιιι
1883 261 2359 322 ΑιΕΧΑΝυῐιιΝι
2396 259 2713 319 ARCHIEP.

3629 256 3739 310 356

475 408 617 482 quod
641 411 863 477 propter
894 406 992 456 nus
1025 396 1080 453 Eri
1107 395 1325 452 Christo
1356 392 1629 464 impletur,
1657 398 1714 444 ut
1742 402 1842 444 nos
1867 387 1920 442 in
1946 385 2062 456 ipso

2174 384 2229 436 St‘
2261 383 2412 453 ἡμᾶς
2435 382 2492 435 ἐν
2510 377 2733 452 Χριστῷ
2756 376 3154 450 πληρούμενον,
3176 376 3264 430 ἴνα
3283 373 3442 448 ἡμεῖς
3463 355 3750 440 ἀγιασθῶέ

475 498 900 559 Satictificeinur.

1150 601 1376 660 ALIUD.

861 743 943 800 Ea:
969 739 1254 811 objectione
1284 732 1670 789 Itwreticorum.

553 883 824 951 Scriptum
858 886 963 942 est,
993 872 1246 943 inquiunt
1287 888 1302 924 :
1337 887 1355 920 ι
1390 864 1634 923 Dilexisti
1675 861 1968 930 justitiam,
2005 870 2061 916 et

486 973 646 1030 odisti
682 950 1068 1039 iniquitatem,
1117 958 1323 1018 idcirco
1367 956 1524 1012 unxit
1581 963 1632 1009 te
1686 954 1869 1018 Deus,
1922 950 2061 1005 Deus

484 1076 605 1120 tuus
635 1064 703 1115 "°.
731 1081 748 1112 ι
784 1059 898 1114 Non
929 1058 1093 1127 igitur
1125 1055 1180 1108 in
1205 1052 1518 1107 universum
1547 1055 1770 1101 unctum
1795 1057 1917 1098 esse
1948 1043 2060 1096 Do-

481 1156 686 1210 minum
711 1149 982 1211 dabimus,
1015 1145 1119 1201 nisi
1151 1143 1427 1200 dilexisset
1470 1138 1736 1210 justitiam
1778 1143 1833 1190 ct
1861 1135 2062 1188 odisset

480 1244 843 1313 iniquitatem.
880 1237 997 1296 Vox
1032 1239 1177 1294 enim
1234 1236 1374 1299 113:0,
1399 1232 1617 1294 idcirco,
1675 1242 1795 1297 quae
1840 1239 2060 1280 causam

477 1336 766 1406 signiﬁcat,
818 1333 1050 1402 adjecta,
1095 1328 1403 1384 unctionem
1449 1333 1704 1392 tanquam
1761 1319 2059 1373 mercedem

475 1426 693 1482 virtutis
724 1437 845 1480 esse
870 1422 1130 1479 ostendit.
1161 1419 1218 1474 Si
1247 1431 1375 1474 vero
1406 1414 1610 1471 idcirco
1652 1412 1889 1482 ungitur,
1933 1409 2060 1479 quia

473 1518 741 1587 justitiam
775 1513 961 1570 dilexit
989 1521 1045 1566 et
1086 1510 1202 1565 odit
1245 1505 1610 1576 iniquitatem,
1651 1515 1780 1567 ergo
1819 1497 2063 1554 sanctiﬁ-

478 1609 748 1663 cationem
782 1605 922 1659 dono
967 1601 1186 1670 accipit.
1217 1598 1321 1665 Qui
1358 1609 1488 1651 vero
1539 1592 1846 1662 adjectione
1883 1588 2062 1656 aliqua

479 1708 620 1767 eget,
659 1694 1009 1766 imperfectus
1044 1692 1115 1746 sit
1141 1696 1378 1757 oportet,
1419 1701 1592 1754 neque
1639 1683 1782 1737 Patri
1821 1679 2062 1750 perfecto

479 1791 694 1845 similis.

992 1914 1199 1972 Salutio
1226 1910 1554 1981 objectionis.

557 2058 752 2125 Surge,
777 2053 869 2121 qui
896 2048 1126 2113 dormis,
1144 2055 1195 2101 et
1221 2045 1488 2101 suscitare
1519 2057 1550 2097 e
1573 2039 2068 2108 mortuis“,atque

479 2150 606 2206 audi
647 2145 912 2209 vicissim,
948 2139 1221 2197 haeretice.
1257 2138 1392 2205 Quia
1438 2134 1644 2204 inquit,
1699 2149 1718 2184 ι
1744 2131 1920 2188 Odisti
1966 2131 2069 2186 ini-

480 2243 765 2314 quitatem,
819 2245 874 2291 et
925 2232 1161 2289 dilexisti
1207 2230 1502 2300 justitiam,
1554 2227 1758 2282 idcirco
1810 2225 1962 2280 unxit
2017 2232 2068 2280 te

481 2336 660 2389 Deus:
697 2349 717 2381 ›
753 2343 858 2384 non
892 2323 1237 2394 utquispiam
1281 2320 1426 2376 illam
1458 2320 1768 2374 unctionem
1797 2317 2065 2371 mercedis

479 2425 597 2480 loco
631 2418 906 2489 accepisse
931 2415 1258 2485 suspicetur,
1297 2411 1391 2468 sed
1437 2420 1498 2465 ut
1536 2409 1641 2465 hoc
1679 2417 1839 2479 pacto
1862 2407 2066 2461 dictum

480 2510 864 2580 intelligamus.
891 2505 1109 2561 Primus
1133 2510 1317 2556 noster
1349 2513 1547 2570 parens
1577 2496 1746 2552 Adam
1787 2494 2067 2551 mutabilis

480 2605 582 2660 fuit
608 2611 838 2664 naturae,
861 2598 1062 2668 quique
1083 2594 1356 2650 interdum
1381 2592 1595 2662 quidem
1618 2589 1886 2661 justitiam
1922 2599 2070 2640 ama-

482 2705 583 2759 ret,
629 2703 684 2748 et
715 2690 1056 2761 iniquitatem
1092 2685 1297 2742 odisset
1330 2702 1344 2739 :
1386 2682 1660 2738 interdum
1689 2694 1818 2735 vero
1853 2679 1905 2733 in
1934 2692 2068 2733 con-

481 2785 709 2842 trarium
735 2781 979 2838 habitum
1005 2777 1322 2833 transiliret.
1343 2775 1479 2831 Cum
1504 2775 1649 2828 enim
1671 2772 1775 2827 hoc
1791 2769 2068 2840 proprium

483 2879 552 2932 sit
586 2883 794 2930 natura
827 2869 1107 2934 mutabili,
1149 2867 1406 2922 seductus
1445 2863 1550 2919 Iuit
1586 2878 1616 2917 a
1659 2860 1888 2917 diabolo.
1932 2857 2067 2912 Cum

482 2980 614 3022 vero
636 2964 703 3019 ad
729 2959 1030 3017 curandum
1061 2958 1207 3012 hunc
1235 2956 1485 3012 morbum
1521 2953 1888 3010 necessarium
1926 2959 2071 3004 esset

486 3071 546 3114 tit
588 3053 927 3113 immutabile
976 3051 1069 3106 Dei
1100 3047 1340 3145 Verbum
1368 3047 1608 3145 sei-psum
1642 3042 1928 3145 pro-nobis
1955 3039 2071 3094 dia-
2095 3083 2140 3145 C

484 3145 607 3203 bolo
635 3151 954 3213 opponeret,
987 3148 1065 3205 ut,
1095 3136 1550 3210 quemadmodum
1583 3149 1678 3205 per
1707 3134 1850 3189 illius
1889 3141 2066 3186 muta-

486 3238 746 3293 bilitatem
801 3234 925 3288 victi
980 3245 1230 3296 eramus,
1296 3229 1370 3284 ita
1419 3223 2070 3297 per-immutabilitatem

485 3324 651 3382 Verbi
687 3324 993 3380 vincamus.
1033 3320 1239 3376 Idcirco
1274 3317 1514 3387 ungitur,
1549 3324 1735 3386 utpote
1779 3329 1992 3383 semper
2020 3323 2074 3368 et

488 3414 899 3473 immutabiliter
965 3409 1234 3482 justitiam
1299 3407 1558 3479 diligens,
1623 3416 1678 3462 et
1733 3405 2071 3476 iniquitatem

488 3522 706 3565 exosam
739 3505 965 3569 habens,
1011 3501 1214 3573 quique
1240 3499 1436 3555 mutari
1466 3505 1720 3568 nequeat.
1750 3496 1883 3551 Cum
1914 3496 2075 3566 igitur

491 3600 623 3654 dicit
666 3615 679 3652 :
729 3615 748 3649 ι
785 3595 1026 3650 Dilexisti
1079 3592 1345 3663 justitiam
1393 3598 1448 3644 et
1494 3588 1653 3644 odisti
1707 3587 2072 3659 iniquitatem,

491 3691 695 3746 idcirco
725 3689 882 3742 unxit
907 3697 957 3741 te
991 3686 1150 3750 Deus,
1192 3702 1211 3735 i
1248 3684 1322 3738 ita
1361 3681 1640 3751 intellige:
1678 3677 1813 3735 Cum
1854 3694 1919 3734 ex
1959 3693 2076 3733 om-

494 3781 654 3837 nibus
695 3780 896 3836 creatis
930 3776 1246 3832 mutabilem
1291 3784 1539 3828 naturam
1583 3769 1908 3827 habentibus
1944 3768 2077 3824 nihil

494 3873 710 3928 diabolo
760 3871 1026 3926 obsistere
1084 3875 1300 3936 posset;
1354 3873 1409 3918 tu
1458 3877 1587 3918 vero
1634 3876 1700 3916 ex
1751 3857 2076 3915 immutabili

496 3965 655 4019 Patre
687 3959 1036 4017 immutabilis
1064 3957 1360 4020 exsistens,
1393 3955 1532 4009 Deus
1570 3952 1826 4016 Verbum,
1860 3963 2078 4020 semper

492 4054 757 4125 justitiam
803 4050 1002 4122 diligis,
1052 4058 1106 4102 et
1152 4047 1495 4114 iniquitatem
1561 4040 1770 4106 odisti,
1825 4039 1978 4093 unxit
2025 4047 2079 4094 te

501 4148 664 4210 Deus,
695 4154 754 4198 ut
774 4143 826 4196 in
854 4151 925 4206 te,
954 4149 1007 4194 et
1027 4139 1244 4208 quidem
1269 4135 1465 4203 primo,
1497 4129 1733 4186 hominis
1765 4138 1954 4184 natura
1983 4126 2078 4182 ad-

498 4251 688 4291 versus
709 4249 830 4289 eum
859 4232 1046 4286 victrix
1072 4229 1347 4283 evaderet.

713 4441 942 4510 ALIUD,
990 4456 1056 4496 ex
1083 4441 1262 4496 eodem
1299 4437 1602 4509 syllogismo
1631 4435 1858 4488 illatum.

574 4574 744 4633 Multa
763 4570 1130 4644 hujuscemodi
1149 4571 1201 4624 in
1217 4585 1368 4625 sacra
1387 4566 1666 4634 Scriptura
1689 4564 1755 4618 de
1777 4564 1886 4619 Deo
1902 4577 1964 4616 ac
1977 4561 2079 4616 Pa-

513 4681 595 4727 tre
611 4661 1042 4734 dicuntur,:quod
1070 4661 1231 4732 199
1252 4678 1270 4712 ι
1289 4660 1473 4715 Justus
1499 4658 1753 4714 Dominus
1771 4665 1824 4711 et
1841 4654 2080 4724 justitias

511 4762 704 4817 dilexit
743 4761 807 4813 ⁷³.
843 4777 860 4810 i
897 4756 960 4810 Et
1005 4768 1195 4809 rursus
1239 4769 1252 4805 :
1299 4771 1316 4802 ι
1351 4750 1523 4806 Odisti
1561 4763 1751 4804 omnes
1795 4753 2082 4818 operantes

508 4851 842 4920 iniquitatem
869 4846 936 4901 ⁷³.
964 4863 982 4895 i
1016 4843 1146 4897 Item
1174 4858 1187 4893 :
1223 4859 1240 4891 ‹
1271 4839 1380 4908 Ego
1405 4839 1660 4893 Dominus
1681 4838 1770 4907 qui
1802 4836 1967 4904 diligo
1991 4835 2082 4905 ju-

505 4940 731 5002 stitiam,
763 4944 814 4990 et
860 4933 948 4987 odi
997 4930 1216 5000 rapinas
1241 4941 1307 4983 ex
1352 4927 1639 4996 iniquitate
1670 4925 1737 4978 ⁷⁸.
1771 4945 1789 4978 i
1824 4926 1987 4994 Atqui
2033 4925 2078 4978 si

506 5030 629 5094 quis
661 5029 806 5081 dicat
839 5043 852 5077 :
884 5024 1107 5094 Magnus
1136 5021 1394 5076 Dominus
1430 5027 1631 5082 noster,
1659 5017 1785 5087 quia
1813 5017 2081 5086 justitiam

518 5118 693 5189 diligit
736 5125 790 5171 et
815 5116 928 5170 odit
953 5114 1290 5184 iniquitatem
1319 5131 1332 5167 :
1366 5127 1433 5167 an
1475 5111 1663 5168 titulus
1694 5112 1801 5175 hic,
1832 5126 2076 5181 magnus,

516 5211 624 5266 erit
651 5208 762 5264 Deo
790 5222 853 5262 ac
881 5205 1024 5261 Patri
1057 5219 1266 5261 merces
1292 5203 1528 5271 virtutis,
1559 5203 1702 5272 quod
1728 5204 1841 5258 haec
1867 5201 2083 5273 quidem

509 5310 675 5364 amet,
695 5300 781 5354 illa
806 5313 932 5354 vero
947 5297 1121 5353 oderit
1138 5296 1334 5366 ?,Certe
1354 5297 1763 5364 nemoﬁunquam
1784 5293 1918 5349 adeo
1935 5294 2084 5348 iusa-

513 5391 692 5444 nierit.
743 5389 1205 5455 Quemadmodum
1248 5387 1409 5455 igitur
1464 5386 1769 5454 hujusmodi
1826 5395 1973 5440 recte
2020 5399 2084 5438 ac

512 5480 599 5550 pie
622 5480 690 5535 de
720 5478 880 5534 Patre
909 5480 1162 5535 dicuntur
1198 5497 1211 5532 :
1251 5478 1324 5533 ita
1360 5481 1524 5533 etiam
1557 5487 1702 5533 recte
1723 5476 1789 5533 de
1832 5477 1969 5531 Filio
2001 5476 2084 5530 in-

582 5653 633 5689 "
663 5652 804 5711 Psal.
829 5669 972 5722 mv,
1001 5654 1053 5708 8.

2090 1743 2141 1797 Β

2162 491 2263 544 μεν
2294 477 2351 526 ἐν
2381 471 2550 542 αυτῷ.

2859 585 3063 638 ΑΛΛΟ.

2492 719 2584 784 Ὡς
2605 717 2675 782 ἐξ
2710 717 3069 783 ἀντιθέσεως
3098 714 3428 784 αίρετικῶν.

2232 852 2569 924 Γέγραπται,
2606 851 2790 920 φασίν·
2826 867 2844 900 ι
2901 849 3220 918 Ἠγάπησας
3258 845 3631 916 δικαιοσύνην,
3653 846 3745 898 καὶ

2163 944 2432 1016 ἐμίσησας
2460 941 2713 1013 ἀνομίαν,
2737 941 2823 995 διά
2845 941 3002 993 τοῦτο
3026 939 3208 1011 ἐχρισέ
3242 956 3301 992 σε
3327 942 3356 992 6
3385 937 3538 1003 Θεὸς,
3566 941 3594 990 ό
3613 937 3744 998 Θεός

2165 1052 2280 1088 σου.
2316 1052 2334 1085 i
2368 1033 2480 1085 Οὐκ
2505 1033 2571 1085 ἂν
2598 1027 2691 1085 οὖν
2718 1033 2854 1095 ὅλως
2879 1029 3165 1102 κεχρίσθαι
3206 1030 3298 1083 τὸν
3350 1029 3552 1100 Κύριον
3575 1027 3742 1080 δὼσυ-

2168 1143 2287 1196 μεν,
2314 1124 2364 1176 εἰ
2393 1123 2468 1195 μὴ
2496 1122 2840 1192 δικαιοσύνην
2869 1123 3146 1191 ἠγάπησε,
3187 1121 3284 1173 καὶ
3323 1121 3586 1191 ἐμίσησεν
3629 1119 3740 1172 ἀδι-

2165 1215 2308 1268 κίαν.
2328 1215 2384 1266 '0
2413 1213 2523 1284 γὰρ
2551 1212 2847 1280 σύνδεσμος
2875 1214 2903 1264 ό
2929 1209 3315 1279 αίτιολογικὸς,
3348 1211 3619 1272 τουτέστι,
3643 1210 3744 1263 διὰ

2165 1305 2361 1369 τοῦτο,
2388 1303 2592 1374 μεταξὺ
2653 1302 2922 1371 κείμενος,
2969 1300 3160 1370 μισθὸν
3213 1299 3405 1371 ὥσπερ
3454 1299 3655 1369 ἀρετῆς
3682 1299 3748 1352 τὸ

2165 1397 2376 1468 χρίσμα
2421 1393 2675 1448 δεικνύει.
2732 1394 2793 1444 Ei
2823 1393 2881 1446 δὲ
2931 1393 3021 1446 διὰ
3063 1391 3224 1445 τοῦτο
3265 1392 3501 1464 χρίεται,
3546 1392 3629 1444 ὅτι
3666 1391 3744 1444 δι·-

2168 1486 2460 1556 καιοσύνην
2481 1486 2694 1554 ἀγαπᾷ,
2722 1485 2824 1536 καὶ
2858 1483 3072 1536 ἀδικίαν
3109 1485 3277 1554 μισεῖ,
3315 1483 3485 1554 δῶρον
3514 1481 3626 1552 ἔχει
3653 1480 3744 1534 τὸν

2166 1576 2457 1646 ἁγιασμόν.
2499 1576 2555 1627 Ὀ
2583 1575 2640 1627 δὲ
2676 1574 2994 1645 προσθήκης
3019 1574 3162 1636 τινὸς
3186 1574 3421 1644 δεηθεὶς,
3456 1573 3650 1644 ἀτελὴς
3677 1572 3744 1627 διν

2169 1668 2276 1737 εἴη,
2311 1667 2403 1720 καὶ
2431 1667 2528 1734 οὐχ
2562 1666 2745 1735 ὅμοιος
2784 1664 2859 1734 τῷ
2901 1664 3088 1735 τελείῳ
3122 1664 3318 1735 Πατρί.

2657 1883 2815 1951 Πρὸς
2840 1882 3016 1937 τοῦτο
3053 1883 3252 1948 λύσις.

2254 2021 2490 2091 Ἑγειραι
2521 2020 2552 2072 δ
2584 2016 2890 2082 καθεύδων,
2919 2017 3013 2068 καὶ
3047 2014 3253 2068 ἀνάστα
3279 2016 3344 2068 ἐκ
3376 2014 3486 2068 τῶν
3513 2015 3746 2087 νεκρῶν,

2167 2116 2260 2169 καὶ
2297 2112 2505 2183 ἀκούσῃ
2527 2111 2706 2173 πάλιν,
2745 2107 3007 2178 αίρετικὲ.
3055 2107 3292 2177 Ἐπειδὴ,
3347 2107 3534 2179 φησιν,
3568 2126 3586 2158 ι
3626 2107 3747 2177 ἐμί-

2169 2223 2340 2276 σησας
2365 2202 2600 2268 ἀδικίαν,
2630 2201 2729 2254 καὶ
2746 2200 3039 2270 ἠγάπησας
3060 2198 3432 2269 δικαιοσύνην,
3463 2201 3555 2253 διὰ
3583 2199 3745 2252 τοῦτο

2167 2298 2352 2370 ἔχρισέ
2387 2311 2445 2348 σε
2465 2297 2494 2347 ό
2517 2293 2650 2355 Θεὸς
2667 2331 2682 2356 ,
2724 2311 2741 2343 i
2771 2293 2872 2361 οὐχ
2895 2290 3199 2360 ἵναμισθὸν
3219 2291 3422 2362 ἀρετῆς
3453 2291 3514 2343 τὸ
3536 2291 3747 2363 χρίσμα

2165 2387 2411 2443 δεδόσθαι
2432 2402 2513 2448 τις
2531 2382 2795 2452 ὑπολάϐῃ,
2826 2381 2942 2435 ἀλλ’
2984 2381 3071 2434 ἵνα
3103 2380 3327 2434 τοιῶσδε
3366 2382 3650 2451 νοήσωμεν
3687 2382 3751 2434 τὸ

2166 2481 2475 2550 λεγόμενον.
2527 2477 2780 2548 Τρεπτῆς
2830 2476 3091 2547 ὑπάρχων
3123 2475 3340 2544 φύσεως
3386 2476 3416 2528 ό
3441 2475 3751 2546 προπάτωρ

2181 2573 2368 2644 Ἀδὰμ,
2400 2571 2492 2624 καὶ
2520 2567 2782 2638 πεφυκὼς
2804 2567 2915 2621 ἐσθ’
2930 2569 3020 2621 ὅτε
3051 2567 3182 2620 ποτὲ
3212 2565 3312 2637 μὲν
3345 2567 3445 2636 τὴν
3471 2565 3749 2620 δικαιοσύ-

2167 2682 2266 2734 νην
2299 2665 2519 2734 ἀγαπᾷν
2554 2663 2860 2732 καὶμισεῐν
2906 2661 3006 2731 τὴν
3062 2659 3297 2724 ἀδικίαν,
3347 2659 3480 2713 ποτέ
3506 2659 3563 2713 δέ
3586 2659 3751 2714 πάλιν

2168 2760 2247 2820 είς
2275 2756 2372 2827 τὴν
2392 2755 2636 2808 ἐναντίαν
2663 2754 2775 2821 ἕξιν
2799 2753 3133 2824 μεταπηδᾷν,
3167 2753 3260 2806 καὶ
3287 2752 3508 2823 ἀγαεπᾷν
3533 2753 3630 2822 μὲν
3652 2751 3751 2822 τὴν

2169 2848 2406 2909 ἀδικίαν,
2460 2849 2638 2917 μισεῖν
2672 2843 2728 2898 δὲ
2756 2847 2856 2915 τὴν
2887 2843 3238 2915 δικαιοσύνην
3270 2843 3475 2914 (τοῦτο
3504 2843 3614 2914 γὰρ
3643 2843 3752 2896 τῶν

2169 2937 2517 3008 τρεπομένην
2578 2935 2810 3005 ἐχόντων
2849 2938 2950 3007 τὴν
2995 2934 3163 3004 φύσιν
3207 2934 3360 3005 ἴδιον)
3381 2973 3395 2999 ,
3430 2933 3752 3005 παρηνέχθη

2174 3028 2324 3100 παρὰ
2350 3026 2442 3082 τοῦ
2465 3026 2736 3081 διαϐόλου.
2781 3025 2997 3097 Ἐπειδὴ
3023 3026 3079 3079 δὲ
3109 3025 3245 3097 πρὸς
3265 3026 3366 3095 τὴν
3395 3024 3489 3079 τοῦ
3509 3023 3752 3078 τοιούτου

2171 3122 2475 3192 νοσήματος
2508 3119 2658 3172 λύσιν
2684 3119 2791 3172 ἔδει
2829 3118 2919 3171 τὸν
2964 3119 3232 3190 ἄτρεπτον
3281 3117 3376 3172 τοῦ
3401 3115 3538 3171 Θεοῦ
3582 3117 3754 3185 Λόγον

2172 3215 2365 3267 ἐαυτὸν
2404 3211 2722 3283 ὑπὲρὴμῶν
2754 3210 3052 3264 ἀντιθεῖναι
3081 3211 3159 3282 τῷ
3193 3210 3435 3282 πονηρῷ,
3477 3211 3544 3264 ἶν’
3563 3209 3754 3280 ὥσπερ

2172 3306 2260 3359 διὰ
2277 3306 2376 3374 τῆς
2405 3304 2616 3356 ἐκείνου
2677 3304 2887 3374 τροπῆς
2919 3302 3291 3373 ὲνικήθημεν,
3348 3301 3493 3356 οὕτω
3537 3301 3627 3356 διὰ
3655 3302 3757 3372 τῆς

2173 3395 2433 3467 ἀτρεψίας
2471 3393 2566 3446 τοῦ
2599 3393 2773 3461 Λόγου
2801 3395 3202 3464 κρατήσωμεν
3237 3393 3327 3447 διὰ
3355 3393 3517 3447 τοῦτο
3543 3393 3757 3465 χρίεται

2175 3485 2250 3548 ὼς
2277 3484 2366 3538 ἀεὶ
2390 3485 2486 3537 καῖ
2504 3481 2989 3555 [ἀ]παραλλάκτως
3029 3483 3377 3555 δικαιοσύνην
3395 3483 3646 3552 ἀγαπῶν,
3664 3484 3757 3536 καὶ

2179 3576 2350 3645 μισῶν
2383 3575 2620 3638 ἀδικίαν,
2668 3575 2760 3628 καὶ
2811 3575 3086 3645 τραπῆναι
3129 3574 3204 3644 μὴ
3241 3574 3558 3644 δυνάμενος.
3588 3575 3757 3626 Ὅταν

2176 3663 2269 3722 οὖν
2300 3667 2456 3738 λέγῃ,
2496 3667 2861 3735 «Ἠγάπησας
2909 3665 3289 3737 δικαιοσύνην,
3342 3666 3438 3720 καὶ
3490 3666 3758 3736 ἐμίσησας

2177 3759 2409 3820 ἀδικίαν,
2434 3757 2519 3810 διὰ
2546 3756 2703 3809 τοῦτο
2733 3756 2917 3826 ἔχρισέ
2948 3773 3007 3809 σε
3031 3759 3059 3809 ό
3099 3756 3261 3819 Θεὸς,
3300 3775 3318 3808 t
3350 3757 3603 3827 τοιαύτην
3635 3756 3757 3810 τινὰ

2177 3849 2334 3919 δέχου
2367 3847 2602 3900 διάνοιαν
2619 3865 2632 3876 ·
2669 3846 2890 3916 Ἐπειδὴ
2911 3847 3130 3901 πάντων
3155 3848 3263 3901 τῶν
3291 3849 3535 3918 γενητῶν
3557 3865 3756 3919 τρεπο-

2179 3941 2348 4010 μένην
2375 3939 2606 4008 ἐχόντων
2632 3938 2731 4009 τὴν
2758 3937 2918 4007 φύσιν
2947 3938 3100 3991 οὐδὲν
3129 3937 3359 4007 ἠδύνατο
3386 3940 3654 4010 μάχεσθαι
3680 3939 3760 4009 τῷ

2177 4029 2427 4098 διαϐόλῳ,
2477 4029 2540 4080 σὺ
2566 4027 2624 4080 δὲ
2683 4027 2742 4093 ἐξ
2772 4027 3043 4099 ἀτρέπτου
3098 4028 3311 4099 Πατρὸς
3360 4028 3628 4100 ἄτρεπτος
3659 4029 3756 4092 ὣν,

2177 4120 2308 4184 Θεὸς
2333 4120 2522 4188 Λόγος,
2554 4119 2643 4172 ἀεὶ
2669 4120 3014 4191 δικαιοσύνην
3044 4120 3289 4191 ἀγαπᾷς,
3326 4121 3423 4192 τήν
3466 4139 3524 4174 τε
3545 4122 3759 4176 ἀδικίαν

2181 4213 2377 4283 μισεῖς,
2403 4210 2586 4281 ἐχρισέ
2613 4228 2672 4264 σε
2702 4213 2730 4263 ό
2758 4211 2911 4275 Θεὸς,
2962 4211 3049 4265 ἵνα
3079 4212 3137 4264 ἐν
3166 4214 3249 4265 σοὶ
3300 4214 3392 4266 καὶ
3427 4211 3630 4285 πρώτῳ
3659 4213 3761 4285 τὴν

2179 4301 2467 4374 ἀνθρώπου
2505 4302 2668 4371 φύσιν
2697 4304 2826 4374 παρ’
2856 4302 2996 4356 αὐτὰ
3029 4304 3268 4358 νικῶσαν
3300 4304 3581 4376 θεάσηται.

2111 4441 2156 4496 D
2255 4436 2546 4496 ΑΛΛΟ,ἐκ
2573 4435 2679 4490 τοῦ
2699 4436 2884 4491 αὐτοῦ
2913 4439 3223 4508 συναχθὲν
3244 4440 3690 4511 συλλογισμοῦ.

2252 4570 2582 4642 Εὑρίσκεται
2603 4569 2754 4640 παρὰ
2780 4573 2845 4642 τῇ
2872 4571 2992 4642 θεία
3013 4573 3204 4644 Γραφῇ
3235 4573 3364 4644 περὶ
3384 4574 3477 4627 τοῦ
3509 4573 3644 4627 Θεοῦ
3667 4575 3765 4630 καὶ

2183 4659 2396 4731 Πατρὸς
2434 4660 2660 4729 κείμενα
2705 4659 2931 4714 τοιαῦτα
2973 4660 3166 4726 πολλὰ,
3199 4662 3282 4715 ὅτι
3317 4680 3336 4714 ι
3387 4662 3605 4726 Δίκαιος
3651 4661 3765 4714 Κύο

2186 4769 2300 4822 ριος
2333 4751 2427 4804 καὶ
2455 4749 2802 4814 δικαιοσύνας
2819 4751 3096 4823 ἠγάπησε.
3126 4770 3145 4804 i
3180 4751 3292 4806 Καὶ
3317 4752 3499 4806 πάλιν·
3535 4770 3558 4804 ί
3606 4752 3761 4823 Ἐμί-

2187 4859 2359 4911 σησας
2391 4841 2598 4904 πάντας
2623 4843 2748 4906 τοὺς
2785 4843 3185 4915 ἐργαζομένους
3215 4845 3313 4916 τὴν
3338 4845 3587 4915 ἀνομίαν.
3616 4864 3634 4896 ι
3657 4846 3768 4909 Καὶ

2189 4933 2371 4987 πάλιν·
2408 4951 2426 4983 t
2465 4933 2605 5002 Ἐγώ
2625 4935 2741 5003 είμι
2789 4934 2994 5006 Κύριος
3045 4937 3074 4988 ὁ
3122 4936 3352 5006 ἀγαπῶν
3383 4936 3767 5006 δικαιοσύνην,

2193 5029 2287 5077 καὶ
2311 5023 2482 5094 μισῶν
2515 5026 2854 5095 ἁρπάγματα
2899 5026 2958 5092 ἐξ
3000 5026 3236 5091 ἀδικίας.
3280 5046 3300 5079 ›
3341 5022 3453 5098 ’Δρ
3486 5023 3580 5081 οὖν
3600 5026 3654 5079 εῐ
3685 5043 3769 5088 τις

2192 5117 2288 5168 καὶ
2308 5115 2398 5169 διὰ
2422 5114 2594 5170 ταῦτα
2622 5115 2788 5185 λέγοιο
2817 5116 3008 5186 Μέγας
3037 5117 3067 5169 δ
3117 5117 3321 5189 Κύριος
3359 5117 3539 5188 ἡμῶν,
3571 5119 3650 5171 ὅτι
3668 5116 3770 5184 τὴν

2190 5205 2538 5278 δικαιοσύνην
2581 5208 2790 5280 ἀγαπᾷ,
2845 5212 2992 5279 μισεῖ
3044 5209 3102 5262 δέ
3152 5210 3254 5281 τὴν
3297 5209 3530 5274 ἀδικίαν,
3581 5208 3771 5280 μισθὸς

2190 5296 2442 5367 ἐσταιτῷ
2469 5297 2590 5367 Θεῷ
2630 5299 2723 5351 καὶ
2745 5301 2924 5369 Πατρὶ
2952 5301 3014 5355 τὸ
3040 5301 3236 5371 μέγας
3253 5303 3349 5354 καὶ
3401 5302 3608 5372 ἀρετῆς
3641 5302 3768 5354 ἀντ-

2192 5388 2482 5454 απόδοσις,
2529 5389 2612 5442 ὅτι
2669 5389 2794 5443 τάδε
2857 5391 2958 5460 μὲν
2987 5394 3210 5462 ἀγαπᾷ,
3245 5397 3392 5463 μισεῖ
3440 5393 3496 5446 δὲ
3546 5395 3767 5456 ἐκεῖνας

2207 5475 2345 5529 Ἀλλ’
2371 5477 2472 5530 οὐκ
2511 5478 2576 5531 ἀν
2605 5494 2688 5541 τις
2719 5479 2862 5533 οὕτω
2906 5481 3099 5550 μανείη
3128 5481 3281 5536 ποτέ.
3313 5483 3526 5542 Ὥσπερ
3556 5477 3649 5536 οὖν
3673 5483 3770 5540 ἐπὶ

1130 5655 1172 5685 “
1210 5654 1407 5723 Ephes.
1432 5670 1485 5722 ν,
1518 5655 1604 5710 14.
1682 5655 1726 5687 ⁷⁸
1754 5652 1897 5710 Psal.
1938 5667 1991 5716 ι,
2024 5647 2073 5707 8.

2181 5653 2200 5684 ³
2226 5653 2367 5708 Psal.
2399 5668 2452 5718 v,
2489 5653 2538 5708 7.
2621 5654 2668 5684 ⁷⁸
2695 5653 2952 5722 lsa.'t..1tt,
2985 5657 3038 5712 8.
