4036 6208
410 295 515 350 33⁸1

1805 316 1847 366 ἰ’
1854 316 1893 366 ll
1900 315 2075 373 ΕΒΗ]
2087 316 2130 372 Β
2139 317 2179 378 U
2189 317 2247 374 S.

3568 340 3674 397 358

409 403 498 457 τοῦ
529 402 746 474 [ἰατρὸς
772 403 1012 474 εὐσεϐῶς
1057 412 1260 468 νοεῖται
1293 414 1363 468 τὰ
1417 417 1639 472 τοιῶσδε
1691 421 1957 494 λεγόμενα

413 493 852 517 -fi-..-3..-.’\l--
960 501 971 517 ι
1024 503 1039 517 ς
1138 505 1161 517 Α
1205 505 1217 517 ο
1358 507 1370 517 ι
1427 509 1439 517 ι
1494 509 1598 517 .---
1640 512 1664 517 .-
1717 515 1760 517 _
1802 515 1810 517 _

2101 429 2268 500 telligi
2308 441 2554 502 possunt.
2591 435 2728 493 Nam
2771 439 2950 512 imago
2977 443 3362 517 archetypum,
3388 453 3444 502 et
3480 448 3671 504 arche-

410 493 578 587 οῦτως
602 493 668 587 άν
689 495 930 564 εὐλόγως
955 501 1254 575 ὲκληφθείη
1286 507 1381 560 καὶ
1421 509 1508 579 ἐφ’
1537 511 1687 566 Υἰοῦ.
1888 517 1997 587 γὰρ

411 585 467 638 τὸ
491 584 802 654 ἀρχέτυπον
829 591 862 659 ἡ
905 592 1091 660 εἰκὼν,
1114 595 1209 648 καὶ⁸
1236 595 1372 667 πρὸς
1399 599 1509 670 τὴν⁸
1531 602 1720 659 εἰκόνα
1751 584 1812 658 τὸ
1841 584 1998 676 ἀρχέ-

407 693 466 728 τυ
473 694 568 730 πον
576 719 588 731 .

407 793 512 856 Εἰς
550 794 615 846 τὸ
636 797 964 876 ῥητρνκτρῦ
1000 801 1366 876 ﬁxam-15.101)
1397 806 1463 861 τὸ
1490 807 1674 876 λάτον
1693 825 1707 839 ⁶
1750 828 1769 862 ε
1792 811 1995 868 Ἐκάθ-

476 879 610 948 ισεν
744 865 915 948 δεξιᾷ
953 867 1063 936 τῆς
1114 865 1666 948 μεταλωσύνῃςίὲν
1695 865 1990 948 ὑψηλοῖς,

476 934 748 1000 τοσούτῳ
775 934 1057 1003 κρείττων
1082 934 1399 1010 γενόμενος
1423 934 1544 998 τῶιΖ
1568 934 1855 1017 ἀγγέλωὶκ
1899 970 1918 1004 ι

475 1044 540 1095 υἱ
574 1045 673 1115 τῆς
693 1047 882 1112 οὐσίας
905 1051 998 1103 τοῦ
1023 1051 1157 1105 Θεοῦ
1186 1055 1358 1123 Λόγου
1409 1058 1717 1128 τολμῶντες
1761 1080 1994 1132 κατηγο-

406 1134 542 1202 ρεῖν.
575 1137 670 1188 καὶ
702 1137 794 1190 τὸν
830 1139 960 1193 Υίῦν
993 1144 1103 1206 τοῖς
1137 1150 1385 1216 γενητοῖς
1416 1151 1728 1205 συντάττειν
1763 1154 1993 1210 σπουδά-

403 1224 593 1290 ζοντές
618 1245 773 1295 φασι,
817 1232 1164 1304 σοφιζόμενοι
1187 1236 1285 1308 τὴν
1321 1238 1596 1309 ἀλήθειανο
1637 1243 1697 1294 Ei.
1728 1244 1992 1314 κρείττων

403 1316 598 1406 γέγονε
629 1319 738 1371 τῶν
763 1320 1011 1389 ἀγγέλων
1057 1326 1086 1377 ὁ
1138 1326 1287 1390 Υἱὸς,
1320 1329 1428 1382 ἀπὸ
1486 1332 1694 1401 τροπῆς
1744 1334 1851 1403 ἄρα
1878 1335 1990 1406 ἔχει

403 1403 562 1456 τοῦτο
591 1409 690 1478 τῆς
723 1409 815 1462 ἐπὶ
849 1411 910 1464 τὸ
936 1411 1179 1482 ἄμεινον⁹
1209 1413 1236 1465 ὃ
1277 1415 1385 1486 γὰρ
1422 1418 1521 1470 οὐκ
1553 1414 1620 1489 ἦν
1646 1421 1881 1488 ἐγένετο.
1906 1403 1991 1477 "re

402 1494 542 1559 ὅλως
574 1501 992 1565 μεταποιεῖσθαι
1026 1502 1342 1574 δυνάμενον,
1406 1509 1500 1562 καὶ
1556 1512 1662 1565 ἀπό
1713 1531 1857 1578 τινος
1909 1518 1990 1580 είς

399 1584 590 1655 ἕτερόν
640 1605 695 1642 τι
745 1592 1184 1664 παραφέρεσθαι,
1230 1599 1470 1670 τρεπτῆς
1512 1602 1580 1656 ἂν
1628 1605 1714 1674 εἴη
1752 1606 1984 1674 φύσεως.

401 1676 467 1728 Et
497 1677 554 1731 δὲ
577 1683 840 1754 τρεπτῆς,
866 1684 1029 1755 δῆλον
1083 1687 1165 1742 ὅτι
1216 1689 1310 1742 καὶ
1338 1694 1570 1763 γενητῆς
1596 1737 1610 1762 ,
1667 1692 1736 1766 ἦς
1779 1698 1908 1754 ἴδιον
1950 1703 1984 1771 ή

399 1771 601 1840 τροπή.

883 1889 1044 1955 Πρὸς
1086 1891 1263 1947 τοῦτο
1301 1895 1506 1962 λύσις.

474 1993 698 2063 Πρῶτον
731 1997 828 2066 μὲν
856 1992 949 2051 οῦν
977 2002 1243 2071 προσήκει
1298 2006 1390 2059 τὸν
1445 2010 1526 2072 είς
1582 2011 1812 2082 ἔρευναν
1873 2015 1986 2070 τῶν

397 2086 561 2139 θείων
610 2086 950 2142 είσῦαίνοντα
1002 2091 1258 2162 Γραφῶν,
1306 2097 1398 2150 τδν
1454 2101 1644 2172 καιρὸν
1698 2104 1981 2176 ἐπιτηρεῖν

398 2177 522 2230 καθ’
548 2176 608 2230 ὃν
636 2177 852 2269 λέγεται
895 2180 957 2233 τὺ
983 2183 1338 2255 δηλούμενον,
1402 2191 1496 2245 καὶ
1531 2193 1823 2260 πρόσωπον
1847 2200 1981 2269 παρῖ

394 2263 481 2330 οὗ,
511 2268 544 2337 ἦ
579 2268 644 2320 δι’
682 2263 764 2331 οὗ,
798 2271 831 2340 ἢ
861 2272 1003 2340 περὶς
1029 2269 1090 2329 οὗ
1133 2275 1369 2341 λέγεται·
1399 2281 1681 2355 οῦτωγὰρ
1710 2285 1778 2338 ἂν
1805 2263 1980 2342 ἁπλατ

395 2359 497 2430 νὴς
528 2362 560 2427 ὴ
594 2359 799 2413 διάνοια
826 2361 1122 2435 φυλαχθείη
1157 2371 1271 2431 τοῖς
1300 2370 1477 2440 ὀρθῶς
1514 2373 1760 2429 ἐθέλουσι
1811 2381 1998 2434 νοεῖν..

393 2448 726 2519 Γνωσόμεθα
757 2453 857 2522 μὲν
887 2449 981 2506 οὖν
1021 2455 1084 2508 τὸ
1120 2457 1228 2511 ἀπὸ
1273 2459 1368 2513 τοῦ
1421 2463 1615 2532 καιροῦ
1664 2468 1936 2539 χρήσιμον
1959 2509 1976 2536 ,

391 2540 507 2592 τῶν
532 2542 701 2608 ἁγίων
720 2544 1036 2600 ἀποστόλων
1083 2549 1382 2624 ἀκούοντεςὴ
1419 2553 1686 2622 λεγόντων
1717 2560 1940 2632 Χριστῷ
1961 2579 1994 2594 ο-

398 2649 418 2681 ι
458 2632 597 2684 Πότε
619 2633 789 2687 ταῦτα
817 2634 989 2700 ἔσται,
1021 2639 1118 2690 καὶ
1146 2639 1199 2692 τί
1224 2641 1284 2694 τὸ
1308 2647 1534 2713 σημεῖον
1572 2649 1669 2717 τῆς
1695 2649 1794 2717 σῆς
1831 2668 1978 2722 παρ-

391 2723 613 2789 ουσίας;
633 2751 636 2755 -
655 2743 672 2775 ι
717 2725 815 2778 Ἐκ
833 2726 889 2780 δὲ
917 2728 1330 2801 τοῦμὴείδέναι
1351 2735 1564 2804 καιρὸν,
1589 2737 1976 2812 ἐζημιώθησαν

390 2815 446 2866 οἱ
479 2817 606 2885 περὶ
641 2816 929 2887 Ὑμέναιον
959 2822 1054 2874 καὶ
1107 2823 1469 2896 Ἀλέξανδρον,
1497 2829 1813 2897 νομίσαντες
1843 2833 1975 2887 ἀνάθ-

393 2919 588 2956 στασιν
615 2905 713 2977 ἤδη
754 2908 1058 2976 γεγονέναι,
1106 2913 1198 2966 καὶ
1245 2914 1404 2968 τοῦτο
1444 2916 1714 2986 λέγοντες.
1769 2922 1888 2975 Ὅτι
1917 2924 1978 2978 δὲ

389 2993 506 3045 τῶν
528 2994 834 3064 προσώπων
887 3000 1161 3069 ἀναγκαία
1203 3005 1297 3059 καὶ
1347 3008 1695 3080 ὲπωφελὴςή
1736 3012 1971 3079 γνῶσις,

2100 531 2256 594 typus
2288 524 2578 598 imaginem
2619 532 2807 591 refert.

2098 806 2167 862 In
2203 808 2403 889 dictum
2439 811 2572 889 illud
2610 813 2771 889 Pauli
2797 832 2815 871 :
2844 834 2865 868 ι
2891 815 3046 889 Sedet
3081 818 3134 874 iu
3164 822 3379 879 dextera
3410 825 3669 889 magnitu-

2185 877 2326 932 dinis
2350 881 2670 949 ἱη-εποείιὶε,
2699 894 2846 941 tanta
2870 887 3054 943 melior
3073 877 3481 962 [octuslangelis
3500 877 3574 951 ᾖ.
3607 877 3625 946 ι

2166 1050 2268 1118 Qui
2297 1055 2589 1111 essentiam
2624 1055 2783 1114 Verbi
2837 1061 2933 1117 Dei
2984 1063 3309 1120 calumniari
3359 1069 3585 1134 audent,
3616 1080 3670 1122 et

2093 1138 2288 1196 Filium
2322 1143 2463 1200 inter
2486 1155 2767 1204 creaturas
2791 1151 3035 1220 redigere
3060 1164 3350 1222 conantur,
3383 1159 3668 1212 veritatem

2093 1231 2462 1290 adulterantes
2493 1236 2566 1290 ita
2601 1239 2794 1295 aiunt:
2827 1241 2882 1296 Si
2919 1243 3088 1299 Filius
3129 1245 3309 1303 lactus
3351 1256 3438 1304 est
3480 1250 3670 1302 melior

2092 1323 2340 1394 angelis;
2366 1341 2497 1396 ergo
2531 1341 2599 1383 ex
2636 1332 2937 1388 mutatione
2970 1335 3023 1389 in
3053 1336 3245 1391 melius
3301 1338 3351 1392 id
3402 1354 3667 1394 consecu-

2093 1421 2178 1469 tus
2207 1424 2290 1469 est
2321 1432 2335 1469 :
2368 1415 2542 1473 lactus
2567 1420 2711 1474 enim
2744 1431 2858 1488 est,
2880 1424 3023 1492 quod
3053 1441 3158 1479 non
3189 1438 3328 1484 erat.
3361 1429 3512 1495 Quod
3541 1445 3666 1483 vero

2093 1502 2145 1557 in
2191 1505 2504 1562 universum
2551 1511 2746 1564 mutari
2800 1522 2978 1580 potest
3032 1523 3087 1568 et
3145 1530 3209 1568 ex
3260 1531 3367 1570 uno
3423 1518 3476 1570 in
3521 1517 3668 1571 aliud

2090 1594 2396 1660 transferri,
2430 1600 2705 1656 mutabilis
2730 1609 2934 1656 natura
2961 1603 3052 1669 sit,
3088 1619 3313 1660 necesse
3341 1617 3446 1660 est.
3481 1606 3538 1661 Si
3573 1622 3664 1662 ve-

2090 1699 2151 1739 ro
2203 1688 2475 1744 mutabilis
2519 1701 2724 1748 naturae
2781 1702 2885 1759 est,
2934 1696 3040 1750 erit
3095 1700 3262 1752 etiam
3305 1707 3524 1767 creatae,
3578 1701 3662 1756 cui

2015 1786 2060 1840 Β
2086 1777 2302 1846 propria
2337 1788 2423 1834 est
2450 1783 2702 1838 mutatio.

2601 1891 2808 1948 Salutio
2834 1895 3164 1963 objectionir.

2153 2009 2394 2064 Primum
2421 2007 2639 2077 quidem
2678 2014 2894 2076 oportet
2945 2025 3068 2064 eum
3120 2012 3211 2080 qui
3264 2013 3330 2067 ad
3371 2013 3665 2085 investiga-

2086 2099 2283 2156 tionem
2313 2113 2591 2154 sacrarum
2643 2098 3051 2168 Scripturarum
3097 2102 3332 2166 accedit,
3367 2103 3663 2160 observare

2085 2200 2295 2260 tempus
2344 2204 2451 2259 quo
2479 2189 2684 2259 aliquid
2738 2189 2961 2256 dicitur,
3016 2202 3073 2247 et
3122 2208 3411 2262 personam
3441 2213 3470 2250 a
3505 2213 3613 2268 qua
3643 2239 3660 2264 ,

2081 2295 2301 2356 propter
2331 2286 2481 2356 quid,
2515 2292 2570 2340 et
2602 2285 2670 2340 de
2698 2298 2806 2354 quo
2842 2284 3082 2342 dicitur:
3108 2287 3181 2342 ita
3214 2289 3360 2343 enim
3389 2291 3484 2358 qui
3513 2300 3659 2344 recte

2081 2377 2288 2430 sentire
2336 2376 2538 2442 velint,
2582 2377 2721 2432 citra
2774 2375 2938 2432 ullum
2995 2393 3239 2434 errorem
3284 2396 3406 2450 quae
3456 2382 3658 2449 scripta

2080 2475 2207 2522 sunt
2240 2467 2576 2537 intelligent..
2603 2468 2886 2539 Temporis
2917 2470 3103 2540 itaque
3135 2471 3424 2526 utilitatem
3457 2486 3658 2541 cogno-

2079 2572 2317 2622 scemus,
2346 2573 2468 2613 cum
2511 2561 2793 2618 audiemus
2837 2572 3061 2620 sanctos
3107 2563 3378 2633 apostolos
3405 2564 3471 2618 ad
3498 2563 3659 2618 Chri-

2078 2653 2220 2700 stum
2268 2645 2508 2702 dicentes
2550 2665 2566 2700 :
2600 2667 2619 2700 ‹
2669 2649 2894 2714 Quando
2927 2650 3043 2706 haec
3095 2661 3275 2717 erunt,
3321 2661 3376 2707 et
3407 2654 3550 2722 quod
3584 2653 3659 2708 si-

2078 2751 2241 2805 gnum
2268 2747 2354 2792 est
2400 2739 2476 2793 tui
2517 2741 2784 2797 adventus
2825 2742 2917 2796 ⁷⁸⁸2
2957 2761 2975 2794 ι
3033 2742 3355 2814 Ηγηιοηωυε
3405 2745 3568 2798 etiam
3603 2755 3656 2797 et

2076 2829 2382 2885 Alexander
2414 2841 2633 2901 propter
2675 2833 3044 2901 ignorantiam
3083 2836 3343 2905 temporis
3379 2845 3656 2897 errarunt,

2076 2931 2382 2978 asserentes
2408 2927 2866 2982 resurrectionem
2892 2927 3003 2996 jam
3036 2928 3236 2986 factam
3273 2944 3396 2986 esse
3415 2930 3654 2997 ττ.ρυο.ι

2074 3030 2206 3071 vero
2266 3031 2624 3086 personarum
2660 3021 2850 3077 notitia
2892 3024 3202 3078 necessaria
3255 3023 3517 3092 utilisque
3559 3025 3652 3086 sit,
3751 3037 3754 3040 ·

389 3083 652 3153 εἰσόμεθα
671 3088 854 3153 πάλιν,
872 3090 1002 3145 ὅταν
1021 3093 1050 3144 ό
1063 3094 1328 3166 Εὑνοῦχος
1352 3098 1485 3170 λέγῃ
1504 3101 1642 3172 πρὸς
1668 3102 1932 3157 Φίλιππον
1952 3123 1977 3135 κ

2078 3122 2134 3163 ex
2187 3122 2254 3162 eo
2295 3109 2684 3180 intelligemus,
2743 3127 2865 3166 cum
2902 3116 3185 3170 eunuchus
3229 3116 3296 3170 ad
3345 3115 3652 3184 Philippum

395 3193 417 3225 ι
455 3176 656 3246 Δέομαί
684 3196 798 3243 σου,
825 3183 955 3253 περὶ
975 3185 1116 3249 τίνος
1137 3188 1165 3240 ό
1187 3191 1468 3260 προφήτης
1498 3192 1666 3261 λέγει,
1691 3195 1818 3264 περὶ
1842 3197 1969 3250 ἑαυ-

389 3267 491 3320 τοῦ
515 3270 546 3340 ἤ
570 3281 574 3285 ”
599 3271 726 3343 περὶ
765 3272 950 3346 ἐτέρου
999 3278 1178 3345 τινός;
1221 3299 1240 3332 ι
1339 3281 1414 3345 ὡς
1465 3285 1594 3338 ὅταν
1635 3287 1668 3338 ὁ
1702 3289 1970 3359 μακάριος

390 3359 625 3424 Παῦλος,
651 3363 746 3416 τοῦ
773 3365 1024 3438 Σωτῆρος
1048 3369 1108 3421 τὸ
1139 3371 1427 3440 πρόσωπον
1465 3376 1811 3448 εἰσφέρεσθαι
1847 3380 1971 3450 βου-

389 3451 633 3544 λόμενος,
670 3454 882 3527 λέγῃσηι
929 3457 1044 3528 Ἐφ’
1073 3461 1131 3514 ὃν
1157 3461 1263 3534 γάρ
1313 3463 1528 3532 λέγεται
1572 3469 1762 3533 ταῦτα,
1797 3471 1972 3544 φυλῆς

389 3542 588 3614 ἑτέρας
611 3547 938 3618 μετέσχηκε.
980 3551 1252 3623 Πρόδηλον
1279 3554 1407 3625 γὰρ,
1436 3556 1517 3609 ὅτι
1542 3558 1601 3623 ἐξ
1643 3559 1811 3614 Ἰούδα
1835 3542 1970 3616 ἀνα-

385 3632 651 3687 τέταλκεν
684 3637 713 3687 ό
744 3637 966 3708 Κύριος.
1001 3659 1020 3692 ι
1080 3642 1201 3695 ’Ότι
1247 3643 1304 3697 δὲ
1347 3647 1439 3699 καὶ
1495 3647 1565 3700 τὸί
1602 3651 1834 3720 πρᾶγμα
1893 3653 1967 3721 μὴ

387 3726 606 3792 ἀγνοεῖν
643 3730 960 3797 ἀναγκαῖον,
983 3733 1230 3787 ἐντεῦθεν
1259 3735 1411 3790 ἔσται
1442 3740 1771 3809 καταφανές.
1800 3743 1968 3797 Ὅταν

388 3815 500 3887 γὰρ
534 3818 582 3870 οἱ
601 3821 886 3889 προφῆται
905 3822 973 3876 τὰ
988 3825 1116 3895 περὶ
1136 3824 1228 3878 τοῦ
1245 3827 1503 3899 Σωτῆρος
1528 3847 1703 3901 προκη
1714 3831 1965 3900 ρῦττωσι,

391 3908 487 3958 καὶ
518 3910 547 3960 ό
578 3910 676 3978 μὲν
704 3911 858 3982 λέγῃο
885 3931 904 3964 ι
949 3914 1079 3968 Ἰδοὺ
1114 3916 1146 3986 ή
1188 3918 1462 3988 παρθένος
1488 3923 1769 3995 ὲνιγαστρὶ
1794 3924 1960 3990 ἕξει-ι

389 3997 618 4067 ἑτέρωθι
640 3999 696 4052 δὲ
735 4003 914 4065 πάλιν,
955 4022 972 4054 ι
996 4004 1082 4067 Ὠς
1107 4007 1375 4077 πρόΰατον
1398 4011 1490 4063 ἐπὶ
1522 4013 1735 4083 σφαγὴν
1767 4015 1959 4086 ἧχθτγ»

389 4089 487 4140 καὶ
520 4089 593 4159 μὴ
621 4093 825 4160 κυρίως
848 4094 918 4146 τὰ
945 4096 1168 4150 τοιαῦτα
1195 4100 1381 4170 νοῆται
1409 4104 1537 4174 περὶ
1567 4105 1836 4176 Χριστοῦ,
1869 4125 1967 4178 μα-

391 4178 531 4248 κράν
571 4197 671 4233 που
727 4183 827 4254 τῆς
863 4185 1119 4257 ἀληθείας
1154 4189 1182 4240 ό
1233 4190 1356 4254 νοῦς
1384 4193 1684 4264 οἰχήσεται,
1728 4199 1820 4250 καὶ
1857 4198 1965 4252 τῶν

385 4268 630 4323 εὐσεϐῶν
655 4274 1438 4349 ἐκπετασθήσεταινοημάτων.
1472 4281 1769 4352 Ἀναγκαία
1791 4287 1966 4340 τοίνυν

383 4357 496 4411 τῶν
523 4360 827 4431 εἰρημένων
853 4364 885 4433 ἡ
914 4365 1257 4438 ὲπιτήρησις.
1299 4369 1768 4442 Ἐπιτηρηθέντων
1788 4375 1974 4428 τοίνυν.

2076 3198 2190 3254 ait:
2226 3215 2244 3251 ι
2270 3197 2381 3253 Oro
2414 3208 2486 3264 te,
2521 3200 2588 3255 de
2613 3215 2722 3271 quo
2753 3202 2996 3272 loquitur
3025 3207 3290 3274 propheta
3321 3206 3345 3259 ?
3375 3209 3442 3259 de
3475 3208 3652 3276 seipso

2077 3298 2172 3344 aut
2202 3291 2267 3345 de
2287 3291 2395 3347 alio
2421 3291 2602 3363 aliquo
2629 3294 2720 3348 ἐἳ
2759 3313 2777 3346 ι
2808 3296 2914 3350 Aut
2944 3298 3166 3366 quando
3208 3298 3406 3352 Paulus
3452 3299 3652 3353 Serva-

2078 3381 2210 3435 toris
2226 3395 2511 3450 personam
2537 3384 2760 3456 intelligi
2794 3386 3190 3452 volens,dicit:
3223 3407 3241 3440 ι
3279 3387 3353 3443 De
3376 3405 3483 3458 quo
3505 3391 3649 3443 enim

2077 3470 2192 3524 haec
2235 3472 2516 3539 dicuntur,
2565 3475 2610 3528 is
2645 3476 2711 3531 de
2753 3476 2857 3531 alia
2901 3478 3043 3531 tribu
3078 3485 3177 3532 est.
3209 3477 3546 3534 Manifestum
3570 3493 3652 3535 est

2075 3562 2216 3630 quod
2255 3579 2322 3618 ex
2353 3564 2486 3620 Juda
2517 3574 2673 3622 ortus
2707 3577 2788 3623 est
2829 3569 3088 3625 Dominus
3119 3571 3187 3625 ⁷⁸.
3227 3588 3246 3623 ι
3279 3569 3432 3638 Quod
3471 3581 3651 3626 autem

2075 3665 2296 3708 necesse
2333 3655 2404 3708 sit
2437 3671 2550 3709 rem
2585 3657 2756 3725 ipsam
2783 3674 2888 3714 non
2922 3661 3198 3730 ignorare,
3249 3662 3373 3716 inde
3413 3672 3650 3718 constat.

2075 3741 2300 3807 Quando
2335 3745 2481 3797 enim
2535 3749 2813 3816 prapheta:
2841 3787 2857 3812 ,
2893 3764 3014 3816 quae
3048 3750 3130 3816 ad_
3152 3751 3428 3804 Christum
3483 3753 3651 3819 perti-

2075 3841 2225 3895 nent,
2287 3835 2610 3902 prtedicunt,
2650 3846 2816 3906 atque
2853 3839 2941 3892 hic
2981 3840 3198 3908 quidem
3240 3841 3374 3894 dicit
3413 3856 3426 3891 :
3461 3858 3480 3891 ι
3511 3841 3653 3896 Ecce

2077 3923 2240 3992 200
2285 3924 2438 3993 virgo
2486 3925 2539 3978 in
2588 3936 2743 3980 utero
2796 3927 3068 3995 concipiet
3110 3928 3192 3992 ⁸ος
3245 3946 3264 3980 ι
3292 3928 3420 3983 alibi
3461 3943 3588 3983 vero
3633 3948 3649 3984 :

2081 4031 2098 4064 ι
2131 4013 2280 4067 Stcut
2307 4013 2424 4068 ovis
2475 4013 2666 4069 ductus
2707 4015 2772 4070 ad
2799 4016 3125 4071 occisionem
3163 4016 3230 4081 ⁸³,
3257 4035 3274 4067 ι
3307 4016 3408 4070 nisi
3436 4018 3652 4086 proprie

2073 4103 2189 4159 haec
2226 4104 2292 4159 de
2320 4104 2540 4160 Christo
2575 4105 2968 4176 intelligantur,
3023 4121 3220 4161 sensus
3277 4107 3434 4177 longe
3481 4121 3509 4160 a
3554 4122 3648 4172 vc-

2074 4196 2236 4250 ritate
2257 4198 2559 4262 aherrabit,
2607 4208 2661 4250 et
2699 4213 2728 4250 a
2763 4197 2864 4266 piis
2911 4197 3343 4268 cogitationibus
3377 4197 3647 4252 deﬂectet.

2072 4288 2389 4344 Necessaria
2421 4290 2586 4357 igitur
2613 4277 2904 4344 esteorum
2948 4304 3067 4358 qua:
3107 4289 3362 4344 dicuntur
3402 4288 3650 4344 conside-

2075 4383 2234 4437 ratio.
2269 4380 2473 4451 Siquis
2507 4397 2636 4451 ergo
2672 4389 2921 4435 accurate
2965 4382 3363 4437 animadvertat
3411 4393 3644 4452 tempus,

383 4451 634 4523 ἀκριϐῶς
665 4454 880 4526 καιροῦ,
942 4458 1036 4510 καὶ
1077 4460 1409 4531 προσώπου,
1463 4465 1557 4516 καὶ
1609 4466 1964 4536 πράγματος,

2078 4485 2383 4540 personam,
2412 4481 2468 4525 et
2500 4488 2634 4536 rem,
2693 4472 2792 4526 hoc
2821 4487 2849 4524 a
2886 4473 3054 4528 Paulo
3099 4474 3305 4528 dictum
3342 4489 3466 4529 esse
3494 4489 3644 4529 com-

384 4543 740 4614 εὑρεθήσεται
788 4545 956 4600 ταῦτα
999 4549 1174 4618 λέγων
1219 4553 1246 4604 ὁ
1298 4554 1525 4621 Παῦλος,
1571 4556 1651 4609 ὅτι
1713 4557 1779 4610 δι’
1819 4561 1964 4630 ἡμᾶς
2004 4538 2037 4575 ν

383 4635 808 4709 ὲνηνθρώπησεν
830 4639 861 4690 ὁ
885 4639 980 4693 τοῦ
1008 4641 1143 4696 Θεοῦ
1187 4645 1378 4713 Λόγος.
1411 4647 1497 4699 ὅτε
1538 4648 1645 4701 τῶν
1681 4651 1965 4722 ἁμαρτιῶν

383 4724 543 4792 ἡμῶν
573 4725 920 4798 καθαρισμὸν.
933 4731 1296 4802 ποιησάμενος
1326 4735 1661 4794 ὲκάθισενὲν
1690 4738 1835 4812 δεξιᾷ
1865 4745 1962 4812 τῆς

387 4816 780 4890 μεγαλωσύνης
805 4823 874 4873 ὲν-
921 4821 1163 4893 ῦψηλοίς,
1195 4827 1312 4878 τότε
1338 4828 1601 4896 κρείττων
1628 4832 1820 4899 γέγονε
1856 4835 1963 4887 τῶν

378 4908 652 4975 ἀγγέλων·
681 4912 742 4963 οὐ
768 4913 866 4981 τὴν
893 4915 1053 4982 φύσιν
1087 4918 1166 4980 είς
1217 4917 1404 4990 ἔτερόν
1443 4938 1493 4973 τι
1547 4925 1890 4993 μεταϐαλὼν,
1927 4928 1960 4998 ἢ

379 4999 521 5068 ὅπερ
545 5002 644 5054 οὐκ
664 5002 739 5056 ὢν
765 5005 1014 5072 φαίνεται
1046 5011 1332 5081 πρότερον,
1361 5011 1587 5084 ὕστερον
1621 5017 1881 5084 γεγονώς
1902 5019 1962 5072 οὐ

380 5089 493 5157 γάρ
521 5092 769 5163 περὶτῆς
800 5095 1015 5163 φύσεως
1035 5100 1129 5152 τοῦ
1167 5101 1295 5154 Υίοῦ
1330 5103 1424 5157 νῦν
1449 5107 1478 5158 ὁ
1520 5105 1676 5174 λόγος
1717 5111 1833 5162 ἐστὶ
1884 5111 1963 5180 τῷ

381 5181 605 5251 Παύλῳ,
636 5184 770 5275 άλλά
807 5191 932 5258 περὶ
979 5191 1302 5262 πράγματος
1336 5199 1628 5269 γενομένου
1680 5202 1738 5253 ἐν
1785 5203 1975 5275 καιρῷ-

381 5272 482 5340 τῆς
515 5274 999 5348 ὲνανθρωπήσεως.
1042 5283 1252 5338 Οὐκοῦν
1291 5288 1351 5339 οῦ
1409 5293 1474 5360 τῇ
1519 5291 1677 5359 φύσει
1729 5294 1838 5348 τῶν
1867 5295 1964 5364 ἀγ·

379 5362 558 5427 γέλων
584 5365 681 5436 τὴν
700 5367 792 5421 τοῦ
821 5370 950 5424 Υίοῦ
986 5372 1145 5442 φύσιν
1167 5378 1548 5447 συγκρίνεσθαι
1571 5383 1760 5451 θέλων,
1783 5362 1964 5457 κρείτ-

381 5469 512 5505 τονα
558 5454 668 5507 τῶν
721 5457 970 5526 ἀγγέλων
1028 5464 1188 5518 αὐτὸν
1222 5468 1547 5537 γεγενῆσθαί
1581 5490 1767 5544 φησιν,
1824 5454 1962 5531 ἀλλὰ

472 5613 516 5640 ’⁵
550 5613 708 5667 Hebr.
745 5633 780 5672 ι,
811 5617 865 5678 5,
901 5618 948 5668 ι.

1040 5620 1082 5649 ⁷⁵
1115 5621 1300 5698 Matth;
1332 5641 1475 5698 xxiv,
1509 5631 1560 5686 3.

381 5682 431 5713 “
461 5679 569 5736 lsa.
607 5698 698 5749 vn,
738 5685 819 5739 Η.

901 5689 940 5718 θ’
979 5685 1082 5744 lsa.
1115 5707 1231 5758 Lm,
1268 5693 1317 5747 7.

1650 5635 1692 5664 ⁷⁷
1719 5633 1761 5689 ll
1795 5636 1930 5691 Tim.
1967 5653 2029 5704 tt,
2075 5638 2158 5704 l7,
2201 5640 2280 5694 l8.

2072 4565 2264 4636 periet,
2294 4565 2528 4619 Verbum
2584 4565 2676 4619 Dei
2711 4574 2931 4635 propter
2983 4581 3083 4621 nos
3121 4567 3462 4620 incarnatum
3501 4581 3644 4627 esse,

2074 4657 2290 4724 quando
2336 4655 2576 4724 purgatis
2616 4656 2853 4726 peccatis
2897 4657 3100 4713 nostris
3149 4657 3289 4712 sedit
3330 4657 3383 4710 in
3424 4657 3646 4709 dextera

2073 4746 2373 4815 maiestatis
2404 4747 2456 4800 in
2483 4748 2753 4814 excelsis;
2807 4758 2934 4802 tunc
2976 4747 3167 4804 melior
3215 4748 3421 4818 angelis
3463 4747 3641 4802 factus

2069 4847 2198 4893 est:
2239 4853 2344 4892 non
2387 4849 2578 4893 natura
2624 4840 2791 4908 ipsius
2821 4842 2872 4894 iu
2913 4842 3057 4896 aliud
3083 4841 3363 4910 quidpiam
3413 4849 3616 4893 mutata
3641 4884 3655 4905 ,

2071 4939 2163 4982 aut
2191 4930 2334 4998 quod
2375 4939 2532 4984 antea
2574 4948 2678 4985 non
2711 4941 2866 4997 erat,
2913 4943 3098 5000 postea
3144 4933 3411 5000 ell'ectus;
3461 4947 3639 5001 neque

2069 5023 2211 5076 enim
2237 5022 2436 5077 Paulus
2472 5039 2614 5077 nunc
2649 5025 2712 5077 de
2739 5034 2928 5076 natura
2966 5023 3088 5078 Filii
3136 5025 3397 5094 loquitur,
3454 5024 3549 5079 sed
3589 5027 3653 5078 tle

2072 5127 2130 5167 re
2159 5127 2277 5183 qua:
2305 5114 2443 5168 facta
2473 5124 2558 5169 est
2591 5124 2835 5184 tempore
2882 5115 3294 5170 incarnationis.
3322 5116 3439 5172 Non
3477 5102 3643 5186 igitur

2071 5213 2320 5258 naturam
2351 5205 2473 5259 Filii
2533 5220 2653 5259 cum
2714 5214 2902 5260 natura
2951 5205 3265 5277 angelorum
3324 5220 3647 5276 comparare

2071 5295 2277 5360 volens,
2304 5298 2738 5366 praestantiorem
2781 5298 3184 5368 ipsumangelis
3229 5297 3484 5354 elfectum
3528 5311 3649 5354 esse

2072 5387 2170 5451 ait,
2201 5389 2295 5444 sed
2328 5402 2414 5444 res
2445 5399 2604 5460 atque
2657 5389 2901 5444 actiones
2951 5390 3092 5444 inter
3122 5406 3183 5445 se
3213 5399 3516 5460 comparat,
3559 5401 3646 5446 at-

2069 5493 2174 5549 que
2203 5480 2304 5536 hac
2337 5481 2542 5536 ratione
2574 5482 3006 5551 praestantiorem
3045 5481 3245 5539 factum
3278 5496 3397 5540 esse
3447 5481 3643 5540 Filium

2383 5640 2425 5670 "
2456 5642 2572 5695 Act.
2613 5655 2727 5705 Vm,
2761 5641 2848 5696 3L
2937 5640 2982 5670 '9
3020 5639 3183 5696 Hebr.
3233 5657 3328 5707 vn,
3377 5641 3480 5706 15,
3561 5635 3643 5691 Η.
