4106 6204
467 345 571 402 359
1494 337 1878 396 S.'CYl{lLLI
1909 341 2385 403 ALEXANDRINI
2423 343 2726 402 ARCHIEP
2752 390 2773 415 ,
3616 347 3729 404 340

464 461 719 519 ostendit.
756 460 851 518 Est
882 473 1013 517 vero
1040 460 1132 516 hic
1185 458 1317 515 dicti
1365 471 1558 514 sensus
1619 475 1632 513 :
1680 457 1877 513 Paulus
1915 473 2040 514 cum

2143 461 2488 532 πραγμάτων
2553 463 2787 516 ποιεῖται
2846 460 3174 534 σύγκρισινο
3223 463 3320 517 καὶ
3369 464 3515 519 κατά
3561 465 3724 521 τοῦτο

465 553 705 609 Hebraeis
724 553 1017 617 disserens,
1037 563 1343 620 magnaque
1375 546 1628 604 libertate
1654 550 2036 604 demonstrare

464 642 654 698 volens
707 641 1070 696 ministerium
1115 638 1318 694 Christi
1362 637 1715 708 praestantius
1764 637 1933 694 fuisse
1984 646 2039 694 et

464 735 848 804 prophetarum
878 730 1138 786 missione
1181 737 1238 785 et
1261 728 1737 785 administratione
1778 728 1913 800 legis
1939 744 2040 798 per

462 827 684 897 angelos
728 825 895 889 facta,
935 839 1000 880 ex
1041 822 1301 892 dignitate
1345 835 1709 891 personarum
1747 835 2036 892 compara-

465 920 664 974 tionem
697 916 849 982 l‘acit,
876 925 932 970 et
958 914 1172 986 inquit:
1211 931 1230 966 ι
1266 912 1406 969 Olim
1440 912 1583 968 Deus
1607 913 1836 983 loquens
1868 913 2034 982 patri-

461 1011 564 1066 bus
605 1009 660 1065 in
717 1008 1021 1079 prophetis,
1066 1005 1382 1062 novissimis
1430 1006 1550 1061 istis
1598 1005 1787 1060 diebus
1827 1004 2040 1060 locutus

461 1111 545 1160 est
575 1101 732 1159 nobis
761 1102 814 1156 in
862 1100 1022 1164 Filio,
1049 1114 1208 1170 quem
1256 1097 1542 1154 constituit
1594 1095 1866 1152 hteredem
1915 1096 2038 1152 uni-

462 1209 764 1259 versorum,
803 1209 899 1264 per
932 1207 1092 1262 quem
1133 1191 1262 1246 fecit
1287 1200 1343 1245 et
1386 1191 1608 1246 saecula.
1667 1189 1769 1256 Qui
1808 1203 1932 1244 cum
1965 1190 2040 1244 sit

464 1286 717 1355 splendor
767 1283 993 1354 gloriae,
1050 1294 1107 1338 et
1151 1283 1439 1336 character
1497 1279 1823 1335 substantiae
1871 1278 1990 1349 ejus
2018 1317 2034 1344 ,

464 1388 794 1448 portansque
825 1376 1008 1431 omnia
1037 1373 1214 1429 Verbo
1246 1372 1462 1426 virtutis
1486 1387 1617 1436 suae,
1653 1371 2033 1440 purgationem

465 1477 808 1538 peccatorum
845 1466 1070 1529 faciens,
1099 1465 1252 1520 sedet
1295 1463 1362 1516 ad
1399 1463 1680 1517 dexteram
1734 1461 2037 1532 maiestatis

466 1564 517 1617 in
547 1560 774 1616 excelsis
805 1559 874 1614 ".
932 1577 950 1610 ι
999 1558 1134 1612 Cum
1185 1556 1348 1624 igitur
1395 1565 1595 1611 tantam
1636 1554 1860 1624 gloriam
1901 1553 2040 1609 Filio

464 1650 723 1716 ascribit,
755 1659 810 1704 et
856 1664 975 1718 qua:
1015 1656 1224 1702 natura:
1277 1645 1456 1700 Patris
1495 1645 1710 1714 propria
1765 1654 1892 1699 sunt
1938 1644 2038 1713 ipsi

463 1739 838 1793 accommodat
879 1723 895 1791 ι
930 1748 1058 1791 tunc
1093 1736 1244 1790 illum
1277 1744 1428 1789 tanto
1461 1736 1899 1803 prmstantiorem
1941 1751 2039 1788 att-

2139 550 2423 621 κρείττονα
2463 550 2556 605 τὸν
2605 551 2732 606 Υίὸν
2787 550 3039 620 γενέσθαι
3096 550 3279 620 φησίν.
3312 552 3506 605 Ἔσται
3540 551 3597 604 δὲ
3625 552 3720 605 τοῦ

2138 642 2429 713 λεγομένου
2455 643 2693 707 τοιοῦτος
2719 645 2748 697 6
2779 643 2922 708 νοῦςο
2958 644 3016 697 '0
3047 643 3258 707 Παῦλος
3297 643 3570 714 Ἑϐραίοις
3607 644 3721 697 δια-

2138 733 2430 804 λεγόμενος
2475 735 2567 789 καὶ
2621 735 2759 804 μετὰ
2808 733 3012 806 πολλῆς
3062 733 3384 807 παρρησίας
3437 733 3720 800 ἀποδεῖξαι

2141 825 2446 895 βουληθεὶς,
2495 825 2577 879 ὅτι
2629 826 2892 896 κρείττων
2911 825 3061 879 ἐστὶν
3118 827 3152 896 ἡ
3204 825 3443 896 Χριστοῦ
3476 826 3720 879 διακονία

2140 916 2235 969 καὶ
2266 916 2365 985 τῆς
2397 915 2508 969 τῶν
2529 915 2828 986 προφητῶν
2877 915 3183 985 ἀποστολῆς
3211 916 3307 972 καὶ
3339 915 3432 969 τοῦ
3466 916 3719 987 διακονη-

2141 1005 2324 1069 θὲντος
2343 1006 2412 1059 δι’
2436 1005 2683 1075 ἀγγέλων
2741 1007 2932 1076 νόμου,
2986 1006 3110 1061 ἀπὸ.
3135 1007 3235 1077 τῆς
3270 1007 3382 1061 τῶν
3410 1007 3720 1077 προσώπων

2139 1097 2292 1163 ἀξίας
2324 1099 2557 1152 ποιεῖται
2584 1098 2684 1170 τὴν
2712 1098 3019 1170 σύγκρισιν,
3053 1098 3334 1169 καῖςιιησι⁹
3368 1116 3386 1149 ι
3417 1099 3594 1152 Πάλαι
3623 1099 3721 1154 λα-

2139 1185 2312 1258 λήσας
2348 1189 2381 1240 ὁ
2423 1187 2555 1250 Θεὸς
2602 1189 2717 1250 τοῖς
2753 1188 3026 1259 πατράσιν
3065 1173 3225 1258 ἡμῶν
3278 1189 3336 1240 ὲν
3368 1189 3480 1252 τοῖς
3503 1191 3717 1262 προφή-

2139 1294 2280 1342 ταις,
2330 1277 2417 1330 ἐπ’
2471 1278 2703 1348 ἐσχάτου
2754 1277 2863 1332 τῶν
2929 1278 3151 1349 ἡμερῶν
3217 1279 3422 1334 τούτων
3456 1279 3718 1350 ἐλάλησεν

2140 1372 2271 1442 ἡμῖν
2300 1371 2357 1424 ὲν
2391 1369 2523 1441 Υίῷ,
2555 1370 2613 1424 δν
2670 1371 2833 1441 ἔθηκε
2885 1369 3220 1441 κληρονόμον
3274 1370 3510 1438 πάντων,
3563 1371 3631 1425 δι’
3657 1367 3729 1426 οὗ.

2140 1462 2234 1514 καὶ
2273 1461 2496 1530 ἐποίησε
2528 1459 2656 1525 τοὺς
2711 1460 2933 1524 αἰῶνας.
2983 1463 3078 1524 Ὃς
3117 1459 3192 1514 ὢν
3245 1461 3588 1532 ἀπαύγασμα
3619 1463 3718 1532 τῆς

2139 1552 2297 1624 δόξης
2324 1555 2418 1606 καὶ
2439 1553 2726 1624 χαρακτὴρ
2750 1553 2851 1623 τῆς
2871 1552 3218 1617 ὑποστάσεως
3240 1552 3428 1620 αὐτοῦ,
3454 1558 3635 1626 φέρων
3658 1572 3717 1608 τε

2139 1645 2209 1698 τὰ
2236 1643 2412 1697 πάντα
2456 1642 2533 1712 τῷ
2591 1644 2794 1714 ῥήματι
2840 1645 2937 1715 τῆς
2993 1645 3278 1714 δυνάμεως
3326 1645 3513 1710 αὐτοῦ,
3549 1646 3716 1700 καθα-

2145 1737 2335 1806 ρισμὸν
2355 1734 2464 1788 τῶν
2491 1734 2778 1805 ἁμαρτιῶν
2800 1735 3186 1806 ποιησάμενος,
3206 1736 3457 1790 ἐκάθισεν
3488 1737 3545 1792 ὲν
3571 1737 3719 1808 δεξιᾷ

464 1830 596 1897 gulis
623 1830 827 1883 factum
849 1844 968 1885 esse
995 1831 1090 1894 ait,
1112 1837 1314 1897 quanto
1337 1829 1501 1882 etiam
1540 1827 1888 1895 praestantius
1916 1842 2028 1896 pra:

2140 1825 2228 1879 τοῦ
2256 1825 2445 1896 Θρόνου
2477 1825 2577 1895 τῆς
2610 1825 2999 1896 μεγαλωσύνης
3020 1829 3076 1879 ὲν
3111 1827 3355 1898 ὑψηλοῖς.
3382 1847 3401 1879 ι
3434 1826 3719 1898 Τοσαύτην

467 1924 574 1978 illis
604 1936 801 1978 nomen
831 1930 914 1977 est
942 1921 1189 1990 adeptus,
1225 1927 1418 1988 utpote
1448 1918 1638 1982 Filius,
1675 1927 1730 1972 et
1755 1919 1950 1983 itaares,
1981 1926 2038 1972 et

459 2013 736 2084 splendor,
767 2021 822 2066 et
856 2012 1162 2073 character,
1205 2020 1260 2064 et
1284 2010 1482 2080 imago,
1508 2019 1564 2064 et
1589 2009 1642 2063 in
1673 2009 1867 2063 eodem
1894 2007 2033 2063 solio

462 2108 678 2171 sedens,
711 2113 766 2158 et
804 2115 1037 2158 creator.
1071 2102 1236 2171 Atqui
1259 2100 1302 2154 si
1335 2114 1434 2169 per
1479 2101 1596 2154 haec
1639 2098 1810 2152 multo
1856 2097 2038 2154 excel-

465 2194 663 2250 lentior
683 2192 890 2263 angelis
939 2201 1214 2258 censetur,
1261 2188 1614 2244 excellentior
1662 2188 1829 2243 etiam
1866 2187 2037 2257 ipsius

463 2287 570 2341 erit
604 2283 1002 2341 administratio
1036 2297 1196 2352 quam
1221 2281 1456 2336 illorum.
1503 2278 1641 2335 Cum
1670 2293 1799 2334 vero
1836 2278 2034 2334 dicitur

466 2375 639 2430 iactus
667 2389 808 2439 esse,
836 2389 944 2428 non
979 2373 1124 2444 quod
1158 2385 1222 2427 ex
1268 2370 1438 2426 nihilo
1484 2370 1549 2424 ad
1590 2383 1713 2425 esse
1756 2367 2039 2422 traductus

463 2466 536 2520 sit
573 2465 913 2536 signiﬁcatur
939 2466 1098 2534 (erat
1126 2463 1271 2518 enim
1311 2458 1544 2514 Verbum
1568 2459 1619 2513 in
1644 2457 1910 2525 principio
1943 2457 2038 2526 ⁸³),

465 2571 641 2627 neque
691 2557 834 2626 quod
869 2573 899 2610 a
942 2555 1150 2609 minore
1181 2554 1234 2609 in
1280 2552 1456 2623 majus
1490 2558 1728 2606 mutatus
1769 2550 1839 2604 sit
1892 2548 2040 2619 (per-

464 2649 642 2702 fectus
697 2649 842 2702 enim
877 2657 960 2701 est
1010 2647 1184 2701 Filius
1224 2659 1291 2698 ex
1335 2644 1578 2714 perfecto
1651 2642 1811 2698 Patre
1838 2640 1856 2710 )
1886 2681 1900 2704 ,
1943 2637 2037 2692 sed

464 2737 607 2804 quod
633 2737 804 2791 veluti
821 2752 886 2792 ex
907 2733 1313 2804 comparatione
1337 2733 1522 2802 gloria:
1551 2740 1605 2786 et
1623 2727 1906 2799 dignitatis
1927 2743 2040 2781 ma-

457 2829 549 2895 jus
570 2829 798 2899 et201
830 2830 1008 2884 minus
1029 2837 1306 2898 appareat.
1353 2823 1822 2895 Quemadmodum
1851 2821 1896 2875 si
1916 2819 2040 2889 quis

464 2919 739 2977 hominem
777 2935 918 2990 equo
952 2921 1217 2985 conferat,
1255 2919 1401 2974 dicat
1431 2918 1498 2971 alt
1525 2931 1590 2970 eo
1636 2913 1728 2983 qui
1755 2911 2040 2966 aestimarit

464 3011 740 3067 hominem
770 3011 1204 3080 praestantiorem
1244 3009 1469 3072 factum,
1525 3006 1652 3076 quia
1701 3007 1772 3059 sit
1813 3002 2040 3060 rationis

465 3105 755 3175 particeps.
805 3101 940 3156 Nam
973 3100 1116 3170 quod
1148 3100 1249 3153 hoc
1277 3097 1498 3150 verbum
1525 3097 1642 3163 ﬁeri
1694 3111 1797 3149 non
1826 3106 2041 3160 semper

467 3164 691 3251 naturat-
726 3194 1080 3250 mutationem
1138 3189 1432 3258 signiﬁcet,
1479 3187 1826 3241 manifestum
1879 3164 2108 3236 fueritc

465 3305 533 3344 ex
569 3287 770 3342 Davide
800 3286 1013 3341 dicente
1043 3284 1109 3339 ad
1145 3283 1312 3338 Deum
1345 3299 1358 3335 :
1388 3299 1406 3332 ι
1441 3279 1565 3335 Fias
1594 3278 1724 3332 mihi
1777 3277 1829 3331 in
1875 3277 2040 3330 Deum

466 3389 834 3451 protectorem
863 3378 948 3445 ⁸⁸;
979 3395 997 3430 ι
1022 3385 1077 3432 et
1117 3390 1332 3430 rursum
1359 3388 1374 3427 :
1414 3392 1431 3424 ι
1457 3371 1657 3427 Factus
1671 3379 1752 3425 est
1781 3368 1910 3424 mihi
1934 3368 2040 3422 Do-

467 3473 647 3526 minus
672 3471 724 3525 in
747 3469 978 3524 salutem
1003 3467 1086 3532 ‘5;
1123 3485 1143 3519 ι
1173 3475 1227 3521 et
1258 3483 1272 3519 :
1313 3484 1330 3516 ι
1357 3463 1556 3519 Factus
1581 3472 1663 3518 est
1693 3461 1822 3516 mihi
1853 3459 2040 3515 Domi-

465 3577 569 3617 nus
603 3562 657 3616 in
708 3559 975 3629 refugium
1017 3560 1086 3613 ⁸⁸.
1137 3579 1155 3612 ι
1210 3554 1718 3612 Administrationis
1764 3554 1930 3625 igitur
1981 3561 2037 3606 et

465 3651 673 3721 gloriae,
709 3666 816 3708 non
839 3660 1050 3706 naturae
1091 3651 1144 3705 in
1187 3649 1325 3710 Filio
1380 3647 1447 3703 ad
1489 3645 1715 3719 angelos
1757 3658 2038 3716 compara-

467 3744 540 3798 tio
565 3743 645 3803 tit.

465 3947 724 4016 Exempla
756 3946 943 4017 quibus
973 3945 1284 4017 declaratur-
1311 3958 1482 4017 v_oc_e_m
1511 3943 1669 4003 hanc,
1707 3937 1977 4017 «auctior,
2014 3955 2033 3986 ι

538 4018 593 4071 in
626 4007 780 4070 sacra
812 4014 1086 4085 Scriptura
1117 4016 1276 4068 etiam
1309 4013 1372 4066 dc
1402 4013 1466 4064 iis
1498 4025 1617 4079 quia
1637 4009 1867 4085 multum
1903 4007 2040 4085 inter

537 4103 592 4140 se
623 4087 842 4148 distant,
878 4076 968 4138 aut
993 4086 1196 4138 ratione
1231 4091 1456 4142 naturw,
1485 4076 1579 4130 aut
1614 4076 1915 4146 dignitatis,
1947 4084 2038 4127 aut

473 4157 502 4187 θ
536 4160 818 4212 secundum
854 4169 1154 4208 mensuram
1179 4151 1364 4223 gratia:
1407 4148 1676 4216 usurpari.

535 4270 806 4336 Quantum
843 4269 910 4322 ad
941 4267 1169 4338 gratiam
1208 4281 1221 4318 :
1266 4281 1286 4314 ι
1322 4261 1510 4317 Melior
1553 4267 1637 4315 est
1679 4257 1796 4314 dies
1847 4269 1954 4310 una
1981 4255 2037 4311 in

465 4359 623 4416 atriis
649 4360 758 4414 tuis
783 4373 944 4428 super
972 4357 1120 4412 mille
1142 4358 1221 4421 ⁸⁷;
1249 4376 1266 4408 ι
1308 4354 1440 4425 quid
1465 4351 1610 4408 enim
1647 4348 1855 4420 aequale
1883 4348 2040 4403 atriis

465 4451 778 4510 coelestibus
813 4452 1043 4507 inveniri
1071 4450 1295 4522 potest?
1325 4447 1596 4520 Quantum
1647 4443 1715 4498 ad
1757 4441 2039 4497 dissimili-

466 4545 705 4601 tudinem
738 4554 946 4600 naturae
974 4561 989 4602 :
1027 4563 1050 4596 ι
1082 4542 1329 4612 Accipite
1359 4537 1660 4595 doctrinam
1685 4573 1700 4600 ,
1727 4542 1782 4589 et
1803 4547 1910 4588 non
1947 4539 2076 4614 ιιι-οξ

462 4647 716 4708 gentum;
751 4634 941 4690 melior
989 4635 1134 4690 enim
1187 4642 1271 4687 est
1315 4629 1578 4701 sapientia
1625 4639 1788 4697 quam
1831 4623 2038 4692 lapides

461 4727 616 4781 electi
647 4725 714 4779 ⁸⁸.
763 4744 781 4778 ι
821 4723 993 4779 lsaias
1043 4723 1108 4777 de
1155 4720 1421 4777 eunuchis
1446 4719 1614 4776 Deum
1653 4718 1923 4773 dicentem
1958 4714 2039 4768 in-

460 4819 611 4873 ducit
641 4835 656 4873 :
689 4838 709 4870 ‹
749 4817 895 4871 Dabo
931 4817 1013 4871 eis
1048 4829 1244 4869 nomen
1285 4823 1577 4880 aeternum,
1607 4812 1750 4883 quod
1793 4817 1878 4866 est
1929 4819 2042 4862 me-

464 4911 565 4964 lius
594 4925 758 4978 quam
791 4908 886 4962 ﬁlii
930 4917 987 4962 et
1030 4907 1156 4962 ﬁliae
1189 4905 1258 4959 ⁸⁵.
1293 4924 1310 4957 ι
1349 4904 1540 4960 Melius
1574 4905 1778 4973 itaque,
1829 4915 1937 4955 non
1973 4898 2040 4952 de

463 4999 652 5066 quavis
683 4999 1012 5064 dill’erentia,
1045 4998 1140 5053 sed
1185 4995 1251 5053 de
1287 5012 1481 5067 magna
1520 5004 1576 5051 et
1625 4989 2035 5064 incomparabili

467 5101 835 5158 Nepenumero
869 5092 1186 5147 excellentia
1218 5091 1436 5146 dicitur.

770 5206 1006 5273 ALIUD,
1034 5207 1090 5262 in
1120 5207 1359 5263 eamdem
1382 5205 1718 5260 sententiam.

535 5316 734 5373 Beatus
789 5320 990 5374 Paulus
1037 5335 1196 5375 suum
1256 5319 1426 5386 ipsius
1477 5317 1681 5372 dictum
1737 5317 2036 5386 explicans,

464 5407 1010 5478 manifestissimeque
1030 5411 1324 5466 ostendens
1347 5409 1603 5478 quidnam
1623 5409 1696 5463 sit
1716 5407 1841 5473 hoc,
1874 5428 1891 5458 ‹
1924 5407 2040 5462 Me-

464 5497 566 5552 lior
605 5497 782 5552 factus
832 5499 1036 5569 angelis
1063 5501 1148 5564 ’°,
1203 5519 1220 5550 ι
1263 5498 1329 5552 ad
1373 5512 1436 5553 ea
1485 5511 1606 5567 quae
1649 5496 1789 5553 dixit
1820 5498 1988 5553 infert
2023 5517 2035 5550 :

2137 1916 2317 1970 τοίνυν
2335 1917 2581 1988 περιθεὶς
2605 1917 2681 1988 τῷ
2704 1917 2817 1989 Υίῷ
2838 1918 2935 1988 τὴν
2953 1918 3136 1983 δόξαν,
3167 1919 3262 1973 καὶ
3292 1920 3361 1973 τὰ
3387 1921 3485 1990 τῆς
3504 1919 3721 1988 φύσεως

2137 2006 2231 2060 τοῦ
2266 2007 2479 2078 Πατρὸς
2513 2007 2621 2061 ίδια
2656 2007 2944 2078 προσάψας
2979 2009 3152 2080 αὐτῷ,
3197 2010 3319 2063 τότε
3363 2012 3497 2081 φησὶ
3537 2011 3717 2081 κρείτ-

2138 2113 2267 2153 τονα
2286 2097 2538 2167 γενέσθαι
2560 2098 2669 2152 τῶν
2697 2099 2967 2168 ἀγγέλων,
2988 2100 3099 2171 ὅσῳ
3120 2101 3214 2154 καὶ
3241 2100 3426 2172 μεῖζον
3450 2101 3559 2170 ἔτχει
3586 2102 3717 2172 παρ’

2138 2190 2384 2255 ἐκείνους
2432 2191 2494 2245 τὸ
2544 2192 2736 2261 ὄνομα,
2796 2192 2873 2256 ὡς
2923 2192 3052 2256 Υἱὸς
3091 2192 3183 2246 καὶ
3239 2193 3594 2264 κληρονόμος,
3625 2193 3719 2246 καὶ

2140 2284 2502 2354 ἀπαύγασμα,
2527 2286 2618 2338 καὶ
2639 2285 2946 2356 χαρακτὴρ,
2972 2287 3067 2339 καὶ
3087 2284 3270 2351 εἰκὼν,
3291 2285 3384 2338 καὶ
3403 2286 3715 2355 ὀμόθρονος,

2139 2377 2232 2430 καὶ
2265 2380 2514 2446 ποιητής.
2546 2378 2609 2430 Ei
2639 2378 2696 2430 δὲ
2726 2377 2860 2430 πολὺ
2891 2378 3160 2448 κρείττων
3197 2379 3293 2430 καὶ
3319 2376 3717 2447 διαφορώτερος

2138 2465 2248 2519 τῶν
2274 2466 2524 2534 ἀγγέλων
2553 2466 2642 2520 διὰ
2661 2467 2832 2521 ταῦτα
2877 2471 3100 2532 νοεῖται,
3133 2467 3398 2537 κρείττων
3423 2468 3530 2536 ἄρα
3559 2468 3652 2521 καὶ
3684 2468 3716 2536 ή

2139 2557 2303 2617 αὐτοῦ
2336 2559 2434 2629 τῆς
2464 2559 2688 2614 ἐκείνων
2717 2559 3014 2624 διακονίας.
3048 2561 3312 2631 Σημαίνοι
3339 2559 3383 2613 δ’
3410 2560 3475 2614 ἂν
3497 2559 3718 2623 εἰκότως

2141 2649 2328 2704 ἐνθάδε
2354 2651 2416 2703 τὸ
2449 2670 2468 2702 ι
2495 2651 2738 2720 γέγονεν,
2767 2672 2784 2703 ι
2813 2653 2874 2705 οὐ
2902 2652 3000 2722 τὴν
3037 2655 3102 2705 ὲκ
3134 2652 3227 2705 τοῦ
3255 2651 3329 2722 μὴ
3353 2652 3504 2715 ὄντος
3545 2654 3624 2714 είς
3659 2650 3719 2705 τὸ

2141 2735 2282 2793 εἴναι
2315 2743 2655 2814 παραγωγὴν
2684 2740 2782 2815 (ἦν
2807 2743 2916 2813 γάρ
2947 2745 2976 2796 6
3004 2744 3176 2812 Λόγος
3230 2745 3288 2797 ὲν
3330 2744 3546 2814 ἀρχῇ),
3599 2742 3717 2795 οὐδὲ

2138 2831 2238 2901 τὴν
2260 2831 2320 2896 ἐξ
2341 2833 2620 2898 ἐλάττονος
2645 2835 2723 2898 είς
2747 2853 2799 2888 τι
2827 2837 3009 2906 μεῖζον
3029 2835 3328 2908 μεταϐολὴν
3354 2835 3588 2902 (τέλειος
3610 2832 3719 2904 γάρ

2141 2924 2210 2979 ἐκ·
2235 2924 2449 2980 τελείου
2472 2926 2686 2997 Πατρὺς
2717 2927 2963 2998 ὑπῆρχεν
2987 2929 3016 2980 6
3047 2928 3196 2998 Υἱὸς)
3223 2968 3237 2991 ,
3294 2926 3409 2980 ἀλλ’
3443 2925 3630 2994 ὥσπερ
3661 2926 3718 2976 ὲν

2142 3014 2425 3086 συγκρίσει
2450 3015 2609 3086 δόξης
2637 3019 2732 3071 καὶ
2779 3019 3091 3089 ἀξιώματος
3111 3019 3170 3072 τὸ
3207 3017 3390 3089 μεῖζον
3415 3019 3509 3071 καὶ
3541 3017 3718 3087 κρεῖτ-

2140 3123 2231 3159 τον
2263 3106 2450 3176 όφθέν.
2474 3108 2682 3180 Ὥσπερ
2710 3107 2782 3163 ἂν
2798 3108 2851 3162 εἴ
2876 3128 2960 3173 τις
2992 3109 3274 3182 ἄνθρωπος
3301 3110 3456 3180 ἵππῳ
3494 3106 3718 3177 συγκρί-

2143 3212 2305 3260 νοιτο,
2340 3197 2434 3248 καὶ
2459 3195 2670 3264 λέγοιτο
2718 3198 2981 3270 κρείττων
3024 3199 3188 3253 αὐτοῦ
3208 3199 3535 3267 γεγενῆσθαι
3569 3197 3719 3266 παρὰ

2142 3289 2256 3351 τοῖς
2277 3288 2631 3358 δοκιμάζουσι
2685 3289 2772 3343 διὰ
2797 3290 2859 3343 τὸ
2909 3288 3045 3344 εἶναι
3096 3291 3334 3358 λογικόν.
3361 3291 3483 3343 Ὀτι
3513 3289 3620 3359 γάρ
3659 3288 3720 3341 τὸ

2142 3381 2422 3449 γενέσθαι
2453 3382 2514 3434 οὐ
2537 3383 2754 3447 πάντως
2803 3384 3020 3452 φύσεως
3073 3382 3328 3454 σημαίνει
3383 3379 3716 3451 μεταϐολὴν,

2143 3469 2412 3540 πρόδηλον
2440 3470 2595 3525 ἔσται
2622 3471 2710 3525 διὰ
2729 3471 2834 3527 τοῦ.
2853 3472 3099 3541 λέγοντος
3130 3472 3266 3542 πρὸς
3303 3471 3456 3535 Θεόν,
3502 3489 3521 3522 ι
3556 3470 3717 3522 Γενοῦ

2145 3579 2234 3632 μοι
2265 3563 2344 3624 εἰς
2369 3563 2502 3615 Θεὸν
2529 3564 2964 3634 ὐπερασπιστήν’
2996 3583 3014 3615 ι
3048 3563 3143 3616 καὶ
3186 3563 3368 3618 πάλινο
3405 3581 3423 3614 ι
3474 3559 3719 3628 Ἑγένετό

2145 3669 2235 3722 μοι
2263 3651 2469 3722 Κύριος
2530 3655 2610 3716 είς
2647 3653 2989 3723 καταφυγήν·
3025 3671 3042 3703 ι
3104 3650 3218 3717 xui,
3270 3671 3287 3702 ι
3334 3650 3579 3719 Ἐγένετό
3629 3666 3717 3723 μοι

2142 3741 2345 3812 Κύριος
2375 3746 2454 3806 είς
2504 3745 2796 3814 σωτηρίαν.
2835 3763 2854 3796 ι
2907 3745 3190 3807 Διακονίας
3237 3745 3345 3816 ἄρα
3385 3745 3480 3798 καὶ
3521 3741 3715 3812 δόξης,

2143 3833 2237 3888 καὶ
2265 3834 2324 3886 οὐ
2348 3834 2580 3903 φύσεως,
2609 3835 2684 3904 τῷ
2715 3834 2828 3904 Υίῴ
2855 3834 2990 3905 πρὸς
3028 3836 3292 3904 ἀγγέλους
3323 3837 3357 3906 ἡ
3386 3836 3692 3903 σύγκρισις.

2141 3943 2477 4011 Πηράθεσις
2490 3943 2692 4014 ῥητῶν
2710 3946 3098 4014 σημαίνουσα
3127 3947 3215 4000 ὅτι
3240 3947 3356 4006 τὸ,‹
3377 3947 3679 4014 κρείττων,
3693 3963 3711 3996 ι

2211 4014 2250 4080 ἡ
2286 4014 2415 4083 θεία
2448 4013 2657 4083 Γραςρὴ
2699 4013 2801 4068 καί
2823 4016 2922 4068 ἐπὶ
2943 4015 3063 4069 τῶν
3091 4018 3249 4071 πολὺ
3277 4013 3715 4082 διεστηκότων,

2212 4082 2430 4156 ἢ-φιατὰ
2467 4082 2734 4156 senm:
2777 4087 3019 4153 φύσεως
3079 4089 3286 4156 λόγον,
3340 4086 3551 4156 ἡκατᾴ
3605 4085 3718 4150 τὴν

2213 4152 2396 4218 ἀξίαν
2418 4154 2680 4222 τίθησιν,
2707 4155 2745 4224 ἢ
2777 4152 2929 4210 κατὰ
2958 4156 3023 4210 τὸ
3062 4152 3280 4226 μέτρον
3308 4154 3418 4225 τῆς
3452 4154 3712 4225 χάριτος.

2213 4269 2378 4323 Ὅσον
2436 4270 2515 4334 είς
2543 4271 2642 4342 τὴν
2687 4271 2876 4343 χάριν·
2912 4291 2930 4323 ι
2968 4271 3256 4343 Κρείσσων
3289 4273 3474 4345 ἡμέρα
3524 4271 3623 4343 μία
3657 4273 3715 4324 ὲν

2140 4361 2260 4423 ταῖς
2292 4361 2484 4424 αὐλαῖς
2507 4377 2602 4414 σου
2642 4363 2782 4433 ὑπὲρ
2812 4363 3077 4433 χιλιάδαςο
3105 4383 3123 4416 ι
3176 4365 3230 4417 τί
3265 4365 3375 4435 γάρ
3429 4364 3542 4417 ίσον
3569 4363 3718 4416 ἔσται

2142 4450 2251 4503 τῶν
2279 4450 2456 4505 αὐλῶν
2483 4452 2591 4507 τῶν
2621 4453 2796 4507 οὐσῶν
2818 4455 2877 4507 ὲν
2898 4457 3012 4518 τοῖς
3032 4455 3310 4525 οὐρανοῖς;
3339 4454 3432 4517 Ei;
3469 4452 3720 4522 ἀνομοιό-

2142 4559 2284 4612 τητα
2311 4541 2547 4611 φύσεως-ο
2586 4562 2604 4593 ι
2642 4543 2851 4602 Λάϐετε
2884 4545 3121 4610 παιδίαν,
3150 4545 3247 4598 καὶ¹
3295 4543 3369 4616 μὴ
3420 4544 3680 4616 ἀργύριον
3703 4558 3716 4572 ’

2143 4633 2414 4703 κρείσσων
2433 4633 2544 4706 γάρ
2572 4635 2733 4704 σοφία
2753 4633 2921 4690 λίθων
2950 4635 3242 4692 ἐκλεκτῶν.
3285 4655 3305 4688 ι
3341 4637 3570 4698 Ἡσαΐας
3593 4635 3721 4705 περὶ

2141 4723 2249 4777 τῶν
2305 4724 2576 4796 εὐνούχων
2637 4727 2881 4798 εἰσφέρει
2919 4727 3147 4797 λέγοντα
3209 4728 3360 4781 Θεόψ
3399 4747 3417 4779 ι
3451 4729 3720 4797 Κρεῖσσον

2144 4815 2276 4868 υίῶν
2299 4817 2392 4875 καὶ
2440 4815 2755 4888 θυγατέρων
2802 4819 2974 4888 ὄνομα
3017 4819 3242 4873 αἰώνιον
3277 4818 3435 4873 δώσω
3459 4819 3662 4881 αὐτοῖς.
3695 4837 3713 4868 ι

2144 4908 2354 4962 Οὐκοῦν
2387 4909 2449 4961 τὸ
2488 4913 2760 4980 κρεῖσσον,
2809 4911 2909 4964 οὐκ
2948 4912 3042 4965 ἐπὶ
3092 4913 3191 4984 τῆς
3230 4912 3500 4982 τυχούσης
3536 4915 3723 4981 διαφο-

2149 4997 2267 5068 ρᾶς,
2300 4999 2436 5053 ἀλλὰ
2457 5000 2554 5057 καὶ
2581 5001 2675 5053 ἐπὶ
2700 5002 2942 5073 μεγάλης
2975 5003 3069 5056 καὶ
3103 5004 3437 5074 άσυγκρίτου
3463 5004 3721 5067 πολλάκις

2148 5091 2419 5163 ὑπεροχῆς
2446 5093 2717 5150 τάττεται,

2629 5205 2832 5270 ΑΛΛΟ,
2856 5208 2939 5273 εἰς
2967 5207 3034 5262 τὸ
3059 5210 3228 5263 αὑτό.

2226 5315 2694 5388 Ἐπεξηγούμενος
2748 5317 2844 5388 τὴν
2907 5320 3115 5374 οἰκείαν
3154 5319 3337 5392 φωνὴν
3384 5323 3414 5374 6
3453 5321 3723 5391 μακάριος

2142 5405 2373 5469 Παῦλος,
2393 5409 2486 5460 καὶ
2518 5411 2827 5477 σαφέστατα
2849 5410 3198 5479 δεικνύων,τί
3221 5412 3340 5464 ἐστι
3360 5412 3441 5477 τὸ,
3479 5432 3496 5464 ι
3528 5413 3724 5483 Κρείτ-

2143 5514 2250 5550 των
2282 5499 2574 5568 γενόμενος
2601 5500 2708 5553 τῶν
2744 5501 3013 5569 ἀγγέλων,
3047 5521 3065 5553 ι
3117 5503 3372 5576 ἐπιφέρει
3433 5508 3545 5568 τοῖς
3579 5506 3724 5575 εἰρη-

537 5676 581 5707 ⁸³
603 5673 768 5750 llehr.
798 5691 836 5741 t,
864 5673 976 5726 1-3.
1044 5674 1100 5750 ἐξ
1128 5672 1282 5750 Joan.
1307 5677 1430 5750 t1}:
1509 5672 1554 5704 ⁸⁸
1575 5672 1718 5750 Psal.
1749 5675 1980 5750 3st,}.
2046 5675 2090 5706 εδ
2121 5673 2258 5750 Psai.
2289 5693 2453 5743 cxvtt,
2482 5679 2572 5734 9.8.
2650 5681 2695 5712 ⁸⁵
2717 5678 2856 5736 I‘sal.
2888 5683 3149 5750 settt,’22.
3228 5685 3271 5717 "’
3306 5684 3450 5740 Psal.
3483 5697 3720 5749 Lxxxnt,

466 5745 554 5805 il.
629 5745 673 5777 ⁸⁸
703 5744 861 5807 l’rov.
890 5757 1006 5811 vm,
1040 5743 1124 5809 l0,
1164 5742 1247 5797 ll.
1324 5744 1370 5775 θ’
1405 5744 1508 5800 lsa.
1539 5759 1644 5814 ιιί,
1678 5745 1730 5798 5.
1809 5746 1855 5776 νο
1886 5743 2048 5802 Hebr.
2081 5763 2118 5813 ι,
2156 5746 2204 5798 εί.
