4106 6204
407 358 511 416 561

1820 361 2190 420 THESAUBU
2199 360 2257 416 S‘.

3504 357 3661 412 εις

408 474 617 543 μένοιςο
644 489 665 524 ι
701 468 821 526 Τίνι
849 470 962 544 γὰρ
1002 469 1127 528 εἶπέ
1164 491 1296 529 ποτε
1321 475 1431 529 τῶν
1478 476 1743 544 ἀγγέλων·
1797 456 1983 532 Κάθου

2103 494 2107 524 ι
2148 473 2246 527 Cui
2284 471 2428 526 enim
2475 484 2709 539 unquam
2724 468 3217 543 angelorumvdlxit
3251 467 3445 525 :Sede
3464 469 3662 525 andetr—

409 566 481 618 ὲκ
508 563 696 628 δεξιῶν
724 580 864 634 pou;
902 584 924 619 ι
960 570 1058 621 καλ⁸
1087 567 1170 621 ὅτι
1215 569 1345 638 περὶ
1363 568 1457 621 τοῦ
1492 566 1623 621 Υἱοῢ
1650 568 1984 639 γέγραπται·

411 675 435 705 ‹
464 655 573 707 Καὶ
597 656 1134 727 προσκυνησάτωσαν
1159 656 1308 729 αὐτῷ
1331 658 1530 723 πάντες
1548 658 1768 729 ἄγγελοι
1791 658 1949 714 Θεοῦ.
1964 678 1983 713 ι

408 745 471 797 Ei
512 745 571 798 δὲ
593 747 623 799 ὁ
644 745 757 815 τῆςο
784 747 1129 818 συγκρίσεως
1156 747 1315 817 λόγος
1334 791 1349 816 ,
1387 750 1450 803 τὸ
1503 750 1602 821 μὲν
1638 750 1715 815 ὡς
1756 750 1991 820 συγκαθ-

405 835 671 906 εζόμενον
688 835 768 907 τῷ
778 838 954 908 Πατρὶ
975 837 1069 892 καὶ
1086 838 1559 911 προσκυνούμενον
1577 841 1844 913 εἰσφέρει,
1861 843 1990 906 τοὺς

403 925 463 977 δὲ
492 926 572 989 ὡς
602 927 1021 999 παρεστηκότας
1061 945 1122 986 τε
1153 930 1247 986 καὶ
1279 934 1599 1003 προσκυνεῖν
1627 932 1989 1004 ἐπιτεταγμέ-

406 1033 558 1083 νους,
583 1017 685 1070 οὐκ
707 1017 801 1074 lati
825 1018 922 1093 τῆς
948 1018 1137 1082 οὐσίας
1184 1020 1337 1075 ἔσται
1377 1022 1595 1088 πάντως
1633 1022 1774 1085 10,1
1809 1023 1991 1094 κρείτ-

407 1124 541 1159 τωψ
584 1126 604 1158 ι
645 1106 760 1160 ἀλλ’
802 1108 863 1165 εν
888 1111 1001 1172 τοῖς
1038 1111 1168 1181 περὶ
1202 1111 1301 1183 τὴν
1340 1113 1530 1166 οὐσίαν
1570 1112 1847 1187 ἀξιώμασι
1895 1114 1991 1167 καὶ

408 1200 537 1259 ταῖς
562 1197 761 1262 ἔξωθεν
809 1198 911 1269 τῆς
946 1199 1161 1269 φύσεως
1193 1204 1401 1272 τιμαῖς.
1453 1202 1662 1259 Οὐκοῦν
1703 1203 1802 1272 οὐχ
1847 1202 1906 1257 ἓν
1937 1220 1991 1255 τι

410 1288 526 1341 τῶν
541 1289 789 1359 γενητῶν
812 1292 840 1344 ὁ
874 1291 1023 1357 Υἱὸς,
1055 1293 1171 1346 ἀλλ’
1200 1294 1387 1365 ἕτερόν
1408 1310 1461 1350 τι
1486 1295 1993 1371 παρᾷταῦταιτου-

413 1378 589 1447 tam,
619 1379 789 1448 Λόγος
825 1378 954 1444 ἴδιος
982 1381 1078 1437 τοῦ
1106 1382 1340 1454 Πατρός.

910 1492 1117 1560 ΔΑΜ),
1130 1494 1313 1560 διατι)
1333 1496 1500 1551 αὐτό.

490 1601 587 1658 Τὸ·
603 1622 624 1658 ι
661 1606 905 1677 γέγονεν,
926 1626 945 1660 ι
988 1609 1078 1663 ὅτε
1105 1610 1264 1680 μόνον
1290 1612 1397 1664 καὶη
1412 1611 1534 1666 καθ’
1567 1612 1729 1667 ἑαυτὸ
1752 1611 1991 1682 λέγεται,

415 1695 677 1769 σημαίνει
702 1698 889 1754 πολλά·
918 1700 1015 1756 καὶ
1043 1702 1106 1755 οὐ
1130 1703 1356 1766 ,πάντως
1384 1703 1737 1767 ὐποστάσεὼς
1758 1705 1875 1757 ἐστι
1901 1703 1996 1775 δη-

2096 565 2198 618 tris
2232 564 2366 619 meis
2388 564 2433 596 ⁹¹
2453 564 2525 617 ?1
2558 571 2615 618 et
2642 564 2787 632 quod
2813 565 2884 618 de
2912 562 3065 618 Filio
3102 561 3363 633 scriptum
3383 570 3484 617 est
3510 577 3527 616 :
3556 560 3665 616 (Et

2094 657 2322 711 adorent
2346 669 2470 710 eum
2501 669 2692 711 omnes
2719 653 3127 723 angeli-Dei".
3165 672 3186 707 ι
3235 652 3296 709 Si
3335 666 3481 708 vero.
3506 666 3663 708 com-

2092 748 2395 818 parationis
2421 746 2562 802 ratio
2600 747 2716 802 haec
2739 753 2845 812 est,
2869 754 2929 801 ut
2966 747 3114 802 hunc
3152 745 3393 815 quidem.
3418 742 3664 799 assiden-

2096 850 2204 896 tem
2234 838 2382 894 Patri
2403 847 2459 894 et
2492 840 2778 894 adoratum
2803 838 3047 915 inducat,
3085 836 3207 893 illos
3251 850 3396 893 vero.
3425 837 3665 891 circum-

2094 942 2302 988 stantes
2324 940 2379 986 et
2405 930 2637 985 adorare
2665 929 2850 998 iussos
2878 947 2893 984 :
2917 938 3068 985 certe
3088 927 3250 992 illud,
3305 944 3326 979 ι
3360 926 3556 982 melior
3577 966 3595 991 ,
3638 942 3660 977 ι

2096 1035 2205 1081 non
2246 1021 2313 1076 de
2336 1019 2821 1079 essentiadicetur
2846 1016 3017 1083 ,βοὰ
3050 1016 3116 1072 de
3161 1016 3512 1083 dignitatibus
3544 1028 3667 1082 qua:

2096 1112 2413 1169 substantiae
2446 1111 2723 1176 accidunt,
2769 1111 2942 1181 deque
2975 1108 3301 1164 extrinsecis
3331 1116 3540 1163 natura:
3562 1107 3665 1162 ho-

2098 1204 2342 1259 noribus.
2374 1201 2501 1260 Non
2519 1211 2602 1256 est
2616 1201 2804 1271 igitur.
2842 1214 2992 1254 unus
3016 1214 3091 1255 ex.
3111 1198 3313 1254 creatis
3338 1196 3533 1262 Filius,
3572 1198 3666 1250 sed

2097 1293 2371 1348 diversum
2392 1291 2668 1362 quidpiam
2691 1292 2759 1347 ab
2781 1290 2878 1356 iis,
2897 1288 2999 1345 hoc
3019 1287 3404 1359 est,pr0prium
3432 1284 3665 1341 Verbum

2096 1383 2298 1440 Patris.

2624 1495 2857 1561 ALIUD,
2887 1496 2945 1549 in
2970 1494 3132 1549 idem.

2175 1606 2416 1662 oFactus
2448 1615 2574 1672 est,
2620 1623 2641 1658 ι
2670 1608 2885 1676 quando
2907 1606 3103 1672 solum,
3126 1618 3193 1659 ac
3225 1618 3321 1674 per
3350 1616 3411 1657 se
3440 1600 3664 1666 dicitur,

2100 1703 2269 1757 multa
2310 1700 2622 1771 signiﬁcat;
2667 1715 2845 1772 neque
2882 1701 2935 1755 in
2983 1700 3301 1754 universum
3335 1692 3668 1765 hypostasim

418 1789 666 1883 ὶωεικδν,
722 1790 992 1883 ἀλλ’ᾶδταν
1018 1791 1168 1863 αὐτῷ
1207 1809 1274 1846 τι.
1296 1792 1655 1864 συνάπτηται,
1698 1794 1820 1847 τότε
1855 1811 1995 1863 γνω-

2103 1795 2324 1851 denotat
2377 1793 2517 1848 :sed
2565 1808 2687 1848 cum
2733 1792 2809 1847 illi
2858 1790 3062 1861 aliquid
3106 1787 3498 1860 coniungitur,
3554 1793 3668 1838 tum

418 1880 533 1948 ριεῐ
556 1880 657 1951 τὴν
680 1880 800 1935 καθ’
820 1875 882 1935 οὗ
905 1885 1291 1954 κατηγορεξται
1317 1883 1581 1954 δύναμινοκ
1597 1878 1732 1955 οἷον,
1751 1884 1885 1955 φέρε
1908 1884 1990 1938 εί-

418 1970 567 2035 πετν,
602 1969 794 2039 γέγονέ
826 1988 911 2035 τις
935 1971 1143 2037 τέκτων
1174 1973 1207 2045 ἢ
1249 1973 1505 2039 λιθοξόος,
1549 1974 1609 2027 οὐ
1654 1975 1872 2039 πάντως
1900 1976 1993 2031 ἄν·

419 2061 647 2133 θρωπος
679 2062 767 2119 ἴνα
804 2063 900 2116 καὶ
932 2063 1160 2118 τέκτωνο
1196 2063 1313 2119 ἀλλ’
1346 2065 1645 2137 ἐπειδήπερ
1682 2065 1989 2136 ἄνθρωπος,

419 2151 617 2220 γέγονε
634 2152 877 2217 τέκτων,
930 2156 1031 2226 τῆς
1072 2156 1266 2227 τέχνης
1285 2155 1361 2209 ὢν
1389 2156 1657 2222 δεκτικὸς,
1710 2159 1804 2211 καὶ
1851 2159 1995 2213 κατὰ

422 2241 591 2313 μόνης
612 2242 803 2297 ἐνθάδε
824 2244 925 2315 τῆς
951 2246 1261 2317 επιστήμης
1292 2247 1532 2318 χωρήσει
1559 2247 1620 2301 τὸ
1657 2265 1677 2299 ι
1712 2247 1989 2317 γέγονεν,ι

418 2333 483 2385 οὐ
515 2332 738 2397 πάντως
762 2334 906 2389 κατὰ
928 2335 1028 2405 τῆς
1056 2335 1403 2400 ὑποστάσεως
1437 2335 1471 2407 ἢ
1524 2337 1626 2407 τῆς
1648 2338 1727 2402 είς
1759 2338 1821 2391 τὸ
1858 2336 1995 2393 εῖναι

417 2426 783 2498 παραγωγῆς.
834 2421 1045 2481 οὐκοῦν
1089 2428 1139 2481 εί
1172 2426 1383 2496 λέγοιτο
1441 2429 1676 2499 Χριστὸς
1734 2430 1997 2502 κρείττων

418 2514 750 2585 γεγενῆσθαι
799 2514 909 2569 τῶν
946 2515 1215 2586 ἀγγέλων,
1256 2516 1318 2570 οὐ
1370 2519 1500 2588 περὶ
1526 2518 1619 2572 τὸν
1654 2519 1753 2590 τῆς
1782 2518 1997 2589 φύσεως

417 2601 578 2671 λόγον
637 2603 752 2674 ἔχει
797 2604 899 2677 τὴν
951 2605 1273 2679 σύγκρισιν,
1318 2606 1457 2662 ἀλλὰ
1507 2612 1638 2681 περὶ
1704 2609 1871 2682 τιμὴν
1901 2610 2003 2665 καὶ

417 2693 659 2766 ἀξίωμα.

879 2788 1086 2856 AAAO,
1133 2792 1221 2859 εις
1262 2793 1332 2847 τὸ
1374 2794 1542 2849 αὐτό.

492 2898 804 2971 «Τοσούτῳ
822 2901 1087 2972 κρείττων
1106 2902 1397 2974 γενόμενος
1418 2904 1527 2958 τῶν
1553 2904 1822 2974 ἀγγέλων.
1860 2923 1881 2959 ι
1927 2905 2003 2960 Τὸ

426 2991 702 3060 ιγέγονεν
738 3012 758 3045 ι
805 2995 855 3047 εί
898 2995 994 3047 καὶ
1038 2995 1181 3049 κατὰ
1236 2996 1338 3067 τῆς
1394 2996 1579 3061 οὐσίας
1620 2997 1865 3052 τάττοιτο
1904 2997 2001 3051 106

422 3080 581 3144 T106.
610 3083 764 3137 οὐδὲν
788 3083 958 3154 αὐτὴν
981 3084 1230 3156 ἀδικήσει
1266 3086 1367 3157 τῆς
1419 3086 1617 3152 λέξεως
1654 3088 1688 3159 ἡ
1734 3087 1962 3159 δύναμις
1984 3129 2000 3155 ,

2091 1888 2211 1957 ejus
2232 1888 2300 1943 de
2328 1901 2436 1957 quo
2473 1886 2803 1956 praedicatur
2828 1887 2936 1940 vim
2968 1894 3135 1955 atque
3185 1883 3446 1937 virtutem
3488 1876 3669 1933 decla-

2092 1990 2177 2035 rat
2206 1997 2223 2034 :
2252 1988 2331 2044 ut,
2359 1977 2589 2046 exempli
2626 1977 2823 2047 gratia,
2843 1975 3018 2031 factus
3048 1983 3133 2030 est
3158 1973 3352 2041 aliquis
3379 1971 3550 2033 faber,
3584 1966 3669 2022 vel

2090 2072 2420 2126 statuarius:
2450 2083 2557 2122 non
2592 2068 2644 2121 in
2670 2066 2977 2121 universum
3006 2066 3167 2120 homo
3203 2073 3258 2118 ut
3283 2071 3338 2117 et
3366 2061 3551 2127 l‘aber;
3574 2061 3670 2116 sed

2093 2160 2307 2231 quando
2327 2163 2488 2214 homo
2515 2158 2689 2214 iactus
2712 2164 2797 2213 est
2818 2156 2991 2222 faber,
3013 2158 3146 2211 artis
3172 2169 3340 2223 capax
3370 2153 3665 2218 exsistens,

2094 2253 2164 2309 de
2204 2251 2318 2307 sola
2355 2250 2582 2307 scientia
2622 2248 2829 2304 dicitur
2863 2248 3015 2312 illud,
3046 2247 3205 2317 202
3244 2264 3264 2297 ι
3290 2245 3463 2299 factus
3501 2252 3604 2309 est,
3644 2261 3665 2296 ι

2095 2356 2202 2397 non
2247 2349 2426 2397 autem
2462 2341 2530 2395 de
2573 2340 2739 2410 ipsius
2786 2339 3087 2410 hypostasi.
3112 2347 3204 2391 aut
3236 2338 3302 2391 de
3332 2336 3669 2391 traductione

2095 2432 2163 2486 ad
2203 2446 2345 2487 esse.
2390 2429 2652 2498 Quocirca
2691 2429 2737 2484 si
2786 2429 2996 2484 dicatur
3039 2425 3287 2481 Christus
3330 2425 3506 2478 factus
3552 2436 3670 2477 esse

2098 2521 2288 2576 melior
2315 2518 2538 2590 angelis,
2560 2517 2892 2587 comparatio
2922 2517 3036 2570 hac
3072 2515 3139 2569 ad
3169 2513 3431 2568 rationem
3465 2521 3670 2566 natura:

2099 2612 2380 2669 referenda
2404 2625 2512 2668 non
2533 2617 2643 2679 est,
2667 2610 2761 2667 sed
2788 2609 2858 2664 ad
2892 2608 3154 2665 honorem
3179 2616 3234 2661 et
3259 2604 3595 2676 dignitatem.

2625 2767 2858 2833 ALIUD,
2876 2770 2934 2823 in
2956 2767 3115 2822 idem.

2177 2885 2405 2942 t-Tanto
2431 2884 2608 2941 factus
2638 2894 2720 2941 est
2755 2883 2949 2939 melior
2976 2880 3205 2951 angelis.
3249 2898 3269 2932 ι
3297 2877 3355 2933 In
3388 2876 3492 2932 hoc
3520 2875 3671 2931 dicto

2101 2978 2161 3035 sis
2181 2993 2287 3034 vox
2322 2977 2441 3034 haec
2471 2996 2491 3031 ι
2529 2976 2704 3032 factus
2737 2982 2863 3040 est,
2924 2990 2944 3024 ι
2985 2972 3051 3026 ad
3097 2969 3386 3026 essentiam
3420 2967 3543 3022 Filii
3585 2980 3673 3020 re-

2104 3068 2313 3125 feratur
2338 3108 2355 3135 ,
2388 3068 2524 3124 nihil
2553 3066 2631 3122 illi
2663 3064 2865 3121 oﬂiciet
2898 3062 3060 3133 huius
3098 3061 3250 3116 vocis
3275 3060 3379 3126 vis,
3436 3072 3557 3126 quae
3593 3057 3676 3111 in-

427 3168 740 3243 ἁδιαφόρως
762 3148 1020 3245 κειμένης
1053 3148 1481 3240 πολλάκιςκατὰ
1626 3148 2000 3249 γεννωμένων,

2105 3162 2423 3221 diﬂerenter
2461 3173 2836 3230 saepenumero
2869 3159 2935 3213 de
2985 3154 3185 3226 genitis
3225 3152 3463 3223 punitur.
3511 3148 3674 3249 Atqui

445 3262 574 3317 Ἐπὶ
591 3265 691 3333 μὲν
719 3261 806 3317 οὖν
831 3267 936 3320 τῶν
962 3267 1132 3332 ὅντως
1161 3268 1460 3339 γινομένων
1504 3271 1599 3325 καὶ
1620 3270 1968 3340 ,ποιουμένων
1986 3313 2001 3337 ,

434 3358 544 3409 οὐκ
570 3356 638 3415 ἄν
657 3373 742 3419 ,τις
767 3358 1020 3423 ἐπιδείξαι
1060 3360 1123 3413 τὸ
1179 3358 1483 3429 γεννᾶσθαι
1516 3361 1766 3432 κείμενον
1798 3361 2004 3434 κυρίως

436 3449 533 3506 καὶ
571 3447 719 3505 κατὰ
739 3447 1011 3516 φύσινῖότι
1044 3450 1149 3505 κᾶν
1190 3450 1526 3522 γεννώμενον
1564 3453 1841 3523 φαίνηται,
1891 3453 2009 3524 ἔχει

430 3539 542 3610 πρὸ
575 3538 773 3592 ἑαυτοῦ
794 3539 852 3592 τὸ
876 3541 1203 3613 πεποιῆσθαι
1246 3542 1399 3613 παρὰ
1423 3542 1517 3595 τοῦ
1546 3544 1853 3608 κτίσαντος.
1881 3540 2009 3599 Οἷον

423 3630 719 3700 ἄνθρωπος
753 3633 1013 3700 γεννᾶται,
1046 3632 1143 3703 μὲν
1164 3670 1179 3695 ,
1236 3632 1527 3703 πεποίηται
1570 3633 1650 3698 δὲ,
1691 3634 1786 3687 καὶ⁵
1817 3633 2009 3706 κύριον

422 3721 594 3781 αὐτοῦ
622 3722 781 3783 τοῦτο
813 3722 1014 3793 μᾶλλον
1040 3723 1157 3794 me.
1177 3722 1446 3795 δεύτερον.
1477 3724 1541 3777 Et
1572 3723 1629 3777 δὲ
1655 3724 1749 3776 καὶ
1768 3723 2011 3792 λέγοιντο

421 3832 570 3878 τινες
600 3814 812 3875 διὰλτοῖρ
838 3814 1156 3885 Πνεῦματος
1180 3814 1558 3886 γεγεννῆσθαι,
1587 3813 1727 3869 ἀλλὰ
1747 3814 1842 3868 καὶ
1862 3808 2009 3869 οὗτοι

431 3904 568 3976 πρὸς
604 3905 841 3981 μίμησιν
889 3904 982 3958 106
1025 3904 1239 3976 ἀληθῶς
1290 3904 1641 3975 γεννηθέντος
1687 3905 1752 3958 ὲκ
1794 3905 2010 3977 Πατρὸς

431 3996 570 4053 θεοῦ
598 3997 805 4071 Λόγου,
825 3997 923 4049 καὶ
946 3996 1046 4050 οὐκ
1078 3995 1185 4061 ἔξω
1232 3995 1325 4049 106
1352 3993 1680 4064 πεποιῆσθαι
1710 3996 2009 4065 τυγχάνου-

436 4104 540 4141 σιν·
564 4088 703 4141 ὦστε
742 4088 807 4139 τὸ
856 4088 956 4157 τῆς
1006 4088 1309 4157 γεννήσεως
1352 4084 1524 4155 ὄνομα
1557 4085 2011 4158 καταχρηστικῶς

430 4179 500 4233 ἂν
527 4180 615 4249 εἴη
672 4177 938 4251 μᾶλλονῆ
973 4177 1215 4247 φυσικῶς
1267 4179 1324 4230 ὲν
1370 4179 1481 4240 τοῖς
1533 4178 1799 4247 γενητοῖς.
1853 4176 1927 4230 Τὸ
1952 4176 2011 4231 δὲ

430 4271 717 4342 γεννηθὲν,
755 4271 863 4325 κᾶν
891 4270 1143 4338 γενέσθαι
1182 4269 1430 4341 λέγηται,
1470 4268 1624 4321 οὐδὲν
1665 4268 1924 4338 ὑπομένει
1951 4267 2012 4321 τὸ

432 4364 655 4436 βλὰὁος,
689 4364 1091 4436 ἁδιαφορούσης
1128 4365 1256 4435 περὶ
1282 4361 1437 4415 τοῦτο
1464 4361 1561 4431 τῆς
1599 4360 1746 4425 θείας
1771 4360 2009 4432 Γραφῆς.

2106 3256 2172 3312 de
2203 3255 2271 3310 iis
2293 3268 2415 3324 quae
2441 3267 2501 3308 re
2530 3266 2655 3307 vera
2697 3250 2839 3304 facta
2886 3256 3035 3309 sunt,
3072 3259 3232 3301 nemo
3273 3250 3421 3299 certe
3460 3236 3677 3310 proprie

2106 3363 2173 3404 ac
2219 3346 2539 3404 naturaliter
2578 3343 2682 3399 dici
2731 3341 2980 3396 ostendet
3018 3336 3304 3408 generari;
3361 3335 3485 3405 quia
3518 3335 3679 3397 Itam-

2104 3440 2205 3496 etsi
2239 3446 2550 3510 generatum
2573 3440 2853 3503 appareat,
2886 3430 3047 3486 habet
3079 3438 3256 3483 tamen
3288 3434 3412 3480 ante
3439 3436 3499 3479 se
3530 3421 3674 3493 quod

2106 3527 2307 3585 factum
2343 3530 2412 3583 sit
2445 3542 2473 3580 a
2506 3526 2785 3581 Creatore.
2819 3518 3291 3590 Quemadmodum
3325 3518 3489 3571 homo
3510 3528 3677 3583 gene-

2106 3628 2259 3675 ratur
2285 3619 2522 3688 quidem,
2558 3617 2733 3671 t'actus
2762 3623 2941 3669 tamen
2969 3618 3054 3665 est
3084 3626 3098 3662 :
3132 3617 3296 3677 atque
3326 3606 3433 3662 hoc
3459 3605 3676 3675 quidem

2108 3707 2187 3761 illi
2225 3707 2396 3773 magis
2446 3702 2725 3773 proprium
2757 3709 2884 3765 est,
2938 3713 3102 3769 quam
3159 3695 3310 3749 illud.
3358 3693 3416 3748 Si
3438 3707 3568 3747 vero
3599 3692 3681 3747 di-

2108 3803 2303 3850 cantur
2353 3790 2595 3846 nonnulli
2641 3804 2739 3859 per
2787 3788 3049 3859 Spiritum
3104 3785 3272 3856 geniti
3298 3799 3419 3839 esse
3457 3784 3596 3837 :sed
3625 3792 3684 3838 et

2108 3885 2164 3941 hi
2198 3884 2264 3938 ad
2295 3880 2651 3937 imitationem
2689 3879 2874 3949 Verbi,
2915 3877 3057 3947 quod
3108 3888 3234 3929 vere
3274 3890 3341 3928 ex
3386 3874 3547 3927 Patre
3589 3885 3684 3941 ge-

2108 3978 2283 4033 nitum
2310 3980 2419 4040 est,
2460 3972 2535 4027 ita
2567 3967 2833 4026 vocantur
2865 3987 2880 4024 :
2912 3966 3038 4024 facti
3077 3975 3271 4021 tamen.
3295 3977 3418 4019 esse
3444 3977 3551 4016 non
3590 3963 3683 4017 de-

2110 4068 2336 4131 sinunt;
2378 4063 2630 4134 quocirca
2671 4058 3035 4133 generationis
3068 4069 3263 4112 nomen
3312 4053 3537 4110 abusive
3580 4067 3683 4119 po-

2114 4162 2220 4215 tius
2248 4173 2408 4229 quam
2438 4155 2654 4226 proprie
2680 4154 2748 4208 de
2776 4153 2841 4209 iis
2867 4166 2985 4224 quae
3006 4150 3164 4210 facta.
3188 4155 3338 4210 sunt,
3363 4152 3681 4215 usurpatur.

2110 4251 2361 4308 Genitum
2392 4263 2542 4311 vero,
2589 4246 2805 4301 tametsi
2857 4246 3068 4300 dicatur
3101 4241 3304 4298 factum
3347 4253 3503 4305 esse,
3551 4236 3683 4293 nihil

2116 4342 2301 4399 damni
2338 4342 2464 4395 inde
2514 4338 2768 4408 percipit,
2802 4351 2925 4391 cum
2978 4350 3133 4389 sacra
3188 4332 3472 4403 Scriptura
3519 4328 3683 4386 indif-

432 4420 741 4525 λέγει’γὰρ
764 4420 846 4507 δτὶ
875 4420 1124 4523 ἐγένοντο
1160 4420 1238 4522 τῶ
1280 4448 1399 4503 Ἰὼϐ
1423 4420 1691 4502 υἱοί-ἑπτὰ
1725 4420 1825 4504 καί

2114 4434 2355 4491 ferentcr
2393 4448 2459 4487 eo
2504 4428 2890 4492 utaluLDicit
2932 4426 3076 4497 quod
3127 4424 3255 4480 facti
3285 4423 3395 4479 sint
3433 4421 3536 4479 Job
3587 4420 3685 4476 lilii

431 4514 790 4617 τέρεςςέρεῖς.
817 4514 929 4605 Καί
948 4544 1129 4598 πάλινο
1170 4562 1188 4593 ι
1209 4514 1318 4595 ζἨν
1360 4539 1614 4612 Ἀδραὰμ
1654 4540 1847 4597 ἑκατὸν
1871 4514 2000 4594 ἑτῶν

2117 4532 2434 4597 εεριειημει
2460 4522 2597 4579 ﬁlia:
2617 4530 2727 4580 tres
2764 4520 2829 4572 ⁸³.
2856 4518 2988 4572 Item
3020 4531 3035 4570 :
3072 4535 3092 4568 ι
3128 4514 3260 4572 Erat
3279 4516 3548 4571 Abraham
3595 4527 3688 4567 an-

430 4636 524 4689 ὃτε
552 4634 771 4702 ἐγένετο
816 4631 965 4702 αὐτῷ
1024 4631 1208 4691 Ἰσαὰκ
1252 4633 1281 4684 ὁ
1318 4630 1434 4692 υἱὸς
1479 4628 1666 4688 αὑτοῦ.
1707 4647 1726 4682 ι
1764 4629 1907 4684 Είδὲ
1948 4629 2012 4683 τὸ

432 4721 777 4794 γεννώμενον
834 4721 1089 4791 γενέσθαι
1151 4720 1506 4789 λέγεταικαὶ
1553 4720 1641 4772 ἐπ’
1684 4718 2009 4791 ἀνθρώπων,

434 4814 799 4884 ἁδιαφορείτω
826 4831 909 4877 τις
937 4812 1097 4866 τοῦτο
1148 4811 1361 4867 ἀκούων
1411 4810 1507 4871 καὶ
1545 4810 1676 4881 περὶ
1712 4810 1806 4863 106
1853 4810 2010 4864 Υἱοῦ.

452 4907 579 4959 Ἐπὶ
599 4906 658 4958 δὲ
691 4906 801 4959 τῶν
823 4903 1069 4975 γενητῶν
1094 4904 1196 4958 οὐκ
1251 4902 1605 4974 ἀδιαφορήσει
1639 4900 1729 4956 διὰ
1754 4901 1845 4955 τὸν
1874 4916 2011 4973 προ-

433 4996 663 5055 αποδεδο
668 4995 825 5069 μένον
836 4994 1017 5065 λόγον.

1122 5196 1327 5253 AAAO.

643 5315 748 5381 Εἰς
772 5314 842 5367 τὸ
860 5311 1045 5383 [αὺτό,
1068 5313 1149 5379 ὡς
1172 5312 1241 5365 ἐκ
1277 5308 1397 5365 τῶν
1418 5308 1494 5364 δι’
1517 5307 1813 5364 ἐναντίας.

510 5426 845 5495 Γέγραπται,
872 5426 1028 5497 φησὶ,
1049 5424 1177 5496 περὶ
1199 5424 1354 5490 Υἱοῦ,
1390 5424 1472 5477 ὃτι
1515 5442 1534 5474 ι
1570 5421 1821 5491 Τοσούτῳ
1844 5419 2021 5491 κρείτ-

436 5536 548 5570 των
576 5518 867 5587 γενόμενος
888 5518 996 5571 τῶν
1024 5517 1296 5587 ἀγγέλων.
1338 5534 1356 5567 ι
1403 5515 1626 5587 Ἐπειδὴ
1670 5515 1730 5569 δὲ
1775 5512 2022 5582 φιλοῦσιν

2120 4632 2327 4678 ποι-οη),
2362 4622 2579 4669 centum
2620 4609 2839 4681 quando
2894 4606 3067 4663 lactus
3118 4614 3204 4660 est
3244 4605 3291 4658 ei
3355 4604 3504 4658 lsaac
3547 4600 3687 4655 illius

2120 4709 2238 4779 ejus
2266 4708 2334 4763 “.
2380 4726 2397 4759 ι
2438 4706 2497 4762 Si
2526 4718 2652 4758 vero
2682 4702 2823 4772 quod
2857 4707 3172 4771 generatum
3208 4705 3312 4758 est,
3340 4691 3541 4747 factum
3567 4704 3689 4744 esse

2119 4802 2315 4859 dicitur
2336 4799 2499 4857 etiam
2536 4796 2590 4850 in
2621 4794 2953 4857 hominibus,
2988 4788 3361 4845 indiﬂ‘erenter
3394 4786 3495 4837 hoc
3517 4781 3683 4836 etiam

2119 4893 2372 4960 accipiat.
2416 4890 2460 4944 si
2499 4889 2623 4958 quis
2667 4890 2735 4943 de
2782 4886 2919 4941 Filio
2969 4884 3020 4939 id
3052 4881 3158 4937 dici
3201 4877 3459 4933 audierit.
3509 4875 3584 4929 De
3626 4876 3692 4933 iis

2127 4989 2304 5038 autem
2336 4996 2457 5051 qua:
2495 4980 2635 5033 facta
2687 4986 2834 5043 sunt,
2871 4991 2977 5029 non
3020 4974 3146 5029 item
3186 4967 3557 5026 indiﬂ‘erenter
3602 4981 3695 5024 ac-

2124 5074 2308 5147 cipiet,
2346 5073 2416 5130 ob
2446 5072 2709 5128 rationem
2735 5069 2848 5140 jam
2880 5068 3104 5122 dictam.

2787 5180 3021 5238 ALIUD.

2314 5302 2381 5357 In
2410 5300 2586 5365 idem,
2640 5312 2704 5352 ea:
2759 5296 3050 5365 objectioue
3100 5290 3487 5347 hwreticorum.

2195 5415 2464 5481 Scriptum
2488 5420 2595 5477 est,
2645 5407 2917 5480 inquiunt,
2956 5405 3023 5461 de
3055 5403 3213 5468 Filio,
3261 5400 3427 5471 quod,
3473 5414 3491 5448 ι
3543 5403 3693 5450 tanto

2125 5505 2315 5562 melior
2344 5504 2521 5558 factus
2557 5503 2625 5557 sit
2656 5500 2881 5573 angelis.
2918 5518 2937 5551 ι
2983 5497 3116 5553 Cum
3168 5506 3299 5549 vero
3330 5486 3696 5558 comparatio-

438 5605 498 5660 αἱ
527 5576 865 5679 συγκρίσεις.
886 5608 972 5661 ἀεὶ
992 5576 1238 5676 γίνεσθαι
1268 5605 1398 5675 περὶ
1428 5606 1496 5659 τὰ
1518 5576 1738 5675 ὁμοειδῆ
1758 5576 1897 5673 (οὐδὲ
1917 5600 2000 5669 γὰι

2135 5612 2229 5652 nes
2279 5609 2491 5666 semper
2558 5594 2674 5649 ﬁeri
2727 5592 2936 5652 soleant
2996 5591 3136 5652 inter
3182 5602 3246 5643 ea
3293 5597 3412 5656 quae
3454 5576 3693 5649 ejusdem

506 5763 751 5823 "ﬂeor.
784 5782 820 5833 l,
857 5766 910 5819 5.
994 5765 1039 5797 ⁹¹
1068 5764 1198 5821 ibid.
1244 5766 1294 5818 6.
1377 5763 1422 5794 ’³
1459 5761 1558 5818 Job
1587 5777 1626 5828 ι,
1660 5759 1714 5813 ‘2.
1789 5760 1834 5791 θλ
1872 5757 2005 5815 Gen.
2044 5772 2154 5823 xxi,
2189 5758 2242 5811 li.
