4036 6208
278 364 390 418 ’545

1672 336 2102 396 l'HESAURUS.

3425 331 3530 388 διο

281 475 377 528 καὶ
405 469 616 524 τούτων
638 465 796 519 εἰσιν.
813 459 954 516 Ἀλλ’
971 457 1143 522 οὐδεὶς
1165 456 1452 526 ἐπιτρέπει
1475 457 1584 518 τοῖς
1610 455 1864 523 ἀγγέλοις
1891 507 1892 513 η

1996 455 2089 508 lem
2115 459 2200 507 est
2232 449 2509 506 hominum
2551 458 2762 516 natura,
2803 456 2859 503 at
2888 461 2993 503 non
3024 459 3214 502 omnes
3243 452 3369 501 sunt
3394 460 3530 516 opu-

282 565 382 634 τὴν
417 560 550 615 Υἱοῦ
583 557 742 622 δόξαν
768 555 956 626 φορεῖν
976 569 989 582 ·
1039 553 1070 604 ό
1116 549 1213 618 μὲν
1255 548 1364 619 γὰρ
1393 546 1687 617 Δεσπότης,
1714 545 1781 598 τὰ
1806 545 1864 596 δὲ

282 653 450 710 δοῦλα
491 650 773 720 τυγχάνει.
820 646 932 714 Οὐχ
978 641 1244 715 ὁμογενὴς
1289 640 1400 712 ἄρα
1451 641 1566 702 τοῖς
1615 637 1866 706 ἀγγέλοις

285 748 457 809 ἐστὶν,
486 746 516 797 ὁ
557 741 638 812 τῷ
677 738 858 809 Harp}
908 730 1320 807 συμδασιλεύων
1367 731 1464 786 καὶ
1515 728 1868 799 συγκαθήμε-

287 855 396 902 νος.

289 1037 496 1090 AAAO.
531 1035 661 1086 ὀτι
697 1031 812 1098 οὐχ
850 1024 1121 1097 δμοφυής
1169 1022 1293 1089 τοῖς
1327 1019 1602 1091 ἀγγέλοις
1645 1019 1677 1070 ό
1714 1016 1865 1081 Υἱός.

361 1214 586 1282 Ποίημα
629 1210 723 1263 καὶ
771 1205 998 1277 ποιητὴς
1026 1205 1125 1258 ούκ
1157 1204 1221 1258 ἄν
1256 1218 1386 1255 ποτε
1412 1199 1516 1270 τῆς
1545 1197 1718 1268 αὐτῆς
1760 1191 1872 1249 εἷεν

295 1303 532 1372 φύσεως.
560 1300 786 1368 Ἕτερον
833 1295 942 1364 γάρ
992 1310 1046 1345 τι
1090 1290 1152 1345 τδ
1194 1289 1403 1353 ποιοῦν,
1439 1289 1533 1342 καὶ
1577 1287 1765 1356 ἕτερον
1816 1283 1874 1336 τὸ

298 1391 624 1462 ποιούμενόν
653 1393 820 1442 ἐστιν.
868 1387 932 1440 El
960 1385 1068 1455 γὰρ
1106 1384 1180 1454 μὴ
1208 1381 1380 1445 οὕτως
1408 1380 1543 1450 ἔχει,
1573 1378 1626 1431 τί
1650 1377 1712 1430 τὸ
1741 1375 1876 1428 διαι-

299 1483 430 1555 ροῦν
455 1481 597 1535 κατὰ
619 1478 780 1547 φύσιν
809 1477 917 1529 τῶν
952 1471 1194 1544 γενητῶν
1223 1470 1313 1524 τὸν
1336 1468 1498 1533 Θεόν;
1533 1462 1874 1518 Ὃτειτοὶνυν

297 1576 478 1628 πάντα
516 1573 586 1626 δι’
614 1571 745 1625 Υἱοῦ
775 1572 803 1622 ὁ
821 1568 952 1632 Θεὸς
984 1567 1080 1620 καὶ
1110 1562 1299 1633 Πατὴρ
1319 1559 1630 1632 ἐργάζεται,
1659 1556 1717 1609 ἓν
1745 1555 1802 1608 δέ
1823 1571 1877 1607 τι

296 1665 408 1718 τῶν
440 1664 658 1716 πάντων
693 1660 812 1713 ἐστὶ
838 1657 990 1727 καὶὴ
1025 1655 1130 1708 τῶν
1160 1651 1406 1722 ἀγγέλων
1441 1650 1622 1719 φύσις,
1657 1647 1878 1716 γέγονεν

300 1758 411 1828 ἄρα
444 1755 507 1809 δι’
538 1752 668 1806 Υἱοῦ
701 1753 794 1806 καὶ
831 1749 1143 1820 πεποίηται.
1179 1748 1290 1816 Ούχ
1328 1743 1594 1814 ὁμογενὴς
1637 1736 1730 1793 οὖν
1767 1739 1878 1799 τοῖς

298 1850 370 1902 δι’
404 1846 571 1900 αὑτοῦ
598 1844 909 1913 γενομένοις
937 1843 1030 1894 καὶ
1056 1840 1144 1892 διὰ
1168 1837 1360 1890 τούτου
1393 1837 1639 1904 φανεῖται
1657 1849 1672 1862 ο
1719 1830 1833 1884 ἀλλ’
1854 1831 1881 1882 ὁ

303 1939 410 2009 μὲν
453 1937 672 2008 φορέσει
720 1935 816 1987 τοῦ
851 1928 1198 2002 Δημιουργοῦ
1229 1928 1325 1998 τὴν
1357 1926 1535 1990 ἀξίαν,
1578 1922 1646 1975 τὰ
1693 1921 1748 1975 δὲ
1784 1919 1881 1991 τὴν

301 2028 452 2084 κατὰ
494 2027 556 2080 τδ
592 2023 923 2093 πεποιῆσθαι
974 2021 1238 2074 δουλείαν.
1274 2037 1291 2068 ‹
1322 2016 1404 2070 Τὰ
1429 2015 1535 2087 γὰρ
1567 2012 1880 2082 σύμπαντα,

304 2123 462 2193 φησι,
490 2117 652 2172 δοῦλα
680 2133 799 2181 σου,
827 2135 844 2165 ι
877 2117 910 2184 ὴ
939 2112 1062 2165 θεία
1087 2109 1297 2178 Γραφή.

344 2321 552 2374 ΔΛΛυ.
575 2319 704 2370 Ὅτι
729 2316 840 2381 οὐχ
874 2311 1169 2381 ὁμογενὴς
1198 2307 1322 2381 τοῖς
1340 2307 1643 2381 ⁸ἀοιρσίτέναῑσις
1654 2306 1685 2357 ὁ
1710 2303 1845 2381 mc

377 2390 479 2443 διὰ
513 2388 578 2441 τὸ
610 2373 1195 2454 λέγεσῦαίκρὲίττων
1214 2373 1413 2431 αὐτῶν
1433 2373 1811 2446 γεγενῆσθαι.

379 2501 496 2553 Πᾶν
518 2499 655 2567 ὅπερ
683 2497 748 2549 ἂν
777 2494 1036 2564 φαίνηται
1067 2489 1289 2560 γεγονὸς
1322 2486 1441 2540 κατ’
1463 2485 1671 2548 οὐσίαν,
1697 2484 1790 2537 καὶ
1809 2485 1889 2545 εἰς

305 2594 370 2646 τὺ
406 2593 483 2663 μὴ
513 2585 651 2644 εἶναι
677 2586 968 2655 καταλήξει
1002 2582 1132 2635 ποτὲ
1152 2580 1478 2650 θελήσαντος
1509 2574 1605 2628 τοῦ
1624 2577 1890 2644 Δημιουρ-

306 2685 410 2754 γοῦ
432 2701 448 2714 ο
495 2683 591 2735 καὶ
636 2682 772 2748 ὅπερ
803 2678 870 2731 ἂν
907 2675 1020 2745 ἔχοι
1047 2673 1210 2741 φύσιν
1251 2670 1344 2722 τοῦ
1393 2667 1586 2720 παθεῖν
1615 2665 1887 2733 δεκτικὴν,

307 2775 498 2840 πάθοι,
522 2775 588 2826 ἂν
621 2772 668 2823 εἰ
702 2771 799 2823 καὶ
831 2768 906 2839 μή
954 2785 1040 2820 πω
1081 2763 1339 2818 πέπονθε.
1371 2760 1446 2814 Τὸ
1477 2760 1534 2812 δὲ
1568 2758 1796 2827 πάσχειν
1827 2757 1890 2810 ού

309 2868 575 2938 πεφυκὸς,
609 2866 708 2917 οὐκ
738 2863 805 2916 ἄν
830 2879 883 2913 τι
920 2858 1083 2913 πάθοι
1118 2855 1270 2916 ποτὲ.
1305 2853 1400 2906 καὶ
1440 2850 1627 2921 ἔτερόν
1670 2866 1724 2900 τι
1751 2847 1892 2916 παρ’

308 2935 494 3016 ἐκεῖνό
526 2962 661 3011 ἐστι·
692 2957 786 3011 καὶ
828 2953 892 3006 τὸ
931 2952 1018 3006 ἀεὶ
1060 2947 1322 3010 ὡσαύτως
1363 2946 1443 3011 ὃν,
1477 2944 1599 2998 οὔτε
1629 2940 1723 2995 τοῦ
1754 2935 1892 2993 εἶναι

310 3051 544 3122 ἧρξατο,
567 3045 689 3100 οὔτε
723 3044 830 3115 μὴν
869 3037 978 3094 οἵδε
1022 3040 1114 3093 τὸν
1146 3039 1239 3092 ἐπὶ
1280 3036 1423 3089 τέλει
1456 3035 1675 3105 δρόμον,
1703 3031 1892 3101 ὥσπερ

1967 540 2120 605 lenti,
2166 548 2263 594 aut
2294 553 2472 610 reges,
2501 537 2751 608 quamvis
2802 546 2982 592 tamen
3014 536 3178 592 etiam
3220 535 3531 589 earumdem

1968 645 2151 686 rerum
2197 630 2306 688 sint
2328 645 2579 700 capaces.
2610 630 2680 683 At
2715 642 2876 684 nemo
2908 625 3117 697 angelis
3146 624 3268 680 Filii
3304 623 3534 696 gloriam

1968 723 2174 780 deferet
2202 742 2215 778 :
2241 738 2366 778 nam
2392 724 2480 779 hic
2511 721 2796 785 Dominus,
2824 720 2898 773 illi
2926 733 3053 774 vero
3077 718 3215 774 servi
3245 728 3389 771 sunt.
3421 715 3537 771 Non

1968 824 2052 871 est
2080 813 2242 884 igitur
2281 813 2522 879 ejusdem
2553 811 2768 882 generis
2800 824 2927 864 cum
2968 809 3175 880 angelis
3219 807 3414 876 Filius,
3444 807 3537 877 qui

1971 919 2075 960 una
2101 917 2225 959 cum
2251 903 2415 958 Patre
2449 911 2639 971 regnat
2671 901 2830 969 eique
2869 901 3101 955 assidet.

1971 1017 2138 1089 204
2165 1016 2395 1072 ALIUD.
2430 1015 2584 1080 Quod
2625 1029 2729 1089 non
2773 1012 3117 1089 sitnejusdem
3170 1021 3377 1065 natura:
3423 1024 3543 1063 cum

2544 1083 2744 1152 angelis
2780 1080 2975 1135 Filius.

2042 1201 2266 1257 Creator
2315 1207 2370 1253 et
2413 1207 2665 1254 creatura
2714 1208 2988 1264 nunquam
3044 1191 3286 1263 ejusdem
3339 1197 3548 1244 natura:

1974 1294 2196 1350 fuerint.
2232 1290 2397 1346 Aliud
2441 1289 2584 1345 enim
2615 1297 2700 1344 est
2732 1287 2785 1341 id
2829 1285 2972 1355 quod
3005 1292 3175 1350 creat,
3218 1281 3362 1336 aliud
3402 1283 3548 1350 quod

1975 1395 2212 1441 creatur.
2255 1381 2388 1436 Nam
2424 1380 2469 1434 si
2519 1393 2606 1434 res
2656 1379 2728 1432 ita
2769 1392 2828 1431 se
2855 1391 2960 1430 non
3006 1373 3256 1438 haberet,
3288 1369 3546 1439 quidnam

1981 1477 2336 1545 distingueret
2386 1472 2552 1526 Deum
2602 1469 2896 1524 secundum
2946 1474 3194 1520 naturam
3243 1477 3272 1514 a
3318 1459 3552 1514 creatis?

1979 1567 2111 1623 Cum
2148 1567 2312 1634 igitur
2333 1565 2472 1617 Deus
2497 1576 2559 1616 ac
2588 1559 2749 1614 Pater
2785 1557 2967 1613 omnia
3007 1569 3103 1625 per
3133 1551 3326 1607 Filium
3356 1561 3548 1617 opere-

1982 1668 2069 1714 tur
2101 1677 2113 1713 :
2146 1672 2309 1712 unum
2344 1669 2472 1710 vero
2519 1668 2586 1707 ex
2632 1651 2884 1707 omnibus
2916 1655 3000 1702 est
3046 1645 3207 1700 etiam
3241 1640 3550 1711 angelorum

1983 1761 2176 1807 natura
2205 1767 2219 1802 :
2247 1749 2388 1802 facta
2427 1747 2608 1814 itaque
2655 1753 2740 1798 est
2769 1751 2822 1796 et
2849 1748 3031 1795 creata
3063 1751 3159 1806 per
3193 1733 3410 1787 Filium.
3441 1729 3555 1782 Hac

1984 1842 2097 1912 ipsa
2125 1840 2287 1910 igitur
2316 1837 2522 1892 ratione
2560 1849 2662 1888 non
2688 1842 2773 1886 est
2811 1826 3056 1899 ejusdem
3094 1821 3307 1893 generis
3334 1831 3456 1873 cum
3489 1815 3557 1869 iis

1984 1904 2104 2001 qua:
2132 1904 2224 1999 per
2253 1930 2423 1998 ipsum
2458 1927 2597 1979 facta
2626 1931 2774 1985 sunt;
2797 1919 2893 1973 sed
2923 1917 3012 1971 hic
3038 1912 3258 1984 quidem
3281 1904 3557 1963 Creatoris

1984 1997 2296 2092 dignitatem
2339 2015 2624 2075 obtinebit,
2650 2014 2730 2066 hre
2756 2025 2884 2064 vero
2920 2023 2985 2062 ea
3035 2003 3245 2058 ratione
3280 2015 3388 2068 qua
3419 1997 3558 2051 facta

1985 2120 2131 2174 sunt,
2163 2109 2413 2164 servilem
2462 2104 2849 2158 conditionem.
2889 2116 2908 2149 ι
2940 2096 3206 2151 Universa
3249 2090 3395 2146 enim
3441 2101 3559 2142 ser-

1985 2205 2139 2258 viunt
2178 2202 2293 2266 tibi,
2332 2219 2352 2252 ›
2388 2199 2565 2267 inquit
2596 2210 2749 2251 sacra
2796 2191 3076 2261 Scriptura
3099 2190 3142 2238 ’.

1987 2316 2218 2372 ALIUD.
2269 2313 2421 2379 Quod
2457 2329 2558 2365 non
2593 2311 2659 2363 sit
2703 2306 2939 2379 ejusdem
2958 2301 3166 2379 generis
3209 2292 3561 2379 cum-angelis

2052 2366 2227 2438 Fili—us
2271 2366 2389 2437 ideo
2417 2384 2541 2451 quia
2576 2366 2758 2432 melio'r
2784 2375 2916 2440 ipsis
2946 2366 3120 2431 factus
3158 2383 3266 2422 esse
3297 2366 3517 2418 dicitur.

2061 2496 2332 2566 Quidquid
2392 2492 2686 2548 secundum
2745 2483 3100 2543 substantiam
3155 2493 3307 2533 suam
3360 2474 3563 2528 factum

1989 2562 2284 2658 est,‘pote-st
2309 2577 2710 2640 etiam'volente
2732 2579 2992 2634 Creatore
3019 2574 3071 2627 in
3099 2568 3325 2625 nihilum
3357 2562 3562 2632 redigi;

1991 2690 2047 2736 et
2073 2654 2334 2750 quidquid
2363 2678 2528 2732 habet
2557 2683 2805 2730 naturam
2837 2664 3106 2739 passionis
3139 2674 3416 2731 capacem,
3449 2654 3565 2710 fieri

1991 2781 2168 2841 potest
2221 2746 2280 2824 ut
2328 2769 2590 2839 patiatur,
2643 2762 2858 2818 tametsi
2915 2759 3151 2814 nondum
3209 2764 3425 2823 passum
3471 2746 3563 2802 sit.

1993 2862 2264 2932 Quidquid
2308 2871 2502 2916 natura
2543 2859 2623 2913 ita
2662 2861 3037 2923 comparatum
3069 2854 3176 2912 est,
3211 2853 3269 2899 ut
3299 2841 3411 2913 pati
3463 2851 3568 2891 non

1993 2926 2186 3026 possit,
2216 2961 2368 3008 certe
2393 2963 2666 3019 nunquam
2695 2945 2953 3016 patietur,
2985 2948 3041 2994 et
3079 2938 3356 2992 diversum
3381 2938 3465 2984 est
3501 2926 3570 2980 ab

1997 3025 2088 3102 illo
2116 3063 2130 3100 :
2158 3055 2214 3100 et
2251 3043 2395 3114 quod
2441 3053 2654 3108 semper
2681 3038 2872 3090 eodem
2924 3031 3083 3084 modo
3121 3025 3355 3086 exsistit,
3395 3030 3573 3086 neque

311 3113 511 3197 cui
554 3136 691 3192 εἶναι
725 3113 1185 3206 ἀρξάμενα.“Α).λ’
1217 3128 1320 3180 ούκ
1364 3125 1431 3180 ἄν
1475 3141 1560 3187 τις
1601 3123 1742 3175 εἴποι
1772 3119 1892 3173 νοῦν

2001 3113 2296 3192 exsistendi
2345 3130 2559 3186 initium
2592 3126 2800 3190 habuit,
2831 3137 3007 3192 neque
3053 3119 3120 3173 ad
3173 3113 3447 3171 interitum
3482 3114 3576 3162 aut

314 3235 480 3305 ἔχων,
512 3231 580 3283 τὰ
603 3226 871 3296 τοσαύτην
899 3223 1094 3292 έχοντα
1121 3220 1258 3289 πρὸς
1289 3216 1493 3286 ἄλληλα
1534 3213 1633 3284 τὴν
1663 3209 1896 3266 ἐναντιό-

312 3302 479 3399 τητα,
519 3323 611 3376 καὶ
655 3319 800 3374 οὕτω
841 3315 984 3370 κατά
1013 3313 1174 3382 φύσιν
1215 3306 1558 3378 διεστηκότα,
1583 3302 1797 3374 ὁμοφυῆ
1835 3317 1896 3353 τε

318 3393 457 3475 εῖναι
498 3416 593 3471 καὶ
619 3413 720 3483 τῆς
746 3409 914 3479 αὐτῆς
948 3406 1215 3476 ὑπάρχειν
1259 3400 1466 3462 οὐσίας.
1500 3395 1564 3469 Εἰ
1595 3394 1774 3448 τοίνυν
1803 3393 1898 3445 ἐπὶ

324 3511 426 3582 μὲν
455 3506 566 3560 τῶν
592 3501 913 3572 ποιημάτων
937 3497 1012 3560 ὡς
1036 3491 1411 3560 ὑποκειμένων
1440 3487 1533 3540 καὶ
1550 3485 1723 3554 φθορᾷ
1746 3483 1899 3549 λέγε-

317 3573 410 3658 ται
431 3643 446 3667 ,
493 3617 513 3652 ι
547 3595 709 3651 Αὐτοὶ
755 3589 1104 3646 ἀπολοῦνταιο
1138 3605 1155 3638 ι
1209 3582 1303 3636 ἐπὶ
1329 3581 1387 3635 δὲ
1413 3578 1508 3632 τοῦ
1541 3575 1708 3642 Υῐοῦ,
1742 3575 1814 3627 Σὺ
1842 3573 1900 3625 δὲ

318 3664 614 3765 διαμένεις·
645 3687 876 3742 κάκεῖνα
915 3682 1012 3752 μὲν
1059 3673 1525 3742 παλαιωθήσεται,
1554 3667 1629 3731 ὡς
1665 3664 1901 3736 γενητὴν

320 3755 518 3858 ἔχοντα
562 3782 661 3851 τὴν
709 3777 899 3847 φύσιν·
934 3771 1026 3826 τοῦ
1062 3770 1118 3822 δὲ
1145 3765 1274 3820 Υἱοῦ
1311 3785 1328 3816 ι
1357 3763 1428 3817 τὰ
1471 3760 1564 3830 ἐτη
1599 3758 1699 3811 οὐκ
1724 3755 1900 3809 ἐκλεί-

318 3849 503 3952 φουσι·
536 3897 554 3929 ι
599 3849 716 3936 πῶς
763 3867 1006 3940 ὀμοφυὴς
1053 3863 1207 3917 ἔσται
1257 3860 1368 3921 τοῖς
1413 3854 1666 3925 ἀγγέλοις
1695 3852 1725 3903 ὁ
1751 3849 1899 3914 Υἱὸς,

323 3939 439 4034 τοῖς
481 3963 870 4036 πεποιημένοις
913 3960 942 4011 ὁ
994 3952 1243 4024 ποιητὴς,
1275 3951 1390 4012 τοῖς
1439 3941 1827 4015 γεγενημένοις
1875 3939 1904 3992 ὁ

321 4029 610 4132 ἀγένητος,
656 4029 769 4118 τοῖς
813 4047 1105 4121 παρελθεῖν
1150 4040 1469 4110 δυναμένοις
1496 4039 1524 4090 ὁ
1553 4033 1808 4096 αἰώνιος;
1840 4029 1904 4082 El

323 4122 438 4225 γαρ
469 4122 564 4205 καὶ
597 4144 863 4202 ἀθάνατόν
890 4158 943 4194 τι
984 4137 1171 4208 χρῆμα
1198 4136 1226 4186 ὁ
1252 4129 1482 4199 ἄγγελός
1532 4130 1648 4181 ἐστι
1691 4125 1780 4177 διὰ
1805 4122 1904 4191 τὴν

323 4246 471 4301 οὕτω
504 4240 765 4310 κειμένην
793 4235 878 4287 ἐπ’
901 4229 1048 4298 αὐτῷ
1080 4225 1172 4279 τοῦ
1209 4223 1534 4291 ποιήσαντος
1562 4215 1814 4288 βούλησίν
1844 4229 1905 4265 τε

326 4337 427 4393 καὶ
456 4305 637 4404 χάριν,
661 4305 774 4382 ἀλλ’
801 4323 1031 4391 ἐπείπερ
1051 4316 1223 4389 ἀρχὴν
1249 4313 1342 4367 τοῦ
1372 4308 1510 4365 εἶναι
1541 4310 1672 4379 ἔχει,
1695 4307 1877 4360 δύναιτ
1894 4305 1906 4324 ’

327 4430 399 4484 ἂν
432 4401 541 4480 atle
583 4422 662 4484 εἰς
705 4418 855 4478 τέλος
904 4411 1099 4465 ἐλθεῖν.
1124 4407 1340 4468 Φύσεως
1374 4404 1432 4457 δὲ
1463 4401 1907 4470 πλεονεκτήματα

327 4521 445 4581 τοῖς
489 4511 704 4585 ἔχουσιν
742 4510 888 4561 ἐστιν
925 4499 1259 4572 ἰσχυρά,καὶ
1289 4497 1410 4567 ούχὶ
1457 4494 1534 4564 τῷ
1580 4488 1906 4558 πεποιηκότι

327 4608 692 4679 Θεῷ.⁶¹Ωσπερ
729 4597 822 4654 οὖν
852 4599 944 4650 καὶ
985 4595 1046 4648 τὸ
1095 4592 1207 4662 πῦρ
1255 4587 1543 4643 καυστικὺν
1592 4584 1689 4653 μέν
1740 4583 1909 4641 ἐστιν,

329 4673 450 4756 ἀλλ’
485 4699 546 4752 ού
580 4673 836 4766 τῷνΘεῷο
871 4689 1012 4742 σ’ύτω
1059 4685 1154 4738 καὶ
1194 4681 1422 4750 ἅγγελος
1473 4677 1736 4736 ἀθάνατος
1788 4673 1910 4741 μὲν,

331 4789 451 4843 ἀλλ’
478 4788 539 4840 ού
569 4764 646 4856 τῷ
670 4782 807 4851 Θεῷ.
841 4779 1014 4839 Μόνος
1041 4775 1147 4845 γὰρ
1175 4771 1336 4832 αὐτὸς
1382 4767 1585 4836 κυρίως
1622 4764 1910 4822 ἀθάνατος,

333 4879 586 4953 φυσικῶς
620 4853 795 4945 ἔχων,
848 4871 949 4923 οὐκ
991 4867 1099 4922 ἀπὸ
1142 4864 1384 4936 χάριτος,
1434 4859 1532 4928 τὴν
1570 4853 1912 4926 δάσφὰλειαν,

332 4975 419 5026 ὦσ
427 4988 528 5039 περ
554 4967 623 5021 τὰ
650 4964 852 5035 γενητὰ

333 5257 547 5318 ΔΛΛΟ,
575 5251 724 5322 μετὰ
745 5245 1127 5322 ἀποδείξεως,
1145 5237 1512 5322 great-xedor
1533 5247 1650 5300 μεν
1677 5228 1909 5293 δοῦλοι,

786 5306 1098 5381 Δεσπότης
1134 5309 1204 5364 δὲ
1244 5311 1276 5362 ό
1320 5306 1474 5369 Υἱός.

414 5440 475 5492 [ιἷὶ
503 5437 676 5498 οὐδεὶς
710 5433 937 5486 δύναται.
957 5428 1174 5495 ἀφεῖναι
1203 5419 1495 5491 ἁμαρτίας,
1519 5418 1566 5469 εἰ
1597 5418 1671 5486 μὴ
1704 5415 1860 5485 μόνος
1886 5414 1914 5463 ὁ

332 5529 492 5591 Θεὸς,
528 5525 721 5595 ἀφίησι
750 5522 806 5574 δὲ
832 5523 859 5573 ὁ
884 5519 1029 5580 Υἱὸς,
1061 5515 1192 5576 Θεὸς
1221 5513 1348 5580 ἄρα,
1380 5507 1472 5562 καὶ
1500 5507 1558 5559 ού
1599 5509 1710 5568 τοῖς
1762 5503 1916 5573 ποιή-

337 5637 507 5689 μασιν
556 5615 892 5686 ἐναρίθμιος.
917 5608 1170 5678 ’Ἄγγελοι
1225 5605 1322 5674 μὲν
1369 5603 1475 5670 γὰρ
1529 5598 1911 5668 προσεύχονται

411 5761 432 5790 ¹
469 5756 614 5818 Psal.
641 5768 829 5820 cxvm,
867 5753 952 5807 9|.
1033 5749 1097 5780 ³⁸⁵
1134 5747 1272 5802 [νδίιι.
1312 5762 1383 5812 ct,
1409 5744 1498 5809 27,
1528 5742 1620 5796 ‘28.

1999 3226 2160 3280 linem
2199 3236 2422 3292 vergere
2447 3228 2644 3289 potest,
2677 3209 3132 3286 quemadmodum
3168 3204 3257 3260 illa
3282 3216 3403 3272 qua:
3430 3199 3575 3255 exsi-

1999 3315 2172 3371 stendi
2202 3290 2412 3369 initium
2445 3311 2769 3365 habuerunt.
2818 3304 2981 3374 Atqui
3014 3315 3172 3356 nemo
3200 3310 3346 3350 sanae
3375 3290 3576 3347 mentis

1999 3405 2197 3461 dixerit
2235 3417 2297 3457 ea
2329 3417 2448 3472 quae
2499 3400 2634 3454 adeo
2659 3395 2930 3453 contraria
2957 3392 3098 3446 inter
3125 3404 3185 3444 se
3214 3396 3362 3448 sunt.
3384 3392 3441 3438 et
3464 3392 3578 3435 tan-

2002 3507 2184 3566 topere
2215 3505 2410 3550 natura
2437 3491 2721 3555 dissident,
2753 3486 2996 3557 ejusdem
3033 3491 3240 3539 naturai
3262 3486 3427 3547 atque
3451 3473 3579 3528 sub-

2000 3587 2215 3642 stantiae
2243 3600 2387 3640 esse.
2439 3583 2497 3638 Si
2545 3597 2673 3652 ergo
2721 3581 2789 3634 de
2827 3576 3114 3639 creaturis,
3160 3579 3346 3642 utpote
3384 3580 3580 3621 corru-

2001 3678 2172 3749 ptioni
2198 3675 2468 3740 obnoxiis,
2495 3673 2695 3727 dicitur
2726 3690 2740 3725 :
2781 3691 2798 3722 ‹
2826 3670 2945 3739 Ipsa
2971 3668 3260 3736 peribunt;
3295 3681 3312 3714 ι
3345 3661 3410 3716 de
3441 3657 3586 3713 Filio

2004 3779 2183 3824 autem
2229 3785 2243 3821 :
2293 3785 2312 3817 (
2365 3765 2446 3818 Tu
2476 3778 2610 3819 vero
2645 3775 2935 3831 permaues
2959 3797 2974 3823 ,
3015 3778 3033 3809 ι
3079 3767 3135 3812 et
3170 3774 3188 3806 ι
3215 3754 3335 3824 lpsa
3369 3760 3580 3804 vetera-

2004 3869 2199 3924 scent,
2233 3876 2252 3909 ι
2311 3863 2503 3926 utpote
2547 3862 2787 3908 creatam
2830 3849 3084 3904 habentia
3132 3852 3422 3905 naturam;
3458 3837 3584 3892 Filii

2004 3967 2133 4008 vero
2159 3969 2177 4002 ι
2209 3947 2339 4004 anni
2376 3959 2484 4001 non
2518 3942 2770 4001 deﬁcient
2793 3941 2903 3994 ³·δι
2936 3959 2954 3992 ι
2993 3933 3259 4007 quomodo
3293 3931 3398 3985 erit
3444 3927 3584 3993 ejus-

2006 4043 2126 4098 dem
2165 4047 2372 4095 natura:
2412 4051 2535 4090 cum
2573 4032 2781 4103 angelis
2819 4031 3008 4094 Filius,
3034 4040 3154 4082 cum
3191 4018 3423 4076 conditis
3454 4029 3583 4070 con-

2007 4130 2168 4192 ditor,
2207 4140 2330 4182 cum
2377 4122 2578 4180 creatis
2615 4131 2853 4184 creator,
2907 4131 3030 4173 cum
3061 4109 3391 4168 transitoriis
3425 4112 3586 4158 :eter-

2007 4223 2146 4277 nus?
2173 4220 2304 4274 Nam
2333 4217 2435 4272 etsi
2479 4214 2701 4285 angelus
2748 4209 3056 4267 immortale
3081 4202 3336 4275 quiddam
3370 4197 3460 4258 sit,
3504 4193 3588 4247 id-

2009 4329 2114 4382 que
2146 4327 2211 4364 ex
2245 4309 2521 4364 voluntate
2549 4315 2603 4360 et
2633 4302 2894 4359 beneﬁcio
2926 4296 3222 4359 Creatoris,
3252 4304 3374 4346 cum
3403 4299 3589 4342 tamen

2013 4378 2304 4460 exsistendi
2347 4399 2670 4471 principium
2719 4396 2935 4456 habeat,
2983 4397 3162 4461 potest
3210 4384 3373 4440 etiam
3424 4378 3595 4434 linem

2011 4494 2216 4552 sortiri.
2245 4489 2531 4545 Naturales
2560 4488 2707 4543 enim
2737 4481 3131 4554 praerogativae,
3160 4490 3279 4543 quae
3312 4467 3597 4527 nonnullis.

2013 4586 2278 4641 creaturis
2308 4583 2513 4643 insunt,
2546 4578 2737 4631 valida:
2768 4583 2892 4629 sunt
2923 4589 2937 4625 :
2968 4569 3108 4639 apud
3139 4566 3306 4620 Deum
3333 4574 3466 4615 vero
3497 4557 3594 4624 qui

2013 4696 2106 4733 cas
2137 4676 2360 4741 creavit,
2404 4673 2539 4727 nihil
2569 4679 2715 4726 sunt.
2743 4661 3217 4737 [Quemadmodum
3255 4655 3417 4724 igitur
3447 4648 3590 4717 ignis

2017 4768 2203 4823 urendi
2239 4767 2347 4818 vim
2379 4765 2561 4825 habet,
2598 4760 2694 4813 sed
2724 4772 2828 4811 non
2870 4756 3017 4817 Deo;
3057 4751 3131 4804 ita
3163 4755 3218 4801 et
3243 4741 3461 4812 angelus
3491 4737 3594 4789 im-

2018 4858 2262 4913 mortalis
2293 4857 2509 4925 quidem
2550 4862 2659 4916 est,
2692 4850 2782 4905 sed
2827 4861 2929 4900 non
2969 4844 3097 4897 Deo.
3129 4837 3247 4907 Ipse
3273 4834 3414 4888 cnim
3445 4829 3596 4884 solus

2020 4947 2235 5016 proprie
2276 4953 2360 4999 est
2406 4941 2748 5004 immortalis,
2799 4933 3137 4994 naturaliter,
3191 4941 3294 4981 non
3326 4937 3420 4992 per
3466 4932 3591 4988 gra-

2027 5013 2152 5091 tiam
2186 5048 2243 5090 ut
2265 5046 2540 5097 creatura,
2567 5033 2873 5086 ﬁrmitatem
2912 5027 3057 5081 illam
3090 5032 3143 5077 et
3178 5013 3597 5090 perpetuitatem

2023 5128 2073 5181 in
2112 5142 2170 5181 se
2210 5129 2432 5180 habens.
2862 5111 2869 5118 ’

2024 5235 2254 5304 ALIUD,
2283 5252 2405 5304 cunt
2435 5232 2902 5304 demonstratione,
2929 5226 3065 5296 quod
3097 5219 3268 5291 angeli
3298 5219 3399 5271 sint
3431 5212 3595 5277 servi,

2377 5303 2548 5359 Filius
2580 5319 2719 5368 vero,
2752 5299 3028 5354 Dominus.

2095 5419 2150 5472 Si
2188 5432 2345 5472 nemo
2375 5423 2551 5487 potest
2586 5414 2865 5469 remittere
2899 5415 3144 5479 peccata,
3181 5397 3341 5470 205
3369 5394 3472 5451 nisi
3501 5407 3591 5447 so-

2023 5509 2106 5562 lus
2150 5508 2308 5571 Deus,
2362 5506 2588 5559 remittit
2637 5518 2766 5560 vero
2820 5501 2985 5554 Filius
3020 5516 3032 5550 :
3065 5495 3209 5549 Deus
3256 5493 3435 5558 itaque
3487 5492 3592 5543 est,

2024 5615 2197 5670 neque
2228 5599 2494 5655 creaturis
2528 5595 2986 5654 annumerandus.
3022 5590 3209 5659 Angeli
3238 5586 3378 5642 enim
3412 5582 3596 5636 orant,
