4106 6204
499 344 604 400 5"
1513 338 1573 394 S.
1614 335 1892 394 CYRILLI
1931 331 2402 389 ALEXANDRINI
2436 334 2754 392 ARCHIEP.
3641 332 3771 390 348.

500 460 743 514 dicentes
785 473 800 512 :
843 477 860 510 ι
908 457 1136 514 Domine
1190 456 1568 525 omnipotens,
1629 469 1910 523 usquequo
1957 467 2064 508 non

2170 449 2453 519 λέγοντες·
2512 471 2541 504 ι
2566 451 2737 522 Κύριε
2773 449 3345 522 παντοκράτωρ,.ἓως-
3377 449 3520 514 τίνος
3557 448 3619 502 οὐ
3670 450 3752 521 μὴ

500 549 776 604 misereris
815 547 1141 612 Jerusalem,
1197 556 1252 601 et
1304 548 1514 601 urbium
1569 544 1842 600 Juda'i»
1899 546 2071 604 Filius

499 655 632 695 vero
664 654 784 695 cum
817 649 1086 709 potestate
1117 639 1287 694 dicit:
1324 655 1344 688 ι
1378 637 1567 704 llomo,
1601 637 1942 692 dimittuntur
1974 637 2069 692 tibi

500 741 720 799 peccata
755 741 842 786 tua
865 732 908 787 °.
939 751 957 784 ι
997 730 1112 785 Non
1139 739 1221 784 est
1252 729 1413 799 igitur
1443 727 1680 796 ejusdem
1705 729 1920 800 generis
1946 744 2068 784 cum

499 821 717 876 domino
741 837 948 887 servus,
993 835 1168 890 neque
1193 822 1246 875 ei-
1266 818 1357 889 qui
1397 817 1621 889 largitur
1652 819 1696 876 is
1741 820 1831 890 qui
1853 821 1988 890 petit
2012 827 2071 875 ut

499 914 752 982 accipiat.

497 1003 710 1059 ALIUD
736 1005 854 1057 huic
887 1002 1078 1068 simile,
1110 1003 1256 1124 ᾳᾶιοώ
1273 1001 1448 1086 Filius
1475 1019 1578 1058 non
1606 1003 1673 1057 sit
1703 1019 2064 1057 annumeran-

1167 1088 1226 1124 us
1253 1089 1432 1124 servis.

1167 1088 1226 1126 ιιε
1253 1089 1432 1126 servis.

569 1181 712 1236 Deus
753 1182 1045 1252 prophetas
1090 1181 1274 1246 mittit,
1307 1182 1397 1251 qui
1435 1181 1655 1252 exigant
1703 1181 1940 1237 fructum
1986 1181 2066 1235 vi-

491 1287 634 1338 nca‘,
676 1273 792 1342 qui,
828 1285 1186 1343 praeterquam
1221 1274 1364 1344 quod
1405 1273 1538 1327 nihil
1588 1284 1931 1343 acceperunt,
1985 1275 2068 1329 in-

494 1363 710 1418 terl‘ecti
750 1375 895 1420 sunt.
947 1365 1226 1433 Servator,
1255 1377 1311 1420 ut
1342 1366 1624 1431 Dominus,
1655 1363 1834 1420 debita
1875 1365 2064 1421 remit-

494 1453 580 1516 tit,
615 1463 670 1507 et
702 1455 754 1507 in
785 1455 926 1509 alios
955 1455 1177 1512 colonos
1200 1457 1459 1511 transfert
1491 1457 1703 1511 vineam
1728 1457 1771 1524 ",
1807 1469 1865 1512 ut
1903 1457 2067 1512 herus

493 1551 549 1596 et
582 1543 877 1611 Dominus;
939 1546 1033 1601 sed
1091 1555 1147 1602 et
1197 1547 1373 1618 angeli
1427 1548 1880 1604 administrationi
1934 1547 2067 1617 legis

501 1633 817 1690 inserviisse
849 1639 1274 1707 comperiuntur,
1309 1649 1362 1694 et
1397 1639 1529 1694 nihil
1562 1654 1748 1694 eorum
1789 1655 1910 1710 quae
1943 1641 2068 1696 fecit

498 1723 687 1790 Filius,
717 1725 935 1782 fecisse.
974 1727 1087 1783 Non
1125 1740 1208 1784 est
1233 1729 1397 1800 igitur
1426 1731 1667 1802 ejusdem
1699 1732 1911 1802 generis
1939 1748 2062 1788 cum

499 1815 702 1885 angelis
747 1815 951 1885 Filius,
996 1819 1089 1874 sed
1126 1820 1384 1890 Magister
1411 1833 1466 1878 et
1501 1823 1783 1879 Dominus.

495 1988 725 2062 ALIUD,
767 1991 1095 2060 explicatius,
1127 1996 1266 2062 quod
1302 1996 1458 2058 illud,
1501 2015 1520 2048 ι
1553 1997 1746 2051 Melior
1783 2000 1953 2062 [actus
1989 2013 2067 2057 est

565 2061 765 2197 (ringel‘iis
786 2062 830 2124 ⁸,
871 2081 890 2111 ι
912 2063 994 2142 .ad
1025 2061 1381 2131 di/fcreutiam
1419 2066 1951 2123 administrationum
1983 2087 2071 2126 re-

593 2146 711 2183 eren
756 2147 841 2183 um
876 2141 967 2185 stt.

593 2141 841 2183 erendum
876 2141 967 2185 ειι.

569 2237 770 2296 Paulus
789 2240 855 2295 de
892 2239 1028 2296 Filio
1062 2242 1233 2312 inquit
1261 2260 1276 2298 :
1316 2264 1333 2296 ι
1365 2245 1539 2301 Tanto
1563 2246 1750 2302 melior
1777 2248 1950 2305 iactus
1980 2265 2071 2306 an-

499 2330 677 2399 gelis:
713 2349 732 2382 ι
771 2346 874 2386 non
931 2333 1072 2401 quod
1123 2333 1215 2388 Dei
1254 2334 1416 2391 Verbi
1457 2347 1706 2394 naturam
1753 2340 2068 2412 angelorum

501 2431 712 2476 natura:
741 2437 1057 2494 comparare
1097 2426 1242 2492 velit,
1281 2443 1454 2498 neque
1498 2431 1784 2488 dissimiles
1815 2435 2069 2489 substan-

495 2512 600 2566 tias
639 2513 827 2568 eodem
874 2515 1034 2570 modo
1080 2531 1144 2570 ac
1196 2519 1407 2573 ratione
1450 2521 1721 2576 examinet
1751 2523 1884 2591 (Deo
1926 2525 2068 2580 enim

494 2604 632 2658 nihil
671 2607 998 2676 comparari,
1036 2617 1128 2661 aut
1157 2608 1394 2663 conferri
1434 2611 1657 2682 potest),
1701 2615 1794 2668 sed
1837 2615 2069 2670 admini-

497 2699 821 2754 strationum
847 2697 1185 2755 differentias
1216 2703 1487 2772 proponit,
1532 2713 1590 2757 ut
1619 2719 1686 2758 ex
1719 2706 2069 2761 administra-

499 2788 644 2842 tione
674 2804 794 2857 qua:
841 2789 1036 2859 cuique
1073 2793 1361 2847 commissa
1416 2805 1522 2859 est,
1563 2796 1692 2864 quid
1736 2795 1964 2867 quisque
2000 2797 2072 2852 sit

497 2887 873 2947 cognoscatur.
910 2868 1062 2946 Quod
1109 2897 1238 2936 vero
1271 2903 1288 2933 ι
1324 2883 1514 2938 melior
1545 2904 1563 2936 ι
1615 2887 1681 2939 ad
1713 2887 2071 2956 comparatio-

499 2982 620 3019 nem
668 2968 1152 3025 administrationis
1218 2974 1532 3040 angelorum
1596 2976 1912 3032 referendus
1959 2979 2068 3043 sit,

497 3055 621 3109 inde
679 3055 964 3111 manifeste
1016 3069 1270 3114 constat:
1314 3063 1652 3130 propositum
1702 3077 1817 3119 erat
1865 3067 2066 3133 Paulo,

497 3147 784 3202 ostendere
812 3163 930 3216 qua:
970 3164 1066 3219 per
1098 3149 1376 3206 Christum
1420 3155 1855 3221 praedicabantur
1886 3158 2070 3228 lega.i-

500 3238 602 3292 bus
626 3241 908 3309 praeceptis
937 3242 1091 3312 longe
1126 3245 1503 3312 praestantiora
1543 3261 1684 3302 esse.
1721 3247 1873 3304 Unde
1909 3251 2072 3319 igitur

499 3329 604 3383 hoc
632 3331 1007 3386 demonstrat?
1042 3333 1122 3387 Ad
1151 3333 1620 3392 administratores
1662 3353 1719 3394 se
1759 3342 2026 3394 convertit
2055 3361 2068 3396 :

496 3429 552 3474 et
598 3435 664 3476 ex
705 3435 893 3476 eorum
925 3421 1227 3478 dill'erentia
1271 3441 1334 3480 ea
1373 3442 1494 3496 qua:
1525 3442 1622 3498 per
1672 3430 1815 3499 ipsos
1844 3432 2072 3487 adn‘tini-

495 3519 665 3565 strata
715 3521 841 3566 sunt
891 3513 1144 3571 aestimat.
1181 3516 1374 3587 Angeli
1425 3534 1554 3588 ergo
1585 3521 1966 3577 administrant
2000 3525 2072 3578 le-

496 3615 638 3670 gem,
673 3609 727 3656 et
762 3616 860 3671 per
885 3617 977 3658 eos
1010 3608 1356 3674 pronuntiata
1383 3619 1504 3675 est;
1537 3609 1705 3666 Filius
1756 3627 1885 3668 vero
1917 3614 2065 3669 noti-

495 3691 627 3745 tiam
657 3705 849 3747 eorum
880 3709 1001 3764 quae
1023 3710 1121 3765 per
1138 3695 1487 3768 Evangelium
1518 3702 1910 3758 annuntiantur
1931 3720 2073 3776 pra:-

495 3786 661 3840 dicat.
694 3786 862 3858 Atqui
900 3787 1109 3854 melior,
1141 3790 1334 3859 inquit,
1369 3793 1642 3850 estFilius
1671 3810 1831 3865 quam
1863 3799 2066 3869 angeli;

495 3889 763 3947 quatenus
806 3880 1157 3936 excellentior
1206 3884 1607 3942 administratio
1661 3889 1735 3943 illi
1782 3893 2072 3949 commissa

495 3980 604 4036 est,
629 3986 694 4026 ea
727 3972 939 4028 ratione
965 3973 1160 4030 melior
1189 3986 1293 4032 est.
1320 3977 1784 4035 Administrantur
1811 3984 1954 4038 enim
1985 3999 2073 4039 res

496 4079 711 4134 magna
749 4079 776 4118 a
816 4066 1046 4135 magnis,
1094 4077 1147 4120 et
1180 4082 1360 4134 parva:
1399 4083 1428 4120 a
1463 4071 1664 4136 parvis.
1710 4073 1939 4140 Magnus
1977 4090 2072 4130 au-

497 4163 604 4210 tem
653 4163 738 4211 est
771 4156 958 4223 Filius,
1004 4165 1271 4226 quatenus
1321 4167 1406 4211 est
1468 4159 1723 4228 splendor
1774 4171 1827 4216 et
1875 4165 2072 4219 chara-

497 4249 690 4313 cter',
735 4255 791 4299 et
839 4258 1110 4316 quatenus
1150 4249 1201 4302 ei
1247 4249 1445 4303 dicitur
1488 4268 1500 4302 :
1548 4269 1566 4302 ι
1599 4250 1739 4307 Sede
1785 4269 1814 4306 a
1865 4255 2074 4313 dextris

496 4337 633 4391 meis
658 4337 734 4401 ¹⁶;
773 4354 793 4387 ι
837 4347 1106 4406 quatenus
1140 4341 1548 4410 primogenitus,
1589 4352 1644 4396 et
1681 4344 1748 4399 ab
1794 4345 1925 4414 ipsis
1969 4364 2067 4402 an-

2169 541 2399 612 ἐλεήσῃς
2431 543 2530 612 τὴν
2567 541 2922 612 Ἰερουσαλὴμ
2957 543 3078 609 ,κιαὶ-
3103 543 3201 605 τὰς
3253 541 3460 604 πόλεις,
3484 539 3685 604 ἰούδα;
3719 558 3738 592 ι

2181 629 2240 682 ’0
2286 629 2342 682 δὲ
2375 630 2500 691 Υίὸς
2547 627 3004 693 ὲξουσιαστικῶςο
3063 648 3082 682 ι
3113 629 3425 702 Ἄνθρωπε,
3471 627 3758 697 ἀφέωνταί.

2172 737 2254 773 σοι
2284 720 2342 772 αί
2365 719 2652 791 ἁμαρτίαι.
2681 738 2699 772 ›
2735 721 2847 790 Οὐχ
2871 720 3131 791 ὁμογενὲς
3155 716 3250 775 οὖν
3279 721 3390 792 ἀρα
3410 719 3488 788 τῷ
3507 720 3744 790 δεσπότῃ

2168 804 2228 858 τὸ
2260 804 2477 871 δοῦλον,
2505 805 2628 860 οὔτε
2656 806 2739 878 τῷ
2767 807 3113 880 χαριζομένῳ
3140 809 3202 862 τὸ
3249 808 3436 862 αίτοῦν
3463 810 3550 862 ἵνα
3581 808 3740 878 λάϐῃ.

2245 986 2426 1042 ΔΛΛΟ
2455 986 2642 1049 τούτῳ
2671 984 2892 1109 (moros,
3038 988 3150 1041 οὐκ
3175 987 3245 1042 ἐν
3275 986 3398 1053 τοῖς
3426 986 3671 1053 δούλοις

3021 1076 3072 1110 c.

3021 1076 3072 1122 ς.

2249 1147 2593 1201 Ἀποστέλλει
2623 1148 2748 1213 τοὺς
2782 1151 3067 1220 προφήτας
3093 1151 3121 1202 6
3148 1147 3281 1212 Θεὸς
3312 1149 3615 1218 ἀπαιτῆσαι
3642 1148 3738 1202 τοῦ

2165 1238 2486 1311 ἀμπελῶνος
2512 1241 2636 1303 τοὺς
2668 1243 2934 1312 καρποὺς,
2967 1241 3017 1294 οἳ
3048 1241 3184 1311 πρὸς
3215 1240 3292 1310 τῷ
3320 1240 3455 1310 μηδὲ
3480 1240 3739 1296 δύνασθαι

2165 1329 2368 1394 λαϐεῖν,
2407 1330 2501 1382 καὶ
2521 1330 2810 1386 ἀπέθανον.
2828 1332 2887 1384 'O
2910 1330 3101 1401 Σωτὴρ
3133 1331 3209 1393 ὡς
3233 1331 3509 1401 Δεσπότης
3531 1332 3740 1396 καὶτὰς

2164 1419 2385 1489 όφειλὰς
2409 1421 2622 1491 ἀφίησι,
2639 1423 2733 1475 καὶ
2761 1424 2841 1485 είς
2868 1422 3086 1494 ἑτέρους
3113 1422 3391 1493 γεωργοὺς
3417 1422 3736 1493 μετατίθησι

2165 1508 2255 1563 τὸν
2281 1509 2579 1579 ἀμπελῶνα
2609 1509 2684 1574 ὡς
2730 1511 2994 1581 δεσπότης
3042 1512 3136 1565 καὶ
3179 1512 3418 1582 Κύριος·
3460 1513 3742 1581 φαίνονται

2165 1601 2222 1654 δὲ
2263 1602 2358 1655 καὶ
2391 1604 2458 1673 τῇ
2491 1600 2584 1654 τοῦ
2624 1603 2786 1672 νόμου
2821 1603 3065 1675 διακονίᾳ
3108 1605 3553 1676 ὑπηρετήσαντες
3583 1606 3747 1674 ἀγγε-

2165 1693 2267 1758 λοι,
2303 1695 2398 1747 καὶ
2429 1694 2756 1766 ποιήσαντες
2792 1696 2946 1749 οὐδὲν
2969 1691 3052 1751 ὧν
3079 1698 3336 1768 εποίησεν
3361 1698 3572 1762 όΥίός.
3605 1699 3744 1752 Οὐκ-

2098 1791 2140 1846 Β
2168 1783 2263 1838 οῦν
2290 1785 2389 1854 οὐχ
2419 1785 2686 1858 ὁμογενὴς
2712 1787 2965 1857 ἀγγέλοις
2991 1791 3158 1856 ἐστὶν,
3185 1789 3322 1844 ἀλλά
3348 1790 3624 1860 Δεσπότης
3652 1789 3747 1843 καὶ

2168 1877 2392 1948 Κύριος.

2168 1971 2350 2024 ΑΛΛΟ
2372 2010 2386 2032 ,
2418 1970 2856 2041 διηγηματικῶς
2884 1973 2972 2026 ὅτι
3017 1972 3085 2026 τὸ
3121 1991 3140 2024 ι
3170 1973 3462 2038 Κρείττων
3509 1971 3748 2041 γενόμε-

2238 2056 2346 2106 νος
2367 2039 2486 2093 τῶν
2523 2039 2815 2112 ἀγγέλων.
2845 2063 2862 2094 ι
2907 2043 3020 2095 οὐκ
3062 2041 3285 2112 οὐσιῶν
3309 2039 3572 2112 εἰσφέρει
3601 2039 3748 2110 σύγκ-

2239 2125 2462 2177 κρισιν,
2496 2110 2660 2165 ἀλλὰ
2685 2110 2928 2180 μᾶλλον
2960 2111 3297 2168 διακονιῶν.

2247 2240 2266 2274 ι
2297 2223 2547 2293 Τοσούτῳ
2593 2222 2859 2293 κρείττων
2905 2224 3196 2294 γενόμενος
3242 2225 3352 2280 τῶν
3407 2225 3689 2294 ἀγγέλων,
3720 2244 3740 2278 ι

2170 2314 2264 2366 ἐπὶ
2291 2313 2387 2366 τοῦ
2420 2312 2550 2367 Υίοῦ
2585 2331 2749 2383 φησιν
2788 2317 2816 2368 ό
2857 2314 3090 2378 Παῦλος,
3126 2317 3186 2370 οὐ
3218 2320 3285 2387 τῇ
3318 2315 3478 2385 φύσει
3508 2317 3616 2370 τῶν
3643 2318 3745 2385 ἀγ-

2169 2402 2344 2471 γέλων
2375 2402 2474 2473 τὴν
2503 2402 2598 2455 τοῦ
2629 2402 2763 2455 Θεοῦ
2781 2404 2958 2470 Λόγου
2989 2404 3375 2475 συγκρίνεσθαι
3411 2405 3601 2471 θέλων,
3623 2406 3745 2460 οὐδὲ

2169 2495 2276 2550 τῶν
2300 2495 2568 2566 ἀνομοίων
2597 2495 2796 2549 οὐσιῶν
2823 2496 3000 2561 ὲξίσου
3033 2497 3356 2568 ποιούμενος
3381 2498 3746 2569 τὴνὲξέτασιν

2171 2587 2520 2658 (ἀσύγκριτον
2536 2587 2645 2658 γὰρ
2670 2589 2902 2658 πρᾶγμα
2929 2588 3179 2660 Θεότητος
3202 2590 3296 2642 καὶ
3313 2590 3743 2660 ἀπαράϐλητον),

2169 2678 2306 2732 ἀλλά
2336 2680 2436 2748 τὴν
2476 2680 2568 2731 ἐπὶ
2593 2681 2717 2741 ταῖς
2739 2679 3041 2742 διακονίαις
3065 2680 3331 2752 εἰσφέρων
3357 2681 3638 2752 διαφορὰν,
3674 2683 3745 2734 ἶν’

2170 2768 2263 2836 ἀφ’
2298 2761 2372 2821 ὧν
2404 2769 2630 2831 ἕκαστος
2660 2767 2952 2836 ἐπιστεύθη
2980 2769 3074 2821 καὶ
3118 2769 3487 2842 ᾠκονόμησεν,
3523 2774 3586 2824 ἐκ
3622 2772 3745 2825 τού-

2168 2877 2277 2913 των
2303 2863 2448 2922 ὅστις
2481 2860 2567 2930 εἴη
2610 2859 3097 2930 γινώσκηται.”οτι
3124 2861 3182 2913 δὲ
3203 2861 3263 2914 τὸ
3295 2881 3313 2912 ι
3342 2864 3602 2933 κρείττων
3627 2884 3643 2915 ι
3670 2864 3744 2927 ὡς

2172 2953 2308 3022 πρὸς
2341 2953 2438 3022 τὴν
2460 2951 2568 3004 τῶν
2597 2950 2844 3019 ἀγγέλων
2868 2951 3145 3004 διακονίαν
3174 2951 3285 3022 ἔχει
3312 2952 3410 3022 τὴν
3435 2953 3742 3023 σύγκρισιν,

2172 3044 2368 3111 γένοιτ’
2403 3043 2468 3096 ἂν
2513 3043 2724 3097 ἐνθένδε
2753 3044 3077 3112 καταφανές·
3118 3044 3323 3107 Σκοπὸς
3349 3040 3416 3115 ἦν
3442 3046 3519 3115 τῷ
3549 3045 3744 3116 Παύλῳ

2175 3136 2460 3207 κρείττονα
2487 3133 2593 3187 τῶν
2619 3133 2855 3203 νομικῶν
2884 3133 3232 3203 ὲνταλμάτων
3262 3134 3522 3202 ἐπιδεῖξαι
3562 3135 3631 3187 τὰ
3658 3135 3747 3188 διὰ

2172 3226 2409 3297 Χριστοῦ
2458 3225 2856 3295 κηρυττόμενα.
2889 3224 3064 3277 Πόθεν
3092 3222 3186 3278 οὐν
3214 3228 3447 3279 ποιεῖται
3480 3228 3579 3290 τὰς
3610 3227 3746 3280 ἀπο.-

2171 3319 2397 3385 δείξεις;
2441 3319 2562 3371 Ἐπὶ
2589 3317 2716 3380 τοὺς
2741 3317 3123 3380 διακονοῦντας
3152 3321 3338 3388 χωρεῖ,
3354 3321 3449 3372 καὶ
3479 3323 3598 3382 ταῖς
3618 3320 3744 3372 τού-

2171 3424 2281 3460 των
2307 3408 2592 3477 διαφοραῖς
2616 3406 2893 3474 ἀναλόγως
2925 3405 3095 3477 ὁρίζει
3124 3407 3193 3459 τά
3226 3409 3316 3459 ὐπ’
3339 3408 3516 3460 αὐτῶν
3560 3408 3743 3461 διακο-

2175 3499 2430 3570 νούμενα.
2451 3499 2706 3567 ’Ἄγγελοι
2743 3500 2839 3569 μὲν
2867 3494 2960 3552 οῦν
2983 3497 3289 3552 διακονοῦσι
3317 3499 3410 3551 τὸν
3438 3498 3621 3567 νόμον,
3651 3498 3748 3552 καὶ

2174 3591 2415 3646 λαλεῖται
2466 3591 2532 3644 δι’
2567 3592 2749 3645 αὐτῶν
2769 3608 2783 3622 ⁸
2807 3593 2836 3644 6
2867 3593 2922 3645 δὲ
2946 3593 3092 3657 Υίὸς,
3122 3593 3220 3664 τὴν
3248 3592 3338 3645 διὰ
3363 3592 3470 3645 τῶν
3508 3591 3750 3661 Εὐαγγε-

2173 3683 2305 3737 λίων
2336 3682 2594 3754 κηρύττει
2624 3683 2844 3752 γνῶσιν.
2863 3683 3024 3738 Ἀλλά
3053 3685 3336 3754 κρείττων,
3369 3685 3550 3754 φησὶν,
3574 3685 3604 3736 ό
3624 3685 3749 3748 Υἱὸς

2173 3774 2282 3828 τῶν
2330 3775 2597 3843 ἀγγέλων’
2647 3774 2783 3828 καθὸ
2824 3775 2932 3828 τῶν
2977 3777 3276 3847 ἀμεινόνων
3311 3778 3548 3847 κατέστη
3568 3778 3751 3831 διάκο-

2174 3882 2285 3928 νος,
2314 3863 2455 3918 κατά
2482 3864 2640 3917 τοῦτο
2668 3864 2953 3934 κρείττων.
2987 3870 3324 3920 Διακονεῖται
3361 3867 3416 3920 δὲ
3441 3869 3510 3920 τά
3541 3867 3751 3938 μεγαλα

2173 3957 2263 4011 διὰ
2292 3957 2560 4027 μεγάλων,
2589 3958 2682 4009 καὶ
2715 3956 2783 4009 τὰ
2815 3958 2989 4028 μικρά
3019 3959 3108 4012 διὰ
3148 3959 3256 4012 τῶν
3290 3960 3519 4029 μικρῶν.
3563 3959 3749 4028 Μέγας

2173 4045 2231 4097 δὲ
2281 4047 2310 4098 6
2357 4044 2514 4109 Υἱὸς,
2539 4045 2674 4098 καθὸ
2725 4046 3067 4119 ἀπαύγασμα
3114 4050 3208 4102 καὶ
3256 4049 3565 4120 χαρακτὴρ,
3617 4047 3752 4101 καθὸ

2174 4135 2395 4191 ἀκούειο
2429 4155 2448 4188 ι
2481 4137 2666 4191 Κάθου
2697 4139 2761 4193 ὲκ
2791 4139 2978 4203 δεξιῶν
3019 4156 3143 4208 μουο
3178 4160 3195 4193 ι
3241 4141 3374 4194 καθὸ
3411 4141 3750 4211 πρωτότοκος

2175 4232 2272 4283 καὶ
2317 4229 2407 4282 ὐπ’
2438 4229 2619 4282 αὐτῶν
2650 4231 2897 4298 ἀγγέλων
2927 4232 3420 4302 προσκυνούμενος.
3459 4235 3522 4286 Οί
3563 4233 3617 4285 δὲ
3654 4234 3751 4300 ἄγ-

2176 4322 2348 4390 γελοι,
2373 4320 2578 4375 τούτων
2606 4322 2778 4383 οὐδὲν,
2815 4322 2930 4374 ἀλλ’
2958 4323 3007 4374 οἱ
3042 4324 3139 4392 μὲν
3167 4323 3243 4385 ὡς
3273 4323 3578 4394 λειτουργοὶ
3613 4340 3752 4392 παρ-

497 4427 632 4496 gelis
663 4427 947 4483 adoratur.
975 4429 1165 4497 Angeli
1193 4445 1321 4484 vero
1345 4431 1475 4484 nihil
1505 4447 1694 4487 eorum
1727 4411 1942 4502 habent,
1975 4441 2067 4494 sed

2177 4413 2495 4484 εστήκασιν,
2543 4412 2620 4475 ὡς
2665 4411 2838 4464 δοῦλοι
2890 4413 3308 4480 προσκυνοῦσιν,
3358 4413 3433 4476 ὡς
3483 4414 3750 4484 ὑπηρέται

499 4527 559 4572 ιιι
613 4517 846 4573 ministri
898 4519 1286 4588 circumstant,
1319 4532 1378 4575 ut
1420 4524 1560 4578 servi
1611 4525 1776 4596 206
1818 4530 2068 4596 adorant,

497 4610 972 4681 ministeriumque
1013 4627 1166 4667 suum
1196 4622 1451 4682 praestant
1494 4624 1712 4684 preptcr
1744 4634 1839 4674 eos
1867 4622 1958 4689 qui
1987 4637 2072 4676 sa-

494 4701 665 4758 lutem
700 4712 826 4756 sunt
865 4704 1205 4758 consecuturi
1252 4705 1313 4758 ¹¹.
1358 4705 1533 4761 Tanto
1578 4707 1760 4776 itaque
1811 4721 2072 4778 praestan-

496 4793 604 4848 tior
631 4801 714 4849 est
745 4793 1141 4851 administratio
1182 4793 1489 4860 Servatoris
1542 4812 1702 4866 quam
1737 4800 2070 4870 angelorum,

496 4891 697 4950 quanto
733 4897 869 4937 unus
907 4882 1122 4951 quidem
1163 4883 1216 4937 in
1273 4885 1398 4949 illis,
1451 4886 1604 4942 alteri
1650 4899 1827 4945 autem
1880 4891 1932 4945 in
1984 4895 2068 4948 his

474 4981 805 5047 .versantur.
853 4971 1001 5028 Hanc
1056 4974 1218 5044 igitur
1257 4976 1327 5030 ob
1376 4992 1593 5032 causam
1637 4979 1833 5037 Paulus
1887 4984 2069 5041 volens

495 5077 816 5130 comparare
849 5063 991 5119 inter
1020 5079 1081 5119 se
1113 5065 1276 5121 hasce
1304 5068 1821 5137 administrationes,
1851 5074 2024 5144 inquit
2053 5095 2066 5130 :

503 5168 521 5200 ι
560 5150 749 5209 Melior
772 5152 948 5208 lactus
979 5155 1203 5224 angelis.
1236 5175 1253 5207 ι
1298 5156 1432 5212 Cum
1465 5173 1592 5213 vero
1629 5161 1694 5215 ad
1736 5165 2071 5220 substantia-

497 5258 617 5296 rum
654 5245 1118 5312 comparationem
1156 5251 1322 5316 venit,
1373 5250 1590 5320 inquit:
1627 5271 1646 5304 ι
1679 5253 1890 5319 Quanto
1918 5257 2072 5312 dilic-

502 5336 712 5389 rentius
740 5336 988 5394 Christus
1021 5338 1130 5395 illis
1176 5356 1375 5396 nomen
1412 5342 1634 5397 sortitus
1665 5346 1829 5399 est".
1872 5367 1889 5398 ι
1942 5349 2056 5404 Νοη

496 5425 607 5493 jam
640 5427 715 5478 ait
755 5429 960 5495 melius,
992 5433 1088 5486 sed
1122 5433 1448 5502 diﬂ’erentius
1472 5451 1490 5488 :
1521 5438 1663 5505 quod
1697 5441 1910 5507 quidem
1954 5460 2070 5497 Ina-

505 5531 663 5586 gnam
696 5517 1063 5575 diversitatem
1094 5525 1380 5593 significat.

2175 4505 2427 4575 τρέχουσι
2460 4503 2548 4557 διὰ
2572 4505 2696 4566 τοὺς
2730 4504 3021 4574 μέλλοντας
3065 4503 3420 4573 κληρονομεῖν
3453 4505 3748 4575 σωτηρίαν.

2177 4597 2457 4666 Κρείττων
2487 4595 2595 4667 ἄρα
2620 4595 2713 4646 τοῦ
2749 4595 2998 4664 Σωτῆρος
3023 4596 3056 4663 ή
3080 4593 3322 4647 διακονία
3350 4595 3451 4664 τῆς
3489 4595 3554 4647 δι’
3585 4595 3752 4664 ἀγγέ-

2176 4687 2304 4753 λων,
2335 4688 2553 4757 ὂσῳπερ
2584 4688 2611 4738 ὁ
2641 4687 2739 4755 μὲν
2767 4688 2824 4738 ὲν
2851 4685 3082 4749 τούτοις,
3108 4685 3157 4737 οί
3189 4685 3245 4738 δὲ
3280 4687 3337 4738 ἐν
3379 4686 3623 4748 ἐκείνοις.
3651 4686 3750 4739 Διά

2177 4778 2380 4848 ταύτην
2413 4776 2700 4847 τοιγαροῦν
2732 4777 2827 4846 τὴν
2855 4776 3034 4829 αἰτίαν
3061 4778 3090 4829 6
3118 4775 3329 4840 Παῦλος
3355 4779 3452 4840 τὰς
3477 4777 3748 4839 διακονίας

2181 4871 2461 4940 συγκρῖναι
2484 4869 2727 4937 θελήσας,
2760 4868 2905 4934 λέγει
2924 4882 2936 4895 ·
2973 4887 2991 4917 ι
3023 4867 3303 4937 Κρείττων
3331 4869 3618 4939 γενόμενος
3640 4868 3748 4921 τῶν

2177 4962 2438 5029 ἀγγέλων.
2473 4961 2629 5012 »Ὅτε
2657 4959 2712 5010 δὲ
2747 4959 2841 5010 ἐπὶ
2880 4958 2978 5029 τὴν
3003 4959 3110 5011 τῶν
3139 4959 3336 5011 οὐσιῶν
3365 4957 3589 5029 ἔρχεται
3617 4958 3747 5027 σύγ·-

2176 5074 2376 5126 κρισιν,
2411 5055 2558 5122 λέγει
2577 5069 2592 5086 ο
2630 5054 2811 5122 ι”υσῳ
2843 5051 3240 5123 διαφορώτερον
3270 5051 3400 5120 παρ’
3430 5051 3631 5115 αὐτοὺς
3656 5069 3748 5104 κε-

2181 5149 2588 5221 κληρονόμηκεν
2619 5144 2807 5215 ὄνομα.
2834 5163 2852 5196 ›
2875 5143 3092 5209 Οὐκέτι,
3116 5145 3388 5212 κρεῖττον
3403 5187 3418 5211 ,
3443 5146 3601 5207 ἀλλὰ,
3620 5144 3745 5197 δια-

2179 5240 2533 5310 φορώτερον,
2564 5237 2593 5289 ὃ
2636 5237 2701 5295 δὴ
2749 5235 2844 5291 καὶ
2883 5235 3081 5307 πολλὴν
3113 5236 3354 5308 είσφέρει
3387 5237 3486 5311 τὴν
3521 5237 3748 5302 ἐξαλλα-

2179 5334 2302 5405 γῆν.

603 5657 854 5740 ’Ζξςιξςμε
881 5660 970 5740 ιε.
1048 5662 1268 5722 6Matth.
1297 5669 1441 5737 tx,2.
1523 5670 1540 5700 ⁷
1570 5667 1752 5724 Matth.
1778 5687 1893 5740 tm,
1914 5672 2102 5734 ‘28.“.
2183 5679 2199 5710 '
2227 5676 2384 5734 Hebr.
2414 5668 2526 5740 r,l.
2615 5665 2633 5694 ⁹
2661 5663 2791 5720 ibid.
2821 5662 2871 5716 ὅ.
2955 5662 2996 5692 ¹⁰
3020 5659 3156 5715 l‘sal.
3183 5673 3293 5724 cxx,
3323 5657 3366 5710 l.
3449 5656 3486 5686 “
3510 5655 3669 5710 Hebr.
3701 5669 3749 5720 ι,

515 5727 599 5784 Η.
682 5729 722 5759 ¹¹
749 5730 874 5787 ibid.
903 5731 954 5786 4.
