  <div class='ocr_page' id='page_1' title='image "/cluster/home/n/w/nwhite01/storage/ocr_20150623/75/hvd.32044073502031/180.png"; bbox 0 0 4036 6208; ppageno 0'>
   <div class='ocr_carea' id='block_1_1' title="bbox 275 347 385 407">
    <p class='ocr_par' dir='ltr' id='par_1_1' title="bbox 275 347 385 407">
     <span class='ocr_line' id='line_1_1' title="bbox 275 347 385 407; baseline 0.018 -2"><span class='ocrx_word' id='word_1_1' title='bbox 275 347 385 407; x_wconf 61' lang='grc'><strong><em>369</em></strong></span> 
     </span>
    </p>
   </div>
   <div class='ocr_carea' id='block_1_2' title="bbox 1681 345 2136 408">
    <p class='ocr_par' dir='ltr' id='par_1_2' title="bbox 1681 345 2136 408">
     <span class='ocr_line' id='line_1_2' title="bbox 1681 345 2136 408; baseline 0.015 -7"><span class='ocrx_word' id='word_1_2' title='bbox 1681 345 2136 408; x_wconf 73' lang='lat' dir='ltr'><strong><em>THESAURUS.</em></strong></span> 
     </span>
    </p>
   </div>
   <div class='ocr_carea' id='block_1_3' title="bbox 3434 370 3541 426">
    <p class='ocr_par' dir='ltr' id='par_1_3' title="bbox 3434 370 3541 426">
     <span class='ocr_line' id='line_1_3' title="bbox 3434 370 3541 426; baseline 0.019 -2"><span class='ocrx_word' id='word_1_3' title='bbox 3434 370 3541 426; x_wconf 75' lang='lat'><strong><em>350</em></strong></span> 
     </span>
    </p>
   </div>
   <div class='ocr_carea' id='block_1_4' title="bbox 272 464 1847 605">
    <p class='ocr_par' dir='ltr' id='par_1_4' title="bbox 272 464 1847 605">
     <span class='ocr_line' id='line_1_4' title="bbox 272 464 1847 591; baseline -0.002 -65"><span class='ocrx_word' id='word_1_4' title='bbox 272 469 610 540; x_wconf 78' lang='grc' dir='ltr'>Παρόθεσις</span> <span class='ocrx_word' id='word_1_5' title='bbox 645 467 886 591; x_wconf 46' lang='grc' dir='ltr'><strong><em>ῥητῶνζ</em></strong></span> <span class='ocrx_word' id='word_1_6' title='bbox 904 464 1038 536; x_wconf 73' lang='grc' dir='ltr'>περὶ</span> <span class='ocrx_word' id='word_1_7' title='bbox 1078 465 1535 536; x_wconf 79' lang='grc' dir='ltr'>άνθρωπότητος</span> <span class='ocrx_word' id='word_1_8' title='bbox 1571 469 1847 535; x_wconf 80' lang='grc' dir='ltr'>Χριστοῦ.</span> 
     </span>
     <span class='ocr_line' id='line_1_5' title="bbox 338 537 1847 605; baseline -0.002 -10"><span class='ocrx_word' id='word_1_9' title='bbox 338 541 438 595; x_wconf 76' lang='grc' dir='ltr'>καὶ</span> <span class='ocrx_word' id='word_1_10' title='bbox 476 541 661 605; x_wconf 72' lang='grc' dir='ltr'>λύσις</span> <span class='ocrx_word' id='word_1_11' title='bbox 732 538 924 605; x_wconf 76' lang='grc' dir='ltr'>φεξης</span> <span class='ocrx_word' id='word_1_12' title='bbox 968 539 1056 602; x_wconf 79' lang='grc' dir='ltr'><strong><em>εις</em></strong></span> <span class='ocrx_word' id='word_1_13' title='bbox 1093 537 1182 602; x_wconf 85' lang='grc' dir='ltr'><strong><em>τὸ,</em></strong></span> <span class='ocrx_word' id='word_1_14' title='bbox 1220 555 1238 589; x_wconf 82' lang='grc' dir='ltr'><strong><em>ι</em></strong></span> <span class='ocrx_word' id='word_1_15' title='bbox 1268 539 1540 603; x_wconf 84' lang='grc' dir='ltr'><strong><em>Τοσούτῳ</em></strong></span> <span class='ocrx_word' id='word_1_16' title='bbox 1569 540 1847 605; x_wconf 78' lang='grc' dir='ltr'><strong><em>κρείττων</em></strong></span> 
     </span>
    </p>
   </div>
   <div class='ocr_carea' id='block_1_5' title="bbox 1952 464 3538 605">
    <p class='ocr_par' dir='ltr' id='par_1_5' title="bbox 1959 471 3538 605">
     <span class='ocr_line' id='line_1_6' title="bbox 1959 471 3538 551; baseline 0.009 -27"><span class='ocrx_word' id='word_1_17' title='bbox 1959 471 2236 542; x_wconf 71' lang='lat' dir='ltr'><strong><em>Appendix</em></strong></span> <span class='ocrx_word' id='word_1_18' title='bbox 2283 473 2545 528; x_wconf 76' lang='lat' dir='ltr'><strong><em>dictorum</em></strong></span> <span class='ocrx_word' id='word_1_19' title='bbox 2602 474 2669 528; x_wconf 86' lang='lat' dir='ltr'><strong><em>de</em></strong></span> <span class='ocrx_word' id='word_1_20' title='bbox 2723 475 3051 531; x_wconf 73' lang='lat' dir='ltr'><strong><em>humanitate</em></strong></span> <span class='ocrx_word' id='word_1_21' title='bbox 3103 478 3339 545; x_wconf 80' lang='lat' dir='ltr'><strong><em>Christi;</em></strong></span> <span class='ocrx_word' id='word_1_22' title='bbox 3401 501 3538 551; x_wconf 70' lang='lat' dir='ltr'><strong><em>prte-</em></strong></span> 
     </span>
     <span class='ocr_line' id='line_1_7' title="bbox 2032 542 3538 605; baseline 0.007 -11"><span class='ocrx_word' id='word_1_23' title='bbox 2032 550 2173 595; x_wconf 86' lang='lat' dir='ltr'><strong><em>terea</em></strong></span> <span class='ocrx_word' id='word_1_24' title='bbox 2227 542 2416 597; x_wconf 86' lang='lat' dir='ltr'><strong><em>solutio</em></strong></span> <span class='ocrx_word' id='word_1_25' title='bbox 2469 543 2583 605; x_wconf 82' lang='lat' dir='ltr'><strong><em>ejus</em></strong></span> <span class='ocrx_word' id='word_1_26' title='bbox 2642 544 2821 599; x_wconf 86' lang='lat' dir='ltr'><strong><em>dicti:</em></strong></span> <span class='ocrx_word' id='word_1_27' title='bbox 2858 563 2877 597; x_wconf 87' lang='grc' dir='ltr'><strong><em>ι</em></strong></span> <span class='ocrx_word' id='word_1_28' title='bbox 2913 545 3081 602; x_wconf 84' lang='lat' dir='ltr'><strong><em>Tanto</em></strong></span> <span class='ocrx_word' id='word_1_29' title='bbox 3128 546 3315 604; x_wconf 65' lang='lat' dir='ltr'><strong><em>melior</em></strong></span> <span class='ocrx_word' id='word_1_30' title='bbox 3365 553 3538 605; x_wconf 76' lang='lat' dir='ltr'><strong><em>factus</em></strong></span> 
     </span>
    </p>
   </div>
   <div class='ocr_carea' id='block_1_6' title="bbox 732 536 1853 678">
    <p class='ocr_par' dir='ltr' id='par_1_6' title="bbox 732 536 1853 678">
     <span class='ocr_line' id='line_1_8' title="bbox 732 536 1853 663; baseline 0.001 -72"><span class='ocrx_word' id='word_1_31' title='bbox 732 536 924 663; x_wconf 49' lang='grc' dir='ltr'>ςρεξῇς</span> <span class='ocrx_word' id='word_1_32' title='bbox 968 539 1056 602; x_wconf 74' lang='grc' dir='ltr'>εἰς</span> <span class='ocrx_word' id='word_1_33' title='bbox 1093 537 1182 602; x_wconf 85' lang='grc' dir='ltr'><strong><em>τὸ,</em></strong></span> <span class='ocrx_word' id='word_1_34' title='bbox 1220 555 1238 589; x_wconf 82' lang='grc' dir='ltr'><strong><em>ι</em></strong></span> <span class='ocrx_word' id='word_1_35' title='bbox 1268 539 1540 603; x_wconf 85' lang='grc' dir='ltr'><strong><em>Τοσούτῳ</em></strong></span> <span class='ocrx_word' id='word_1_36' title='bbox 1569 540 1853 608; x_wconf 77' lang='grc' dir='ltr'><em>κρείττων</em></span> 
     </span>
     <span class='ocr_line' id='line_1_9' title="bbox 733 606 1192 678; baseline -0.004 -18"><span class='ocrx_word' id='word_1_37' title='bbox 733 625 819 661; x_wconf 86' lang='grc' dir='ltr'>ων</span> <span class='ocrx_word' id='word_1_38' title='bbox 895 606 1142 678; x_wconf 46' lang='lat' dir='ltr'><strong><em>meum.</em></strong></span> <span class='ocrx_word' id='word_1_39' title='bbox 1173 624 1192 658; x_wconf 73' lang='grc' dir='ltr'><strong><em>ι</em></strong></span> 
     </span>
    </p>
   </div>
   <div class='ocr_carea' id='block_1_7' title="bbox 1039 623 1192 660">
    <p class='ocr_par' dir='ltr' id='par_1_7' title="bbox 1039 623 1192 660">
     <span class='ocr_line' id='line_1_10' title="bbox 1039 623 1192 660; baseline 0 -1"><span class='ocrx_word' id='word_1_40' title='bbox 1039 623 1192 660; x_wconf 69' lang='grc' dir='ltr'>ων.»</span> 
     </span>
    </p>
   </div>
   <div class='ocr_carea' id='block_1_8' title="bbox 338 541 622 595">
    <p class='ocr_par' dir='ltr' id='par_1_8' title="bbox 338 541 622 595">
     <span class='ocr_line' id='line_1_11' title="bbox 338 541 622 595; baseline -0.011 0"><span class='ocrx_word' id='word_1_41' title='bbox 338 541 438 595; x_wconf 76' lang='grc' dir='ltr'>καὶ</span> <span class='ocrx_word' id='word_1_42' title='bbox 476 541 622 594; x_wconf 72' lang='grc' dir='ltr'>λύσι</span> 
     </span>
    </p>
   </div>
   <div class='ocr_carea' id='block_1_9' title="bbox 337 609 819 680">
    <p class='ocr_par' dir='ltr' id='par_1_9' title="bbox 337 609 819 680">
     <span class='ocr_line' id='line_1_12' title="bbox 337 609 819 680; baseline -0.008 -16"><span class='ocrx_word' id='word_1_43' title='bbox 337 611 663 680; x_wconf 78' lang='grc' dir='ltr'>γενόμενος</span> <span class='ocrx_word' id='word_1_44' title='bbox 699 609 819 661; x_wconf 86' lang='grc' dir='ltr'><strong><em>τῶν</em></strong></span> 
     </span>
    </p>
   </div>
   <div class='ocr_carea' id='block_1_10' title="bbox 338 717 1852 790">
    <p class='ocr_par' dir='ltr' id='par_1_10' title="bbox 338 717 1852 790">
     <span class='ocr_line' id='line_1_13' title="bbox 338 717 1852 790; baseline -0.003 -14"><span class='ocrx_word' id='word_1_45' title='bbox 338 723 461 776; x_wconf 90' lang='grc' dir='ltr'>Ὅτι</span> <span class='ocrx_word' id='word_1_46' title='bbox 491 722 556 774; x_wconf 83' lang='grc' dir='ltr'>τὸ</span> <span class='ocrx_word' id='word_1_47' title='bbox 589 739 607 772; x_wconf 86' lang='grc' dir='ltr'><strong><em>ι</em></strong></span> <span class='ocrx_word' id='word_1_48' title='bbox 635 719 900 790; x_wconf 77' lang='grc' dir='ltr'><strong><em>κρείττων</em></strong></span> <span class='ocrx_word' id='word_1_49' title='bbox 931 737 949 770; x_wconf 77' lang='grc' dir='ltr'><strong><em>ι</em></strong></span> <span class='ocrx_word' id='word_1_50' title='bbox 999 717 1187 772; x_wconf 68' lang='grc' dir='ltr'>ἐνθάδε</span> <span class='ocrx_word' id='word_1_51' title='bbox 1235 717 1540 788; x_wconf 78' lang='grc' dir='ltr'><strong><em>τιθέμενον,</em></strong></span> <span class='ocrx_word' id='word_1_52' title='bbox 1575 719 1685 772; x_wconf 86' lang='grc' dir='ltr'><strong><em>τῶν</em></strong></span> <span class='ocrx_word' id='word_1_53' title='bbox 1735 719 1852 773; x_wconf 89' lang='grc' dir='ltr'>δια-</span> 
     </span>
    </p>
   </div>
   <div class='ocr_carea' id='block_1_11' title="bbox 269 805 1848 881">
    <p class='ocr_par' dir='ltr' id='par_1_11' title="bbox 269 805 1848 881">
     <span class='ocr_line' id='line_1_14' title="bbox 269 805 1848 881; baseline -0.004 -15"><span class='ocrx_word' id='word_1_54' title='bbox 269 812 502 866; x_wconf 83' lang='grc' dir='ltr'>κονικῶν</span> <span class='ocrx_word' id='word_1_55' title='bbox 534 810 779 881; x_wconf 77' lang='grc' dir='ltr'><strong><em>εἰσφέρει</em></strong></span> <span class='ocrx_word' id='word_1_56' title='bbox 810 808 910 880; x_wconf 81' lang='grc' dir='ltr'>τὴν</span> <span class='ocrx_word' id='word_1_57' title='bbox 928 805 1236 877; x_wconf 86' lang='grc' dir='ltr'>σύγκρισιν,</span> <span class='ocrx_word' id='word_1_58' title='bbox 1268 807 1612 877; x_wconf 81' lang='grc' dir='ltr'><strong><em>γνωσόμεθα,</em></strong></span> <span class='ocrx_word' id='word_1_59' title='bbox 1634 807 1848 860; x_wconf 88' lang='grc' dir='ltr'>Παύλου</span> 
     </span>
    </p>
   </div>
   <div class='ocr_carea' id='block_1_12' title="bbox 267 897 1847 971">
    <p class='ocr_par' dir='ltr' id='par_1_12' title="bbox 267 897 1847 971">
     <span class='ocr_line' id='line_1_15' title="bbox 267 897 1847 971; baseline -0.004 -14"><span class='ocrx_word' id='word_1_60' title='bbox 267 904 518 971; x_wconf 87' lang='grc' dir='ltr'>λέγοντος</span> <span class='ocrx_word' id='word_1_61' title='bbox 541 918 556 932; x_wconf 79' lang='grc' dir='ltr'><strong><em>ο</em></strong></span> <span class='ocrx_word' id='word_1_62' title='bbox 593 920 612 952; x_wconf 82' lang='grc' dir='ltr'><strong><em>ι</em></strong></span> <span class='ocrx_word' id='word_1_63' title='bbox 643 901 705 953; x_wconf 80' lang='grc' dir='ltr'><strong>Εἰ</strong></span> <span class='ocrx_word' id='word_1_64' title='bbox 758 899 866 968; x_wconf 83' lang='grc' dir='ltr'>γὰρ</span> <span class='ocrx_word' id='word_1_65' title='bbox 916 898 946 950; x_wconf 92' lang='grc' dir='ltr'><strong><em>ὁ</em></strong></span> <span class='ocrx_word' id='word_1_66' title='bbox 989 897 1056 951; x_wconf 89' lang='grc' dir='ltr'><strong><em>δι’</em></strong></span> <span class='ocrx_word' id='word_1_67' title='bbox 1089 897 1335 966; x_wconf 89' lang='grc' dir='ltr'>ἀγγέλων</span> <span class='ocrx_word' id='word_1_68' title='bbox 1380 897 1627 968; x_wconf 74' lang='grc' dir='ltr'><strong><em>λαληθεὶς</em></strong></span> <span class='ocrx_word' id='word_1_69' title='bbox 1672 899 1847 966; x_wconf 89' lang='grc' dir='ltr'>λόγος,</span> 
     </span>
    </p>
   </div>
   <div class='ocr_carea' id='block_1_13' title="bbox 268 988 1849 1061">
    <p class='ocr_par' dir='ltr' id='par_1_13' title="bbox 268 988 1849 1061">
     <span class='ocr_line' id='line_1_16' title="bbox 268 988 1849 1061; baseline -0.004 -13"><span class='ocrx_word' id='word_1_70' title='bbox 268 995 488 1061; x_wconf 72' lang='grc' dir='ltr'>ἐγένετο</span> <span class='ocrx_word' id='word_1_71' title='bbox 521 991 759 1060; x_wconf 87' lang='grc' dir='ltr'>βέϐαιος,</span> <span class='ocrx_word' id='word_1_72' title='bbox 797 991 890 1042; x_wconf 74' lang='grc' dir='ltr'>καὶ</span> <span class='ocrx_word' id='word_1_73' title='bbox 934 991 1087 1042; x_wconf 80' lang='grc' dir='ltr'>πᾶσα</span> <span class='ocrx_word' id='word_1_74' title='bbox 1125 989 1438 1059; x_wconf 89' lang='grc' dir='ltr'>παράϐασις</span> <span class='ocrx_word' id='word_1_75' title='bbox 1472 989 1566 1042; x_wconf 77' lang='grc' dir='ltr'>καὶ</span> <span class='ocrx_word' id='word_1_76' title='bbox 1594 988 1849 1061; x_wconf 75' lang='grc' dir='ltr'><strong><em>παρακοὴ</em></strong></span> 
     </span>
    </p>
   </div>
   <div class='ocr_carea' id='block_1_14' title="bbox 267 1080 1849 1152">
    <p class='ocr_par' dir='ltr' id='par_1_14' title="bbox 267 1080 1849 1152">
     <span class='ocr_line' id='line_1_17' title="bbox 267 1080 1849 1152; baseline -0.003 -14"><span class='ocrx_word' id='word_1_77' title='bbox 267 1085 459 1139; x_wconf 76' lang='grc' dir='ltr'>ἐλαϐεν</span> <span class='ocrx_word' id='word_1_78' title='bbox 479 1083 687 1136; x_wconf 80' lang='grc' dir='ltr'>ἔνδικον</span> <span class='ocrx_word' id='word_1_79' title='bbox 705 1081 1148 1152; x_wconf 79' lang='grc' dir='ltr'><strong><em>μισθαποδοσίαν,</em></strong></span> <span class='ocrx_word' id='word_1_80' title='bbox 1169 1080 1284 1143; x_wconf 87' lang='grc' dir='ltr'><strong><em>πῶς</em></strong></span> <span class='ocrx_word' id='word_1_81' title='bbox 1303 1081 1461 1150; x_wconf 86' lang='grc' dir='ltr'>ήμεῖς</span> <span class='ocrx_word' id='word_1_82' title='bbox 1476 1080 1849 1150; x_wconf 76' lang='grc' dir='ltr'><strong><em>ἐκφευξόμεθα</em></strong></span> 
     </span>
    </p>
   </div>
   <div class='ocr_carea' id='block_1_15' title="bbox 265 1171 1849 1245">
    <p class='ocr_par' dir='ltr' id='par_1_15' title="bbox 265 1171 1849 1245">
     <span class='ocr_line' id='line_1_18' title="bbox 265 1171 1849 1245; baseline 0.004 -25"><span class='ocrx_word' id='word_1_83' title='bbox 265 1177 521 1245; x_wconf 73' lang='grc' dir='ltr'><strong><em>τοιαύτης</em></strong></span> <span class='ocrx_word' id='word_1_84' title='bbox 549 1174 923 1244; x_wconf 83' lang='grc' dir='ltr'><strong><em>ἀμελήσαντες</em></strong></span> <span class='ocrx_word' id='word_1_85' title='bbox 945 1172 1217 1242; x_wconf 79' lang='grc' dir='ltr'>σωτηρίας</span> <span class='ocrx_word' id='word_1_86' title='bbox 1233 1210 1249 1235; x_wconf 96' lang='grc'><strong><em>,</em></strong></span> <span class='ocrx_word' id='word_1_87' title='bbox 1275 1173 1396 1240; x_wconf 75' lang='grc' dir='ltr'>ἥτις</span> <span class='ocrx_word' id='word_1_88' title='bbox 1416 1171 1592 1242; x_wconf 81' lang='grc' dir='ltr'>ἀρχὴν</span> <span class='ocrx_word' id='word_1_89' title='bbox 1611 1171 1849 1228; x_wconf 88' lang='grc' dir='ltr'>λαϐοῦσα</span> 
     </span>
    </p>
   </div>
   <div class='ocr_carea' id='block_1_16' title="bbox 265 1262 1849 1334">
    <p class='ocr_par' dir='ltr' id='par_1_16' title="bbox 265 1262 1849 1334">
     <span class='ocr_line' id='line_1_19' title="bbox 265 1262 1849 1334; baseline -0.002 -14"><span class='ocrx_word' id='word_1_90' title='bbox 265 1267 545 1322; x_wconf 78' lang='grc' dir='ltr'>λαλεῖσθαι</span> <span class='ocrx_word' id='word_1_91' title='bbox 596 1266 685 1318; x_wconf 85' lang='grc' dir='ltr'><strong><em>διὰ</em></strong></span> <span class='ocrx_word' id='word_1_92' title='bbox 723 1263 821 1318; x_wconf 89' lang='grc' dir='ltr'><strong><em>τοῦ</em></strong></span> <span class='ocrx_word' id='word_1_93' title='bbox 853 1262 1082 1334; x_wconf 80' lang='grc' dir='ltr'><strong><em>Κυρίου,</em></strong></span> <span class='ocrx_word' id='word_1_94' title='bbox 1109 1263 1214 1315; x_wconf 80' lang='grc' dir='ltr'>ὑπὸ</span> <span class='ocrx_word' id='word_1_95' title='bbox 1241 1263 1349 1316; x_wconf 87' lang='grc' dir='ltr'>τῶν</span> <span class='ocrx_word' id='word_1_96' title='bbox 1379 1263 1729 1316; x_wconf 81' lang='grc' dir='ltr'><strong><em>ἀκουσάντων</em></strong></span> <span class='ocrx_word' id='word_1_97' title='bbox 1767 1266 1849 1328; x_wconf 76' lang='grc' dir='ltr'><strong><em>είς</em></strong></span> 
     </span>
    </p>
   </div>
   <div class='ocr_carea' id='block_1_17' title="bbox 265 1352 1848 1428">
    <p class='ocr_par' dir='ltr' id='par_1_17' title="bbox 265 1352 1848 1428">
     <span class='ocr_line' id='line_1_20' title="bbox 265 1352 1848 1428; baseline 0 -19"><span class='ocrx_word' id='word_1_98' title='bbox 265 1361 410 1428; x_wconf 72' lang='grc' dir='ltr'>ἡμᾶς</span> <span class='ocrx_word' id='word_1_99' title='bbox 437 1354 766 1424; x_wconf 82' lang='grc' dir='ltr'>ὲϐεϐαιὼθη;</span> <span class='ocrx_word' id='word_1_100' title='bbox 800 1374 819 1406; x_wconf 86' lang='grc'><strong>›</strong></span> <span class='ocrx_word' id='word_1_101' title='bbox 858 1354 968 1408; x_wconf 77' lang='grc' dir='ltr'><strong><em>Καὶ</em></strong></span> <span class='ocrx_word' id='word_1_102' title='bbox 989 1353 1152 1407; x_wconf 89' lang='grc' dir='ltr'>πάλιν</span> <span class='ocrx_word' id='word_1_103' title='bbox 1171 1369 1186 1384; x_wconf 79' lang='grc'><strong><em>⁸</em></strong></span> <span class='ocrx_word' id='word_1_104' title='bbox 1223 1373 1240 1405; x_wconf 82' lang='grc' dir='ltr'><strong><em>ι</em></strong></span> <span class='ocrx_word' id='word_1_105' title='bbox 1263 1352 1556 1423; x_wconf 82' lang='grc' dir='ltr'>’Λθετήσας</span> <span class='ocrx_word' id='word_1_106' title='bbox 1576 1372 1660 1417; x_wconf 87' lang='grc' dir='ltr'><strong><em>τις</em></strong></span> <span class='ocrx_word' id='word_1_107' title='bbox 1684 1356 1848 1426; x_wconf 87' lang='grc' dir='ltr'>νόμον</span> 
     </span>
    </p>
   </div>
   <div class='ocr_carea' id='block_1_18' title="bbox 261 1445 1846 1518">
    <p class='ocr_par' dir='ltr' id='par_1_18' title="bbox 261 1445 1846 1518">
     <span class='ocr_line' id='line_1_21' title="bbox 261 1445 1846 1518; baseline -0.003 -14"><span class='ocrx_word' id='word_1_108' title='bbox 261 1450 530 1514; x_wconf 82' lang='grc' dir='ltr'><strong><em>Μωσέως,</em></strong></span> <span class='ocrx_word' id='word_1_109' title='bbox 548 1448 716 1518; x_wconf 80' lang='grc' dir='ltr'>χωρὶς</span> <span class='ocrx_word' id='word_1_110' title='bbox 741 1445 1036 1517; x_wconf 62' lang='grc' dir='ltr'><strong><em>οίκτιρμῶιν</em></strong></span> <span class='ocrx_word' id='word_1_111' title='bbox 1059 1445 1150 1498; x_wconf 73' lang='grc' dir='ltr'><strong><em>ἐπὶ</em></strong></span> <span class='ocrx_word' id='word_1_112' title='bbox 1173 1445 1324 1498; x_wconf 71' lang='grc' dir='ltr'>δυσὶν</span> <span class='ocrx_word' id='word_1_113' title='bbox 1353 1445 1384 1515; x_wconf 82' lang='grc' dir='ltr'>ἢ</span> <span class='ocrx_word' id='word_1_114' title='bbox 1409 1446 1552 1515; x_wconf 81' lang='grc' dir='ltr'>τρισὶ</span> <span class='ocrx_word' id='word_1_115' title='bbox 1580 1447 1846 1517; x_wconf 90' lang='grc' dir='ltr'>μάρτυσιν</span> 
     </span>
    </p>
   </div>
   <div class='ocr_carea' id='block_1_19' title="bbox 261 1541 1843 1614">
    <p class='ocr_par' dir='ltr' id='par_1_19' title="bbox 261 1541 1843 1614">
     <span class='ocr_line' id='line_1_22' title="bbox 261 1541 1843 1614; baseline -0.003 -14"><span class='ocrx_word' id='word_1_116' title='bbox 261 1546 629 1614; x_wconf 78' lang='grc' dir='ltr'>ἀποθνήσκει.</span> <span class='ocrx_word' id='word_1_117' title='bbox 661 1543 820 1612; x_wconf 84' lang='grc' dir='ltr'><strong><em>Πόσῳ</em></strong></span> <span class='ocrx_word' id='word_1_118' title='bbox 859 1542 1064 1595; x_wconf 86' lang='grc' dir='ltr'>δοκεῖτε</span> <span class='ocrx_word' id='word_1_119' title='bbox 1093 1541 1336 1611; x_wconf 84' lang='grc' dir='ltr'>χείρονος</span> <span class='ocrx_word' id='word_1_120' title='bbox 1369 1541 1729 1612; x_wconf 81' lang='grc' dir='ltr'>ἀξιωθήσεται</span> <span class='ocrx_word' id='word_1_121' title='bbox 1760 1561 1843 1595; x_wconf 87' lang='grc' dir='ltr'>τι·</span> 
     </span>
    </p>
   </div>
   <div class='ocr_carea' id='block_1_20' title="bbox 263 1633 1844 1707">
    <p class='ocr_par' dir='ltr' id='par_1_20' title="bbox 263 1633 1844 1707">
     <span class='ocr_line' id='line_1_23' title="bbox 263 1633 1844 1707; baseline 0 -20"><span class='ocrx_word' id='word_1_122' title='bbox 263 1638 480 1707; x_wconf 81' lang='grc' dir='ltr'>μωρίας</span> <span class='ocrx_word' id='word_1_123' title='bbox 509 1638 538 1688; x_wconf 98' lang='lat'><strong><em>6</em></strong></span> <span class='ocrx_word' id='word_1_124' title='bbox 565 1635 657 1688; x_wconf 83' lang='grc' dir='ltr'>τὸν</span> <span class='ocrx_word' id='word_1_125' title='bbox 686 1635 813 1687; x_wconf 83' lang='grc' dir='ltr'><strong><em>Υίὸν</em></strong></span> <span class='ocrx_word' id='word_1_126' title='bbox 839 1633 934 1685; x_wconf 88' lang='grc' dir='ltr'><strong><em>τοῦ</em></strong></span> <span class='ocrx_word' id='word_1_127' title='bbox 967 1633 1100 1685; x_wconf 88' lang='grc' dir='ltr'>Θεοῦ</span> <span class='ocrx_word' id='word_1_128' title='bbox 1133 1634 1522 1702; x_wconf 80' lang='grc' dir='ltr'>καταπατήσας</span> <span class='ocrx_word' id='word_1_129' title='bbox 1548 1651 1562 1697; x_wconf 87' lang='grc'><strong>;</strong></span> <span class='ocrx_word' id='word_1_130' title='bbox 1595 1653 1612 1685; x_wconf 75' lang='grc' dir='ltr'><strong><em>ι</em></strong></span> <span class='ocrx_word' id='word_1_131' title='bbox 1651 1634 1844 1688; x_wconf 83' lang='grc' dir='ltr'>Καίτοι</span> 
     </span>
    </p>
   </div>
   <div class='ocr_carea' id='block_1_21' title="bbox 261 1722 1839 1794">
    <p class='ocr_par' dir='ltr' id='par_1_21' title="bbox 261 1722 1839 1794">
     <span class='ocr_line' id='line_1_24' title="bbox 261 1722 1839 1794; baseline -0.001 -14"><span class='ocrx_word' id='word_1_132' title='bbox 261 1729 310 1780; x_wconf 81' lang='grc' dir='ltr'><strong><em>εί</em></strong></span> <span class='ocrx_word' id='word_1_133' title='bbox 359 1727 453 1780; x_wconf 79' lang='grc' dir='ltr'><strong><em>διὰ</em></strong></span> <span class='ocrx_word' id='word_1_134' title='bbox 501 1726 565 1779; x_wconf 84' lang='grc' dir='ltr'>τὸ</span> <span class='ocrx_word' id='word_1_135' title='bbox 614 1725 900 1794; x_wconf 86' lang='grc' dir='ltr'>κρείττονα</span> <span class='ocrx_word' id='word_1_136' title='bbox 931 1722 1180 1791; x_wconf 85' lang='grc' dir='ltr'>λέγεσθαι</span> <span class='ocrx_word' id='word_1_137' title='bbox 1225 1722 1332 1775; x_wconf 85' lang='grc' dir='ltr'><strong><em>τῶν</em></strong></span> <span class='ocrx_word' id='word_1_138' title='bbox 1368 1723 1615 1791; x_wconf 87' lang='grc' dir='ltr'>ἀγγέλων</span> <span class='ocrx_word' id='word_1_139' title='bbox 1657 1725 1839 1789; x_wconf 81' lang='grc' dir='ltr'>αὑτὸν,</span> 
     </span>
    </p>
   </div>
   <div class='ocr_carea' id='block_1_22' title="bbox 2032 542 3541 620">
    <p class='ocr_par' dir='ltr' id='par_1_22' title="bbox 2032 542 3541 620">
     <span class='ocr_line' id='line_1_25' title="bbox 2032 542 3541 620; baseline 0.01 -26"><span class='ocrx_word' id='word_1_140' title='bbox 2032 550 2202 620; x_wconf 50' lang='lat' dir='ltr'><strong><em>terea“</em></strong></span> <span class='ocrx_word' id='word_1_141' title='bbox 2227 542 2416 597; x_wconf 86' lang='lat' dir='ltr'><strong><em>solutio</em></strong></span> <span class='ocrx_word' id='word_1_142' title='bbox 2469 543 2583 612; x_wconf 84' lang='lat' dir='ltr'><strong><em>ejus</em></strong></span> <span class='ocrx_word' id='word_1_143' title='bbox 2642 544 2768 599; x_wconf 86' lang='lat' dir='ltr'><strong><em>dicti</em></strong></span> <span class='ocrx_word' id='word_1_144' title='bbox 2802 560 2821 598; x_wconf 93' lang='lat'><em>:</em></span> <span class='ocrx_word' id='word_1_145' title='bbox 2858 563 2877 597; x_wconf 87' lang='grc' dir='ltr'><strong><em>ι</em></strong></span> <span class='ocrx_word' id='word_1_146' title='bbox 2913 545 3081 602; x_wconf 84' lang='lat' dir='ltr'><strong><em>Tanto</em></strong></span> <span class='ocrx_word' id='word_1_147' title='bbox 3128 542 3329 604; x_wconf 27' lang='lat' dir='ltr'><strong><em>melibr’</em></strong></span> <span class='ocrx_word' id='word_1_148' title='bbox 3363 542 3541 620; x_wconf 65' lang='lat' dir='ltr'><strong><em>fectus</em></strong></span> 
     </span>
    </p>
   </div>
   <div class='ocr_carea' id='block_1_23' title="bbox 2030 611 2305 680">
    <p class='ocr_par' dir='ltr' id='par_1_23' title="bbox 2030 611 2305 680">
     <span class='ocr_line' id='line_1_26' title="bbox 2030 611 2305 680; baseline 0.011 -18"><span class='ocrx_word' id='word_1_149' title='bbox 2030 611 2252 680; x_wconf 81' lang='lat' dir='ltr'><strong><em>angelis.</em></strong></span> <span class='ocrx_word' id='word_1_150' title='bbox 2286 631 2305 665; x_wconf 74' lang='grc' dir='ltr'><strong><em>ι</em></strong></span> 
     </span>
    </p>
   </div>
   <div class='ocr_carea' id='block_1_24' title="bbox 2029 717 3542 795">
    <p class='ocr_par' dir='ltr' id='par_1_24' title="bbox 2029 717 3542 795">
     <span class='ocr_line' id='line_1_27' title="bbox 2029 717 3542 795; baseline 0.01 -23"><span class='ocrx_word' id='word_1_151' title='bbox 2029 717 2183 786; x_wconf 83' lang='lat' dir='ltr'><strong><em>Quod</em></strong></span> <span class='ocrx_word' id='word_1_152' title='bbox 2228 735 2331 776; x_wconf 82' lang='lat' dir='ltr'><strong><em>vox</em></strong></span> <span class='ocrx_word' id='word_1_153' title='bbox 2375 740 2393 774; x_wconf 83' lang='grc' dir='ltr'><strong><em>ι</em></strong></span> <span class='ocrx_word' id='word_1_154' title='bbox 2432 721 2644 788; x_wconf 85' lang='lat' dir='ltr'><strong><em>melior,</em></strong></span> <span class='ocrx_word' id='word_1_155' title='bbox 2686 741 2704 774; x_wconf 76' lang='grc' dir='ltr'><strong><em>ι</em></strong></span> <span class='ocrx_word' id='word_1_156' title='bbox 2731 737 2796 778; x_wconf 90' lang='lat' dir='ltr'><strong><em>eo</em></strong></span> <span class='ocrx_word' id='word_1_157' title='bbox 2826 723 2945 780; x_wconf 91' lang='lat' dir='ltr'><strong><em>loco</em></strong></span> <span class='ocrx_word' id='word_1_158' title='bbox 2970 728 3166 795; x_wconf 90' lang='lat' dir='ltr'><strong><em>posita,</em></strong></span> <span class='ocrx_word' id='word_1_159' title='bbox 3197 731 3542 788; x_wconf 87' lang='lat' dir='ltr'><strong><em>administra-</em></strong></span> 
     </span>
    </p>
   </div>
   <div class='ocr_carea' id='block_1_25' title="bbox 1960 812 3539 891">
    <p class='ocr_par' dir='ltr' id='par_1_25' title="bbox 1960 812 3539 891">
     <span class='ocr_line' id='line_1_28' title="bbox 1960 812 3539 891; baseline 0.009 -26"><span class='ocrx_word' id='word_1_160' title='bbox 1960 812 2166 868; x_wconf 90' lang='lat' dir='ltr'><strong><em>tionum</em></strong></span> <span class='ocrx_word' id='word_1_161' title='bbox 2218 814 2677 881; x_wconf 86' lang='lat' dir='ltr'><strong><em>comparationem</em></strong></span> <span class='ocrx_word' id='word_1_162' title='bbox 2725 816 3010 884; x_wconf 85' lang='lat' dir='ltr'><strong><em>signiticet,</em></strong></span> <span class='ocrx_word' id='word_1_163' title='bbox 3055 820 3418 891; x_wconf 77' lang='lat' dir='ltr'><strong><em>intelligemus</em></strong></span> <span class='ocrx_word' id='word_1_164' title='bbox 3472 839 3539 880; x_wconf 82' lang='lat' dir='ltr'><strong><em>ex</em></strong></span> 
     </span>
    </p>
   </div>
   <div class='ocr_carea' id='block_1_26' title="bbox 1957 903 3540 980">
    <p class='ocr_par' dir='ltr' id='par_1_26' title="bbox 1957 903 3540 980">
     <span class='ocr_line' id='line_1_29' title="bbox 1957 903 3540 980; baseline 0.008 -22"><span class='ocrx_word' id='word_1_165' title='bbox 1957 903 2125 958; x_wconf 76' lang='lat' dir='ltr'><strong><em>Paulo</em></strong></span> <span class='ocrx_word' id='word_1_166' title='bbox 2165 903 2420 959; x_wconf 85' lang='lat' dir='ltr'><strong><em>dicente:</em></strong></span> <span class='ocrx_word' id='word_1_167' title='bbox 2461 923 2480 956; x_wconf 79' lang='grc' dir='ltr'><strong><em>ι</em></strong></span> <span class='ocrx_word' id='word_1_168' title='bbox 2520 903 2575 958; x_wconf 91' lang='lat' dir='ltr'><strong><em>Si</em></strong></span> <span class='ocrx_word' id='word_1_169' title='bbox 2611 908 2754 960; x_wconf 90' lang='lat' dir='ltr'><strong><em>enim</em></strong></span> <span class='ocrx_word' id='word_1_170' title='bbox 2803 910 2895 978; x_wconf 89' lang='lat' dir='ltr'><strong><em>qui</em></strong></span> <span class='ocrx_word' id='word_1_171' title='bbox 2945 925 3040 976; x_wconf 89' lang='lat' dir='ltr'><strong><em>per</em></strong></span> <span class='ocrx_word' id='word_1_172' title='bbox 3087 911 3309 980; x_wconf 78' lang='lat' dir='ltr'><strong><em>angelos</em></strong></span> <span class='ocrx_word' id='word_1_173' title='bbox 3359 913 3540 971; x_wconf 87' lang='lat' dir='ltr'><strong><em>dictus</em></strong></span> 
     </span>
    </p>
   </div>
   <div class='ocr_carea' id='block_1_27' title="bbox 1957 991 3537 1070">
    <p class='ocr_par' dir='ltr' id='par_1_27' title="bbox 1957 991 3537 1070">
     <span class='ocr_line' id='line_1_30' title="bbox 1957 991 3537 1070; baseline 0.008 -24"><span class='ocrx_word' id='word_1_174' title='bbox 1957 1000 2044 1046; x_wconf 85' lang='lat' dir='ltr'><strong><em>est</em></strong></span> <span class='ocrx_word' id='word_1_175' title='bbox 2070 1006 2276 1057; x_wconf 85' lang='lat' dir='ltr'><strong><em>sermo,</em></strong></span> <span class='ocrx_word' id='word_1_176' title='bbox 2320 991 2497 1048; x_wconf 81' lang='lat' dir='ltr'><strong><em>factus</em></strong></span> <span class='ocrx_word' id='word_1_177' title='bbox 2536 1003 2623 1048; x_wconf 90' lang='lat' dir='ltr'><strong><em>est</em></strong></span> <span class='ocrx_word' id='word_1_178' title='bbox 2653 993 2861 1061; x_wconf 73' lang='lat' dir='ltr'><strong><em>firmus,</em></strong></span> <span class='ocrx_word' id='word_1_179' title='bbox 2893 1008 2947 1052; x_wconf 91' lang='lat' dir='ltr'><strong><em>et</em></strong></span> <span class='ocrx_word' id='word_1_180' title='bbox 2991 999 3038 1055; x_wconf 89' lang='lat' dir='ltr'><strong><em>si</em></strong></span> <span class='ocrx_word' id='word_1_181' title='bbox 3067 1001 3243 1054; x_wconf 91' lang='lat' dir='ltr'><strong><em>omnis</em></strong></span> <span class='ocrx_word' id='word_1_182' title='bbox 3275 1007 3537 1070; x_wconf 60' lang='lat' dir='ltr'><strong><em>praevari-</em></strong></span> 
     </span>
    </p>
   </div>
   <div class='ocr_carea' id='block_1_28' title="bbox 1957 1085 3532 1159">
    <p class='ocr_par' dir='ltr' id='par_1_28' title="bbox 1957 1085 3532 1159">
     <span class='ocr_line' id='line_1_31' title="bbox 1957 1085 3532 1159; baseline 0.008 -21"><span class='ocrx_word' id='word_1_183' title='bbox 1957 1085 2101 1138; x_wconf 75' lang='lat' dir='ltr'><strong><em>Catio</em></strong></span> <span class='ocrx_word' id='word_1_184' title='bbox 2126 1095 2182 1138; x_wconf 88' lang='lat' dir='ltr'><strong><em>et</em></strong></span> <span class='ocrx_word' id='word_1_185' title='bbox 2220 1085 2589 1141; x_wconf 85' lang='lat' dir='ltr'><strong><em>inobedientia</em></strong></span> <span class='ocrx_word' id='word_1_186' title='bbox 2630 1090 2841 1157; x_wconf 87' lang='lat' dir='ltr'><strong><em>accepit</em></strong></span> <span class='ocrx_word' id='word_1_187' title='bbox 2869 1091 3076 1159; x_wconf 84' lang='lat' dir='ltr'><strong><em>justam</em></strong></span> <span class='ocrx_word' id='word_1_188' title='bbox 3114 1093 3532 1150; x_wconf 89' lang='lat' dir='ltr'><strong><em>retributionem</em></strong></span> 
     </span>
    </p>
   </div>
   <div class='ocr_carea' id='block_1_29' title="bbox 1956 1175 3536 1249">
    <p class='ocr_par' dir='ltr' id='par_1_29' title="bbox 1956 1175 3536 1249">
     <span class='ocr_line' id='line_1_32' title="bbox 1956 1175 3536 1249; baseline 0.008 -21"><span class='ocrx_word' id='word_1_189' title='bbox 1956 1175 2245 1241; x_wconf 84' lang='lat' dir='ltr'><strong><em>mercedis,</em></strong></span> <span class='ocrx_word' id='word_1_190' title='bbox 2279 1177 2694 1244; x_wconf 76' lang='lat' dir='ltr'><strong><em>quomodonos</em></strong></span> <span class='ocrx_word' id='word_1_191' title='bbox 2735 1177 3076 1249; x_wconf 78' lang='lat' dir='ltr'><strong><em>effugiemus,</em></strong></span> <span class='ocrx_word' id='word_1_192' title='bbox 3111 1182 3157 1236; x_wconf 89' lang='lat' dir='ltr'><strong><em>si</em></strong></span> <span class='ocrx_word' id='word_1_193' title='bbox 3192 1191 3399 1238; x_wconf 80' lang='lat' dir='ltr'><strong><em>tantam</em></strong></span> <span class='ocrx_word' id='word_1_194' title='bbox 3437 1200 3536 1240; x_wconf 90' lang='lat' dir='ltr'><strong><em>ne-</em></strong></span> 
     </span>
    </p>
   </div>
   <div class='ocr_carea' id='block_1_30' title="bbox 1956 1265 3540 1344">
    <p class='ocr_par' dir='ltr' id='par_1_30' title="bbox 1956 1265 3540 1344">
     <span class='ocr_line' id='line_1_33' title="bbox 1956 1265 3540 1344; baseline 0.008 -26"><span class='ocrx_word' id='word_1_195' title='bbox 1956 1265 2281 1334; x_wconf 77' lang='lat' dir='ltr'><strong><em>glexerimus</em></strong></span> <span class='ocrx_word' id='word_1_196' title='bbox 2326 1267 2561 1323; x_wconf 77' lang='lat' dir='ltr'><strong><em>salutem</em></strong></span> <span class='ocrx_word' id='word_1_197' title='bbox 2624 1284 2764 1339; x_wconf 66' lang='lat' dir='ltr'><strong><em>quae,</em></strong></span> <span class='ocrx_word' id='word_1_198' title='bbox 2807 1285 2927 1324; x_wconf 91' lang='lat' dir='ltr'><strong><em>cum</em></strong></span> <span class='ocrx_word' id='word_1_199' title='bbox 2982 1273 3194 1326; x_wconf 87' lang='lat' dir='ltr'><strong><em>initium</em></strong></span> <span class='ocrx_word' id='word_1_200' title='bbox 3242 1275 3540 1344; x_wconf 78' lang='lat' dir='ltr'><strong><em>accepisset</em></strong></span> 
     </span>
    </p>
   </div>
   <div class='ocr_carea' id='block_1_31' title="bbox 1954 1355 3538 1431">
    <p class='ocr_par' dir='ltr' id='par_1_31' title="bbox 1954 1355 3538 1431">
     <span class='ocr_line' id='line_1_34' title="bbox 1954 1355 3538 1431; baseline 0.007 -22"><span class='ocrx_word' id='word_1_201' title='bbox 1954 1355 2197 1410; x_wconf 84' lang='lat' dir='ltr'><strong><em>enarrari</em></strong></span> <span class='ocrx_word' id='word_1_202' title='bbox 2242 1371 2337 1424; x_wconf 87' lang='lat' dir='ltr'><strong><em>per</em></strong></span> <span class='ocrx_word' id='word_1_203' title='bbox 2389 1357 2700 1426; x_wconf 91' lang='lat' dir='ltr'><strong><em>Dominum,</em></strong></span> <span class='ocrx_word' id='word_1_204' title='bbox 2753 1361 2822 1414; x_wconf 91' lang='lat' dir='ltr'><strong><em>ab</em></strong></span> <span class='ocrx_word' id='word_1_205' title='bbox 2866 1362 2946 1415; x_wconf 91' lang='lat' dir='ltr'><strong><em>eis</em></strong></span> <span class='ocrx_word' id='word_1_206' title='bbox 2985 1363 3078 1431; x_wconf 87' lang='lat' dir='ltr'><strong><em>qui</em></strong></span> <span class='ocrx_word' id='word_1_207' title='bbox 3128 1364 3438 1431; x_wconf 86' lang='lat' dir='ltr'><strong><em>audierunt,</em></strong></span> <span class='ocrx_word' id='word_1_208' title='bbox 3482 1366 3538 1420; x_wconf 91' lang='lat' dir='ltr'><strong><em>in</em></strong></span> 
     </span>
    </p>
   </div>
   <div class='ocr_carea' id='block_1_32' title="bbox 1954 1445 3540 1520">
    <p class='ocr_par' dir='ltr' id='par_1_32' title="bbox 1954 1445 3540 1520">
     <span class='ocr_line' id='line_1_35' title="bbox 1954 1445 3540 1520; baseline 0.006 -21"><span class='ocrx_word' id='word_1_209' title='bbox 1954 1459 2054 1499; x_wconf 91' lang='lat' dir='ltr'><strong><em>nos</em></strong></span> <span class='ocrx_word' id='word_1_210' title='bbox 2097 1445 2416 1499; x_wconf 82' lang='lat' dir='ltr'><strong><em>conﬁrmata</em></strong></span> <span class='ocrx_word' id='word_1_211' title='bbox 2449 1455 2534 1500; x_wconf 89' lang='lat' dir='ltr'><strong><em>est</em></strong></span> <span class='ocrx_word' id='word_1_212' title='bbox 2558 1447 2644 1500; x_wconf 74' lang='lat'><strong><em>“‘3</em></strong></span> <span class='ocrx_word' id='word_1_213' title='bbox 2677 1467 2694 1498; x_wconf 76' lang='grc' dir='ltr'><strong><em>ι</em></strong></span> <span class='ocrx_word' id='word_1_214' title='bbox 2741 1449 2806 1502; x_wconf 84' lang='grc' dir='ltr'><strong><em>Ει</em></strong></span> <span class='ocrx_word' id='word_1_215' title='bbox 2841 1465 3071 1505; x_wconf 79' lang='lat' dir='ltr'><strong><em>rursus:</em></strong></span> <span class='ocrx_word' id='word_1_216' title='bbox 3107 1451 3369 1507; x_wconf 46' lang='lat' dir='ltr'><strong><em>s‘lrritam</em></strong></span> <span class='ocrx_word' id='word_1_217' title='bbox 3414 1453 3540 1520; x_wconf 84' lang='lat' dir='ltr'><strong><em>quis</em></strong></span> 
     </span>
    </p>
   </div>
   <div class='ocr_carea' id='block_1_33' title="bbox 1954 1533 3536 1604">
    <p class='ocr_par' dir='ltr' id='par_1_33' title="bbox 1954 1533 3536 1604">
     <span class='ocr_line' id='line_1_36' title="bbox 1954 1533 3536 1604; baseline 0.006 -16"><span class='ocrx_word' id='word_1_218' title='bbox 1954 1533 2162 1589; x_wconf 79' lang='lat' dir='ltr'><strong><em>faciens</em></strong></span> <span class='ocrx_word' id='word_1_219' title='bbox 2201 1534 2370 1603; x_wconf 89' lang='lat' dir='ltr'><strong><em>legem</em></strong></span> <span class='ocrx_word' id='word_1_220' title='bbox 2407 1533 2572 1604; x_wconf 85' lang='lat' dir='ltr'><strong><em>Mosi,</em></strong></span> <span class='ocrx_word' id='word_1_221' title='bbox 2621 1538 2740 1591; x_wconf 88' lang='lat' dir='ltr'><strong><em>sine</em></strong></span> <span class='ocrx_word' id='word_1_222' title='bbox 2791 1539 2894 1591; x_wconf 91' lang='lat' dir='ltr'><strong><em>ulla</em></strong></span> <span class='ocrx_word' id='word_1_223' title='bbox 2933 1540 3282 1596; x_wconf 82' lang='lat' dir='ltr'><strong><em>miseratione</em></strong></span> <span class='ocrx_word' id='word_1_224' title='bbox 3316 1544 3366 1596; x_wconf 91' lang='lat' dir='ltr'><strong><em>in</em></strong></span> <span class='ocrx_word' id='word_1_225' title='bbox 3398 1543 3536 1596; x_wconf 88' lang='lat' dir='ltr'><strong><em>duo-</em></strong></span> 
     </span>
    </p>
   </div>
   <div class='ocr_carea' id='block_1_34' title="bbox 1952 1627 3538 1702">
    <p class='ocr_par' dir='ltr' id='par_1_34' title="bbox 1952 1627 3538 1702">
     <span class='ocr_line' id='line_1_37' title="bbox 1952 1627 3538 1702; baseline 0.003 -21"><span class='ocrx_word' id='word_1_226' title='bbox 1952 1627 2054 1682; x_wconf 88' lang='lat' dir='ltr'><strong><em>bus</em></strong></span> <span class='ocrx_word' id='word_1_227' title='bbox 2099 1636 2192 1681; x_wconf 89' lang='lat' dir='ltr'><strong><em>aut</em></strong></span> <span class='ocrx_word' id='word_1_228' title='bbox 2223 1629 2394 1683; x_wconf 89' lang='lat' dir='ltr'><strong><em>tribus</em></strong></span> <span class='ocrx_word' id='word_1_229' title='bbox 2435 1630 2664 1685; x_wconf 86' lang='lat' dir='ltr'><strong><em>testibus</em></strong></span> <span class='ocrx_word' id='word_1_230' title='bbox 2698 1631 2950 1684; x_wconf 89' lang='lat' dir='ltr'><strong><em>moritur.</em></strong></span> <span class='ocrx_word' id='word_1_231' title='bbox 2979 1631 3194 1697; x_wconf 86' lang='lat' dir='ltr'><strong><em>Quanto</em></strong></span> <span class='ocrx_word' id='word_1_232' title='bbox 3234 1633 3406 1702; x_wconf 89' lang='lat' dir='ltr'><strong><em>magis</em></strong></span> <span class='ocrx_word' id='word_1_233' title='bbox 3439 1647 3538 1700; x_wconf 80' lang='lat' dir='ltr'><strong><em>pu-</em></strong></span> 
     </span>
    </p>
   </div>
   <div class='ocr_carea' id='block_1_35' title="bbox 1955 1719 3534 1791">
    <p class='ocr_par' dir='ltr' id='par_1_35' title="bbox 1955 1719 3534 1791">
     <span class='ocr_line' id='line_1_38' title="bbox 1955 1719 3534 1791; baseline 0.001 -19"><span class='ocrx_word' id='word_1_234' title='bbox 1955 1719 2083 1774; x_wconf 87' lang='lat' dir='ltr'><strong><em>tatis</em></strong></span> <span class='ocrx_word' id='word_1_235' title='bbox 2127 1735 2250 1774; x_wconf 91' lang='lat' dir='ltr'><strong><em>eum</em></strong></span> <span class='ocrx_word' id='word_1_236' title='bbox 2302 1721 2551 1790; x_wconf 79' lang='lat' dir='ltr'><strong><em>graviora</em></strong></span> <span class='ocrx_word' id='word_1_237' title='bbox 2605 1723 2802 1777; x_wconf 88' lang='lat' dir='ltr'><strong><em>mereri</em></strong></span> <span class='ocrx_word' id='word_1_238' title='bbox 2853 1723 3162 1791; x_wconf 68' lang='lat' dir='ltr'><strong><em>supplicia,</em></strong></span> <span class='ocrx_word' id='word_1_239' title='bbox 3200 1723 3292 1791; x_wconf 89' lang='lat' dir='ltr'><strong><em>qui</em></strong></span> <span class='ocrx_word' id='word_1_240' title='bbox 3337 1722 3534 1776; x_wconf 86' lang='lat' dir='ltr'><strong><em>Filium</em></strong></span> 
     </span>
    </p>
   </div>
   <div class='ocr_carea' id='block_1_36' title="bbox 259 1809 1847 1886">
    <p class='ocr_par' dir='ltr' id='par_1_36' title="bbox 259 1812 1846 1886">
     <span class='ocr_line' id='line_1_39' title="bbox 259 1812 1846 1886; baseline -0.003 -16"><span class='ocrx_word' id='word_1_241' title='bbox 259 1813 405 1870; x_wconf 74' lang='grc' dir='ltr'>εἶναι</span> <span class='ocrx_word' id='word_1_242' title='bbox 429 1817 513 1869; x_wconf 88' lang='grc' dir='ltr'><strong><em>δεῖ</em></strong></span> <span class='ocrx_word' id='word_1_243' title='bbox 540 1815 756 1876; x_wconf 89' lang='grc' dir='ltr'>πάντως</span> <span class='ocrx_word' id='word_1_244' title='bbox 801 1813 982 1875; x_wconf 83' lang='grc' dir='ltr'>αὐτοῖς</span> <span class='ocrx_word' id='word_1_245' title='bbox 1008 1814 1102 1866; x_wconf 73' lang='grc' dir='ltr'>καὶ</span> <span class='ocrx_word' id='word_1_246' title='bbox 1130 1812 1346 1882; x_wconf 79' lang='grc' dir='ltr'>ὁμοφυῆ</span> <span class='ocrx_word' id='word_1_247' title='bbox 1379 1812 1455 1882; x_wconf 86' lang='grc' dir='ltr'><strong><em>(αἱ</em></strong></span> <span class='ocrx_word' id='word_1_248' title='bbox 1479 1812 1588 1884; x_wconf 84' lang='grc' dir='ltr'><strong><em>γὰρ</em></strong></span> <span class='ocrx_word' id='word_1_249' title='bbox 1620 1816 1846 1886; x_wconf 84' lang='grc' dir='ltr'>συγκρί-</span> 
     </span>
    </p>
   </div>
   <div class='ocr_carea' id='block_1_37' title="bbox 1952 1809 3538 1886">
    <p class='ocr_par' dir='ltr' id='par_1_37' title="bbox 1952 1809 3538 1880">
     <span class='ocr_line' id='line_1_40' title="bbox 1952 1809 3538 1880; baseline -0.001 -15"><span class='ocrx_word' id='word_1_250' title='bbox 1952 1809 2044 1865; x_wconf 88' lang='lat' dir='ltr'><strong><em>Dei</em></strong></span> <span class='ocrx_word' id='word_1_251' title='bbox 2080 1809 2585 1864; x_wconf 73' lang='lat' dir='ltr'><strong><em>conculcaverit“?</em></strong></span> <span class='ocrx_word' id='word_1_252' title='bbox 2617 1829 2637 1863; x_wconf 71' lang='grc' dir='ltr'><strong><em>ι</em></strong></span> <span class='ocrx_word' id='word_1_253' title='bbox 2692 1811 2853 1880; x_wconf 90' lang='lat' dir='ltr'><strong><em>Atqui</em></strong></span> <span class='ocrx_word' id='word_1_254' title='bbox 2904 1813 2972 1876; x_wconf 89' lang='lat' dir='ltr'><strong><em>si,</em></strong></span> <span class='ocrx_word' id='word_1_255' title='bbox 3006 1812 3134 1880; x_wconf 87' lang='lat' dir='ltr'><strong><em>quia</em></strong></span> <span class='ocrx_word' id='word_1_256' title='bbox 3178 1811 3294 1879; x_wconf 81' lang='lat' dir='ltr'><strong><em>ipse</em></strong></span> <span class='ocrx_word' id='word_1_257' title='bbox 3340 1810 3538 1864; x_wconf 84' lang='lat' dir='ltr'><strong><em>dicitur</em></strong></span> 
     </span>
    </p>
   </div>
   <div class='ocr_carea' id='block_1_38' title="bbox 261 1904 1844 1978">
    <p class='ocr_par' dir='ltr' id='par_1_38' title="bbox 261 1904 1844 1978">
     <span class='ocr_line' id='line_1_41' title="bbox 261 1904 1844 1978; baseline -0.001 -17"><span class='ocrx_word' id='word_1_258' title='bbox 261 1927 320 1962; x_wconf 84' lang='grc' dir='ltr'><strong><em>σε</em></strong></span> <span class='ocrx_word' id='word_1_259' title='bbox 329 1927 378 1971; x_wconf 89' lang='grc' dir='ltr'><strong><em>ις</em></strong></span> <span class='ocrx_word' id='word_1_260' title='bbox 395 1909 491 1960; x_wconf 72' lang='grc' dir='ltr'><strong><em>ἐπὶ</em></strong></span> <span class='ocrx_word' id='word_1_261' title='bbox 504 1907 614 1959; x_wconf 78' lang='grc' dir='ltr'><strong><em>τῶν</em></strong></span> <span class='ocrx_word' id='word_1_262' title='bbox 640 1905 889 1975; x_wconf 87' lang='grc' dir='ltr'>ἀλλήλοις</span> <span class='ocrx_word' id='word_1_263' title='bbox 907 1921 1010 1976; x_wconf 91' lang='grc' dir='ltr'><strong><em>προ</em></strong></span> <span class='ocrx_word' id='word_1_264' title='bbox 1019 1904 1304 1957; x_wconf 85' lang='grc' dir='ltr'>σεοικότων</span> <span class='ocrx_word' id='word_1_265' title='bbox 1321 1904 1533 1972; x_wconf 70' lang='grc' dir='ltr'>φιλοῦσι</span> <span class='ocrx_word' id='word_1_266' title='bbox 1550 1906 1844 1978; x_wconf 85' lang='grc' dir='ltr'>γίνεσθαι),</span> 
     </span>
    </p>
   </div>
   <div class='ocr_carea' id='block_1_39' title="bbox 256 1991 1848 2068">
    <p class='ocr_par' dir='ltr' id='par_1_39' title="bbox 256 1991 1848 2068">
     <span class='ocr_line' id='line_1_42' title="bbox 256 1991 1848 2068; baseline -0.003 -16"><span class='ocrx_word' id='word_1_267' title='bbox 256 2001 311 2052; x_wconf 88' lang='grc' dir='ltr'><strong><em>τί</em></strong></span> <span class='ocrx_word' id='word_1_268' title='bbox 343 1996 551 2068; x_wconf 82' lang='grc' dir='ltr'>μᾶλλον</span> <span class='ocrx_word' id='word_1_269' title='bbox 582 1996 688 2049; x_wconf 76' lang='grc' dir='ltr'>ἔδει</span> <span class='ocrx_word' id='word_1_270' title='bbox 723 1994 967 2065; x_wconf 88' lang='grc' dir='ltr'>χείρονος</span> <span class='ocrx_word' id='word_1_271' title='bbox 1005 1991 1286 2057; x_wconf 79' lang='grc' dir='ltr'>ἀξιοῦσθαι</span> <span class='ocrx_word' id='word_1_272' title='bbox 1321 1995 1591 2065; x_wconf 88' lang='grc' dir='ltr'>τιμωρίας</span> <span class='ocrx_word' id='word_1_273' title='bbox 1624 1995 1714 2048; x_wconf 84' lang='grc' dir='ltr'>τὸν</span> <span class='ocrx_word' id='word_1_274' title='bbox 1749 2014 1848 2049; x_wconf 86' lang='grc' dir='ltr'>κα-</span> 
     </span>
    </p>
   </div>
   <div class='ocr_carea' id='block_1_40' title="bbox 257 2085 1847 2156">
    <p class='ocr_par' dir='ltr' id='par_1_40' title="bbox 257 2085 1847 2156">
     <span class='ocr_line' id='line_1_43' title="bbox 257 2085 1847 2156; baseline -0.001 -14"><span class='ocrx_word' id='word_1_275' title='bbox 257 2087 610 2142; x_wconf 84' lang='grc' dir='ltr'>ταπατοῦντα</span> <span class='ocrx_word' id='word_1_276' title='bbox 660 2088 754 2140; x_wconf 80' lang='grc' dir='ltr'>τὸν</span> <span class='ocrx_word' id='word_1_277' title='bbox 798 2087 944 2149; x_wconf 84' lang='grc' dir='ltr'>Υἰὸν,</span> <span class='ocrx_word' id='word_1_278' title='bbox 978 2087 1036 2138; x_wconf 73' lang='grc' dir='ltr'>οὐ</span> <span class='ocrx_word' id='word_1_279' title='bbox 1087 2085 1342 2154; x_wconf 80' lang='grc' dir='ltr'>τοιαύτης</span> <span class='ocrx_word' id='word_1_280' title='bbox 1395 2087 1714 2156; x_wconf 82' lang='grc' dir='ltr'>μετέχοντος</span> <span class='ocrx_word' id='word_1_281' title='bbox 1754 2088 1847 2140; x_wconf 89' lang='grc' dir='ltr'><strong><em>τοῦ</em></strong></span> 
     </span>
    </p>
   </div>
   <div class='ocr_carea' id='block_1_41' title="bbox 259 2176 1848 2248">
    <p class='ocr_par' dir='ltr' id='par_1_41' title="bbox 259 2176 1848 2248">
     <span class='ocr_line' id='line_1_44' title="bbox 259 2176 1848 2248; baseline -0.001 -14"><span class='ocrx_word' id='word_1_282' title='bbox 259 2178 708 2242; x_wconf 77' lang='grc' dir='ltr'>καταπατοῦντος</span> <span class='ocrx_word' id='word_1_283' title='bbox 754 2179 880 2240; x_wconf 80' lang='grc' dir='ltr'>τοὺς</span> <span class='ocrx_word' id='word_1_284' title='bbox 925 2176 1191 2244; x_wconf 81' lang='grc' dir='ltr'>ἀγγέλους</span> <span class='ocrx_word' id='word_1_285' title='bbox 1229 2177 1318 2230; x_wconf 84' lang='grc' dir='ltr'><strong><em>διὰ</em></strong></span> <span class='ocrx_word' id='word_1_286' title='bbox 1356 2177 1454 2246; x_wconf 83' lang='grc' dir='ltr'>τῆς</span> <span class='ocrx_word' id='word_1_287' title='bbox 1485 2177 1848 2248; x_wconf 86' lang='grc' dir='ltr'>παραϐάσεως</span> 
     </span>
    </p>
   </div>
   <div class='ocr_carea' id='block_1_42' title="bbox 253 2264 1850 2338">
    <p class='ocr_par' dir='ltr' id='par_1_42' title="bbox 253 2264 1850 2338">
     <span class='ocr_line' id='line_1_45' title="bbox 253 2264 1850 2338; baseline -0.002 -15"><span class='ocrx_word' id='word_1_288' title='bbox 253 2270 353 2323; x_wconf 78' lang='grc' dir='ltr'><strong><em>τοῦ</em></strong></span> <span class='ocrx_word' id='word_1_289' title='bbox 380 2269 707 2338; x_wconf 74' lang='grc' dir='ltr'>λαληθέντος</span> <span class='ocrx_word' id='word_1_290' title='bbox 733 2266 984 2336; x_wconf 70' lang='grc' dir='ltr'>νόμουζδι⁹</span> <span class='ocrx_word' id='word_1_291' title='bbox 1003 2265 1181 2319; x_wconf 79' lang='grc' dir='ltr'>αὐτῶν</span> <span class='ocrx_word' id='word_1_292' title='bbox 1203 2283 1216 2331; x_wconf 90' lang='grc'>;</span> <span class='ocrx_word' id='word_1_293' title='bbox 1245 2265 1302 2317; x_wconf 86' lang='lat'><strong><em>&#39;0</em></strong></span> <span class='ocrx_word' id='word_1_294' title='bbox 1322 2264 1430 2335; x_wconf 82' lang='grc' dir='ltr'><strong><em>γὰρ</em></strong></span> <span class='ocrx_word' id='word_1_295' title='bbox 1451 2265 1531 2328; x_wconf 82' lang='grc' dir='ltr'><strong><em>εἰς</em></strong></span> <span class='ocrx_word' id='word_1_296' title='bbox 1550 2268 1672 2330; x_wconf 78' lang='grc' dir='ltr'>τοὺς</span> <span class='ocrx_word' id='word_1_297' title='bbox 1699 2269 1850 2330; x_wconf 84' lang='grc' dir='ltr'>ῐσους</span> 
     </span>
    </p>
   </div>
   <div class='ocr_carea' id='block_1_43' title="bbox 258 2357 1850 2431">
    <p class='ocr_par' dir='ltr' id='par_1_43' title="bbox 258 2357 1850 2431">
     <span class='ocr_line' id='line_1_46' title="bbox 258 2357 1850 2431; baseline -0.003 -16"><span class='ocrx_word' id='word_1_298' title='bbox 258 2363 354 2416; x_wconf 77' lang='grc' dir='ltr'>καὶ</span> <span class='ocrx_word' id='word_1_299' title='bbox 389 2360 658 2431; x_wconf 82' lang='grc' dir='ltr'>ὁμοειδεῖς</span> <span class='ocrx_word' id='word_1_300' title='bbox 691 2357 1010 2428; x_wconf 76' lang='grc' dir='ltr'>ἐξυϐρίζων,</span> <span class='ocrx_word' id='word_1_301' title='bbox 1038 2359 1137 2428; x_wconf 81' lang='grc' dir='ltr'>τῆς</span> <span class='ocrx_word' id='word_1_302' title='bbox 1174 2358 1343 2428; x_wconf 81' lang='grc' dir='ltr'>αὐτῆς</span> <span class='ocrx_word' id='word_1_303' title='bbox 1379 2357 1444 2411; x_wconf 82' lang='grc' dir='ltr'>ἂν</span> <span class='ocrx_word' id='word_1_304' title='bbox 1469 2359 1696 2420; x_wconf 85' lang='grc' dir='ltr'>είκότως</span> <span class='ocrx_word' id='word_1_305' title='bbox 1721 2376 1850 2428; x_wconf 84' lang='grc' dir='ltr'>μετ·</span> 
     </span>
    </p>
   </div>
   <div class='ocr_carea' id='block_1_44' title="bbox 258 2442 1850 2521">
    <p class='ocr_par' dir='ltr' id='par_1_44' title="bbox 258 2442 1850 2521">
     <span class='ocr_line' id='line_1_47' title="bbox 258 2442 1850 2521; baseline -0.001 -17"><span class='ocrx_word' id='word_1_306' title='bbox 258 2454 376 2521; x_wconf 86' lang='grc' dir='ltr'>ἐχοι</span> <span class='ocrx_word' id='word_1_307' title='bbox 406 2450 702 2520; x_wconf 85' lang='grc' dir='ltr'>τιμωρίας,</span> <span class='ocrx_word' id='word_1_308' title='bbox 734 2449 828 2502; x_wconf 72' lang='grc' dir='ltr'><strong><em>καὶ</em></strong></span> <span class='ocrx_word' id='word_1_309' title='bbox 857 2442 918 2502; x_wconf 75' lang='grc' dir='ltr'><strong><em>οὗ</em></strong></span> <span class='ocrx_word' id='word_1_310' title='bbox 948 2447 1056 2501; x_wconf 86' lang='grc' dir='ltr'><strong><em>τῶν</em></strong></span> <span class='ocrx_word' id='word_1_311' title='bbox 1087 2447 1456 2517; x_wconf 82' lang='grc' dir='ltr'>ἀδικουμένων</span> <span class='ocrx_word' id='word_1_312' title='bbox 1481 2448 1579 2501; x_wconf 86' lang='grc' dir='ltr'>οὐκ</span> <span class='ocrx_word' id='word_1_313' title='bbox 1605 2447 1720 2502; x_wconf 77' lang='grc' dir='ltr'>ἔστι</span> <span class='ocrx_word' id='word_1_314' title='bbox 1741 2449 1850 2502; x_wconf 80' lang='grc' dir='ltr'>δια·</span> 
     </span>
    </p>
   </div>
   <div class='ocr_carea' id='block_1_45' title="bbox 257 2538 1845 2612">
    <p class='ocr_par' dir='ltr' id='par_1_45' title="bbox 257 2538 1845 2612">
     <span class='ocr_line' id='line_1_48' title="bbox 257 2538 1845 2612; baseline 0.001 -19"><span class='ocrx_word' id='word_1_315' title='bbox 257 2543 424 2612; x_wconf 68' lang='grc' dir='ltr'>φορὰ,</span> <span class='ocrx_word' id='word_1_316' title='bbox 440 2541 534 2593; x_wconf 73' lang='grc' dir='ltr'>καὶ</span> <span class='ocrx_word' id='word_1_317' title='bbox 561 2541 669 2592; x_wconf 86' lang='grc' dir='ltr'>τῶν</span> <span class='ocrx_word' id='word_1_318' title='bbox 699 2539 974 2593; x_wconf 87' lang='grc' dir='ltr'>κολάσεων</span> <span class='ocrx_word' id='word_1_319' title='bbox 1002 2539 1256 2609; x_wconf 85' lang='grc' dir='ltr'>ὁμοιότης</span> <span class='ocrx_word' id='word_1_320' title='bbox 1272 2539 1505 2606; x_wconf 81' lang='grc' dir='ltr'>εὐλόγως</span> <span class='ocrx_word' id='word_1_321' title='bbox 1523 2538 1588 2592; x_wconf 83' lang='grc' dir='ltr'>ἂν</span> <span class='ocrx_word' id='word_1_322' title='bbox 1611 2540 1845 2606; x_wconf 89' lang='grc' dir='ltr'>γένοιτο.</span> 
     </span>
    </p>
   </div>
   <div class='ocr_carea' id='block_1_46' title="bbox 257 2628 1851 2700">
    <p class='ocr_par' dir='ltr' id='par_1_46' title="bbox 257 2628 1851 2700">
     <span class='ocr_line' id='line_1_49' title="bbox 257 2628 1851 2700; baseline -0.003 -14"><span class='ocrx_word' id='word_1_323' title='bbox 257 2634 396 2687; x_wconf 80' lang='grc' dir='ltr'>Νυνὶ</span> <span class='ocrx_word' id='word_1_324' title='bbox 441 2630 498 2683; x_wconf 75' lang='grc' dir='ltr'>δὲ</span> <span class='ocrx_word' id='word_1_325' title='bbox 541 2631 569 2682; x_wconf 93' lang='lat'><strong><em>6</em></strong></span> <span class='ocrx_word' id='word_1_326' title='bbox 605 2630 703 2700; x_wconf 88' lang='grc' dir='ltr'>μὲν</span> <span class='ocrx_word' id='word_1_327' title='bbox 743 2630 823 2692; x_wconf 82' lang='grc' dir='ltr'><strong><em>είς</em></strong></span> <span class='ocrx_word' id='word_1_328' title='bbox 870 2629 959 2682; x_wconf 80' lang='grc' dir='ltr'>τὸν</span> <span class='ocrx_word' id='word_1_329' title='bbox 993 2628 1119 2680; x_wconf 80' lang='grc' dir='ltr'>Υἱὸν</span> <span class='ocrx_word' id='word_1_330' title='bbox 1161 2628 1573 2698; x_wconf 77' lang='grc' dir='ltr'>ἐξαμαρτάνων,</span> <span class='ocrx_word' id='word_1_331' title='bbox 1607 2629 1851 2699; x_wconf 91' lang='grc' dir='ltr'>χείρονος</span> 
     </span>
    </p>
   </div>
   <div class='ocr_carea' id='block_1_47' title="bbox 255 2718 1850 2792">
    <p class='ocr_par' dir='ltr' id='par_1_47' title="bbox 255 2718 1850 2792">
     <span class='ocr_line' id='line_1_50' title="bbox 255 2718 1850 2792; baseline -0.001 -17"><span class='ocrx_word' id='word_1_332' title='bbox 255 2723 629 2792; x_wconf 78' lang='grc' dir='ltr'>ἀξιωθήσεται</span> <span class='ocrx_word' id='word_1_333' title='bbox 658 2720 930 2791; x_wconf 72' lang='grc' dir='ltr'>τιμωρίας</span> <span class='ocrx_word' id='word_1_334' title='bbox 951 2736 962 2746; x_wconf 93' lang='grc'><strong>·</strong></span> <span class='ocrx_word' id='word_1_335' title='bbox 996 2721 1023 2771; x_wconf 95' lang='lat'><strong><em>6</em></strong></span> <span class='ocrx_word' id='word_1_336' title='bbox 1050 2719 1105 2772; x_wconf 80' lang='grc' dir='ltr'>δὲ</span> <span class='ocrx_word' id='word_1_337' title='bbox 1134 2721 1213 2782; x_wconf 82' lang='grc' dir='ltr'><strong><em>είς</em></strong></span> <span class='ocrx_word' id='word_1_338' title='bbox 1234 2718 1324 2772; x_wconf 81' lang='grc' dir='ltr'><strong><em>τὸν</em></strong></span> <span class='ocrx_word' id='word_1_339' title='bbox 1357 2720 1447 2773; x_wconf 85' lang='grc' dir='ltr'><strong><em>ὑπ’</em></strong></span> <span class='ocrx_word' id='word_1_340' title='bbox 1472 2721 1721 2788; x_wconf 85' lang='grc' dir='ltr'>ἀγγέλων</span> <span class='ocrx_word' id='word_1_341' title='bbox 1752 2720 1850 2774; x_wconf 82' lang='grc' dir='ltr'>λα·</span> 
     </span>
    </p>
   </div>
   <div class='ocr_carea' id='block_1_48' title="bbox 253 2807 1850 2881">
    <p class='ocr_par' dir='ltr' id='par_1_48' title="bbox 253 2807 1850 2881">
     <span class='ocr_line' id='line_1_51' title="bbox 253 2807 1850 2881; baseline -0.001 -18"><span class='ocrx_word' id='word_1_342' title='bbox 253 2811 500 2881; x_wconf 77' lang='grc' dir='ltr'>ληθέντα</span> <span class='ocrx_word' id='word_1_343' title='bbox 559 2812 739 2880; x_wconf 85' lang='grc' dir='ltr'>νόμον,</span> <span class='ocrx_word' id='word_1_344' title='bbox 770 2809 1068 2870; x_wconf 77' lang='grc' dir='ltr'>ἐλάττονος.</span> <span class='ocrx_word' id='word_1_345' title='bbox 1101 2808 1214 2876; x_wconf 81' lang='grc' dir='ltr'><strong><em>Οὐχ</em></strong></span> <span class='ocrx_word' id='word_1_346' title='bbox 1264 2807 1528 2879; x_wconf 81' lang='grc' dir='ltr'>ὁμογενὴς</span> <span class='ocrx_word' id='word_1_347' title='bbox 1580 2808 1689 2880; x_wconf 79' lang='grc' dir='ltr'>ἄρα</span> <span class='ocrx_word' id='word_1_348' title='bbox 1738 2812 1850 2872; x_wconf 84' lang='grc' dir='ltr'>τοῖς</span> 
     </span>
    </p>
   </div>
   <div class='ocr_carea' id='block_1_49' title="bbox 252 2895 1850 2972">
    <p class='ocr_par' dir='ltr' id='par_1_49' title="bbox 252 2895 1850 2972">
     <span class='ocr_line' id='line_1_52' title="bbox 252 2895 1850 2972; baseline -0.001 -16"><span class='ocrx_word' id='word_1_349' title='bbox 252 2903 516 2971; x_wconf 78' lang='grc' dir='ltr'>ἀγγέλοις</span> <span class='ocrx_word' id='word_1_350' title='bbox 548 2904 777 2967; x_wconf 77' lang='grc' dir='ltr'>ἐκεῖνος,</span> <span class='ocrx_word' id='word_1_351' title='bbox 803 2903 881 2964; x_wconf 78' lang='grc' dir='ltr'>εἰς</span> <span class='ocrx_word' id='word_1_352' title='bbox 918 2901 976 2953; x_wconf 82' lang='grc' dir='ltr'>ὃν</span> <span class='ocrx_word' id='word_1_353' title='bbox 1009 2899 1104 2952; x_wconf 77' lang='grc' dir='ltr'>καὶ</span> <span class='ocrx_word' id='word_1_354' title='bbox 1139 2895 1322 2968; x_wconf 76' lang='grc' dir='ltr'>μεῖζόν</span> <span class='ocrx_word' id='word_1_355' title='bbox 1352 2901 1466 2952; x_wconf 79' lang='grc' dir='ltr'>ἐστι</span> <span class='ocrx_word' id='word_1_356' title='bbox 1509 2901 1570 2954; x_wconf 84' lang='grc' dir='ltr'>τὸ</span> <span class='ocrx_word' id='word_1_357' title='bbox 1601 2901 1850 2972; x_wconf 85' lang='grc' dir='ltr'>ἁμαρτά-</span> 
     </span>
    </p>
   </div>
   <div class='ocr_carea' id='block_1_50' title="bbox 251 2988 1847 3063">
    <p class='ocr_par' dir='ltr' id='par_1_50' title="bbox 251 2988 1847 3063">
     <span class='ocr_line' id='line_1_53' title="bbox 251 2988 1847 3063; baseline -0.001 -17"><span class='ocrx_word' id='word_1_358' title='bbox 251 3011 370 3046; x_wconf 83' lang='grc' dir='ltr'>νειν</span> <span class='ocrx_word' id='word_1_359' title='bbox 390 3011 404 3023; x_wconf 87' lang='grc'><strong>·</strong></span> <span class='ocrx_word' id='word_1_360' title='bbox 436 2993 528 3047; x_wconf 72' lang='grc' dir='ltr'><strong><em>καὶ</em></strong></span> <span class='ocrx_word' id='word_1_361' title='bbox 555 2993 618 3045; x_wconf 82' lang='grc' dir='ltr'>τὸ</span> <span class='ocrx_word' id='word_1_362' title='bbox 650 2991 919 3063; x_wconf 89' lang='grc' dir='ltr'>τιμωρίας</span> <span class='ocrx_word' id='word_1_363' title='bbox 957 2990 1175 3060; x_wconf 89' lang='grc' dir='ltr'>μέτρον,</span> <span class='ocrx_word' id='word_1_364' title='bbox 1209 2988 1486 3059; x_wconf 85' lang='grc' dir='ltr'>ἀναλόγως</span> <span class='ocrx_word' id='word_1_365' title='bbox 1515 2993 1580 3062; x_wconf 77' lang='grc' dir='ltr'>τῇ</span> <span class='ocrx_word' id='word_1_366' title='bbox 1609 2991 1847 3062; x_wconf 78' lang='grc' dir='ltr'>ὑπεροχῇ</span> 
     </span>
    </p>
   </div>
   <div class='ocr_carea' id='block_1_51' title="bbox 251 3084 1048 3156">
    <p class='ocr_par' dir='ltr' id='par_1_51' title="bbox 251 3084 1048 3156">
     <span class='ocr_line' id='line_1_54' title="bbox 251 3084 1048 3156; baseline 0.001 -19"><span class='ocrx_word' id='word_1_367' title='bbox 251 3084 349 3144; x_wconf 77' lang='grc' dir='ltr'><strong><em>τοῦ</em></strong></span> <span class='ocrx_word' id='word_1_368' title='bbox 390 3084 728 3156; x_wconf 84' lang='grc' dir='ltr'>πατηθέντος</span> <span class='ocrx_word' id='word_1_369' title='bbox 753 3084 1048 3138; x_wconf 81' lang='grc' dir='ltr'>ὲκτίνεται.</span> 
     </span>
    </p>
   </div>
   <div class='ocr_carea' id='block_1_52' title="bbox 951 3373 1156 3426">
    <p class='ocr_par' dir='ltr' id='par_1_52' title="bbox 951 3373 1156 3426">
     <span class='ocr_line' id='line_1_55' title="bbox 951 3373 1156 3426; baseline 0 0"><span class='ocrx_word' id='word_1_370' title='bbox 951 3373 1156 3426; x_wconf 81' lang='grc' dir='ltr'>ΔΛΛΟ.</span> 
     </span>
    </p>
   </div>
   <div class='ocr_carea' id='block_1_53' title="bbox 546 3484 1578 3551">
    <p class='ocr_par' dir='ltr' id='par_1_53' title="bbox 546 3484 1578 3551">
     <span class='ocr_line' id='line_1_56' title="bbox 546 3484 1578 3551; baseline -0.005 -11"><span class='ocrx_word' id='word_1_371' title='bbox 546 3487 643 3550; x_wconf 86' lang='grc' dir='ltr'>Ὧς</span> <span class='ocrx_word' id='word_1_372' title='bbox 679 3485 750 3550; x_wconf 79' lang='grc' dir='ltr'>ἐξ</span> <span class='ocrx_word' id='word_1_373' title='bbox 785 3484 1146 3551; x_wconf 81' lang='grc' dir='ltr'>ἀντιθέσεως</span> <span class='ocrx_word' id='word_1_374' title='bbox 1183 3486 1270 3550; x_wconf 84' lang='grc' dir='ltr'>εις</span> <span class='ocrx_word' id='word_1_375' title='bbox 1308 3484 1376 3538; x_wconf 85' lang='grc' dir='ltr'><strong><em>τὸ</em></strong></span> <span class='ocrx_word' id='word_1_376' title='bbox 1413 3484 1578 3538; x_wconf 81' lang='grc' dir='ltr'>αὐτό.</span> 
     </span>
    </p>
   </div>
   <div class='ocr_carea' id='block_1_54' title="bbox 329 3592 1848 3668">
    <p class='ocr_par' dir='ltr' id='par_1_54' title="bbox 329 3592 1848 3668">
     <span class='ocr_line' id='line_1_57' title="bbox 329 3592 1848 3668; baseline -0.004 -16"><span class='ocrx_word' id='word_1_377' title='bbox 329 3598 611 3668; x_wconf 85' lang='grc' dir='ltr'>Χείρονος,</span> <span class='ocrx_word' id='word_1_378' title='bbox 644 3599 826 3665; x_wconf 64' lang='grc' dir='ltr'>φασιν,</span> <span class='ocrx_word' id='word_1_379' title='bbox 859 3595 1108 3661; x_wconf 76' lang='grc' dir='ltr'>ἀξιοῦται</span> <span class='ocrx_word' id='word_1_380' title='bbox 1159 3607 1429 3665; x_wconf 74' lang='grc' dir='ltr'>τιμωρίας</span> <span class='ocrx_word' id='word_1_381' title='bbox 1472 3598 1500 3645; x_wconf 88' lang='lat'><strong><em>6</em></strong></span> <span class='ocrx_word' id='word_1_382' title='bbox 1546 3592 1848 3662; x_wconf 72' lang='grc' dir='ltr'><strong><em>ζεξαμαρτά-</em></strong></span> 
     </span>
    </p>
   </div>
   <div class='ocr_carea' id='block_1_55' title="bbox 253 3681 1849 3755">
    <p class='ocr_par' dir='ltr' id='par_1_55' title="bbox 253 3681 1849 3755">
     <span class='ocr_line' id='line_1_58' title="bbox 253 3681 1849 3755; baseline -0.005 -14"><span class='ocrx_word' id='word_1_383' title='bbox 253 3708 364 3742; x_wconf 86' lang='grc' dir='ltr'><strong><em>νων</em></strong></span> <span class='ocrx_word' id='word_1_384' title='bbox 396 3690 478 3750; x_wconf 84' lang='grc' dir='ltr'><strong><em>εἰς</em></strong></span> <span class='ocrx_word' id='word_1_385' title='bbox 505 3688 598 3739; x_wconf 73' lang='grc' dir='ltr'>τὸν</span> <span class='ocrx_word' id='word_1_386' title='bbox 626 3687 773 3749; x_wconf 81' lang='grc' dir='ltr'>Υίὸν,</span> <span class='ocrx_word' id='word_1_387' title='bbox 801 3687 876 3749; x_wconf 85' lang='grc' dir='ltr'>ὡς</span> <span class='ocrx_word' id='word_1_388' title='bbox 905 3689 984 3748; x_wconf 83' lang='grc' dir='ltr'><strong><em>είς</em></strong></span> <span class='ocrx_word' id='word_1_389' title='bbox 1023 3686 1245 3755; x_wconf 80' lang='grc' dir='ltr'>μείζονα</span> <span class='ocrx_word' id='word_1_390' title='bbox 1266 3685 1374 3737; x_wconf 83' lang='grc' dir='ltr'><strong><em>τῶν</em></strong></span> <span class='ocrx_word' id='word_1_391' title='bbox 1401 3681 1849 3752; x_wconf 88' lang='grc' dir='ltr'>ἀγγέλων.Τοῦτο</span> 
     </span>
    </p>
   </div>
   <div class='ocr_carea' id='block_1_56' title="bbox 252 3773 1849 3848">
    <p class='ocr_par' dir='ltr' id='par_1_56' title="bbox 252 3773 1849 3848">
     <span class='ocr_line' id='line_1_59' title="bbox 252 3773 1849 3848; baseline -0.005 -16"><span class='ocrx_word' id='word_1_392' title='bbox 252 3780 312 3832; x_wconf 66' lang='grc' dir='ltr'>δὲ</span> <span class='ocrx_word' id='word_1_393' title='bbox 339 3779 502 3830; x_wconf 81' lang='grc' dir='ltr'>αὐτὸν</span> <span class='ocrx_word' id='word_1_394' title='bbox 523 3778 585 3830; x_wconf 83' lang='grc' dir='ltr'><strong><em>οῦ</em></strong></span> <span class='ocrx_word' id='word_1_395' title='bbox 608 3777 824 3839; x_wconf 84' lang='grc' dir='ltr'>πάντως</span> <span class='ocrx_word' id='word_1_396' title='bbox 846 3777 950 3839; x_wconf 79' lang='grc' dir='ltr'>ἔξω</span> <span class='ocrx_word' id='word_1_397' title='bbox 969 3777 1069 3846; x_wconf 83' lang='grc' dir='ltr'>τῆς</span> <span class='ocrx_word' id='word_1_398' title='bbox 1093 3778 1228 3848; x_wconf 75' lang='grc' dir='ltr'>πρὸς</span> <span class='ocrx_word' id='word_1_399' title='bbox 1249 3776 1513 3844; x_wconf 86' lang='grc' dir='ltr'>ἀγγέλους</span> <span class='ocrx_word' id='word_1_400' title='bbox 1534 3773 1849 3844; x_wconf 88' lang='grc' dir='ltr'>ὀμογενείας</span> 
     </span>
    </p>
   </div>
   <div class='ocr_carea' id='block_1_57' title="bbox 255 3867 1849 3939">
    <p class='ocr_par' dir='ltr' id='par_1_57' title="bbox 255 3867 1849 3939">
     <span class='ocr_line' id='line_1_60' title="bbox 255 3867 1849 3939; baseline -0.003 -17"><span class='ocrx_word' id='word_1_401' title='bbox 255 3869 519 3938; x_wconf 84' lang='grc' dir='ltr'>γενέσθαι</span> <span class='ocrx_word' id='word_1_402' title='bbox 548 3871 712 3921; x_wconf 85' lang='grc' dir='ltr'>ποιεῖ.</span> <span class='ocrx_word' id='word_1_403' title='bbox 732 3867 1036 3936; x_wconf 84' lang='grc' dir='ltr'>Ἀναλόγως</span> <span class='ocrx_word' id='word_1_404' title='bbox 1073 3869 1181 3939; x_wconf 84' lang='grc' dir='ltr'><strong><em>γὰρ</em></strong></span> <span class='ocrx_word' id='word_1_405' title='bbox 1209 3871 1275 3938; x_wconf 80' lang='grc' dir='ltr'><strong><em>τῇ</em></strong></span> <span class='ocrx_word' id='word_1_406' title='bbox 1308 3867 1520 3936; x_wconf 79' lang='grc' dir='ltr'>ἑκάστῳ</span> <span class='ocrx_word' id='word_1_407' title='bbox 1545 3883 1849 3937; x_wconf 90' lang='grc' dir='ltr'>χρεωστου-</span> 
     </span>
    </p>
   </div>
   <div class='ocr_carea' id='block_1_58' title="bbox 260 3954 1848 4030">
    <p class='ocr_par' dir='ltr' id='par_1_58' title="bbox 260 3954 1848 4030">
     <span class='ocr_line' id='line_1_61' title="bbox 260 3954 1848 4030; baseline -0.004 -18"><span class='ocrx_word' id='word_1_408' title='bbox 260 3962 406 4030; x_wconf 82' lang='grc' dir='ltr'>μένῃ</span> <span class='ocrx_word' id='word_1_409' title='bbox 438 3961 572 4028; x_wconf 80' lang='grc' dir='ltr'>τιμῇ</span> <span class='ocrx_word' id='word_1_410' title='bbox 595 3959 688 4011; x_wconf 75' lang='grc' dir='ltr'>καὶ</span> <span class='ocrx_word' id='word_1_411' title='bbox 714 3959 746 4027; x_wconf 84' lang='grc' dir='ltr'>ἡ</span> <span class='ocrx_word' id='word_1_412' title='bbox 772 3959 852 4021; x_wconf 81' lang='grc' dir='ltr'><strong><em>εἰς</em></strong></span> <span class='ocrx_word' id='word_1_413' title='bbox 872 3958 1033 4010; x_wconf 81' lang='grc' dir='ltr'>αὐτὸν</span> <span class='ocrx_word' id='word_1_414' title='bbox 1059 3957 1214 4028; x_wconf 76' lang='grc' dir='ltr'>ὕϐρις</span> <span class='ocrx_word' id='word_1_415' title='bbox 1240 3958 1606 4026; x_wconf 86' lang='grc' dir='ltr'>ὲκμετρεῖται.</span> <span class='ocrx_word' id='word_1_416' title='bbox 1626 3954 1848 4026; x_wconf 80' lang='grc' dir='ltr'>Ἐπειδὴ</span> 
     </span>
    </p>
   </div>
   <div class='ocr_carea' id='block_1_59' title="bbox 252 4047 1849 4119">
    <p class='ocr_par' dir='ltr' id='par_1_59' title="bbox 252 4047 1849 4119">
     <span class='ocr_line' id='line_1_62' title="bbox 252 4047 1849 4119; baseline -0.003 -15"><span class='ocrx_word' id='word_1_417' title='bbox 252 4052 444 4104; x_wconf 73' lang='grc' dir='ltr'>τοίνυν</span> <span class='ocrx_word' id='word_1_418' title='bbox 493 4051 759 4119; x_wconf 84' lang='grc' dir='ltr'>κρείττων</span> <span class='ocrx_word' id='word_1_419' title='bbox 809 4051 1001 4119; x_wconf 91' lang='grc' dir='ltr'>γέγονε</span> <span class='ocrx_word' id='word_1_420' title='bbox 1055 4049 1166 4102; x_wconf 83' lang='grc' dir='ltr'><strong><em>τῶν</em></strong></span> <span class='ocrx_word' id='word_1_421' title='bbox 1213 4049 1460 4118; x_wconf 86' lang='grc' dir='ltr'>ἀγγέλων</span> <span class='ocrx_word' id='word_1_422' title='bbox 1488 4051 1516 4102; x_wconf 92' lang='grc' dir='ltr'><strong><em>ό</em></strong></span> <span class='ocrx_word' id='word_1_423' title='bbox 1553 4048 1700 4111; x_wconf 75' lang='grc' dir='ltr'>Υἱὸς,</span> <span class='ocrx_word' id='word_1_424' title='bbox 1735 4047 1849 4116; x_wconf 79' lang='grc' dir='ltr'>ἔχει</span> 
     </span>
    </p>
   </div>
   <div class='ocr_carea' id='block_1_60' title="bbox 211 4139 1812 4216">
    <p class='ocr_par' dir='ltr' id='par_1_60' title="bbox 211 4139 1812 4216">
     <span class='ocr_line' id='line_1_63' title="bbox 211 4139 1812 4216; baseline -0.003 -19"><span class='ocrx_word' id='word_1_425' title='bbox 211 4199 222 4213; x_wconf 59' lang='grc'><em>,</em></span> <span class='ocrx_word' id='word_1_426' title='bbox 255 4144 580 4216; x_wconf 82' lang='grc' dir='ltr'>βαρυτέρως</span> <span class='ocrx_word' id='word_1_427' title='bbox 605 4143 703 4213; x_wconf 80' lang='grc' dir='ltr'>τὴν</span> <span class='ocrx_word' id='word_1_428' title='bbox 733 4142 1006 4213; x_wconf 87' lang='grc' dir='ltr'>τιμωρίαν</span> <span class='ocrx_word' id='word_1_429' title='bbox 1033 4144 1061 4195; x_wconf 94' lang='lat'><strong><em>6</em></strong></span> <span class='ocrx_word' id='word_1_430' title='bbox 1090 4143 1169 4204; x_wconf 87' lang='grc' dir='ltr'><strong><em>είς</em></strong></span> <span class='ocrx_word' id='word_1_431' title='bbox 1203 4142 1364 4193; x_wconf 79' lang='grc' dir='ltr'>αὑτὸν</span> <span class='ocrx_word' id='word_1_432' title='bbox 1395 4139 1812 4210; x_wconf 74' lang='grc' dir='ltr'>ἐξαμαρτάνων.</span> 
     </span>
    </p>
   </div>
   <div class='ocr_carea' id='block_1_61' title="bbox 503 4253 1609 4322">
    <p class='ocr_par' dir='ltr' id='par_1_61' title="bbox 503 4253 1609 4322">
     <span class='ocr_line' id='line_1_64' title="bbox 503 4253 1609 4322; baseline -0.002 -14"><span class='ocrx_word' id='word_1_433' title='bbox 503 4257 661 4322; x_wconf 82' lang='grc' dir='ltr'>Πρὸς</span> <span class='ocrx_word' id='word_1_434' title='bbox 702 4254 890 4309; x_wconf 86' lang='grc' dir='ltr'>ταῦτα</span> <span class='ocrx_word' id='word_1_435' title='bbox 927 4255 1107 4319; x_wconf 69' lang='grc' dir='ltr'><em>λύσις</em></span> <span class='ocrx_word' id='word_1_436' title='bbox 1145 4254 1214 4307; x_wconf 84' lang='grc' dir='ltr'>ἐκ</span> <span class='ocrx_word' id='word_1_437' title='bbox 1254 4253 1359 4307; x_wconf 87' lang='grc' dir='ltr'>τοῦ</span> <span class='ocrx_word' id='word_1_438' title='bbox 1401 4253 1609 4306; x_wconf 86' lang='grc' dir='ltr'>αὑτοῦ.</span> 
     </span>
    </p>
   </div>
   <div class='ocr_carea' id='block_1_62' title="bbox 346 4362 1849 4438">
    <p class='ocr_par' dir='ltr' id='par_1_62' title="bbox 346 4362 1849 4438">
     <span class='ocr_line' id='line_1_65' title="bbox 346 4362 1849 4438; baseline -0.003 -17"><span class='ocrx_word' id='word_1_439' title='bbox 346 4369 548 4438; x_wconf 77' lang='grc' dir='ltr'>Ἐχρῆν</span> <span class='ocrx_word' id='word_1_440' title='bbox 577 4362 669 4421; x_wconf 81' lang='grc' dir='ltr'>οὖν</span> <span class='ocrx_word' id='word_1_441' title='bbox 699 4367 792 4419; x_wconf 76' lang='grc' dir='ltr'><strong><em>ἐπὶ</em></strong></span> <span class='ocrx_word' id='word_1_442' title='bbox 829 4369 896 4436; x_wconf 81' lang='grc' dir='ltr'><strong><em>τῇ</em></strong></span> <span class='ocrx_word' id='word_1_443' title='bbox 946 4365 1255 4435; x_wconf 79' lang='grc' dir='ltr'>παραϐάσει</span> <span class='ocrx_word' id='word_1_444' title='bbox 1300 4366 1407 4417; x_wconf 85' lang='grc' dir='ltr'>τῶν</span> <span class='ocrx_word' id='word_1_445' title='bbox 1430 4365 1667 4435; x_wconf 84' lang='grc' dir='ltr'>νομικῶν</span> <span class='ocrx_word' id='word_1_446' title='bbox 1701 4364 1849 4417; x_wconf 76' lang='grc' dir='ltr'>ἐντο-</span> 
     </span>
    </p>
   </div>
   <div class='ocr_carea' id='block_1_63' title="bbox 1951 1900 3537 1971">
    <p class='ocr_par' dir='ltr' id='par_1_63' title="bbox 1951 1900 3537 1971">
     <span class='ocr_line' id='line_1_66' title="bbox 1951 1900 3537 1971; baseline 0.001 -16"><span class='ocrx_word' id='word_1_447' title='bbox 1951 1900 2144 1956; x_wconf 89' lang='lat' dir='ltr'><strong><em>meiior</em></strong></span> <span class='ocrx_word' id='word_1_448' title='bbox 2183 1900 2410 1971; x_wconf 83' lang='lat' dir='ltr'><strong><em>angelis,</em></strong></span> <span class='ocrx_word' id='word_1_449' title='bbox 2456 1903 2829 1957; x_wconf 90' lang='lat' dir='ltr'><strong><em>necessarium</em></strong></span> <span class='ocrx_word' id='word_1_450' title='bbox 2875 1903 3031 1970; x_wconf 89' lang='lat' dir='ltr'><strong><em>plane</em></strong></span> <span class='ocrx_word' id='word_1_451' title='bbox 3061 1912 3145 1957; x_wconf 89' lang='lat' dir='ltr'><strong><em>est</em></strong></span> <span class='ocrx_word' id='word_1_452' title='bbox 3182 1903 3346 1956; x_wconf 87' lang='lat' dir='ltr'><strong><em>etiam</em></strong></span> <span class='ocrx_word' id='word_1_453' title='bbox 3390 1902 3537 1970; x_wconf 86' lang='lat' dir='ltr'><strong><em>ejus-</em></strong></span> 
     </span>
    </p>
   </div>
   <div class='ocr_carea' id='block_1_64' title="bbox 1949 1991 3536 2062">
    <p class='ocr_par' dir='ltr' id='par_1_64' title="bbox 1949 1991 3536 2062">
     <span class='ocr_line' id='line_1_67' title="bbox 1949 1991 3536 2062; baseline 0.001 -17"><span class='ocrx_word' id='word_1_454' title='bbox 1949 1991 2070 2045; x_wconf 93' lang='lat' dir='ltr'><strong><em>dem</em></strong></span> <span class='ocrx_word' id='word_1_455' title='bbox 2119 2006 2242 2045; x_wconf 88' lang='lat' dir='ltr'><strong><em>cum</em></strong></span> <span class='ocrx_word' id='word_1_456' title='bbox 2293 1991 2426 2060; x_wconf 89' lang='lat' dir='ltr'><strong><em>ipsis</em></strong></span> <span class='ocrx_word' id='word_1_457' title='bbox 2473 2001 2680 2047; x_wconf 84' lang='lat' dir='ltr'><strong><em>naturae</em></strong></span> <span class='ocrx_word' id='word_1_458' title='bbox 2735 2008 2859 2048; x_wconf 89' lang='lat' dir='ltr'><strong><em>esse</em></strong></span> <span class='ocrx_word' id='word_1_459' title='bbox 2889 1992 3347 2062; x_wconf 89' lang='lat' dir='ltr'><strong><em>(comparationes</em></strong></span> <span class='ocrx_word' id='word_1_460' title='bbox 3389 1992 3536 2047; x_wconf 87' lang='lat' dir='ltr'><strong><em>enim</em></strong></span> 
     </span>
    </p>
   </div>
   <div class='ocr_carea' id='block_1_65' title="bbox 1949 2082 3538 2154">
    <p class='ocr_par' dir='ltr' id='par_1_65' title="bbox 1949 2082 3538 2154">
     <span class='ocr_line' id='line_1_68' title="bbox 1949 2082 3538 2154; baseline 0.003 -18"><span class='ocrx_word' id='word_1_461' title='bbox 1949 2082 2092 2138; x_wconf 90' lang='lat' dir='ltr'><strong><em>inter</em></strong></span> <span class='ocrx_word' id='word_1_462' title='bbox 2122 2097 2208 2136; x_wconf 87' lang='lat' dir='ltr'><strong><em>res</em></strong></span> <span class='ocrx_word' id='word_1_463' title='bbox 2246 2082 2486 2150; x_wconf 83' lang='lat' dir='ltr'><strong><em>sibiipsis</em></strong></span> <span class='ocrx_word' id='word_1_464' title='bbox 2528 2083 2735 2138; x_wconf 85' lang='lat' dir='ltr'><strong><em>similes</em></strong></span> <span class='ocrx_word' id='word_1_465' title='bbox 2765 2085 2877 2138; x_wconf 83' lang='lat' dir='ltr'><strong><em>ﬁeri</em></strong></span> <span class='ocrx_word' id='word_1_466' title='bbox 2906 2085 3129 2154; x_wconf 88' lang='lat' dir='ltr'><strong><em>solent),</em></strong></span> <span class='ocrx_word' id='word_1_467' title='bbox 3167 2101 3265 2138; x_wconf 90' lang='lat' dir='ltr'><strong><em>cur</em></strong></span> <span class='ocrx_word' id='word_1_468' title='bbox 3287 2086 3538 2152; x_wconf 80' lang='lat' dir='ltr'><strong><em>graviore</em></strong></span> 
     </span>
    </p>
   </div>
   <div class='ocr_carea' id='block_1_66' title="bbox 1948 2173 3533 2245">
    <p class='ocr_par' dir='ltr' id='par_1_66' title="bbox 1948 2173 3533 2245">
     <span class='ocr_line' id='line_1_69' title="bbox 1948 2173 3533 2245; baseline 0.002 -17"><span class='ocrx_word' id='word_1_469' title='bbox 1948 2175 2213 2244; x_wconf 85' lang='lat' dir='ltr'><strong><em>supplicio</em></strong></span> <span class='ocrx_word' id='word_1_470' title='bbox 2244 2173 2384 2229; x_wconf 79' lang='lat' dir='ltr'><strong><em>allici</em></strong></span> <span class='ocrx_word' id='word_1_471' title='bbox 2432 2175 2674 2245; x_wconf 88' lang='lat' dir='ltr'><strong><em>oportuit</em></strong></span> <span class='ocrx_word' id='word_1_472' title='bbox 2720 2189 2842 2228; x_wconf 89' lang='lat' dir='ltr'><strong><em>eum</em></strong></span> <span class='ocrx_word' id='word_1_473' title='bbox 2877 2178 2966 2244; x_wconf 87' lang='lat' dir='ltr'><strong><em>qui</em></strong></span> <span class='ocrx_word' id='word_1_474' title='bbox 3003 2176 3198 2230; x_wconf 85' lang='lat' dir='ltr'><strong><em>Filium</em></strong></span> <span class='ocrx_word' id='word_1_475' title='bbox 3244 2178 3533 2232; x_wconf 88' lang='lat' dir='ltr'><strong><em>conculca-</em></strong></span> 
     </span>
    </p>
   </div>
   <div class='ocr_carea' id='block_1_67' title="bbox 1951 2266 3534 2338">
    <p class='ocr_par' dir='ltr' id='par_1_67' title="bbox 1951 2266 3534 2338">
     <span class='ocr_line' id='line_1_70' title="bbox 1951 2266 3534 2338; baseline 0.002 -18"><span class='ocrx_word' id='word_1_476' title='bbox 1951 2266 2108 2331; x_wconf 86' lang='lat' dir='ltr'><strong><em>verit,</em></strong></span> <span class='ocrx_word' id='word_1_477' title='bbox 2139 2282 2261 2322; x_wconf 90' lang='lat' dir='ltr'><strong><em>cum</em></strong></span> <span class='ocrx_word' id='word_1_478' title='bbox 2291 2266 2465 2322; x_wconf 86' lang='lat' dir='ltr'><strong><em>levius</em></strong></span> <span class='ocrx_word' id='word_1_479' title='bbox 2495 2266 2817 2337; x_wconf 90' lang='lat' dir='ltr'><strong><em>supplicium</em></strong></span> <span class='ocrx_word' id='word_1_480' title='bbox 2853 2277 3166 2322; x_wconf 84' lang='lat' dir='ltr'><strong><em>mereantur</em></strong></span> <span class='ocrx_word' id='word_1_481' title='bbox 3187 2269 3276 2337; x_wconf 91' lang='lat' dir='ltr'><strong><em>qui</em></strong></span> <span class='ocrx_word' id='word_1_482' title='bbox 3309 2267 3534 2338; x_wconf 83' lang='lat' dir='ltr'><strong><em>angelos</em></strong></span> 
     </span>
    </p>
   </div>
   <div class='ocr_carea' id='block_1_68' title="bbox 1949 2358 3533 2428">
    <p class='ocr_par' dir='ltr' id='par_1_68' title="bbox 1949 2358 3533 2428">
     <span class='ocr_line' id='line_1_71' title="bbox 1949 2358 3533 2428; baseline -0.001 -15"><span class='ocrx_word' id='word_1_483' title='bbox 1949 2359 2414 2423; x_wconf 82' lang='lat' dir='ltr'><strong><em>conculcaverint,</em></strong></span> <span class='ocrx_word' id='word_1_484' title='bbox 2463 2359 2898 2428; x_wconf 86' lang='lat' dir='ltr'><strong><em>transgressione</em></strong></span> <span class='ocrx_word' id='word_1_485' title='bbox 2931 2358 3064 2423; x_wconf 86' lang='lat' dir='ltr'><strong><em>legis</em></strong></span> <span class='ocrx_word' id='word_1_486' title='bbox 3095 2373 3192 2428; x_wconf 90' lang='lat' dir='ltr'><strong><em>per</em></strong></span> <span class='ocrx_word' id='word_1_487' title='bbox 3227 2360 3373 2428; x_wconf 84' lang='lat' dir='ltr'><strong><em>ipsos</em></strong></span> <span class='ocrx_word' id='word_1_488' title='bbox 3404 2375 3533 2428; x_wconf 86' lang='lat' dir='ltr'><strong><em>pru-</em></strong></span> 
     </span>
    </p>
   </div>
   <div class='ocr_carea' id='block_1_69' title="bbox 1951 2447 3534 2519">
    <p class='ocr_par' dir='ltr' id='par_1_69' title="bbox 1951 2447 3534 2519">
     <span class='ocr_line' id='line_1_72' title="bbox 1951 2447 3534 2519; baseline 0.001 -18"><span class='ocrx_word' id='word_1_489' title='bbox 1951 2447 2256 2501; x_wconf 73' lang='lat' dir='ltr'><strong><em>nuntiatae?</em></strong></span> <span class='ocrx_word' id='word_1_490' title='bbox 2278 2447 2410 2501; x_wconf 79' lang='lat' dir='ltr'><strong><em>Nam</em></strong></span> <span class='ocrx_word' id='word_1_491' title='bbox 2437 2448 2526 2518; x_wconf 90' lang='lat' dir='ltr'><strong><em>qui</em></strong></span> <span class='ocrx_word' id='word_1_492' title='bbox 2549 2448 2786 2517; x_wconf 66' lang='lat' dir='ltr'><strong><em>aequales</em></strong></span> <span class='ocrx_word' id='word_1_493' title='bbox 2801 2448 3155 2519; x_wconf 85' lang='lat' dir='ltr'><strong><em>ejusdemque</em></strong></span> <span class='ocrx_word' id='word_1_494' title='bbox 3179 2449 3379 2518; x_wconf 84' lang='lat' dir='ltr'><strong><em>speciei</em></strong></span> <span class='ocrx_word' id='word_1_495' title='bbox 3405 2463 3534 2504; x_wconf 89' lang='lat' dir='ltr'><strong><em>con-</em></strong></span> 
     </span>
    </p>
   </div>
   <div class='ocr_carea' id='block_1_70' title="bbox 1953 2537 3532 2609">
    <p class='ocr_par' dir='ltr' id='par_1_70' title="bbox 1953 2537 3532 2609">
     <span class='ocr_line' id='line_1_73' title="bbox 1953 2537 3532 2609; baseline 0.003 -19"><span class='ocrx_word' id='word_1_496' title='bbox 1953 2537 2173 2592; x_wconf 83' lang='lat' dir='ltr'><strong><em>tumelia</em></strong></span> <span class='ocrx_word' id='word_1_497' title='bbox 2221 2537 2409 2602; x_wconf 73' lang='lat' dir='ltr'><strong><em>allicit,</em></strong></span> <span class='ocrx_word' id='word_1_498' title='bbox 2458 2540 2655 2594; x_wconf 90' lang='lat' dir='ltr'><strong><em>merito</em></strong></span> <span class='ocrx_word' id='word_1_499' title='bbox 2685 2541 2934 2594; x_wconf 86' lang='lat' dir='ltr'><strong><em>eamdem</em></strong></span> <span class='ocrx_word' id='word_1_500' title='bbox 2969 2555 3184 2609; x_wconf 68' lang='lat' dir='ltr'><strong><em>pinnam</em></strong></span> <span class='ocrx_word' id='word_1_501' title='bbox 3220 2549 3532 2594; x_wconf 87' lang='lat' dir='ltr'><strong><em>mereatur:</em></strong></span> 
     </span>
    </p>
   </div>
   <div class='ocr_carea' id='block_1_71' title="bbox 1949 2629 3536 2700">
    <p class='ocr_par' dir='ltr' id='par_1_71' title="bbox 1949 2629 3536 2700">
     <span class='ocr_line' id='line_1_74' title="bbox 1949 2629 3536 2700; baseline 0.002 -20"><span class='ocrx_word' id='word_1_502' title='bbox 1949 2639 2184 2695; x_wconf 90' lang='lat' dir='ltr'><strong><em>cumque</em></strong></span> <span class='ocrx_word' id='word_1_503' title='bbox 2236 2642 2427 2682; x_wconf 89' lang='lat' dir='ltr'><strong><em>eorum</em></strong></span> <span class='ocrx_word' id='word_1_504' title='bbox 2490 2629 2582 2698; x_wconf 87' lang='lat' dir='ltr'><strong><em>qui</em></strong></span> <span class='ocrx_word' id='word_1_505' title='bbox 2628 2630 2824 2700; x_wconf 86' lang='lat' dir='ltr'><strong><em>injuria</em></strong></span> <span class='ocrx_word' id='word_1_506' title='bbox 2865 2630 3042 2685; x_wconf 73' lang='lat' dir='ltr'><strong><em>allecti</em></strong></span> <span class='ocrx_word' id='word_1_507' title='bbox 3081 2640 3211 2686; x_wconf 89' lang='lat' dir='ltr'><strong><em>sunt</em></strong></span> <span class='ocrx_word' id='word_1_508' title='bbox 3263 2630 3406 2684; x_wconf 89' lang='lat' dir='ltr'><strong><em>nulla</em></strong></span> <span class='ocrx_word' id='word_1_509' title='bbox 3466 2629 3536 2684; x_wconf 78' lang='lat' dir='ltr'><strong><em>sit</em></strong></span> 
     </span>
    </p>
   </div>
   <div class='ocr_carea' id='block_1_72' title="bbox 1950 2716 3532 2791">
    <p class='ocr_par' dir='ltr' id='par_1_72' title="bbox 1950 2716 3532 2791">
     <span class='ocr_line' id='line_1_75' title="bbox 1950 2716 3532 2791; baseline 0.003 -20"><span class='ocrx_word' id='word_1_510' title='bbox 1950 2716 2281 2785; x_wconf 72' lang='lat' dir='ltr'><strong><em>dilierentia,</em></strong></span> <span class='ocrx_word' id='word_1_511' title='bbox 2321 2719 2588 2788; x_wconf 88' lang='lat' dir='ltr'><strong><em>supplicia</em></strong></span> <span class='ocrx_word' id='word_1_512' title='bbox 2620 2735 2838 2791; x_wconf 89' lang='lat' dir='ltr'><strong><em>quoque</em></strong></span> <span class='ocrx_word' id='word_1_513' title='bbox 2865 2721 3094 2791; x_wconf 66' lang='lat' dir='ltr'><strong><em>mqnalla</em></strong></span> <span class='ocrx_word' id='word_1_514' title='bbox 3137 2735 3258 2776; x_wconf 87' lang='lat' dir='ltr'><strong><em>esse</em></strong></span> <span class='ocrx_word' id='word_1_515' title='bbox 3291 2729 3532 2790; x_wconf 82' lang='lat' dir='ltr'><strong><em>oportet.</em></strong></span> 
     </span>
    </p>
   </div>
   <div class='ocr_carea' id='block_1_73' title="bbox 1950 2807 3534 2884">
    <p class='ocr_par' dir='ltr' id='par_1_73' title="bbox 1950 2807 3534 2884">
     <span class='ocr_line' id='line_1_76' title="bbox 1950 2807 3534 2884; baseline 0.001 -20"><span class='ocrx_word' id='word_1_516' title='bbox 1950 2807 2216 2864; x_wconf 68' lang='lat' dir='ltr'><strong><em>Caeterum</em></strong></span> <span class='ocrx_word' id='word_1_517' title='bbox 2253 2810 2342 2878; x_wconf 91' lang='lat' dir='ltr'><strong><em>qui</em></strong></span> <span class='ocrx_word' id='word_1_518' title='bbox 2374 2811 2428 2865; x_wconf 91' lang='lat' dir='ltr'><strong><em>in</em></strong></span> <span class='ocrx_word' id='word_1_519' title='bbox 2469 2811 2668 2866; x_wconf 91' lang='lat' dir='ltr'><strong><em>Filium</em></strong></span> <span class='ocrx_word' id='word_1_520' title='bbox 2716 2812 3005 2882; x_wconf 90' lang='lat' dir='ltr'><strong><em>delinquit,</em></strong></span> <span class='ocrx_word' id='word_1_521' title='bbox 3040 2813 3292 2884; x_wconf 82' lang='lat' dir='ltr'><strong><em>graviore</em></strong></span> <span class='ocrx_word' id='word_1_522' title='bbox 3321 2811 3534 2881; x_wconf 87' lang='lat' dir='ltr'><strong><em>suppli-</em></strong></span> 
     </span>
    </p>
   </div>
   <div class='ocr_carea' id='block_1_74' title="bbox 1950 2899 3536 2972">
    <p class='ocr_par' dir='ltr' id='par_1_74' title="bbox 1950 2899 3536 2972">
     <span class='ocr_line' id='line_1_77' title="bbox 1950 2899 3536 2972; baseline 0 -18"><span class='ocrx_word' id='word_1_523' title='bbox 1950 2899 2035 2954; x_wconf 85' lang='lat' dir='ltr'><strong><em>cio</em></strong></span> <span class='ocrx_word' id='word_1_524' title='bbox 2060 2899 2326 2967; x_wconf 74' lang='lat' dir='ltr'><strong><em>afﬁcitur;</em></strong></span> <span class='ocrx_word' id='word_1_525' title='bbox 2359 2902 2448 2970; x_wconf 86' lang='lat' dir='ltr'><strong><em>qui</em></strong></span> <span class='ocrx_word' id='word_1_526' title='bbox 2496 2916 2626 2956; x_wconf 91' lang='lat' dir='ltr'><strong><em>vero</em></strong></span> <span class='ocrx_word' id='word_1_527' title='bbox 2661 2902 2712 2956; x_wconf 89' lang='lat' dir='ltr'><strong><em>in</em></strong></span> <span class='ocrx_word' id='word_1_528' title='bbox 2750 2902 2921 2972; x_wconf 78' lang='lat' dir='ltr'><strong><em>legem</em></strong></span> <span class='ocrx_word' id='word_1_529' title='bbox 2959 2903 3027 2956; x_wconf 90' lang='lat' dir='ltr'><strong><em>ab</em></strong></span> <span class='ocrx_word' id='word_1_530' title='bbox 3057 2901 3263 2970; x_wconf 88' lang='lat' dir='ltr'><strong><em>angelis</em></strong></span> <span class='ocrx_word' id='word_1_531' title='bbox 3294 2917 3536 2971; x_wconf 87' lang='lat' dir='ltr'><strong><em>pronun-</em></strong></span> 
     </span>
    </p>
   </div>
   <div class='ocr_carea' id='block_1_75' title="bbox 1953 2989 3535 3061">
    <p class='ocr_par' dir='ltr' id='par_1_75' title="bbox 1953 2989 3535 3061">
     <span class='ocr_line' id='line_1_78' title="bbox 1953 2989 3535 3061; baseline 0.001 -17"><span class='ocrx_word' id='word_1_532' title='bbox 1953 2989 2158 3054; x_wconf 88' lang='lat' dir='ltr'><strong><em>tiatam,</em></strong></span> <span class='ocrx_word' id='word_1_533' title='bbox 2207 2991 2429 3045; x_wconf 86' lang='lat' dir='ltr'><strong><em>leviore.</em></strong></span> <span class='ocrx_word' id='word_1_534' title='bbox 2473 2990 2589 3046; x_wconf 84' lang='lat' dir='ltr'><strong><em>Non</em></strong></span> <span class='ocrx_word' id='word_1_535' title='bbox 2635 3002 2719 3046; x_wconf 89' lang='lat' dir='ltr'><strong><em>est</em></strong></span> <span class='ocrx_word' id='word_1_536' title='bbox 2757 2993 2918 3061; x_wconf 83' lang='lat' dir='ltr'><strong><em>igitur</em></strong></span> <span class='ocrx_word' id='word_1_537' title='bbox 2949 2992 3117 3046; x_wconf 85' lang='lat' dir='ltr'><strong><em>Filius</em></strong></span> <span class='ocrx_word' id='word_1_538' title='bbox 3163 2991 3404 3061; x_wconf 88' lang='lat' dir='ltr'><strong><em>ejusdem</em></strong></span> <span class='ocrx_word' id='word_1_539' title='bbox 3438 3007 3535 3061; x_wconf 83' lang='lat' dir='ltr'><strong><em>ge-</em></strong></span> 
     </span>
    </p>
   </div>
   <div class='ocr_carea' id='block_1_76' title="bbox 1953 3082 3535 3153">
    <p class='ocr_par' dir='ltr' id='par_1_76' title="bbox 1953 3082 3535 3153">
     <span class='ocr_line' id='line_1_79' title="bbox 1953 3082 3535 3153; baseline 0.001 -18"><span class='ocrx_word' id='word_1_540' title='bbox 1953 3082 2100 3136; x_wconf 91' lang='lat' dir='ltr'><strong><em>neris</em></strong></span> <span class='ocrx_word' id='word_1_541' title='bbox 2142 3097 2264 3135; x_wconf 91' lang='lat' dir='ltr'><strong><em>cum</em></strong></span> <span class='ocrx_word' id='word_1_542' title='bbox 2300 3082 2528 3151; x_wconf 90' lang='lat' dir='ltr'><strong><em>angelis,</em></strong></span> <span class='ocrx_word' id='word_1_543' title='bbox 2573 3097 2694 3136; x_wconf 91' lang='lat' dir='ltr'><strong><em>cum</em></strong></span> <span class='ocrx_word' id='word_1_544' title='bbox 2726 3083 2944 3153; x_wconf 86' lang='lat' dir='ltr'><strong><em>gravius</em></strong></span> <span class='ocrx_word' id='word_1_545' title='bbox 2980 3084 3050 3138; x_wconf 88' lang='lat' dir='ltr'><strong><em>sit</em></strong></span> <span class='ocrx_word' id='word_1_546' title='bbox 3093 3083 3350 3138; x_wconf 86' lang='lat' dir='ltr'><strong><em>delictum</em></strong></span> <span class='ocrx_word' id='word_1_547' title='bbox 3392 3083 3535 3152; x_wconf 88' lang='lat' dir='ltr'><strong><em>quod</em></strong></span> 
     </span>
    </p>
   </div>
   <div class='ocr_carea' id='block_1_77' title="bbox 1868 3167 3534 3241">
    <p class='ocr_par' dir='ltr' id='par_1_77' title="bbox 1868 3167 3534 3241">
     <span class='ocr_line' id='line_1_80' title="bbox 1868 3167 3534 3241; baseline 0.001 -19"><span class='ocrx_word' id='word_1_548' title='bbox 1868 3171 1913 3230; x_wconf 83' lang='lat' dir='ltr'><strong><em>C</em></strong></span> <span class='ocrx_word' id='word_1_549' title='bbox 1947 3167 2000 3222; x_wconf 91' lang='lat' dir='ltr'><strong><em>in</em></strong></span> <span class='ocrx_word' id='word_1_550' title='bbox 2036 3169 2182 3222; x_wconf 92' lang='lat' dir='ltr'><strong><em>illum</em></strong></span> <span class='ocrx_word' id='word_1_551' title='bbox 2231 3171 2592 3224; x_wconf 90' lang='lat' dir='ltr'><strong><em>committitur</em></strong></span> <span class='ocrx_word' id='word_1_552' title='bbox 2622 3185 2782 3239; x_wconf 89' lang='lat' dir='ltr'><strong><em>quam</em></strong></span> <span class='ocrx_word' id='word_1_553' title='bbox 2816 3173 2958 3240; x_wconf 90' lang='lat' dir='ltr'><strong><em>quod</em></strong></span> <span class='ocrx_word' id='word_1_554' title='bbox 2999 3173 3051 3225; x_wconf 90' lang='lat' dir='ltr'><strong><em>in</em></strong></span> <span class='ocrx_word' id='word_1_555' title='bbox 3085 3171 3208 3237; x_wconf 86' lang='lat' dir='ltr'><strong><em>hos,</em></strong></span> <span class='ocrx_word' id='word_1_556' title='bbox 3237 3181 3292 3225; x_wconf 92' lang='lat' dir='ltr'><strong><em>et</em></strong></span> <span class='ocrx_word' id='word_1_557' title='bbox 3327 3170 3534 3241; x_wconf 84' lang='lat' dir='ltr'><strong><em>suppli-</em></strong></span> 
     </span>
    </p>
   </div>
   <div class='ocr_carea' id='block_1_78' title="bbox 1951 3260 3428 3332">
    <p class='ocr_par' dir='ltr' id='par_1_78' title="bbox 1951 3260 3428 3332">
     <span class='ocr_line' id='line_1_81' title="bbox 1951 3260 3428 3332; baseline 0 -17"><span class='ocrx_word' id='word_1_558' title='bbox 1951 3260 2096 3316; x_wconf 71' lang='lat' dir='ltr'><strong><em>ciunt</em></strong></span> <span class='ocrx_word' id='word_1_559' title='bbox 2132 3263 2600 3330; x_wconf 85' lang='lat' dir='ltr'><strong><em>pr0portionatuni</em></strong></span> <span class='ocrx_word' id='word_1_560' title='bbox 2636 3262 2889 3332; x_wconf 87' lang='lat' dir='ltr'><strong><em>gravitati</em></strong></span> <span class='ocrx_word' id='word_1_561' title='bbox 2923 3262 3104 3316; x_wconf 79' lang='lat' dir='ltr'><strong><em>delicti</em></strong></span> <span class='ocrx_word' id='word_1_562' title='bbox 3136 3263 3428 3332; x_wconf 89' lang='lat' dir='ltr'><strong><em>irrogetur.</em></strong></span> 
     </span>
    </p>
   </div>
   <div class='ocr_carea' id='block_1_79' title="bbox 2621 3391 2856 3447">
    <p class='ocr_par' dir='ltr' id='par_1_79' title="bbox 2621 3391 2856 3447">
     <span class='ocr_line' id='line_1_82' title="bbox 2621 3391 2856 3447; baseline 0.004 -1"><span class='ocrx_word' id='word_1_563' title='bbox 2621 3391 2856 3447; x_wconf 86' lang='lat' dir='ltr'><strong><em>ALIUD.</em></strong></span> 
     </span>
    </p>
   </div>
   <div class='ocr_carea' id='block_1_80' title="bbox 2187 3499 3282 3572">
    <p class='ocr_par' dir='ltr' id='par_1_80' title="bbox 2187 3499 3282 3572">
     <span class='ocr_line' id='line_1_83' title="bbox 2187 3499 3282 3572; baseline 0.005 -19"><span class='ocrx_word' id='word_1_564' title='bbox 2187 3499 2271 3556; x_wconf 73' lang='lat' dir='ltr'><strong><em>Ex</em></strong></span> <span class='ocrx_word' id='word_1_565' title='bbox 2302 3503 2594 3572; x_wconf 78' lang='lat' dir='ltr'><strong><em>objectione</em></strong></span> <span class='ocrx_word' id='word_1_566' title='bbox 2624 3504 2993 3558; x_wconf 73' lang='lat' dir='ltr'><strong><em>htereticorum</em></strong></span> <span class='ocrx_word' id='word_1_567' title='bbox 3036 3506 3091 3558; x_wconf 87' lang='lat' dir='ltr'><strong><em>in</em></strong></span> <span class='ocrx_word' id='word_1_568' title='bbox 3121 3506 3282 3559; x_wconf 81' lang='lat' dir='ltr'><strong><em>idem.</em></strong></span> 
     </span>
    </p>
   </div>
   <div class='ocr_carea' id='block_1_81' title="bbox 2015 3611 3535 3689">
    <p class='ocr_par' dir='ltr' id='par_1_81' title="bbox 2015 3611 3535 3689">
     <span class='ocr_line' id='line_1_84' title="bbox 2015 3611 3535 3689; baseline 0.006 -26"><span class='ocrx_word' id='word_1_569' title='bbox 2015 3611 2267 3675; x_wconf 87' lang='lat' dir='ltr'><strong><em>Gravius,</em></strong></span> <span class='ocrx_word' id='word_1_570' title='bbox 2319 3615 2594 3684; x_wconf 91' lang='lat' dir='ltr'><strong><em>inquiunt,</em></strong></span> <span class='ocrx_word' id='word_1_571' title='bbox 2645 3618 2867 3686; x_wconf 88' lang='lat' dir='ltr'><strong><em>punitur</em></strong></span> <span class='ocrx_word' id='word_1_572' title='bbox 2906 3617 2996 3684; x_wconf 86' lang='lat' dir='ltr'><strong><em>qui</em></strong></span> <span class='ocrx_word' id='word_1_573' title='bbox 3043 3619 3312 3689; x_wconf 86' lang='lat' dir='ltr'><strong><em>delinquit</em></strong></span> <span class='ocrx_word' id='word_1_574' title='bbox 3347 3619 3399 3673; x_wconf 91' lang='lat' dir='ltr'><strong><em>in</em></strong></span> <span class='ocrx_word' id='word_1_575' title='bbox 3443 3616 3535 3672; x_wconf 81' lang='lat' dir='ltr'><strong><em>Fi-</em></strong></span> 
     </span>
    </p>
   </div>
   <div class='ocr_carea' id='block_1_82' title="bbox 1950 3701 3538 3774">
    <p class='ocr_par' dir='ltr' id='par_1_82' title="bbox 1950 3701 3538 3774">
     <span class='ocr_line' id='line_1_85' title="bbox 1950 3701 3538 3774; baseline 0.007 -20"><span class='ocrx_word' id='word_1_576' title='bbox 1950 3701 2104 3766; x_wconf 77' lang='lat' dir='ltr'><strong><em>lium,</em></strong></span> <span class='ocrx_word' id='word_1_577' title='bbox 2133 3707 2509 3764; x_wconf 73' lang='lat' dir='ltr'><strong><em>ut,maximum</em></strong></span> <span class='ocrx_word' id='word_1_578' title='bbox 2541 3710 2878 3774; x_wconf 87' lang='lat' dir='ltr'><strong><em>angelorum.</em></strong></span> <span class='ocrx_word' id='word_1_579' title='bbox 2904 3711 3172 3764; x_wconf 75' lang='lat' dir='ltr'><strong><em>Caeterum</em></strong></span> <span class='ocrx_word' id='word_1_580' title='bbox 3197 3727 3302 3764; x_wconf 89' lang='lat' dir='ltr'><strong><em>non</em></strong></span> <span class='ocrx_word' id='word_1_581' title='bbox 3333 3711 3538 3765; x_wconf 88' lang='lat' dir='ltr'><strong><em>idcirco</em></strong></span> 
     </span>
    </p>
   </div>
   <div class='ocr_carea' id='block_1_83' title="bbox 1949 3793 3535 3868">
    <p class='ocr_par' dir='ltr' id='par_1_83' title="bbox 1949 3793 3535 3868">
     <span class='ocr_line' id='line_1_86' title="bbox 1949 3793 3535 3868; baseline 0.005 -22"><span class='ocrx_word' id='word_1_582' title='bbox 1949 3793 2148 3846; x_wconf 87' lang='lat' dir='ltr'><strong><em>desinit</em></strong></span> <span class='ocrx_word' id='word_1_583' title='bbox 2179 3808 2303 3848; x_wconf 87' lang='lat' dir='ltr'><strong><em>esse</em></strong></span> <span class='ocrx_word' id='word_1_584' title='bbox 2346 3796 2590 3863; x_wconf 86' lang='lat' dir='ltr'><strong><em>ejusdem</em></strong></span> <span class='ocrx_word' id='word_1_585' title='bbox 2623 3802 2838 3864; x_wconf 83' lang='lat' dir='ltr'><strong><em>generis</em></strong></span> <span class='ocrx_word' id='word_1_586' title='bbox 2873 3817 2994 3854; x_wconf 91' lang='lat' dir='ltr'><strong><em>cum</em></strong></span> <span class='ocrx_word' id='word_1_587' title='bbox 3029 3802 3256 3868; x_wconf 82' lang='lat' dir='ltr'><strong><em>angelis.</em></strong></span> <span class='ocrx_word' id='word_1_588' title='bbox 3291 3801 3423 3855; x_wconf 80' lang='lat' dir='ltr'><strong><em>Nam</em></strong></span> <span class='ocrx_word' id='word_1_589' title='bbox 3468 3818 3535 3856; x_wconf 79' lang='lat' dir='ltr'><strong><em>ex</em></strong></span> 
     </span>
    </p>
   </div>
   <div class='ocr_carea' id='block_1_84' title="bbox 1950 3881 3530 3952">
    <p class='ocr_par' dir='ltr' id='par_1_84' title="bbox 1950 3881 3530 3952">
     <span class='ocr_line' id='line_1_87' title="bbox 1950 3881 3530 3952; baseline 0.003 -16"><span class='ocrx_word' id='word_1_590' title='bbox 1950 3882 2159 3936; x_wconf 80' lang='lat' dir='ltr'><strong><em>honore</em></strong></span> <span class='ocrx_word' id='word_1_591' title='bbox 2213 3881 2304 3949; x_wconf 88' lang='lat' dir='ltr'><strong><em>qui</em></strong></span> <span class='ocrx_word' id='word_1_592' title='bbox 2342 3884 2572 3952; x_wconf 87' lang='lat' dir='ltr'><strong><em>singulis</em></strong></span> <span class='ocrx_word' id='word_1_593' title='bbox 2615 3885 2860 3951; x_wconf 91' lang='lat' dir='ltr'><strong><em>debetur,</em></strong></span> <span class='ocrx_word' id='word_1_594' title='bbox 2910 3890 3237 3941; x_wconf 89' lang='lat' dir='ltr'><strong><em>contumelia</em></strong></span> <span class='ocrx_word' id='word_1_595' title='bbox 3275 3889 3437 3942; x_wconf 86' lang='lat' dir='ltr'><strong><em>etiam</em></strong></span> <span class='ocrx_word' id='word_1_596' title='bbox 3481 3891 3530 3942; x_wconf 88' lang='lat' dir='ltr'><strong><em>ei</em></strong></span> 
     </span>
    </p>
   </div>
   <div class='ocr_carea' id='block_1_85' title="bbox 1951 3972 3534 4046">
    <p class='ocr_par' dir='ltr' id='par_1_85' title="bbox 1951 3972 3534 4046">
     <span class='ocr_line' id='line_1_88' title="bbox 1951 3972 3534 4046; baseline 0.004 -21"><span class='ocrx_word' id='word_1_597' title='bbox 1951 3972 2110 4026; x_wconf 82' lang='lat' dir='ltr'><strong><em>allata</em></strong></span> <span class='ocrx_word' id='word_1_598' title='bbox 2140 3975 2463 4028; x_wconf 63' lang='lat' dir='ltr'><strong><em>aestimatur.</em></strong></span> <span class='ocrx_word' id='word_1_599' title='bbox 2491 3976 2625 4030; x_wconf 85' lang='lat' dir='ltr'><strong><em>Cum</em></strong></span> <span class='ocrx_word' id='word_1_600' title='bbox 2655 3977 2821 4046; x_wconf 85' lang='lat' dir='ltr'><strong><em>igitur</em></strong></span> <span class='ocrx_word' id='word_1_601' title='bbox 2854 3979 3030 4034; x_wconf 81' lang='lat' dir='ltr'><strong><em>lactus</em></strong></span> <span class='ocrx_word' id='word_1_602' title='bbox 3057 3981 3126 4034; x_wconf 87' lang='lat' dir='ltr'><strong><em>sit</em></strong></span> <span class='ocrx_word' id='word_1_603' title='bbox 3151 3979 3317 4034; x_wconf 85' lang='lat' dir='ltr'><strong><em>Filius</em></strong></span> <span class='ocrx_word' id='word_1_604' title='bbox 3341 3980 3534 4034; x_wconf 86' lang='lat' dir='ltr'><strong><em>melior</em></strong></span> 
     </span>
    </p>
   </div>
   <div class='ocr_carea' id='block_1_86' title="bbox 1950 4064 3534 4142">
    <p class='ocr_par' dir='ltr' id='par_1_86' title="bbox 1950 4064 3534 4142">
     <span class='ocr_line' id='line_1_89' title="bbox 1950 4064 3534 4142; baseline 0.006 -24"><span class='ocrx_word' id='word_1_605' title='bbox 1950 4064 2175 4132; x_wconf 84' lang='lat' dir='ltr'><strong><em>angelis,</em></strong></span> <span class='ocrx_word' id='word_1_606' title='bbox 2207 4066 2369 4136; x_wconf 76' lang='lat'><strong>207</strong></span> <span class='ocrx_word' id='word_1_607' title='bbox 2399 4069 2617 4136; x_wconf 83' lang='lat' dir='ltr'><strong><em>gravius</em></strong></span> <span class='ocrx_word' id='word_1_608' title='bbox 2660 4085 2874 4141; x_wconf 89' lang='lat' dir='ltr'><strong><em>quoque</em></strong></span> <span class='ocrx_word' id='word_1_609' title='bbox 2927 4071 3252 4142; x_wconf 85' lang='lat' dir='ltr'><strong><em>supplicium</em></strong></span> <span class='ocrx_word' id='word_1_610' title='bbox 3297 4074 3534 4128; x_wconf 82' lang='lat' dir='ltr'><strong><em>sumitur</em></strong></span> 
     </span>
    </p>
   </div>
   <div class='ocr_carea' id='block_1_87' title="bbox 1952 4155 2759 4228">
    <p class='ocr_par' dir='ltr' id='par_1_87' title="bbox 1952 4155 2759 4228">
     <span class='ocr_line' id='line_1_90' title="bbox 1952 4155 2759 4228; baseline 0.009 -19"><span class='ocrx_word' id='word_1_611' title='bbox 1952 4155 2018 4210; x_wconf 90' lang='lat' dir='ltr'><strong><em>de</em></strong></span> <span class='ocrx_word' id='word_1_612' title='bbox 2041 4170 2107 4210; x_wconf 93' lang='lat' dir='ltr'><strong><em>eo</em></strong></span> <span class='ocrx_word' id='word_1_613' title='bbox 2139 4159 2228 4226; x_wconf 91' lang='lat' dir='ltr'><strong><em>qui</em></strong></span> <span class='ocrx_word' id='word_1_614' title='bbox 2259 4158 2310 4212; x_wconf 90' lang='lat' dir='ltr'><strong><em>in</em></strong></span> <span class='ocrx_word' id='word_1_615' title='bbox 2345 4159 2518 4228; x_wconf 90' lang='lat' dir='ltr'><strong><em>ipsum</em></strong></span> <span class='ocrx_word' id='word_1_616' title='bbox 2548 4171 2759 4228; x_wconf 89' lang='lat' dir='ltr'><strong><em>peccat.</em></strong></span> 
     </span>
    </p>
   </div>
   <div class='ocr_carea' id='block_1_88' title="bbox 2296 4267 3183 4340">
    <p class='ocr_par' dir='ltr' id='par_1_88' title="bbox 2296 4267 3183 4340">
     <span class='ocr_line' id='line_1_91' title="bbox 2296 4267 3183 4340; baseline 0.002 -16"><span class='ocrx_word' id='word_1_617' title='bbox 2296 4267 2506 4324; x_wconf 82' lang='lat' dir='ltr'><strong><em>Salutio</em></strong></span> <span class='ocrx_word' id='word_1_618' title='bbox 2548 4271 2855 4340; x_wconf 83' lang='lat' dir='ltr'><strong><em>objectionis</em></strong></span> <span class='ocrx_word' id='word_1_619' title='bbox 2883 4289 2946 4327; x_wconf 78' lang='lat' dir='ltr'><strong><em>ea:</em></strong></span> <span class='ocrx_word' id='word_1_620' title='bbox 2979 4275 3183 4328; x_wconf 85' lang='lat' dir='ltr'><strong><em>eodem.</em></strong></span> 
     </span>
    </p>
   </div>
   <div class='ocr_carea' id='block_1_89' title="bbox 2022 4378 3534 4454">
    <p class='ocr_par' dir='ltr' id='par_1_89' title="bbox 2022 4378 3534 4454">
     <span class='ocr_line' id='line_1_92' title="bbox 2022 4378 3534 4454; baseline 0.004 -21"><span class='ocrx_word' id='word_1_621' title='bbox 2022 4378 2271 4447; x_wconf 90' lang='lat' dir='ltr'><strong><em>Oportuit</em></strong></span> <span class='ocrx_word' id='word_1_622' title='bbox 2315 4379 2498 4450; x_wconf 87' lang='lat' dir='ltr'><strong><em>itaque</em></strong></span> <span class='ocrx_word' id='word_1_623' title='bbox 2535 4381 2586 4435; x_wconf 91' lang='lat' dir='ltr'><strong><em>in</em></strong></span> <span class='ocrx_word' id='word_1_624' title='bbox 2639 4385 3072 4453; x_wconf 84' lang='lat' dir='ltr'><strong><em>transgressione</em></strong></span> <span class='ocrx_word' id='word_1_625' title='bbox 3103 4384 3354 4454; x_wconf 87' lang='lat' dir='ltr'><strong><em>legalium</em></strong></span> <span class='ocrx_word' id='word_1_626' title='bbox 3391 4401 3534 4454; x_wconf 76' lang='lat' dir='ltr'><strong><em>pra:-</em></strong></span> 
     </span>
    </p>
   </div>
   <div class='ocr_carea' id='block_1_90' title="bbox 252 4454 1847 4569">
    <p class='ocr_par' dir='ltr' id='par_1_90' title="bbox 252 4454 1847 4528">
     <span class='ocr_line' id='line_1_93' title="bbox 252 4454 1847 4528; baseline -0.002 -18"><span class='ocrx_word' id='word_1_627' title='bbox 252 4458 389 4519; x_wconf 88' lang='grc' dir='ltr'>λῶν,</span> <span class='ocrx_word' id='word_1_628' title='bbox 434 4457 510 4528; x_wconf 76' lang='grc' dir='ltr'><strong><em>μὴ</em></strong></span> <span class='ocrx_word' id='word_1_629' title='bbox 536 4457 813 4525; x_wconf 87' lang='grc' dir='ltr'>ἀναλόγως</span> <span class='ocrx_word' id='word_1_630' title='bbox 843 4459 955 4516; x_wconf 87' lang='grc' dir='ltr'>τοῖς</span> <span class='ocrx_word' id='word_1_631' title='bbox 985 4455 1418 4526; x_wconf 89' lang='grc' dir='ltr'>πλημμελήμασι</span> <span class='ocrx_word' id='word_1_632' title='bbox 1444 4455 1542 4518; x_wconf 81' lang='grc' dir='ltr'><strong><em>τὰς</em></strong></span> <span class='ocrx_word' id='word_1_633' title='bbox 1578 4454 1847 4525; x_wconf 81' lang='grc' dir='ltr'>τιμωρίας</span> 
     </span>
    </p>
   </div>
   <div class='ocr_carea' id='block_1_91' title="bbox 1952 4454 3536 4569">
    <p class='ocr_par' dir='ltr' id='par_1_91' title="bbox 1954 4473 3536 4547">
     <span class='ocr_line' id='line_1_94' title="bbox 1954 4473 3536 4547; baseline 0.004 -23"><span class='ocrx_word' id='word_1_634' title='bbox 1954 4479 2233 4538; x_wconf 85' lang='lat' dir='ltr'><strong><em>ceptorum</em></strong></span> <span class='ocrx_word' id='word_1_635' title='bbox 2286 4486 2389 4525; x_wconf 91' lang='lat' dir='ltr'><strong><em>non</em></strong></span> <span class='ocrx_word' id='word_1_636' title='bbox 2429 4473 2659 4542; x_wconf 89' lang='lat' dir='ltr'><strong><em>irrogari</em></strong></span> <span class='ocrx_word' id='word_1_637' title='bbox 2702 4489 2893 4541; x_wconf 69' lang='lat' dir='ltr'><strong><em>pmnas</em></strong></span> <span class='ocrx_word' id='word_1_638' title='bbox 2941 4477 3153 4532; x_wconf 90' lang='lat' dir='ltr'><strong><em>delictis</em></strong></span> <span class='ocrx_word' id='word_1_639' title='bbox 3187 4477 3536 4547; x_wconf 87' lang='lat' dir='ltr'><strong><em>proportione</em></strong></span> 
     </span>
    </p>
   </div>
   <div class='ocr_carea' id='block_1_92' title="bbox 254 4545 1847 4637">
    <p class='ocr_par' dir='ltr' id='par_1_92' title="bbox 254 4545 1847 4621">
     <span class='ocr_line' id='line_1_95' title="bbox 254 4545 1847 4621; baseline -0.001 -20"><span class='ocrx_word' id='word_1_640' title='bbox 254 4548 562 4621; x_wconf 74' lang='grc' dir='ltr'>ὁρίζεσθαι,</span> <span class='ocrx_word' id='word_1_641' title='bbox 597 4548 732 4616; x_wconf 82' lang='grc' dir='ltr'>μηδὲ</span> <span class='ocrx_word' id='word_1_642' title='bbox 768 4546 983 4610; x_wconf 83' lang='grc' dir='ltr'>πάντως</span> <span class='ocrx_word' id='word_1_643' title='bbox 1027 4545 1103 4614; x_wconf 83' lang='grc' dir='ltr'>τῷ</span> <span class='ocrx_word' id='word_1_644' title='bbox 1159 4545 1380 4616; x_wconf 87' lang='grc' dir='ltr'>μεγέθει</span> <span class='ocrx_word' id='word_1_645' title='bbox 1430 4545 1530 4614; x_wconf 84' lang='grc' dir='ltr'>τῆς</span> <span class='ocrx_word' id='word_1_646' title='bbox 1577 4547 1847 4616; x_wconf 83' lang='grc' dir='ltr'>ἁμαρτίας</span> 
     </span>
    </p>
   </div>
   <div class='ocr_carea' id='block_1_93' title="bbox 1952 4545 3537 4637">
    <p class='ocr_par' dir='ltr' id='par_1_93' title="bbox 1956 4545 3537 4637">
     <span class='ocr_line' id='line_1_96' title="bbox 1956 4545 3537 4637; baseline 0.001 -21"><span class='ocrx_word' id='word_1_647' title='bbox 1956 4563 2387 4632; x_wconf 87' lang='lat' dir='ltr'><strong><em>respondentes;</em></strong></span> <span class='ocrx_word' id='word_1_648' title='bbox 2437 4579 2612 4633; x_wconf 87' lang='lat' dir='ltr'><strong><em>neque</em></strong></span> <span class='ocrx_word' id='word_1_649' title='bbox 2661 4565 2884 4620; x_wconf 88' lang='lat' dir='ltr'><strong><em>omnino</em></strong></span> <span class='ocrx_word' id='word_1_650' title='bbox 2933 4545 3255 4636; x_wconf 82' lang='lat' dir='ltr'><strong><em>supplicium</em></strong></span> <span class='ocrx_word' id='word_1_651' title='bbox 3290 4545 3537 4637; x_wconf 70' lang='lat' dir='ltr'><strong><em>peccato</em></strong></span> 
     </span>
    </p>
   </div>
   <div class='ocr_carea' id='block_1_94' title="bbox 258 4636 1847 4726">
    <p class='ocr_par' dir='ltr' id='par_1_94' title="bbox 258 4636 1847 4713">
     <span class='ocr_line' id='line_1_97' title="bbox 258 4636 1847 4713; baseline -0.004 -18"><span class='ocrx_word' id='word_1_652' title='bbox 258 4640 700 4713; x_wconf 84' lang='grc' dir='ltr'>συμμετρεῖσθαι</span> <span class='ocrx_word' id='word_1_653' title='bbox 741 4639 841 4710; x_wconf 82' lang='grc' dir='ltr'>τὴν</span> <span class='ocrx_word' id='word_1_654' title='bbox 887 4638 1127 4700; x_wconf 88' lang='grc' dir='ltr'>κόλασιν,</span> <span class='ocrx_word' id='word_1_655' title='bbox 1160 4637 1294 4690; x_wconf 76' lang='grc' dir='ltr'>ἀλλὰ</span> <span class='ocrx_word' id='word_1_656' title='bbox 1337 4636 1538 4706; x_wconf 78' lang='grc' dir='ltr'>μᾶλλον</span> <span class='ocrx_word' id='word_1_657' title='bbox 1575 4637 1847 4706; x_wconf 78' lang='grc' dir='ltr'>ὁρίζεσθαι</span> 
     </span>
    </p>
   </div>
   <div class='ocr_carea' id='block_1_95' title="bbox 1952 4636 3539 4726">
    <p class='ocr_par' dir='ltr' id='par_1_95' title="bbox 1953 4636 3539 4726">
     <span class='ocr_line' id='line_1_98' title="bbox 1953 4636 3539 4726; baseline 0.002 -20"><span class='ocrx_word' id='word_1_658' title='bbox 1953 4655 2412 4717; x_wconf 84' lang='lat' dir='ltr'><strong><em>commensurari,</em></strong></span> <span class='ocrx_word' id='word_1_659' title='bbox 2446 4655 2538 4709; x_wconf 89' lang='lat' dir='ltr'><strong><em>sed</em></strong></span> <span class='ocrx_word' id='word_1_660' title='bbox 2582 4656 2760 4725; x_wconf 90' lang='lat' dir='ltr'><strong><em>potius</em></strong></span> <span class='ocrx_word' id='word_1_661' title='bbox 2807 4670 2906 4725; x_wconf 89' lang='lat' dir='ltr'><strong><em>pro</em></strong></span> <span class='ocrx_word' id='word_1_662' title='bbox 2933 4657 3195 4725; x_wconf 85' lang='lat' dir='ltr'><strong><em>dignitate</em></strong></span> <span class='ocrx_word' id='word_1_663' title='bbox 3238 4636 3410 4726; x_wconf 81' lang='lat' dir='ltr'><strong><em>angeli</em></strong></span> <span class='ocrx_word' id='word_1_664' title='bbox 3462 4656 3539 4709; x_wconf 84' lang='lat' dir='ltr'><strong><em>le-</em></strong></span> 
     </span>
    </p>
   </div>
   <div class='ocr_carea' id='block_1_96' title="bbox 257 4728 1847 4814">
    <p class='ocr_par' dir='ltr' id='par_1_96' title="bbox 257 4728 1847 4804">
     <span class='ocr_line' id='line_1_99' title="bbox 257 4728 1847 4804; baseline -0.003 -18"><span class='ocrx_word' id='word_1_665' title='bbox 257 4735 401 4804; x_wconf 78' lang='grc' dir='ltr'>πρὺς</span> <span class='ocrx_word' id='word_1_666' title='bbox 427 4734 528 4804; x_wconf 75' lang='grc' dir='ltr'>τὴν</span> <span class='ocrx_word' id='word_1_667' title='bbox 556 4732 712 4798; x_wconf 86' lang='grc' dir='ltr'>ἀξίαν</span> <span class='ocrx_word' id='word_1_668' title='bbox 736 4730 831 4783; x_wconf 90' lang='grc' dir='ltr'><strong><em>τοῦ</em></strong></span> <span class='ocrx_word' id='word_1_669' title='bbox 857 4731 1277 4800; x_wconf 87' lang='grc' dir='ltr'>διακονήσαντος</span> <span class='ocrx_word' id='word_1_670' title='bbox 1313 4729 1482 4800; x_wconf 82' lang='grc' dir='ltr'>αὐτὴν</span> <span class='ocrx_word' id='word_1_671' title='bbox 1505 4728 1760 4796; x_wconf 84' lang='grc' dir='ltr'>ἀγγέλου.</span> <span class='ocrx_word' id='word_1_672' title='bbox 1788 4729 1847 4782; x_wconf 81' lang='grc' dir='ltr'>Εἰ</span> 
     </span>
    </p>
   </div>
   <div class='ocr_carea' id='block_1_97' title="bbox 1952 4728 3534 4814">
    <p class='ocr_par' dir='ltr' id='par_1_97' title="bbox 1954 4745 3534 4814">
     <span class='ocr_line' id='line_1_100' title="bbox 1954 4745 3534 4814; baseline -0.001 -14"><span class='ocrx_word' id='word_1_673' title='bbox 1954 4760 2073 4814; x_wconf 88' lang='lat' dir='ltr'><strong><em>gem</em></strong></span> <span class='ocrx_word' id='word_1_674' title='bbox 2107 4745 2536 4800; x_wconf 87' lang='lat' dir='ltr'><strong><em>administrantis</em></strong></span> <span class='ocrx_word' id='word_1_675' title='bbox 2576 4747 2678 4801; x_wconf 84' lang='lat' dir='ltr'><strong><em>lioc</em></strong></span> <span class='ocrx_word' id='word_1_676' title='bbox 2702 4746 2953 4803; x_wconf 89' lang='lat' dir='ltr'><strong><em>delinire.</em></strong></span> <span class='ocrx_word' id='word_1_677' title='bbox 2988 4747 3056 4800; x_wconf 83' lang='lat' dir='ltr'><strong><em>At</em></strong></span> <span class='ocrx_word' id='word_1_678' title='bbox 3082 4762 3210 4801; x_wconf 90' lang='lat' dir='ltr'><strong><em>vero</em></strong></span> <span class='ocrx_word' id='word_1_679' title='bbox 3241 4747 3285 4800; x_wconf 90' lang='lat' dir='ltr'><strong><em>si</em></strong></span> <span class='ocrx_word' id='word_1_680' title='bbox 3321 4761 3423 4800; x_wconf 91' lang='lat' dir='ltr'><strong><em>non</em></strong></span> <span class='ocrx_word' id='word_1_681' title='bbox 3466 4747 3534 4799; x_wconf 90' lang='lat' dir='ltr'><strong><em>ita</em></strong></span> 
     </span>
    </p>
   </div>
   <div class='ocr_carea' id='block_1_98' title="bbox 191 4793 1847 4903">
    <p class='ocr_par' dir='ltr' id='par_1_98' title="bbox 191 4793 1847 4893">
     <span class='ocr_line' id='line_1_101' title="bbox 191 4793 1847 4893; baseline -0.005 -13"><span class='ocrx_word' id='word_1_682' title='bbox 191 4793 210 4838; x_wconf 36' lang='grc' dir='ltr'>ξ</span> <span class='ocrx_word' id='word_1_683' title='bbox 334 4793 500 4878; x_wconf 72' lang='grc' dir='ltr'>τοῦτο</span> <span class='ocrx_word' id='word_1_684' title='bbox 538 4793 636 4893; x_wconf 77' lang='grc' dir='ltr'>μὲν</span> <span class='ocrx_word' id='word_1_685' title='bbox 668 4824 767 4893; x_wconf 85' lang='grc' dir='ltr'>οὐχ</span> <span class='ocrx_word' id='word_1_686' title='bbox 804 4821 1023 4892; x_wconf 82' lang='grc' dir='ltr'>ὁρῶμεν</span> <span class='ocrx_word' id='word_1_687' title='bbox 1050 4793 1360 4890; x_wconf 79' lang='grc' dir='ltr'>γενόμενον,</span> <span class='ocrx_word' id='word_1_688' title='bbox 1398 4793 1478 4883; x_wconf 59' lang='grc' dir='ltr'><strong><em>είς</em></strong></span> <span class='ocrx_word' id='word_1_689' title='bbox 1519 4793 1635 4873; x_wconf 71' lang='grc' dir='ltr'><strong><em>δέὸ</em></strong></span> <span class='ocrx_word' id='word_1_690' title='bbox 1664 4820 1847 4890; x_wconf 85' lang='grc' dir='ltr'>νόμος,</span> 
     </span>
    </p>
   </div>
   <div class='ocr_carea' id='block_1_99' title="bbox 1952 4793 3537 4903">
    <p class='ocr_par' dir='ltr' id='par_1_99' title="bbox 1952 4793 3537 4903">
     <span class='ocr_line' id='line_1_102' title="bbox 1955 4793 3534 4814; baseline 0.001 -17"><span class='ocrx_word' id='word_1_691' title='bbox 1955 4793 2073 4814; x_wconf 70' lang='grc' dir='ltr'><strong><em>ο---</em></strong></span> <span class='ocrx_word' id='word_1_692' title='bbox 2108 4793 2535 4800; x_wconf 58' lang='grc' dir='ltr'><strong><em>η-,-,,-,--,---,---</em></strong></span> <span class='ocrx_word' id='word_1_693' title='bbox 2576 4793 2677 4801; x_wconf 65' lang='grc' dir='ltr'><strong><em>-.η</em></strong></span> <span class='ocrx_word' id='word_1_694' title='bbox 2706 4793 2953 4803; x_wconf 61' lang='grc' dir='ltr'>,ν....,.ν.</span> <span class='ocrx_word' id='word_1_695' title='bbox 3092 4793 3206 4801; x_wconf 63' lang='grc' dir='ltr'><strong><em>.-η</em></strong></span> <span class='ocrx_word' id='word_1_696' title='bbox 3241 4793 3285 4800; x_wconf 84' lang='grc'><strong><em>-,</em></strong></span> <span class='ocrx_word' id='word_1_697' title='bbox 3321 4793 3423 4800; x_wconf 67' lang='grc' dir='ltr'><strong><em>---η</em></strong></span> <span class='ocrx_word' id='word_1_698' title='bbox 3466 4793 3534 4799; x_wconf 72' lang='grc'><strong><em>---</em></strong></span> 
     </span>
     <span class='ocr_line' id='line_1_103' title="bbox 1952 4836 3537 4903; baseline -0.001 -12"><span class='ocrx_word' id='word_1_699' title='bbox 1952 4836 2155 4891; x_wconf 80' lang='lat' dir='ltr'><strong><em>factum</em></strong></span> <span class='ocrx_word' id='word_1_700' title='bbox 2183 4852 2303 4892; x_wconf 90' lang='lat' dir='ltr'><strong><em>csse</em></strong></span> <span class='ocrx_word' id='word_1_701' title='bbox 2330 4839 2606 4892; x_wconf 87' lang='lat' dir='ltr'><strong><em>cernimus</em></strong></span> <span class='ocrx_word' id='word_1_702' title='bbox 2637 4857 2648 4892; x_wconf 94' lang='lat'>:</span> <span class='ocrx_word' id='word_1_703' title='bbox 2684 4855 2787 4892; x_wconf 92' lang='lat' dir='ltr'><strong><em>una</em></strong></span> <span class='ocrx_word' id='word_1_704' title='bbox 2821 4849 3000 4894; x_wconf 89' lang='lat' dir='ltr'><strong><em>autem</em></strong></span> <span class='ocrx_word' id='word_1_705' title='bbox 3033 4848 3117 4894; x_wconf 91' lang='lat' dir='ltr'><strong><em>est</em></strong></span> <span class='ocrx_word' id='word_1_706' title='bbox 3148 4839 3256 4903; x_wconf 80' lang='lat' dir='ltr'><strong><em>lex,</em></strong></span> <span class='ocrx_word' id='word_1_707' title='bbox 3287 4853 3408 4892; x_wconf 91' lang='lat' dir='ltr'><strong><em>cum</em></strong></span> <span class='ocrx_word' id='word_1_708' title='bbox 3438 4853 3537 4890; x_wconf 85' lang='lat' dir='ltr'><strong><em>an-</em></strong></span> 
     </span>
    </p>
   </div>
   <div class='ocr_carea' id='block_1_100' title="bbox 256 4911 1847 5000">
    <p class='ocr_par' dir='ltr' id='par_1_100' title="bbox 256 4911 1847 4983">
     <span class='ocr_line' id='line_1_104' title="bbox 256 4911 1847 4983; baseline -0.005 -12"><span class='ocrx_word' id='word_1_709' title='bbox 256 4917 476 4971; x_wconf 79' lang='grc' dir='ltr'>πολλῶν</span> <span class='ocrx_word' id='word_1_710' title='bbox 509 4917 678 4969; x_wconf 82' lang='grc' dir='ltr'>όντων</span> <span class='ocrx_word' id='word_1_711' title='bbox 702 4916 973 4983; x_wconf 86' lang='grc' dir='ltr'>ἀγγέλων,</span> <span class='ocrx_word' id='word_1_712' title='bbox 1002 4913 1096 4966; x_wconf 72' lang='grc' dir='ltr'>καὶ</span> <span class='ocrx_word' id='word_1_713' title='bbox 1120 4912 1207 4965; x_wconf 74' lang='grc' dir='ltr'><strong><em>διὰ</em></strong></span> <span class='ocrx_word' id='word_1_714' title='bbox 1234 4911 1343 4963; x_wconf 84' lang='grc' dir='ltr'><strong><em>τῶν</em></strong></span> <span class='ocrx_word' id='word_1_715' title='bbox 1370 4911 1550 4966; x_wconf 82' lang='grc' dir='ltr'>αὐτῶν</span> <span class='ocrx_word' id='word_1_716' title='bbox 1573 4911 1847 4982; x_wconf 84' lang='grc' dir='ltr'>τιμωριῶν</span> 
     </span>
    </p>
   </div>
   <div class='ocr_carea' id='block_1_101' title="bbox 1952 4911 3538 5000">
    <p class='ocr_par' dir='ltr' id='par_1_101' title="bbox 1952 4929 3538 5000">
     <span class='ocr_line' id='line_1_105' title="bbox 1952 4929 3538 5000; baseline 0 -16"><span class='ocrx_word' id='word_1_717' title='bbox 1952 4929 2053 4998; x_wconf 87' lang='lat' dir='ltr'><strong><em>geli</em></strong></span> <span class='ocrx_word' id='word_1_718' title='bbox 2086 4929 2193 4984; x_wconf 90' lang='lat' dir='ltr'><strong><em>sint</em></strong></span> <span class='ocrx_word' id='word_1_719' title='bbox 2229 4929 2405 4992; x_wconf 89' lang='lat' dir='ltr'><strong><em>multi,</em></strong></span> <span class='ocrx_word' id='word_1_720' title='bbox 2436 4940 2598 4998; x_wconf 85' lang='lat' dir='ltr'><strong><em>atque</em></strong></span> <span class='ocrx_word' id='word_1_721' title='bbox 2625 4930 2814 4986; x_wconf 89' lang='lat' dir='ltr'><strong><em>iisdem</em></strong></span> <span class='ocrx_word' id='word_1_722' title='bbox 2841 4933 3017 5000; x_wconf 67' lang='lat' dir='ltr'><strong><em>poenis</em></strong></span> <span class='ocrx_word' id='word_1_723' title='bbox 3048 4939 3269 5000; x_wconf 87' lang='lat' dir='ltr'><strong><em>peccata</em></strong></span> <span class='ocrx_word' id='word_1_724' title='bbox 3305 4929 3538 5000; x_wconf 90' lang='lat' dir='ltr'><strong><em>puniun-</em></strong></span> 
     </span>
    </p>
   </div>
   <div class='ocr_carea' id='block_1_102' title="bbox 255 5003 1847 5092">
    <p class='ocr_par' dir='ltr' id='par_1_102' title="bbox 255 5003 1847 5078">
     <span class='ocr_line' id='line_1_106' title="bbox 255 5003 1847 5078; baseline -0.002 -18"><span class='ocrx_word' id='word_1_725' title='bbox 255 5009 445 5078; x_wconf 85' lang='grc' dir='ltr'>τρέχει</span> <span class='ocrx_word' id='word_1_726' title='bbox 471 5008 539 5060; x_wconf 74' lang='grc' dir='ltr'>τὰ</span> <span class='ocrx_word' id='word_1_727' title='bbox 563 5009 936 5077; x_wconf 84' lang='grc' dir='ltr'>ἁμαρτήματα</span> <span class='ocrx_word' id='word_1_728' title='bbox 951 5021 964 5035; x_wconf 73' lang='grc' dir='ltr'><strong><em>ο</em></strong></span> <span class='ocrx_word' id='word_1_729' title='bbox 989 5005 1088 5057; x_wconf 84' lang='grc' dir='ltr'><strong><em>οῦκ</em></strong></span> <span class='ocrx_word' id='word_1_730' title='bbox 1110 5003 1217 5075; x_wconf 81' lang='grc' dir='ltr'>ἄρα</span> <span class='ocrx_word' id='word_1_731' title='bbox 1238 5003 1436 5071; x_wconf 77' lang='grc' dir='ltr'>ἀληθὲς</span> <span class='ocrx_word' id='word_1_732' title='bbox 1456 5004 1515 5056; x_wconf 85' lang='grc' dir='ltr'>τὸ</span> <span class='ocrx_word' id='word_1_733' title='bbox 1537 5004 1847 5074; x_wconf 88' lang='grc' dir='ltr'>λεγόμενον,</span> 
     </span>
    </p>
   </div>
   <div class='ocr_carea' id='block_1_103' title="bbox 1952 5003 3538 5092">
    <p class='ocr_par' dir='ltr' id='par_1_103' title="bbox 1958 5022 3538 5092">
     <span class='ocr_line' id='line_1_107' title="bbox 1958 5022 3538 5092; baseline 0.002 -19"><span class='ocrx_word' id='word_1_734' title='bbox 1958 5031 2089 5075; x_wconf 89' lang='lat' dir='ltr'><strong><em>tur:</em></strong></span> <span class='ocrx_word' id='word_1_735' title='bbox 2124 5038 2229 5075; x_wconf 92' lang='lat' dir='ltr'><strong><em>non</em></strong></span> <span class='ocrx_word' id='word_1_736' title='bbox 2283 5031 2365 5076; x_wconf 90' lang='lat' dir='ltr'><strong><em>est</em></strong></span> <span class='ocrx_word' id='word_1_737' title='bbox 2418 5022 2584 5092; x_wconf 81' lang='lat' dir='ltr'><strong><em>igitur</em></strong></span> <span class='ocrx_word' id='word_1_738' title='bbox 2617 5038 2802 5078; x_wconf 83' lang='lat' dir='ltr'><strong><em>verum</em></strong></span> <span class='ocrx_word' id='word_1_739' title='bbox 2850 5025 2979 5078; x_wconf 90' lang='lat' dir='ltr'><strong><em>illud</em></strong></span> <span class='ocrx_word' id='word_1_740' title='bbox 3026 5025 3252 5086; x_wconf 91' lang='lat' dir='ltr'><strong><em>dictum,</em></strong></span> <span class='ocrx_word' id='word_1_741' title='bbox 3289 5023 3538 5091; x_wconf 89' lang='lat' dir='ltr'><strong><em>graviore</em></strong></span> 
     </span>
    </p>
   </div>
   <div class='ocr_carea' id='block_1_104' title="bbox 256 5096 1847 5185">
    <p class='ocr_par' dir='ltr' id='par_1_104' title="bbox 256 5096 1847 5170">
     <span class='ocr_line' id='line_1_108' title="bbox 256 5096 1847 5170; baseline -0.003 -19"><span class='ocrx_word' id='word_1_742' title='bbox 256 5100 337 5152; x_wconf 69' lang='lat' dir='ltr'><strong><em>(rt:</em></strong></span> <span class='ocrx_word' id='word_1_743' title='bbox 386 5099 632 5170; x_wconf 86' lang='grc' dir='ltr'>χείρονος</span> <span class='ocrx_word' id='word_1_744' title='bbox 682 5097 1042 5170; x_wconf 80' lang='grc' dir='ltr'>ἀξιωθήσεται</span> <span class='ocrx_word' id='word_1_745' title='bbox 1094 5096 1366 5169; x_wconf 86' lang='grc' dir='ltr'>τιμωρίας</span> <span class='ocrx_word' id='word_1_746' title='bbox 1415 5099 1443 5149; x_wconf 93' lang='lat'><strong><em>6</em></strong></span> <span class='ocrx_word' id='word_1_747' title='bbox 1487 5099 1567 5160; x_wconf 83' lang='grc' dir='ltr'><strong><em>εἰς</em></strong></span> <span class='ocrx_word' id='word_1_748' title='bbox 1600 5097 1690 5150; x_wconf 88' lang='grc' dir='ltr'>τὸν</span> <span class='ocrx_word' id='word_1_749' title='bbox 1726 5097 1847 5149; x_wconf 82' lang='grc' dir='ltr'>Υίὸν</span> 
     </span>
    </p>
   </div>
   <div class='ocr_carea' id='block_1_105' title="bbox 1952 5096 3538 5185">
    <p class='ocr_par' dir='ltr' id='par_1_105' title="bbox 1957 5113 3538 5185">
     <span class='ocr_line' id='line_1_109' title="bbox 1957 5113 3538 5185; baseline 0.001 -18"><span class='ocrx_word' id='word_1_750' title='bbox 1957 5113 2220 5183; x_wconf 88' lang='lat' dir='ltr'><strong><em>supplicio</em></strong></span> <span class='ocrx_word' id='word_1_751' title='bbox 2248 5113 2473 5182; x_wconf 88' lang='lat' dir='ltr'><strong><em>dignum</em></strong></span> <span class='ocrx_word' id='word_1_752' title='bbox 2520 5130 2641 5169; x_wconf 90' lang='lat' dir='ltr'><strong><em>esse</em></strong></span> <span class='ocrx_word' id='word_1_753' title='bbox 2683 5116 2771 5184; x_wconf 92' lang='lat' dir='ltr'><strong><em>qui</em></strong></span> <span class='ocrx_word' id='word_1_754' title='bbox 2805 5115 2857 5168; x_wconf 94' lang='lat' dir='ltr'><strong><em>in</em></strong></span> <span class='ocrx_word' id='word_1_755' title='bbox 2894 5115 3089 5169; x_wconf 84' lang='lat' dir='ltr'><strong><em>Filium</em></strong></span> <span class='ocrx_word' id='word_1_756' title='bbox 3129 5114 3442 5185; x_wconf 90' lang='lat' dir='ltr'><strong><em>deliquerit,</em></strong></span> <span class='ocrx_word' id='word_1_757' title='bbox 3480 5123 3538 5170; x_wconf 92' lang='lat' dir='ltr'><strong><em>ut</em></strong></span> 
     </span>
    </p>
   </div>
   <div class='ocr_carea' id='block_1_106' title="bbox 257 5186 1852 5262">
    <p class='ocr_par' dir='ltr' id='par_1_106' title="bbox 257 5186 1852 5262">
     <span class='ocr_line' id='line_1_110' title="bbox 257 5186 1852 5262; baseline -0.002 -18"><span class='ocrx_word' id='word_1_758' title='bbox 257 5193 677 5262; x_wconf 75' lang='grc' dir='ltr'>ἐξαμαρτάνων,</span> <span class='ocrx_word' id='word_1_759' title='bbox 711 5191 786 5253; x_wconf 86' lang='grc' dir='ltr'><strong><em>ὡς</em></strong></span> <span class='ocrx_word' id='word_1_760' title='bbox 833 5191 912 5252; x_wconf 84' lang='grc' dir='ltr'><strong><em>εἰς</em></strong></span> <span class='ocrx_word' id='word_1_761' title='bbox 961 5189 1247 5262; x_wconf 88' lang='grc' dir='ltr'>κρείττονα</span> <span class='ocrx_word' id='word_1_762' title='bbox 1275 5186 1384 5242; x_wconf 84' lang='grc' dir='ltr'><strong><em>τῶν</em></strong></span> <span class='ocrx_word' id='word_1_763' title='bbox 1413 5187 1682 5255; x_wconf 84' lang='grc' dir='ltr'>ἀγγέλων,</span> <span class='ocrx_word' id='word_1_764' title='bbox 1722 5187 1852 5241; x_wconf 88' lang='grc' dir='ltr'>ἀλλ’</span> 
     </span>
    </p>
   </div>
   <div class='ocr_carea' id='block_1_107' title="bbox 255 5278 1849 5352">
    <p class='ocr_par' dir='ltr' id='par_1_107' title="bbox 255 5278 1849 5352">
     <span class='ocr_line' id='line_1_111' title="bbox 255 5278 1849 5352; baseline -0.001 -19"><span class='ocrx_word' id='word_1_765' title='bbox 255 5282 333 5344; x_wconf 78' lang='grc' dir='ltr'>ὡς</span> <span class='ocrx_word' id='word_1_766' title='bbox 383 5283 466 5345; x_wconf 79' lang='grc' dir='ltr'>εἰς</span> <span class='ocrx_word' id='word_1_767' title='bbox 514 5282 782 5352; x_wconf 69' lang='grc' dir='ltr'>έτεροφυᾶ</span> <span class='ocrx_word' id='word_1_768' title='bbox 830 5281 924 5333; x_wconf 71' lang='grc' dir='ltr'>καὶ</span> <span class='ocrx_word' id='word_1_769' title='bbox 964 5280 1099 5333; x_wconf 80' lang='grc' dir='ltr'>πολὺ</span> <span class='ocrx_word' id='word_1_770' title='bbox 1137 5278 1606 5350; x_wconf 85' lang='grc' dir='ltr'>παρηλλαγμένον.</span> <span class='ocrx_word' id='word_1_771' title='bbox 1639 5279 1701 5332; x_wconf 74' lang='lat' dir='ltr'><strong><em>Oi</em></strong></span> <span class='ocrx_word' id='word_1_772' title='bbox 1751 5280 1849 5349; x_wconf 78' lang='grc' dir='ltr'>μὲν</span> 
     </span>
    </p>
   </div>
   <div class='ocr_carea' id='block_1_108' title="bbox 258 5365 1845 5445">
    <p class='ocr_par' dir='ltr' id='par_1_108' title="bbox 258 5365 1845 5445">
     <span class='ocr_line' id='line_1_112' title="bbox 258 5365 1845 5445; baseline 0.02 -30"><span class='ocrx_word' id='word_1_773' title='bbox 258 5374 370 5445; x_wconf 70' lang='grc' dir='ltr'>γὰρ</span> <span class='ocrx_word' id='word_1_774' title='bbox 393 5374 631 5443; x_wconf 72' lang='grc' dir='ltr'>γενητοὶ,</span> <span class='ocrx_word' id='word_1_775' title='bbox 655 5374 683 5424; x_wconf 72' lang='grc' dir='ltr'><strong><em>ι</em></strong></span> <span class='ocrx_word' id='word_1_776' title='bbox 710 5373 766 5424; x_wconf 82' lang='grc' dir='ltr'>δὲ</span> <span class='ocrx_word' id='word_1_777' title='bbox 795 5373 925 5436; x_wconf 72' lang='grc' dir='ltr'>Θεδς</span> <span class='ocrx_word' id='word_1_778' title='bbox 954 5371 1230 5440; x_wconf 79' lang='grc' dir='ltr'>ἀληθινὸς,</span> <span class='ocrx_word' id='word_1_779' title='bbox 1263 5371 1322 5424; x_wconf 79' lang='grc' dir='ltr'><strong><em>οὐ</em></strong></span> <span class='ocrx_word' id='word_1_780' title='bbox 1350 5370 1458 5423; x_wconf 82' lang='grc' dir='ltr'><strong><em>τῶν</em></strong></span> <span class='ocrx_word' id='word_1_781' title='bbox 1483 5370 1725 5440; x_wconf 80' lang='grc' dir='ltr'>γενητῶν</span> <span class='ocrx_word' id='word_1_782' title='bbox 1745 5365 1845 5435; x_wconf 60' lang='grc' dir='ltr'>εἴς’</span> 
     </span>
    </p>
   </div>
   <div class='ocr_carea' id='block_1_109' title="bbox 257 5463 1849 5536">
    <p class='ocr_par' dir='ltr' id='par_1_109' title="bbox 257 5463 1849 5536">
     <span class='ocr_line' id='line_1_113' title="bbox 257 5463 1849 5536; baseline -0.001 -20"><span class='ocrx_word' id='word_1_783' title='bbox 257 5465 383 5518; x_wconf 76' lang='grc' dir='ltr'>εὑδὲ</span> <span class='ocrx_word' id='word_1_784' title='bbox 409 5465 546 5536; x_wconf 72' lang='grc' dir='ltr'>πρὸς</span> <span class='ocrx_word' id='word_1_785' title='bbox 580 5465 720 5519; x_wconf 77' lang='grc' dir='ltr'>αὐτά</span> <span class='ocrx_word' id='word_1_786' title='bbox 747 5465 845 5535; x_wconf 82' lang='grc' dir='ltr'>τὴν</span> <span class='ocrx_word' id='word_1_787' title='bbox 879 5465 1167 5534; x_wconf 78' lang='grc' dir='ltr'>σύγκρισιν</span> <span class='ocrx_word' id='word_1_788' title='bbox 1199 5463 1364 5534; x_wconf 82' lang='grc' dir='ltr'>ἔχων·</span> <span class='ocrx_word' id='word_1_789' title='bbox 1398 5463 1512 5516; x_wconf 80' lang='grc' dir='ltr'>ἀλλ’</span> <span class='ocrx_word' id='word_1_790' title='bbox 1538 5464 1756 5534; x_wconf 83' lang='grc' dir='ltr'>ὅσῳπερ</span> <span class='ocrx_word' id='word_1_791' title='bbox 1784 5463 1849 5516; x_wconf 84' lang='grc' dir='ltr'>ἂν</span> 
     </span>
    </p>
   </div>
   <div class='ocr_carea' id='block_1_110' title="bbox 262 5556 1848 5629">
    <p class='ocr_par' dir='ltr' id='par_1_110' title="bbox 262 5556 1848 5629">
     <span class='ocr_line' id='line_1_114' title="bbox 262 5556 1848 5629; baseline 0 -20"><span class='ocrx_word' id='word_1_792' title='bbox 262 5556 428 5620; x_wconf 75' lang='grc' dir='ltr'>αὐτὸς</span> <span class='ocrx_word' id='word_1_793' title='bbox 462 5556 886 5629; x_wconf 85' lang='grc' dir='ltr'>ἀξιολογώτερος</span> <span class='ocrx_word' id='word_1_794' title='bbox 920 5557 1186 5626; x_wconf 77' lang='grc' dir='ltr'>φαίνεται,</span> <span class='ocrx_word' id='word_1_795' title='bbox 1222 5557 1460 5628; x_wconf 76' lang='grc' dir='ltr'>τοσούτῳ</span> <span class='ocrx_word' id='word_1_796' title='bbox 1507 5557 1712 5627; x_wconf 79' lang='grc' dir='ltr'>μείζονι</span> <span class='ocrx_word' id='word_1_797' title='bbox 1758 5559 1848 5610; x_wconf 78' lang='grc' dir='ltr'>καὶ</span> 
     </span>
    </p>
   </div>
   <div class='ocr_carea' id='block_1_111' title="bbox 338 5732 1492 5804">
    <p class='ocr_par' dir='ltr' id='par_1_111' title="bbox 338 5732 1492 5804">
     <span class='ocr_line' id='line_1_115' title="bbox 338 5732 1492 5804; baseline 0.004 -18"><span class='ocrx_word' id='word_1_798' title='bbox 338 5733 381 5765; x_wconf 74' lang='grc'><strong><em>³³</em></strong></span> <span class='ocrx_word' id='word_1_799' title='bbox 408 5732 569 5790; x_wconf 80' lang='lat' dir='ltr'><strong><em>Hebr.</em></strong></span> <span class='ocrx_word' id='word_1_800' title='bbox 609 5752 669 5798; x_wconf 86' lang='lat' dir='ltr'><strong><em>II,</em></strong></span> <span class='ocrx_word' id='word_1_801' title='bbox 702 5738 756 5799; x_wconf 74' lang='lat'><strong><em>‘2,</em></strong></span> <span class='ocrx_word' id='word_1_802' title='bbox 798 5738 850 5791; x_wconf 83' lang='lat'><strong><em>&#39;5.</em></strong></span> <span class='ocrx_word' id='word_1_803' title='bbox 933 5739 972 5769; x_wconf 80' lang='lat'>”</span> <span class='ocrx_word' id='word_1_804' title='bbox 1006 5737 1146 5794; x_wconf 84' lang='lat' dir='ltr'><strong><em>cht&#39;</em></strong></span> <span class='ocrx_word' id='word_1_805' title='bbox 1209 5754 1258 5797; x_wconf 73' lang='grc' dir='ltr'>ι,</span> <span class='ocrx_word' id='word_1_806' title='bbox 1289 5737 1377 5804; x_wconf 71' lang='grc'>28,</span> <span class='ocrx_word' id='word_1_807' title='bbox 1405 5737 1492 5792; x_wconf 77' lang='grc'><strong><em>29.</em></strong></span> 
     </span>
    </p>
   </div>
   <div class='ocr_carea' id='block_1_112' title="bbox 1958 5201 3538 5274">
    <p class='ocr_par' dir='ltr' id='par_1_112' title="bbox 1958 5201 3538 5274">
     <span class='ocr_line' id='line_1_116' title="bbox 1958 5201 3538 5274; baseline 0.004 -20"><span class='ocrx_word' id='word_1_808' title='bbox 1958 5201 2010 5254; x_wconf 91' lang='lat' dir='ltr'><strong><em>in</em></strong></span> <span class='ocrx_word' id='word_1_809' title='bbox 2058 5202 2350 5256; x_wconf 82' lang='lat' dir='ltr'><strong><em>maximum</em></strong></span> <span class='ocrx_word' id='word_1_810' title='bbox 2384 5204 2722 5273; x_wconf 86' lang='lat' dir='ltr'><strong><em>angelorum,</em></strong></span> <span class='ocrx_word' id='word_1_811' title='bbox 2760 5205 2852 5258; x_wconf 90' lang='lat' dir='ltr'><strong><em>sed</em></strong></span> <span class='ocrx_word' id='word_1_812' title='bbox 2887 5215 2944 5257; x_wconf 91' lang='lat' dir='ltr'><strong><em>ut</em></strong></span> <span class='ocrx_word' id='word_1_813' title='bbox 2979 5205 3032 5258; x_wconf 91' lang='lat' dir='ltr'><strong><em>in</em></strong></span> <span class='ocrx_word' id='word_1_814' title='bbox 3079 5220 3145 5260; x_wconf 87' lang='lat' dir='ltr'><strong><em>eo</em></strong></span> <span class='ocrx_word' id='word_1_815' title='bbox 3176 5205 3267 5274; x_wconf 92' lang='lat' dir='ltr'><strong><em>qui</em></strong></span> <span class='ocrx_word' id='word_1_816' title='bbox 3312 5204 3538 5262; x_wconf 86' lang='lat' dir='ltr'><strong><em>alterius</em></strong></span> 
     </span>
    </p>
   </div>
   <div class='ocr_carea' id='block_1_113' title="bbox 1957 5293 3536 5364">
    <p class='ocr_par' dir='ltr' id='par_1_113' title="bbox 1957 5293 3536 5364">
     <span class='ocr_line' id='line_1_117' title="bbox 1957 5293 3536 5364; baseline 0.004 -20"><span class='ocrx_word' id='word_1_817' title='bbox 1957 5299 2160 5344; x_wconf 73' lang='lat' dir='ltr'><strong><em>natura:</em></strong></span> <span class='ocrx_word' id='word_1_818' title='bbox 2210 5293 2279 5347; x_wconf 88' lang='lat' dir='ltr'><strong><em>sit</em></strong></span> <span class='ocrx_word' id='word_1_819' title='bbox 2311 5309 2472 5361; x_wconf 90' lang='lat' dir='ltr'><strong><em>quam</em></strong></span> <span class='ocrx_word' id='word_1_820' title='bbox 2520 5293 2720 5363; x_wconf 86' lang='lat' dir='ltr'><strong><em>angeli,</em></strong></span> <span class='ocrx_word' id='word_1_821' title='bbox 2779 5295 3116 5364; x_wconf 86' lang='lat' dir='ltr'><strong><em>multumque</em></strong></span> <span class='ocrx_word' id='word_1_822' title='bbox 3161 5295 3228 5350; x_wconf 88' lang='lat' dir='ltr'><strong><em>ab</em></strong></span> <span class='ocrx_word' id='word_1_823' title='bbox 3255 5295 3333 5349; x_wconf 88' lang='lat' dir='ltr'><strong><em>eis</em></strong></span> <span class='ocrx_word' id='word_1_824' title='bbox 3380 5294 3536 5350; x_wconf 75' lang='lat' dir='ltr'><strong><em>dilic-</em></strong></span> 
     </span>
    </p>
   </div>
   <div class='ocr_carea' id='block_1_114' title="bbox 1955 5382 3537 5454">
    <p class='ocr_par' dir='ltr' id='par_1_114' title="bbox 1955 5382 3537 5454">
     <span class='ocr_line' id='line_1_118' title="bbox 1955 5382 3537 5454; baseline 0.004 -19"><span class='ocrx_word' id='word_1_825' title='bbox 1955 5392 2062 5437; x_wconf 87' lang='lat' dir='ltr'><strong><em>rat.</em></strong></span> <span class='ocrx_word' id='word_1_826' title='bbox 2117 5382 2251 5438; x_wconf 84' lang='lat' dir='ltr'><strong><em>Nam</em></strong></span> <span class='ocrx_word' id='word_1_827' title='bbox 2299 5385 2477 5454; x_wconf 85' lang='lat' dir='ltr'><strong><em>angeli</em></strong></span> <span class='ocrx_word' id='word_1_828' title='bbox 2531 5386 2700 5441; x_wconf 89' lang='lat' dir='ltr'><strong><em>creati</em></strong></span> <span class='ocrx_word' id='word_1_829' title='bbox 2750 5398 2914 5451; x_wconf 91' lang='lat' dir='ltr'><strong><em>sunt,</em></strong></span> <span class='ocrx_word' id='word_1_830' title='bbox 2949 5387 3118 5441; x_wconf 82' lang='lat' dir='ltr'><strong><em>Filius</em></strong></span> <span class='ocrx_word' id='word_1_831' title='bbox 3146 5395 3328 5441; x_wconf 88' lang='lat' dir='ltr'><strong><em>autem</em></strong></span> <span class='ocrx_word' id='word_1_832' title='bbox 3372 5401 3537 5441; x_wconf 91' lang='lat' dir='ltr'><strong><em>verus</em></strong></span> 
     </span>
    </p>
   </div>
   <div class='ocr_carea' id='block_1_115' title="bbox 1960 5472 3533 5549">
    <p class='ocr_par' dir='ltr' id='par_1_115' title="bbox 1960 5472 3533 5549">
     <span class='ocr_line' id='line_1_119' title="bbox 1960 5472 3533 5549; baseline 0.003 -24"><span class='ocrx_word' id='word_1_833' title='bbox 1960 5472 2118 5538; x_wconf 85' lang='lat' dir='ltr'><strong><em>Dens,</em></strong></span> <span class='ocrx_word' id='word_1_834' title='bbox 2153 5490 2256 5528; x_wconf 82' lang='lat' dir='ltr'><strong><em>non</em></strong></span> <span class='ocrx_word' id='word_1_835' title='bbox 2290 5492 2428 5530; x_wconf 90' lang='lat' dir='ltr'><strong><em>unus</em></strong></span> <span class='ocrx_word' id='word_1_836' title='bbox 2463 5492 2527 5531; x_wconf 83' lang='lat' dir='ltr'><strong><em>ex</em></strong></span> <span class='ocrx_word' id='word_1_837' title='bbox 2557 5479 2778 5544; x_wconf 88' lang='lat' dir='ltr'><strong><em>creatis,</em></strong></span> <span class='ocrx_word' id='word_1_838' title='bbox 2820 5494 2997 5548; x_wconf 88' lang='lat' dir='ltr'><strong><em>nequc</em></strong></span> <span class='ocrx_word' id='word_1_839' title='bbox 3027 5478 3319 5549; x_wconf 86' lang='lat' dir='ltr'><strong><em>quidquam</em></strong></span> <span class='ocrx_word' id='word_1_840' title='bbox 3355 5478 3533 5533; x_wconf 84' lang='lat' dir='ltr'><strong><em>simile</em></strong></span> 
     </span>
    </p>
   </div>
   <div class='ocr_carea' id='block_1_116' title="bbox 1957 5563 3530 5640">
    <p class='ocr_par' dir='ltr' id='par_1_116' title="bbox 1957 5563 3530 5640">
     <span class='ocr_line' id='line_1_120' title="bbox 1957 5563 3530 5640; baseline 0.004 -26"><span class='ocrx_word' id='word_1_841' title='bbox 1957 5577 2078 5616; x_wconf 70' lang='lat' dir='ltr'><strong><em>cum</em></strong></span> <span class='ocrx_word' id='word_1_842' title='bbox 2113 5563 2190 5618; x_wconf 84' lang='lat' dir='ltr'><strong><em>cis</em></strong></span> <span class='ocrx_word' id='word_1_843' title='bbox 2219 5565 2422 5620; x_wconf 85' lang='lat' dir='ltr'><strong><em>habens</em></strong></span> <span class='ocrx_word' id='word_1_844' title='bbox 2449 5585 2462 5632; x_wconf 90' lang='lat'><strong>;</strong></span> <span class='ocrx_word' id='word_1_845' title='bbox 2496 5566 2588 5622; x_wconf 83' lang='lat' dir='ltr'><strong><em>sed</em></strong></span> <span class='ocrx_word' id='word_1_846' title='bbox 2625 5579 2831 5636; x_wconf 89' lang='lat' dir='ltr'><strong><em>quanto</em></strong></span> <span class='ocrx_word' id='word_1_847' title='bbox 2860 5568 2973 5637; x_wconf 81' lang='lat' dir='ltr'><strong><em>ipse</em></strong></span> <span class='ocrx_word' id='word_1_848' title='bbox 3006 5578 3088 5624; x_wconf 82' lang='lat' dir='ltr'><strong><em>cst</em></strong></span> <span class='ocrx_word' id='word_1_849' title='bbox 3115 5567 3328 5640; x_wconf 86' lang='lat' dir='ltr'><strong><em>dignior</em></strong></span> <span class='ocrx_word' id='word_1_850' title='bbox 3366 5577 3530 5634; x_wconf 84' lang='lat' dir='ltr'><strong><em>atquc</em></strong></span> 
     </span>
    </p>
   </div>
  </div>
