4106 6204
492 326 592 386 351

1489 330 1550 386 S.
1589 329 1870 387 CYRILLI
1911 331 2386 390 ALEXANDle
2425 335 2747 394 ARCl‘llEP.

3643 342 3753 399 35‘!

494 443 881 512 excellentior,
937 453 1092 503 tanto
1148 446 1337 518 majori
1396 447 1746 518 graviorique
1795 448 2066 520 supplicio

2178 451 2525 525 χαλεπωτέρᾳ
2545 453 2788 526 τιμωρίᾳ
2812 454 3115 513 ὑπεύθυνον
3129 455 3265 516 ὄντα
3286 456 3548 513 δεικνύων
3569 458 3662 514 τὸν
3681 459 3754 514 τὰ

493 536 788 593 obnoxium
815 553 935 594 esse
957 540 1239 596 declarans
1260 556 1382 596 eum
1412 540 1503 610 qui
1530 541 1785 598 mandata
1819 556 1921 597 sua
1947 541 2068 599 lue-

495 629 566 684 rit
607 637 1010 700 transgressus.‘

493 764 724 828 ALIUD,
767 783 832 821 ea:
872 767 1078 829 iisdem,
1111 766 1249 834 quod
1281 766 1420 820 bona
1454 767 1521 821 sit
1559 767 1950 838 utilissimaque
1971 773 2072 826 ad-

565 838 1014 890 ministrationum
1055 838 1400 901 comparatio,
1438 837 1747 904 angelorum
1791 837 1998 895 scilicet
2019 852 2068 896 et

567 904 721 969 Filii,
770 908 869 978 vim
916 905 1052 958 vocis
1089 904 1324 978 {melior
1351 925 1370 957 ι
1407 904 1720 975 explanatis.
1759 909 1879 974 Quo
1916 921 2068 978 pacto

561 979 700 1029 enim
744 974 926 1028 melior
960 975 1161 1045 angelis
1201 974 1292 1040 sit,
1319 985 1367 1030 et
1401 974 1622 1046 quanto,
1657 994 1724 1033 ea:
1769 981 1835 1034 iis
1867 974 2069 1035 intelli-

565 1060 763 1112 gemas.

562 1174 747 1240 Angeli
767 1174 938 1245 legem
958 1177 1277 1244 edixerunt;
1305 1181 1400 1236 sed
1435 1180 1518 1236 lex
1570 1181 1705 1236 nihil
1741 1182 1969 1252 perfecit
1996 1185 2068 1237 ⁸⁸.

487 1266 660 1323 Filius
704 1278 884 1321 autem
933 1270 1158 1338 perfecit
1199 1285 1336 1340 Opus
1370 1272 1570 1328 Patris.
1605 1274 1886 1332 Perfectus
1924 1275 2066 1332 enim

488 1369 573 1412 est
608 1358 660 1411 in
704 1357 900 1425 pietate
924 1359 1013 1427 qui
1048 1360 1218 1428 ipsius
1259 1362 1466 1432 legibus
1502 1364 1801 1421 instructus
1831 1375 1935 1420 est.
1961 1364 2071 1421 Re-

490 1449 676 1518 gnavit
693 1464 837 1504 mors
854 1452 1016 1506 etiam
1036 1451 1168 1522 legis
1191 1461 1461 1524 tempore:
1485 1456 1740 1512 nimirum
1760 1477 1778 1510 ι
1791 1458 1856 1513 ab
1873 1459 2066 1524 Adam,

492 1540 699 1609 inquit,
732 1556 902 1611 usque
934 1542 1000 1597 ad
1021 1541 1206 1599 Mosen
1239 1545 1305 1598 ".
1337 1564 1356 1596 ι
1378 1546 1593 1603 Abolita
1616 1558 1797 1604 autem
1816 1559 1900 1604 est
1923 1565 2070 1606 mors

494 1647 583 1701 pet
659 1632 978 1699 Christum;
1047 1651 1222 1705 neque
1270 1638 1416 1693 enim
1473 1641 1707 1709 amplius
1779 1641 1833 1695 in
1895 1641 2066 1696 Adam

497 1727 762 1780 morimur
795 1768 811 1790 ,
863 1731 956 1784 sed
1007 1729 1058 1783 in
1106 1732 1328 1787 Christo
1381 1732 1729 1788 vivificamur
1757 1735 1821 1788 ".
1862 1736 1908 1788 Α
1953 1736 2066 1788 Dan

2170 543 2337 598 αὐτοῦ
2371 545 2802 616 παραϐαίνοντα.

2169 767 2376 839 MAG,
2397 767 2468 839 ἐκ
2491 767 2608 821 τῶν
2634 767 2864 839 αὐτῶνῗ,
2893 767 2981 822 ὅτι
3016 769 3174 837 καλὴ
3199 769 3298 823 καὶ
3329 769 3765 839 χρησιμωτάτη,

2243 837 2361 890 τῶν
2393 837 2710 891 διακονιῶν
2744 839 2781 904 ὴ
2814 839 3151 906 σύγκρισις,
3184 839 3294 906 τῆς
3321 837 3383 892 τε
3429 837 3546 892 τῶν·
3579 837 3750 908 ἁγτέὲ

2238 911 2366 962 ,πων
2396 908 2493 960 καὶ
2522 908 2628 962 τοῦ
2667 908 2822 972 Υιοῦ,
2855 909 2960 961 τοῦ
3005 928 3022 959 ι
3063 910 3345 976 κρείττων
3371 929 3389 960 ι
3429 908 3544 974 τὴν
3573 909 3750 963 δύνα-

2234 995 2344 1048 μιν
2369 977 2803 1050 ἑρμηνεύουσᾳ.
2845 977 3110 1050 Πῶς-γὰρ
3135 979 3414 1050 κρείττων
3440 977 3558 1050 τῶν
3579 979 3751 1050 ἀγγέ-

2237 1045 2365 1103 ζιων
2395 1045 2528 1102 ἐστὶ
2553 1047 2653 1101 καὶ
2680 1049 2897 1110 πόσον,
2929 1045 3230 1111 ἐξαύτῶν
3253 1049 3623 1118 γνωσόμεθα.

2243 1181 2501 1250 Ἄγγελοι
2531 1181 2623 1234 τὸν
2657 1180 2819 1251 νόμον
2857 1181 3147 1253 ὲλὰλησαν,
3174 1181 3288 1234 ἀλλ’
3322 1181 3474 1235 οὐδὲν
3513 1181 3754 1235 ἐτελείωο

2171 1271 2502 1342 σενόνόμος.
2517 1271 2576 1324 '0
2597 1271 2654 1324 δὲ
2666 1270 2793 1334 Υἱὸς
2817 1272 3100 1326 ἐτελείωσε
3124 1273 3184 1324 τὸ
3207 1272 3368 1339 ἔργον
3395 1272 3490 1324 τοῦ
3515 1273 3746 1344 Πατρός.

2169 1361 2386 1426 Τέλειος
2417 1363 2527 1434 γὰρ
2559 1363 2638 1426 είς
2667 1362 2946 1417 εὐσέϐειαν
2979 1364 3014 1416 6'
3034 1365 3146 1425 τοῖς
3174 1362 3338 1416 αὐτοῦ
3364 1363 3549 1432 νόμοις
3587 1365 3766 1418 παιδος

2169 1454 2971 1526 αγωγούμενος.⁹Ε6ασίλευσεν
3011 1456 3040 1508 6
3075 1455 3304 1518 θάνατος
3351 1455 3446 1509 καὶ
3491 1456 3633 1509 κατὰ
3659 1459 3751 1508 τὸν

2169 1546 2455 1619 τοῦενόμου
2478 1548 2686 1619 καιρόν·
2712 1565 2733 1600 ι
2756 1548 2890 1602 Ἀπὸ
2906 1547 3015 1620 γὰρ
3056 1545 3249 1617 Ἀδὰμ,
3283 1547 3440 1618 φησὶ,
3471 1548 3566 1601 καὶ
3589 1548 3753 1620 μέχρι

2170 1641 2433 1706 Μωσέως.
2461 1659 2480 1692 ι
2516 1640 2747 1694 Λέλυται
2775 1641 2832 1695 δὲ
2872 1640 3098 1703 θάνατος
3131 1639 3222 1692 διὰ
3261 1638 3500 1710 Χριστοῦ
3523 1657 3536 1671 ·
3569 1638 3752 1692 οὐκέτι

2171 1731 2280 1802 γὰρ
2327 1735 2387 1785 ἐν
2430 1732 2599 1802 Ἀδὰμ
2635 1732 3074 1804 ἀποθνήσκομεν,
3112 1730 3226 1784 ἁλλ’
3253 1731 3312 1784 ὲν
3344 1729 3568 1801 Χριστῷ
3615 1729 3751 1792 ζωο-

494 1819 563 1872 ad
605 1817 869 1874 Bersabee
919 1821 1110 1888 legali:
1180 1832 1446 1893 praecepta
1503 1823 1820 1880 denuntiata
1893 1836 2065 1892 sunt,

2178 1820 2644 1893 ποιούμεθα.Ἀπὺ
2683 1821 2790 1875 Δὰν
2841 1822 2937 1875 καὶ
2979 1821 3085 1883 ἕως
3122 1821 3410 1892 Βηρσαϐεέ
3441 1821 3510 1876 τὰ
3555 1820 3755 1892 νομικὰ

492 1918 718 1978 eratque
742 1910 793 1963 iu
822 1911 934 1965 sola
962 1911 1144 1966 Judaea
1172 1924 1330 1969 notus
1376 1914 1516 1968 Deus
1543 1914 1608 1946 "'
1634 1932 1648 1968 :
1680 1930 1823 1970 nunc
1851 1930 1976 1971 vero
2010 1917 2068 1970 in

493 2015 708 2057 omnem
741 2011 941 2058 terram
980 2005 1148 2059 exivit
1177 2020 1342 2060 sonus
1371 2005 1488 2074 ejus
1513 2005 1578 2072 ",
1611 2021 1910 2078 omnesque
1940 2008 2069 2063 edo-

493 2094 569 2148 cti
597 2103 722 2148 sunt
767 2109 797 2146 a
826 2093 959 2158 Deo,
994 2111 1098 2149 non
1145 2096 1212 2150 ab
1252 2096 1480 2166 angelis,
1517 2097 1612 2152 sed
1644 2113 1673 2151 a
1702 2097 1813 2153 Deo
1847 2097 1936 2152 ¹⁸·.
1975 2100 2068 2154 Dei

494 2183 640 2239 enim
668 2184 832 2238 etiam
853 2183 935 2239 lex
949 2193 1050 2247 est.
1074 2187 1170 2241 sed
1197 2201 1294 2256 per
1307 2187 1530 2258 angelos
1557 2188 1768 2258 prolata
1797 2191 1840 2222 ¹⁹
1863 2206 1878 2257 ;
1901 2187 2070 2246 Filius

496 2283 675 2328 autem
709 2274 882 2342 inquit
908 2290 922 2328 :
959 2278 998 2344 «ε
1024 2275 1134 2346 Ego
1155 2276 1269 2346 ipse
1301 2276 1527 2348 loquens
1551 2278 1740 2334 adsum
1767 2280 1851 2334 η’.
1883 2281 2071 2351 »γρυσ-

469 2362 661 2441 _clrca,
689 2361 842 2431 juxta
869 2361 1017 2417 Pauli
1045 2367 1396 2432 sententiam,
1424 2377 1626 2437 quanto
1649 2368 2068 2426 dill‘erentiorem

493 2463 688 2509 nactus
713 2463 796 2509 est
817 2455 1364 2523 administrationem,
1398 2468 1454 2514 et
1487 2470 1692 2526 quanto
1721 2461 1962 2518 melioris
1989 2473 2070 2518 te-

492 2547 747 2602 stamenti
791 2562 1020 2618 sponsor
1059 2549 1235 2604 factus
1263 2559 1348 2604 est
1372 2551 1441 2617 ”,
1481 2560 1630 2608 tanto
1670 2553 1834 2608 etiam
1883 2556 2068 2610 excel-

494 2638 695 2696 lentior
717 2641 823 2695 erit
847 2640 1054 2711 angelis
1085 2658 1098 2694 :
1131 2657 1238 2697 non
1271 2642 1482 2698 ratione
1501 2653 1710 2699 natura:
1737 2646 1817 2700 eis
1846 2661 2068 2716 compa-

493 2741 668 2797 ratus,
698 2733 793 2788 sed
827 2741 978 2788 tanto
1011 2735 1257 2802 superior
1288 2746 1491 2805 quanto
1517 2737 1659 2793 Deus
1686 2740 1936 2794 essentia).
1977 2755 2066 2796 ra-

495 2825 642 2880 tione
660 2835 839 2880 creata
869 2825 1163 2881 antecellit.
1191 2824 1368 2882 Dictio
1396 2828 1580 2898 itaque
1601 2830 1737 2895 haec,
1759 2849 1777 2882 ι
1804 2831 2020 2897 melior,
2045 2851 2064 2884 ι

495 2920 564 2973 ad
613 2919 1140 2974 administrationem
1191 2918 1381 2985 relata,
1438 2931 1640 2992 quanto
1687 2935 1808 2977 eam
1856 2923 2069 2978 illorum

495 3009 966 3065 administratione
1015 3011 1448 3081 prastantiorem
1499 3013 1905 3084 dignioremque
1949 3030 2072 3072 esse

494 3101 764 3165 ostendit,
801 3110 952 3156 tanto
984 3102 1152 3172 magis
1190 3101 1383 3157 Filium
1422 3119 1584 3173 supra
1628 3115 1866 3160 creatam
1913 3116 2074 3160 natu-

497 3206 612 3247 ram
647 3193 879 3247 extollit.
915 3192 982 3248 Et
1025 3170 1231 3263 angelis
1260 3194 1476 3265 quidem
1490 3170 1672 3266 ’208
1698 3206 1756 3249 ut
1790 3198 1966 3252 servis
1996 3199 2076 3252 iu-
2103 3170 2146 3228 θ’

498 3283 753 3338 feriorem
825 3284 1351 3340 administrationem
1418 3286 1652 3352 tribuit,
1694 3286 1832 3342 Filio
1897 3298 2077 3344 autem

496 3391 619 3431 eam
654 3392 774 3446 qua:
800 3376 940 3433 Filio
968 3387 1024 3432 et
1054 3378 1281 3433 Domino
1314 3388 1599 3450 congruat.
1630 3379 1766 3435 Nam
1805 3381 1856 3435 in
1891 3381 2079 3437 melio-

498 3468 670 3533 ribus,
713 3478 772 3524 ut
804 3469 979 3539 inquit
1005 3468 1309 3540 Scriptura,
1343 3471 1858 3540 repromissiouibus
1901 3474 2080 3529 sanci-

501 3568 591 3616 tus
623 3570 708 3615 est
732 3561 798 3614 ".

499 3693 748 3759 ALIUD,
792 3696 932 3765 quod
981 3695 1169 3750 melior
1208 3698 1275 3750 sit
1332 3697 1428 3751 Dei
1480 3695 1634 3751 Verbi
1687 3699 2082 3755 administratio

568 3782 726 3838 quam
773 3765 1111 3838 angelorum,
1156 3767 1316 3820 etiam
1373 3767 1496 3820 aliis
1540 3769 1712 3821 modis
1742 3783 1759 3821 :
1787 3778 1835 3822 et
1881 3781 2079 3838 quanto

569 3835 756 3889 melior
781 3845 855 3888 est
886 3837 1300 3902 administratio,
1331 3846 1474 3891 tanto
1508 3847 1555 3891 et
1590 3835 2080 3894 administratorem

574 3905 844 3959 meliorem
874 3921 1005 3960 esse.

573 4039 772 4095 Paulus
820 4041 897 4095 ait
942 4059 960 4096 :
1012 4057 1032 4092 ι
1060 4040 1325 4107 Quoniam
1371 4040 1514 4108 quod
1570 4040 1904 4110 impossibile
1962 4051 2080 4098 erat

502 4132 629 4203 legi,
661 4133 714 4187 in
749 4146 857 4201 quo
891 4133 1269 4186 inﬁrmabatur
1312 4147 1408 4201 per
1429 4133 1683 4197 'carnem,
1720 4133 1860 4187 Deus
1885 4131 2077 4187 Filium

503 4238 661 4278 suum
691 4225 911 4279 mittens
941 4224 992 4277 in
1019 4222 1430 4278 similitudinem
1454 4222 1637 4276 carnis
1667 4223 1894 4292 peccati,
1931 4233 1986 4278 et
2014 4225 2081 4278 de

504 4324 730 4384 peccato
755 4313 1034 4367 damnavit.
1066 4324 1344 4384 peccatum
1382 4314 1436 4368 iu
1477 4328 1664 4378 carne,
1699 4323 1757 4368 ut
1802 4314 2078 4384 signiﬁca-

508 4407 582 4460 tio
612 4406 756 4476 legis
809 4407 1127 4475 impleretur
1161 4409 1214 4463 in
1265 4407 1442 4471 nobis,
1493 4407 1582 4476 qui
1631 4421 1734 4460 non
1785 4409 2078 4461 secundum

2174 1914 2574 1986 προστάγματα
2600 1913 2967 1985 διηγγέλλετο,
2999 1915 3094 1967 καὶ
3134 1909 3204 1984 ἦν
3251 1913 3310 1968 έν
3359 1913 3493 1984 μόνῃ
3520 1916 3587 1983 τῇ
3625 1914 3753 1966 Ἰου-

2173 2009 2299 2079 δαίᾳ
2325 2007 2564 2076 γνωστὸς
2586 2010 2614 2061 6
2647 2007 2781 2071 Θεός
2803 2022 2817 2036 ·
2847 2007 2967 2061 νυνὶ⁸
2994 2006 3052 2059 δὲ
3080 2007 3165 2071 είς
3189 2007 3371 2060 πᾶσαν
3406 2005 3506 2076 τὴν
3543 2007 3645 2076 γῆν
3677 2005 3757 2070 ἐξα

2172 2101 2338 2171 ἦλθεν
2359 2101 2398 2153 6.
2418 2099 2654 2169 φθόγγος
2688 2099 2874 2164 αὐτοῦ,
2893 2099 2988 2154 καὶ
3017 2098 3275 2168 γεγόνασι
3301 2098 3503 2161 πάντες
3519 2097 3772 2151 διδακτοὶ

2173 2193 2330 2258 Θεοῦ,
2370 2194 2470 2246 οὐκ
2501 2191 2767 2261 ἀγγέλων,
2795 2192 2930 2246 ἁλλὰ
2959 2191 3115 2245 Θεοῦ.
3148 2189 3284 2244 Θεοῦ
3331 2189 3434 2259 μὲν
3473 2189 3583 2260 γὰρ
3609 2191 3703 2242 καὶ
3727 2191 3760 2242 6

2175 2284 2358 2354 νόμος,
2394 2283 2530 2338 ἁλλὰ
2563 2285 2629 2338 δι’
2659 2285 2908 2354 ἀγγέλων
2928 2303 2942 2317 ·
2978 2287 3007 2338 6
3034 2286 3092 2340 δὲ
3123 2285 3254 2349 Υἱός
3301 2301 3468 2355 φησιν
3488 2301 3502 2316 ·
3537 2303 3556 2335 ι
3587 2284 3758 2347 Αὐτὸς

2173 2375 2201 2426 6
2230 2373 2405 2428 λαλῶν
2435 2374 2685 2446 πάρειμι.
2719 2395 2739 2427 ι
2797 2375 3006 2430 Οὐκοῦν
3058 2375 3214 2430 κατὰ-
3247 2375 3345 2446 τὴν
3398 2375 3494 2428 τοῦ
3544 2376 3764 2428 Παύλου

2175 2465 2383 2534 φωνὴν,
2415 2464 2524 2535 ὅσῳ
2548 2464 2959 2535 διαφορωτέρας
2980 2462 3246 2536 τετύχηκε
3266 2463 3628 2535 λειτουργίας,
3665 2463 3785 2514 καὶ·

2175 2553 2284 2623 ὅσῳ
2327 2553 2634 2624 κρείττονος
2677 2553 2942 2626 διαθήκης
2983 2553 3209 2621 γέγονεν
3256 2553 3472 2621 ἔγγυος,
3506 2551 3758 2605 τοσοῦτον

2177 2646 2431 2716 ὑπερέξει
2459 2648 2583 2710 τοὺς
2613 2647 2897 2715 ἀγγέλους,
2925 2646 3126 2716 οὐχ-ὠς
3155 2646 3291 2717 πρὸς
3317 2647 3514 2709 αὐτοὺς
3538 2662 3760 2715 συγκρι-

2177 2737 2396 2808 νόμενος
2415 2738 2556 2791 κατὰ
2569 2737 2666 2808 τὴν
2688 2737 2868 2807 φύσιν,
2888 2736 3024 2791 ἁλλὰ
3037 2737 3291 2790 τοσοῦτον
3306 2737 3756 2808 ὑπεραιρόμενος,

2176 2829 2298 2883 ὅσον
2330 2828 2642 2899 ἀπῴκισται·
2687 2829 2795 2882 τῶν
2841 2829 3086 2899 γενητῶν
3117 2831 3146 2882 6
3177 2828 3309 2893 Θεὸς
3337 2829 3479 2882 κατὰ
3527 2827 3618 2881 τὸν
3661 2827 3760 2896 τῆς

2176 2923 2366 2986 οὐσίας
2398 2922 2572 2991 λόγον.
2604 2923 2677 2976 Τὸ
2705 2923 2813 2993 ἁρα
2853 2941 2871 2974 ι
2901 2923 3164 2993 κρείττων
3180 2921 3453 2991 ιιὲπὶιτῆς
3485 2919 3788 2981 διακονίας-

2178 3013 2499 3086 φερόμενον,
2528 3015 2651 3068 ὅσον
2691 3014 2860 3086 αὐτὴν
2892 3014 2991 3085 τῆς
3020 3013 3243 3066 ἐκείνων
3272 3011 3506 3066 δεικνύει
3540 3010 3761 3082 μείζονα

2179 3108 2275 3160 καὶ
2321 3105 2679 3176 ὑψηλοτέραν,
2707 3105 2962 3160 τοσοῦτον
3006 3105 3213 3176 ἐξαίρει
3245 3105 3344 3174 τῆς
3381 3104 3490 3156 τῶν
3519 3101 3760 3173 γενητῶν

2179 3196 2397 3267 φύσεως
2440 3196 2533 3249 τὸν
2559 3196 2705 3248 Υίόν.
2732 3197 2842 3250 Καὶ
2887 3199 3000 3258 τοῖς
3037 3195 3135 3264 μὲν
3176 3195 3428 3263 ἀγγέλοις
3453 3194 3529 3257 ώς
3557 3191 3764 3256 δούλοις

2177 3290 2440 3358 ἀπονέμει
2489 3289 2766 3342 διακονίαν
2815 3287 2916 3358 τὴν
2959 3286 3250 3340 ἐλάττονα·
3294 3285 3376 3356 τῷ
3416 3285 3473 3338 δὲ
3499 3282 3634 3353 Υίῷ,
3665 3283 3779 3352 τὴν.

2179 3379 2293 3450 Υίῷ
2343 3379 2660 3449 πρέπουσαν
2707 3379 2804 3433 καὶ
2853 3376 3262 3448 Δεσπότῃ.Ὲπὶ
3305 3377 3414 3446 γὰρ
3465 3377 3760 3447 κρείττοσι,

2180 3471 2366 3542 φησὶν,
2403 3471 2758 3539 ἐπαγγελίαις
2791 3469 3234 3540 νενομοθέτηται.

2179 3694 2383 3759 ΑΛΛΟ,
2414 3694 2500 3747 ὅτι
2543 3695 2822 3761 κρείττων
2849 3695 2887 3761 ἡ
2933 3694 3038 3747 τοῦ
3077 3692 3224 3745 Θεοῦ
3257 3693 3450 3758 Λόγου
3489 3688 3776 3741 διακονία⁴

2253 3763 2363 3830 τῆς
2408 3763 2525 3817 τῶν
2575 3763 2865 3832 ἀγγέλων,
2899 3764 2998 3816 καὶ
3028 3765 3156 3816 καθ’
3185 3762 3433 3832 ἐτέρους
3466 3763 3725 3832 τρόξτους
3747 3773 3760 3787 ·

2251 3829 2376 3899 ὅσῳ
2407 3833 2476 3885 δὲ
2505 3829 2788 3900 κρείττων
2815 3833 2990 3901 αὕτη,
3036 3832 3305 3897 τοσούτῳ
3341 3831 3440 3884 καὶ
3489 3833 3522 3884 ὀ
3567 3829 3778 3881 διακο-η

2251 3902 2452 3968 νήσας
2477 3903 2686 3956 αὐτόν.

2260 4035 2324 4091 Ὀ
2355 4036 2566 4100 Παῦλός
2597 4052 2794 4106 φησιν’
2838 4037 2994 4090 ι”Οτι
3017 4038 3078 4090 τὸ
3105 4037 3368 4091 ἀδύνατον
3397 4034 3492 4088 τοῦ
3523 4034 3687 4104 νόμου
3708 4033 3766 4085 ἐν

2179 4121 2224 4196 ᾧ
2252 4127 2469 4198 ἠσθένει
2513 4127 2603 4182 διὰ
2643 4128 2745 4199 τῆς
2781 4131 3003 4201 σαρκὸς,
3048 4134 3077 4185 ό
3126 4131 3259 4193 Θεὸς
3301 4129 3390 4182 τὸν
3424 4127 3615 4182 ἑαυτοῦ
3643 4127 3768 4180 Υίδν

2181 4221 2405 4290 πέμψας
2449 4222 2508 4274 ὲν
2550 4221 2855 4292 ὁμοιώματι
2908 4222 3108 4294 σαρκὸς
3157 4221 3452 4294 ἁμαρτίας,
3493 4221 3588 4274 καὶ⁵
3642 4220 3768 4290 περὶ

2182 4311 2458 4382 ἁμαρτίας
2489 4311 2780 4384 κατέκρινε
2817 4313 2920 4382 τὴν
2947 4314 3225 4384 ἁμαρτίαν
3255 4316 3312 4365 ὲν
3343 4316 3407 4382 τῇ
3437 4311 3618 4379 σαρκί.
3654 4329 3670 4362 ι
3705 4311 3769 4364 Ei

2181 4403 2236 4455 δὲ
2259 4401 2556 4473 ἠσθένησεν
2582 4405 2609 4456 6
2634 4404 2798 4474 νόμος
2830 4409 3158 4477 κατακρῖναι
3187 4405 3284 4476 τὴν
3311 4405 3587 4476 ἁμαρτίαν
3613 4405 3672 4455 έν
3699 4404 3770 4472 τῇ

503 4514 724 4554 carnem
772 4499 1130 4566 ambulamus,
1190 4499 1286 4554 sed
1331 4500 1626 4554 secundum
1665 4497 1928 4567 Spiritum
1956 4501 2021 4551 ".
2055 4517 2074 4549 ι

2187 4493 2372 4563 σαρκὶ,
2409 4494 2699 4564 κατέκρινε
2729 4495 2786 4549 δὲ
2815 4498 2842 4549 6
2877 4497 3130 4567 Χριστὸς,
3153 4498 3412 4567 δεκτικὴν
3440 4497 3607 4566 αὐτὴν
3637 4496 3769 4547 ἁπο-

503 4593 656 4661 Quod
688 4594 732 4648 si
766 4593 850 4648 lex
891 4609 993 4649 non
1025 4594 1200 4663 potuit
1224 4602 1504 4663 peccatum
1535 4592 1587 4645 in
1620 4606 1784 4646 carne
1815 4591 2078 4646 condem-

503 4701 655 4752 nare,
708 4685 1092 4740 condemnavit
1160 4694 1342 4737 autem
1407 4681 1692 4746 Christus;
1745 4684 1944 4750 quippe
1987 4681 2078 4750 qui

503 4794 724 4834 carnem
766 4777 1002 4848 Spiritus
1039 4777 1213 4830 sancti
1241 4789 1495 4844 capacem
1524 4771 1724 4837 ellecit,
1767 4771 1838 4824 ita
1869 4782 1927 4824 ut
1957 4786 2079 4840 pos-

504 4873 674 4925 simus
715 4866 1088 4923 dicerezlam
1141 4881 1246 4920 non
1293 4879 1482 4919 sumus
1531 4865 1582 4918 in
1633 4878 1830 4924 carne,
1885 4863 1978 4917 sed
2025 4861 2077 4915 iu

504 4962 710 5030 Spiritu
733 4961 778 4992 ”
807 4979 820 5014 :
856 4960 1029 5013 l‘actus
1066 4957 1227 5026 igitur
1261 4965 1345 5010 est
1375 4955 1538 5011 etiam
1580 4956 1680 5010 hac
1722 4955 1932 5009 ratione
1963 4969 2078 5009 me-

505 5054 603 5105 Iior
631 5051 838 5120 angelis
864 5066 960 5119 per
984 5065 1118 5119 quos
1149 5048 1232 5103 lex
1262 5048 1408 5103 edita
1440 5055 1524 5103 est
1553 5064 1564 5098 :
1593 5056 1648 5102 et
1675 5061 1888 5100 rursum
1917 5062 2077 5098 num-

503 5144 606 5196 dus
648 5141 747 5196 sub
775 5141 891 5211 lege
938 5141 1335 5196 condemnatus
1383 5148 1467 5194 est
1512 5147 1732 5206 propter
1770 5146 2078 5208 peccatum.

504 5230 740 5284 Advenit
791 5237 971 5283 autem
1012 5228 1181 5284 Filius
1220 5244 1327 5283 non
1375 5238 1431 5282 ut
1481 5228 1768 5282 damnaret
1799 5229 2079 5292 mundum,

507 5321 604 5374 sed
633 5331 691 5374 ut
717 5321 954 5376 salvaret
981 5320 1240 5374 mundum
1261 5320 1332 5386 ",
1361 5333 1534 5387 neque
1557 5317 1875 5387 supplicium
1906 5327 2083 5372 sumat

508 5412 574 5464 de
608 5423 853 5480 peccato,
900 5415 994 5468 sed
1029 5423 1086 5466 ut
1121 5420 1466 5481 peccatorum
1501 5411 1876 5464 remissionem
1905 5410 2082 5462 omni-

511 5505 613 5560 bus
643 5503 924 5573 largiatur.
963 5503 1151 5557 Melior
1184 5505 1348 5572 igitur
1379 5512 1462 5556 est
1490 5503 1580 5570 qui
1607 5501 1888 5569 jnstiiicat,
1922 5517 2082 5569 quain

586 5619 629 5649 "
655 5617 818 5673 Hebr.
853 5633 948 5678 νιι,
988 5616 1073 5670 19.
1145 5619 1187 5647 ¹⁸
1220 5618 1373 5669 Rom.
1415 5632 1466 5679 ν,
1501 5618 1583 5670 ll.

520 5689 586 5724 ⁸⁸’
615 5688 748 5746 Joan
800 5690 892 5753 v13,
933 5686 1020 5740 45.

520 5763 575 5827 5,
603 5761 656 5818 ι.
730 5760 775 5794 ’³
800 5759 928 5817 ibid.
958 5756 1009 5812 9.
1090 5757 1131 5787 “
1167 5753 1314 5812 Joan.
1353 5757 1544 5813 "1.17.

1733 5618 1749 5670 ι
1790 5616 1914 5670 Cor.
1959 5614 2160 5674 13.22.
2244 5615 2282 5643 ιτ

1106 5687 1146 5716 ¹⁹
1177 5685 1305 5757 ΑΟσΙ.
1333 5701 1426 5748 ιιι,
1475 5686 1559 5740 19.
1641 5687 1705 5717 ¹³¹
1748 5689 1848 5742 lsa.
1897 5699 1990 5749 ιιι,
2031 5685 2075 5737 6.

2178 5684 2204 5713 ‘°
2240 5683 2397 5738 ιιι-υτ.
2443 5700 2553 5752 vu,
2597 5686 2685 5741 Ἡ.
2764 5689 2804 5718 ’⁸
2843 5686 3005 5743 Hebr.
3057 5702 3187 5757 vni.
3228 5689 3280 5742 6.
3353 5689 3396 5718 ³⁸
3441 5686 3597 5740 Boni.
3635 5701 3768 5752 ιἰιι,

2186 4585 2364 4651 δείξας
2417 4586 2510 4638 τοῦ
2560 4587 2716 4655 ἁγίου
2772 4590 3109 4660 Πνεύματος,
3159 4591 3234 4654 ώς
3286 4591 3542 4643 δύνασθαι
3593 4589 3771 4655 λέγειν

2186 4679 2335 4747 ἡμᾶς
2354 4695 2367 4707 '
2387 4680 2500 4731 Ούκ
2524 4680 2688 4750 ἐσμὲν
2717 4681 2774 4732 ἐν
2804 4683 2988 4752 σαρκὶ,
3011 4683 3125 4734 ἀλλ’
3146 4684 3204 4734 ὲν
3231 4683 3531 4752 Πνεύματι’
3551 4683 3773 4748 γέγονεν
3814 4729 3823 4737 .

2187 4769 2294 4839 ἄρα
2321 4771 2414 4823 καὶ
2439 4770 2580 4823 κατὰ
2608 4769 2767 4824 τοῦτο
2797 4773 3062 4840 κρείττων
3085 4773 3354 4841 ἀγγέλων,
3382 4772 3448 4825 δι’
3465 4767 3538 4825 ὧν
3566 4774 3592 4823 6
3612 4771 3774 4838 Vrina;

2187 4859 2493 4930 λελὰληται·
2527 4863 2620 4914 καὶ
2659 4862 2818 4916 πάλιν
2857 4864 2884 4914 6
2917 4863 3118 4933 κόσμος
3167 4865 3272 4917 ὑπὸ
3323 4864 3420 4934 μὲν
3468 4861 3560 4914 τοῦ
3607 4861 3772 4927 νόμου

2186 4952 2538 5023 κατεκρίνετο
2568 4953 2655 5006 διὰ
2680 4954 2779 5024 τὴν
2799 4954 3094 5024 ἁμαρτίαν.
3115 4955 3309 5024 Ἐπεδή
3321 4971 3459 5024 μησε
3494 4953 3548 5004 δὲ
3572 4954 3600 5005 6
3624 4951 3771 5010 Υἱὸς,

2184 5043 2282 5112 οὐχ
2313 5044 2400 5095 ἴνα
2433 5044 2592 5115 κρίνῃ
2623 5045 2716 5096 τὸν
2747 5045 2971 5114 κόσμον,
2995 5046 3108 5099 ἁλλ’
3135 5048 3220 5099 ἵνα
3253 5046 3401 5115 σώσῃ
3430 5045 3518 5097 τὸν
3547 5043 3772 5111 κόσμον.

2183 5134 2304 5187 οὐδὲ
2351 5135 2670 5206 ἀπαιτήσων
2709 5136 2830 5190 τινὰ
2858 5138 3151 5207 τιμωρίαν,
3187 5137 3301 5190 ἁλλ’
3332 5138 3420 5188 ἵνα
3449 5136 3582 5188 πᾶσι
3614 5132 3772 5202 χαρί-

2187 5243 2368 5295 σηται.
2405 5228 2684 5297 Κρείττων
2718 5225 2810 5281 οὖν
2860 5231 2888 5280 6
2929 5229 3154 5283 δικαιῶν
3199 5228 3292 5283 τοῦ
3328 5226 3769 5297 κατακρίνοντος.

2188 5320 2453 5390 κρείττων
2489 5321 2583 5373 τοῦ
2616 5321 2970 5385 ἀπαιτοῦντος
3015 5324 3044 5375 ὀ
3089 5322 3467 5392 χαριζόμενος,
3509 5320 3773 5391 κρείττων

2185 5410 2280 5462 τοῦ
2319 5412 2393 5481 μὴ
2432 5411 2749 5482 ἰσχύσαντος
2779 5416 3102 5484 κατακρῖναι
3151 5413 3250 5483 τὴν
3300 5413 3574 5484 ἁμαρτίαν
3615 5413 3672 5462 έν
3705 5412 3770 5476 τῇ

2191 5503 2374 5570 σαρκὶ,
2420 5505 2449 5554 6
2494 5503 2587 5554 καὶ
2634 5503 2792 5557 τοῦτο
2839 5503 3128 5574 πληρώσας
3159 5503 3303 5566 Υἱός.
3335 5504 3613 5573 Κρείττων
3663 5499 3771 5568 ἄρα

2296 5624 2310 5630 ·
2347 5614 2488 5668 l'snl.
2526 5632 2688 5676 ωιτν,
2719 5616 2774 5671 2.
2857 5618 2912 5676 ’⁸,
2937 5617 3076 5671 Psal.
3106 5633 3262 5676 xviii.
3296 5616 3366 5675 5';
3399 5616 3553 5669 Horn.
3600 5632 3652 5677 τ,
3679 5614 3767 5670 18.
