4036 6208
293 235 414 292 353

1741 229 2182 287 THESAURUS.

3437 236 3548 295 35!

307 343 448 399 κατὰ
480 341 640 396 τοῦτο
668 339 776 393 τῶν
808 339 1055 408 ἀγγέλων
1085 339 1194 393 τῶν
1229 339 1322 392 τὸν
1359 338 1560 410 ἀσθενῆ
1593 338 1683 392 καὶ
1715 357 1882 392 κατα-

1983 340 2073 408 qui
2106 342 2450 407 condemnat,
2505 341 2696 398 melior
2729 343 2820 413 qui
2852 343 3068 398 veniam
3118 343 3346 413 largitur
3383 358 3547 412 quam

305 435 559 505 κρίνοντα
588 431 937 502 λαλησάντων
966 430 1150 500 νόμον.

1981 430 2074 498 qui
2108 444 2320 498 poenam
2361 430 2570 500 exigit;
2605 431 2795 486 melior
2822 441 2906 486 est
2951 447 3016 485 eo
3059 432 3149 502 qui
3185 439 3463 500 peccatum
3494 430 3549 483 in

301 542 468 583 carne
513 527 877 581 condemnare
907 539 1012 578 non
1044 525 1237 594 potuit,
1269 523 1315 578 is
1348 524 1441 594 qui
1493 525 1593 578 hoc
1653 522 1903 592 praestitit
1942 521 2128 577 Filius.
2161 521 2346 577 Melior
2387 524 2566 592 itaque
2605 524 2706 579 hac
2777 525 2983 578 ratione
3027 534 3108 580 est
3143 539 3306 592 quam
3349 520 3551 592 angeli,

303 625 393 693 qui
432 621 760 677 imbecillam
792 630 845 676 et
875 620 1324 676 eondemnantem
1362 620 1529 689 legem
1574 620 1879 674 ediderunt.

336 737 544 800 AAAO,
570 734 658 790 ὅτι
685 736 823 802 τοῖς¹
844 733 1175 804 ποιήμασιν
1206 735 1244 800 ἢ
1275 733 1398 800 τοῖς
1427 733 1704 804 ἀγγέλοις
1730 733 1844 800 οὐχ

836 805 1108 874 ὁμοφυὴς
1144 809 1174 858 ό
1196 806 1345 870 Υἱός.

373 920 438 974 El
466 919 680 991 ποίημά
707 922 855 975 ἐστιν
883 924 911 975 6
932 921 1079 986 Υἱὸς,
1101 921 1194 974 καὶ
1215 920 1458 992 ὁμοφυὴς
1477 921 1586 982 τοῖς
1606 918 1879 986 ἀγγέλοις,

303 1013 680 1068 καλείσθωσαν
705 1015 798 1067 καὶ
822 1013 974 1067 αὐτοὶ
995 1013 1145 1083 παρὰ
1169 1012 1260 1066 τοῦ
1283 1012 1495 1082 Πατρὸς
1523 1010 1711 1081 ὥσπερ
1735 1012 1879 1062 ὲκεῖ-

302 1123 390 1168 νος
420 1106 563 1170 υἱοὶ,
599 1105 816 1174 ἢαύτὸς
846 1105 1034 1175 ὥσπερ
1059 1106 1254 1158 ἐκεῖνοι
1284 1104 1532 1172 ἄγγελος.
1551 1101 1882 1155 Ἀλλόὺδενὶ

301 1195 410 1247 τῶν
456 1196 706 1264 ἀγγέλων
758 1192 879 1249 εἶπέ
925 1213 1052 1249 ποτε
1081 1213 1092 1226 ·
1133 1214 1150 1246 ι
1182 1197 1307 1259 Υἱός
1343 1213 1441 1266 μου
1473 1191 1521 1248 εἶ
1553 1197 1638 1259 σὺ,
1668 1214 1686 1246 ι
1742 1194 1880 1248 κατὰ

303 1291 400 1360 τὴν
428 1289 526 1341 τοῦ
564 1288 776 1341 Παύλου
815 1289 1022 1357 φωνήν·
1060 1286 1182 1340 οῦτε
1218 1287 1323 1358 μὴν
1353 1288 1513 1350 αὐτὸς
1542 1287 1769 1355 ἄγγελος
1793 1303 1856 1338 κε

303 1379 576 1447 κλημὲνος
604 1377 851 1446 φαίνεται
881 1377 1021 1430 κατὰ
1046 1377 1322 1446 ἀλήθειαν.
1370 1377 1793 1441 Καθεζέσθωσαν
1825 1378 1866 1427 ὲ*

300 1470 458 1538 δεξιᾷ
487 1469 579 1521 τοῦ
605 1470 816 1539 Πατρὸς
847 1468 1035 1539 ὥσπερ
1065 1469 1190 1530 Υἱός
1208 1485 1221 1497 ’
1254 1467 1366 1520 ἀλλ’
1384 1467 1558 1530 οὐδεὶς
1583 1467 1691 1519 τῶν
1719 1468 1882 1534 ἀγγέ-

1983 722 2226 790 ALIUD,
2275 727 2411 795 quod
2457 725 2631 779 Filius
2681 741 2783 778 non
2809 726 2882 795 sit
2924 725 3155 793 ejusdem
3190 736 3394 782 natura
3431 743 3551 781 cum

2457 797 2712 850 creaturis
2741 793 2815 849 vel
2845 796 3068 863 angelis.

2057 906 2114 962 Si
2152 906 2320 962 Filius
2359 917 2444 961 est
2491 917 2763 972 creatura,
2816 917 2868 961 et
2903 907 3140 976 ejusdem
3181 918 3385 963 natura;
3430 923 3552 963 cum

1982 997 2205 1066 angelis,
2235 1006 2497 1051 vocentur
2519 999 2681 1050 etiam
2722 997 2820 1065 ipsi
2855 1014 2882 1050 a
2904 997 3060 1052 Patre
3093 999 3207 1062 lilii,
3245 1000 3382 1054 sicut
3427 999 3552 1066 ille;

1986 1097 2078 1139 aut
2108 1094 2329 1141 vocetur
2358 1087 2492 1155 ipse,
2529 1087 2982 1155 quemadmodum
3024 1088 3122 1149 illi,
3163 1089 3402 1158 angelus.
3438 1089 3556 1144 Ca:-

1988 1185 2158 1229 terum
2215 1176 2414 1229 nemini
2467 1177 2779 1245 angelorum
2835 1192 3072 1246 unquam
3121 1177 3256 1232 dixit
3289 1196 3302 1232 :
3340 1196 3356 1230 I
3389 1179 3558 1233 Filius

1987 1281 2136 1320 meus
2161 1281 2218 1320 es
2260 1278 2336 1334 tu,
2369 1287 2386 1318 ι
2426 1277 2482 1321 ut
2505 1270 2580 1322 ait
2618 1269 2817 1325 Paulus
2838 1270 2918 1332 '5;
2958 1285 3130 1339 neque
3166 1272 3280 1339 ipse
3317 1286 3552 1339 unquam

1988 1357 2208 1426 angelus
2257 1373 2442 1412 revera
2495 1360 2669 1412 dictus
2715 1369 2819 1414 est.
2873 1361 3107 1414 Sedeaut
3151 1363 3311 1414 etiam
3363 1362 3436 1414 illi
3487 1363 3555 1416 ad

1985 1447 2256 1500 dexteram
2298 1445 2495 1512 Patris,
2538 1450 2676 1502 sicut
2705 1447 2893 1503 Filius.
2927 1449 3087 1518 Atqui
3129 1465 3283 1504 nemo
3317 1465 3554 1520 unquam

301 1517 416 1613 λαξᾷ
424 1517 886 1629 ῖτιᾷέζιάῶἧὲὲιῖτῷ
900 1517 1096 1630 ιιαέρῇ
1113 1517 1247 1612 at.
1261 1517 1474 1629 emo;
1505 1517 1881 1628 τζαρέςέτῆἑέισι

1984 1537 2292 1606 angelorum
2336 1540 2538 1593 assedit
2571 1538 2752 1605 Patri;
2787 1541 2879 1594 sed
2919 1517 3099 1609 potius
3139 1517 3425 1595 astiterunt
3456 1542 3557 1595 mi-

301 1651 749 1722 λειτουργοῦντες
777 1651 945 1721 αὐτῷ.
980 1651 1305 1719 Λεγέτωσαν
1334 1649 1554 1717 ἄγγελοι
1575 1648 1883 1702 διατάττον-

303 1759 398 1805 τες
450 1743 635 1812 ὥσπερ
670 1743 697 1792 6
724 1742 876 1804 Υἱός·
933 1761 949 1792 ι
973 1740 1114 1809 Ἐγὼ
1158 1741 1215 1794 δὲ
1259 1741 1402 1808 λέγω
1429 1741 1555 1810 ὑμῖν
1581 1757 1593 1768 °
1627 1759 1644 1790 ι
1681 1738 1794 1791 ἀλλ’
1824 1737 1883 1790 οὐ

301 1833 466 1887 τοῦτό
511 1852 694 1903 φασιν,
750 1833 885 1886 ἀλλὰ
938 1833 1167 1903 μᾶλλον·
1216 1853 1232 1882 ι
1276 1833 1612 1901 Ἀπεστάλην
1659 1830 1888 1900 λαλῆσαι

306 1925 446 1995 πρὸς
471 1926 551 1976 σέ.
587 1943 603 1972 ι
644 1924 752 1976 Καὶ
777 1926 826 1976 oi
862 1925 961 1993 μὲν
988 1923 1347 1984 διακονοῦσιν,
1378 1925 1406 1977 6
1439 1922 1494 1974 δὲ
1526 1922 1883 1974 διακονεῖταιο

314 2018 489 2070 ιἿδοὺ
536 2017 663 2088 γὰρ,
695 2017 878 2086 φησὶν,
912 2017 1133 2085 ἄγγελοι
1177 2016 1564 2088 προσελθόντες
1610 2015 1888 2084 διηκόνουν

306 2107 479 2175 αὐτῷ.
516 2125 534 2156 ι
589 2107 697 2160 Καὶ
731 2107 759 2158 ὁ
797 2107 893 2176 μὲν
923 2107 1038 2159 ἔστι
1065 2105 1414 2176 δημιουργὸς,
1440 2107 1489 2158 οἱ
1537 2105 1594 2158 δὲ
1634 2104 1887 2173 γεγόνασι

302 2199 374 2251 δι’
407 2197 595 2250 αὐτοῦ’
630 2198 722 2250 καὶ
752 2199 800 2250 οἱ
836 2197 934 2266 μὲν
977 2195 1391 2267 προσκυνοῦσιν,
1427 2197 1454 2246 6
1483 2195 1540 2247 δὲ
1567 2196 1888 2264 προσκυνεῖ-

305 2304 399 2339 ται
419 2302 434 2316 ·
477 2287 570 2340 καὶ
601 2288 650 2338 οἱ
685 2286 782 2356 μὲν
815 2285 1038 2356 ἄγγελοι
1066 2285 1166 2350 τὰς
1197 2285 1304 2339 τῶν
1334 2284 1579 2356 οὐρανῶν
1605 2283 1780 2347 πύλας
1807 2282 1891 2337 αἷ-

308 2394 432 2450 ρειν
478 2378 901 2450 προστάττονται
920 2393 934 2406 ·
962 2379 991 2431 6
1027 2377 1085 2430 δὲ
1116 2375 1421 2447 εἰσέρχεται
1447 2375 1522 2440 ὡς
1547 2374 1751 2447 Κύριος
1779 2374 1891 2428 τῶν

305 2469 613 2540 δυνάμεων,
637 2469 712 2533 ὡς
743 2468 993 2538 βασιλεὺς
1020 2469 1122 2539 τῆς
1150 2467 1338 2539 δόξης·
1371 2467 1468 2522 καὶ
1518 2468 1566 2520 οἱ
1613 2467 1710 2538 μὲν
1745 2465 1893 2537 ζωῆς

311 2561 608 2630 μετέχουσι
651 2561 752 2631 τῆς
785 2561 935 2631 παρὰ
965 2559 1119 2613 Θεοῦο
1152 2562 1181 2613 6
1205 2560 1266 2614 δὲ
1308 2561 1408 2630 τῆς
1439 2559 1581 2628 ζωῆς
1616 2561 1732 2612 ἐστι
1767 2575 1892 2629 χορ-

307 2651 469 2722 ηγὸς,
503 2650 665 2713 αὐτὸς
689 2647 803 2720 ζωὴ
826 2652 940 2713 τοῖς
966 2651 1130 2703 πᾶσιν
1156 2650 1436 2719 ὑπάρχων.
1467 2649 1579 2702 Καὶ
1603 2650 1632 2703 6
1659 2648 1758 2719 μέν
1784 2666 1891 2719 φη-

313 2755 400 2792 σιν
418 2756 434 2769 ·
472 2758 492 2790 ι
515 2737 655 2807 Ἐγὼ
701 2739 794 2791 καὶ
820 2739 848 2790 6
877 2737 1067 2808 Πατὴρ
1097 2738 1156 2790 ἓν
1185 2740 1371 2808 ὲσμεν,
1407 2757 1424 2788 ι
1459 2738 1553 2790 καὶ
1591 2755 1609 2789 ι
1629 2737 1689 2790 'O
1715 2737 1881 2808 ὲωρατ

1987 1630 2282 1683 nistrantcs
2310 1629 2381 1683 ei.
2420 1629 2679 1684 Dicantur
2705 1643 2835 1684 vero
2864 1631 3026 1684 etiam
3064 1630 3238 1698 angeli
3283 1631 3558 1698 imperan-

1987 1729 2088 1785 tes,
2131 1729 2190 1773 ut
2237 1720 2406 1775 Filius
2435 1738 2449 1776 :
2485 1740 2502 1772 ι
2534 1722 2645 1790 Ego
2695 1731 2874 1776 autem
2928 1722 3078 1776 vobis
3109 1722 3229 1776 dico
3263 1741 3275 1775 :
3309 1740 3327 1773 ι
3357 1723 3448 1777 sed
3493 1735 3560 1775 ne

1988 1812 2090 1865 hoc
2141 1811 2358 1879 quidem
2417 1813 2600 1866 dicere
2651 1827 2746 1868 eos
2808 1813 3111 1880 comperias
3148 1829 3161 1864 :
3201 1811 3294 1867 sed
3344 1811 3559 1880 potius;

1991 1917 2011 1948 ι
2043 1897 2234 1954 Missus
2275 1915 2392 1954 sum
2427 1902 2569 1970 loqui
2604 1905 2670 1954 ad
2713 1913 2782 1954 te.
2825 1919 2844 1951 ι
2889 1901 3063 1974 Atque
3110 1902 3163 1954 hi
3193 1901 3409 1969 quidem
3459 1902 3560 1953 Ini-

1987 1991 2244 2056 nistrant,
2288 1993 2413 2046 huic
2438 2008 2569 2046 vero
2625 1991 3004 2044 ministratur:
3036 2008 3055 2041 ι
3093 1991 3230 2045 Ecce
3279 1992 3447 2054 enirn,
3479 1991 3561 2045 in-

1986 2082 2125 2150 quit,
2171 2083 2344 2154 angeli
2394 2082 2661 2152 progressi
2720 2081 3100 2136 ministrabant
3144 2083 3192 2136 ei
3218 2083 3287 2138 “.
3319 2101 3336 2132 ι
3383 2083 3561 2152 Atque

1989 2174 2078 2228 hic
2110 2175 2324 2242 quidem
2358 2183 2440 2228 est
2484 2173 2730 2233 Creator,
2771 2173 2821 2226 hi
2867 2188 2995 2228 vero
3044 2188 3136 2240 per
3170 2173 3344 2240 ipsum
3388 2173 3559 2228 creati

1987 2273 2149 2327 sunt;
2187 2263 2240 2316 hi
2271 2264 2520 2328 adorant,
2549 2263 2637 2317 ille
2665 2264 2956 2328 adoratur;
2988 2262 3160 2332 angeli
3191 2272 3376 2331 portas
3402 2263 3561 2316 coelo-

1989 2370 2109 2410 rum
2135 2354 2323 2410 tollere
2340 2354 2616 2424 iubentur,
2644 2356 2759 2424 ipse
2785 2370 2912 2410 vero
2943 2355 3243 2424 ingreditur
3282 2356 3350 2409 ut'
3377 2356 3560 2410 Domi-

1991 2463 2094 2504 nus
2119 2455 2469 2516 potestatum,
2502 2458 2561 2504 ut
2587 2463 2680 2502 rex
2704 2448 2887 2518 gloria:
2903 2447 2971 2480 “'
2994 2464 3009 2513 ;
3033 2447 3205 2517 angeli
3246 2448 3410 2518 209
3438 2449 3562 2503 vitae

1991 2542 2278 2612 participes
2314 2540 2449 2596 liuut
2491 2555 2520 2593 a
2568 2539 2716 2594 Deo:
2746 2540 2832 2596 hic
2871 2554 2999 2596 vero
3021 2539 3147 2594 vitae
3190 2539 3417 2608 largitor
3453 2549 3561 2606 est,

1989 2633 2218 2700 ipsemet
2248 2631 2354 2684 vita
2385 2630 2639 2684 oniuibus
2663 2630 2952 2686 exsistens.
2980 2628 3078 2684 llic
3105 2629 3238 2684 dicit
3267 2646 3282 2684 ι
3322 2649 3340 2681 ι
3372 2630 3482 2701 Ego
3507 2641 3565 2685 et

1990 2723 2150 2780 Pater
2173 2739 2338 2779 unum
2358 2740 2546 2780 sumus
2567 2725 2644 2790 ";
2674 2742 2693 2776 ι
2728 2733 2784 2778 et
2811 2741 2825 2779 :
2860 2743 2876 2776 ι
2905 2723 3005 2789 Qui
3040 2725 3171 2778 vidit
3202 2738 3308 2788 me,
3342 2725 3476 2779 vidit
3507 2733 3565 2778 et

311 2829 426 2892 κὼς
475 2829 597 2899 ἐμὲ,
633 2827 842 2898 ἑώρακε
889 2827 981 2880 τὸν
1029 2828 1268 2898 Πατέρα,
1300 2845 1317 2878 ›
1369 2827 1482 2890 καὶ,
1522 2845 1539 2876 ι
1569 2826 1754 2880 Πάντα
1791 2827 1889 2880 ὅσα

1993 2818 2209 2874 Patrem
2237 2819 2317 2886 ²⁸;
2351 2837 2370 2870 ι
2423 2828 2479 2873 et
2514 2836 2528 2872 :
2578 2836 2597 2869 ι
2625 2817 2815 2872 Omnia
2858 2831 2978 2886 quae
3024 2816 3189 2872 habet
3235 2815 3396 2871 Pater
3444 2833 3565 2873 mea

314 2917 432 2987 ἔχει
483 2920 510 2970 6
547 2917 757 2987 Πατὴρ,
795 2915 905 2986 ἐμά
949 2918 1085 2980 ἐστι,
1119 2934 1138 2966 ι
1179 2917 1274 2968 καὶ
1312 2933 1329 2966 ι
1363 2913 1502 2982 Ἐγώ
1530 2917 1645 2984 ειμι
1692 2915 1752 2967 τὸ
1777 2914 1892 2982 φῶς

308 3005 407 3059 τοῦ
445 3005 669 3074 κόσμου,
702 3024 721 3056 ι
771 3005 864 3057 καὶ
904 3005 1086 3072 «Ἐγώ
1138 3005 1252 3074 εἰμι
1305 3005 1338 3074 ἡ
1377 3003 1673 3066 ἀνάστασις
1724 3003 1818 3056 καὶ
1859 3004 1893 3073 ὴ

309 3099 454 3167 ζωη·
489 3117 507 3150 ι
543 3097 760 3165 ἄγγελοι
797 3096 854 3148 δὲ
878 3097 977 3159 τὰς
998 3095 1256 3159 τοιαύτας
1297 3096 1358 3148 οὐ
1392 3094 1631 3166 τολμῶσι
1663 3094 1894 3164 φθέγγε-

315 3190 444 3244 σθαι
472 3189 678 3258 φωνάς.
711 3187 829 3241 Κᾶν
859 3189 915 3241 ὲν
940 3187 1019 3258 τῷ
1043 3187 1267 3257 ὀνόματι
1297 3185 1390 3239 τοῦ
1420 3185 1552 3239 Υἱοῦ
1582 3184 1894 3256 προσευξώ-

316 3277 480 3349 μεθα,
508 3279 714 3349 ὅσαπερ
755 3277 822 3331 ἂν
858 3277 1191 3347 αἰτήσωμεν,
1221 3274 1504 3345 ληψόμεθα
1528 3291 1541 3305 ³
1573 3275 1634 3326 ὲν
1671 3275 1895 3344 ὀνόματι

309 3371 371 3424 δὲ
400 3370 512 3423 τῶν
540 3370 786 3437 ἀγγέλων
813 3369 912 3421 οὐκ
937 3368 1002 3422 ἄν
1034 3383 1117 3429 τις
1143 3365 1522 3436 προσεύξαιτο.
1555 3365 1662 3418 Καὶ
1687 3365 1765 3434 τῷ
1794 3364 1893 3435 μὲν

317 3462 438 3532 Υἱῷ
470 3464 567 3514 σὺν
592 3462 668 3532 τῷ
696 3463 872 3532 Πατρὶ
901 3460 996 3514 καὶ
1027 3459 1162 3530 μετὰ
1188 3459 1400 3528 Πατρὸς
1427 3461 1458 3527 ἡ
1484 3457 1640 3521 δόξα·
1672 3456 1891 3524 ἄγγελοι

315 3555 374 3608 δὲ
404 3557 466 3607 οὐ
498 3554 832 3617 δοξάζονται,
863 3553 998 3607 ἀλλὰ
1049 3551 1247 3622 μᾶλλον
1293 3549 1572 3616 δοξάζουσι
1619 3549 1756 3618 μετὰ
1800 3547 1893 3600 τοῦ

320 3647 535 3718 Πατρὸς
562 3647 654 3699 τὸν
679 3645 828 3700 Υἱόν.
857 3645 979 3708 Πῶς
1003 3641 1096 3698 οῦν
1124 3642 1398 3712 τοσαύτης
1428 3641 1688 3711 κειμένης
1712 3641 1896 3708 διαφοο

317 3741 421 3809 ρᾶς
460 3736 663 3807 μεταξὺ
705 3736 813 3789 τῶν
856 3735 1102 3804 ἀγγέλων
1138 3735 1232 3788 καὶ
1275 3732 1370 3787 τοῦ
1401 3732 1552 3795 Υιοῦ,
1583 3732 1683 3803 τῆς
1727 3732 1896 3802 αὐτῆς

311 3828 504 3890 οὐσίας
555 3822 694 3880 εἶναι
744 3825 1180 3898 νομισθήσονται,
1229 3823 1443 3887 οὐδενὸς
1489 3822 1896 3895 συγχωροῦντος

316 3921 516 3988 λόγους
559 3919 860 3986 Ἀναλόγως
907 3919 1016 3990 γὰρ
1064 3921 1130 3989 τῇ
1186 3919 1294 3972 τῶν
1346 3916 1652 3989 προσώπων
1684 3915 1811 3987 ἀξίᾳ
1835 3915 1896 3968 τὸ

315 4013 422 4082 τῆς
455 4011 668 4080 φύσεως
699 4011 953 4082 διάφορον
978 4010 1348 4081 ὁρισθήσεται.

353 4125 558 4190 AAAO,
588 4125 677 4177 ὅτι
709 4125 805 4178 καὶ
835 4123 933 4176 ἐπὶ
964 4121 1070 4175 τοῦ
1118 4121 1343 4189 Πατρός
1387 4121 1727 4189 εὑρίσκεται
1759 4120 1857 4187 τὸ,

930 4210 948 4242 ι
983 4191 1236 4262 ἐγένετο.
1273 4211 1292 4243 ι

403 4304 464 4358 ’0
494 4303 797 4374 Ψαλμῳδὸς
849 4287 999 4372 λέγει
1023 4319 1038 4335 ·
1083 4323 1100 4356 ι
1141 4304 1306 4357 Γενοῦ
1349 4306 1539 4374 μοιείς
1570 4304 1701 4359 Θεὸν
1725 4304 1895 4374 ὑπερ-

318 4397 614 4465 ασπιστήν·
653 4414 672 4447 ι
721 4395 814 4448 καὶ
862 4395 1060 4459 πάλιν,
1101 4413 1120 4445 ι
1165 4395 1410 4464 Ἐγένετό
1459 4413 1548 4466 μοι
1596 4398 1676 4460 εἰς
1721 4413 1896 4465 σωτη-

321 4486 469 4556 ρίαν.
511 4504 532 4538 ι
563 4487 627 4540 Εἰ
656 4486 712 4538 δὲ
743 4485 834 4539 ἐπὶ
857 4486 950 4540 τοῦ
985 4485 1116 4539 Υἱοῦ
1139 4487 1232 4539 καὶ
1264 4486 1435 4540 ταῦτα
1461 4487 1722 4557 φήσουσιν
1752 4486 1898 4558 ειρῆο

321 4578 471 4638 σθαι.
528 4579 622 4630 καὶ
671 4576 898 4640 ἄκοντες
955 4575 1103 4646 αὐτῷ
1159 4577 1596 4648 μαρτυρήσουσιν
1651 4578 1733 4630 ὅτι
1784 4580 1897 4640 τοῖς

322 4668 622 4735 κτίσμασιν
662 4669 762 4720 οὐκ
787 4667 932 4721 ἔστιν
963 4667 1228 4738 ὁμοφυὴς,
1274 4671 1300 4722 6
1334 4669 1458 4731 τοὺς
1491 4669 1678 4737 ἁγίους
1704 4667 1901 4724 διασώ-

321 4758 455 4820 ζων,
483 4762 774 4830 καταφυγή
799 4777 860 4812 τε
881 4762 1066 4824 αὐτοῖς
1094 4763 1188 4814 καὶ
1220 4761 1393 4831 σκέπη
1425 4761 1766 4832 φαινόμενος.
1792 4761 1900 4815 Καὶ

321 4845 483 4899 τοῦτο
503 4847 612 4919 γὰρ
643 4848 795 4905 ἔσται
830 4850 978 4922 μόνῳ
1011 4850 1219 4922 πρέπον
1245 4851 1383 4921 Θεῷ.

323 5044 536 5119 AA_AU,
557 5048 644 5112 εις
676 5047 764 5110 τὸ,
783 5065 812 5119 _t
848 5048 1119 5119 Τοσούτῳ
1139 5051 1419 5118 κρείττων
1443 5052 1760 5119 γενόμενος
1780 5050 1899 5102 τῶν

391 5114 685 5189 ἀγγέλων,
721 5133 738 5166 ι
772 5114 861 5189 ὅτι
903 5118 969 5171 τὸ
1001 5136 1019 5168 ι
1063 5114 1401 5189 γενόμενος,
1442 5114 1460 5170 ἱ
1489 5114 1756 5173 οὑ’κατὰ
1785 5119 1897 5188 τῆς

393 5185 612 5247 οὐσίας
648 5186 919 5252 νοητέον.

396 5296 460 5348 El
503 5295 564 5349 τὸ
595 5315 616 5349 ι
651 5299 942 5367 γενόμενος
988 5319 1006 5352 ι
1045 5302 1261 5364 πάντως
1318 5301 1571 5372 σημαίνει
1607 5303 1750 5366 τινὸς
1799 5302 1898 5374 τὴν

319 5389 433 5439 ἀπὸ
459 5387 553 5440 τοῦ
584 5389 660 5459 μὴ
690 5390 841 5453 ὄντος
864 5393 943 5455 εἰς
973 5393 1034 5444 τὸ
1067 5388 1203 5446 εἶναι
1237 5393 1490 5464 πάροδον,
1532 5394 1622 5447 καὶ
1651 5395 1737 5447 ἀεὶ
1757 5395 1896 5448 κατά

1993 2921 2120 2965 sunt
2143 2911 2211 2963 ”.
2245 2930 2264 2962 ι
2301 2918 2375 2976 et,
2410 2928 2428 2960 ι
2459 2909 2572 2978 Ego
2598 2924 2716 2963 sum
2751 2910 2840 2962 lux
2887 2908 3070 2963 mundi
3093 2909 3173 2974 ³⁶;
3208 2927 3227 2961 ι
3261 2918 3315 2965 et
3349 2923 3364 2962 :
3401 2928 3419 2960 ι
3454 2909 3567 2979 Ego

1991 3015 2110 3057 sum
2136 3001 2462 3056 resurrectio
2489 3011 2546 3054 ct
2595 3001 2705 3054 vita
2731 3001 2809 3066 ⁸⁸;
2842 3019 2861 3052 ι
2909 3000 3086 3068 angeli
3110 3010 3312 3065 autem,
3355 3001 3565 3069 ejusce-

1993 3093 2134 3149 modi
2184 3094 2365 3148 dicere
2412 3108 2517 3148 non
2565 3093 2782 3148 audent.
2824 3091 3092 3148 Prmterea
3147 3091 3193 3147 si
3240 3093 3292 3146 in
3348 3091 3566 3148 nomine

1993 3185 2116 3240 Filii
2161 3185 2521 3252 oraverimus,
2557 3199 2894 3255 quaecunque
2945 3185 3282 3256 petierimus,
3331 3186 3566 3255 accipie-

1994 3294 2115 3333 mus
2134 3278 2213 3345 ";
2250 3279 2301 3333 in
2335 3280 2554 3334 nomine
2584 3287 2765 3333 autem
2800 3278 3136 3348 angelorum,
3178 3291 3337 3332 nemo
3373 3291 3567 3332 orave-

1993 3372 2085 3426 rit.
2119 3371 2184 3424 Et
2210 3369 2348 3427 Filio
2371 3370 2590 3440 quidem
2621 3385 2726 3424 una
2763 3384 2882 3424 cum
2917 3368 3079 3424 Patre
3107 3370 3272 3438 gloria
3307 3371 3564 3434 debetur;

1997 3463 2203 3533 angelis
2231 3479 2363 3520 vero
2395 3463 2562 3532 gloria
2614 3479 2724 3518 non
2756 3463 3022 3526 defertur,
3061 3465 3152 3517 sed
3193 3462 3370 3531 potius
3409 3463 3566 3530 glori-

2000 3556 2164 3610 ﬁcant
2190 3555 2384 3609 Filium
2420 3570 2541 3609 cum
2581 3553 2762 3612 Patre.
2789 3553 3076 3620 Quomodo,
3107 3554 3271 3624 igitur
3298 3569 3420 3608 cum
3450 3563 3568 3606 tan-

1999 3657 2111 3700 tum
2141 3647 2214 3700 sit
2250 3647 2539 3702 discrimen
2573 3646 2713 3700 inter
2739 3646 2957 3714 angelos
2988 3654 3044 3700 et
3081 3644 3298 3710 Filium,
3329 3644 3566 3714 ejusdem

1995 3736 2245 3792 essentia!
2291 3751 2412 3791 esse
2454 3738 2843 3801 censebuntur,
2894 3751 3016 3790 cum
3049 3736 3099 3790 id
3129 3736 3271 3789 nulla
3317 3735 3456 3788 ratio
3483 3733 3567 3787 fe-

1995 3827 2116 3882 rat?
2146 3826 2364 3881 Natum
2396 3828 2541 3880 enim
2587 3825 2893 3880 dill‘erentia
2935 3840 3286 3895 personarum
3323 3823 3568 3893 dignitati

1997 3919 2346 3988 proportione
2374 3917 2605 3987 quadam
2641 3917 2948 3985 respondet.

2209 4113 2440 4178 ALIUD,
2476 4118 2616 4184 quod
2649 4113 2808 4167 etiam
2832 4113 2896 4166 de
2933 4111 3095 4165 Patre
3124 4110 3350 4172 dicatur,

2591 4203 2608 4236 ι
2652 4185 2823 4252 factus
2851 4192 2947 4237 est.
2981 4201 3000 4234 ι

2073 4295 2355 4351 Psalmista
2379 4295 2552 4364 inquit
2584 4311 2598 4348 :
2634 4311 2652 4344 ι
2687 4294 2812 4347 Fias
2839 4293 2967 4348 mihi
2999 4294 3050 4347 in
3101 4292 3267 4347 Deum
3298 4299 3571 4361 protecta-

2005 4403 2115 4444 rem
2152 4389 2227 4455 ³³;
2260 4408 2278 4440 ι
2309 4398 2363 4443 et
2385 4403 2604 4441 rursum
2643 4401 2653 4433 ε
2695 4404 2714 4437 ι
2765 4386 2963 4441 Factus
2997 4395 3079 4440 est
3141 4386 3267 4439 mihi
3329 4386 3381 4439 in
3424 4385 3570 4439 salu-

2004 4487 2109 4534 tem
2135 4479 2202 4532 “.
2240 4498 2258 4530 ι
2294 4477 2444 4544 Quod
2474 4478 2518 4531 si
2559 4478 2625 4531 de
2654 4475 2791 4531 Filio
2838 4477 2949 4530 haec
2997 4477 3139 4531 dicta
3172 4491 3290 4530 esse
3349 4484 3572 4530 conten-

2004 4570 2155 4634 dant,
2204 4570 2367 4624 etiam
2453 4569 2699 4622 nolentes
2776 4567 3114 4621 testabuntur
3160 4566 3302 4634 quod
3386 4566 3432 4618 is
3477 4565 3569 4634 qui

2000 4671 2217 4716 sanctos
2269 4646 2503 4731 protegit
2556 4669 2625 4715 et
2652 4669 2957 4718 conservat.
2982 4674 3087 4713 non
3110 4660 3178 4713 sit
3201 4657 3440 4725 ejusdem
3473 4671 3570 4710 na-

2005 4763 2136 4809 tura:
2169 4769 2289 4807 cum
2348 4753 2663 4816 creaturis;
2711 4768 2832 4806 cum
2880 4753 3010 4822 ipsis
3066 4750 3329 4818 refugium
3404 4756 3570 4815 atque

2002 4845 2242 4899 defensio
2275 4859 2394 4899 esse
2423 4854 2697 4900 cernatur.
2729 4843 2842 4899 lloc
2865 4845 3015 4899 enim
3065 4843 3164 4897 soli
3235 4841 3344 4896 Deo
3371 4855 3570 4896 conve-

2003 4938 2104 4991 nit.

2003 5047 2231 5111 ALIUD,
2264 5049 2400 5116 quod
2430 5050 2482 5101 in
2509 5049 2602 5102 illo
2632 5049 2772 5101 dicta
2792 5066 2811 5112 ;
2874 5064 2894 5098 ι
2941 5047 3105 5101 Tanto
3168 5046 3356 5099 melior
3394 5044 3569 5113 factus

2071 5131 2146 5174 est
2172 5120 2392 5188 angelis,
2433 5137 2451 5170 ι
2486 5120 2693 5172 verbum
2719 5136 2738 5169 ι
2779 5119 2950 5186 factus
2984 5129 3061 5171 est
3104 5135 3121 5167 ι
3164 5133 3267 5170 non
3305 5117 3367 5170 de
3395 5131 3569 5170 euen-

2067 5191 2139 5243 εἰσ
2179 5189 2571 5257 intelligendum
2591 5197 2687 5242 est.

2071 5303 2126 5356 Si
2165 5320 2182 5354 ι
2233 5302 2523 5369 [σοιυςξοει
2554 5319 2572 5354 ι
2619 5316 2832 5369 semper
2868 5301 3089 5356 omnino
3145 5299 3413 5369 signiﬁcat
3467 5298 3569 5355 ali-

2001 5395 2128 5464 quid
2157 5409 2184 5445 a
2217 5393 2384 5448 nihilo
2418 5392 2483 5446 ad
2519 5407 2638 5447 esse
2671 5393 3015 5457 translatum,
3047 5403 3098 5447 et
3130 5408 3345 5462 semper
3376 5407 3437 5447 ea
3465 5407 3570 5447 vox

393 5541 629 5615 "llebr.
661 5558 698 5607 ι,
741 5543 794 5600 5.
871 5545 918 5576 ’⁸
949 5544 1136 5615 Matth.
1179 5562 1250 5611 Iv,
1293 5548 1379 5602 ll.
1457 5548 1524 5579 "‘
1554 5547 1695 5603 Psal.
1729 5564 1885 5615 χχιιι,
1920 5549 2073 5604 7-l0.
2151 5550 2194 5579 "
2221 5548 2375 5600 Joan.
2407 5563 2462 5614 ιι,
2493 5546 2582 5601 30.
2659 5548 2702 5579 ’⁸
2729 5546 2881 5602 Juan.
2913 5563 3026 5612 xw,
3052 5548 3104 5602 9.
3180 5551 3226 5580 ¹⁹
3261 5548 3416 5604 Joan.
3452 5558 3560 5606 va,

324 5613 415 5666 15.
490 5613 535 5643 ³ο
562 5611 721 5668 Joan.
760 5614 995 5678 vm,12.
1068 5616 1109 5646 ⁸¹
1147 5615 1303 5672 Joan.
1349 5633 1425 5677 xi.
1455 5617 1542 5672 25.

1621 5619 1664 5651 "
1693 5616 1850 5673 Joan.
1878 5635 1990 5684 xlv,
2031 5621 2120 5674 15.
2197 5619 2240 5651 ⁸⁸
2282 5617 2422 5673 Psal.
2456 5633 2581 5681 us,
2611 5618 2663 5672 5.
2739 5619 2784 5651 ”
2815 5618 2958 5677 Psal.
2991 5634 3159 5678 cxvn.
3199 5619 3265 5672 ll
