4106 6204
430 202 539 258 555

1469 183 1528 239 S.
1568 173 1842 235 CYRILLI
1881 166 2352 226 ALEXANDRINI
2391 166 2709 222 ARCHIEP.

3581 155 3689 220 5'56

431 322 501 380 de
527 317 826 379 substantia
852 311 1201 386 intelligenda
1227 317 1344 374 est;
1379 303 1703 376 quibusnam
1737 294 1873 350 dixit
1901 289 2000 386 Pa-
2033 340 2034 346 η

2134 313 2201 382 ῆς
2231 312 2417 376 οὐσίας
2455 313 2489 383 ἡ
2533 309 2673 376 λέξις
2710 290 2987 375 τάττεται,
3014 308 3155 360 τίσιν
3181 298 3376 373 ’ἔλεγεν
3403 305 3431 356 δ
3464 303 3689 374 Σωτήρ·

432 422 519 470 ter
551 427 565 462 :
599 428 616 462 ι
661 405 829 464 Fiatis
852 383 1228 461 misericordes
1247 400 1389 454 sicut
1410 394 1570 448 Pater
1608 395 1788 443 vester
1839 383 2002 436 coele-

437 505 536 562 stis
568 500 881 558 misericors
916 506 999 553 est
1027 495 1110 547 “‘l
1145 510 1162 546 ι
1215 490 1274 544 Si
1332 485 1477 542 enim
1530 488 1688 536 erant
1716 477 1828 547 jam
1854 473 1892 529 ii
1939 471 2007 526 ad

435 609 575 667 quos
607 609 786 650 sermo
816 591 906 646 ille
953 587 1171 644 habitus
1228 580 1352 642 fuit,
1413 571 1683 667 quomodo
1739 568 2004 667 haac‘v-ox,

437 656 837 758 fieri,‘semper
875 681 1145 753 signiticet
1189 669 1585 728 traductionem
1607 664 1674 720 ad
1711 659 1866 718 esse?
1907 656 2012 712 Ne-

435 747 542 850 que
574 747 806 833 enimid
834 747 975 840 quod
1015 770 1125 839 jam
1171 773 1274 827 est,
1312 760 1405 817 sed
1467 756 1612 827 quod
1657 768 1765 807 non
1815 758 1918 850 est,
1944 747 2011 801 ad

437 841 559 926 esse
590 866 912 926 traducitur.
944 862 1000 915 Si
1069 865 1250 914 autem
1277 854 1421 923 ﬁeri,
1447 864 1572 906 cum
1600 847 1667 901 de
1715 845 1879 900 rebus
1901 841 2011 910 jam

439 954 1064 1016 exsistentibusdicitur.
1123 955 1230 1005 n'on
1288 944 1501 1000 initium
1568 938 1834 1009 quoddam
1871 931 2015 989 exsi-

440 1051 620 1107 stendi
652 1051 706 1103 in
734 1046 868 1116 ipsis
896 1043 1186 1114 signiﬁcat,
1221 1038 1315 1094 sed
1341 1035 1520 1106 potius
1540 1030 1889 1087 mutationem
1918 1021 2019 1077 ali-

445 1139 598 1208 cujus
626 1139 680 1193 in
706 1114 938 1204 aliquid,
976 1132 1121 1189 nulla
1160 1137 1309 1186 certe
1355 1124 1497 1183 ratio
1529 1130 1687 1192 coget
1709 1128 1769 1173 ut
1791 1117 1846 1172 in
1879 1114 2016 1208 Filio

443 1203 557 1295 Dei,
624 1246 644 1281 ε
703 1203 883 1285 lactus
925 1233 1026 1289 est,
1101 1237 1121 1274 ι
1191 1217 1486 1276 essentiam
1573 1211 1742 1282 ipsius
1813 1203 2021 1278 signiti-

441 1329 547 1377 cet.

647 1462 813 1532 κιο
882 1421 1153 1512 ASSE
1176 1412 1461 1507 BT10
1535 1410 1802 1501 XXI.

2113 423 2130 454 ι
2164 403 2383 456 Γίνεσθε
2428 405 2789 474 οἰκτίρμονες,
2832 400 3014 463 καθὼς
3056 399 3150 454 καὶ
3178 401 3219 468 ,ὁ
3252 398 3443 467 Πατὴρ
3478 395 3631 465 ὑμῶν
3657 395 3678 428 ³

2107 494 2356 565 οὐράνιος
2387 493 2686 565 οἰκτίρμων
2716 491 2889 557 ὲστίν;
2929 509 2948 542 ι
2977 490 3040 542 Εἰ
3071 491 3167 560 μὲν
3191 482 3283 541 οὖν
3317 487 3560 555 ὑπῆρχον
3588 483 3688 553 ἤδη

2110 585 2246 656 πρὸς
2272 584 2365 648 οὒς
2386 580 2454 655 ἦν
2479 587 2510 638 ὁ
2541 583 2715 652 λόγος,
2751 583 2865 646 πῶς
2900 580 2965 636 ἂν
2997 580 3250 652 σημαίνοι
3281 579 3495 638 πάντως
3523 575 3582 628 τὸ
3606 574 3693 644 τί·

2110 681 2324 732 νεσθαι
2353 677 2451 748 τὴν
2484 678 2565 739 είς
2591 674 2652 728 τὺ
2693 671 2834 728 εἶναι
2866 672 3134 743 πάροδον;
3175 671 3248 725 Οὐ
3285 669 3392 740 γὰρ
3416 668 3480 721 ἂν
3515 667 3689 735 δήπου

2112 772 2173 824 τὸ
2206 771 2306 840 ήδη
2341 769 2400 822 ὃν
2423 769 2504 832 είς
2541 768 2602 821 τὸ
2629 762 2770 820 εἶναι
2799 767 3036 837 φέροιτο,
3073 764 3209 818 ἀλλὰ
3237 761 3299 815 τὸ
3334 762 3408 832 μὴ
3439 759 3517 811 ὃν.
3543 757 3614 811 Et
3636 757 3693 810 δὲ

2115 863 2259 916 κατὰ
2285 861 2394 915 τῶν
2437 861 2606 914 ὄντων
2638 860 2699 912 τὸ
2743 861 3016 929 τίνεσθαι
3061 856 3336 926 κείμενον,
3380 853 3480 904 οὐκ
3520 850 3694 919 ἀρχήν

2115 971 2238 1008 τινα
2271 951 2528 1024 σημαίνει
2557 951 2658 1021 τῆς
2699 950 2986 1022 ὑπάρξεως
3020 947 3248 1010 τούτων,
3279 943 3414 998 ἀλλὰ
3446 941 3546 1010 τὴν
3587 939 3696 992 ἀπό

2117 1061 2262 1107 τινος
2301 1044 2380 1106 είς
2424 1061 2476 1096 τι
2505 1042 2834 1114 μεταϐολὴν,
2858 1041 3034 1104 οὐδεὶς
3078 1038 3381 1108 ἀναγκάσει
3409 1033 3563 1100 λόγος
3603 1032 3697 1083 ἐπὶ

2118 1136 2212 1189 τοῦ
2241 1135 2372 1188 Υίοῦ
2415 1135 2508 1189 τοῦ
2539 1135 2698 1201 Θεοῦ,
2724 1134 2784 1188 τὸ
2815 1153 2834 1186 ί
2883 1133 3176 1203 γενόμενος
3211 1149 3230 1182 ι
3263 1128 3362 1199 τῆς
3411 1123 3699 1193 ὑπάρξεως

2122 1221 2261 1280 εἶναι
2296 1226 2652 1297 σημαντικόν.

2594 1412 2957 1500 ΛΟΓΟΣ
3030 1411 3183 1496 ΚΑ
3205 1469 3227 1491 .

447 1574 514 1629 In
547 1574 743 1653 dictum
769 1571 904 1624 illud
923 1568 1157 1653 A‘posotoli
1179 1583 1197 1620 :
1231 1585 1258 1653 ι
1278 1555 2023 1653 ρσιιξίάςςαιεᾏαροειριιέηιριξξ

2134 1573 2225 1639 Εἰς
2246 1571 2339 1653 ,τὸ
2369 1568 2740 1653 ῥητὸνΔτοῦ
2779 1568 3177 1653 Ἀ’πορντόλορ·
3221 1583 3242 1616 ι
3277 1564 3705 1653 ξατςινοῄσᾳτε

511 1622 1183 1714 confessionis
1234 1645 1426 1689 nostra:
1467 1622 1686 1714 letum,
1723 1627 1811 1697 qui
1854 1622 2024 1714 ξιιιὲέῇ

2134 1622 2330 1714 labar:
2351 1622 2851 1714 ἀᾷὂὰὲρλὸίκαζ
2894 1637 3193 1714 ἀρχιερέιζ
3232 1635 3343 1702 τῆς
3363 1622 3707 1714 ,ὁμολογίας

513 1691 1112 1780 est-ei'qu‘iﬂfecitipsum
1141 1707 1223 1757 "z
1255 1725 1272 1757 ι
1299 1719 1366 1757 ea:
1390 1691 1894 1772 quoinfertur'quod
1927 1691 2021 1744 Fi-

516 1783 618 1835 lius
653 1797 753 1834 non
780 1783 850 1832 ait
885 1794 1034 1846 opus,
1070 1786 1158 1829 aut
1177 1783 1441 1829 creatura.

522 1958 579 2013 Si
610 1956 781 2011 Filius
810 1961 894 2010 est
943 1959 1218 2013 creatura,
1267 1959 1493 2002 necesse
1533 1951 1620 2000 est
1663 1938 1823 1994 fateri
1854 1939 2028 2007 ipsum

451 2051 614 2107 etiam
648 2062 769 2103 esse
792 2060 957 2100 unum
983 2041 1184 2106 aliquid
1210 2038 1276 2094 ex
1303 2037 1556 2094 omnibus
1579 2072 1593 2099 ,
1624 2045 1801 2103 neque
1827 2029 2030 2084 habere

454 2140 672 2196 deitatis
702 2134 1137 2208 prterogativam,
1175 2129 1428 2184 nimirum
1465 2138 1678 2194 semper
1733 2122 2022 2176 exsistere.

453 2232 586 2288 Atsi
613 2233 716 2286 hoc
746 2242 934 2282 verum
962 2233 1066 2291 est,
1102 2223 1283 2278 omnia
1311 2229 1491 2274 autem
1563 2217 1708 2270 facta
1751 2221 1878 2268 sunt
1934 2222 2032 2281 per

455 2324 676 2387 Filium,
713 2328 770 2375 et
790 2319 909 2374 sine
940 2317 1056 2386 ipso
1085 2313 1290 2368 factum
1316 2320 1399 2366 est
1444 2307 1580 2364 nihil
1621 2306 1701 2372 ";
1727 2318 1857 2374 ergo
1890 2303 2030 2357 Ver-

456 2416 584 2470 bum
637 2413 875 2482 seipsum
907 2417 1075 2464 creat.
1102 2405 1211 2461 Sed
1265 2418 1375 2473 quo
1397 2410 1553 2473 pacto
1578 2397 1750 2470 possit
1785 2396 1840 2450 id
1891 2394 2033 2464 quod

458 2508 695 2564 nondum
724 2503 957 2568 exsistit,
988 2501 1225 2569 seipsum
1248 2496 1316 2551 ad
1341 2509 1463 2550 esse
1501 2487 1824 2547 traducere?
1855 2488 1926 2540 At
1986 2483 2033 2540 si

456 2603 563 2659 hoc
632 2596 969 2668 impossibile
1021 2603 1149 2658 est,
1184 2606 1292 2648 non
1349 2597 1433 2645 est
1495 2587 1662 2658 igitur
1691 2583 1863 2639 Filius
1892 2595 2033 2635 unus

458 2709 526 2750 ex
549 2691 828 2756 omnibus,
861 2702 948 2755 ne,
977 2687 1024 2744 si
1057 2683 1310 2740 omnibus
1334 2686 1746 2742 annumeretur,
1780 2688 1936 2731 suum
1959 2672 2038 2743 ip-

459 2786 572 2841 sius
602 2797 737 2854 opus
761 2794 884 2838 esse
925 2779 1189 2834 videatur.

1125 2886 1287 2943 ALIU
1300 2887 1365 2943 D.

2195 1711 2364 1780 ἡμῶν
2405 1711 2657 1777 Ἰησοῦν,
2680 1709 2899 1780 πιστὸν
2928 1705 3073 1760 ὄντα
3110 1705 3202 1780 μῖῴ
3238 1705 3557 1780 πξοιήοναντι
3598 1707 3708 1780 αὐτ

2196 1773 2302 1835 ’ὧν
2321 1795 2335 1809 ·
2379 1799 2397 1831 ι
2437 1773 2503 1832 το
2533 1779 2602 1832 δὲ
2629 1773 3068 1848 συναγόμενον,
3100 1774 3189 1828 ὅτι
3218 1777 3289 1827 οὐ
3315 1776 3541 1843 ποίημα
3566 1773 3708 1826 οὐδὲ

2197 1851 2418 1920 κτίσμα
2447 1853 2478 1903 ό
2508 1850 2656 1914 Υἱός.

2199 1968 2264 2021 EI
2303 1965 2515 2036 ποίημά
2540 1965 2690 2017 ἐστιν
2719 1965 2747 2016 ὁ
2775 1961 2928 2025 Υίδς,
2959 1959 3019 2013 ἓν
3043 1977 3096 2012 τι
3124 1959 3218 2013 καὶ
3245 1956 3408 2010 αὑτὸν
3436 1951 3574 2009 εἶναι
3601 1955 3710 2006 τῶν

2131 2060 2350 2114 πάντων
2381 2058 2595 2126 ἀνάγκη
2632 2053 3082 2126 προσομολογεῖν,
3117 2051 3217 2104 οὐκ
3241 2050 3432 2119 ἔχοντα
3464 2046 3563 2116 τῆς
3589 2045 3710 2097 θεόι

2132 2165 2292 2218 τητος
2315 2147 2375 2199 τὸ
2406 2144 2703 2215 ἐξαίρετον,
2744 2145 2804 2196 τὸ
2829 2143 2937 2215 est
2969 2137 3132 2206 εἷναι,
3174 2139 3338 2210 φημί.
3376 2139 3440 2191 EI
3471 2137 3527 2190 δὲ
3553 2136 3712 2189 τοῦτο

2133 2240 2347 2310 ἀληθὲς,
2391 2239 2566 2292 πάντα
2594 2239 2652 2290 δὲ
2682 2238 2873 2306 γέγονε
2910 2235 2978 2290 δι’
3017 2233 3170 2297 Υίοῦ,
3201 2235 3298 2286 καὶ
3329 2232 3500 2302 χωρὶς
3544 2229 3710 2283 αὑτοῦ

2133 2328 2350 2397 ἐγένετο
2368 2327 2488 2380 οὐδὲ
2514 2326 2592 2389 ἓν,
2627 2325 2820 2378 ἑαυτὸν
2843 2325 2872 2377 ὁ
2895 2324 3066 2392 Λόγος
3091 2321 3430 2391 δημιουργεῖ.
3464 2317 3573 2370 Καὶ
3597 2315 3713 2377 πῶς

2136 2421 2202 2474 ἂν
2230 2419 2497 2488 ἐνδέχοιτο
2523 2417 2688 2488 μήπω
2718 2415 2796 2481 ὃν,
2841 2413 2998 2468 ὲαυτδ
3033 2412 3304 2484 παράγειν
3338 2411 3417 2471 είς
3442 2407 3503 2459 τὸ
3531 2401 3668 2458 εἶναι
3695 2417 3712 2468 ;

2136 2514 2198 2566 Ei
2219 2512 2276 2564 δὲ
2306 2511 2463 2564 τοῦτο
2495 2509 2775 2574 ἀδύνατον,
2807 2509 2907 2560 οὐκ
2945 2506 3054 2578 ἄρα
3089 2505 3146 2558 ἓν
3183 2504 3292 2557 τῶν
3327 2503 3544 2556 πάντων
3567 2498 3714 2551 ἐστὶν

2136 2605 2165 2656 ὁ
2193 2606 2342 2670 Υἱὸς,
2375 2605 2462 2659 ἴνα
2513 2603 2587 2675 μὴ
2630 2607 2742 2668 τοῖς
2784 2604 2919 2656 πᾶσι
2959 2598 3479 2671 συναριθμούμενος,
3522 2591 3713 2647 ἑαυτοῦ

2139 2696 2402 2767 φαίνηται
2431 2695 2664 2765 ποίημα.

2823 2893 3027 2950 AAAO.

2062 2953 2109 3014 ϐ

539 3008 596 3064 Si
637 3007 812 3064 Filius
844 3014 930 3063 est
953 3011 1206 3061 creatura
1236 3019 1250 3058 :
1281 3008 1507 3056 vocatur
1533 3008 1710 3052 autem
1740 3003 1795 3049 et
1840 3002 1924 3049 est
1952 3007 2034 3047 sa-

2215 3010 2277 3062 Εἰ
2306 3007 2514 3078 ποίημα
2542 3007 2688 3060 ἐστιν
2717 3008 2745 3060 ὁ
2766 3006 2913 3070 Υίὺς,
2948 3005 3190 3060 καλεῖται
3214 3006 3274 3058 δὲ
3299 3004 3393 3059 καὶ
3416 3004 3534 3058 ἔστι
3557 3003 3734 3074 σοφία

465 3102 669 3174 pientia
689 3100 866 3155 Patris
884 3099 950 3164 ³⁸,
973 3099 1066 3168 qui
1097 3095 1278 3153 omnia
1300 3094 1352 3148 in
1372 3091 1638 3162 sapientia
1662 3089 1792 3144 fecit
1809 3087 1852 3119 ⁸⁸
1875 3106 1889 3142 :
1911 3101 2034 3155 ergo

2141 3101 2234 3154 τοῦ
2266 3101 2496 3170 Πατρδς,
2525 3100 2583 3163 ὂς
2624 3099 2803 3152 πάντα
2849 3101 2907 3151 ἐν
2941 3099 3102 3170 σοφίᾳ
3140 3099 3417 3170 ἐποίησεν,
3463 3097 3660 3168 ἑαυτὴν
3684 3096 3718 3165 ἡ

465 3192 728 3263 sapientia
754 3191 989 3260 seipsam
1010 3189 1159 3245 fecit.
1183 3189 1255 3242 At
1280 3186 1325 3242 si
1355 3186 1459 3240 hoc
1487 3182 1777 3237 absurdum
1795 3188 1902 3245 est,
1933 3193 2034 3233 non

2144 3194 2306 3262 σοφία
2331 3195 2490 3247 ποιεῖ.
2524 3192 2586 3244 Et
2617 3193 2673 3245 δὲ
2713 3192 2872 3246 τοῦτο
2903 3193 3124 3255 ἄτοπον,
3155 3191 3256 3245 οὐκ
3293 3190 3409 3243 ἔστι
3452 3189 3663 3259 ποίημα
3690 3191 3720 3239 ό

466 3292 551 3339 est
574 3297 702 3352 ergo
726 3291 974 3336 creatura
1014 3277 1207 3342 Filius,
1258 3276 1360 3331 hoc
1393 3281 1496 3341 est,
1533 3270 1797 3343 sapientia
1842 3267 2034 3334 Patris,

2146 3287 2293 3348 Υἱὸς,
2322 3284 2619 3348 τουτέστιν,
2648 3286 2681 3355 ἠ
2714 3285 2876 3354 σοφία
2907 3284 3002 3338 τοῦ
3038 3284 3267 3355 Πατρδς,
3303 3285 3389 3336 ἵνα
3424 3283 3500 3354 μὴ
3524 3281 3720 3350 ἑαυτὴν

471 3389 538 3430 ne
559 3374 792 3443 seipsam
817 3385 1034 3427 creasse
1065 3371 1295 3425 dicatur.

2147 3376 2470 3449 ἐργάζηται.

1146 3481 1375 3539 ALIUD.

540 3577 597 3632 Si
625 3575 793 3631 Filius
818 3585 903 3631 est
931 3574 1139 3640 lactus;
1165 3583 1388 3630 vocatur
1417 3579 1597 3627 autem
1624 3579 1680 3627 et
1698 3578 1783 3627 est
1804 3569 2034 3641 potentia

2217 3583 2280 3635 Εἰ
2309 3582 2535 3651 γέγονεν
2557 3582 2598 3650 ,ὁ
2628 3581 2776 3645 Υἱὸς,
2817 3580 3063 3634 καλεῖται
3108 3578 3166 3631 δὲ
3197 3578 3291 3632 καὶ
3329 3577 3442 3630 ἔστι
3474 3575 3610 3629 Θεοῦ
3633 3575 3726 3628 δύο

471 3680 527 3725 ει
577 3668 840 3737 sapientia
879 3668 969 3722 Dei
994 3669 1089 3718 δοε
1134 3665 1234 3721 fuit
1274 3679 1402 3734 ergo
1461 3672 1674 3732 tempus
1725 3661 1941 3732 aliquod
1967 3659 2034 3731 |in

2148 3691 2315 3744 ναμις
2340 3674 2432 3726 καὶ
2455 3672 2590 3726 Θεοῦ
2646 3672 2827 3739 σοφία,
2869 3666 2937 3742 ἦν
2981 3671 3091 3741 ἄρα
3134 3671 3348 3741 χρόνος,
3392 3670 3451 3722 ὲν
3479 3661 3631 3739 ᾧπερ
3655 3664 3725 3736 ἦν

471 3777 578 3831 quo
612 3760 750 3816 Deus
783 3761 1021 3830 potentia
1048 3768 1102 3815 et
1129 3759 1390 3829 sapientia
1420 3757 1592 3812 caruit
1618 3773 1634 3824 ;
1658 3756 1910 3810 nimirum
1938 3769 2034 3808 non

2148 3763 2350 3832 ἄσοφός
2379 3781 2440 3816 τε
2471 3764 2565 3815 καὶ
2601 3761 2862 3824 ἀδύνατος
2893 3763 2922 3812 ὁ
2946 3761 3101 3826 Θεὸς,
3147 3763 3248 3815 οὐκ
3278 3761 3426 3822 ὄντος
3470 3758 3623 3812 Υἱοῦ.
3651 3757 3728 3810 Τδ

472 3853 764 3907 exsistente
786 3851 942 3906 Filio.
969 3852 1231 3907 Creatura
1263 3855 1407 3905 enim
1439 3866 1503 3904 ex
1526 3864 1590 3903 eo
1619 3848 1762 3918 quod
1815 3863 1919 3902 non
1965 3855 2034 3898 est

2149 3857 2258 3924 γὰρ
2284 3855 2498 3924 ποίημα
2527 3853 2742 3917 πάντως
2779 3855 2841 3906 ὲκ
2870 3853 2962 3907 τοῦ
3009 3855 3085 3928 μὴ
3109 3855 3260 3919 ὄντος
3290 3855 3520 3919 γίνεται.
3556 3851 3727 3920 Σοφδς

474 3945 554 4001 lit.
580 3947 648 3998 At
686 3943 843 3998 Pater
878 3959 1090 4013 semper
1110 3953 1229 3998 erat
1287 3943 1504 4011 sapiens
1551 3949 1604 3995 et
1649 3949 1862 4009 potens.
1918 3937 2034 3990 Erat

2148 3947 2204 4000 δὲ
2232 3942 2299 4017 ἦν
2316 3944 2405 3998 ἀεὶ
2433 3947 2528 3998 καὶ
2572 3945 2797 4008 δυνατὸς
2829 3945 2858 3998 ὁ
2885 3947 3094 4018 Πατήρ.
3126 3941 3235 3999 Ἦν
3262 3944 3370 4016 ἄρα
3398 3945 3490 3998 καὶ
3517 3940 3643 4006 Υἱὸς
3669 3941 3727 4004 ὃς

475 4037 655 4106 itaque
676 4047 730 4091 et
766 4035 937 4090 Filius
977 4036 1066 4106 qui
1107 4036 1221 4089 haec
1245 4035 1344 4102 ipsi
1381 4040 1484 4086 est.

2148 4037 2322 4092 ταῦτά
2348 4037 2494 4090 ἐστιν
2520 4035 2686 4107 αὐτῷ.

2829 3488 3030 3541 ΔΛΛΟ.

1146 4142 1379 4200 ALIUD.

1146 4143 1379 4200 ALIUD.

549 4241 604 4296 Si
645 4240 815 4295 Filius
836 4249 918 4294 est
950 4247 1221 4303 creatura,
1255 4249 1382 4290 vere
1410 4243 1587 4289 autem
1647 4232 1775 4287 dicit
1804 4250 1816 4285 :
1867 4249 1886 4283 ι
1946 4227 2047 4297 Qui

474 4333 610 4387 vidit
647 4347 754 4395 me,
780 4331 916 4385 vidit
944 4329 1158 4385 Patrem
1197 4300 1374 4384 meum
1407 4327 1508 4389 “,i
1542 4325 1595 4379 in
1620 4331 1867 4379 creatura
1895 4336 2050 4392 appa—
2078 4300 2126 4356 Ῑ)

477 4436 560 4481 ret
593 4426 772 4492 imago
814 4423 1012 4487 Patris,
1045 4420 1325 4492 archetypi
1353 4419 1467 4472 sive
1519 4414 1844 4484 exemplaris
1867 4414 1948 4468 sui
1980 4413 2053 4468 si-

479 4517 836 4573 militudinem
860 4514 1123 4571 referens.
1159 4513 1310 4581 Quod
1342 4513 1387 4566 si
1441 4511 1515 4565 ita
1543 4518 1648 4574 est,
1682 4507 1826 4562 nulla
1859 4516 1942 4563 est
1967 4506 2052 4560 in-

480 4620 564 4662 ter
584 4618 890 4664 creaturam
915 4615 971 4662 et
1004 4606 1173 4660 Deum
1195 4603 1536 4668 diﬂ‘erentia;
1569 4602 1676 4654 imo
1724 4615 1856 4654 vero
1887 4599 2055 4655 etiam

482 4702 596 4769 ipse
625 4701 731 4755 erit
761 4710 1032 4755 creatura.
1062 4697 1225 4767 Atqui
1257 4697 1302 4752 si
1327 4704 1574 4751 creatura
1597 4709 1701 4749 non
1729 4703 1831 4760 est,
1890 4707 2056 4762 appa-

482 4802 754 4847 retautem
793 4802 936 4846 totus
958 4791 1011 4845 in
1039 4790 1205 4854 Filio;
1244 4805 1350 4843 non
1381 4796 1465 4843 est
1499 4802 1628 4858 ergo
1653 4795 1901 4843 creatura
1959 4783 2053 4840 Fi-

481 4883 585 4938 lius
611 4885 700 4953 qui
727 4894 810 4939 est
828 4884 1005 4953 imago
1036 4883 1238 4938 Patris.

1141 4995 1371 5054 ALIUD.

555 5090 805 5161 SiFilins
832 5117 917 5162 est
942 5118 1213 5173 creatura,
1252 5124 1374 5163 cum
1411 5107 1573 5164 Pater
1599 5108 1774 5163 factus
1801 5123 1905 5164 non
1939 5108 2010 5164 sit
2038 5125 2052 5163 :

457 5195 614 5266 dicit
631 5213 760 5253 vero
787 5201 853 5254 de
879 5200 1089 5269 seipse:
1131 5219 1149 5251 ι
1191 5202 1288 5266 Qui
1321 5201 1454 5254 vidit
1484 5215 1590 5264 me,
1624 5201 1754 5254 vidit
1781 5199 2050 5265 Patrem,»

483 5289 754 5355 quomodo
782 5290 836 5344 in
864 5305 930 5345 eo
960 5292 1101 5361 quod
1143 5292 1300 5361 211
1373 5302 1611 5346 creatum
1677 5302 1780 5358 est,
1809 5291 1860 5346 id
1913 5292 2055 5361 quod

483 5388 728 5434 creatum
755 5396 858 5436 non
888 5391 972 5437 est
989 5385 1302 5440 omnimodo
1329 5384 1646 5454 apparebit?
1669 5386 1730 5440 Et
1757 5386 1802 5439 si
1837 5394 2075 5440 creatu-'

2842 4153 3046 4208 AAAO.

2223 4243 2286 4296 EI
2324 4242 2536 4315 ποίημά
2574 4245 2720 4298 ἐστιν
2744 4245 2774 4297 ὁ
2802 4245 2951 4309 Υἱὸς,
2979 4245 3127 4313 λέγει
3159 4244 3216 4298 δὲ
3253 4243 3533 4316 ἀληθεύων
3555 4256 3570 4271 '
3610 4261 3630 4294 ι
3671 4242 3728 4296 '0

2156 4333 2416 4406 ἑωρακὼς
2451 4335 2574 4405 ἐμὲ,
2622 4335 2834 4407 ἑώρακε
2877 4336 2969 4388 τὸν
3016 4335 3256 4405 Πατέρα·
3291 4355 3309 4387 ι
3363 4336 3421 4388 ὲν
3453 4337 3518 4404 τῇ
3555 4331 3732 4386 κτίσει

2155 4426 2402 4496 φαίνεται
2436 4426 2526 4480 τοῦ
2557 4427 2768 4499 Πατρὸς
2801 4429 2834 4498 ἡ
2884 4427 3068 4491 εἰκὼν,
3106 4427 3306 4498 ἔχουσα
3333 4426 3431 4498 τὴν
3474 4424 3734 4497 ὁμοίωσιν

2155 4517 2293 4590 πρὸς
2321 4519 2384 4571 τὸ
2410 4518 2737 4590 ἀρχέτυπον.
2769 4517 2833 4572 Εἰ
2857 4518 2914 4571 δὲ
2952 4517 3130 4581 τοῦτο,
3170 4518 3322 4571 οὐδὲν
3361 4520 3419 4571 ὲν
3447 4519 3516 4588 τῇ
3555 4515 3732 4569 κτίσει

2155 4612 2252 4666 καὶ
2287 4610 2365 4682 τῷ
2392 4609 2512 4680 Θεῷ
2542 4610 2603 4662 τὸ
2622 4609 2906 4681 διάφορον
2935 4609 3086 4663 ἔσται
3111 4609 3167 4662 δὲ
3191 4608 3404 4680 ποίημα
3432 4609 3526 4661 καὶ
3547 4606 3730 4668 αὑτός.

2156 4703 2221 4756 Εἰ
2247 4701 2305 4755 δὲ
2333 4702 2435 4755 οὐκ
2458 4700 2574 4755 ἐστι
2613 4701 2842 4770 ποίημα,
2875 4701 3124 4769 φαίνεται
3148 4699 3204 4752 δὲ
3229 4699 3347 4762 δλος
3379 4700 3438 4752 ὲν
3470 4695 3606 4768 Υίῷ,
3635 4696 3738 4750 οὐκ

2156 4797 2268 4868 ἄρα
2296 4794 2509 4866 ποίημά
2529 4795 2674 4847 ἐστιν
2704 4795 2732 4847 ὁ
2754 4793 2881 4856 Υἱὸς
2906 4795 2940 4862 ἡ
2964 4791 3130 4846 εἰκὼν
3149 4791 3242 4845 τοῦ
3269 4790 3503 4863 Πατρός.

2842 4995 3048 5048 ΑΛΛΟ.

2233 5113 2296 5165 Εἰ
2345 5110 2556 5182 ποίημά
2595 5107 2790 5161 ἐστινὸ
2821 5107 2970 5171 Υἱὸς,
3017 5105 3110 5160 τοῦ
3148 5103 3361 5176 Πατρδς
3388 5103 3450 5157 οὐ
3485 5099 3742 5168 ποιηθέν-

2163 5220 2274 5267 τος,
2304 5203 2450 5270 λέγει
2485 5203 2542 5255 δὲ
2583 5201 2712 5272 περὶ
2759 5198 2956 5252 ἑαυτοῦ
2977 5215 2991 5229 ·
3025 5216 3045 5249 ι
3101 5197 3161 5249 '0
3207 5193 3469 5267 ἑωρακὼς
3499 5191 3619 5262 ἐμὲ,
3643 5188 3740 5241 ὲὼ-

2167 5312 2300 5368 ρακε,
2328 5294 2419 5348 τὸν
2463 5292 2701 5362 Πατέρα·
2741 5310 2758 5340 ι
2805 5290 2922 5354 πῶς
2972 5291 3031 5343 ὲν
3072 5287 3149 5358 τῷ
3183 5287 3540 5357 πεποιημένῳ
3575 5283 3636 5335 τὸ
3666 5281 3745 5351 μὴ

2166 5385 2388 5455 ποιηθὲν
2420 5381 2856 5454 ἀπαραλλάκτως
2881 5380 3158 5451 φανεῖται;
3191 5378 3304 5433 Καὶ
3329 5377 3376 5429 εί
3405 5375 3617 5445 ποίημα
3645 5370 3744 5435 ὣν,

560 5533 605 5609 '_'
645 5534 772 5589 Luc.
815 5537 1020 5609 ",736.
1098 5538 1142 5569 ³⁸
1185 5539 1346 5594 llebr.
1385 5555 1466 5603 ιιι,
1505 5539 1555 5609 I,
1590 5539 1646 5592 ‘2.
1721 5539 1763 5573 ³⁷
1805 5538 1958 5595 .Ioan.
2003 5556 2034 5609 ι,

2208 5540 2250 5572 ³⁸
2284 5539 2302 5593 I
2331 5538 2454 5595 Cor.
2492 5552 2531 5603 ι,
2554 5536 2644 5592 24.
2725 5539 2767 5570 ³⁹
2796 5535 2939 5593 Psal.
2972 5550 3090 5604 cm,
3117 5534 3206 5588 24.
3283 5534 3329 5566 ⁸ο
3357 5529 3529 5588 ICor.
3574 5544 3614 5596 I,
3650 5523 3744 5581 ει.

491 5609 535 5639 δ’
570 5603 725 5663 Juau.
764 5621 871 5673 xlv,
904 5608 957 5661 9.
