4036 6208
305 237 408 294 351

1699 227 2071 285 TI—iESAURU
2083 226 2142 282 S.

3445 226 3550 282 558

305 352 487 420 λέγει’
527 365 548 401 ι
593 347 660 404 '0
684 347 943 419 ἑωρακὼς
973 348 1096 419 ἐμὲ,
1126 346 1338 419 ἑώρακε
1360 348 1454 402 τὸν
1488 347 1730 418 Πατέρα,
1770 365 1788 398 ο
1825 346 1877 398 τί

1989 357 2040 396 ra
2082 355 2204 396 cum
2235 341 2324 404 sit,
2374 341 2504 397 dicit
2535 358 2549 396 :
2578 358 2598 394 ι
2631 339 2730 408 Qui
2767 340 2899 397 vidit
2930 355 3037 406 me,
3081 341 3213 397 vidit
3254 341 3490 404 Patrem,
3527 361 3546 392 ι

302 441 534 496 κωλύσει
563 440 659 492 καὶ
682 441 829 509 ἡμᾶς
858 439 1100 511 τῇ-αύτῇ
1141 439 1445 510 κεχρῆσθαι
1484 441 1658 509 φωνῇ,
1695 438 1743 490 εί
1780 455 1882 508 μη-

301 533 386 586 δὲν
416 532 600 601 ἕτερον
628 531 756 601 παρ’
785 532 932 600 ἡμᾶς
958 532 987 582 6
1013 529 1162 594 Υίός,
1199 530 1337 584 καθὸ
1369 530 1582 599 ποίημα
1601 527 1696 582 καὶ
1723 526 1883 588 αὐτὸς

303 621 492 688 ὥσπερ
523 620 714 688 ἡμεῖς
751 618 912 671 Ἀλλὰ
942 618 1100 671 τοῦτο
1137 618 1336 673 ἄτοπον
1356 634 1367 647 ·
1406 619 1467 670 ού
1506 617 1614 687 γὰρ
1647 618 1705 670 ὲν
1728 616 1885 686 ποιή-

303 725 438 778 ματι
463 706 556 760 τοῦ
583 708 657 777 μὴ
689 707 1007 775 ποιηθέντος
1030 710 1064 777 ή
1093 708 1373 779 ὁμοιότης.
1396 709 1510 762 Ούκ
1543 707 1652 779 ἄρα
1673 705 1884 776 ποίημα

299 801 328 852 6
357 799 486 863 Υἱὸς
521 800 557 869 ἡ
591 797 686 852 τοῦ
715 799 930 870 Πατρὸς
961 799 1380 871 ἀπαράλλακτος
1415 798 1602 853 εἰκών.

985 1082 1193 1138 A'AAO.

369 1191 442 1246 Εἰ
477 1191 687 1263 ποίημά
736 1194 883 1247 ἐστιν
917 1196 946 1248 6
975 1195 1124 1261 Υἱὸς,
1170 1195 1319 1265 λέγει
1359 1197 1417 1252 δὲ
1462 1199 1766 1272 ἀληθεύων,
1804 1202 1887 1256 ὅτι

306 1304 324 1336 ε
363 1285 556 1339 Πάντα
587 1286 688 1338 ὅσα
716 1286 828 1355 ἔχει
859 1289 886 1338 6
915 1288 1127 1359 Πατὴρ,
1170 1290 1281 1360 ἐμά
1321 1291 1491 1344 ἐστιν·
1531 1312 1549 1344 ι
1597 1293 1748 1347 οὐδὲν
1778 1296 1887 1364 ἄρα

300 1375 566 1445 περιττὸν
594 1378 650 1428 έν
675 1375 795 1446 Θεῷ
823 1377 918 1429 καὶ
947 1378 1264 1448 κτίσμασιν,
1297 1381 1346 1432 εί
1376 1381 1554 1435 πάντα
1595 1383 1887 1454 πρόσεστιν

297 1467 492 1529 αὐτοῖς
512 1468 610 1519 ὅσα
651 1467 744 1519 καὶ
771 1466 850 1537 τῷ
890 1470 1082 1539 Πατρί.
1129 1470 1192 1522 Et
1230 1470 1287 1524 δὲ
1321 1472 1478 1526 τοῦτο
1502 1476 1700 1528 ἄτοπον
1731 1475 1886 1542 (πολὺ

299 1560 415 1628 γὰρ
447 1559 508 1612 τὸ
540 1559 694 1611 Θεῖον
733 1559 844 1612 τῶν
869 1562 1191 1631 ποιημάτων
1226 1563 1590 1635 ἀπῴκισται),
1633 1567 1732 1620 οὑκ
1781 1567 1888 1636 ἄρα

1985 433 2112 502 quid
2132 433 2311 487 obstat
2342 435 2631 502 quominus
2661 434 2823 488 etiam
2875 449 2973 488 nos
3023 433 3212 488 eadem
3262 447 3392 487 voce
3431 443 3554 485 uta~

1987 539 2126 587 mur,
2151 524 2196 578 si
2235 525 2450 592 quidem
2493 525 2624 579 nihil
2651 525 2924 579 diversum
2951 535 3035 578 est
3079 540 3109 579 a
3163 525 3317 578 nobis
3362 533 3554 592 quate-

1986 630 2086 671 nus
2107 625 2161 670 et
2190 615 2304 685 ipse
2327 626 2570 672 creatura
2603 627 2684 670 est
2713 625 2770 669 ut
2801 617 2941 670 nos?
2975 614 3081 671 Sed
3122 617 3223 670 hoc
3260 615 3553 670 absurdum

1985 716 2108 762 est:
2146 721 2320 776 neque
2351 708 2494 762 enim
2520 707 2574 760 in
2609 721 2673 761 eo
2719 709 2860 775 quod
2884 716 3135 762 creatum
3193 706 3432 776 est,ejus
3465 705 3558 773 qui

1986 805 2205 850 creatus
2258 812 2362 851 non
2423 806 2506 851 est
2560 796 2850 850 similitudo
2897 797 3173 852 consistit.
3206 795 3322 851 Non
3352 804 3436 850 est
3459 794 3560 863 igi-

1987 896 2076 941 tur
2138 895 2385 942 creatura
2451 886 2640 954 Filius,
2709 888 2802 957 ιιιιί
2863 897 2946 943 est
3001 889 3312 944 omnimoda
3379 887 3560 940 Patris

1986 973 2187 1046 imago.

2651 1084 2812 1140 ALIU
2824 1085 2882 1140 D.

2059 1195 2116 1250 Si
2143 1194 2316 1251 Filius
2343 1206 2425 1252 est
2451 1207 2717 1260 creatura,
2735 1206 2788 1251 et
2817 1211 2942 1252 vere
2965 1197 3094 1252 dicit
3119 1214 3133 1250 :
3162 1215 3180 1248 ι
3223 1195 3414 1251 Omnia
3441 1211 3563 1266 quae

1989 1286 2154 1342 habet
2185 1285 2345 1340 Pater
2375 1303 2503 1342 imea
2541 1297 2669 1342 sunt
2697 1289 2747 1319 ι’
2778 1304 2792 1339 :
2843 1306 2860 1339 ι
2903 1287 3035 1341 nihil
3093 1288 3254 1357 igitur
3286 1301 3367 1342 est
3423 1304 3562 1358 pra:-

1989 1378 2218 1431 stantins
2252 1376 2302 1430 in
2325 1378 2430 1432 Deo
2456 1393 2614 1446 quam
2647 1379 2696 1432 in
2720 1377 3004 1441 creaturis,
3055 1376 3101 1431 si
3132 1378 3310 1431 omnia
3342 1377 3448 1432 illis
3481 1378 3564 1431 iu-

1989 1477 2114 1524 sunt
2153 1483 2273 1537 quae
2301 1469 2474 1523 Patri.
2494 1469 2563 1522 At
2589 1469 2631 1523 si
2653 1470 2754 1523 hoc
2788 1469 3082 1523 absurdum
3106 1477 3191 1522 est
3220 1467 3384 1537 (Deus
3415 1468 3562 1522 enim

1991 1557 2254 1612 immensa
2285 1557 2587 1612 diﬂ‘erentia
2622 1573 2651 1611 a
2681 1558 2944 1612 creaturis
2974 1558 3180 1627 distat),
3215 1573 3319 1611 non
3349 1567 3433 1612 est
3463 1558 3565 1625 igi-

299 1647 524 1716 ποίημά
552 1649 749 1700 ἐστινέὸ
775 1649 921 1713 Υἱὸς,
945 1643 989 1716 ᾧ
1030 1652 1207 1705 πάντα
1238 1653 1496 1720 πρόσεστι
1536 1654 1782 1724 φυσικῶς
1818 1656 1888 1711 τὰ

1992 1656 2080 1702 tur
2101 1659 2347 1704 creatura
2374 1649 2544 1704 Filius
2569 1650 2654 1704 cui
2693 1651 2870 1704 omnia
2904 1649 3089 1704 insunt
3107 1648 3423 1703 naturaliter
3447 1661 3567 1718 qua

298 1737 400 1790 τοῦ
439 1739 649 1809 Πατρὸς
681 1738 788 1793 ἴδια
821 1741 918 1793 καὶ
946 1741 1216 1814 ἐξαίρετα.

993 1856 1202 1910 ΔΛΛΟ.

371 1963 446 2017 Εἰ
471 1963 684 2036 ποίημά
706 1965 855 2020 ἐστιν
880 1967 907 2021 6
933 1966 1083 2034 Υἱὸς,
1115 1968 1190 2041 μὴ
1220 1969 1488 2026 καλείσθω
1514 1973 1702 2046 Πατὴρ
1720 1975 1886 2030 αὐτοῦ

299 2057 329 2110 6
357 2055 520 2121 Θεὸς,
569 2057 707 2110 ἀλλὰ
753 2059 952 2130 μᾶλλον
999 2061 1233 2133 ποιητὴς
1280 2062 1315 2132 ἢ
1365 2063 1717 2135 δημιουργός.
1762 2067 1890 2130 Υἱὸς

309 2145 426 2215 γὰρ
456 2145 691 2199 δεικνύει
724 2148 954 2219 πατέρα,
978 2152 1074 2202 καὶ
1105 2152 1317 2222 ποίημα
1334 2152 1424 2206 τὸν
1449 2153 1800 2225 δημιουργόν.
1827 2155 1890 2206 EI

303 2239 361 2290 δὲ
401 2237 593 2308 Πατὴρ
623 2237 866 2293 καλεῖται
890 2241 984 2294 καὶ⁸
1006 2241 1122 2295 ἐστι
1155 2243 1309 2307 Θεὸς,
1351 2244 1451 2297 οὐκ
1476 2245 1584 2315 ἄρα
1615 2246 1827 2316 ποίημα
1862 2246 1891 2297 6

307 2328 464 2393 Υἱὸς,
494 2328 632 2382 ἀλλὰ
671 2330 941 2402 γέννημα,
968 2330 1066 2403 οὐχ
1111 2333 1186 2397 ὡς
1214 2335 1442 2407 ποιητὴν
1475 2336 1565 2388 τὸν
1592 2335 1745 2402 Θεὸν,
1776 2337 1892 2391 ἀλλ’

306 2418 386 2479 ὡς
421 2419 643 2490 Πατέρα
664 2418 882 2491 δηλοῦν.

998 2537 1209 2592 ΑΛΛΟ.

383 2649 456 2702 Ei
494 2647 704 2719 ποίημὰ
735 2649 885 2704 ἐστιν
915 2652 945 2704 6
976 2650 1123 2715 Υἱὸς,
1168 2650 1244 2723 μὴ
1281 2653 1552 2708 καλείσθω
1594 2654 1789 2725 Λόγος,
1820 2655 1896 2728 μὴ

1988 1740 2133 1796 Patri
2158 1741 2377 1811 propria
2403 1742 2712 1812 eximiaque
2741 1742 2950 1796 insunt.

2645 1853 2882 1911 ALIUD.

2063 1962 2120 2017 Si
2144 1962 2312 2017 Filius
2333 1970 2416 2017 est
2445 1971 2715 2029 creatura,
2734 1977 2801 2017 ne
2818 1972 3039 2018 vocetur
3065 1964 3226 2020 Pater
3247 1965 3362 2032 ejus
3390 1965 3557 2030 Deus,

1991 2055 2083 2111 sed
2125 2054 2304 2123 potius
2328 2061 2546 2108 creator
2573 2052 2888 2123 aut0pil'ex.
2921 2053 3090 2110 Filius
3145 2057 3288 2110 enim
3337 2058 3571 2112 ostendit

1991 2153 2225 2216 patrem,
2257 2152 2310 2198 et
2337 2153 2586 2197 creatura
2627 2152 2949 2198 creatorem.
2991 2143 3084 2199 Sin
3135 2155 3314 2200 autem
3347 2155 3572 2200 vocatur

1992 2244 2047 2290 et
2075 2246 2159 2289 est
2190 2234 2350 2299 Dens,
2382 2249 2488 2288 non
2516 2234 2702 2303 utique
2730 2244 2981 2289 creatura
3015 2245 3097 2291 est
3127 2237 3320 2301 Filius,
3353 2239 3444 2292 sed
3473 2253 3570 2308 ge-

1994 2326 2194 2390 uimen,
2223 2325 2392 2380 Deum
2427 2339 2534 2380 non
2558 2335 2616 2380 ut
2642 2327 2928 2391 factorem,
2957 2328 3053 2383 sed
3107 2337 3165 2382 ut
3215 2327 3429 2383 Patrem
3480 2328 3573 2384 de-

1995 2425 2323 2472 monstrans.

2681 2530 2912 2589 ALIUD.

2071 2646 2128 2702 Si
2163 2645 2331 2701 Filius
2351 2653 2438 2702 est
2463 2656 2735 2714 creatura,
2771 2663 2837 2703 ne
2865 2657 3086 2702 vocetur
3108 2646 3368 2712 Verbum,
3401 2659 3467 2702 ne
3486 2662 3576 2701 sa-

312 2739 509 2809 σοφία,
544 2739 619 2810 μὴ
650 2740 902 2811 δύναμις,
955 2744 1030 2813 μὴ
1062 2743 1426 2816 ἀπαύγασμα,
1457 2749 1490 2817 ἢ
1521 2747 1696 2801 ταῦτα
1743 2748 1891 2802 κοινὰ

2001 2740 2230 2812 pientia,
2261 2756 2328 2795 ne
2360 2742 2599 2811 potentia
2637 2741 2704 2808 ”,
2732 2757 2801 2796 ne
2864 2743 3116 2811 splendor
3148 2743 3229 2796 ιιι
3283 2750 3379 2797 aut
3427 2753 3578 2797 certe

306 2829 413 2882 καὶ
440 2830 551 2893 τοῖς
580 2829 758 2894 ἄλλοις
785 2830 939 2884 ἔσται
963 2834 1282 2904 ποιήμασιν,
1310 2836 1465 2908 είπερ
1495 2836 1633 2899 ὅλως
1650 2837 1891 2910 κεχώρη-

2001 2832 2305 2887 communia
2334 2832 2448 2887 haec
2469 2841 2633 2887 erunt
2661 2834 2825 2888 etiam
2889 2849 3010 2888 cum
3043 2833 3164 2889 aliis
3209 2835 3505 2898 creaturis;
3533 2835 3580 2888 si

306 2940 415 2975 κεν
444 2921 585 2975 αὐτὰ
623 2925 808 2993 φορεῖν
851 2923 1061 2994 ποίημα
1091 2923 1168 2976 ὣν
1206 2924 1328 2978 καθ’
1368 2925 1512 2996 ὑμᾶς
1543 2928 1572 2980 6
1602 2927 1745 2990 Υἱός.
1779 2927 1891 2982 Κᾶν

2001 2921 2219 2992 quidem
2251 2923 2442 2978 horum
2475 2923 2715 2977 omnium
2743 2938 2998 2994 capacem
3029 2939 3152 2980 esse
3169 2924 3347 2979 dicitis
3377 2924 3577 2979 Filium

307 3012 434 3083 γάρ
454 3029 506 3064 τι
533 3011 697 3064 πλέον
725 3011 834 3065 τῶν
862 3012 1037 3066 ἄλλων
1078 3014 1239 3067 αὑτὸν
1265 3014 1407 3085 ἔχειν
1442 3017 1637 3088 λέγητε
1665 3019 1891 3090 ποιημά-

2006 3013 2094 3083 qui
2131 3022 2335 3078 tamen,
2364 3027 2432 3067 ex
2453 3023 2634 3068 vestra
2662 3015 2952 3081 sententia,
2988 3024 3073 3070 est
3130 3024 3399 3070 creatura.
3443 3014 3576 3069 Nam

305 3119 452 3165 των,
482 3101 596 3154 ἀλλ’
627 3101 778 3154 ἔσται
805 3101 970 3155 πάλιν
1002 3103 1155 3156 οὐδὲν
1177 3099 1339 3174 ἦττον
1362 3106 1489 3178 ποίη
1499 3125 1594 3178 μα.
1632 3108 1697 3162 Εἰ
1726 3107 1782 3162 δὲ
1809 3109 1891 3162 ἐπὶ

2005 3106 2218 3161 tametsi
2245 3120 2367 3160 eum
2390 3105 2593 3176 aliquid
2623 3107 2855 3177 amplius
2883 3122 3044 3177 quam
3101 3107 3338 3175 reliquas
3369 3117 3585 3161 creatu-

311 3193 425 3262 μὲν
459 3191 568 3243 τῶν
599 3192 772 3245 ἄλλων
802 3192 1012 3257 οὐδενὸς
1043 3193 1113 3247 τὰ
1139 3195 1368 3250 τοιαῦτα
1395 3197 1630 3267 λέγεται,
1663 3200 1810 3271 μόνῳ
1845 3200 1891 3254 δὲ

2003 3211 2093 3252 ras
2123 3198 2326 3252 habere
2390 3198 2679 3264 censeatis,
2727 3198 3079 3253 nihilominus
3150 3208 3330 3254 tamen
3419 3200 3582 3252 etiam

309 3285 558 3356 πρέπειν
601 3284 677 3355 τῷ
730 3285 845 3354 Υἱῷ
898 3285 1316 3356 ἐπαληθεύεται,
1375 3291 1476 3344 οὐκ
1531 3293 1642 3363 ἄρα
1691 3293 1750 3347 ἒν
1793 3293 1891 3348 τῶι

2002 3296 2251 3343 creatura
2279 3296 2381 3345 est.
2410 3288 2475 3343 At
2509 3290 2554 3344 si
2590 3289 2655 3344 dc
2686 3289 2835 3344 nulla
2876 3291 2981 3344 alia
3021 3299 3274 3345 creatura
3308 3289 3581 3358 ejusmodi

310 3377 647 3446 ποιημάτων
685 3378 858 3445 ἐστὶν,
891 3378 1027 3432 ἀλλὰ
1066 3380 1278 3451 καρπὸς
1307 3382 1406 3453 τῆς
1453 3384 1642 3451 οὐσίας
1665 3386 1759 3441 τοῦ
1787 3387 1891 3442 Πα·

2005 3377 2280 3445 dicuntur,
2311 3381 2406 3436 sed
2437 3381 2537 3435 soli
2575 3379 2711 3435 Filio
2752 3395 2880 3436 vere
2914 3382 3280 3436 conveniunt:
3336 3395 3443 3436 non
3500 3391 3585 3436 cst

309 3466 473 3537 τρὸς.
2004 3467 2168 3538 igitur
2201 3470 2368 3527 Filius
2393 3487 2532 3527 unus
2561 3486 2626 3526 ex
2653 3472 2941 3537 creaturis,
2972 3472 3066 3528 sed
3103 3473 3307 3528 fructus
3335 3474 3584 3528 essentiue

2007 3558 2204 3616 Patris.

1013 3677 1221 3731 AAAO.

390 3782 462 3837 Εἰ
485 3783 662 3838 πάντα
688 3785 754 3838 δι’
785 3785 914 3840 Υἱοῦ
943 3789 1271 3858 γεγενῆσθαί
1305 3793 1523 3862 φησινή
1553 3793 1672 3849 θεία
1693 3795 1904 3868 Γραφὴ,

2677 3672 2910 3729 ALIUD.

2079 3782 2136 3838 Si
2167 3783 2444 3854 Scriptura
2470 3800 2621 3840 sacra
2658 3789 2839 3841 omnia
2893 3804 2991 3858 per
3032 3789 3224 3843 Filium
3277 3789 3417 3844 facta
3461 3803 3585 3843 esse

311 3875 540 3945 ποίημα
561 3875 620 3928 δέ
649 3893 732 3939 τις
754 3878 848 3931 καὶ
877 3878 972 3948 οὐχ
998 3879 1125 3933 Υίὸν
1154 3882 1408 3951 ὁμολογεῖ
1441 3883 1530 3937 τὸν
1559 3886 1750 3954 Λόγον,
1784 3890 1891 3942 Υἱὸπ

2013 3873 2264 3939 aliirmal,
2309 3882 2365 3927 at
2392 3887 2486 3927 vos
2508 3873 2749 3927 Verbum
2786 3885 3088 3929 creaturam
3139 3891 3260 3930 esse
3298 3879 3580 3930 contendi-

315 3968 431 4019 οὑκ
455 3965 567 4036 ἔχει
597 3966 748 4030 Θεός.
786 3967 850 4020 Et
886 3967 942 4021 δὲ
969 3969 1130 4023 τοῦτο
1156 3973 1373 4043 ἀληθὲς,
1414 3975 1530 4039 πῶς
1577 3977 1728 4032 ἔσται
1752 3997 1911 4052 ποιη-

314 4058 450 4126 τὴς,
500 4056 601 4108 οὐκ
652 4057 789 4127 ἔχων
828 4058 897 4110 δι’
947 4052 1008 4111 οὗ
1053 4059 1123 4113 τὰ
1167 4064 1345 4116 πάντα
1389 4065 1718 4136 ὲργάζεται;
1773 4072 1909 4124 Ἀλλ’

2013 3968 2099 4030 tis,
2123 3979 2227 4018 non
2265 3963 2462 4018 Filium
2487 3982 2502 4019 :
2532 3966 2671 4019 Deus
2700 3980 2830 4034 ergo
2852 3965 3045 4020 Filium
3078 3980 3182 4020 non
3219 3966 3401 4021 habet.
3430 3967 3583 4033 Quod

2011 4055 2056 4109 si
2075 4068 2260 4108 verum
2305 4062 2410 4121 est,
2454 4053 2725 4126 quomodo
2751 4055 2855 4110 erit
2887 4065 3122 4120 creator,
3166 4069 3290 4109 cum
3347 4070 3454 4108 non
3491 4055 3588 4108 ha.

318 4146 626 4217 ἐργάζεται
654 4148 749 4202 καὶ
778 4147 1101 4220 δημιουργεῖ
1131 4152 1199 4206 τὰ
1226 4155 1404 4208 πάντα
1429 4155 1562 4219 Θεός
1586 4174 1598 4188 ·
1633 4158 1778 4212 ἔστιν
1803 4162 1891 4232 dp:

2013 4147 2138 4201 beat
2190 4159 2286 4215 per
2311 4161 2470 4214 quem
2540 4148 2721 4201 omnia
2781 4146 2970 4203 creat?
3023 4145 3186 4214 Atqui
3241 4153 3499 4214 operatur
3532 4155 3588 4200 et

317 4238 426 4291 καὶ
460 4240 489 4291 6
524 4237 652 4302 Υἱὸς
681 4241 751 4294 δι’
780 4234 841 4293 οὗ
866 4240 1158 4314 τὰιπάντα,
1191 4244 1250 4297 τὸ
1285 4241 1425 4299 εἶναι
1458 4247 1668 4319 ποίημα
1692 4251 1912 4322 διαφεύ-

317 4346 445 4398 γων
466 4329 543 4394 ὡς
567 4328 722 4395 Θεός.

1016 4530 1220 4584 AAAO.

523 4641 619 4707 Ὠς
651 4640 721 4705 ἐξ
759 4642 1117 4708 ἀντιθέσεως
1170 4644 1289 4699 τῶν
1319 4646 1395 4701 δι’
1431 4649 1729 4712 ἐναντίας.

399 4775 684 4842 Βουλήσει,
733 4779 922 4846 φασιν,
967 4779 996 4830 6
1035 4779 1224 4852 Πατὴρ
1264 4781 1354 4835 τὸν
1403 4782 1529 4836 Υίὸν
1577 4783 1910 4856 ὑποστήσας,

2014 4245 2162 4291 creat
2204 4236 2386 4291 omnia
2413 4236 2595 4291 Deus:
2657 4246 2742 4291 est
2773 4251 2902 4307 ergo
2952 4244 3005 4290 et
3045 4235 3230 4300 Filius,
3279 4249 3373 4305 per
3424 4250 3584 4304 quem

1936 4362 1988 4422 ι)
2013 4325 2218 4390 omnia,
2247 4323 2458 4380 alienus
2480 4326 2549 4380 ab
2570 4340 2635 4381 eo
2664 4334 2722 4380 ut
2742 4327 2813 4380 sit
2835 4334 3107 4390 creatura,
3131 4324 3586 4396 quemadmodum

2015 4416 2174 4471 Deus.

2680 4529 2912 4586 ALIUD.

2384 4640 2471 4694 Ex
2501 4641 2790 4711 objectione
2816 4642 3201 4695 Itwreticorum.

2084 4776 2267 4842 Pater,
2306 4775 2582 4847 inquiunt,
2611 4775 2889 4832 voluntate
2916 4774 3114 4830 Filium
3147 4770 3588 4835 substituens,ita

315 4865 504 4929 οὕτως
554 4867 716 4920 αὑτὸν
759 4868 981 4939 ἐποίησε
1013 4871 1108 4923 καὶ
1153 4871 1505 4942 δημιουργόν.
1555 4873 1689 4928 Ἀπὸ
1716 4876 1772 4929 δὲ
1805 4880 1891 4948 τῆς

2015 4882 2230 4938 quoque
2252 4876 2307 4922 et
2335 4867 2510 4938 ipsum
2539 4877 2839 4924 creatorem
2867 4866 3068 4923 eil‘ecit.
3097 4864 3175 4920 Ex
3198 4864 3430 4919 essentia
3459 4878 3590 4917 vero

314 4957 516 5020 οὐσίας
539 4957 632 5009 τοῦ
661 4958 873 5028 Πατρὸς
901 4959 962 5012 ού
990 4979 1169 5032 φαμεν
1208 4962 1473 5034 ὑπάρχειν
1504 4965 1687 5030 αὐτὸν,
1721 4968 1807 5021 ἵνα
1828 4969 1891 5038 μ’)

2014 4959 2191 5015 Patris
2240 4975 2364 5016 eum
2418 4961 2682 5016 exsistere
2736 4975 3014 5030 negamus,
3053 4969 3160 5022 ,‘ne
3216 4955 3386 5011 sectio
3438 4970 3588 5025 quae-

314 5052 465 5120 τομή
511 5067 596 5113 τις
626 5051 720 5104 καὶ
763 5053 1030 5125 ἀπόρῤοωι
1082 5055 1266 5126 νοῆται
1309 5057 1439 5128 περὶ
1481 5057 1578 5128 τὴν
1630 5057 1891 5130 ἄφραστοι

2015 5050 2139 5105 dam
2173 5059 2267 5106 aut
2315 5051 2511 5108 divisio
2569 5052 2623 5107 in
2671 5052 2759 5108 illa
2811 5049 3072 5107 ineﬁ‘abili
3102 5047 3340 5105 essentia
3375 5055 3588 5102 statua-

320 5139 548 5210 ἐκείνην
581 5140 789 5214 οὐσίαν,

818 5256 973 5324 Πρὸς
1011 5258 1186 5312 τοῦτο
1223 5259 1426 5325 λύσις.

417 5366 555 5419 Ἀλλ’
581 5365 695 5420 ἔστι
723 5369 894 5422 ταῦτα
917 5369 1081 5442 λῆρος
1109 5372 1202 5424 καὶ
1228 5370 1462 5442 φλυαρία
1492 5370 1680 5444 πολλή.
1719 5374 1915 5446 ’Λπόρ-

2014 5148 2121 5198 tur.

2413 5257 2576 5327 212
2622 5255 2828 5312 Salutio
2859 5257 3188 5327 objectionis.

2087 5368 2245 5424 Mene
2267 5385 2441 5441 nugae,
2472 5388 2731 5443 meraque
2757 5373 3106 5429 deliramenta
3141 5373 3255 5428 hac
3282 5377 3428 5426 sunt.
3487 5368 3591 5423 Se-

323 5456 574 5527 ῥοιαιμὲν
594 5457 704 5528 γὰρ
721 5457 813 5510 καὶ
833 5457 994 5529 τομὴ,
1027 5459 1119 5512 καὶ
1131 5459 1230 5512 ὅσα
1250 5458 1473 5512 τοιαῦτα
1497 5457 1666 5530 πάθη,
1688 5459 1891 5513 νοείσθω

2017 5461 2124 5520 ctio
2151 5463 2296 5520 enim
2319 5473 2373 5521 et
2404 5464 2617 5534 divisio,
2670 5466 2894 5537 aliaeque
2949 5467 3002 5522 id
3041 5480 3211 5538 genus
3276 5461 3590 5518 affectiones

406 5632 450 5664 “
481 5631 639 5703 Joan,
667 5649 774 5704 xw,
805 5636 890 5691 l5.
969 5637 1014 5667 ⁸³
1047 5635 1212 5692 lCor.
1245 5653 1284 5703 r,
1318 5636 1408 5694 ει.
1487 5636 1532 5671 ⁸³
1557 5635 1718 5693 Hebr.
1755 5651 1794 5698 ι,
1822 5637 1873 5693 5.
