4036 6208
493 248 599 304 359

1509 241 1572 298 S.
1611 241 1888 310 CYRILLI
1933 239 2403 297 ALEXANDRINI
2442 241 2759 299 ARCHIEP.

3642 245 3752 301 360

495 359 814 430 corporibus
851 358 1180 422 tribuantur,
1211 355 1406 428 quibus
1431 365 1485 412 et
1511 357 1725 414 affectio
1755 359 1868 413 sive
1891 358 2073 428 passio

2177 359 2307 430 crept
2337 360 2406 414 τά
2433 361 2680 432 σώματα,
2713 357 2795 424 οἷς
2818 359 2914 414 καὶ
2940 361 3002 413 τὸ
3027 360 3259 431 πάσχειν
3287 359 3514 413 οίκεῖονο
3545 358 3575 410 ὁ
3605 358 3663 413 δὲ
3688 359 3752 412 τὸ

495 451 707 519 propria
743 459 866 515 est;
919 450 1012 520 qui
1058 465 1187 507 vero
1245 463 1542 520 corporeus
1593 463 1700 501 non
1761 457 1863 515 est,
1897 448 1966 502 ab
2006 463 2072 502 eo

495 542 658 594 etiam
691 555 968 610 corporeae
1018 542 1337 599 affectiones
1365 540 1555 594 alienae
1596 547 1740 593 sunt.
1760 537 1942 609 Gignit
1971 540 2072 593 ita-

495 646 599 700 que
630 631 766 686 citra
792 632 951 687 ullam
977 634 1268 687 sectionem
1295 638 1388 684 aut
1426 629 1733 699 passionem
1761 630 1806 684 is
1853 631 1944 699 qui
2000 631 2073 685 in.

495 737 788 793 corporeus
815 735 916 778 est.
953 723 1211 789 Quamam
1243 721 1390 774 enim
1431 721 1616 789 passio
1668 721 1769 776 soli
1824 722 2073 776 accidere

497 814 763 877 cernitur,
795 827 916 866 cum
949 827 1014 864 ex
1044 826 1102 865 se
1131 811 1305 879 gignit
1327 809 1508 864 lumen
1534 811 1557 864 ?
1595 811 1851 877 Quaenam
1879 811 2072 866 divisio

500 907 695 960 accidit
724 903 1094 972 igni,quando
1141 902 1592 958 illnminationem
1633 919 1696 958 ex
1733 917 1792 957 se
1833 904 2074 958 emittit?

497 996 567 1047 At
597 996 640 1048 si
678 995 788 1047 haec
813 994 1034 1062 gignunt
1065 993 1197 1044 citra
1255 992 1419 1046 ullam
1480 993 1903 1061 separationem,
1944 1008 2071 1063 pro-

499 1087 808 1150 ducuntque
834 1097 895 1135 ea
925 1097 1044 1150 qua:
1066 1083 1116 1134 in
1137 1083 1268 1150 ipsis
1290 1093 1416 1136 sunt
1441 1083 1644 1152 absque
1666 1083 1771 1136 ulla
1800 1085 2068 1152 passione,

500 1173 770 1242 quomodo
798 1186 904 1224 non
935 1172 1100 1226 multo
1128 1173 1501 1240 magishornm
1526 1183 1739 1227 creator
1760 1188 1824 1229 ex
1850 1189 1945 1227 sua
1974 1189 2072 1228 na-

503 1273 623 1317 tura
664 1263 1285 1333 etniltelspleudoretn?
1317 1265 1420 1317 Aut
1469 1264 1738 1332 quomodo
1793 1264 2074 1320 character

501 1355 568 1408 ab
598 1354 830 1422 imagine
845 1354 1172 1421 separetur?
1209 1353 1434 1423 Semper
1462 1355 1605 1408 enim
1641 1355 1753 1409 hazc
1787 1353 2072 1422 conjuncta

500 1457 626 1501 sunt
655 1447 922 1515 simulque
967 1445 1250 1500 exsistunt.
1318 1444 1411 1498 Sin
1474 1460 1600 1498 vero
1653 1446 1808 1514 juxta
1855 1445 2069 1498 illorum

500 1538 829 1608 opinionem,
861 1536 1011 1589 arida
1047 1551 1111 1591 ae
1167 1537 1369 1590 sterilis
1392 1545 1476 1590 est
1508 1535 1598 1590 Dei
1629 1547 1818 1589 natura
1857 1552 1870 1588 :
1924 1550 2073 1604 qua:-

503 1646 626 1684 nam
655 1642 718 1682 ex
764 1630 881 1696 ipso
935 1629 1233 1696 procedens
1279 1629 1529 1682 voluntas
1578 1629 1760 1684 eilicax
1802 1638 1906 1693 est,
1952 1642 2072 1698 quas

2174 445 2312 503 εἶναι
2342 451 2497 520 σῶμα
2535 448 2833 520 διαφυγὼν,
2876 451 2972 502 καὶ
3013 448 3081 502 τὰ
3112 450 3380 519 σωμάτων
3403 446 3749 515 διαφεύξεται
3829 504 3831 507 ,

2174 539 2343 610 πάθη.
2392 542 2578 594 Τίκτει
2625 540 2912 611 τοιγαροῦν
2959 541 3272 610 ἀμερίστως
3319 539 3412 592 καὶ
3455 538 3751 602 ἀπαθῶςκό

2172 630 2484 700 ἀσώματος.
2526 633 2682 684 Ποῖον
2724 632 2833 703 γὰρ
2877 633 3048 694 πάθος
3095 631 3219 700 περὶ
3253 629 3342 682 τὴν
3377 629 3530 699 ἦλιον
3559 632 3748 700 ὁρᾶται

2174 722 2473 790 γινόμενον,
2501 723 2587 776 ὅτε
2621 723 2797 777 τίκτει
2827 724 2886 776 τὸ
2923 724 3066 792 φῶς;
3101 724 3258 783 Ποῑος
3301 720 3587 789 συμϐαίνει
3621 723 3745 791 περὶ

2172 811 2234 865 τὸ
2263 811 2373 882 πῦρ
2405 813 2690 884 μερισμὸς,
2722 816 2850 868 ὅταν
2888 815 3154 885 ἐκπέμπῃ
3183 814 3271 866 τὸν
3311 814 3370 879 ἐξ
3399 812 3594 867 ἑαυτοῦ
3635 830 3744 881 φω-Δ

2173 905 2398 972 τισμόν;
2431 904 2493 957 Ei
2525 904 2581 955 δὲ
2607 903 2777 957 ταῦτα
2803 906 2964 973 γεννᾷ
2991 905 3088 974 μὲν
3112 905 3445 973 ἁμερίστως,
3472 905 3742 972 ἐκπέμπει

2173 994 2322 1047 δὲτὰ
2367 995 2425 1061 ἐξ
2474 996 2681 1048 ἐαυτῶν
2725 995 2970 1057 ἀπαθῶς,
3008 996 3124 1056 πῶς
3161 995 3222 1046 οὐ
3267 995 3448 1065 πολλῷ
3491 995 3690 1064 μᾶλλον
3717 997 3746 1047 ὀ

2171 1085 2375 1138 τούτων
2434 1087 2660 1156 ποιητὴς
2711 1087 2809 1155 τῆς
2853 1086 3048 1138 ἑαυτοῦ
3106 1085 3318 1152 φύσεως
3376 1085 3642 1155 ἐκπέμψει
3685 1085 3746 1138 τὸ

2172 1175 2545 1246 ἀπαύγασμα;
2575 1177 2708 1230 Πότε
2732 1177 3016 1247 χαρακτὴρ
3044 1177 3249 1238 εἰκόνος
3273 1177 3600 1245 χωρίζεται;
3637 1176 3747 1227 Ἀεὶ

2171 1267 2280 1336 γὰρ
2314 1268 2447 1336 αὐτῇ
2496 1266 2817 1336 συμπέφυκε
2856 1283 2913 1318 τε
2950 1266 3042 1316 κα)⁵
3075 1265 3392 1334 ἐνυπάρχει.
3429 1266 3491 1316 El
3535 1263 3592 1315 δὲ
3626 1263 3746 1317 κατ’

2171 1357 2410 1418 ἐκείνους
2439 1356 2576 1427 ξηρὰ
2607 1358 2700 1409 καὶ
2737 1357 2981 1424 ἄκαρπός
3012 1359 3158 1409 ἐστιν
3186 1359 3218 1426 ή
3251 1355 3345 1408 τοῦ
3385 1354 3538 1424 Θεοῦ]
3562 1355 3746 1422 φύσις,

2171 1446 2306 1516 τίςή
2353 1444 2412 1508 ἐξ
2440 1445 2603 1498 αὑτοῦ
2642 1445 2977 1516 προελθοῦσα
3013 1446 3264 1514 βούλησις
3299 1445 3548 1516 ἐνεργὴς,
3587 1444 3623 1514 ἢ
3656 1446 3749 1498 καὶ⁵

2170 1538 2260 1591 τὸν
2294 1538 2417 1589 Υίδν
2468 1539 2586 1590 κατ’
2617 1537 2858 1600 ἐκείνους
2909 1537 3207 1605 ὑπέστησε,
3247 1537 3610 1607 δημιουργική
3662 1553 3748 1600 τις

2174 1625 2308 1681 οὖσα
2335 1631 2429 1682 καὶ
2465 1630 2572 1682 τῶν
2614 1630 2714 1682 οὐκ
2758 1630 2925 1682 ὄντων
2972 1629 3270 1698 ποιητική;
3309 1629 3606 1696 Φεύγοντες
3638 1628 3748 1699 γάρ

502 1719 733 1784 Filium,
769 1728 828 1772 ut
872 1719 945 1771 illi
977 1719 1177 1781 volunt,
1211 1720 1507 1783 substituit,
1556 1720 1792 1772 creatrix
1834 1719 2075 1787 quaedam

2177 1722 2236 1774 τὸ
2268 1723 2331 1773 ἐκ
2363 1721 2462 1788 τῆς
2488 1722 2673 1783 οὐσίας
2693 1719 2787 1774 τοῦ
2813 1719 3026 1791 Πατρὺς
3064 1719 3420 1789 γεγεννῆσθαι
3450 1720 3628 1786 λέγειν
3655 1719 3748 1774 τὸν

502 1811 792 1871 exsistcns,
813 1818 1066 1861 eteorum
1085 1824 1205 1876 qua:
1221 1825 1326 1863 non
1349 1810 1616 1863 exsistunt
1638 1808 1917 1862 effectrix?
1941 1806 2077 1862 Cum

504 1899 648 1951 enim
667 1899 969 1950 detrectant
999 1896 1174 1961 lateri,
1203 1913 1266 1949 ex
1313 1898 1546 1950 essentia
1613 1895 1790 1949 Patris
1836 1896 2076 1965 genitum

504 2002 623 2042 esse
644 2002 836 2042 creans
869 1989 1037 2057 ipsius
1065 1987 1321 2048 Verbum,
1355 2000 1384 2038 a
1419 1987 1644 2041 veritate
1675 1988 1726 2040 in
1757 1987 1894 2040 hunc
1920 2001 2074 2040 erro-

505 2095 622 2133 rem
655 2079 927 2132 labuntur.
967 2078 1062 2132 Est
1089 2077 1230 2130 enim
1263 2076 1432 2130 Filius
1463 2077 1580 2129 viva
1613 2087 1775 2144 atque
1824 2078 2080 2130 essentia-

505 2169 628 2224 liter
657 2169 982 2225 inexsistens
1008 2167 1184 2222 Patris
1214 2166 1482 2232 voluntas,
1517 2178 1573 2222 et
1625 2167 1859 2222 Verbum
1889 2168 2077 2237 ipsius,

505 2277 602 2332 per
631 2262 770 2332 quod
798 2259 976 2317 omnia
1009 2268 1280 2330 operatur.

506 2392 810 2447 Observalio
840 2410 906 2447 ea:
925 2409 1078 2447 sacra
1117 2392 1414 2462 Scriptura,
1437 2393 1575 2462 quod
1602 2391 1759 2447 etiam
1782 2393 1848 2447 de
1890 2394 1957 2446 iis
1989 2394 2081 2463 qui

569 2463 884 2516 naturaliter
904 2463 1009 2531 ﬁlii
1037 2472 1179 2526 sunt,
1204 2481 1224 2513 ι
1250 2463 1479 2530 genitum
1521 2478 1648 2528 esse,
1683 2480 1703 2513 ι
1752 2472 1801 2516 et
1828 2481 1846 2512 ι
1879 2464 2080 2531 factum

560 2547 692 2598 esse,
730 2551 748 2582 ι
791 2533 1156 2600 indiﬁ'erentcr
1183 2531 1417 2586 dicatur.

577 2665 809 2720 Nomina
837 2663 971 2718 nihil
999 2661 1263 2726 omcinnt,
1306 2677 1430 2718 cum
1485 2677 1574 2717 res
1625 2662 1755 2731 ipsa:
1819 2663 1977 2717 aliter
2022 2678 2081 2718 se

508 2757 732 2812 habent.
769 2754 1005 2810 Tametsi
1041 2755 1183 2808 enim
1228 2754 1296 2808 iis
1339 2754 1430 2824 qui
1463 2761 1658 2809 natura
1682 2754 1776 2809 lilii
1801 2763 1947 2820 sunt,
1976 2769 2083 2808 ser-

508 2847 697 2902 vitutis
731 2861 922 2902 nomen
969 2847 1404 2901 accommodetur
1429 2888 1444 2911 ,
1482 2845 1745 2902 naturalis
1790 2846 2081 2902 nobilitatis

511 2940 758 3008 dignitati
784 2937 920 2991 nihil
955 2937 1200 3008 derogat.
1238 2939 1414 3006 Atque
1443 2938 1514 2992 ita
1558 2939 1719 2992 etiam
1749 2938 1794 2993 si
1819 2939 1906 3007 qui
1933 2939 2082 3008 geni-

2179 1813 2508 1881 δημιουργὸν
2552 1812 2716 1864 αὐτοῦ
2755 1811 2948 1878 Λόγον,
2990 1812 3054 1862 ἐκ
3092 1811 3189 1880 τῆς
3219 1809 3474 1880 ἀληθείας
3507 1811 3585 1871 είς
3614 1808 3749 1862 αὐτὸ

2180 1901 2610 1955 συνελαύνονται.
2645 1902 2800 1954 Ἔστι
2846 1901 2954 1972 γὰρ
2985 1901 3110 1964 Υἱὸς
3139 1902 3172 1971 ή
3206 1901 3354 1964 ζῶσα
3390 1902 3483 1953 καὶ
3511 1899 3748 1963 ἐνούσιος

2178 1991 2271 2044 τοῦ
2304 1993 2516 2063 Πατρός
2555 1993 2830 2064 βούλησις,
2873 1993 2968 2048 καὶ
2995 1995 3023 2048 ό
3059 1995 3229 2063 Λόγος
3269 1994 3456 2057 αὐτοῦ,
3495 1994 3562 2046 δι’
3586 1984 3648 2046 οῦ
3680 1992 3750 2046 τά

2181 2084 2361 2138 πάντα
2391 2084 2708 2154 ἐργάζεται.

2191 2397 2572 2465 Ἐπιτ-ήρησις
2603 2397 2720 2451 ἀπὸ
2753 2396 2862 2464 τῆς
2904 2396 3066 2460 θείας
3099 2393 3366 2465 Γραφῆς,
3395 2393 3484 2465 ὅτι
3525 2394 3623 2465 καί
3648 2392 3748 2465 ἐπὶ

2251 2465 2371 2520 τῶν
2392 2462 2578 2534 φύσει
2615 2465 2779 2529 υιῶν,
2807 2462 2871 2518 τὸ
2903 2485 2920 2516 ι
2949 2462 3271 2533 ἐγένοηοί
3307 2464 3344 2532 ἢ
3372 2463 3469 2517 καὶ
3498 2483 3519 2516 ι
3557 2462 3751 2530 ἐποιή-

2250 2540 2452 2604 θησαν
2498 2553 2518 2586 ι
2552 2535 2743 2588 κεῖται
2770 2535 3121 2602 ἀδιαφόρως.

2252 2668 2417 2722 Οὐδὲν
2463 2669 2518 2720 αί
2552 2666 2722 2731 λέξεις
2771 2666 3068 2731 ἀδικοῦσιν,
3120 2667 3248 2720 ὅταν
3292 2666 3491 2735 ἑτέρως
3542 2663 3640 2735 ἔχῃ
3681 2665 3750 2718 τά

2182 2759 2326 2829 πράγ
2339 2775 2501 2829 ματα.
2519 2757 2642 2810 Ἐπὶ
2670 2756 2779 2827 γὰρ
2800 2756 2908 2808 τῶν
2931 2753 3263 2825 φύσειιυίῶν,
3293 2752 3396 2806 κάν
3417 2752 3476 2804 τὸ
3507 2751 3608 2821 τῆς
3627 2751 3750 2803 δου-

2181 2851 2332 2914 λείας
2369 2850 2536 2920 ὅνομα
2578 2848 2860 2918 τάττηται,
2894 2847 2954 2899 οὐ
3003 2845 3349 2916 παραιτεῖται
3380 2844 3477 2913 τῆς
3515 2841 3752 2912 φυσικῆς

2185 2938 2462 3007 εὐγενείας
2495 2937 2556 2990 τὸ
2601 2936 2838 3006 ἀξίωμα.
2878 2935 2998 2988 Κᾶν
3046 2936 3074 2987 ό
3117 2933 3394 3003 γεννηθεὶς
3423 2930 3749 3001 πεποιῆσθαι

511 3037 599 3082 tus
621 3036 723 3093 est,
755 3027 928 3082 iactus
960 3042 1079 3082 esse
1127 3029 1360 3094 dicatur,
1399 3030 1636 3097 quandiu
1702 3045 1883 3084 veram
1924 3043 2074 3084 suam

2179 3029 2425 3100 λέγηται,
2459 3028 2564 3091 ’ἕως
2599 3027 2665 3080 ἂν
2697 3026 2844 3096 αὐτῷ
2877 3024 3244 3097 περισὼζηται
3275 3023 3334 3076 τὸ
3366 3021 3746 3093 ἀληθέστερον,

509 3118 770 3187 originem
805 3119 1026 3185 retinet,
1051 3134 1245 3175 nomen
1277 3121 1452 3190 ipsum
1479 3120 1528 3174 ei
1577 3121 1772 3174 damno
1817 3135 1938 3175 esse
1977 3135 2081 3175 non

512 3218 707 3278 potest.
733 3209 992 3263 Naturam
1022 3211 1166 3264 enim
1225 3227 1331 3266 non
1397 3212 1614 3265 nomina
1662 3212 1715 3265 in
1772 3213 2082 3268 universum

513 3299 861 3369 inquirimus.
888 3298 1021 3354 Cum
1049 3302 1212 3370 igitur
1239 3304 1304 3355 de
1329 3301 1510 3371 genito
1535 3301 1630 3356 Dei
1663 3301 1839 3358 Verbo
1864 3304 2078 3370 dicitur,

511 3392 652 3459 quod
675 3391 748 3446 sit
765 3390 938 3445 ﬁdelis
959 3391 1007 3446 ei
1032 3392 1121 3460 qui
1151 3391 1276 3446 fecit
1297 3392 1570 3460 ipsum‘“,
1601 3408 1665 3447 ne
1689 3394 1810 3461 quis
1836 3395 2081 3463 proprie-

511 3491 674 3537 tatem
703 3483 1032 3536 exsistentia:
1051 3483 1220 3551 ipsius
1243 3483 1622 3548 calumnietur,
1661 3487 1753 3539 sed
1773 3494 1864 3538 aut
1886 3486 2082 3540 intelli-

512 3584 598 3643 gat
623 3575 829 3629 ratione
867 3574 1266 3628 incarnationis
1292 3573 1519 3638 dictum,
1555 3585 1648 3628 aut
1698 3576 1834 3629 nihil
1884 3575 2075 3631 alliciat

510 3667 723 3720 veritati
759 3680 954 3739 nomen
999 3665 1141 3734 quod
1173 3663 1539 3720 indiil‘erenter
1574 3666 1853 3734 accipitur.
1896 3667 2082 3722 Betsa-

509 3754 608 3809 bee
662 3755 1004 3809 Salomonetn
1070 3772 1284 3810 servum
1343 3756 1506 3810 David
1556 3758 1788 3824 vocavit,
1851 3760 2076 3814 dicens:

514 3863 532 3896 ι
565 3844 789 3898 Servum
825 3855 972 3898 tuum
1003 3844 1342 3899 Salontonem
1373 3846 1439 3899 ⁸⁸.
1487 3863 1505 3897 ι
1526 3844 1715 3902 Patres
1733 3862 1946 3918 quoque
1976 3862 2079 3902 sae-

507 3951 825 4007 penumero.
846 3951 941 3992 eus
961 3938 1052 4006 qui
1081 3953 1144 3991 ex
1176 3939 1304 4008 ipsis
1342 3939 1504 4006 geniti
1537 3951 1661 3993 sunt
1688 3955 1874 3995 servos
1889 3948 2081 3995 vocant

507 4039 562 4083 et
588 4043 793 4097 servos,
833 4030 989 4086 filios.
1012 4029 1275 4084 Ca’terum
1312 4033 1527 4084 nomina
1559 4040 1806 4084 naturam
1835 4048 1941 4084 non
1979 4033 2080 4086 itn-

509 4128 740 4183 mutant,
764 4121 857 4174 sed
883 4123 1059 4187 potius
1094 4127 1418 4186 pctestatetn
1454 4119 1664 4173 illorum
1693 4121 1782 4188 qni
1837 4122 1912 4175 ita
1960 4121 2079 4175 illos

507 4210 786 4277 appellare
813 4210 1097 4277 voluerunt
1116 4253 1130 4274 ,
1170 4213 1494 4281 signiﬁcant.
1523 4210 1674 4277 Quod
1707 4222 1884 4267 autem
1913 4216 2075 4268 etiam

508 4298 546 4350 ii
574 4300 665 4366 qui
693 4301 862 4367 geniti
890 4311 1036 4365 sunt,
1075 4320 1094 4351 ι
1136 4303 1259 4356 facti
1301 4321 1318 4353 ι
1371 4302 1643 4366 dicantur,
1689 4304 1814 4358 inde
1849 4305 2075 4358 manife-

2181 3120 2334 3173 οὐδὲν
2361 3120 2467 3172 ἀπὸ
2485 3120 2584 3189 τῆς
2610 3118 2809 3183 λέξεως
2835 3116 3094 3187 ὑπομένει
3139 3116 3199 3168 τὸ
3235 3116 3497 3185 ἀδίκημα.
3539 3114 3603 3166 Ἦ
3642 3113 3749 3184 γὰρ

2183 3211 2366 3279 φύσις,
2395 3210 2456 3262 οὐ
2495 3209 2712 3271 πάντως
2747 3209 2778 3278 ἡ
2824 3207 2970 3272 λέξις
2999 3205 3329 3270 ἐξετάζεται.
3363 3206 3532 3258 Ὅταν
3573 3205 3750 3256 τοίνυν

2182 3302 2275 3355 ἐπὶ
2304 3301 2397 3356 τοῦ
2430 3301 2778 3372 γεννηθέντος
2807 3298 2942 3352 Θεοῦ
2972 3299 3144 3366 Λόγου
3177 3299 3409 3367 φέρηται
3438 3297 3516 3359 τὸ,
3555 3295 3750 3350 Πιστδν

2181 3394 2310 3447 ὅντα
2333 3394 2409 3464 τῷ
2444 3395 2730 3463 ποιήσαντι
2770 3391 2922 3456 αῦτδ,
2950 3390 3023 3460 μὴ
3046 3389 3490 3458 συκοφαντείσθω
3517 3387 3578 3439 τὸ
3616 3386 3749 3456 γνή-

2185 3502 2296 3536 σιον
2319 3485 2414 3555 τῆς
2454 3483 2740 3554 ὑπάρξεως
2773 3480 2960 3543 αὑτοῦ,
2995 3480 3108 3532 ἀλλ’
3153 3480 3185 3549 ἢ
3234 3479 3456 3532 νοείσθω
3493 3480 3621 3548 περ)⁸
3659 3479 3748 3530 τὸν
3797 3503 3800 3506 λ

2180 3576 2279 3645 τῆς
2335 3575 2794 3646 ἐνανθρωπήσεως
2837 3572 3013 3638 λόγον,
3060 3571 3092 3641 ἦ
3139 3570 3304 3639 μηδὲν
3357 3570 3608 3622 ἀδικείτω
3651 3568 3748 3639 τὴν

2181 3669 2443 3738 ἀλήθειαν
2465 3670 2524 3720 τὸ
2558 3667 2657 3736 τῆς
2684 3665 2883 3729 λέξεως
2909 3662 3219 3734 ἀδιάφορον.
3240 3661 3516 3732 Βηρσαϐεέ
3541 3661 3631 3712 τὸν
3653 3661 3747 3713 Σο-

2180 3760 2395 3830 λομῶνα
2423 3758 2604 3812 δοῦλον
2630 3757 2811 3808 ἐκάλει
2837 3755 2930 3808 τοῦ
2957 3756 3137 3817 Δαὸὶδ,
3163 3755 3392 3820 λέγουσα
3413 3770 3426 3782 ·
3465 3773 3482 3804 ι
3515 3753 3616 3805 Τὸν
3638 3751 3748 3805 δοῦο

2180 3848 2268 3901 λόν
2299 3867 2390 3901 σου
2427 3846 2734 3914 Σολομῶνα.
2780 3863 2797 3894 ι
2833 3843 2940 3896 Καὶ
2981 3845 3215 3913 πατέρες
3253 3843 3506 3904 πολλάκις
3532 3842 3659 3904 τοὺς
3687 3837 3749 3904 ἐξ

2181 3939 2387 3992 ἑαυτῶν
2434 3935 2786 4005 γεννηθέντας
2834 3934 3050 3996 δούλους
3095 3932 3449 3995 ἀποκαλοῦσι,
3489 3933 3582 3986 καὶ
3621 3932 3747 3995 τοὺς

2179 4029 2392 4090 οἰκέτας
2425 4029 2595 4090 υἱούς.
2638 4027 2777 4080 Ἀλλ’
2813 4029 2910 4099 οὐχ
2937 4031 2994 4082 αἱ
3023 4027 3196 4093 λέξεις
3225 4025 3321 4095 τὴν
3365 4025 3528 4092 φύσιν
3553 4024 3746 4082 ἀλλάτ-

2178 4138 2353 4183 τουσι,
2384 4118 2582 4188 μᾶλλον
2603 4117 2659 4171 δὲ
2692 4118 2787 4188 τὴν
2814 4117 3060 4182 ἐξουσίαν
3099 4117 3206 4168 τῶν
3232 4116 3372 4168 οὕτω
3412 4113 3745 4184 βουλομένων

2179 4210 2473 4265 ἀποκαλεῖν
2489 4209 2936 4262 ἐπιδεικνύουσιν.
2963 4209 3084 4260 Ὅτι
3104 4208 3158 4261 δὲ
3181 4208 3272 4259 καὶ
3293 4207 3386 4258 ἐπὶ
3413 4205 3522 4258 τῶν
3551 4221 3746 4272 γεννω-

2184 4303 2357 4372 μένων
2386 4302 2698 4370 εῦρίσκεται
2727 4300 2786 4352 τὸ
2820 4320 2836 4350 ‹
2877 4300 3118 4369 ἐποίησε.
3151 4317 3168 4348 ι
3193 4299 3348 4367 δῆλον
3377 4297 3644 4350 ἐντεῦθεν.
3685 4295 3744 4348 Ὀ

507 4395 648 4438 stum
673 4395 774 4438 est.
805 4388 964 4457 213
993 4389 1251 4444 Ezechias
1279 4391 1421 4443 enim
1455 4390 1524 4442 ita
1561 4391 1736 4457 inquit
1769 4410 1781 4444 :
1822 4411 1840 4441 ι
1873 4392 1952 4445 Ab
1986 4393 2074 4445 ho-

2183 4393 2278 4462 μὲν
2320 4391 2427 4459 γάρ
2468 4390 2712 4458 Ἐζεχίας
2759 4388 2949 4456 φησίν·
2984 4406 3002 4438 ι
3051 4386 3182 4439 Ἀπὸ
3227 4386 3335 4456 γάρ
3381 4385 3477 4453 τῆς
3510 4385 3745 4454 σήμερον

506 4477 694 4530 dierno
717 4476 804 4531 die
833 4479 972 4533 ﬁlios
1000 4480 1192 4534 faciam
1225 4481 1291 4535 “.
1333 4500 1352 4532 ι
1415 4479 1479 4533 Ει
1534 4482 1600 4535 de
1647 4479 1746 4535 Job
1812 4485 2070 4550 scriptum

503 4577 589 4622 est
625 4585 637 4620 :
703 4587 722 4620 ι
754 4568 902 4624 Facti
937 4581 1065 4626 sunt
1093 4575 1141 4626 ei
1176 4573 1267 4626 hlii
1297 4580 1521 4641 septem,
1546 4582 1600 4625 et
1628 4571 1746 4627 ﬁlia:
1805 4582 1911 4627 tres
1943 4574 2009 4627 ".
2052 4593 2069 4625 ι

505 4661 562 4714 Si
591 4677 718 4732 ergo
761 4664 814 4716 in
842 4662 1170 4730 hominibus,
1227 4679 1332 4717 non
1390 4663 1630 4719 absolute
1683 4667 1921 4729 nomina,
1980 4669 2074 4720 sed

504 4768 592 4806 res
628 4754 772 4822 ipsas
808 4753 1099 4820 intuentes,
1148 4770 1268 4822 quae
1317 4757 1568 4810 dicuntur
1609 4755 2066 4824 interpretamur:

501 4843 900 4908 quomodonon
959 4844 1169 4906 utiliter
1218 4845 1358 4898 idem
1420 4845 1472 4900 in
1535 4845 1672 4902 Filio
1714 4843 1807 4902 Dei
1859 4855 2065 4901 statue-

500 4934 648 4986 tntts?

1206 5133 1433 5190 ALIUD.

564 5239 789 5308 Nomen,
816 5243 984 5312 ﬁlius,
1015 5248 1419 5315 generationem
1444 5250 1537 5300 ει·
1557 5254 1711 5316 patre
1779 5247 2068 5319 signiﬁcat,

2179 4478 2367 4532 παιδία
2401 4478 2632 4547 ποιήσω.
2665 4496 2684 4528 ι
2723 4478 2856 4547 Περὶ
2890 4476 2946 4528 δὲ
2980 4475 3073 4529 τοῦ
3119 4473 3235 4528 Ἰὼϐ
3287 4475 3613 4544 γέγραπται,
3662 4472 3744 4523 ὅτι

2183 4589 2200 4620 t
2243 4569 2520 4637 Ἐγένοντο
2543 4567 2688 4635 αὐτῷ
2729 4567 2834 4618 υἱοὶ
2861 4565 2998 4617 ἐπτὰ
3026 4567 3120 4618 καὶ
3164 4564 3461 4634 θυγατέρες
3505 4563 3672 4630 τρεῖς.
3718 4579 3737 4612 ι

2175 4661 2238 4712 Εἰ
2267 4640 2456 4713 τοίνυν
2481 4660 2567 4710 ἐπ’
2598 4656 2694 4711 ἀνθ
2705 4656 2902 4726 ρώπων
2933 4657 2992 4708 οὐ
3033 4659 3151 4718 ταῖς
3185 4654 3492 4724 ἀκριϐείαις
3513 4651 3621 4705 τῶν
3655 4650 3738 4703 λέ·

2173 4751 2329 4816 ξεων,
2356 4748 2492 4803 ἀλλά
2527 4750 2593 4818 τῇ
2626 4747 2786 4816 φύσει
2816 4747 2924 4800 τῶν
2959 4746 3297 4817 πραγμάτων
3329 4743 3622 4815 ἐνορῶντες
3647 4743 3739 4795 ὲκ-

2169 4841 2438 4910 δεχόμεθα
2487 4839 2548 4892 τὸ
2590 4839 2942 4908 λαλούμενον·
2985 4839 3101 4902 πῶς
3153 4840 3252 4891 οὐκ
3297 4835 3610 4904 ἀναγκαίως
3650 4834 3738 4886 τὸν

2177 4933 2339 4985 αὑτὸν
2388 4929 2772 5001 διακεισόμεθα
2825 4928 3025 4996 τρόπον
3069 4931 3164 4982 ἐπὶ
3215 4927 3308 4982 τοῦ
3355 4926 3501 4980 θείου
3547 4925 3740 4994 γεννή-

2177 5035 2343 5089 ματος
2362 5033 2376 5084 ;

2851 5133 3057 5187 ΑΛΛΟ.

2153 5248 2165 5255 ’
2240 5247 2314 5301 Τὸ
2342 5248 2471 5313 υἱὸς
2501 5247 2671 5318 ὄνομα
2699 5247 2798 5317 τὴν
2827 5247 2890 5300 ἐκ
2925 5245 3130 5314 πατρὸς
3167 5242 3422 5314 σημαίνει
3447 5238 3699 5309 γέννησιν
3718 5254 3733 5269 ο

503 5341 750 5384 creatura
779 5347 931 5401 vero,
963 5338 1106 5406 quod
1169 5337 1406 5392 exterius
1475 5337 1825 5393 constitutum
1881 5350 1984 5394 est.
2012 5338 2068 5395 Si

2176 5339 2229 5393 τὸ
2259 5339 2315 5392 δὲ
2343 5340 2592 5408 ποίημα,
2626 5340 2686 5393 τὸ
2735 5339 2932 5406 ἔξωθεν
2990 5337 3398 5405 συνιστάμενον.
3442 5332 3504 5386 Εἰ
3557 5328 3739 5382 τοίνυν

499 5431 628 5486 ergo
649 5419 822 5478 Filius
849 5434 957 5492 est,
990 5441 1057 5482 ne
1088 5438 1308 5483 vocetur
1350 5439 1600 5484 creatura
1636 5445 1653 5487 :
1710 5432 1758 5488 si
1820 5442 2069 5486 creatura

2176 5431 2296 5496 Υἱός
2324 5432 2460 5496 ἐστι,
2485 5430 2563 5502 μὴ
2595 5430 2866 5486 καλείσθω
2887 5429 3096 5500 ποίημα
3117 5444 3130 5460 ο
3170 5427 3219 5480 εί
3250 5422 3463 5496 ποίημά
3488 5422 3630 5489 ἐστι,
3661 5417 3738 5490 μὴ

578 5594 645 5629 “‘
675 5567 837 5655 Hebr.
876 5613 960 5665 ttt,
988 5601 1042 5655 2.
1115 5604 1159 5635 "
1191 5603 1254 5658 Ill
1286 5604 1415 5673 Reg.
1446 5620 1485 5674 ι,
1519 5605 1607 5661 l9.
1686 5608 1732 5639 ἰο
1761 5603 1825 5661 IV
1856 5604 1988 5672 Reg.
2015 5621 2075 5662 ιι

2176 5606 2206 5662 i.
2284 5606 2327 5639 ‘7
2354 5603 2454 5662 Job
2486 5621 2527 5670 ι,
2557 5607 2612 5662 2.
