4036 6208
238 318 336 373 3M

1655 316 2098 377 TliESAURUS.

3400 338 3505 393 36‘}

240 431 506 488 καλείσθω
538 430 891 502 ψευδώνυμος
920 432 1069 498 Υἱός.
1117 434 1255 489 Ἀλλ’
1286 435 1414 499 Υἱὸς
1452 436 1699 492 καλεῖται
1727 440 1823 493 καὶ

1934 445 2030 501 est,
2090 452 2158 494 ne
2219 439 2355 498 falso
2414 446 2634 502 nomine
2697 457 2919 504 vocetur
2981 450 3167 507 Filius.
3229 450 3504 508 Cancrum

234 529 411 580 ἔστιν’
440 524 639 579 οὐκοῦν
671 526 731 579 οὐ
762 525 995 598 ποίημα.

235 641 442 707 AAAO,
491 641 678 711 λόγος
713 639 965 717 πιθανὸς
1001 639 1314 717 deiter-6627',
1343 641 1432 697 ὅτι
1479 644 1552 699 οὐ
1596 644 1823 717 ποίημά

825 711 998 765 ἐστιν
1035 715 1068 766 d
1111 713 1266 779 Υίός.

305 822 511 893 Εἴρηκέ
562 840 665 877 που
698 823 953 894 Σολομῶν
977 826 1005 878 6
1035 824 1350 895 σοφώτατος
1374 868 1389 893 ,
1422 826 1504 882 ὅτι
1541 846 1559 880 ι
1591 830 1823 901 Σύμπαν

229 917 284 969 τὸ
323 918 540 988 ποίημα
570 916 689 980 ἄξει
713 918 742 970 6
776 916 909 981 Θεὸς
936 919 1017 983 είς
1046 919 1247 990 κρίσιν.
1279 939 1299 974 ι
1342 921 1406 974 Ei
1428 921 1608 976 τοίνυν
1635 922 1692 975 ἓν
1716 923 1824 977 τῶν

238 1011 562 1081 ποιημάτων
610 1011 759 1063 ἐστὶν
803 1013 833 1064 6
869 1011 1019 1076 Υἱὸς,
1066 1012 1367 1084 ἀχθήσεται
1402 1013 1499 1067 καὶ
1542 1016 1705 1080 αὐτὸς
1744 1018 1824 1082 είς

238 1105 439 1175 κρίσιν.
475 1104 585 1157 Καὶ
630 1103 749 1167 πῶς
775 1104 1062 1175 ἀληθεύσει
1108 1105 1280 1174 λέγων
1319 1107 1449 1177 περὶ
1488 1108 1707 1174 ἑαυτοῦ,
1740 1109 1821 1163 ὃτι

241 1215 259 1248 ι
307 1198 367 1250 '0
401 1196 593 1268 Πατὴρ
641 1195 819 1269 κρίνει
868 1197 1079 1264 οὐδένα,
1112 1198 1250 1251 ἀλλὰ
1292 1200 1473 1253 πᾶσαν
1510 1199 1607 1272 τήν
1642 1202 1823 1273 κρίσιν

235 1288 435 1341 δέδωκε
470 1288 550 1358 τῷ
589 1287 739 1358 Υίῷ;
780 1306 798 1340 ι
834 1289 906 1341 "il
942 1287 1060 1351 πῶς
1087 1290 1115 1340 6
1140 1289 1339 1362 Δανιὴλ
1365 1291 1425 1343 οὐ
1452 1291 1713 1361 ψεύσεται
1737 1293 1824 1347 λέ-

235 1399 347 1449 γων
387 1383 471 1435 ὅτι
502 1381 654 1452 αὐτῷ
692 1380 910 1453 ὲδόθηή
950 1381 1166 1451 κρίσις;
1203 1382 1481 1455 ’Λληθεύει
1532 1386 1615 1439 δέ’
1663 1386 1825 1453 αὐτὸς

234 1477 344 1546 γάρ
372 1477 521 1528 ἐστιν
550 1475 579 1527 6
609 1476 903 1545 ἐρχόμενος
937 1478 1121 1545 κρῖναι
1175 1476 1384 1542 ζῶντας
1420 1479 1516 1532 καὶ
1567 1482 1819 1553 νεκρούς.

236 1568 448 1622 Οὐκοῦν
473 1568 532 1620 οὐ
560 1566 793 1638 ποίημα,
830 1568 949 1621 οὐδὲ
975 1568 1081 1622 τῶν
1109 1570 1324 1624 πάντων
1356 1569 1435 1636 ἓν,
1466 1572 1553 1627 ἵνα
1586 1574 1660 1645 μὴ
1691 1575 1825 1646 ἄγη-

235 1678 329 1714 ται
362 1661 456 1714 καὶ
482 1658 644 1723 αὐτὸς
669 1660 748 1722 είς
781 1660 983 1729 κρίσιν.

236 1867 448 1925 ΔΛΛΟ.
483 1865 922 1937 διηγηματικῶς
948 1869 1036 1934 είς
1072 1870 1183 1937 τὸ,
1209 1888 1227 1921 ι
1265 1869 1691 1937 Κατανοήσατε
1719 1871 1828 1925 τόν

309 1936 663 2011 damnosior
696 1938 1099 2011 καὶ-ἀρχιερέα
1128 1936 1236 2007 τῆς
1275 1941 1597 2011 ὁμολογίας
1636 1940 1824 2011 ἡμῶν,

310 2008 535 2081 πιστόν
563 2008 708 2060 ὄντα
726 2007 834 2081 ⁸τῷ
862 2010 1184 2081 ποιήσαντι
1228 2010 1417 2063 αὐτόν
1435 2026 1447 2037 ·
1472 2007 1513 2063 ⁷»
1549 2011 1647 2065 καί
1676 2007 1828 2081 ἑξῆς

311 2079 350 2146 ἡ
381 2077 617 2131 διάνοια
644 2078 753 2132 τοῦ
771 2079 985 2146 ῥητοῦ.

315 2194 391 2248 Οὐ
409 2193 621 2266 τήν-τοῦ
648 2194 825 2263 Λόγου
853 2194 1014 2264 φύσιν
1035 2193 1400 2267 ἐξηγούμενος
1419 2197 1448 2249 ὁ
1484 2197 1826 2265 Ἀπόστολος,

238 2288 470 2343 τοιαῦτα
516 2305 703 2359 φησιν,
742 2288 878 2367 ἀλλὰ
923 2288 1022 2359 τὴν
1056 2288 1194 2359 μετά
1248 2290 1452 2361 σαρκὸς
1492 2291 1825 2362 οἰκονομίαν.

244 2379 381 2431 Πότε
415 2380 519 2449 γὰρ
562 2378 789 2447 γέγονεν
827 2380 1120 2450 ἀρχιερεὺς
1166 2379 1265 2450 τῆς
1312 2380 1604 2451 ὁμολογίας
1635 2380 1827 2452 ήμῶν;

242 2472 381 2523 Πότε
426 2470 483 2523 δὲ
534 2469 1032 2538 ἀπόστολοςγῐῖότε
1080 2472 1139 2525 δὲ
1184 2472 1374 2536 πιστὸς
1415 2473 1495 2544 τῷ
1542 2474 1830 2544 ποιήσαντι

241 2563 438 2628 αὖτόν;
468 2559 546 2616 Ἦ
582 2564 671 2616 ὅτε
714 2562 781 2615 δι’
809 2565 957 2633 ἡμᾶς
984 2564 1078 2617 καὶ
1110 2564 1251 2636 ὑπὲρ
1280 2565 1436 2635 ἡμῶν
1466 2566 1689 2635 γέγονεν
1732 2565 1828 2620 ἄν-

244 2652 485 2723 θρωπος,
531 2653 628 2706 καὶ
660 2656 801 2706 κατὰ
831 2654 930 2724 τήν
976 2654 1223 2708 Ἰωάννου
1257 2655 1460 2727 φωνὴν,
1499 2676 1517 2707 ι
1564 2657 1622 2709 '0
1659 2657 1832 2726 Λόγος

244 2748 383 2821 σὰρξ
429 2751 665 2818 ἐγένετο.
711 2769 728 2800 ι
771 2750 904 2803 Τότε
954 2749 1033 2820 τῷ
1072 2750 1358 2820 ποιήσαντι
1395 2749 1581 2815 αὑτὸν,
1628 2750 1704 2816 ὡς
1736 2750 1830 2805 ἄν·

243 2840 486 2911 θρωτοος,
519 2844 614 2896 xui.
642 2842 831 2906 πιστὸς
864 2843 1080 2911 ἐγένετο
1104 2842 1327 2914 πληρῶν
1365 2841 1530 2895 αὐτοῦ
1559 2845 1619 2896 τδ
1648 2842 1827 2914 ἔργον,

240 2932 499 3003 καθάπερ
523 2934 684 2996 αὐτὸς
712 2933 864 3001 ἔλεγε
887 2950 901 2964 ο
930 2933 1050 2986 τότε
1097 2933 1321 3002 γέγονεν
1358 2933 1654 2998 ἀπόστολος
1688 2933 1832 3005 ὑπὲρ

239 3023 404 3094 ήμῶν
424 3026 519 3077 καὶ
532 3025 597 3077 δι’
614 3026 760 3095 ἡμᾶς
780 3026 1124 3091 ἀποσταλείς·
1146 3027 1267 3080 τότε
1295 3027 1487 3096 γέγονε
1513 3028 1612 3098 τῆς
1636 3027 1830 3098 ὁμολο-

1924 526 2093 587 Filius
2116 542 2169 588 et
2201 545 2443 603 vocatur,
2471 546 2526 593 et
2560 550 2646 594 est
2676 557 2690 595 :
2729 557 2833 597 non
2894 550 2979 599 est
3010 543 3172 613 igitur
3223 554 3504 600 creatura.

1924 641 2156 712 ALIUD,
2176 646 2471 703 verisimilis
2497 650 2834 731 ratiocinatio
2859 655 3135 710 ostendens
3160 655 3298 725 quod
3324 654 3373 709 F
3376 659 3506 712 ilius

2462 736 2565 775 non
2589 732 2656 776 ιιι
2689 735 2951 784 creatura.

1994 825 2437 898 Sapientissimus
2463 832 2553 889 ille
2614 833 2870 895 Salomon
2925 839 3124 898 alicubi
3173 843 3247 899 ita
3275 844 3498 915 inquit:

1930 938 1949 971 ι
1984 918 2210 975 Omnem
2268 932 2568 980 creaturam
2601 928 2760 985 ducet
2789 929 2929 988 Deus
2989 933 3056 987 ad
3100 934 3363 1003 judicium
3395 934 3496 988 ⁸⁸.»

1925 1010 1983 1066 Si
2003 1027 2133 1084 ergo
2160 1011 2331 1070 Filius
2354 1025 2438 1072 est
2463 1032 2625 1073 unum
2660 1020 2863 1091 aliquid
2899 1037 2964 1079 ει
3024 1025 3243 1091 creatis,
3272 1025 3503 1080 ducetur

1923 1101 2088 1156 etiam
2118 1102 2233 1172 ipse
2264 1104 2316 1158 in
2340 1104 2627 1174 judicium.
2660 1109 2824 1181 Atqui
2847 1113 3114 1180 quomodo
3170 1128 3296 1170 vere
3359 1115 3503 1169 dicet

1926 1189 1992 1244 de
2024 1190 2236 1260 seipso:
2265 1210 2283 1243 ι
2316 1194 2475 1251 Pater
2496 1210 2603 1251 non
2639 1197 2844 1266 judicat
2878 1217 3232 1274 quemquam,
3261 1205 3358 1260 sed
3391 1219 3504 1260 om-

1926 1295 1994 1335 ne
2018 1281 2279 1352 judicium
2305 1284 2451 1341 dedit
2474 1286 2610 1345 Filio
2638 1291 2718 1345 "‘i
2748 1310 2767 1343 ι
2786 1292 2893 1347 Aut
2915 1296 3185 1364 quomodo
3214 1311 3318 1351 non
3350 1312 3503 1352 meu-

1926 1374 2093 1429 tietur
2145 1376 2336 1435 Daniel
2392 1382 2599 1450 dicens,
2651 1386 2795 1453 quod
2856 1386 2957 1456 ipsi
2994 1388 3178 1442 datum
3226 1398 3311 1443 est
3353 1387 3502 1458 judi-

1927 1465 2068 1520 cium
2097 1468 2190 1522 "?
2223 1469 2328 1526 Sed
2360 1487 2487 1528 vere
2530 1476 2661 1530 dicit
2707 1493 2719 1528 :
2762 1477 2876 1546 ipse
2928 1478 3074 1533 enim
3128 1487 3384 1535 venturus
3421 1490 3504 1535 est

1927 1559 1992 1613 ad
2015 1560 2366 1629 judicandum
2398 1568 2546 1621 vivos
2572 1579 2626 1622 et
2665 1580 2905 1625 mortuos
2938 1570 3025 1625 σθ’.
3052 1570 3171 1626 Non
3232 1582 3315 1627 est
3345 1574 3506 1644 igitur

1926 1662 2197 1722 creatura,
2219 1670 2392 1725 neque
2423 1673 2562 1714 unus
2592 1675 2656 1714 ex
2681 1661 2950 1728 onmibus,
2975 1677 3040 1718 ne
3065 1662 3318 1718 nimirum
3340 1665 3504 1719 etiam

1855 1785 1897 1839 Β
1929 1742 2041 1811 ipse
2071 1746 2123 1799 in
2152 1745 2413 1814 judicium
2447 1750 2699 1805 ducatur.

1930 1857 2159 1926 ALIUD,
2181 1862 2490 1939 cmplicatius
2520 1867 2578 1939 in
2598 1866 2753 1931 illud,
2791 1886 2809 1919 ι
2848 1866 3185 1939 Considerate
3214 1873 3507 1939 apOstolum

1998 1940 2045 1982 et
2077 1934 2376 2011 pentificem
2404 1936 2748 2011 confessionis
2783 1947 2979 1992 nostrte
3000 1938 3181 1993 Iesum
3214 1934 3505 2011 Christum,

1997 2003 2084 2067 qui
2104 2001 2370 2080 ﬁdelis-est
2408 2006 2455 2057 ei
2469 2001 2557 2080 qui
2580 2008 2701 2074 fecit
2733 2010 2901 2077 ipsum
2938 2024 2958 2064 :
2987 2028 3004 2060 ι
3044 2022 3091 2064 et
3119 2011 3360 2080 deinceps
3388 2001 3507 2068 veru
3542 2072 3545 2073 ν

1989 2073 2245 2124 sententia
2271 2072 2428 2142 hujus
2456 2072 2606 2131 dicti.

2004 2182 2120 2238 Non
2147 2195 2394 2241 naturam
2432 2187 2590 2244 Verbi
2624 2191 2905 2249 declarans
2939 2193 3137 2251 Paulus
3194 2197 3309 2252 haec
3346 2198 3504 2264 dixit,

1932 2274 2027 2329 sed
2049 2274 2191 2331 illius
2224 2279 2676 2338 incarnationem.
2739 2284 2965 2351 Quando
2992 2287 3137 2341 enim
3196 2287 3376 2344 factus
3422 2300 3508 2344 est

1931 2369 2175 2438 pontifex
2224 2372 2589 2432 confessionis
2631 2378 2869 2433 nostrae?
2920 2380 3137 2449 quando
3198 2380 3506 2451 apostolus?

1933 2461 2151 2531 quando
2185 2464 2359 2520 ﬁdelis
2398 2467 2447 2521 ei
2497 2468 2587 2537 qui
2642 2469 2816 2539 ipsum
2861 2464 3025 2527 fecit?
3066 2471 3255 2529 Nonne
3290 2477 3507 2544 quando

1932 2562 2157 2621 propter
2216 2568 2316 2609 nos
2375 2564 2430 2610 et
2487 2571 2584 2627 pro
2632 2560 2787 2616 nobis
2836 2560 3010 2616 factus
3049 2574 3133 2618 est
3160 2564 3345 2631 homo,
3370 2574 3424 2619 et
3451 2576 3509 2617 ut

1931 2642 2169 2699 Joannes
2223 2648 2432 2715 scribit,
2472 2667 2492 2702 ι
2546 2650 2779 2706 Verbum
2830 2668 2959 2709 caro
2996 2653 3195 2710 factum
3249 2656 3441 2711 est“?
3484 2674 3500 2707 ι

1933 2734 2086 2791 Tunc
2112 2737 2304 2795 factori
2330 2756 2449 2811 suo,
2486 2752 2544 2798 ut
2572 2746 2756 2813 homo,
2786 2747 2958 2803 ﬁdelis
2982 2748 3156 2803 factus
3185 2758 3289 2815 est,
3343 2750 3506 2818 perii-

1934 2830 2085 2885 cieus
2108 2844 2243 2900 opus
2268 2832 2430 2902 illius,
2471 2836 2614 2892 sicut
2641 2838 2756 2907 ipse
2797 2848 3025 2895 testatur
3046 2840 3112 2871 "‘
3141 2856 3155 2893 :
3184 2848 3311 2896 tunc
3343 2841 3508 2895 etiam

1932 2924 2205 2993 apostolus
2226 2925 2403 2985 factus
2415 2938 2518 2994 est,
2549 2946 2647 3001 pro
2670 2934 2825 2988 nobis
2850 2941 2903 2988 et
2924 2944 3144 3005 pr0pter
3166 2951 3263 2991 nos
3282 2936 3504 2991 missus:

1936 3023 2061 3072 tunc
2083 3016 2257 3074 factus
2290 3030 2372 3075 est
2395 3023 2636 3090 pontifex
2660 3024 3017 3082 confessionis
3037 3037 3259 3093 nostrae,
3275 3027 3507 3084 offerens

240 3120 373 3189 γίας
396 3120 554 3190 ήμῶν
578 3121 889 3191 ἀρχιερεὺς,
918 3122 1244 3193 προσφέρων
1276 3123 1377 3192 τῆς
1402 3122 1640 3185 πίστεως
1670 3123 1826 3192 ήμῶν

1934 3112 2332 3169 confessionem
2373 3116 2491 3171 ﬁdei
2539 3126 2740 3173 nostra:
2772 3117 2942 3187 Patri,
2988 3129 3043 3175 et
3086 3136 3282 3192 corpus
3326 3137 3506 3186 suum,

239 3214 342 3285 τὴν
381 3214 674 3284 ὁμολογίαν
704 3214 781 3285 τῷ
824 3215 1022 3286 Πατρι,
1050 3215 1145 3267 καὶ
1172 3215 1231 3267 τὸ
1260 3214 1389 3269 ἴδιον
1436 3214 1615 3286 σῶμα,
1653 3214 1827 3268 καθά-

240 3323 352 3378 περ
383 3324 435 3358 τι
465 3305 613 3377 θῦμα
661 3307 955 3377 προσάγων
1007 3307 1259 3379 ἄμωμον,
1300 3309 1386 3361 ἵνα
1427 3308 1635 3372 πάντας
1682 3311 1831 3380 ἡμᾶς

238 3400 309 3452 δι’
359 3398 526 3452 αὑτοῦ
566 3398 859 3472 καθαρίσῃ.
892 3401 988 3453 Ἂν
1035 3401 1216 3456 τοίνυν
1262 3402 1487 3473 λέγηται
1520 3403 1648 3473 περὶ
1701 3402 1830 3456 Υίοῦ

240 3492 325 3543 ὅτι
362 3490 554 3558 γέγονε
604 3491 817 3557 πιστὸς,
854 3493 934 3546 ότι
966 3492 1188 3563 γέγονεν
1239 3494 1557 3559 ἀπόστολος,
1609 3494 1831 3564 γέγονεν

242 3584 561 3652 ἀρχιερεὺς,
602 3585 676 3655 μὴ
713 3586 853 3639 κατά
898 3586 999 3656 τῆς
1043 3588 1232 3651 οὐσίας
1263 3587 1427 3641 αὐτοῦ
1478 3588 1727 3659 φερέσθω
1772 3590 1833 3642 τὸ

245 3676 419 3747 ῥῆμα.
468 3677 608 3730 ἀλλὰ
653 3678 795 3732 κατά
839 3682 939 3751 τῆς
980 3679 1090 3733 τῶν
1141 3681 1481 3753 πραγμάτων
1526 3684 1829 3754 ποιότητος.

258 3767 480 3838 Ἐπειδὴ
501 3768 839 3834 καὶΠαῦλος,
880 3770 1167 3842 ἄνθρωπος
1195 3773 1271 3827 ὢν
1293 3775 1387 3827 καὶ
1416 3774 1678 3845 ὑπάρχων
1704 3776 1828 3847 ήδη,

244 3860 472 3928 γέγονεν
508 3861 824 3927 ἀπόστολος,
863 3863 959 3916 καὶ
997 3865 1203 3936 Μωσῆς
1230 3865 1488 3930 ὡσαύτως
1517 3868 1709 3936 γέγονε
1739 3885 1831 3920 πι-

246 3952 373 4014 στὸς
405 3953 460 4006 ὲν
512 3952 620 4022 όλῳ
656 3954 736 4023 τῷ
785 3954 919 4026 οἴκῳ
951 3956 1139 4021 αὑτοῦ,
1184 3958 1277 4013 καὶ
1317 3957 1527 4029 Ἀαρὼν
1569 3958 1832 4023 ὡσαύτως

239 4040 469 4110 γέγονεν
505 4045 798 4117 ἀρχιερεὺς
844 4049 902 4101 ὲν
934 4048 1111 4118 ἑαυτῷ
1140 4051 1235 4103 καὶ
1274 4050 1442 4105 πάλαι
1469 4051 1560 4106 τὸν
1602 4053 1833 4125 Σωτῆρα

243 4136 496 4208 μορφῶν.
528 4136 740 4209 Ὂνπερ
773 4141 882 4211 γὰρ
909 4141 1110 4211 τρόπον
1138 4143 1167 4195 ό
1202 4142 1410 4215 Ἀαρὼν
1439 4143 1538 4197 οὐκ
1567 4145 1830 4217 ἐγεννήθη

244 4225 351 4296 μὲν
379 4226 693 4299 ἀρχιερεὺς,
730 4230 945 4294 πολλοῖς
972 4231 1027 4285 δὲ
1064 4232 1289 4304 ὕστερον
1320 4235 1532 4305 χρόνοις
1553 4236 1712 4290 τοῦτο
1743 4237 1834 4306 γέ·

236 4334 393 4386 τονε,
425 4318 519 4371 τὸν
548 4320 757 4392 ποδήρη
809 4323 1257 4396 περιϐαλόμενος,
1297 4327 1391 4380 καὶ
1423 4326 1521 4400 τὴν
1561 4328 1830 4398 ἐπωμίδα,

240 4410 341 4461 καὶ
370 4409 443 4462 τὰ
469 4410 605 4465 ἄλλα
636 4411 739 4482 τῆς
786 4415 1070 4486 ἱερατικῆς
1109 4417 1334 4489 ἐσθῆτος
1369 4420 1645 4490 σχήματα,
1689 4419 1832 4491 ἅπερ

238 4495 312 4571 ἦν
341 4501 485 4574 ἔργα
537 4506 847 4573 γυναικῶνο
900 4509 990 4561 τὸν
1024 4510 1186 4565 αὑτὸν
1218 4512 1282 4581 δὴ
1338 4514 1540 4583 τρόπον
1587 4512 1680 4565 καὶ
1739 4512 1831 4564 ἐπὶ

238 4595 507 4666 Χριστοῦ.
542 4594 650 4651 Ἦν
697 4599 794 4669 μὲν
834 4601 941 4672 γὰρ
967 4602 995 4653 ό
1031 4603 1203 4671 Λόγος
1236 4606 1293 4659 ὲν
1342 4606 1506 4678 ἀρχῇ,
1549 4604 1728 4674 πολλῷ
1774 4604 1831 4657 δὲ

240 4686 477 4758 ὕστερον
507 4690 683 4762 χρόνῳ
716 4692 938 4761 γέγονεν
960 4696 1102 4766 ὑπὲρ
1128 4697 1284 4768 ήμῶν
1311 4699 1621 4769 ἀρχιερεὺς,
1645 4697 1834 4769 ὥσπερ

237 4780 369 4831 τινὰ
424 4781 634 4853 ποδήρη
670 4784 760 4836 τὸν
804 4786 867 4838 ὲκ
909 4789 1166 4856 γυναικὸς
1212 4789 1496 4862 ἄνθρωπον
1543 4792 1662 4863 ἦτοι
1711 4792 1835 4847 ναὸν

241 4872 541 4927 ἀναλαϐών
565 4892 579 4905 ·
616 4877 705 4931 ἵνα
748 4878 825 4949 τῷ
860 4879 974 4951 ἰδίῳ
1010 4882 1201 4953 αἵματι
1252 4883 1525 4958 καθαρίσῃ
1562 4884 1656 4938 τὸν
1684 4885 1832 4953 λαὸν,

238 4965 446 5017 ἑαυτὸν
492 4971 877 5038 προσενεγκὼν
930 4973 1005 5037 ὡς
1058 4976 1228 5045 ἀμνὸν
1280 4977 1511 5047 ἄμωμον
1556 4978 1632 5048 τῷ
1679 4979 1832 5049 Θεῷ⁶

244 5076 265 5108 σ
311 5059 388 5111 Οὔ
424 5060 534 5130 γὰρ
573 5063 830 5135 ἐποίησεν
864 5067 1157 5137 ἁμαρτίαν,
1197 5070 1317 5124 οὐδὲ
1360 5071 1558 5143 εὑρέθη
1595 5072 1744 5135 δόλος
1779 5075 1836 5127 ἐν

233 5149 321 5217 τῷ
367 5151 597 5222 στόματι
630 5155 819 5210 αὑτοῦ.
862 5178 881 5211 ι

240 5268 378 5318 Ὀτι
412 5268 597 5343 οὐδὲν
617 5270 824 5343 ἕτερον
854 5277 1178 5343 σημαίνειν
1210 5279 1499 5342 ,βούλεται
1518 5278 1585 5333 τὸ
1627 5282 1834 5343 πιστὸς,

530 5342 569 5407 ἧ
613 5341 701 5395 ὅτι
739 5341 1130 5416 ἀληθινδςτκαί
1172 5341 1550 5413 ἀναλλοίωτος.

320 5453 523 5519 Πιστὸς
554 5446 582 5510 ὃ
615 5459 805 5531 Σωτήρ
840 5462 1081 5516 καλεῖται
1105 5463 1347 5529 δικαίως,
1377 5465 1507 5535 μίαν
1534 5466 1675 5537 ὑπὲρ
1700 5467 1833 5519 πάν-

1934 3205 2097 3259 veluti
2133 3208 2528 3265 immaculatam
2576 3214 2865 3281 quamdam
2942 3215 3172 3269 hostiam
3216 3216 3508 3280 adducens,

1934 3306 1992 3349 ut
2022 3313 2212 3353 omnes
2246 3316 2345 3355 nos
2375 3316 2471 3370 per
2503 3303 2679 3372 ipsum
2717 3308 3016 3360 mundaret.
3046 3304 3103 3361 Si
3133 3320 3262 3373 ergo
3321 3308 3387 3362 de
3424 3307 3513 3361 Fi-

1933 3384 2005 3441 lio
2032 3388 2251 3454 dicitur,
2281 3393 2425 3461 quod
2462 3390 2637 3448 factus
2680 3393 2755 3448 sit
2801 3394 2997 3463 fidelis,
3026 3398 3167 3465 quod
3202 3396 3379 3450 factus
3440 3398 3514 3452 sit

1933 3480 2229 3545 apostolus,
2262 3482 2436 3538 factus
2454 3484 2732 3554 pontifex;
2763 3502 2868 3543 non
2896 3488 2962 3543 ad
3004 3491 3296 3545 essentiam
3342 3490 3513 3559 ipsius

1934 3572 2134 3627 dictum
2163 3574 2503 3632 referendum
2528 3589 2631 3645 est,
2668 3583 2761 3638 sed
2789 3586 2855 3638 ad
2887 3585 3201 3653 qualitatem
3233 3589 3398 3663 215,
3423 3603 3512 3643 re-

1935 3678 2076 3716 rum.
2152 3663 2434 3736 Siquidem
2468 3677 2521 3722 et
2545 3669 2741 3725 Paulus
2771 3672 2932 3728 homo
2958 3689 3078 3729 cum
3109 3688 3273 3742 esset,
3313 3690 3367 3730 et
3400 3679 3511 3743 jam

1933 3757 2240 3823 exsisteret,
2273 3758 2447 3813 factus
2474 3769 2557 3815 est
2577 3762 2850 3830 apostolus
2878 3785 2891 3820 :
2922 3774 2977 3820 et
2997 3766 3175 3822 Moses
3199 3767 3385 3821 eadem
3421 3784 3511 3820 ra-

1937 3851 2081 3907 tione
2112 3851 2291 3907 factus
2320 3861 2403 3906 est
2435 3852 2628 3919 ﬁdelis,
2666 3854 2719 3908 in
2753 3866 2863 3911 tota
2902 3857 3064 3912 domo
3085 3860 3203 3928 ejus
3239 3859 3309 3911 ι’.
3337 3857 3512 3913 Simili

1935 3946 2095 4001 modo
2124 3946 2288 4001 etiam
2315 3947 2494 4002 Aaron
2541 3946 2717 4004 factus
2767 3958 2851 4003 est
2903 3948 3167 4020 pontifex,
3213 3950 3512 4005 Salvatoris

1936 4048 2119 4109 typum
2151 4040 2265 4109 jam
2313 4040 2442 4093 olim
2496 4040 2549 4094 in
2618 4055 2677 4097 se
2722 4041 2987 4098 referens.
3044 4043 3509 4110 Quemadmodum

1935 4131 2077 4184 enim
2113 4132 2294 4187 Aaron
2326 4147 2432 4186 non
2463 4141 2543 4187 est
2573 4141 2732 4188 natus
2760 4132 3123 4203 pontifex,sed
3161 4133 3344 4187 multis
3360 4145 3512 4204 post-

1935 4238 1998 4277 ea
2052 4225 2383 4292 temporibus
2430 4224 2483 4279 id
2515 4224 2687 4280 factus
2715 4237 2821 4293 est,
2860 4226 3082 4281 talarem
3111 4238 3315 4282 vestem
3356 4227 3513 4281 indu-

1938 4327 2046 4385 tus,
2076 4328 2124 4373 et
2152 4320 2615 4389 super‘humerale,
2648 4320 2963 4389 reliquaque
3008 4322 3333 4391 pontiﬁcalis
3355 4322 3510 4376 habi-

1938 4419 2024 4464 tus
2056 4424 2373 4466 ornamenta
2407 4428 2435 4466 a
2461 4412 2775 4467 mulieribus
2799 4413 3043 4468 confecta
3076 4434 3090 4470 :
3153 4417 3293 4470 idem
3356 4416 3515 4486 plane

1937 4503 2004 4557 de
2025 4502 2242 4557 Christo
2272 4504 2434 4558 etiam
2464 4508 2789 4559 censendum
2814 4515 2915 4560 est.
2954 4507 3080 4562 Erat
3104 4511 3245 4563 enim
3280 4510 3512 4564 Verbum

1938 4600 1989 4653 in
2020 4601 2288 4671 principio
2324 4617 2339 4656 :
2392 4599 2575 4654 multis
2601 4613 2732 4653 vero
2756 4608 2943 4667 postea
2965 4602 3296 4669 temporibus
3343 4602 3514 4654 lactus

1936 4704 2017 4749 est
2051 4708 2147 4761 pro
2174 4692 2328 4746 nobis
2356 4691 2617 4761 pontifex,
2644 4691 2914 4745 hominem
2946 4705 3011 4745 ex
3070 4692 3295 4747 muliere
3351 4693 3511 4746 veluti

1941 4788 2162 4843 talarem
2193 4796 2396 4841 vestem
2428 4787 2541 4841 sive
2580 4784 2834 4855 templum
2869 4800 3173 4850 assumens,
3210 4797 3264 4839 ut
3294 4788 3517 4854 proprio

1937 4897 2035 4938 suo
2066 4880 2326 4947 sanguine
2356 4878 2606 4947 populum
2640 4879 2949 4943 mundat-et,
2978 4888 3035 4933 ut
3057 4878 3292 4946 seipsum
3350 4882 3517 4931 veluti

1937 4991 2132 5046 agnum
2182 4973 2586 5028 immaculatum
2654 4971 2761 5027 Deo
2800 4971 3063 5027 offerret:
3101 4991 3120 5023 ι
3158 4970 3346 5039 Neque
3370 4973 3512 5026 cnim

1940 5069 2067 5123 fecit
2121 5078 2422 5136 peccatum,
2479 5080 2652 5133 neque
2699 5064 2950 5120 inventus
3009 5073 3090 5120 est
3117 5064 3269 5120 dolus
3307 5066 3359 5120 iu
3423 5081 3524 5119 oro

1938 5162 2052 5229 ejus
2080 5160 2145 5216 ⁵³.
2192 5179 2209 5211 ι

1941 5276 2093 5343 Quod
2125 5274 2295 5331 ﬁdelis
2328 5272 2459 5329 nihil
2483 5273 2630 5356 aliud
2658 5275 2910 5399 signiﬁcet
2940 5290 3100 5344 quant
3155 5289 3313 5330 verus
3366 5284 3521 5343 atque

2540 5356 2763 5398 unmuta
2807 5361 2908 5399 IIS.

2540 5356 2908 5399 unmutabtlts.

2011 5462 2268 5518 Servator
2299 5470 2482 5516 uoster
2518 5462 2713 5516 merito
2736 5472 2967 5517 meatur.
2992 5461 3183 5526 fidelis,
3209 5463 3406 5533 quippe
3428 5462 3519 5532 qui

236 5561 355 5600 των
412 5545 602 5602 θυσίαν
653 5553 1054 5622 προσενεγκὼν,
1098 5556 1197 5626 τὴν
1253 5556 1422 5629 αὐτὴν
1474 5557 1560 5610 ἀεὶ
1600 5557 1693 5611 καὶ
1740 5559 1828 5611 οὐκ

1940 5571 2101 5611 unam
2134 5569 2229 5624 pro
2251 5552 2507 5611 omnibus
2538 5553 2771 5609 hostiam
2796 5553 3009 5619 obtulit,
3036 5570 3155 5624 quae
3188 5568 3403 5623 semper
3427 5566 3521 5606 ea-

324 5712 577 5788 ³⁹Εοεια
611 5731 709 5776 κίεν
742 5718 826 5777 U-
908 5718 950 5750 "
984 5719 1137 5774 Jnau.
1163 5738 1216 5784 ν,
1251 5722 1338 5776 22.
1422 5725 1466 5755 '°
1498 5724 1628 5780 Dan.
1652 5740 1742 5783 γυ.
1779 5722 1972 5788 15,Η.
2055 5723 2119 5754 Μ’
2144 5718 2184 5775 ll
2210 5718 2349 5775 Tim.
2384 5718 2523 5785 tv,i.
2603 5718 2642 5747 ⁵¹
2681 5714 2833 5773 Joan.
2865 5734 2903 5785 ι,
2938 5717 3021 5771 is.
3086 5701 3347 5767 "1°.loan.
3381 5718 3514 5765 xm.

237 5784 299 5837 δ.
378 5785 425 5816 ⁸¹
457 5788 618 5843 Nunt.
663 5806 759 5849 xu.
797 5790 851 5845 7.
930 5791 974 5822 "
1004 5790 1020 5842 l
1052 5790 1175 5846 Pelr
1225 5806 1284 5855 ll,
1317 5794 1410 5850 2'25.

572 5883 850 5948 I’nnon.
901 5884 1020 5949 Gn.
1076 5887 1325 5949 LXXV.

3126 5868 3194 5927 1‘2

3160 5908 3193 5926 ά
