4106 6204
538 349 641 407 565

1502 338 1584 392 ‘S.
1626 334 1903 391 CYlliLLl
1943 331 2412 388 ALEXANDRIM
2454 331 2773 388 ARCIIIEP.

3701 334 3805 388 36%

537 461 653 512 dem
686 465 791 521 est,
825 468 1002 524 neque
1032 469 1272 525 unquam
1309 462 1566 508 mutatur.
1597 469 1616 502 ι
1656 450 1835 504 Semel
1855 450 1997 503 enim
2023 465 2097 519 pri

2226 448 2641 521 ἀλλαττομένην.
2682 469 2700 501 ι
2739 447 2924 509 Ἄπιιέ
2957 449 3064 519 γὰρ
3098 449 3384 505 ἀποθανὼν
3428 448 3567 520 ὑπὲρ
3621 452 3780 521 ἡμῶν
3803 467 3814 485 ο

541 549 697 602 nobis
725 557 999 613 mortuus,
1030 562 1138 602 non
1177 546 1377 601 videbit
1404 542 1634 611 amplius
1650 550 1876 596 mortem
1900 541 1966 594 “.
1999 561 2017 591 ι
2050 542 2115 595 Et

531 652 749 692 rursum
785 636 1080 707 Apostolus
1107 635 1174 689 ad
1201 633 1511 689 Corinthios
1538 632 1801 695 scribens,
1833 632 1942 686 ait:
1981 650 1999 683 ι
2025 631 2113 685 Fi—

527 730 662 783 delis
694 728 857 794 Deus,
889 743 987 798 per
1009 741 1170 796 quem
1196 725 1368 780 vocati
1404 726 1539 780 estis
1567 724 1620 778 iit
1651 724 1960 779 societatem
1989 722 2111 777 Filii

525 822 641 890 ejus
670 820 737 874 ³⁸.
776 839 795 871 ι
842 818 1102 874 Similiter
1128 827 1184 873 et
1216 816 1411 872 Petrus
1441 834 1457 870 :
1496 836 1514 869 ι
1548 816 1673 872 Ideo
1701 816 1739 871 ii
1764 816 1858 889 qui
1898 816 2112 886 patiun-

526 922 634 973 tur,
658 910 802 965 ﬁdeli
835 907 1079 965 Creatori
1126 906 1513 967 commendent
1565 906 1776 961 animas
1831 920 1957 961 suas
1981 902 2049 959 “.
2084 922 2104 956 ι

523 998 723 1053 Paulus
763 999 931 1052 etiam
995 998 1061 1052 ad
1118 994 1679 1055 Thessalonicenses:
1720 1016 1738 1047 ι
1779 996 1981 1053 Fidelis
2028 1005 2113 1051 est

522 1094 610 1159 qui
638 1106 735 1144 nos
763 1090 995 1156 vocavit,
1019 1090 1108 1162 qui
1137 1100 1191 1145 et
1237 1090 1400 1147 faciet
1428 1092 1496 1146 ⁵⁷.
1535 1110 1555 1145 ι
1590 1090 1657 1145 Et
1688 1090 1754 1144 ad
1787 1088 1956 1145 alios:
2000 1107 2018 1141 ι
2051 1087 2108 1145 Si

522 1181 783 1239 increduli
814 1181 1095 1249 fuerimus,
1117 1183 1204 1238 ille
1228 1184 1407 1238 ﬁdelis
1437 1181 1885 1254 permanet.Nam
1912 1192 2111 1238 semet-

520 1274 695 1344 ipsum
737 1275 1007 1347 abnegare
1027 1290 1136 1331 non
1165 1285 1344 1347 potest
1402 1276 1467 1331 ⁵⁸.
1511 1295 1532 1327 ι
1561 1275 1763 1333 Fidelis
1813 1276 1979 1346 igitur
2027 1283 2110 1329 est

519 1367 784 1435 Christus,
873 1369 999 1440 quia
1068 1377 1124 1423 et
1193 1368 1356 1423 homo
1406 1366 1608 1424 .iactus
1701 1366 1906 1423 mansit
1967 1364 2107 1420 idem

519 1474 693 1530 usque
744 1477 908 1526 nunc,
977 1471 1033 1517 et
1084 1461 1137 1519 in
1179 1461 1375 1517 mula
1410 1478 1423 1515 :
1459 1472 1621 1531 atque
1677 1461 1748 1514 ita
1796 1459 2013 1529 quidem
2043 1456 2107 1510 ιι.

518 1554 653 1609 delis
689 1561 793 1619 est,
823 1554 960 1608 sicut
981 1562 1035 1609 et
1062 1551 1229 1608 Pater
1265 1552 1437 1608 ﬁdelis
1461 1552 1663 1607 dicitur
1699 1551 1751 1605 in
1772 1565 1930 1607 sacra
1958 1548 2105 1604 Seri-

516 1655 605 1713 ptu
616 1660 690 1699 ra.

515 1775 583 1831 In
611 1776 772 1841 illud,
806 1796 823 1828 ι
868 1777 1123 1831 Firmiter
1147 1780 1312 1848 igitur
1335 1781 1463 1832 sciat
1491 1780 1663 1831 omnis
1687 1779 1869 1831 donius
1903 1775 2095 1844 Israel,

583 1848 709 1917 quia
746 1848 1031 1902 Dominum
1064 1850 1232 1916 ipsum
1262 1858 1308 1901 et
1352 1849 1617 1904 Christum
1646 1849 1769 1916 fecit
1789 1848 1928 1902 Deus
1958 1850 2095 1899 hunc
2127 1858 2168 1912 Β

587 1916 794 1985 Iesum,
826 1934 977 1989 quem
1007 1919 1347 1986 cruciﬁxislis
1374 1918 1439 1974 ⁸³.
1474 1938 1499 1969 ν»

583 2113 814 2170 Necesse
843 2130 1032 2170 rursus
1062 2124 1166 2180 est,
1198 2124 1254 2169 ut
1289 2116 1376 2169 hic
1413 2114 1659 2179 verbum,
1692 2132 1710 2165 ι
1756 2114 1911 2183 fecit,
1943 2136 1960 2167 ι
1990 2133 2097 2172 non

513 2210 580 2262 ad
629 2207 924 2263 essentiam
956 2204 1117 2261 Verbi
1166 2205 1481 2261 referatur:
1542 2219 1720 2276 neque
1764 2207 2099 2264 exsistentite

513 2301 632 2357 Filii
668 2308 888 2370 propter
924 2299 1031 2354 hoc
1072 2313 1269 2355 nomen
1310 2298 1592 2354 insultare.
1621 2298 1756 2354 Nam
1788 2301 1837 2355 si
1870 2301 2095 2356 verbum

518 2414 536 2444 ι
573 2393 721 2459 fecit,
761 2411 780 2443 ι
823 2391 1146 2449 naturaliter
1169 2392 1419 2460 accipere
1444 2391 1598 2456 velis,
1622 2401 1768 2447 recte
1806 2392 1872 2447 de
1898 2393 2098 2462 templo

510 2504 577 2542 ea
620 2484 785 2542 Maria
818 2483 963 2539 facto
995 2482 1345 2552 interpretari
1386 2483 1634 2550 poteris;
1684 2482 1730 2537 si
1784 2495 1913 2537 vero
1973 2494 2099 2553 apto

510 2589 673 2649 atque
707 2579 780 2633 ita
836 2587 895 2630 ut
949 2584 1189 2644 oportet,
1253 2572 1389 2627 nihil
1431 2576 1498 2627 ad
1554 2573 1809 2629 Verbum.
1854 2574 2095 2645 Exempli

510 2673 681 2742 gratia
722 2688 737 2726 :
784 2668 885 2735 Qui
916 2667 1047 2723 olim
1080 2680 1283 2736 pauper
1308 2675 1449 2729 erat,
1475 2662 1649 2719 factus
1686 2677 1767 2720 est
1790 2666 1968 2732 dives;
2006 2676 2098 2721 aut

510 2764 602 2835 qui
638 2763 720 2818 ab-
739 2761 895 2816 initio
921 2759 1182 2829 propheta
1213 2773 1318 2812 non
1346 2767 1486 2823 erat,
1516 2757 1569 2811 in
1598 2758 1917 2827 prophetam
1937 2775 1965 2812 a
1986 2758 2099 2814 Deo

508 2857 716 2912 electus
749 2862 860 2909 est;
884 2852 1019 2906 Nam
1045 2852 1098 2905 in
1129 2850 1433 2920 hujustuodi
1466 2850 1853 2914 locationibus,
1876 2870 1895 2904 ι
1925 2852 2098 2907 factus

509 2958 592 3006 est
622 2968 641 3001 ι
676 2963 782 3003 non
815 2945 1137 3016 principium
1165 2942 1329 3013 215
1356 2943 1652 3001 exsisteudi
1689 2942 1977 3012 signiﬁcat,
2003 2945 2095 3000 sed

512 3039 907 3097 traductionem
938 3036 990 3090 in
1022 3034 1169 3089 aliud
1192 3049 1355 3105 quam
1406 3043 1546 3088 erat.
1595 3032 1882 3101 Quomodo
1934 3036 2099 3105 igitur

512 3134 651 3187 Deus
672 3126 1102 3183 Jesum~fecerit
1153 3125 1439 3180 Dominum
1480 3126 1567 3193 pie
1595 3127 1941 3194 quaerendum
1991 3135 2094 3183 est.

2217 542 2316 595 οὐκ
2348 543 2536 611 ὄψεται
2568 542 2798 595 θάνατον
2820 542 2883 595 ὲκ
2909 542 3186 614 δευτέρου.
3216 560 3234 595 ι
3269 543 3378 595 Καὶ
3402 541 3609 595 πάλινὸ
3647 543 3808 595 Ἀπό-

2217 636 2403 698 στολος
2448 634 2780 689 ἐπιστέλλων
2810 637 2920 689 τισὶ
2960 635 3141 704 λέγει’
3182 653 3201 687 ι
3244 635 3442 698 Πιστὸς
3483 634 3513 686 6
3557 634 3711 698 Θεὸς,
3737 635 3797 687 δι’

2214 716 2276 778 οὖ
2306 722 2575 793 ἐκλήθητε
2611 724 2693 787 εἰς
2723 723 3010 781 κοινωνίαν
3031 724 3125 778 τοῦ
3162 723 3293 779 Υίοῦ
3324 723 3511 778 αὐτοῦ.
3550 743 3568 776 ι
3598 724 3802 795 Πέτρος

2213 811 2417 885 ὁμοίως
2439 827 2451 840 ·
2488 813 2686 867 «Ὥστε
2720 814 2813 869 καὶ
2842 815 2891 869 oi
2934 814 3238 884 πάσχοντες
3271 813 3449 885 πιστῷ
3467 813 3660 886 κτίστῃ
3696 832 3799 868 πα-

2217 902 2620 975 ρατιθέσθωσαν
2665 903 2764 969 τὰς
2810 905 2989 977 ψυχὰς
3039 905 3239 962 αὐτῶν.
3291 924 3310 958 ι
3361 906 3420 960 Ὀ
3480 906 3801 968 ’Δπόστολος

2212 996 2699 1051 Θεσσαλονικεῦσι·
2753 1014 2773 1049 ι
2821 997 3019 1062 Πιστὸς
3066 1000 3095 1052 6
3152 998 3335 1052 καλῶν
3387 999 3557 1069 ἡμᾶς,
3609 998 3668 1062 ὃς
3706 998 3800 1052 καὶ

2210 1089 2450 1160 ποιήσει.
2494 1110 2511 1141 ι
2548 1089 2659 1143 Καὶ
2676 1089 2880 1161 ὁμοίως
2907 1090 3044 1161 πρὸς
3063 1090 3318 1160 ἑτέρουςο
3356 1110 3372 1140 ι
3410 1090 3474 1142 Εἰ
3504 1089 3799 1161 ἀπιστήσο-

2214 1198 2334 1250 μεν,
2365 1180 2573 1244 ἐκεῖνος
2619 1180 2810 1242 πιστὸς
2841 1180 3017 1250 μένει.
3051 1199 3072 1233 s
3118 1179 3486 1252 ’Δρνήσασθαι
3529 1177 3638 1247 γὰρ
3670 1178 3798 1231 ἐαυ-

2210 1272 2301 1325 τὸν
2328 1271 2387 1324 ού
2412 1270 2661 1326 δύναται.
2693 1269 2891 1334 Πιστὸς
2917 1266 3008 1324 οῦν
3027 1273 3055 1323 6
3079 1270 3337 1342 Χριστὸς,
3364 1269 3447 1323 ὅτι
3472 1270 3566 1322 καὶ
3587 1269 3797 1341 ἄνθρω-

2210 1380 2311 1427 πος
2340 1361 2601 1432 γεγονὼς,
2623 1361 2835 1432 ἔμεινεν
2862 1363 2889 1414 6
2913 1361 3094 1426 αὐτὸς,
3121 1360 3269 1431 χθὲς,
3299 1360 3393 1414 καὶ
3415 1361 3676 1431 σήμερον,
3701 1360 3795 1412 καὶ

2208 1454 2288 1518 εἰς
2315 1454 2442 1518 τοὺς
2474 1454 2675 1519 αἰῶνας
2701 1472 2714 1484 θ
2751 1456 2846 1508 καὶ
2878 1455 3065 1518 πιστὸς
3091 1454 3285 1518 οὕτως,
3318 1456 3394 1517 ὡς
3422 1454 3518 1507 καὶ
3541 1454 3569 1506 6
3604 1453 3794 1523 Πατὴρ

2206 1543 2346 1601 εἶναι
2374 1546 2591 1617 λέγεται
2617 1548 2806 1612 πιστὸς
2847 1547 2999 1618 παρὰ
3020 1549 3139 1612 ταῖς
3170 1547 3342 1611 θείαις
3383 1546 3648 1618 Γραφαῖς.

2206 1769 2308 1833 Εἰς
2349 1767 2436 1833 τὸ,
2497 1786 2515 1819 ι
2558 1768 2867 1838 Ἀσφαλῶς
2916 1764 3029 1822 οὖν
3076 1770 3415 1838 γινωσκέτω
3455 1767 3573 1834 πᾶς
3628 1764 3793 1833 οἶκος

2283 1838 2545 1907 Ἰσραὴλ,
2597 1839 2686 1893 ὅτι
2737 1840 2835 1892 καὶ
2891 1841 3114 1905 Κύριον
3160 1839 3347 1892 αὐτὸν
3397 1839 3495 1892 καὶ
3534 1839 3793 1907 Χριστὸν

2267 1908 2559 1976 ἐποίησεν
2614 1912 2647 1963 d
2698 1909 2843 1976 Θεὸς
2893 1908 3109 1964 τοῦτον
3175 1908 3455 1976 Ἰησοῦν,
3507 1909 3579 1963 ὃν
3624 1908 3793 1977 ὑμεῖς

2267 1979 2709 2047 ἐσταυρώσατε.
2747 1999 2766 2030 s
2886 1992 2897 1999 ι

2268 2113 2390 2185 Χρὴ
2430 2114 2593 2167 πάλιν
2619 2114 2805 2168 ἐνθάδε
2825 2115 2909 2180 τὸ,
2949 2134 2967 2166 ι
3004 2116 3251 2189 ἐποίησε,
3301 2137 3319 2170 r
3356 2117 3432 2188 μὴ
3458 2117 3539 2178 εἰς
3570 2117 3669 2189 τὴν
3700 2118 3791 2170 ού-

2199 2204 2324 2259 σίαν
2370 2206 2668 2277 ἀναφέρειν
2692 2207 2787 2260 τοῦ
2826 2206 3024 2275 Λόγου,
3066 2209 3200 2279 μηδὲ
3238 2208 3340 2279 τῆς
3381 2207 3671 2279 ὑπάρξεως
3693 2206 3789 2262 τοῦ

2200 2297 2328 2354 Υἰοῦ
2387 2298 2477 2355 διὰ
2531 2299 2631 2370 τὴν
2684 2298 2829 2365 λέξιν
2895 2300 3427 2371 καταθρασύνεσθαι.
3504 2301 3661 2354 Ἀ).λὰ
3704 2301 3789 2361 το.

2198 2409 2221 2442 ι
2257 2390 2535 2461 ἐποίησεν,
2573 2409 2593 2445 ι
2619 2393 2668 2445 εἰ
2695 2391 2795 2464 μὲν
2831 2392 3077 2461 φυσικῶς
3106 2382 3335 2457 ἐθέλοις,
3368 2392 3579 2465 ἑκλήψη
3609 2394 3791 2456 καλῶς

2198 2481 2289 2535 ἐπὶ
2321 2481 2414 2536 τοῦ
2445 2483 2510 2535 ὲκ
2536 2483 2756 2554 Μαρίας
2792 2484 3109 2556 ποιηθέντος
3151 2486 3285 2541 ναοῦ
3306 2501 3323 2519 θ
3357 2487 3405 2540 ei
3437 2487 3495 2540 δὲ
3526 2504 3791 2558 πραγμα-

2196 2573 2363 2637 τικῶς
2396 2574 2577 2637 πάλιν,
2600 2575 2753 2629 οὐδὲν
2776 2576 2912 2649 πρὸς
2941 2576 3034 2633 τὸν
3054 2578 3248 2647 Λόγον,
3277 2575 3389 2634 οἷον
3427 2578 3557 2650 φέρε
3585 2582 3784 2633 εἰπεῖν·

2199 2664 2375 2734 Πένης
2405 2682 2488 2728 τις
2537 2666 2705 2723 πάλαι
2747 2667 3057 2738 τυγχάνων,
3105 2671 3407 2741 χρημάτων
3456 2672 3649 2741 γέγονε
3687 2672 3786 2727 κύ·-

2201 2773 2349 2827 ριος·
2383 2757 2414 2828 ἢ
2470 2761 2759 2831 προφήτης
2784 2761 2885 2816 οὐκ
2926 2762 3003 2817 ὢν
3040 2762 3100 2829 ἐξ
3128 2765 3327 2835 ἀρχῆς,
3378 2768 3459 2831 εις
3501 2768 3789 2839 προφήτην

2198 2849 2584 2923 προεχειρίσθη
2620 2853 2772 2922 παρὰ
2807 2851 2966 2910 Θεοῦ.
3014 2855 3155 2911 Ἀλλ’
3186 2858 3245 2911 ἐν
3286 2859 3400 2921 τοῖς
3434 2858 3698 2922 τοιούτοις
3725 2859 3787 2915 τὸ

2205 2959 2223 2993 ι
2264 2940 2554 3008 ἑγένετομ
2580 2943 2641 2995 ού
2670 2943 2768 3014 τὴν
2799 2944 2975 3019 ἀρχὴν
3003 2945 3099 3001 τοῦ
3141 2940 3281 3003 εἶναι
3342 2950 3616 3020 σημαίνει,
3669 2950 3787 3006 ἀλλ’

2200 3034 2279 3096 είς
2307 3033 2462 3087 ποῖόν
2506 3051 2560 3086 τι
2589 3037 2822 3107 πρᾶγμα
2856 3038 2951 3092 καὶ
2984 3039 3097 3095 ἀπὸ
3137 3042 3286 3104 τίνος
3328 3044 3517 3114 ἑτέρου
3551 3045 3785 3115 μετέστη

2198 3126 2259 3179 τὺ
2285 3126 2707 3199 σημαινόμενον.
2742 3129 2867 3194 Πῶς
2914 3126 3009 3186 οὖν
3037 3131 3243 3204 Κύριον
3291 3136 3516 3207 ἐποίησε
3554 3138 3646 3191 τὸν
3683 3137 3789 3205 Ἰη-

508 3222 642 3277 Cum
671 3221 864 3284 itaque
892 3217 1033 3273 Deus
1058 3215 1294 3271 Verbum
1328 3216 1600 3270 exsistens
1628 3225 1789 3284 atque
1849 3217 2094 3272 omnium

2200 3218 2327 3271 σοῦν
2359 3219 2388 3271 6
2418 3218 2572 3286 Θεὸς,
2599 3219 2718 3285 πῶς
2749 3220 2806 3274 δὲ
2842 3222 3097 3292 Χριστὸν,
3132 3226 3428 3294 ἀναγκαῖον
3473 3228 3655 3299 ζητεῖν
3692 3231 3786 3283 εύ-

517 3313 800 3373 Ιιοιιιὶιιιιε,
842 3325 939 3381 per
994 3308 1424 3364 incarnationem
1458 3306 1634 3363 factus
1683 3318 1770 3363 est
1822 3308 1874 3363 in
1925 3308 2097 3364 forma

507 3405 652 3461 servi
683 3403 751 3466 “,
789 3403 1010 3471 ungitur
1044 3399 1261 3470 quidem
1305 3408 1607 3470 unctusque
1636 3414 1757 3457 esse
1790 3400 1989 3457 dicitur
2027 3402 2096 3468 “,

509 3505 730 3566 propter
755 3494 808 3548 id
836 3493 981 3563 quod
1011 3491 1215 3547 homini
1239 3491 1516 3547 convenit.
1582 3490 1915 3547 Conscendit
1967 3507 2098 3549 vero

509 3602 700 3643 rursus
722 3588 774 3642 in
798 3583 1186 3641 dominationis
1205 3592 1554 3653 potestatem,
1586 3597 1645 3639 ut
1667 3584 1851 3652 homo,
1881 3587 2095 3642 tametsi

509 3676 873 3739 Dominussit,
910 3676 1167 3731 nimirum
1200 3684 1258 3730 ut
1324 3674 1483 3730 Deus.
1551 3673 1893 3730 lncarnatum
1949 3676 2096 3733 enim

505 3778 590 3825 est
611 3767 705 3823 Dei
741 3766 1000 3835 Verbum,
1033 3783 1143 3824 non
1173 3777 1233 3823 ut
1255 3767 1481 3822 liberam
1526 3765 1619 3822 Dei
1656 3776 1904 3825 naturam
1952 3769 2094 3825 servi

416 3850 419 3855 ’
506 3859 683 3913 forma
709 3858 1194 3926 obrueret,.tteqne
1227 3865 1285 3913 ut
1307 3872 1403 3913 sua
1430 3866 1624 3913 natura
1681 3872 1746 3912 ac
1790 3859 2094 3928 proprieta-

507 3951 651 4004 tibus
674 3948 903 4019 abjectis
930 3948 999 4003 ab
1033 3948 1286 4005 humanae
1326 3957 1537 4004 naturae
1563 3949 1982 4018 proprietatibus
2003 3965 2093 4005 su-

505 4053 809 4114 peraretur,
838 4041 1027 4097 sed-nt
1058 4041 1317 4099 servilem
1343 4050 1583 4096 tmstratn
1616 4041 1984 4099 conditionem
2023 4043 2091 4098 ad

508 4134 721 4190 Domini
753 4133 980 4203 gloriam
1003 4131 1313 4196 extolleret,
1336 4140 1390 4187 et
1420 4132 1878 4201 contemptibilem
1928 4143 2088 4188 natu-

508 4242 623 4281 rum
672 4234 915 4280 nostram
953 4226 1021 4281 ad
1054 4240 1211 4281 suam
1247 4223 1585 4281 nobilitatem
1619 4223 1948 4281 traduceret.
1972 4225 2089 4293 Quo

503 4326 664 4384 pacto
687 4316 833 4370 enim
862 4329 1125 4371 vocantur
1152 4314 1348 4370 fratres
1372 4315 1574 4375 Christi
1605 4315 1671 4381 ⁶¹,
1699 4316 1967 4386 quomodo
1993 4332 2087 4387 ap-

507 4404 891 4474 pellamurftlii
914 4405 981 4469 °',
1012 4406 1055 4460 si
1083 4404 1319 4460 Verbum
1347 4404 1439 4459 Dei
1488 4404 1690 4458 factum
1721 4404 1854 4459 nihil
1879 4419 1977 4461 nos
1995 4404 2086 4473 ju-

502 4498 784 4554 vitiCnm
811 4514 939 4556 vero
964 4514 1177 4556 sacram
1208 4500 1553 4569 Scripturam
1580 4499 1851 4553 dicentem
1870 4498 2077 4564 audies,

501 4594 645 4664 quod
675 4593 815 4649 Deus
846 4594 1019 4663 ipsum
1057 4593 1248 4649 fecerit
1275 4568 1563 4648 Dominum
1614 4600 1669 4647 et
1713 4601 1974 4657 unctum,
2027 4602 2081 4648 et
2112 4568 2156 4619 θ

503 4687 594 4742 Dei
657 4686 1074 4756 appellationem
1099 4685 1165 4739 ad
1205 4684 1385 4740 Patris
1421 4699 1708 4754 personam
1761 4683 1970 4739 reiers:
2009 4685 2081 4739 fa-

501 4780 631 4834 teris
671 4779 835 4834 etiam
885 4780 958 4834 ita
1000 4778 1334 4834 voluntatem
1373 4777 1490 4832 Filii
1518 4778 1778 4833 accedere
1803 4778 1869 4831 ad
1910 4778 2079 4833 bene-

494 4875 751 4941 placitnm
774 4873 974 4930 Patris.
1005 4871 1370 4928 Etbominum
1396 4872 1570 4942 ipsum
1593 4885 1713 4927 esse
1727 4871 1885 4926 scivit
1916 4871 2078 4926 etiam

493 4982 618 5020 eum
657 4965 833 5021 factus
856 4973 939 5020 est
973 4965 1025 5019 in
1061 4963 1235 5020 forma
1268 4964 1442 5027 servi;
1474 4978 1651 5033 neque
1696 4973 1873 5018 tamen
1923 4978 2077 5033 repe-

497 5058 603 5111 ries
630 5055 828 5114 Filiutu
859 5059 927 5113 ab
963 5060 1064 5114 hac
1088 5057 1405 5127 operatione
1438 5055 1743 5111 exclusum.
1775 5054 1908 5111 Nam
1962 5071 2083 5126 qua:

496 5146 655 5203 νάιοι
682 5160 936 5218 operatur
953 5158 1079 5203 sunt
1102 5149 1322 5204 omnino
1342 5161 1506 5216 opera
1528 5145 1686 5212 Filii;
1723 5156 1778 5201 et
1808 5161 1927 5219 qua:
1956 5162 2080 5216 per-

495 5240 604 5294 licit
637 5238 825 5306 Filius,
862 5242 1051 5296 eadem
1086 5251 1141 5295 et
1169 5241 1331 5296 Pater
1354 5248 1628 5309 Operatur.
1671 5239 1873 5295 Idcirco
1906 5240 2080 5310 inquit

495 5329 794 5386 Servatur:
840 5351 860 5384 ι
905 5333 1015 5402 Ego
1039 5349 1068 5387 a
1100 5349 1185 5388 me
1207 5332 1336 5388 nihil
1371 5331 1546 5398 iacio;
1576 5332 1671 5387 sed
1700 5330 1857 5387 Pater
1877 5333 1967 5402 qui
2026 5333 2078 5387 in

496 5435 580 5474 me
607 5433 809 5487 manet,
840 5425 953 5493 ipse
968 5439 1130 5494 opera
1154 5423 1281 5479 facit
1298 5423 1361 5477 “.
1382 5442 1405 5475 ι
1431 5422 1517 5476 Fit
1546 5423 1727 5492 itaque
1750 5424 2005 5479 Dominus
2026 5434 2079 5478 et

496 5524 710 5579 unctus,
734 5528 855 5568 cum
882 5516 1042 5571 homo
1066 5514 1240 5570 factus
1268 5525 1372 5581 est,
1398 5523 1560 5586 atque
1607 5516 1677 5568 ob
1741 5514 1793 5569 id
1852 5527 2077 5569 vocatus

564 5692 609 5724 ⁸³
637 5691 795 5747 Rom.
830 5709 905 5758 \‘l,
936 5694 1021 5749 10.
1098 5696 1142 5727 ³⁵
1184 5695 1202 5750 l
1232 5696 1357 5751 Cor.
1389 5711 1426 5759 ι,
1460 5694 1515 5749 9.
1593 5695 1677 5748 ⁸⁸1
1706 5696 1851 5749 Petr.
1891 5710 1966 5757 tv,
2010 5693 2097 5749 l9.

494 5762 587 5820 56.
684 5766 729 5798 ⁸³
756 5765 988 5838 Philipp.
1016 5783 1077 5835 tt,
1104 5767 1154 5823 6.

2203 3311 2396 3375 σεϐὦς.
2468 3313 2687 3384 Ἐπειδὴ
2736 3315 2846 3387 γὰρ
2902 3318 3035 3383 Θεὸς
3086 3321 3258 3389 Λόγος
3300 3321 3384 3377 ὣν
3436 3327 3533 3379 καὶ
3566 3327 3785 3381 πάντων

2199 3404 2459 3475 ὑπάρχων
2481 3406 2783 3478 Δεσπότης,
2820 3409 3249 3484 ὲνανθρωπήσας
3273 3416 3495 3484 γέγονεν
3518 3421 3576 3473 ὲν
3595 3423 3662 3491 τῇ
3685 3421 3783 3473 τοῦ

2195 3496 2381 3550 δούλου
2417 3503 2623 3571 μορφῇ,
2660 3500 2872 3572 χρίεται
2918 3504 3092 3575 μὲν,ἢ
3132 3508 3420 3578 κεχρίσθαι
3459 3509 3674 3579 λέγεται
3695 3514 3788 3568 διὰ

2194 3589 2259 3643 τὸ
2284 3590 2559 3663 ἀνθρώπῳ
2597 3593 2827 3663 πρέπον.
2873 3595 3269 3653 ’Δναὸαίνειιδὲ
3310 3601 3391 3665 είς
3424 3600 3524 3673 τὴν
3553 3605 3651 3674 τῆς
3682 3621 3779 3659 κυ-

2196 3682 2443 3755 ριότητος
2482 3683 2733 3749 ἐξουσίαν
2776 3686 2937 3742 πάλιν
2975 3690 3052 3753 ὼς
3089 3690 3396 3763 ἄνθρωπος,
3438 3694 3615 3749 καίτοι
3658 3697 3778 3750 Κύ-

2196 3786 2309 3838 ριος
2330 3768 2405 3823 ὢν
2430 3770 2505 3835 ὡς
2526 3770 2678 3835 Θεός.
2729 3775 3073 3846 Ἐπεδῄμησε
3103 3778 3212 3849 γὰρ
3236 3782 3266 3834 6
3286 3781 3378 3837 τοῦ
3413 3782 3548 3839 Θεοῦ
3578 3786 3772 3855 Λόγος,

2191 3861 2290 3932 ούχ
2314 3862 2401 3917 ἵνα
2432 3863 2532 3933 τὴν
2555 3864 2848 3938 ἐλευθέραν
2871 3869 2966 3922 τοῦ
2994 3870 3131 3924 Θεοῦ
3172 3872 3336 3942 φύσιν
3365 3879 3432 3948 τῇ
3465 3877 3559 3932 τοῦ
3587 3879 3777 3933 δούλου

2192 3952 2485 4026 καταχώσῃ
2539 3959 2763 4027 μορφῇ,
2796 3959 2918 4012 οὐδὲ
2965 3962 3053 4017 ἵνα
3082 3964 3144 4018 τὸ
3189 3968 3390 4022 οἰκεῖον
3437 3970 3622 4039 ἀφεὶς,
3662 3975 3781 4036 τοῖς

2188 4042 2288 4114 τῆς
2336 4044 2756 4119 ἁνθρωπὸτητος
2800 4050 3053 4122 ίδιὼμασι
3101 4057 3386 4129 κρατηθῇ·
3428 4060 3544 4116 ἀλλ’
3579 4063 3666 4116 ἵνα
3715 4064 3781 4117 τὸ

2185 4133 2371 4189 δοῦλον
2398 4138 2476 4200 εἰς
2515 4137 2614 4210 τὴν
2640 4143 2739 4213 τῆς
2772 4144 3097 4216 κυριότητος
3124 4149 3417 4224 ἀναρπάσῃ
3454 4154 3641 4225 τιμὴν,
3680 4158 3778 4211 καὶ

2187 4226 2267 4289 είς
2286 4227 2381 4299 τὴν
2406 4230 2611 4284 οἰκείαν
2642 4231 2921 4301 εὐγένειαν
2968 4241 3355 4313 μιτασκευάσῃ
3396 4244 3458 4300 τὸ
3486 4247 3774 4317 ἠτιμωμέ-

2187 4334 2295 4371 νον.
2345 4320 2497 4374 Ἐπεὶ
2531 4323 2649 4386 πῶς
2678 4325 2900 4395 ἀδελφοὶ
2941 4329 3255 4401 καλούμεθα
3283 4335 3542 4407 Χριστοῦ,
3571 4337 3689 4401 πῶς
3714 4339 3777 4392 δὲ

2188 4412 2295 4464 υἱοὶ
2317 4413 2755 4486 χρηματίζομεν,
2784 4418 2834 4470 εί
2861 4418 3028 4489 μηδὲν
3059 4422 3205 4492 ἡμᾶς
3239 4422 3526 4495 ὠφέλησεν
3557 4427 3774 4498 ἄνθρω-

2188 4520 2286 4565 τως
2330 4504 2569 4573 γεγονὼς
2611 4509 2640 4561 6
2688 4507 2782 4562 τοῦ
2816 4509 2949 4565 Θεοῦ
2988 4512 3190 4581 Λόγος;
3240 4515 3367 4570 Ἐὰν
3411 4517 3467 4572 δὲ
3506 4518 3773 4591 λεγούσης

2185 4594 2428 4668 ἀκούσῃς
2453 4596 2553 4667 τῆς
2581 4597 2731 4664 θείας
2759 4600 2982 4674 Γραφῆς
3012 4604 3095 4658 ὅτι
3125 4606 3220 4661 καὶ
3245 4608 3452 4680 Κύριον
3485 4611 3651 4666 αὑτὸν
3675 4615 3775 4667 καὶ

2186 4688 2419 4760 Χριστὸν
2443 4688 2695 4760 ἐποίησεν
2722 4694 2750 4746 6
2770 4692 2923 4759 Θεὸς,
2956 4695 3050 4749 καὶ
3075 4698 3174 4769 τὴν
3198 4698 3294 4753 τοῦ
3325 4700 3459 4755 Θεοῦ
3494 4720 3774 4776 προσηγο-

2190 4778 2310 4848 ρίαν
2347 4781 2429 4843 εἰς
2458 4781 2519 4834 τὸ
2540 4781 2633 4835 τοῦ
2658 4783 2872 4854 Πατρὸς
2901 4786 3192 4857 πρόσωπον
3211 4789 3511 4864 ἀναφέρῃς,
3543 4810 3777 4864 συνομο-

2188 4868 2366 4937 λογεῖς
2419 4870 2517 4942 μὲν
2563 4874 2657 4927 καὶ
2707 4873 2880 4940 οὓτως
2912 4877 2995 4930 ὅτι.
3039 4879 3152 4943 τοῖς
3184 4879 3452 4953 θελήμασι
3502 4884 3599 4938 τοῦ
3636 4884 3775 4940 Υίοῦ

2187 4962 2495 5019 συνευδοκεῖ
2525 4966 2619 5020 καὶ
2650 4969 2677 5021 6
2712 4968 2921 5040 Πατήρ.
2946 4971 3057 5024 Καὶ
3095 4971 3300 5044 Κύριον
3327 4970 3467 5028 οἶδεν
3492 4977 3651 5030 αὑτὸν
3675 4978 3775 5032 καὶ

2184 5056 2273 5109 ὅτε
2301 5055 2528 5125 γέγονεν
2570 5060 2629 5112 ὲν
2662 5062 2731 5133 τῇ
2778 5061 2874 5115 τοῦ
2914 5060 3101 5117 δούλου
3151 5069 3330 5137 μορφῇ
3355 5081 3369 5095 ⁸
3415 5068 3517 5122 οὐκ
3563 5067 3669 5133 ἔξω
3710 5069 3775 5123 δὲ

2183 5149 2333 5219 ὅμως
2366 5149 2487 5202 οῦδὲ
2526 5149 2621 5203 τοῦ
2661 5151 2834 5205 ταῦτα
2863 5157 3037 5208 ποιεῖν
3072 5156 3101 5208 ὀ
3132 5156 3255 5220 Υἱὸς
3280 5158 3661 5230 εὑρεθήσεται.
3703 5164 3773 5214 ’Δ

2182 5238 2292 5310 γὰρ
2322 5240 2387 5293 ἂν
2408 5241 2708 5313 ἐργάζηται
2739 5246 2766 5297 6
2790 5245 3003 5315 Πατὴρ,
3029 5246 3202 5301 ταῦτα
3218 5249 3438 5313 πάντως
3458 5252 3605 5305 ἐστὶν
3629 5251 3775 5322 ἔργα

2181 5331 2273 5384 τοῦ
2307 5332 2461 5397 Υἱοῦ,
2490 5335 2585 5389 καὶ
2610 5337 2754 5408 ἆπερ
2782 5337 2847 5392 ἂν
2867 5341 2895 5392 6
2924 5339 3048 5403 Υἱὸς
3072 5341 3315 5413 ἐπιτελῇ,
3346 5344 3521 5398 ταῦτα
3551 5344 3773 5409 πάντως

2180 5424 2208 5475 6
2268 5425 2458 5499 Πατὴρ
2515 5428 2825 5498 ἐργάζεται.
2889 5433 2986 5484 Διὰ
3042 5431 3200 5487 τοῦτό
3257 5438 3483 5506 φησινό
3538 5438 3772 5506 ειν-ξήρ’

2188 5533 2205 5566 ι
2260 5516 2380 5568 Ἀπ’
2438 5519 2677 5586 ἐμαυτοῦ
2733 5521 2873 5574 ποιῶ
2902 5523 3108 5577 ὀὐδέν’
3144 5525 3174 5577 6
3210 5524 3266 5579 δὲ
3301 5526 3492 5598 Πατὴρ
3538 5528 3596 5581 ὲν
3644 5529 3768 5595 ἐμοὶ

2195 5696 2240 5727 ⁸⁷
2274 5698 2288 5749 l
2319 5696 2513 5753 Thess.
2552 5714 2605 5765 v,
2634 5701 2725 5756 9.5.

2834 5702 2878 5774 ξ’
2905 5701 2948 5756 ιι
2979 5703 3120 5761 Tim.
3158 5722 3220 5774 tt,
3255 5708 3344 5763 13.
3466 5708 3512 5740 ³⁸
3543 5706 3666 5763 Act.
3695 5721 3767 5774 rt,

1251 5768 1292 5797 “
1327 5766 1456 5821 Luc.
1490 5765 1675 5841 tv..18;
1706 5766 1829 5823 Act.
1856 5780 1930 5833 tv,
1975 5764 2065 5818 27.

2223 5765 2380 5823 Joan.
2420 5783 2510 5836 xx,
2542 5764 2630 5827 17.
2682 5773 2751 5855 7"
2777 5772 2801 5832 l
2823 5770 2978 5830 Joan.
3009 5790 3093 5843 ιιι,
3119 5775 3168 5831 1.
3205 5764 3219 5774 ’
3249 5778 3293 5809 ’⁸
3322 5776 3481 5835 Joan.
3514 5793 3631 5845 xtv,
3673 5764 3769 5838 t0;
