4058 6206
485 283 584 336 ’567
1471 283 1527 337 S.
1572 279 1843 336 CYRILIJ
1884 273 2361 333 ALEXANDle
2398 272 2721 328 AllClllliP.

3641 282 3746 338 368

486 417 665 465 tuum,
717 414 938 472 regnum
986 399 1224 455 omnium
1273 398 1586 455 saeculorum
1618 398 1684 451 ⁷³.
1743 415 1761 448 ι
1812 396 1868 451 Si
1923 410 2050 465 ergo

2172 391 2434 455 Ξασιλείας
2466 408 2580 445 σου.
2612 409 2630 443 ι
2666 389 2778 444 Καὶ
2809 390 3001 445 πάλιν·
3042 409 3058 440 ι
3103 392 3166 445 'll
3204 392 3448 463 βασιλεία
3486 414 3603 464 σου,
3646 400 3746 469 βα-

485 493 643 545 etiam
687 503 811 546 ante
852 490 1283 546 incarnationem
1315 488 1547 542 Verbum
1588 486 1679 540 Dei
1718 494 1837 539 erat
1873 500 1966 539 rex
2002 495 2056 539 et

486 580 777 645 Dominus,
816 580 1087 649 quomodo
1128 593 1232 632 non
1279 578 1323 631 is
1367 576 1715 643 blasphemus
1755 574 2058 630 censendus

484 673 551 726 sit
592 672 682 741 qui
718 671 919 727 factum
950 686 1073 728 esse
1112 670 1179 725 de
1234 668 1470 723 essentia
1504 666 1925 737 interpretetur?
1954 667 2054 721 Fa-

485 777 601 820 ctus
626 768 769 821 enim
801 775 885 820 est
910 770 1093 819 noster
1117 759 1406 825 Dominus,
1439 775 1562 814 cum
1594 759 1741 813 illum
1772 759 1935 814 talem
1963 774 2057 814 co-

485 859 791 929 gnovimus,
812 856 1051 925 quando,
1083 851 1336 908 omnibus
1365 852 1522 907 nobis
1551 852 1811 924 sanguine
1839 866 1939 907 suo
1969 866 2057 907 re-

486 949 737 1019 demptis,
767 947 1072 1003 dcclaratus
1100 953 1185 1001 est
1212 943 1463 999 Christus
1490 953 1544 999 et
1577 943 1853 1000 Dominus.

608 1145 769 1215 217
802 1145 953 1199 Idem
982 1144 1161 1211 aliter,
1191 1146 1426 1216 exemplo
1459 1164 1490 1200 ιι
1521 1148 1669 1202 nobis
1697 1157 1924 1217 sumpto.

554 1323 612 1380 Si
655 1323 721 1379 de
765 1322 982 1379 homine
1022 1322 1203 1393 aliquo
1244 1322 1512 1379 diceretur
1553 1322 1795 1379 :Factus
1834 1333 1919 1380 est
1959 1326 2061 1383 iste

485 1414 648 1484 hujus
667 1414 1028 1485 possessionis
1060 1413 1312 1469 dominus
1348 1432 1362 1469 :
1396 1414 1520 1484 quis
1549 1414 1685 1469 adeo
1706 1414 1910 1471 delirus
1939 1416 2060 1472 fueg-

484 1507 575 1572 rit,
605 1514 663 1560 ut
691 1514 801 1559 tum
830 1504 1190 1561 substantiam
1220 1503 1363 1560 illius
1390 1503 1587 1561 factam
1615 1520 1737 1562 esse
1764 1506 2060 1573 existimet,

485 1597 701 1668 quando
732 1595 1039 1652 declaratus
1067 1603 1151 1651 est
1179 1594 1409 1667 alicujns
1440 1597 1516 1652 rei
1544 1598 1832 1653 dominus?
1854 1598 2061 1656 Factus

2160 481 2335 535 σιλεία
2364 481 2581 535 πάντων
2610 479 2719 533 τῶν
2747 478 2977 536 αίώνων.
3003 500 3021 534 ι
3063 483 3124 535 El
3170 485 3348 539 τοίνυν
3388 487 3483 542 καὶ
3512 488 3617 559 πρὸ
3648 493 3747 561 τῆς

2160 573 2492 645 σαρκώσεως
2536 571 2792 643 βασιλεύς
2834 589 2894 625 τε
2938 573 3033 626 καὶ
3071 573 3274 645 Κύριος
3305 573 3372 647 ἦν
3408 577 3436 630 ὁ
3475 575 3572 633 τοῦ
3608 580 3744 634 Θεοῦ

2159 668 2362 737 Λόγος,
2401 665 2519 730 πῶς
2550 665 2649 719 οὐκ
2678 665 2743 720 ἄν
2784 682 2867 729 τις
2905 664 3088 737 ἔνοχος
3127 668 3210 739 εἴη
3252 671 3364 733 τοῖς
3403 674 3501 742 τῆς
3540 671 3745 744 δυσφης

2163 759 2291 830 μίας
2321 759 2659 832 ἐγκλήμασι,
2695 758 2837 812 κατὰ
2874 758 2973 829 τῆς
3016 759 3205 823 οὐσίας
3248 761 3412 815 αὑτοῦ
3455 764 3636 834 φέρων
3684 766 3747 819 τὸ

2160 851 2490 922 πεποιῆσθαι
2515 866 2529 915 ;
2556 848 2755 918 Γέγονε
2789 848 2899 919 γὰρ
2941 850 3099 920 ἡμῶν
3128 848 3331 920 Κύριος
3367 852 3475 906 τῶν
3503 854 3746 922 ἐπεγνω-

2161 943 2335 997 κότων
2378 941 2471 995 τὸν
2505 940 2714 995 ἑαυτῶν
2744 940 3045 1011 Δεσπότην,
3082 943 3169 996 ὅτε
3214 941 3292 1013 τῷ
3331 944 3516 1016 οἰκείῳ
3552 946 3744 1016 αἵματι

2162 1036 2371 1099 πάντας
2400 1033 2697 1106 ἀγοράσας,
2723 1033 3002 1105 ἀνεδείχθη
3035 1033 3270 1107 Χριστὸς
3297 1037 3391 1090 καὶ
3424 1038 3647 1109 Κύριος.

2166 1146 2399 1210 Ἄλλως
2459 1144 2527 1197 τὸ
2572 1142 2749 1209 αὐτὸ,
2795 1143 3030 1221 ﬁerine
3086 1147 3214 1201 καθ’
3271 1146 3429 1221 ῄμᾶς
3484 1151 3630 1221 ἔχον
3682 1154 3748 1207 τὸ

2779 1214 3132 1285 ὑπόδειγμα.
3408 1214 3416 1216 ἡ
3517 1214 3554 1221 ’⁷
3768 1224 3775 1229 “

2240 1326 2309 1379 Εἰ
2358 1324 2445 1378 ἐπ’
2491 1323 2783 1398 ἀνθρώπου
2840 1326 3056 1395 λέγοιτο
3117 1330 3315 1400 τυχόν·
3367 1332 3597 1402 Γέγονεν
3657 1338 3743 1392 ὅδε

2162 1416 2319 1471 τοῦδε
2351 1417 2446 1471 τοῦ
2496 1420 2778 1490 κτήματος
2822 1419 3044 1489 κύριος,
3088 1420 3172 1485 τίς
3209 1423 3384 1489 οὕτως
3420 1425 3486 1480 ἂν
3525 1430 3612 1498 εἴη
3647 1430 3747 1501 λης

2167 1507 2295 1579 ρῶν,
2325 1508 2401 1572 ὡς
2425 1508 2547 1562 τότε
2578 1508 2675 1578 τὴν
2701 1509 2890 1564 οὐσίαν
2916 1510 3081 1563 αὐτοῦ
3116 1516 3448 1586 πεποιῆσθαι
3482 1518 3749 1589 νομίζειν,

2163 1600 2253 1653 ὅτε
2284 1600 2378 1654 καὶ¹
2406 1599 2593 1671 κύριος
2624 1601 2838 1673 ἐδείχθη
2871 1603 3051 1667 τινός;
3096 1604 3294 1673 Γέγονε
3324 1608 3432 1680 γὰρ
3460 1610 3559 1663 οὐκ
3589 1613 3744 1677 αὐτὸς

484 1691 629 1746 enim
664 1698 749 1745 est
787 1704 892 1743 non
931 1689 1074 1758 quod
1108 1696 1232 1744 tum
1277 1688 1573 1743 exsistendi
1618 1690 1830 1745 initium
1872 1700 2063 1746 nactus

2172 1692 2245 1755 είς
2272 1691 2531 1746 σύστασιν
2553 1691 2647 1745 τοῦ
2674 1689 2814 1747 εἶναι
2840 1693 2960 1746 τότε
2991 1695 3289 1766 προελθὼν,
3322 1700 3436 1753 ἀλλ’
3461 1702 3550 1770 ὑφ’
3571 1703 3749 1770 ἐαυτῷ

485 1784 576 1847 sit,
606 1781 699 1837 sed
727 1778 873 1851 quod
903 1753 1106 1849 aliquid
1137 1778 1190 1833 in
1223 1793 1377 1833 suam
1409 1788 1733 1849 potestatem
1765 1781 2060 1838 reduxerit.

2172 1753 2647 1854 τισι-ποιησάμενος.
2698 1782 2857 1837 Οὕτω
2905 1801 2993 1855 μοι
3038 1753 3154 1839 νόει
3206 1753 3303 1842 καὶ
3345 1790 3439 1843 ἐπὶ

486 1874 564 1928 lta
600 1873 766 1929 etiam
805 1873 872 1928 de
906 1871 1124 1927 Christo
1158 1872 1505 1942 cogitandum
1545 1882 1647 1929 est.
1685 1872 2064 1931 Serviebamus

484 1966 614 2021 olim
653 1963 802 2019 falsis
836 1962 960 2027 diis,
996 1970 1052 2019 et
1086 1962 1423 2031 corruptioni
1460 1963 1680 2018 obnoxii
1716 1978 1973 2030 eramus;
2010 1974 2067 2018 at

484 2055 581 2111 Dei
598 2052 835 2109 Verbum
863 2066 929 2107 ex
956 2051 1294 2122 beneplacito
1320 2051 1499 2108 Patris
1528 2051 1729 2107 factum
1759 2063 1843 2109 est
1870 2056 2063 2120 homo,

484 2157 545 2203 ut
583 2145 739 2202 nobis
770 2144 837 2199 ab
868 2155 1057 2198 errore
1091 2142 1340 2198 abductis
1376 2142 1473 2197 flat
1505 2143 1747 2198 omnium
1782 2144 2062 2200 Dominus.

486 2237 654 2296 Unxit
683 2249 810 2291 vero
841 2234 1014 2305 ipsum
1046 2231 1230 2299 Pater,
1263 2242 1318 2289 ut
1353 2250 1449 2305 per
1476 2235 1654 2305 ipsum
1687 2235 1766 2291 vis
1799 2250 1863 2292 ac
1893 2238 2067 2291 virtus

484 2328 740 2399 ungentis
780 2327 947 2382 etiam
992 2326 1046 2381 in
1091 2340 1192 2381 nos
1234 2327 1565 2395 perveniret.
1611 2325 1745 2381 Nam
1790 2328 1847 2382 in
1893 2328 2067 2397 primo

460 2421 699 2493 \Christo
729 2428 938 2474 natura:
970 2427 1172 2475 nostrae
1201 2417 1341 2474 bona
1373 2419 1674 2474 instaurata
1703 2428 1847 2487 sunt,
1882 2418 2065 2475 facta:-

483 2528 589 2584 que
615 2521 740 2568 sunt
765 2511 920 2568 nobis
950 2509 1204 2580 primitias
1231 2510 1540 2566 divinorum
1571 2512 1837 2567 donorum
1869 2512 1922 2566 in
1952 2511 2067 2582 ipso

485 2618 539 2663 et
574 2622 670 2679 per
701 2607 908 2677 ipsum,
941 2614 1002 2661 ut
1039 2605 1092 2661 in
1135 2605 1354 2662 homine
1382 2617 1438 2661 et
1473 2620 1504 2661 a
1545 2605 1653 2662 Deo
1684 2623 1699 2659 :
1735 2606 1877 2662 Deus
1922 2605 2068 2661 enim

486 2710 605 2757 erat
632 2701 685 2757 in
717 2713 903 2756 carne.

1096 2810 1245 2866 Idem
1278 2810 1455 2866 aliter.

554 2930 753 2985 Beatus
790 2926 956 2982 David
992 2925 1188 2981 alicubi
1230 2927 1304 2981 ita
1344 2926 1524 2995 psallit
1566 2944 1579 2980 :
1623 2945 1640 2978 ι
1682 2924 1811 2982 Fias
1846 2928 1975 2983 mihi
2016 2929 2069 2982 in

486 3023 654 3079 Deum
689 3028 1047 3092 protectorem
1072 3020 1195 3083 τις»
1222 3027 1277 3072 et
1311 3033 1525 3073 rursum
1562 3036 1577 3074 :
1618 3036 1636 3071 ι
1676 3020 1744 3074 Ει
1781 3020 1962 3078 factus
1988 3031 2071 3076 est

2179 1870 2559 1941 Ἐδουλεύομεν
2589 1870 2758 1925 πάλαι
2791 1873 2903 1936 τοῖς
2940 1875 3015 1945 μὴ
3045 1871 3165 1928 οὖσι
3204 1876 3378 1942 θεοῖς’
3410 1881 3748 1954 ὑπεκείμεθα

2165 1964 2232 2033 τῇ
2272 1963 2481 2033 φθορᾷ·
2513 1961 2653 2016 ἀλλά
2693 1962 2921 2032 γέγονεν
2963 1965 3251 2037 ἄνθρωπος
3279 1970 3308 2023 ὀ
3341 1971 3435 2025 τοῦ
3475 1972 3608 2027 Θεοῦ
3648 1978 3749 2029 Λό-

2167 2070 2261 2123 γος
2293 2054 2683 2125 εὐδοκήσαντος
2708 2056 2802 2108 τοῦ
2838 2057 3070 2129 Πατρὸς,
3108 2060 3196 2115 ἵνα
3231 2063 3331 2134 τῆς
3361 2064 3570 2136 πλάνης
3603 2071 3750 2140 ἡμᾶς

2167 2144 2486 2210 ἀπαλλάξας
2526 2146 2753 2217 γένηται
2794 2147 3013 2204 πάντων
3047 2151 3271 2221 Κύριος.
3300 2154 3521 2227 Ἔχρισε
3548 2159 3605 2213 δὲ
3648 2163 3748 2215 σὺο

2167 2232 2258 2288 τὸν
2288 2237 2317 2289 ὁ
2349 2236 2560 2307 Πατὴρ,
2607 2237 2694 2290 ἵνα
2739 2237 2809 2290 δι’
2845 2238 3009 2293 αὑτοῦ
3051 2240 3233 2315 φθάσῃ
3274 2243 3369 2297 καὶ
3413 2246 3495 2309 εἰς
3533 2249 3676 2319 ἡμᾶς
3717 2253 3749 2322 ὴ

2167 2325 2262 2380 τοῦ
2293 2326 2579 2397 χρίσαντος
2602 2327 2849 2400 δύναμις.
2873 2329 3070 2399 Γέγονε
3094 2332 3201 2404 γὰρ
3222 2335 3279 2387 ὲν
3305 2338 3506 2410 πρώτῳ
3532 2341 3752 2413 Χριστῷ

2168 2417 2238 2471 τὰ
2283 2418 2383 2489 τῆς
2426 2417 2641 2488 φύσεως
2666 2420 2821 2490 ἡμῶν
2851 2422 3054 2491 ἀγαθὰ,
3087 2425 3181 2478 καὶ
3206 2427 3433 2499 ἀπαρχὴ
3460 2430 3568 2482 τῶν
3593 2431 3753 2486 θείων

2169 2510 2301 2580 ἡμῖν
2324 2511 2679 2581 χαρισμάτων
2704 2513 2761 2564 ὲν
2789 2512 2937 2583 αὑτῴ
2971 2514 3063 2567 καὶ
3089 2514 3155 2568 δι’
3187 2517 3352 2571 αὑτοῦ
3380 2520 3454 2584 ὡς
3482 2521 3753 2596 ἀνθρώπῳ

2170 2602 2267 2655 καὶ
2303 2602 2453 2673 παρὰ
2484 2603 2653 2657 Θεοῦο
2684 2603 2819 2669 Θεὸς
2850 2607 2959 2679 γὰρ
2988 2602 3054 2680 ἦν
3083 2610 3141 2663 ἐν
3177 2614 3362 2681 σαρκί.

2697 2807 2925 2873 Ἄλλως
2962 2788 3029 2862 ξι)
3067 2811 3235 2864 αὑτό.

2245 2917 2452 2972 trans;
2489 2933 2591 2970 που
2631 2917 2723 2969 καί
2764 2935 2931 2988 φησιν
2973 2920 3001 2973 ὁ
3055 2912 3326 2993 μακάριος
3371 2926 3565 2982 Δαϐίδο
3608 2949 3627 2981 ι
3658 2930 3696 2983 Γ
3699 2949 3755 2985 ε-

2174 3010 2266 3065 νοῦ
2310 3027 2400 3083 μοι
2433 3011 2512 3074 είς
2539 3008 2671 3065 Θεὸν
2700 3010 3114 3084 ὕπερασπιστήν
3139 3030 3152 3043 ·
3184 3033 3203 3066 ι
3239 3017 3332 3070 καὶ
3367 3019 3562 3073 πάλινο
3598 3041 3617 3074 ι
3649 3025 3761 3079 Καὶ

485 3117 749 3173 Dominus
793 3111 1419 3183 refugiumpauperi".
1464 3129 1482 3163 ι
1534 3110 1801 3168 Caeterum
1849 3113 1902 3169 in
1947 3114 2066 3181 his,

2174 3104 2390 3173 ἐγένετο
2419 3102 2622 3175 Κύριος
2651 3106 2939 3177 καταφυγὴ
2969 3107 3048 3178 τῷ
3082 3108 3292 3180 πένητι.
3323 3130 3341 3163 ι
3383 3114 3522 3167 Ἀλλ’
3556 3118 3614 3170 ὲν
3646 3118 3762 3172 τού-

486 3220 647 3264 nemo
663 3212 808 3262 certe
820 3203 1199 3262 dixeritDeum
1216 3212 1327 3257 tum
1341 3202 1570 3273 coepisse
1581 3205 1847 3260 exsistere
1858 3205 2072 3275 quando

486 3298 663 3355 factus
698 3305 782 3354 est
816 3295 1085 3367 refugium
1124 3294 1370 3366 pauperi.
1413 3295 1638 3365 Semper
1669 3297 1815 3352 enim
1855 3296 1958 3354 hoc
1992 3298 2075 3369 ip.

487 3407 608 3451 sum
636 3389 929 3454 exsistens,
956 3402 1280 3460 semperque
1305 3401 1537 3444 servans
1560 3402 1868 3458 oppressos,
1897 3388 2075 3445 factus

487 3492 576 3541 est
607 3481 797 3538 Davitli
833 3480 887 3536 in
930 3480 1098 3536 Deum
1136 3488 1499 3551 protectorem
1521 3518 1538 3547 ,
1575 3488 1631 3537 et
1665 3480 1889 3550 pauperi
1925 3480 2072 3537 refu-

490 3575 661 3648 gium.
698 3572 1161 3641 Quemadmodum
1198 3572 1365 3645 igitur
1397 3572 1451 3629 id
1488 3572 1634 3644 quod
1669 3586 1885 3643 semper
1918 3582 2071 3639 erat,

445 3678 461 3695 ‘
490 3666 595 3722 hoc
626 3665 799 3734 ipsum
831 3680 1019 3720 rursus
1049 3663 1107 3719 lit
1139 3664 1367 3735 petenti,
1395 3673 1451 3719 et
1477 3664 1659 3720 oranti
1690 3682 1705 3719 :
1735 3663 1809 3719 ita
1836 3673 1891 3720 et
1917 3663 2076 3721 Chri-

491 3769 609 3815 stus
643 3773 765 3815 cum
784 3773 1018 3827 semper
1049 3758 1124 3815 sit
1159 3758 1417 3815 Dominus
1450 3767 1505 3815 et
1540 3772 1661 3824 rex,
1695 3766 1879 3830 utpote
1912 3757 2072 3825 Deus,

490 3851 667 3906 factus
707 3858 791 3907 est
829 3851 993 3906 etiam
1025 3851 1090 3906 .in
1135 3851 1292 3907 nobis
1338 3851 1625 3920 Dominus,
1661 3851 1877 3922 quando
1921 3854 2075 3908 dete-

492 3951 699 3998 stantes
720 3941 1064 4015 tyrannidem
1094 3942 1293 3999 diaboli
1319 3959 1426 4013 qua
1456 3959 1555 4001 nos
1579 3945 1938 4015 opprimebat,
1965 3944 2075 3999 cla-

491 4037 757 4092 mavimus
786 4038 852 4092 ad
882 4036 1099 4093 Patrem
1131 4054 1146 4090 :
1182 4055 1200 4088 ι
1235 4036 1437 4092 Emitte
1466 4037 1645 4093 lumen
1678 4049 1828 4093 tuum
1854 4046 1909 4093 et
1934 4038 2075 4092 veri-

493 4137 661 4184 tatem
704 4138 850 4184 tuam
875 4130 943 4184 ".
993 4146 1013 4182 ι
1058 4128 1167 4183 Deo
1205 4135 1387 4182 autem
1424 4142 1582 4182 sacra
1623 4127 1903 4197 Scriptura
1938 4142 2074 4198 opus

492 4221 761 4274 attribuit.
797 4218 990 4275 Omnia
1024 4219 1169 4274 enim
1206 4234 1327 4289 quae
1361 4218 1655 4274 humanam
1689 4229 1936 4275 naturam
1969 4234 2072 4275 ex-

491 4310 717 4376 cedunt,
748 4324 910 4382 opera
945 4311 1040 4366 Dei
1071 4311 1266 4367 merito
1293 4318 1575 4366 vocantur.

787 4437 1364 4531 ASSERTIO
1434 4440 1763 4529 XXII.

495 4587 563 4643 In
593 4586 749 4662 illud,
780 4606 799 4640 ι
832 4586 909 4642 De
935 4588 1022 4642 die
1049 4589 1262 4662 altera
1288 4587 1558 4662 “lamenta
1589 4592 1750 4662 novit,
1779 4606 1871 4662 nec
1899 4592 2076 4662 angeli

610 4661 881 4724 calorum,
914 4674 1075 4729 neque
1106 4656 1307 4724 Filius,
1337 4659 1439 4712 nisi
1471 4658 1634 4715 Pater
1655 4660 1800 4715 solus
1824 4660 1892 4715 ⁷⁷.
1931 4679 1950 4714 ι

957 4834 1191 4906 Objectio
1225 4835 1613 4891 haereticorum.

565 4952 632 5006 At
674 4951 977 5022 quomodo,
1017 4950 1303 5021 inquiunt,
1340 4951 1447 5007 erit
1487 4951 1682 5008 similis
1722 4952 1894 5009 Filius
1932 4951 2077 5010 Patri

494 5044 790 5097 secundum
836 5044 1156 5109 essentiam,
1196 5059 1318 5098 cum
1366 5044 1721 5115 dicat_218
1764 5060 1825 5099 se
1867 5047 2079 5101 nescire

2173 3213 2308 3259 τοις,
2348 3195 2448 3249 οὐκ
2489 3195 2553 3250 ἄν
2591 3212 2677 3259 τις
2725 3194 2870 3250 εἴποι
2912 3197 3035 3251 τότε
3085 3201 3219 3271 πρὸς
3249 3203 3437 3258 οὐσίαν
3466 3207 3762 3279 κεκλῆσθαι

2173 3286 2265 3340 τὸν
2302 3285 2456 3352 Θεὸν,
2486 3286 2574 3340 ὅτε
2607 3285 2684 3357 τῷ
2714 3286 2906 3360 πένητι
2938 3289 3130 3359 γέγονε
3162 3298 3474 3368 καταφυγή.
3510 3297 3622 3352 ’Δεὶ
3655 3300 3761 3374 γὰρ

2173 3379 2249 3433 ὣν
2284 3378 2444 3432 τοῦτο
2477 3379 2573 3434 καὶ
2604 3376 2793 3443 σώζων
2841 3381 2968 3446 τοὺς
3001 3382 3414 3455 ἀδικουμένους,
3457 3390 3651 3460 γέγονε
3682 3395 3764 3464 τῷ

2177 3468 2279 3541 μὲν
2307 3469 2471 3524 Δασὶδ
2500 3470 2585 3534 εἰς
2617 3468 2752 3523 Θεὸν
2788 3469 3225 3547 ὑπερασπιστὴν,
3251 3476 3330 3547 τῷ
3360 3478 3416 3531 δὲ
3451 3479 3641 3553 πένητι
3673 3501 3763 3539 κα-

2173 3563 2417 3634 ταφυγή.
2442 3562 2657 3634 Ὥσπερ
2681 3557 2774 3618 οὖν
2801 3563 2939 3636 ὅπερ
2963 3560 3031 3637 ἦν
3054 3566 3163 3631 ἀεὶ,
3189 3567 3347 3624 τοῦτο
3371 3570 3577 3641 γίνεται
3604 3577 3763 3631 πάλιν

2173 3655 2252 3726 τῷ
2295 3653 2537 3709 αἰτοῦντι
2585 3656 2681 3710 καὶ
2733 3657 3193 3730 προσευχομένῳ·
3237 3660 3379 3716 οὕτω
3421 3665 3578 3720 καὶὸ
3623 3669 3763 3739 Χρι-

2178 3747 2332 3812 στὸς,
2379 3746 2582 3817 Κύριος
2622 3746 2697 3800 ὢν
2726 3747 2813 3801 ἀεὶ
2856 3750 2951 3801 καὶ
2982 3748 3237 3819 βασιλεὺς
3278 3753 3354 3817 ὡς
3387 3754 3540 3821 Θεὸς,
3573 3758 3762 3828 γέγονε

2176 3842 2271 3895 καὶ
2313 3844 2371 3896 ὲν
2406 3843 2536 3912 ἡμῖν
2583 3839 2818 3911 Κύριος,
2861 3843 2950 3896 ὅτε
2989 3844 3082 3897 τοῦ
3120 3848 3435 3918 συνέχοντος
3473 3852 3619 3923 ἡμᾶς
3648 3854 3763 3908 δια-

2177 3932 2333 3986 ϐόλου
2378 3934 2478 4002 τὴν
2518 3933 2809 4003 τυραννίδα
2861 3936 3225 4007 μισήσαντες,
3267 3940 3577 4014 ὲὸοήσαμεν
3627 3948 3764 4017 πρὸς

2173 4024 2265 4078 τὸν
2314 4022 2571 4095 Πατέραο
2610 4042 2629 4076 ι
2676 4024 3090 4090 Ἐξαπόστειλον
3140 4030 3205 4083 τὸ
3230 4031 3354 4100 ,φῶς
3399 4050 3495 4087 σου
3540 4037 3634 4091 καὶ
3665 4040 3761 4111 τὴν

2174 4114 2435 4186 ἀλήθειάν
2470 4131 2585 4171 σου.
2619 4134 2637 4167 ι
2674 4115 2792 4189 Θεῷ
2819 4118 2877 4173 δὲ
2905 4119 2967 4173 τὸ
3012 4119 3172 4193 ἔργον
3220 4124 3539 4199 ἀνατίθησιν
3564 4131 3603 4199 ,ἡ
3646 4130 3764 4185 θεία

2176 4208 2389 4280 Γραφή.
2436 4208 2623 4263 Πάντα
2656 4209 2766 4281 γὰρ
2804 4213 2904 4267 ὅσα
2936 4213 3037 4284 τὴν
3072 4212 3359 4285 ἀνθρώπου
3407 4218 3569 4287 φύσιν
3600 4220 3762 4287 ,ἐξάλ-

2174 4300 2347 4367 λεται,
2373 4299 2546 4355 ταῦτα
2576 4301 2803 4368 δικαίως
2833 4303 2970 4376 ἔργα
3001 4305 3247 4362 καλεῖται
3278 4308 3436 4364 Θεοῦ.

2663 4425 3031 4515 ΛΟΓΟΣ
3105 4427 3297 4515 ΚΒ’;

2185 4585 2409 4669 Εἰς-ἐὖτ
2451 4606 2470 4637 ι
2510 4587 2650 4669 {Ipr
2706 4586 3102 4669 tricnmtépgc
3155 4588 3394 4669 ἐκείνης
3440 4591 3537 4669 καί
3578 4590 3763 4669 ὅιριές,

2249 4656 2449 4729 οὐδεὶς
2490 4653 2674 4729 οἶδεν,
2723 4653 2865 4729 οὐδὲ
2903 4653 3242 4728 ὁϊᾶγέγελοι
3295 4653 3414 4714 τῶν·
3472 4653 3763 4729 οὐραῖώὦ,

2247 4726 2389 4783 οὐδὲ
2416 4730 2449 4781 ό
2496 4727 2649 4795 Υἱὸς,
2678 4729 2730 4782 εὶ
2752 4727 2839 4797 μὴ
2864 4731 2897 4783 ὀ
2932 4726 3134 4798 Παεὴρ
3160 4730 3367 4799 μόνος.
3390 4750 3409 4783 ι

2454 4840 2775 4907 Ἀντίθεσις
2802 4840 2871 4894 ἐκ
2900 4840 3020 4896 τῶν
3050 4842 3499 4914 Κριστομάχων.

2252 4952 2361 5007 Καὶ
2394 4951 2532 5017 πῶς,
2572 4954 2758 5022 φασὶν,
2799 4954 2950 5008 ἔσται
2998 4958 3117 5011 κατ’
3145 4957 3334 5012 οὐσίαν
3366 4959 3550 5030 ὅμοιος
3582 4961 3611 5013 ὁ
3646 4960 3773 5024 Υἱὸς

2179 5042 2256 5114 τῷ
2290 5044 2486 5116 Πατρὶ,
2517 5043 2798 5116 λέγωνημὴ
2826 5046 3025 5100 εἰδέναι
3061 5048 3159 5119 τὴν
3194 5049 3410 5122 ἡμέραν
3444 5050 3546 5119 τῆς
3588 5067 3775 5104 συντε-

494 5132 634 5183 diem
673 5133 1162 5189 consummationis
1199 5132 1382 5188 saeculi
1419 5147 1432 5185 :
1472 5148 1633 5203 quem
1676 5133 1878 5204 alioqui
1922 5134 2068 5189 Patet

2178 5134 2327 5199 λείας
2372 5134 2468 5189 τοῦ
2517 5135 2745 5199 αἰῶνος·
2789 5137 2968 5191 καίτοι
3010 5138 3104 5192 τοῦ
3152 5139 3365 5209 Πατρὸς
3415 5140 3649 5204 εἰδότος,
3698 5140 3775 5203 ὣς

495 5224 665 5286 novit,
694 5235 751 5277 ut
782 5224 896 5294 ipse
928 5224 1161 5281 fatetur?
1189 5225 1377 5296 Magna
1407 5227 1553 5281 enim
1587 5226 1641 5281 in
1669 5226 1773 5281 hoc
1802 5228 2081 5283 dissimili-

496 5315 623 5368 tudo
651 5316 915 5381 cernitur,
947 5327 1003 5372 et
1032 5319 1296 5375 naturalis
1327 5319 1574 5388 quaedam
1603 5320 1991 5390 discrepantia.

993 5428 1201 5484 Salutio
1230 5430 1573 5499 objectiouis.

567 5535 626 5591 Si
657 5536 770 5607 ipse
797 5548 881 5593 est
907 5543 1157 5599 conditor
1179 5543 1525 5609 seculorum,
1553 5555 1608 5599 et
1635 5555 1965 5615 temporum,
1994 5556 2079 5600 ιιι-

2181 5244 2346 5298 φησιν
2389 5228 2583 5294 αὑτός;
2620 5228 2762 5282 Πολὺ
2798 5230 2908 5301 γὰρ
2946 5232 3005 5284 ἐν
3046 5229 3222 5301 τούτῳ
3260 5230 3323 5284 τὸ
3361 5232 3618 5302 ἀνόμοιον
3651 5232 3774 5301 Qui.

2181 5336 2353 5382 νεται,
2383 5321 2474 5372 καὶ
2507 5322 2712 5391 φυσική
2744 5338 2829 5385 τις
2862 5322 3164 5384 διάστασις.

2678 5436 2835 5504 Πρὸς
2863 5436 3037 5490 τοῦτο
3069 5435 3269 5500 λύσις.

2259 5548 2319 5599 Εἰ
2348 5547 2509 5609 αὑτός
2530 5547 2646 5603 ἐστι
2666 5550 2897 5621 ποιητὴς
2913 5548 3144 5615 αἰώνων,
3163 5547 3259 5601 καὶ
3283 5548 3510 5620 χρόνων,
3540 5549 3633 5605 καὶ
3661 5565 3775 5604 και‹

572 5696 616 5732 ³⁸
651 5692 999 5770 habemur,
1044 5701 1129 5758 15.
1205 5703 1251 5736 ⁷⁸
1282 5701 1425 5761 Psal.
1465 5718 1597 5772 xvn,
1634 5703 1723 5760 19.
1800 5706 1847 5740 ἠ
1876 5700 2017 5758 Psal.
2046 5714 2065 5752 ι

2172 5700 2247 5756 l0.
2333 5709 2376 5739 ’⁸
2411 5708 2557 5764 Psal.
2595 5724 2728 5779 xui,
2768 5712 2820 5767 5.
2891 5713 2945 5787 ,⁷⁷
2980 5710 3169 5769 Matth.
3198 5732 3349 5785 xxuv,
3380 5718 3471 5777 56.
