4058 6206
310 252 417 315 369

1731 273 2172 333 ΤΙΙΕΞᾹυῐὶυδ.

3495 273 3600 327 579

312 377 443 445 ρῶν,
474 374 591 429 ἔστι
626 376 683 429 δὲ
721 376 915 442 οὕτως,
948 381 1065 445 πῶς
1101 383 1177 447 ὡς
1208 382 1338 454 μίαν
1372 387 1585 458 ἡμέραν
1624 391 1719 443 καὶ
1757 391 1905 461 ὤραν

2024 408 2116 463 ιιιε
2154 394 2256 449 Ιιοε
2292 406 2418 447 vere
2458 391 2527 445 ita
2570 398 2653 446 est
2692 408 2705 444 :
2743 390 3015 460 quomodo
3057 403 3220 443 unum
3261 388 3401 443 diem
3443 398 3601 455 atque

309 469 587 537 ἀγνοήσας
628 468 757 539 παρ’
794 470 1236 545 ὑμῖννκρίνεταη
1284 476 1408 539 Πῶς
1453 477 1508 532 δὲ
1549 477 1692 549 ἅπερ
1738 481 1901 543 αὐτὸς

310 560 557 629 ἐποίησε,
602 561 677 630 μὴ
717 560 917 617 εἰδέναι
959 564 1218 633 δύναται;
1253 568 1407 620 Ἐστι
1436 567 1614 623 τοίνυν
1650 571 1901 635 ἐξετάσαι

311 652 379 703 τὰ
426 652 695 724 εἰρημένα
740 655 871 725 παρ’
914 656 1082 711 αὐτοῦ
1138 658 1274 729 πρὸς
1320 660 1445 721 τοὺς
1481 660 1749 731 μαθητάς.
1794 658 1905 715 Καϊ

314 741 501 811 σαφῶς
531 741 677 795 ἐστιν
706 744 955 800 ἐντεῦθεν
986 747 1132 813 ἰδεῖν,
1154 750 1345 819 ὅτιπερ
1369 746 1507 803 οἶδεν
1537 753 1630 804 καὶ
1650 750 1745 820 τὴν
1774 750 1905 822 ἠμέ-

315 850 413 903 ραν
461 833 557 886 καὶ
604 834 705 904 τὴν
749 834 900 906 ὤραν
940 838 1018 901 ὠς
1054 839 1223 904 Θεὸς,
1272 840 1376 895 κᾶν
1424 842 1802 896 ἀποδεικνύων
1848 845 1906 897 ὲν

314 924 496 996 ἑαυτῴ
534 926 596 979 τὸ
637 919 998 998 ἀνθρώπινον,
1166 932 1363 986 εἰδέναι
1410 933 1563 1006 λέγῃ.
1603 936 1664 987 Εἰ
1697 936 1806 1006 γάρ
1840 935 1908 988 τὰ

316 1017 551 1086 ἐσόμενα
583 1018 758 1072 πάντα
790 1018 899 1091 πρὸ
923 1022 1023 1093 τῆς
1051 1024 1266 1094 ἡμέρας
1310 1025 1406 1078 καὶ
1438 1027 1539 1097 τῆς
1574 1026 1724 1098 ὧρας
1767 1028 1909 1081 ὲκεί-

315 1126 414 1179 νης
453 1110 723 1179 διηγεῖται
767 1112 977 1182 σαφῶς,
1017 1115 1109 1169 καί
1149 1134 1348 1188 φησιν’
1390 1119 1583 1173 Ἔσται
1622 1120 1721 1191 μὲν
1754 1120 1907 1186 τόδε,

320 1205 659 1275 συμϐήσεται
698 1206 755 1259 δὲ
794 1204 991 1271 ἐκεῖνο,
1032 1204 1152 1262 εἶτα
1196 1210 1255 1263 τὸ
1295 1211 1445 1273 τέλος
1471 1227 1485 1243 ·
1530 1211 1690 1280 δῆλον
1718 1211 1799 1265 ὅτι
1843 1213 1910 1267 τά

318 1297 423 1366 πρὸ
450 1298 621 1366 αὐτῆς
653 1297 845 1364 εἰδὼς,
894 1299 987 1352 καὶ
1034 1300 1206 1371 αὐτὴν
1256 1301 1570 1355 ἐπίσταται.
1606 1302 1762 1357 Μετὰ
1802 1302 1912 1373 γὰρ

316 1391 383 1441 ea
407 1389 674 1459 εἰρημένα
702 1392 833 1461 παρ’
854 1391 1041 1455 αὑτοῦ,
1070 1392 1304 1461 τίθησιν,
1327 1394 1407 1447 ὃτι
1431 1393 1536 1447 «Τὸ
1555 1394 1705 1458 τέλος
1730 1396 1864 1449 ὲστί.
1888 1416 1905 1447 ι

316 1478 483 1540 Τέλος
513 1479 567 1530 δὲ
600 1478 653 1530 τί
689 1477 755 1531 ἂν
786 1480 973 1550 ἕτερον
1000 1481 1084 1552 εἴη
1112 1480 1145 1551 ἦ
1180 1481 1393 1545 πάντως
1420 1483 1453 1552 ἡ
1476 1483 1678 1553 ἐσχάτη
1706 1482 1909 1554 ἡμέρα,

317 1572 383 1639 ἣν
413 1571 630 1638 ἀγνοεῖν
662 1570 869 1641 ἔφησεν
907 1574 1290 1644 οἰκονομικῶς,
1321 1574 1622 1638 ἀποσώζων
1654 1576 1818 1631 πάλιν

314 1665 708 1736 ἀνθρωπότητι
737 1666 837 1738 τὴν
865 1669 1001 1740 αὐτῇ
1036 1668 1353 1738 πρέπουσαν
1420 1669 1917 1743 τάξιν;“Ανορωπόο

316 1774 480 1827 τητος
508 1758 617 1830 γάρ
649 1758 778 1813 ἴδιον
806 1760 868 1814 τὸ
905 1761 980 1832 μὴ
1015 1761 1218 1815 εἰδέναι
1246 1760 1315 1814 τά
1346 1761 1629 1832 μέλλοντα.

768 1982 977 2049 ΑΛΛΟ,
1008 1980 1464 2053 διηγηματικῶς.

400 2093 493 2146 Ἐν
519 2095 639 2158 ταῖς
667 2093 761 2147 τοῦ
798 2095 1053 2167 Σωτῆρος
1097 2097 1304 2164 φωναῖς
1339 2096 1553 2167 ἀνάγκη
1586 2096 1677 2150 τὸν
1725 2097 1917 2167 χρόνον

315 2184 692 2251 ὲξετάζεσθαι,
726 2186 847 2240 καθ’
888 2187 947 2242 ὃν
977 2188 1191 2259 εἴρηται
1232 2190 1362 2257 παρ’
1392 2186 1559 2241 αὑτοῦ
1583 2205 1596 2219 ·
1635 2187 1777 2241 οὕτω
1809 2188 1917 2261 γὰρ

313 2274 375 2327 τὺ
406 2275 715 2329 πλανᾶσθαι
741 2276 1163 2348 διαφευξόμεθα.
1207 2276 1269 2331 Ei
1302 2279 1400 2349 μὲν
1442 2275 1535 2334 οὖν
1568 2280 1675 2353 πρὸ
1702 2280 1801 2352 τῆς
1829 2283 1915 2334 ὲν·-

315 2366 732 2439 ανθρωπήσεως
758 2369 787 2421 ό
814 2368 910 2422 τοῦ
940 2369 1076 2423 Θεοῦ
1107 2370 1283 2440 Λόγος
1326 2371 1639 2443 εὑρίσκεταί
1678 2390 1782 2426 που
1821 2390 1917 2427 τα·

315 2462 505 2515 πεινόν
527 2480 577 2515 τι
606 2464 733 2535 περὶ
756 2463 951 2519 ἑαυτοῦ
974 2466 1236 2537 λαλήσας,
1264 2467 1518 2521 ἁπτέσθω
1542 2470 1641 2540 τῆς
1664 2468 1916 2541 θεότητος

315 2551 509 2617 αὐτοῦ,
540 2554 633 2607 καὶ
664 2554 917 2627 φερέσθω
956 2558 1080 2611 κατ’
1110 2557 1327 2629 ἐκείνης
1358 2558 1429 2611 τά
1469 2559 1708 2630 ῥήματα.
1755 2559 1819 2614 Ei
1860 2560 1917 2614 δὲ

312 2645 407 2697 ὅτε
441 2643 635 2712 γέγονε
670 2646 829 2717 σὰρξ,
864 2647 1234 2719 ἀνθρωπίναις
1269 2650 1543 2721 ἐχρήσατο
1585 2654 1815 2722 φωναῖς,
1847 2651 1915 2704 ῖντ

315 2736 489 2802 ὅντως
535 2739 727 2793 ἑαυτὸν
772 2741 865 2794 καὶ
915 2740 1203 2813 ἄνθρωπον
1249 2743 1380 2797 ὄντα
1425 2743 1617 2816 δείξῃ,
1654 2743 1773 2809 πῶς
1816 2746 1918 2800 οὐκ

317 2828 619 2882 ἀκόλουθον
649 2831 730 2895 είς
772 2831 870 2901 τὴν
902 2831 1301 2905 ἀνθρωπότητα
1334 2834 1522 2907 φέρειν
1553 2835 1622 2889 τὰ
1648 2835 1917 2910 ἀνθρωπίυ

315 2939 427 2985 νως
460 2923 726 2994 εἰρημένα
754 2942 769 2991 ;
799 2924 970 2979 Τοῦτο
995 2926 1123 2999 γάρ
1148 2928 1295 2980 ἐστιν
1322 2928 1680 2999 ἀποδέχεσθαι
1711 2929 1809 3001 τῆς
1836 2931 1916 2983 οξ-

319 3014 585 3083 κονομίας
608 3016 699 3069 τὸν
728 3018 949 3086 τρόπον.
984 3017 1047 3072 Ei
1080 3018 1179 3090 μὲν
1208 3019 1319 3091 γὰρ
1360 3021 1420 3074 οὐ
1452 3020 1675 3089 γέγονεν
1708 3020 1917 3093 ἄνθρω-

2011 485 2198 538 horam
2246 484 2501 555 ignorare
2532 482 2685 537 vobis
2725 482 3015 537 censetur?
3053 480 3335 548 Quomodo
3377 479 3500 533 item
3541 494 3604 532 ea

2008 590 2128 646 qua:
2165 576 2325 638 fecit,
2363 575 2578 629 nescire
2612 574 2828 643 potest?
2861 572 3239 642 Investiganda
3278 570 3442 641 igitur
3475 584 3603 622 sunt

2005 682 2126 736 quae
2164 669 2232 721 ab
2270 667 2385 737 ipso
2425 664 2708 734 discipulis
2749 665 2894 718 dicta
2934 671 3079 719 sunt.
3123 662 3163 716 E
3204 662 3402 731 quibus
3449 661 3605 712 facile

2006 758 2281 815 constabit
2306 760 2477 827 ipsum
2503 766 2558 812 et
2580 757 2721 812 diem
2748 765 2803 810 et
2832 757 3023 810 horam
3048 754 3289 820 novisse,
3314 762 3370 806 ιιι
3400 753 3599 816 υυυιιὶς

2010 838 2253 914 tametsi,
2296 849 2687 904 humanitatem
2720 863 2874 903 suam
2909 848 3222 911 ostendens,
3258 846 3509 914 ignorare
3547 860 3605 897 se

2011 944 2177 998 dicat.
2251 941 2310 997 Si
2351 941 2495 997 enim
2560 941 2740 995 omnia
2806 953 2927 1009 quae
2992 949 3121 993 ante
3159 937 3303 992 diem
3345 936 3492 991 illum
3552 948 3604 989 et

2002 1038 2202 1091 horam
2229 1043 2491 1090 eventura
2517 1042 2720 1098 essent,
2748 1031 3035 1087 manifeste
3063 1031 3322 1101 explicat,
3352 1039 3404 1084 et
3429 1029 3563 1083 dicit
3589 1045 3602 1080 :

2014 1128 2128 1185 lloc
2163 1128 2378 1198 quidem
2409 1127 2535 1192 erit,
2568 1125 2695 1181 illud
2726 1138 2856 1179 vero
2888 1122 3131 1189 accidet,
3168 1130 3225 1177 et
3261 1130 3372 1175 tum
3406 1120 3505 1174 erit
3543 1118 3605 1170 li-

2015 1218 2126 1284 nis,
2162 1217 2507 1272 manil‘estum
2539 1224 2624 1271 est
2658 1217 2820 1285 quod,
2860 1214 2909 1270 si
2939 1228 3060 1284 quae
3093 1214 3235 1268 diem
3267 1211 3416 1266 illum
3450 1218 3606 1263 ante-

2015 1323 2233 1365 cessura
2273 1316 2460 1374 erant,
2501 1315 2716 1374 nosset,
2757 1305 2930 1375 ipsum
2977 1306 3140 1359 etiam
3184 1304 3324 1358 diem
3366 1299 3601 1355 noverit.

2017 1397 2150 1454 Nam
2183 1407 2303 1468 post
2333 1397 2419 1451 illa
2451 1410 2571 1465 quae
2600 1395 2668 1450 ab
2696 1395 2813 1464 ipso
2843 1394 3097 1464 praedicta
3125 1401 3270 1457 sunt,
3298 1389 3603 1459 subiungit,

2025 1509 2042 1542 ι
2084 1488 2236 1544 Τυηε
2268 1489 2375 1544 erit
2409 1487 2531 1543 linis
2551 1486 2599 1520 "
2638 1505 2651 1541 :
2697 1504 2716 1537 ι
2754 1485 2881 1541 linis
2916 1492 3131 1548 autem,
3167 1482 3422 1553 quidnam
3458 1480 3603 1535 aliud

2018 1583 2092 1638 sit
2126 1596 2286 1653 quam
2330 1579 2445 1651 ipse
2483 1578 2707 1635 ultimus
2740 1577 2889 1644 dies,
2931 1590 3091 1646 quem
3133 1575 3386 1645 ignorare
3424 1585 3483 1626 se
3520 1585 3605 1625 re-

2021 1683 2207 1745 spectu
2237 1672 2626 1729 incarnationis
2657 1671 2829 1736 dixit,
2859 1670 3106 1725 ordinem
3136 1675 3193 1722 et
3220 1664 3475 1722 decorum
3506 1661 3606 1715 hu-

1946 1758 2263 1821 Bmanitati
2313 1765 2645 1819 conveniens
2704 1760 2968 1819 servans?
3034 1756 3401 1814 Humanitatis
3461 1752 3605 1809 enim

2018 1857 2296 1929 proprium
2325 1865 2406 1913 est
2435 1856 2613 1911 futura
2645 1854 2918 1916 ignorare.

2535 1988 2766 2056 ALIUD,
2806 1989 3093 2043 narrative.

2088 2105 2144 2159 In
2176 2105 2243 2160 iis
2275 2116 2392 2174 qum
2425 2118 2456 2158 a
2487 2102 2781 2159 Servatore
2815 2109 3006 2157 nostro
3037 2097 3179 2152 dicta
3213 2102 3362 2161 sunt,
3394 2098 3610 2162 oportet

2019 2196 2307 2265 diligenter
2329 2196 2761 2251 animadvertere
2784 2208 2892 2263 quo
2920 2190 3158 2262 quidque
3186 2197 3433 2256 tempere
3456 2184 3608 2238 dixe-

2020 2290 2121 2356 rit;
2147 2288 2217 2343 ita
2245 2288 2389 2342 enim
2417 2286 2578 2343 facile
2599 2298 2842 2341 errorem
2868 2280 3214 2337 evitabimus.
3241 2275 3300 2332 Si
3326 2289 3456 2345 ergo
3483 2282 3609 2329 ante

2019 2379 2446 2435 incarnationem
2495 2375 2728 2433 Verbum
2778 2372 2870 2429 Dei
2922 2370 3127 2428 humile
3176 2365 3379 2436 aliquid
3429 2365 3497 2419 de
3549 2378 3609 2417 se

2020 2472 2224 2527 dixisse
2276 2472 2568 2541 reperitur,
2622 2466 2959 2524 divinitatem
3009 2462 3129 2532 ejus
3180 2458 3499 2529 obiurgant,
3552 2462 3608 2510 et

2020 2573 2208 2621 contra
2238 2577 2356 2619 eam
2411 2563 2614 2618 dictum
2671 2559 3124 2627 interpretentur.
3179 2550 3276 2607 Sin
3304 2564 3435 2605 vero
3483 2560 3607 2601 cum

2020 2654 2193 2711 lactus
2219 2664 2304 2709 est
2329 2668 2476 2716 caro,
2505 2653 2742 2707 humano
2769 2662 2919 2704 more
2946 2644 3159 2700 locutus
3187 2650 3299 2707 est;
3317 2647 3376 2694 ut
3398 2651 3524 2692 vere
3550 2651 3625 2693 se.

2022 2745 2293 2801 hominem
2332 2757 2456 2798 esse
2491 2739 2779 2802 ostendat,
2808 2750 2917 2806 quo
2951 2743 3109 2805 pacto
3139 2748 3253 2788 non
3279 2731 3350 2787 sit
3378 2743 3609 2785 consen-

2021 2847 2239 2892 taneum
2269 2835 2336 2890 ad
2367 2834 2759 2889 humanitatem
2814 2827 3023 2884 referre
3047 2840 3166 2895 qua:
3194 2826 3433 2879 humano
3459 2834 3612 2875 more

2021 2927 2175 2983 dixit.
2212 2926 2325 2983 Hoc
2355 2926 2499 2982 enim
2533 2932 2618 2979 cst
2648 2936 2770 2978 sese
2800 2915 3260 2976 administrationi
3294 2928 3457 2984 quam
3490 2926 3612 2967 susa-

2020 3018 2204 3091 cepit,
2254 3018 2370 3073 sive
2431 3012 2835 3077 incarnationi,
2884 3006 3317 3065 accommodare.
3371 3001 3506 3057 Nam
3563 3000 3608 3055 si

320 3123 447 3172 πος,
486 3106 717 3162 λαλείτω
747 3109 928 3164 πάντα
963 3110 1040 3174 ὡς
1072 3089 1233 3175 Θεός·
1272 3089 1321 3165 εἰ
1350 3113 1405 3166 δὲ
1446 3113 1669 3182 γέγονεν
1708 3089 1921 3183 ἄνθρω-

2028 3089 2190 3171 homo
2228 3113 2544 3168 lactusnon
2585 3114 2699 3172 est,
2740 3105 2993 3175 loquatur
3028 3098 3210 3157 omnia
3249 3104 3310 3151 ut
3350 3094 3531 3160 Deus;
3564 3089 3612 3146 si

320 3216 446 3263 πος,
472 3200 862 3272 συγχωρεῖσθω
900 3200 1081 3254 λαλεῖν
1109 3200 1291 3266 καθὼς
1315 3202 1413 3256 ἄνθ
1423 3221 1622 3272 ρωπος,
1646 3203 1799 3258 οὐδὲν
1823 3204 1920 3257 αὖ·

321 3289 414 3344 τὸν
454 3288 748 3359 ἀδικούσης
790 3292 869 3354 είς
899 3290 995 3344 τὸν
1040 3292 1141 3362 τῆς
1171 3290 1425 3362 θεότητος
1455 3294 1613 3362 λόγον
1649 3294 1751 3366 τῆς
1797 3292 1921 3348 καθ’

324 3379 475 3449 ἡμᾶς
501 3381 833 3452 οἰκονομίας.
860 3381 1031 3436 Τοῦτο
1059 3383 1171 3455 γὰρ
1198 3383 1349 3437 ἔσται
1380 3385 1442 3438 τὸ
1472 3385 1622 3457 παρὰ
1648 3386 1743 3440 τοῦ
1774 3384 1922 3439 Παύ-

324 3473 420 3526 λου
450 3472 774 3545 εἰρημένονο
805 3492 823 3526 ι
856 3474 1362 3545 Αίχμαλωτίξοντες
1386 3477 1494 3529 πᾶν
1522 3476 1702 3547 νόημα
1726 3477 1807 3539 είς
1825 3475 1921 3546 τὴν

325 3565 577 3635 ὑπακοὴν
623 3564 717 3619 τοῦ
766 3566 1025 3637 Χριστοῦ.
1053 3584 1075 3619 ι
1110 3567 1411 3636 Ἰδιονημὲν
1456 3561 1550 3621 οὖν
1580 3567 1677 3621 τοῦ
1722 3568 1923 3637 Λόγου,

329 3656 465 3710 καθὸ
506 3657 679 3725 Λόγος
704 3658 841 3723 ἐστὶ,
872 3658 936 3712 τὸ
961 3658 1164 3713 εἰδέναι
1192 3658 1302 3711 τῶν
1335 3660 1465 3730 παρ’
1491 3657 1657 3713 αὑτοῦ
1687 3676 1923 3731 πεποιη-

331 3750 512 3819 μένων
542 3751 642 3821 τὴν
670 3750 845 3822 ἀρχὴν
875 3752 968 3810 καὶ
999 3752 1067 3807 τὰ
1098 3751 1257 3823 τέληο
1290 3751 1347 3805 ἓν
1380 3751 1438 3805 δὲ
1467 3752 1576 3807 τῶν
1604 3752 1926 3823 ποιημάτων

324 3844 354 3894 ὁ
382 3842 600 3913 χρόνος,
632 3845 727 3895 καὶ
753 3845 781 3897 ὁ
814 3845 1046 3914 ποιήσας
1078 3842 1243 3896 αὑτὸν
1290 3838 1399 3897 οἶδέ
1437 3861 1538 3897 που
1578 3844 1794 3908 πάντως
1831 3844 1933 3898 καὶ

330 3936 495 4006 μέχρι
526 3936 672 3999 τίνος
699 3936 846 4008 αὐτῷ
876 3936 935 3989 τὸ
965 3936 1287 3991 συνεστάναι
1315 3936 1638 4008 δεδώρηται.

1044 4071 1261 4125 ΔΛΛΟ..

395 4186 566 4255 Λέγει
605 4202 709 4239 που
741 4185 878 4256 πρὸς
905 4183 995 4238 τὸν
1023 4183 1220 4237 ἑαυτοῦ
1254 4183 1472 4254 Πατέρα
1510 4182 1925 4253 διαλεγόμενος·

328 4298 351 4332 ι
384 4281 598 4351 Πάτερ,
639 4277 895 4348 ἐλήλυθεν
927 4279 961 4348 ἠ
994 4276 1146 4349 ὥρα,
1192 4275 1413 4341 δόξασόν
1457 4293 1551 4328 σου
1602 4275 1694 4328 τὸν
1727 4275 1876 4328 Υἱόν.
1904 4293 1921 4326 ι

323 4374 389 4426 Εἰ
438 4372 623 4424 τοίνυν
666 4367 806 4423 οἶδεν
852 4367 1097 4440 ἀκριϐῶς
1143 4367 1243 4439 τὴν
1281 4366 1452 4439 ὤραν,
1497 4366 1565 4439 ἥν
1608 4365 1928 4437 ἐληλυθέναι

2027 3222 2158 3264 vero
2189 3207 2365 3262 lactus
2390 3212 2474 3261 est
2503 3204 2698 3267 homo,
2727 3196 3061 3255 concedatur
3098 3192 3262 3248 etiam
3291 3188 3340 3243 ei
3385 3195 3443 3241 ut
3472 3184 3615 3240 sicut

2029 3302 2193 3357 homo
2219 3298 2492 3369 loquatur,
2517 3310 2640 3351 cum
2669 3289 2967 3348 incarnatio
2996 3300 3101 3356 qua
3130 3283 3285 3339 nobis
3312 3279 3505 3337 similis
3533 3276 3623 3331 fa-

2028 3401 2149 3451 ctus
2180 3400 2295 3459 est,
2330 3388 2462 3446 nihil
2496 3387 2615 3458 ejus
2648 3381 2915 3440 divinitati
2949 3377 3172 3434 alliciat.
3205 3374 3319 3429 Iloc
3353 3371 3498 3429 enim
3528 3376 3619 3424 est

2031 3487 2174 3557 quod
2206 3500 2238 3540 a
2267 3482 2433 3540 Paulo
2461 3480 2664 3537 dictum
2692 3484 2778 3531 est
2805 3494 2818 3530 :
2857 3492 2876 3525 ι
2914 3471 3262 3542 Captivantes
3286 3477 3502 3522 omnem
3533 3461 3616 3517 in-

2032 3553 2301 3633 tellectum
2334 3576 2389 3630 in
2418 3568 2782 3629 obedientiam
2811 3563 3097 3622 Christi".
3138 3580 3157 3614 ι
3194 3557 3480 3629 Proprium
3513 3553 3615 3607 ita-
3644 3631 3663 3647 .

2030 3684 2139 3742 que
2170 3677 2253 3724 est
2279 3666 2477 3732 Verbo,
2516 3670 2783 3733 quatenus
2808 3656 3044 3715 Verbum
3082 3661 3187 3718 est,
3228 3662 3393 3705 nosse
3426 3659 3614 3699 eorum

2032 3741 2151 3831 qum
2185 3759 2265 3815 ab
2289 3758 2408 3828 ipso
2437 3753 2656 3810 condita
2690 3758 2817 3805 sunt
2853 3745 3116 3819 principia
3153 3751 3209 3798 et
3247 3741 3411 3805 lines;
3446 3749 3614 3831 unum

2032 3868 2165 3909 vero
2203 3863 2391 3907 eorum
2432 3860 2553 3916 qua:
2594 3841 2811 3899 condita
2848 3847 2975 3894 sunt
3014 3846 3098 3892 est
3147 3844 3388 3902 tempus,
3429 3836 3485 3883 et
3522 3841 3623 3896 qur

2033 3952 2247 4013 tempus
2275 3936 2548 4003 condidit,
2574 3932 2725 3992 novit
2753 3929 2999 4003 quandiu
3014 3926 3152 3982 illud
3179 3924 3249 3979 sit
3272 3923 3613 3979 duraturum.

2710 4065 2938 4122 ALIUD.

2109 4188 2365 4244 Servatur
2396 4183 2592 4240 alicubi
2629 4182 2694 4237 ad
2730 4180 2945 4236 Patrem
2984 4190 3138 4233 suum
3175 4174 3248 4227 ita
3285 4172 3360 4225 ait
3398 4189 3410 4225 :
3448 4166 3619 4239 219
3643 4215 3655 4225 .,

2042 4300 2060 4333 ι
2095 4281 2275 4347 Pater,
2302 4279 2448 4334 venit
2473 4278 2626 4342 hora,
2650 4274 2890 4346 giurilica
2917 4271 3111 4327 Filium
3140 4265 3359 4321 tuum“.
3377 4264 3460 4319 »δί
3486 4278 3617 4333 ergo

2036 4381 2226 4429 exacte
2251 4370 2401 4426 novit
2427 4370 2641 4433 horam,
2670 4380 2829 4436 quam
2858 4363 3070 4420 venisse
3098 4360 3251 4427 dicit,
3277 4358 3405 4428 quid
3434 4357 3617 4412 obstat

322 4467 505 4534 λέγει,
533 4464 585 4516 τί
616 4464 677 4517 τὸ
706 4460 914 4517 κωλῦον
935 4460 1132 4515 εἰδέναι
1160 4459 1440 4531 κάκείνην,
1466 4458 1534 4530 ἢν
1550 4458 1625 4523 ὡς
1640 4457 1921 4530 ἄνθρωπος

2030 4464 2320 4537 quominus
2342 4470 2399 4517 et
2423 4461 2568 4516 illam
2594 4460 2764 4525 norit,
2788 4464 3047 4527 quam,ut
3071 4455 3253 4516 homo,
3280 4453 3529 4521 ignorare
3555 4461 3633 4500 se~

323 4560 552 4627 ἀγνοεῖν
596 4556 699 4627 μέν
732 4572 867 4625 φησι
914 4553 1002 4607 διά
1048 4552 1110 4606 τὸ
1148 4556 1216 4625 τῇ
1263 4550 1644 4623 ἀνθρωπότητι
1691 4549 1927 4619 πρέπον,

322 4647 441 4704 οἶδε
472 4649 531 4702 δὲ
567 4648 786 4711 πάντως
819 4647 895 4710 ὡς
927 4646 1099 4712 Θεός;
1132 4645 1253 4717 Χρὴ
1298 4644 1355 4698 δὲ
1381 4644 1443 4697 οὐ
1477 4641 1566 4697 διά
1596 4640 1926 4713 τηνηιτοιαύ-

324 4761 435 4815 την
471 4741 660 4812 φωνὴν
688 4740 1017 4810 κατηγορεῖν
1048 4736 1141 4790 τοῦ
1169 4734 1304 4790 Θεοῦ
1333 4735 1532 4803 Λόγου,
1565 4733 1659 4787 καὶ
1689 4732 1928 4804 ῥιψοκιν-

323 4836 513 4897 δύνως
556 4833 780 4901 ἄγνοιαν
807 4829 957 4900 αὑτῷ
990 4826 1527 4901 προσάπτεινιτινά⁹
1554 4823 1691 4879 ἀλλά
1726 4823 1929 4895 μᾶλλον

324 4926 643 4998 θαυμάζειν
680 4923 847 4978 αὐτοῦ
876 4922 976 4995 τὴν
1019 4920 1448 4992 φιλανθρωπίαν,
1478 4918 1538 4971 οὐ
1582 4933 1952 4989 παραιτησα-ρ

328 5021 505 5093 μένου
538 5017 627 5072 διὰ
667 5018 769 5090 τὴν
796 5018 874 5080 είς
906 5015 1054 5086 ἡμᾶς
1086 5012 1366 5083 ἀγάπησιν
1398 5011 1476 5073 είς
1503 5008 1771 5078 τοσαύτην
1802 5009 1929 5061 ἐαυ-

321 5113 426 5168 τὸν
468 5109 801 5165 ταπείνωσιν
847 5106 1200 5174 καταγαγεῖν,
1238 5104 1314 5167 ὡς
1360 5101 1538 5156 πάντα
1588 5098 1816 5171 φορέσαι
1860 5098 1930 5153 τὰ

322 5204 519 5277 ἡμῶν,
551 5196 626 5258 ὧν
655 5201 713 5255 ἓν
746 5199 984 5271 ὑπάρχει
1012 5198 1107 5250 καὶ
1133 5197 1166 5267 ὴ
1194 5196 1408 5262 ἄγνοια.

1038 5312 1241 5366 AAAO:

421 5432 760 5506 Ἐρωτητέον
794 5431 920 5495 τοὺς
959 5424 1358 5500 χριστομάχους
1380 5462 1394 5485 τ

1441 5421 1563 5473 ὅτου
1597 5419 1661 5491 δὴ
1713 5418 1872 5489 χάριν
1902 5419 1940 5470 δ

2032 4556 2234 4626 inquit,
2270 4554 2412 4625 quod
2451 4553 2504 4608 id
2541 4549 2863 4606 humanitati
2900 4546 3212 4611 conveniat,
3253 4542 3396 4597 norit
3435 4549 3611 4593 autem
3634 4568 3641 4585 -ν

2034 4647 2256 4703 omnino
2298 4654 2358 4699 ut
2402 4643 2589 4700 Deus?
2615 4644 2684 4699 At
2727 4656 2835 4697 non
2879 4646 3093 4710 oportet
3131 4636 3203 4691 ob
3244 4634 3384 4688 hanc
3424 4645 3612 4685 vocem

2036 4740 2272 4794 Verbum
2300 4737 2395 4792 Dei
2422 4736 2697 4800 incusare,
2725 4730 3161 4805 et'ignorantiam
3191 4736 3394 4782 temere
3421 4721 3492 4776 illi
3519 4722 3616 4776 ob-

2027 4829 2235 4898 jicere;
2270 4828 2363 4883 sed
2404 4829 2588 4898 potius
2619 4825 2814 4881 mirari
2848 4838 3089 4879 amorem
3123 4835 3230 4891 quo
3261 4831 3389 4887 erga
3426 4816 3616 4869 huma-

2035 4936 2164 4975 num
2194 4933 2364 4991 genus
2390 4916 2663 4989 ﬂagravit,
2690 4931 2798 4987 quo
2824 4914 3088 4986 impulsus
3114 4926 3220 4966 non
3253 4906 3525 4963 recusavit
3550 4906 3617 4959 ad

2037 5019 2241 5067 tantam
2271 5008 2626 5065 humilitatem
2654 5022 2785 5064 sese
2803 5006 3109 5069 demittere,
3136 5010 3193 5057 ut
3220 5001 3400 5057 omnia
3430 5007 3619 5054 nostra

2035 5103 2354 5172 susciperet,
2386 5115 2620 5173 quorum
2650 5099 2814 5156 etiam
2846 5112 3014 5154 unum
3044 5105 3130 5153 est
3159 5092 3486 5165 ignorantia.

2708 5301 2937 5359 ALIUD.

2108 5414 2476 5488 interrogandi
2528 5424 2655 5472 sunt
2712 5417 2895 5472 hostes
2950 5412 3195 5478 Christi,
3255 5412 3609 5483 quamobrem

326 5500 537 5602 Σωτηρ
576 5500 844 5596 ἀγγέλους
889 5522 985 5577 καὶ
1030 5519 1157 5574 Υίδν
1207 5516 1508 5587 ὀνομάσας,
1557 5509 1797 5582 οὐδαμοῦ
1832 5509 1921 5572 τοι]

2039 5509 2295 5568 Servatur
2324 5523 2448 5567 cum
2478 5508 2695 5581 angelos
2726 5516 2778 5565 et
2810 5506 3352 5573 Filiumnuminarit,
3380 5500 3643 5574 Spiritus-

418 5705 463 5737 ⁷⁸
490 5705 681 5763 Matth.
712 5718 858 5770 xxrv,
895 5701 978 5759 ιι.
1023 5699 1100 5785 ζ’
1132 5697 1172 5754 ll
1201 5696 1326 5754 Cor.
1364 5710 1420 5763 κ,
1461 5693 1512 5749 5.
1666 5690 1822 5748 Joan.
1857 5705 1991 5758 xm,
2029 5689 2076 5744 Ι.
