4126 6202
475 330 577 388 ’571

1481 315 1539 370 S.
1580 313 1857 370 CYRILLI
1892 310 2360 368 ALEXANDRINI
2398 311 2718 367 ARCHIEP.

3615 309 3720 364 372

472 446 801 502 mentionem
847 455 1115 512 nusquam
1184 437 1417 494 fecerit?
1477 436 1589 489 Non
1657 435 1800 489 enim
1852 433 2033 488 dixit:

2151 432 2457 503 Πνεῦματος
2485 432 2776 501 ἐποιήσατο
2809 429 3061 499 μνήμην;
3092 426 3165 481 Uti
3194 426 3301 499 γὰρ
3326 427 3543 499 εἴρηκεν
3564 443 3576 456 ⁸
3608 430 3719 480 Οῷκ

472 537 586 591 Non
653 536 804 590 novit
860 535 1118 604 Spiritus,
1139 534 1257 598 sed,
1286 550 1304 582 ι
1344 528 1458 582 Non
1488 535 1687 581 norunt
1711 526 1909 596 angeli,
1943 540 2039 580 ue-

473 643 577 697 que
624 628 775 684 novit
808 628 1008 694 Filius;
1046 634 1251 694 ratque
1294 624 1395 677 hoc
1434 619 1649 689 quidem
1685 618 2036 687 simpliciter:

474 734 579 774 non
612 720 755 775 enim
780 719 999 789 adjecit,
1034 718 1148 771 Dei.
1186 713 1526 769 Manifestum
1571 713 1734 782 igitur
1761 720 1846 765 est
1897 709 2038 779 quod

471 806 692 876 angelos
725 807 1003 877 ignorasse
1030 804 1247 866 dixerit,
1288 812 1345 855 ut
1388 812 1690 857 creaturas.
1722 800 1859 855 Cum
1912 813 2040 853 vero

473 899 755 969 discipulis
787 900 839 953 id
862 898 1042 951 dicere
1083 895 1270 960 nollet,
1300 894 1370 948 ob
1396 893 1719 948 ineti'abilern
1752 892 2037 961 quamdam

474 989 669 1043 divitne
690 986 1175 1043 administrationis
1201 995 1253 1040 et
1286 984 1499 1040 consilii
1532 983 1794 1037 rationem
1818 995 1833 1035 :
1860 999 1877 1033 ι
1908 979 2043 1047 Quis

474 1082 615 1133 enim
663 1079 811 1132 novit
859 1089 1092 1137 mentem
1139 1075 1373 1140 Domini,
1409 1085 1501 1130 aut
1535 1076 1656 1144 quis
1701 1072 2042 1128 consiliarius

472 1170 589 1237 ejus
632 1168 732 1231 fuit
760 1170 850 1223 ⁸ίῖ
888 1188 911 1231 ι¹
957 1184 1023 1225 ne
1072 1171 1344 1224 videretur
1389 1167 1507 1223 illos
1542 1167 1642 1221 hoc
1671 1166 1869 1236 {celare
1904 1163 2042 1218 velle

469 1274 644 1329 eoque
670 1260 885 1319 nomine
914 1260 1032 1316 illos
1050 1275 1283 1317 mtrrore
1306 1259 1541 1324 allicere,
1575 1258 1733 1322 dixit,
1756 1273 1823 1311 ne
1846 1256 2038 1310 Filium

468 1352 688 1422 quidem
723 1353 825 1411 hoc
858 1367 1058 1418 nosse;
1088 1351 1324 1411 humano
1360 1365 1510 1404 more
1538 1350 1603 1407 de
1630 1364 1689 1403 se
1715 1349 1958 1417 loquens,
1985 1353 2042 1399 ut

472 1446 635 1519 homo
657 1460 673 1499 :
699 1451 754 1497 et
777 1443 1019 1503 omnium
1050 1442 1271 1497 interim
1299 1440 1548 1495 notitiam
1576 1438 1679 1492 sibi
1710 1451 1955 1501 servans,
1986 1445 2044 1490 ut

475 1535 634 1597 Deus.
663 1534 873 1595 idcirco
921 1533 1063 1589 enim
1096 1549 1215 1589 non
1262 1532 1427 1596 dixit,
1467 1530 1732 1600 Spiritum
1766 1530 2037 1600 ignorare.

470 1626 606 1691 Nam
633 1626 679 1680 si
706 1626 928 1696 spiritus
960 1626 1139 1683 omnia
1166 1634 1461 1686 scrutatur,
1486 1625 1649 1677 etiam
1682 1623 1894 1677 occulta
1925 1622 2043 1689 Dei,

471 1729 529 1775 ut
559 1717 816 1786 scriptum
849 1727 933 1777 est
958 1718 1047 1782 ⁸³⁸,
1080 1719 1227 1772 ηονὶι
1258 1716 1498 1787 profecto
1516 1715 1698 1770 omnia
1713 1715 1904 1783 qumin
1930 1715 2045 1784 ipso

2141 519 2247 577 οἶδε
2277 524 2339 576 τὸ
2373 523 2620 593 Πνεῦμα,
2663 522 2777 575 ἀλλ’
2810 541 2828 573 ‹
2856 521 2969 574 Οὐκ
3019 521 3195 573 ἴσασιν
3225 521 3274 574 οἱ
3319 519 3571 588 ἄγγελοι.
3612 520 3720 573 οὐδ’

2141 610 2279 667 οἶδεν
2325 617 2353 667 6
2404 614 2561 677 Υἱός
2598 633 2615 665 ι
2672 614 2766 666 καὶ
2811 611 2967 666 τοῦτο
3013 611 3428 683 ἀπολελυμένως
3454 628 3467 641 ·
3508 611 3567 663 οὐ
3616 611 3719 682 γὰρ

2144 705 2517 776 προστέθεικε,
2549 705 2641 758 τοῦ
2675 704 2829 759 Θεοῦ,
2863 704 3031 771 Δῆλον
3061 702 3153 756 οῦν
3188 704 3268 756 ὅτι
3302 704 3570 773 ἀγγέλους
3618 703 3716 773 μὲν

2143 797 2342 866 ἔφησεν
2386 800 2600 865 ἀγνοεῖν
2629 797 2704 860 ὡς
2732 797 3025 866 κτίσματα.
3072 797 3260 849 Εἰπεῖν
3294 796 3351 865 δὲ
3398 799 3508 859 τοῖς
3544 796 3721 866 μαθη-

2141 894 2261 953 ταῖς
2286 891 2347 943 οὐ
2377 889 2628 959 θελήσας,
2657 890 2746 943 διά
2776 906 2900 942 τινα
2942 889 3098 957 λόγον
3127 889 3440 957 οἰκονομίας
3481 889 3723 958 ἀτεὸρρη-

2142 999 2252 1034 τοψ
2294 1001 2311 1033 t
2341 981 2435 1044 Τίς
2456 982 2568 1053 γὰρ
2603 981 2742 1051 ἔγνω
2775 980 2899 1034 νοῦν
2944 980 3170 1050 Κυρίου,
3215 980 3247 1049 ἦ
3294 979 3377 1045 τίς
3424 979 3724 1050 σύμὸουλος

2144 1071 2306 1126 αὐτοῦ
2352 1073 2599 1140 ὲγὲνετος
2634 1093 2652 1125 ι
2686 1074 2774 1126 ἵνα
2810 1074 2885 1144 μὴ
2922 1073 3180 1143 φαίνηται
3212 1071 3468 1142 κρύπτων
3498 1072 3723 1135 αὐτοὺς,

2144 1167 2237 1219 καὶ
2266 1165 2354 1218 διὰ
2382 1165 2542 1219 τοῦτο
2568 1166 2810 1237 λυπήσῃ,
2852 1166 2947 1219 καί¹
2988 1166 3078 1218 τὸν
3118 1164 3243 1217 Υἱὺν
3300 1163 3469 1233 ἔφησε
3530 1165 3605 1235 μὴ
3654 1167 3728 1218 εἰ·

2142 1257 2306 1318 δέναι,
2327 1257 2808 1328 ἀνθρωπινώτερον
2835 1258 2930 1325 μὲν
2955 1257 3082 1325 περὶ
3105 1255 3298 1309 ἑαυτοῦ
3324 1256 3520 1323 λέγων,
3542 1257 3728 1326 ὥσπερ

2144 1349 2273 1418 περὶ
2300 1347 2585 1417 ἀνθρώπου
2605 1366 2619 1379 ·
2655 1348 2937 1416 φυλάττων
2963 1349 3017 1400 δὲ
3044 1347 3223 1417 ἑαυτῷ
3250 1348 3309 1400 τὸ
3336 1349 3536 1402 εἰδέναι
3568 1350 3728 1405 πάλιν

2144 1440 2322 1494 πάντα
2344 1440 2418 1502 ὡς
2444 1439 2597 1501 Θεός.
2623 1439 2720 1493 Διά
2747 1440 2855 1511 γὰρ
2880 1438 3035 1493 τοῦτο
3065 1440 3183 1493 οὐδὲ
3208 1440 3270 1492 τὸ
3290 1440 3515 1511 Πνεῦμα
3532 1441 3728 1512 ἔφησεν

2145 1532 2383 1600 ἀγνοεῖν.
2419 1534 2483 1585 Ei
2518 1534 2626 1603 γάρ
2656 1532 2717 1585 τὸ
2770 1531 2995 1601 Πνεῦμα
3040 1532 3216 1587 πάντα
3255 1534 3478 1603 ἐρευνᾷ,
3525 1534 3617 1586 καὶ
3665 1534 3730 1587 τά

2148 1625 2283 1695 βάθη
2316 1626 2411 1678 τοῦ
2440 1624 2596 1688 Θεοῦ,
2626 1625 2770 1678 καθά
2808 1625 3134 1694 γέγραπται,
3156 1620 3263 1677 οἶδε
3292 1625 3529 1695 δηλονότι
3554 1625 3729 1679 πάντα

2145 1717 2213 1770 τά
2258 1718 2315 1769 ὲν
2343 1716 2509 1784 αὐτῷ.
2553 1717 2664 1771 Καὶ
2693 1717 2826 1770 εἰτὸ
2855 1717 3078 1786 Πνεῦμα
3114 1715 3175 1768 τὸ
3219 1717 3395 1769 πάντα
3428 1716 3590 1779 εξδὸς,
3638 1719 3732 1771 καὶ

469 1820 613 1869 sunt.
659 1809 813 1877 Quod
852 1810 902 1867 si
939 1809 1175 1879 Spiritus
1208 1810 1297 1879 qui
1358 1809 1539 1863 omnia
1581 1806 1707 1872 scit,
1755 1807 2044 1875 omniaque

2151 1810 2213 1861 τὰ
2246 1809 2424 1862 πάντα
2452 1807 2913 1878 περιεργάζεσθαι
2946 1807 3265 1875 δυνάμενον,
3296 1806 3448 1875 παρὰ
3481 1805 3572 1858 τοῦ
3602 1806 3729 1858 Υἱοῦ

471 1902 747 1971 inquirere
791 1910 996 1971 potest,
1027 1916 1056 1954 ιι
1096 1900 1232 1957 Filio
1262 1901 1462 1970 accipit
1496 1915 1511 1952 :
1555 1917 1575 1952 ι
1614 1898 1707 1952 Ille
1750 1898 1919 1962 enim,
1957 1897 2043 1950 in-

471 1990 690 2059 quit,de
718 2005 845 2045 meo
861 1990 1168 2060 accipiet",
1199 2010 1219 2043 ι
1240 1990 1512 2059 quomodo
1539 1988 1708 2045 Filius
1735 1988 2045 2042 censebitur

474 2084 743 2152 ignorare,
769 2083 863 2152 qui
890 2066 1119 2153 Spiritui
1151 2084 1332 2138 omnia
1365 2080 1559 2138 scienti
1586 2081 1941 2150 suppeditat?

1139 2194 1371 2251 ALIUD.

544 2310 601 2366 Si
653 2309 815 2369 Pater
856 2310 1039 2365 omnia
1080 2318 1339 2378 operatur
1377 2323 1475 2381 per
1513 2307 1734 2374 Filium,
1762 2316 1822 2363 ut
1877 2308 2052 2377 inquit

473 2403 779 2473 Scriptura,
813 2412 867 2458 et
901 2402 1017 2459 sine
1047 2402 1165 2472 ipso
1197 2399 1395 2471 factum
1426 2410 1509 2454 est
1537 2399 1704 2465 nihil;
1729 2415 1891 2453 unum
1922 2413 2051 2453 vero

472 2495 712 2561 omnium
740 2494 903 2550 etiam
935 2507 1018 2549 est
1048 2492 1336 2565 prmlinitio
1362 2492 1468 2553 diei
1498 2503 1552 2546 et
1582 2492 1733 2547 hora:
1760 2506 1867 2562 quo
1895 2506 2050 2557 mun-

2148 1898 2436 1969 λαμὸάνει’
2477 1916 2498 1951 ι
2534 1899 2741 1951 Ἐκεῖνο
2781 1897 2911 1969 γὰρ,
2952 1897 3136 1967 φησιν,
3168 1896 3225 1961 ἐξ
3257 1897 3389 1965 ἐμοῦ
3421 1895 3645 1967 λήψεται
3667 1914 3679 1925 ·
3706 1916 3724 1948 ι

2150 1990 2268 2053 πῶς
2303 1992 2331 2041 ὁ
2364 1989 2535 2058 Λόγος
2561 1989 2765 2058 ἀγνοεῖ,
2791 1990 2819 2041 ὁ
2847 1989 2939 2043 τοῦ
2972 1989 3150 2044 πάντα
3179 1988 3378 2052 εἰδότος
3418 1988 3731 2058 Πνεῦματος

2152 2081 2386 2154 χορηγός
2405 2097 2420 2148 ;

2843 2198 3047 2253 ΑΔΛΟ.

2224 2312 2285 2365 Εἰ
2319 2311 2494 2366 πάντα
2525 2310 2591 2365 δι’
2619 2310 2748 2363 Υιοῦ
2780 2312 2808 2363 6
2839 2311 3029 2382 Πατὴρ
3056 2309 3368 2380 ἐργάζεται,
3401 2308 3543 2361 καθά
3572 2324 3733 2377 φησιν

2152 2404 2185 2473 ἡ
2217 2402 2430 2475 Γραφή·
2456 2403 2626 2473 χωρὶς
2655 2402 2763 2475 γὰρ
2789 2402 2955 2458 αὑτοῦ
2984 2401 3202 2473 ἐγένετο
3224 2398 3342 2457 οὐδὲ
3364 2397 3444 2456 ἔν’
3470 2398 3526 2455 ἓν
3549 2401 3607 2455 δὲ
3626 2401 3735 2453 τῶν

2152 2496 2370 2551 πάντων
2394 2496 2514 2549 ἐστὶ
2561 2496 2657 2550 καὶ
2699 2496 2759 2550 τὸ
2789 2497 3077 2567 ὁρισθῆναι
3111 2498 3210 2568 τὴν
3255 2497 3468 2568 ἡμέραν
3500 2496 3591 2549 καὶ
3637 2495 3736 2558 τὴν

472 2592 577 2659 όιιει
605 2588 829 2661 ﬁniatur
858 2607 877 2644 :
906 2597 1055 2661 certe
1087 2587 1249 2655 etiam
1283 2587 1385 2643 hoc
1414 2585 1736 2655 praefinitum
1758 2593 1844 2641 est
1867 2592 1923 2638 et
1942 2598 2038 2638 ex—

2151 2585 2289 2657 ὦραν
2314 2585 2565 2658 καθ’ἡνὸ
2589 2586 2794 2656 κόσμος
2814 2586 2925 2652 ἕξει
2960 2586 3021 2638 τὸ
3059 2587 3229 2650 τὲλοςσ
3266 2586 3496 2658 ὥρισται
3531 2585 3735 2655 δηλον-

476 2696 720 2750 pressum
771 2696 866 2757 per
894 2680 1117 2743 Filium.
1147 2679 1298 2746 Quod
1331 2693 1459 2733 vero
1488 2676 1814 2747 pra-ﬁnitum
1845 2684 1929 2730 est
1956 2689 2052 2743 per

476 2773 646 2837 illum,
683 2772 951 2845 quomodo
982 2772 1230 2842 ignorare
1258 2771 1459 2841 queat?
1492 2769 1652 2825 Novit
1707 2769 1893 2838 itaque
1934 2767 2044 2821 huc

476 2872 532 2915 nt
564 2861 724 2926 Dens,
760 2863 973 2918 tametsi
1018 2864 1231 2919 nescire
1266 2878 1326 2919 se
1366 2863 1513 2917 dicat
1548 2871 1820 2930 quatenus
1869 2859 2052 2917 factus

476 2964 558 3008 est
590 2968 749 3018 caro,
779 2962 834 3007 et
860 2968 982 3023 qum
1009 2953 1219 3011 homini
1252 2952 1584 3019 conveniunt
1612 2952 1837 3008 sentiat.

1148 3088 1377 3145 ALIUD.

549 3204 606 3258 Si
646 3219 825 3263 omnia
872 3219 993 3275 qua:
1036 3203 1200 3261 habet
1250 3201 1431 3268 Pater,
1471 3211 1598 3257 sunt
1652 3202 1794 3265 Filii,
1831 3211 1888 3261 ut
1941 3201 2054 3279 ipse

479 3304 762 3349 testatur:
810 3305 864 3355 at
894 3297 1054 3351 Pater
1097 3296 1342 3351 ultimum
1380 3295 1525 3348 illum
1574 3294 1713 3349 diem
1760 3303 1815 3348 et
1862 3294 2052 3349 horam

478 3388 627 3445 novit
651 3403 666 3444 :
689 3398 836 3445 certe
869 3388 1031 3444 etiam
1069 3387 1239 3447 Filius
1268 3386 1431 3443 norit.
1459 3386 1536 3442 lta
1569 3387 1714 3445 enim
1742 3402 1868 3442 vcre
1899 3386 2052 3453 dixe-

481 3482 589 3555 rit:
625 3500 644 3532 ι
680 3480 871 3553 Omnia
901 3496 1021 3555 qua:
1061 3482 1223 3551 habet
1247 3479 1435 3545 Pater,
1470 3495 1589 3534 mea
1620 3488 1749 3535 sunt
1787 3480 1855 3537 ⁸³.
1891 3499 1910 3531 ι

1050 3685 1218 3763 220
1248 3684 1477 3757 anno.

548 3797 606 3853 Si
631 3810 760 3852 vere
790 3796 920 3853 dicit
945 3814 958 3851 :
990 3812 1011 3851 ι
1041 3796 1151 3869 Ego
1181 3797 1237 3867 in
1268 3797 1453 3864 Patre,
1479 3809 1533 3855 et
1556 3797 1714 3854 Pater
1738 3799 1789 3853 in
1822 3814 1908 3854 me
1931 3800 2009 3864 8*;
2034 3816 2055 3851 ι

479 3903 531 3947 et
560 3889 718 3949 Pater
745 3889 993 3944 ultimum
1032 3889 1180 3946 illum
1215 3891 1358 3948 diem
1384 3902 1438 3947 et
1459 3891 1647 3949 horam
1683 3892 1875 3947 novit:
1911 3892 2060 3948 novit

483 3981 729 4050 profecto
760 3990 815 4038 et
838 3982 1032 4049 Filius,
1073 3983 1165 4053 qui
1198 3984 1253 4039 in
1296 3984 1458 4039 Patre
1493 3985 1729 4048 exsistit,
1765 3984 2062 4054 omniaque

481 4077 535 4129 in
591 4076 707 4144 ipso
752 4077 922 4141 novit,
956 4086 1012 4131 et
1060 4075 1276 4131 Patrem
1324 4076 1419 4145 qui
1456 4078 1639 4131 omnia
1692 4077 1842 4132 novit
1887 4078 1940 4131 in
2000 4090 2059 4132 se

480 4166 665 4221 habet.

1135 4283 1368 4340 ALlUD.

2152 2682 2235 2736 ότι
2282 2684 2376 2736 καὶ
2414 2680 2722 2735 τετύπωται
2748 2679 3024 2733 καὶτοῦτο
3054 2679 3120 2732 δι’
3147 2677 3302 2732 Υἱοῦ.
3335 2679 3408 2730 Τὸ
3434 2677 3488 2730 δὲ
3520 2676 3736 2747 ὁρισθὲν

2152 2776 2219 2830 δι’
2266 2774 2453 2838 αὐτοῦ,
2503 2774 2621 2837 πῶς
2658 2775 2869 2842 ἀγνοεῖν
2915 2771 3173 2837 δύναταις
3220 2770 3429 2825 υὺκοῦν
3477 2764 3614 2822 οἶδεν
3660 2767 3737 2831 ὼς

2155 2867 2317 2931 Θεὸς,
2358 2866 2462 2920 κᾶν
2489 2868 2701 2935 ἀγνοεῖν
2730 2866 2865 2937 λέγῃ
2884 2908 2898 2931 ,
2944 2866 3079 2919 καθὸ
3125 2864 3315 2934 γέγονε
3346 2862 3501 2936 σάρξ,
3532 2861 3625 2915 καὶ
3666 2859 3736 2913 τὰ

2158 2959 2429 3029 ἀνθρώπῳ
2456 2958 2732 3030 πρέποντα
2764 2961 2955 3030 φρονῇ.

2835 3092 3037 3147 ΑΛΛΟ.

2226 3208 2289 3261 Εἰ
2321 3208 2497 3261 πάντα
2524 3207 2623 3260 ὅσα
2656 3205 2768 3275 ἔχει
2811 3208 2839 3259 6
2874 3206 3065 3277 Πατὴρ
3106 3205 3197 3260 τοῦ
3232 3202 3363 3257 Υἱοῦ
3403 3204 3551 3269 ἐστι,
3596 3198 3739 3252 καθὰ

2157 3318 2319 3370 φησιν
2344 3300 2528 3365 αὐτὸς,
2555 3299 2669 3370 ἔχει
2697 3300 2753 3353 δὲ
2777 3301 2805 3354 ὁ
2835 3300 3027 3370 Πατὴρ
3052 3300 3149 3370 τὴν
3178 3295 3381 3366 γνῶσιν
3404 3295 3503 3365 τῆς
3528 3292 3739 3363 ἡμέρας

2156 3394 2251 3465 καὶ
2290 3395 2387 3465 τῆς
2432 3394 2584 3465 ὥρας
2624 3395 2871 3464 ἐκείνης,
2914 3392 3025 3464 ἔχει
3064 3390 3307 3462 δηλονότι
3338 3387 3546 3456 ταύτην
3591 3384 3684 3437 καὶ
3710 3384 3740 3435 6

2159 3490 2305 3552 Υἱός.
2346 3488 2503 3543 Οὕτω
2541 3489 2651 3560 γὰρ
2679 3487 2967 3558 ἀληθεύσει
3001 3486 3201 3555 λέγων·
3239 3503 3256 3535 ι
3283 3483 3467 3536 Πάντα
3500 3482 3602 3539 ὅσα
3627 3478 3737 3546 ἔχει

2156 3582 2185 3651 6_
2216 3579 2425 3652 Πατὴρ,
2460 3580 2570 3651 ὲμά
2596 3581 2760 3633 ἐστιν.
2787 3597 2806 3630 ι

2861 3691 2949 3743 ΑΛ
2960 3692 3065 3744 ΛΟ.

2228 3806 2291 3861 Εἰ
2325 3807 2581 3878 ἀληθεύει
2623 3805 2818 3871 λέγων·
2859 3823 2878 3857 ι
2920 3805 3062 3872 Ἐγὼ
3112 3805 3169 3856 ἐν
3208 3801 3286 3874 τῷ
3331 3800 3539 3872 Πατρὶ,
3587 3799 3679 3861 καὶ
3712 3798 3742 3849 6

2160 3900 2347 3969 Πατὴρ
2371 3901 2428 3951 ὲν
2457 3898 2601 3968 ἐμοὶ,
2636 3917 2655 3949 ι
2687 3894 2794 3950 οἶδε
2827 3896 2881 3949 δὲ
2909 3897 3007 3968 τὴν
3038 3896 3252 3968 ἡμέραν
3283 3894 3499 3964 ἐκείνην
3524 3893 3614 3945 καὶ
3644 3891 3740 3960 τὴν

2159 3992 2308 4058 ὤραν
2338 3992 2366 4041 6
2404 3989 2614 4060 Πατὴρ,
2647 3984 2754 4041 οἶδε
2794 3987 3032 4057 δηλονότι
3076 3988 3169 4040 καὶ
3212 3988 3239 4039 6
3272 3986 3430 4049 Υἱὸς,
3467 3985 3526 4036 ἐν
3567 3980 3741 4050 Ila-api

2158 4099 2219 4134 τε
2249 4080 2323 4132 ὢν
2354 4080 2449 4133 καὶ
2483 4080 2660 4134 πάντα
2694 4079 2977 4147 γινώσκων
3002 4078 3069 4132 τὰ
3095 4080 3150 4131 ὲν
3178 4076 3346 4147 αὐτῷ,
3378 4074 3473 4129 καὶ
3510 4075 3645 4144 ἔχων
3684 4072 3740 4123 ἐν

2162 4172 2341 4244 ἑαυτῷ
2367 4173 2456 4226 τὸν
2489 4172 2667 4227 εἰδότα
2700 4173 2944 4242 Πατέρα.

2848 4289 3050 4343 ΔΛΛΟ.

553 4397 724 4456 Filius
754 4397 951 4453 dicitur
987 4407 1041 4469 et
1075 4407 1163 4467 est
1199 4398 1511 4465 omnimoda
1559 4398 1734 4461 Patris
1775 4398 1953 4470 imago
1988 4399 2049 4456 ⁸⁸.

2235 4404 2410 4459 Εἰκὼν
2457 4405 2875 4476 ἀπαράλλακτος
2911 4402 3006 4456 τοῦ
3051 4401 3263 4473 Πατρδς
3304 4402 3332 4453 ὁ
3361 4398 3487 4461 Υἱὸς
3526 4395 3740 4462 λέγεται

487 4492 544 4548 Si
578 4507 705 4547 vero
741 4492 897 4546 Pater
931 4493 1081 4549 novit
1112 4494 1252 4563 diem
1298 4492 1447 4559 illum
1491 4498 1546 4555 et
1587 4492 1772 4551 horam
1800 4506 1815 4552 ;
1845 4492 2061 4559 ignorat

484 4592 665 4637 autem
720 4583 892 4639 Filius
934 4601 949 4638 :
996 4584 1267 4654 quomodo
1319 4582 1371 4636 id
1411 4582 1553 4651 quod
1603 4581 1817 4651 ignorat
1861 4580 2064 4638 referet

482 4678 847 4732 characterem
876 4675 991 4745 eius
1009 4678 1101 4747 qui
1134 4676 1327 4730 novit?
1362 4676 1522 4745 Atqui
1555 4683 1639 4735 est
1672 4674 1895 4733 omnino
1921 4673 2060 4728 ima-

482 4785 548 4838 go
582 4769 781 4836 Patris,
830 4769 958 4826 licet
992 4770 1229 4833 maxime
1273 4764 1456 4835 hoStes
1487 4766 1691 4821 Christi
1744 4765 1934 4821 nolint.
1966 4764 2058 4820 Si-

483 4860 627 4915 milis
662 4860 843 4929 itaque
866 4869 948 4915 est
971 4859 1139 4915 etiam
1177 4858 1274 4925 hac
1315 4857 1368 4911 in
1403 4868 1559 4927 parte
1602 4855 1747 4910 Patri
1774 4872 1788 4920 ;
1815 4863 1871 4910 et
1915 4854 2060 4909 sicut

483 4950 634 5005 novit
671 4950 782 5015 ille,
812 4950 962 5007 novit
994 4958 1048 5007 et
1072 4948 1207 5019 ipse.

1144 5083 1371 5141 ALIUD.

556 5198 658 5266 Qui
683 5200 812 5254 dicit
844 5200 1065 5264 Filium,
1102 5210 1371 5270 quatenus
1399 5208 1481 5255 est
1514 5197 1773 5263 Verbum,
1810 5198 2061 5269 ignorare

483 5292 626 5346 diem
654 5292 804 5347 illum
837 5304 892 5348 et
922 5293 1131 5357 horam,
1167 5292 1558 5362 blasphemiam
1586 5292 1790 5344 evitare
1827 5306 1933 5346 non
1966 5306 2064 5361 po-

484 5393 613 5438 test.
642 5385 697 5438 Si
727 5385 868 5439 enim
902 5386 1052 5439 novit
1084 5385 1325 5452 Patrem,
1359 5385 1499 5439 sicut
1534 5383 1764 5452 ipsemet
1786 5392 2057 5438 testatur:

484 5475 610 5545 quid
638 5478 817 5531 obstat
849 5478 1142 5546 quominus
1165 5479 1327 5533 etiam
1358 5481 1518 5532 linem
1556 5476 1848 5532 ereationis
1876 5475 2063 5531 norit?

487 5569 547 5623 Si
587 5582 718 5623 vero
756 5567 993 5624 dixerint
1045 5570 1278 5640 amplius
1312 5583 1436 5625 esse
1473 5568 1634 5625 linem
1681 5577 2058 5624 creaturarum

562 5682 604 5714 "
639 5682 740 5737 lsa.
773 5696 861 5744 xt.,
894 5683 960 5736 l3
983 5699 996 5749 ;
1023 5680 1179 5739 Rom.
1214 5681 1408 5747 11,54.
1488 5684 1553 5715 "‘
1584 5681 1604 5738 l
1642 5684 1771 5740 Cor.
1807 5697 1869 5750 ll,
1917 5684 2003 5739 l0.

492 5762 535 5793 ³⁸
559 5753 768 5810 Coloss.
804 5770 838 5814 ι,
879 5753 961 5810 l5.

2165 4498 2259 4552 καὶ
2288 4498 2453 4556 ἔστιν,
2493 4499 2553 4551 Εἰ
2581 4497 2637 4550 δὲ
2669 4494 2808 4551 οἶδεν
2843 4499 2870 4550 6
2910 4495 3101 4567 Πατὴρ
3129 4494 3225 4566 τὴν
3264 4491 3475 4562 ἡμέραν
3513 4488 3605 4541 καὶ
3642 4485 3741 4554 τὴν

2166 4590 2335 4661 ὤραν,
2373 4592 2558 4659 ἀγνοεῖ
2583 4590 2637 4643 δὲ
2667 4592 2695 4643 6
2726 4590 2876 4655 Υἱὸς,
2915 4589 3031 4652 πῶς
3053 4588 3113 4641 τὸ
3141 4584 3370 4655 ἀγνοοῦν
3412 4581 3611 4643 εἰδότος
3642 4595 3741 4647 φοι

2170 4684 2314 4754 ρέσει
2351 4683 2443 4737 τὸν
2491 4683 2853 4755 χαρακτῆρας
2907 4683 3046 4736 Ἀλλ’
3092 4681 3240 4733 ἔστιν
3288 4677 3453 4731 εἰκὼν
3490 4673 3584 4727 τοῦ
3630 4672 3743 4724 Πα-

2164 4775 2313 4847 τρδς.
2340 4774 2444 4828 κᾶν
2468 4776 2516 4828 οἱ
2545 4776 2900 4846 χριστομάχοι
2935 4773 3008 4844 μὴ
3041 4772 3355 4843 βούλωνται.
3389 4769 3603 4821 Ἔοικεν
3634 4764 3740 4833 ἄρα

2166 4869 2260 4922 καὶ
2291 4868 2429 4921 κατὰ
2457 4868 2615 4923 τοῦτο
2647 4868 2726 4940 τῷ
2759 4867 2951 4938 Πατρὶ,
2983 4867 3077 4920 καὶ
3109 4865 3294 4938 ὥσπερ
3338 4857 3477 4917 οἶδεν
3508 4860 3741 4918 ἐκεῖνος.

2165 4961 2308 5016 οὕτω
2340 4962 2433 5015 καὶ
2468 4962 2648 5026 αὑτός.

2850 5097 3053 5153 ΑΛΛΟ.

2249 5211 2308 5263 '0
2346 5211 2420 5282 μὴ
2460 5211 2657 5266 εἰδέναι
2699 5212 2871 5280 λέγων
2902 5212 2995 5265 τὸν
3038 5211 3185 5274 Υἱὸν,
3224 5208 3359 5275 καθὸ
3390 5205 3559 5272 Λόγος
3593 5198 3744 5259 ἐστὶν

2169 5302 2267 5373 τὴν
2296 5304 2508 5375 ἡμέραν
2548 5305 2643 5358 καὶ
2672 5306 2772 5375 τὴν
2803 5305 2952 5377 ὤραν
2984 5304 3220 5375 ἐκείνην,
3244 5303 3345 5355 οὐκ
3373 5300 3477 5365 ἔξω
3502 5295 3611 5349 τῶν
3638 5291 3746 5345 ἀπὸ

2169 5395 2267 5463 τῆς
2310 5396 2661 5468 βλασφημίας
2710 5398 3073 5470 ἐγκλημάτων
3117 5395 3491 5467 εὑρεθήσεται.
3524 5389 3588 5457 Εἰ
3635 5383 3746 5453 γὰρ

2166 5483 2275 5541 οἶδε
2314 5488 2405 5543 τὸν
2436 5490 2675 5562 Πατέρα,
2712 5491 2854 5545 καθά
2900 5507 3064 5562 φησιν
3107 5488 3290 5554 αὐτὸς,
3335 5485 3389 5540 τί
3421 5481 3621 5537 κωλύει
3650 5473 3747 5531 καὶ

2165 5578 2241 5632 τδδ
2274 5581 2425 5645 τέλος
2474 5583 2669 5637 εἰδέναι
2714 5584 2817 5655 τῆς
2872 5584 3135 5651 κτίσεωςς
3181 5585 3244 5637 Εἰ
3286 5582 3385 5654 μὲν
3428 5574 3523 5631 οὖν
3559 5571 3745 5645 μεῖζον

2091 5687 2134 5720 ⁸³
2168 5688 2326 5751 Joan.
2356 5708 2469 5759 ιη,
2518 5693 2605 5748 li.
2682 5696 2728 5728 ⁸³
2756 5693 2913 5751 Joan.
2957 5710 3062 5761 xw,
3099 5694 3181 5753 l5.
3228 5693 3275 5727 ”
3311 5691 3466 5748 Joan.
3500 5706 3614 5757 xiv,
3650 5685 3740 5741 Η.
