4058 6206
354 216 465 274 373

1779 235 2218 296 THESAUliUS.

3512 252 3615 309 δτι

357 337 540 406 ἐροῦσι
576 336 669 390 τοῦ
717 342 1006 407 γινώσκειν
1041 342 1129 396 τὸν
1165 345 1385 417 Πατέρα
1414 346 1474 400 τὸ
1513 349 1711 405 εἰδέναι
1741 351 1802 406 τὸ
1842 355 1937 423 τῆς

2045 374 2228 426 nosse,
2272 374 2437 431 quam
2482 359 2720 426 Patrem,
2752 358 3120 416 removebant
3172 375 3203 415 a
3249 374 3313 418 se
3360 361 3612 434 blasphe-

352 427 587 492 κτίσεως
619 429 788 495 τέλος,
831 432 1148 489 άποίσονται
1192 436 1293 506 τῆς
1326 437 1684 510 βλασφημίας
1712 443 1812 511 τὴν
1846 448 1939 498 κό-

352 521 526 575 λασιν.
570 522 635 574 ΕΞ
670 521 727 575 δὲ
757 523 935 594 πάσης
982 526 1236 594 γνώσεως
1269 530 1721 603 ὐπεραναὸέϐηκε
1764 536 1824 590 τὸ
1853 554 1938 605 γι-

350 608 583 665 νὼσκειν
608 612 699 666 τὸν
732 613 966 686 Πατέρα,
999 618 1116 681 πῶς
1142 620 1170 672 6
1194 620 1253 673 τὸ
1284 622 1460 689 μεῖζον
1488 623 1644 689 εἰδὼς
1684 627 1939 699 ἀγνοήσει

348 703 411 755 τὸ
439 704 660 758 ἔλαττον
681 723 699 771 ;

794 822 1002 888 ΔΛΛΟ,
1035 824 1488 896 διηγηματικῶς.

422 928 539 981 Οὐκ
576 928 788 997 ἀγνοῶν
813 932 842 984 6
878 932 1070 1001 Λόγος,
1166 938 1339 1007 Λόγος
1369 939 1487 991 ἐστὶ
1522 943 1614 995 καὶ
1649 944 1812 1013 σοφία
1844 946 1938 998 τοῦ

348 1022 590 1091 Πατρὸς.
616 1022 698 1086 τὸ,
727 1025 845 1077 Οὐκ
865 1019 1002 1091 οῖδα,
1027 1029 1211 1096 φησὶν,
1241 1032 1379 1085 ἀλλά
1406 1033 1669 1087 δεικνύων
1686 1037 1742 1090 ἐν
1761 1039 1939 1108 ἑαυτῷ

348 1114 446 1165 καὶ
488 1114 552 1166 τὸ
581 1113 945 1186 ἀνθρώπινον,
979 1110 1025 1185 ᾧ
1058 1120 1295 1190 μάλιστα
1340 1124 1539 1195 πρέπει
1584 1126 1644 1178 τὺ
1689 1128 1934 1196 ἀγνοεῖν*

349 1203 481 1255 ἴδιον
513 1204 622 1274 γάρ
657 1205 1079 1279 ἀνθρωπότητος
1114 1210 1279 1266 τοῦτό
1312 1231 1395 1283 γε.
1440 1216 1658 1287 Ἐπειδὴ
1693 1219 1802 1288 γὰρ
1839 1220 1939 1290 τὴν

236 1300 241 1305 ’
348 1294 510 1363 ἡμῶν
558 1297 914 1367 περιεϐάλετο
957 1301 1154 1373 σάρκα,
1200 1303 1291 1358 διὰ·
1317 1306 1478 1360 τοῦτο
1511 1310 1606 1362 καὶ
1653 1313 1750 1380 τήν
1784 1312 1940 1383 ἡμῶν

346 1386 575 1452 άγνοιαν
615 1386 760 1456 ἔχειν
792 1389 1211 1461 ὲσχηματίζετο.
1241 1396 1362 1448 Ὅτι
1404 1396 1512 1467 γὰρ
1545 1398 1610 1469 τῇ
1651 1398 1934 1471 ἀνθρωπό-

345 1494 481 1547 τητι.
515 1479 611 1531 καὶ
638 1479 698 1532 οὐ
728 1483 793 1551 τῇ
827 1483 1005 1554 οἰκείᾳ
1037 1484 1201 1554 φύσει·
1224 1486 1285 1539 τὸ
1316 1488 1535 1556 ἀγνοεῖν
1570 1492 1937 1564 περιτίθησιν,

346 1569 605 1624 ἐντεῦθεν
646 1570 822 1637 ἔξεστι
869 1574 1082 1645 μαθεῖν.
1129 1578 1477 1650 Παραγαγὼν
1516 1583 1624 1655 γὰρ
1656 1585 1735 1647 εἰς
1774 1585 1938 1655 μέσον

344 1659 449 1731 τὴν
479 1662 724 1733 ἱστορίαν
750 1663 862 1716 τῶν
894 1665 1036 1719 κατὰ
1071 1667 1198 1730 τοὺς
1225 1669 1451 1740 χρόνους
1478 1671 1575 1725 τοῦ
1613 1672 1738 1725 Νῶε
1779 1690 1939 1741 γεγο-

345 1754 525 1808 νότων
559 1753 889 1826 ἀνθρώπιον,
936 1758 1031 1810 καὶ
1073 1760 1346 1829 εἰρηκώςο
1392 1780 1415 1811 r
1446 1764 1693 1830 Ἤσθιον,
1731 1764 1936 1829 ἔπινον,

342 1844 615 1917 ὶγάμουν,
641 1846 985 1919 ἐγαμίζοντο,
1013 1849 1119 1914 ἕως
1147 1847 1315 1922 ἢλθεν
1342 1855 1372 1907 6
1403 1855 1807 1927 κατακλυσμὸς,
1845 1859 1940 1910 καὶ

340 1933 483 2011 ἦρεν
528 1938 796 2004 ἃπαντας,
822 1959 843 1993 ι
878 1943 1157 2013 ἐπήγαγεν
1186 1944 1384 2010 εὐθύς·
1436 1965 1463 1999 r
1485 1948 1815 2019 Γρηγορεῖτε
1845 1945 1939 2003 οῦν

344 2031 441 2085 καὶ
482 2032 668 2103 ὑμεῖς.
706 2033 789 2087 ὅτι
816 2035 918 2088 οὐκ
954 2037 1132 2091 οἴδατε
1168 2038 1299 2111 ποίᾳ
1330 2039 1453 2112 ὥρᾳ
1481 2042 1509 2095 6
1540 2042 1745 2113 Κύριος
1786 2043 1940 2114 ὑμῶν

342 2119 604 2190 ἔρχεται·
635 2140 655 2173 ι
706 2122 800 2175 καὶ
847 2124 1043 2177 πάλιν·
1082 2146 1105 2179 r
1132 2119 1209 2199 ’ῌ
1242 2130 1303 2182 οὐ
1342 2129 1547 2183 δοκεῖτε
1589 2130 1727 2202 ὥρα,
1753 2133 1782 2185 6
1813 2130 1939 2196 Υίδς

344 2214 442 2267 τοῦ
471 2214 763 2287 ἀνθρώπου
791 2215 1029 2288 ἔρχεται.
1056 2238 1074 2272 i
1115 2221 1334 2292 Ἐχρῆν,
1362 2221 1420 2276 δὲ
1448 2223 1608 2295 εἴπερ
1624 2224 1790 2287 αὐτὸς
1814 2220 1881 2295 ἦν
1910 2227 1939 2279 6

342 2306 582 2375 ἀγνοῶν,
646 2307 780 2362 καθδ
832 2309 1005 2379 Λόγος
1050 2312 1218 2381 ἐστὶν,
1263 2314 1443 2367 ἐκεῖνο
1473 2314 1676 2381 μᾶλλον
1727 2317 1936 2369 εἰπεῖν⁸

342 2397 461 2449 Οὐκ
490 2392 615 2451 οἶδα
648 2397 780 2470 ποίᾳ
815 2400 999 2472 ἡμέρᾳ
1031 2401 1287 2473 ἔρχομαι,
1337 2406 1435 2459 καὶ
1541 2406 1604 2459 οῦ
1636 2405 1779 2460 δοκῶ
1820 2406 1940 2479 ὥρα

344 2487 768 2560 πεμφθήσομαι.
824 2492 1043 2564 Ἐπειδὴ
1088 2493 1146 2547 δὲ
1179 2497 1292 2560 τοῖς
1336 2496 1737 2567 ἀκροωμένοις,
1768 2498 1831 2551 τὸ
1862 2497 1940 2569 μὴ

341 2580 547 2635 εἰδέναι
568 2582 662 2635 τὸν
697 2584 890 2655 καιρὸν
920 2585 951 2655 ἦ
983 2585 1081 2655 τὴν
1114 2587 1331 2660 ἡμέραν
1357 2589 1458 2659 τῆς
1500 2590 1807 2659 παρουσίας
1841 2592 1939 2645 αῦ-

343 2670 442 2723 τοῦ
486 2673 858 2744 περιτέθεικε,
904 2676 1065 2746 δῆλός
1115 2680 1266 2732 ἐστιν
1308 2680 1472 2744 αὐτὸς
1524 2680 1624 2751 μὲν
1663 2682 1820 2747 είδὼς
1864 2682 1939 2747 ὡς

343 2759 541 2828 Λόγος.
580 2762 818 2830 ’Ᾱγνοεῖν
858 2764 915 2818 δὲ
946 2766 1142 2834 λέγων,
1174 2768 1311 2823 καθὸ
1343 2769 1455 2824 τῶν
1494 2771 1714 2839 ἀγνοεῖν
1764 2789 1939 2840 πεφυ-

345 2851 551 2917 κότων,
612 2853 854 2924 δηλονότι
920 2856 1251 2929 ἀνθρώπων,
1298 2860 1400 2931 τὴν
1450 2861 1713 2931 ὁμοίωσιν
1756 2863 1953 2917 ινεδῦρν

347 2963 507 2999 σατο.

1039 3062 1242 3117 ᾹΛΛιΟ.

422 3172 573 3224 Είέκ
600 3173 698 3242 τῆς
736 3174 945 3237 εἰκόνος
996 3174 1095 3245 τῆς
1144 3176 1286 3230 κατὰ
1334 3180 1426 3233 τὸν
1478 3182 1602 3236 Νῶε
1652 3187 1937 3257 σημαίνειν

346 3262 601 3332 βούλεται
625 3265 722 3333 τῆς
753 3265 1021 3336 δευτέρας.
1061 3267 1226 3321 αὐτοῦ
1274 3273 1571 3343 παρουσίας
1593 3276 1683 3328 τὸν
1710 3278 1933 3350 καιρὸν,

341 3356 437 3407 ὅτε
463 3353 663 3426 κρίνων
698 3354 981 3408 ἐλεύσεται
1025 3357 1126 3428 τὴν
1168 3360 1517 3432 οἰκουμένην,
1580 3365 1830 3432 φαίνεται
1878 3367 1935 3419 δὲ

342 3448 441 3500 τοῦ
470 3447 854 3518 κατακλυσμοῦ
906 3450 1005 3521 τὴν
1048 3449 1265 3522 ἡμέραν
1324 3453 1423 3507 οὐκ
1455 3455 1728 3527 ἀγνοήσας
1775 3459 1936 3530 (οὕτω

340 3539 454 3610 γάρ
482 3540 652 3609 ἔφησε
679 3540 756 3611 τῷ
778 3540 923 3593 Νῶε⁸
955 3561 973 3592 ι
1004 3542 1245 3607 Εἷσελθε,
1283 3545 1347 3597 σὺ
1379 3546 1472 3599 καὶ
1499 3547 1548 3600 oi
1579 3550 1682 3602 υἱοί
1704 3567 1821 3616 σου,
1856 3553 1936 3616 εἰς

340 3632 442 3703 τὴν
491 3631 756 3685 κιϐωτόν·
810 3631 893 3685 ἔτι
943 3633 1052 3704 γὰρ
1102 3634 1326 3705 ἡμερῶν
1364 3637 1535 3703 ἑπτὰ,
1585 3639 1696 3708 ἐγὼ
1744 3641 1937 3711 ἐπάγω

338 3722 503 3775 ὑετὸν
522 3723 612 3774 ἐπὶ
641 3721 918 3793 τὴν-ιγῆνγ
945 3741 963 3773 i
995 3719 1133 3776 οἶδεν
1161 3724 1269 3795 ἄρα
1299 3725 1398 3797 τῆς
1417 3726 1610 3781 ἑαυτοῦ
1634 3730 1935 3799 παρουσίας

337 3815 445 3884 τήν
467 3832 529 3867 τε
557 3814 708 3886 ὥραν
731 3815 827 3867 καὶ
846 3816 946 3885 τὴν
970 3816 1206 3888 ἡμέραν,
1236 3817 1322 3870 ἴνα
1344 3816 1581 3890 σώζηται
1610 3819 1719 3872 τῶν
1755 3837 1932 3890 πραγ-

341 3908 536 3977 μάτων
568 3908 603 3977 ἡ
641 3907 923 3979 ὁμοιότης,
947 3908 1042 3961 καὶ
1087 3909 1203 3977 ἢέν
1238 3909 1468 3974 ἐκείνοις
1510 3909 1696 3979 εἰκὼν,
1727 3911 1934 3982 ταύτην

339 4017 412 4070 ση
422 4000 591 4072 μαίνῃ
600 4039 613 4055 .

337 4111 551 4185 ΑΛᾼΟ,
580 4109 669 4185 ἔτι
698 4112 786 4185 εἰς
819 4109 884 4164 τὸ
923 4113 1093 4185 αρτρδ
1119 4114 1313 4185 σ-ῌερί
1348 4113 1419 4167 δέ
1441 4113 1551 4182 τῆς
1588 4114 1817 4185 ἡμέρας
1834 4116 1934 4185 καὶ

420 4180 577 4250 ὥρας
598 4181 1092 4255 ἐμείνηςξηούδεὶς
1116 4179 1460 4255 οἷδεὸῳοῠτε
1479 4179 1534 4238 ὀί
1548 4179 1802 4255 ἇγῆθεξιοιί
1816 4184 1935 4239 τῶν

416 4249 711 4320 οὐρανῶν,
741 4250 885 4305 οὐδὲ
912 4255 944 4306 d
978 4252 1133 4319 Υἱὸς,
1188 4256 1240 4307 εὶ
1255 4253 1341 4323 μὴ
1360 4255 1550 4324 μόνος
1587 4249 1875 4326 δ’Πατήρ.
1907 4276 1951 4308 »-

2042 450 2226 506 miam.
2273 451 2347 506 Δι
2368 451 2417 507 si
2446 452 2593 506 omni
2629 450 2820 507 notitia
2863 452 3115 520 superius
3160 454 3617 525 prestantiusqne

2041 552 2128 598 est
2162 557 2323 598 nosse
2358 542 2575 597 Patrem
2606 561 2619 596 :
2652 542 2923 612 quomodo
2951 543 3003 598 is
3027 545 3116 612 qui
3159 548 3302 613 quod
3334 545 3506 616 maius
3534 556 3617 601 est

2045 635 2216 700 novit,
2247 635 2515 704 ignorabit
2539 634 2590 688 id
2618 634 2761 703 quod
2792 633 2969 690 minus
2994 636 3119 691 est?

1990 776 2101 813 χερί

2528 830 2753 898 ALIUD,
2794 831 3124 901 explicatius.

2111 946 2228 1000 Non
2260 944 2404 1015 quod
2432 945 2645 1014 ignoret
2668 942 2925 1010 Verbum,
2962 956 3232 1013 quatenus
3269 946 3505 1001 Verbum
3534 955 3617 1002 est

2040 1044 2094 1089 et
2124 1035 2388 1104 sapientia
2423 1032 2600 1089 Patris
2640 1033 2710 1099 ",
2742 1034 2866 1089 dicit
2911 1049 2968 1090 se
2996 1035 3229 1100 nescire,
3279 1038 3372 1091 sed
3424 1038 3617 1092 huma-

2041 1141 2165 1181 nam
2191 1139 2439 1181 naturam
2468 1127 2522 1181 in
2546 1140 2606 1182 se
2628 1128 2941 1190 ostendens,
2965 1119 3049 1181 cui
3073 1128 3340 1198 pracipue
3361 1129 3618 1184 convenit

2042 1219 2329 1289 ignorare:
2356 1216 2708 1273 humanitatis
2737 1217 2879 1272 enim
2912 1217 3014 1273 hoc
3046 1219 3319 1288 preprium
3349 1229 3451 1275 est.
3478 1219 3613 1274 Cum

2041 1311 2184 1365 enim
2214 1324 2437 1365 carnem
2484 1321 2725 1365 nostram
2772 1312 3089 1378 assumpsit,
3124 1310 3326 1366 idcirco
3365 1311 3531 1365 etiam
3561 1311 3614 1365 in

2040 1418 2165 1457 eum
2214 1409 2267 1456 ut
2319 1402 2372 1456 in
2417 1416 2516 1457 nos
2564 1401 2865 1467 ignorantia
2902 1402 3098 1455 cadere
3138 1401 3253 1456 visa
3300 1408 3385 1457 est
3412 1420 3432 1457 ς
3472 1403 3617 1471 quod

2041 1502 2220 1548 autem
2252 1507 2360 1548 non
2411 1493 2645 1563 pr0priae
2694 1502 2905 1546 naturae
2957 1506 3092 1556 suae,
3144 1493 3238 1546 sed
3290 1492 3617 1547 humanitati

2041 1584 2402 1655 ignorantiam
2450 1584 2707 1649 ascribat,
2759 1582 2886 1638 inde
2930 1582 3184 1653 cognosci
3235 1592 3433 1653 potest.
3478 1582 3615 1638 Cum

1970 1708 2012 1762 Β
2041 1675 2186 1730 enim
2230 1675 2286 1730 in
2337 1674 2574 1730 medium
2625 1675 2939 1729 adduxisset
2970 1674 3253 1728 historiam
3303 1689 3490 1729 eorum
3523 1674 3616 1742 qui

2043 1766 2376 1836 temporibus
2419 1762 2535 1821 Noe
2581 1765 2855 1831 vixerunt,
2892 1775 2946 1820 et
2981 1765 3210 1819 dixisset
3245 1782 3259 1819 :
3294 1782 3312 1815 ι
3351 1762 3617 1818 Comede-

2040 1859 2175 1911 bant
2202 1864 2258 1911 et
2286 1855 2544 1911 bibebant
2569 1898 2583 1924 ,
2615 1856 2892 1912 nubebant
2920 1856 3075 1923 viris,
3104 1863 3159 1911 et
3185 1854 3450 1909 ducebant
3478 1869 3617 1907 uxo-

2041 1962 2164 2011 res,
2210 1948 2383 2003 donec
2426 1948 2574 2002 venit
2617 1947 2903 2012 diluvium,
2949 1956 3004 2001 et
3044 1945 3269 2001 abstulit
3312 1960 3541 2010 omnes;
3592 1964 3613 1997 ι

2041 2037 2270 2107 subjecit
2304 2039 2523 2093 statim:
2566 2056 2585 2091 ι
2622 2038 2852 2109 Vigilate
2888 2038 3056 2109 igitur
3085 2046 3144 2093 et
3181 2052 3302 2104 vos,
3352 2042 3478 2108 quia
3526 2053 3619 2093 ne-

2042 2129 2196 2186 scitis
2227 2144 2332 2200 qua
2351 2130 2482 2185 hora
2508 2128 2682 2185 Filius
2711 2130 2946 2185 hominis
2972 2129 3188 2195 veniet;
3222 2149 3241 2182 ι
3276 2137 3329 2185 et
3356 2145 3571 2185 rursum
3599 2148 3614 2183 :

2047 2240 2067 2273 ι
2099 2221 2213 2288 Qua
2259 2236 2365 2277 non
2415 2223 2620 2292 putatis
2670 2221 2803 2276 hora
2852 2221 3020 2276 Filius
3063 2221 3302 2276 hominis
3348 2223 3550 2276 veniet.
3591 2239 3649 2273 »ι

2039 2312 2342 2383 Oportebat
2396 2321 2603 2380 autem,
2664 2313 2712 2369 si
2759 2312 2874 2383 ipse
2920 2322 3205 2382 quatenus
3237 2321 3323 2368 est
3383 2312 3614 2367 Verbum

2042 2405 2346 2476 ignorabat,
2368 2406 2565 2462 .dicere
2613 2406 2791 2476 potius
2820 2423 2837 2460 :
2867 2403 3075 2459 Nescio
3096 2419 3202 2473 qua
3236 2403 3327 2459 die
3356 2414 3616 2457 venturus

2039 2496 2141 2551 sim
2169 2512 2185 2551 :
2221 2505 2276 2553 et
2303 2512 2417 2567 qua
2452 2496 2676 2552 minima
2700 2495 3063 2564 exspectarim
3096 2494 3227 2549 hora
3253 2494 3457 2547 mittar.
3478 2493 3615 2547 Cum
3647 2524 3651 2533 ι

2040 2600 2170 2643 vero
2194 2588 2533 2644 auditoribus
2564 2587 2925 2659 ignorantiam
2952 2586 3217 2656 temporis
3235 2585 3353 2641 sive
3375 2583 3478 2638 diei
3510 2598 3614 2653 qua

2039 2694 2303 2741 venturus
2321 2690 2489 2749 esset,
2509 2681 2773 2747 ascribat,
2798 2677 3145 2734 manifestum
3180 2686 3275 2732 est
3302 2677 3477 2748 ipsum
3495 2675 3615 2745 qui-

2039 2778 2165 2832 dem
2194 2775 2251 2832 id
2273 2775 2436 2842 scire,
2463 2784 2524 2829 ut
2555 2772 2817 2829 Verbum.
2854 2769 3110 2842 Ignorare
3144 2779 3325 2826 autem
3370 2782 3432 2826 se
3460 2767 3613 2834 dicit,

2038 2878 2306 2939 quatenus
2336 2866 2669 2933 hominibus,
2695 2864 2752 2920 in
2797 2878 2939 2932 quos
2981 2862 3287 2934 ignorantia
3342 2860 3503 2920 cadit,
3534 2858 3615 2914 si-

2039 2960 2186 3015 milis
2215 2958 2393 3014 faetus
2419 2965 2522 3013 est.

2612 3066 2771 3137 εει
2802 3063 3033 3122 ALIUD.

2111 3184 2168 3241 Si
2200 3200 2265 3240 ex
2297 3183 2533 3254 imagine
2560 3180 2696 3246 Noe,
2729 3178 2951 3235 secundi
2992 3178 3253 3232 adventus
3286 3175 3368 3231 sui
3406 3184 3633 3246 tempus-

2037 3278 2348 3351 signilicare
2399 3275 2537 3342 vult,
2583 3273 2802 3344 quando
2843 3282 3107 3326 venturus
3150 3282 3233 3325 est
3273 3270 3337 3323 ad
3370 3266 3617 3339 judican-

2037 3373 2161 3425 dum
2192 3370 2378 3424 orbem
2413 3376 2702 3431 terrarum,
2730 3372 3053 3433 constatque
3087 3379 3208 3418 eum
3252 3360 3440 3415 diluvii
3473 3359 3614 3413 diem

2037 3472 2146 3513 non
2172 3458 2451 3527 ignorasse
2477 3473 2489 3510 :
2517 3455 2588 3509 ita
2616 3454 2761 3509 enim
2793 3454 2859 3508 ad
2884 3452 2994 3509 Noe
3022 3452 3229 3521 inquit:
3256 3469 3273 3501 ι
3306 3449 3614 3519 Ingredere,

2038 3555 2091 3601 tu
2118 3556 2172 3601 et
2204 3546 2295 3601 ﬁlii
2330 3545 2427 3611 tui,
2463 3546 2517 3600 in
2546 3559 2727 3598 arcam
2758 3561 2772 3599 :
2806 3557 2905 3614 ego
2932 3542 3077 3597 enim
3108 3552 3231 3612 post
3264 3540 3379 3595 dies
3409 3549 3649 3609 septem,

2037 3640 2286 3694 inducam
2314 3638 2546 3708 pluviam
2578 3637 2632 3691 in
2653 3646 2855 3692 terram
2873 3636 2953 3691 εθι
2982 3655 3000 3689 ι
3036 3635 3184 3690 novit
3218 3636 3399 3703 itaque
3422 3633 3614 3686 horam

2035 3740 2090 3786 et
2123 3730 2263 3784 diem
2297 3732 2378 3785 sui
2406 3731 2692 3793 adventus,
2742 3739 2802 3782 ut
2834 3744 3014 3783 rerum
3056 3728 3356 3783 similitudo
3390 3738 3613 3779 conser-

2035 3833 2215 3886 vetur,
2258 3831 2314 3877 et
2350 3831 2508 3890 typus
2555 3820 2673 3876 sive
2718 3821 2896 3889 imago
2930 3835 3051 3890 qua:
3094 3820 3146 3873 in
3185 3818 3291 3872 illis
3318 3826 3422 3883 est,
3476 3817 3647 3869 hane

2035 3913 2323 3973 signiticet.

2034 4110 2330 4169 A‘L’lUD’in
2373 4112 2507 4165 idem
2538 4123 2556 4162 :
2597 4130 2614 4161 ι
2650 4109 2725 4163 De
2756 4108 2840 4163 die
2887 4106 2977 4161 illa
3026 4116 3072 4162 et
3117 4108 3247 4161 hora
3279 4123 3426 4163 nemo
3453 4110 3614 4172 novit,
3638 4158 3647 4161 η»

2107 4199 2270 4308 tiaeque
2316 4182 2487 4267 (φθείὶ
2542 4181 2817 4243 oculorum,
2866 4194 3028 4250 neque
3083 4176 3280 4244 Filius,
3333 4181 3419 4233 sed
3471 4179 3643 4233 solus

2153 4264 2284 4309 ater.
2319 4272 2339 4305 ι

417 4360 588 4413 Ὀταν
616 4361 647 4429 ή
673 4358 799 4412 θεία
816 4360 950 4432 λέγῃ
980 4360 1172 4434 Γραφὴ
1203 4362 1331 4434 περὶ
1363 4359 1458 4414 τοῦ
1490 4362 1743 4433 Σωτῆρος
1774 4363 1932 4436 ἡμῶν

2109 4367 2243 4422 Cum
2278 4379 2443 4421 saera
2480 4362 2759 4433 Scriptura
2807 4362 2952 4417 dicat
2979 4362 3328 4417 Servatorem
3369 4369 3613 4415 nostrum

341 4452 608 4525 Χριστοῦ,
625 4453 705 4506 ὅτι
728 4453 823 4506 καὶ
842 4454 1117 4524 ὲπείνησε.
1146 4455 1239 4508 καὶ
1263 4454 1502 4523 ἐδίψησε,
1529 4457 1623 4509 καὶ
1648 4457 1936 4513 ἐκοπίασεν

342 4547 409 4599 ὲκ
434 4545 536 4614 τῆς
588 4544 929 4615 ὁδοιπορίας,
956 4546 1059 4599 καὶ·
1104 4546 1397 4601 ἐκάθευδεν
1444 4547 1700 4602 εἰσελθὼν
1750 4551 1829 4614 εἰς
1870 4552 1933 4604 τὸ

344 4635 580 4705 σκάφος,
616 4635 667 4688 τί
699 4634 811 4707 ἄρα
841 4637 1160 4706 ποιήσουσιν
1211 4638 1259 4690 οἱ
1293 4640 1647 4710 χριστομάχοι
1674 4658 1687 4706 ;
1716 4642 1935 4713 Τολμή-

346 4743 533 4781 σουσιν
571 4724 681 4797 ἄρα
709 4726 887 4797 λόγειν
916 4728 1010 4781 καὶ
1040 4726 1229 4782 ταῦτα
1255 4730 1544 4800 ὑπομεῖναι
1572 4731 1662 4785 τὸν
1690 4731 1783 4784 τοῦ
1799 4731 1935 4787 Θεοῦ

342 4819 541 4888 Λόγον,
564 4818 598 4890 ἢ
625 4818 798 4875 ταῦτα
826 4819 926 4892 μὲν
961 4820 1036 4884 ὡς
1056 4821 1155 4892 τῆς
1184 4821 1602 4894 ἁνθρωπότητος
1631 4823 1740 4877 ἴδια
1770 4840 1938 4894 προσ-

342 4911 548 4980 άψουσι
581 4915 649 4983 τῇ
684 4914 871 4983 σαρκὶ,
929 4912 1037 4977 ἔξω
1057 4912 1121 4966 δὶ
1140 4913 1320 4968 αὐτῶν
1343 4915 1775 4987 ὁμρλογήσπουσιν
1795 4911 1935 4971 εἶναι

342 5003 443 5057 τὸν
462 5003 559 5058 τοῦ
591 5005 728 5059 Θεοῦ
759 5006 953 5075 Λόγον,
975 5000 1206 5079 Λόγος
1236 5008 1417 5074 ἑστίνς
1448 5009 1660 5083 ’Ὠσπερ
1680 5007 1774 5064 οὖν
1802 5028 1933 5078 συγ-

344 5096 661 5169 κεχώρηκεν
690 5099 878 5152 ἑαυτὸν
902 5100 979 5163 ὡς
1003 5099 1290 5170 ἄνθρωπον
1334 5100 1625 5171 γενόμενον
1678 5103 1813 5171 μετὰ
1838 5102 1933 5155 άνο

342 5187 579 5258 θρώπων
619 5189 714 5243 καὶ
748 5191 939 5260 πεινῇν
962 5189 1057 5243 καὶ
1078 5187 1261 5259 διψῇν,
1297 5192 1389 5242 καὶ
1419 5190 1491 5243 τὰ
1516 5189 1651 5243 ἄλλα
1680 5191 1929 5261 πάσχειν,

340 5280 487 5349 ἆπερ
512 5279 729 5351 εἴρηται
755 5281 886 5349 περὶ
914 5280 1102 5345 αὐτοῦ,
1155 5283 1249 5334 τὸν
1281 5280 1443 5334 αὐτὸν
1475 5282 1540 5352 δὴ
1568 5281 1767 5352 τρόπον
1796 5281 1933 5335 ἀκόο

338 5369 533 5423 λουθον
574 5372 651 5442 μὴ
706 5371 1180 5439 σκανδαλίζεσθαι,
1209 5372 1315 5426 κᾶν
1358 5371 1434 5435 ὠς
1462 5372 1750 5441 ἄνθρωπος
1795 5370 1937 5442 λέγῃ

417 5550 461 5581 ⁸⁸
490 5552 507 5603 1
538 5551 664 5604 Cor.
700 5568 736 5616 I,
769 5552 859 5606 ει.
938 5552 983 5584 ⁸⁷
1012 5551 1199 5611 Matth.
1249 5567 1396 5621 χειν,
1428 5553 1517 5618 38,
1552 5550 1641 5617 42,
1674 5550 1760 5608 Η.
1840 5550 1884 5582 ⁸⁸
1922 5555 1936 5600 t

2044 5591 2055 5606 .
2098 5567 2191 5615 vn,
2241 5553 2343 5606 ivi.

340 5626 413 5689 iv,
447 5624 505 5689 6;
538 5622 728 5679 Matth.
755 5638 850 5689 vn,
885 5622 978 5689 ‘25,
1000 5624 1090 5681 ‘25:.

2041 4456 2320 4513 Christum
2379 4456 2659 4520 esuriisse,
2716 4453 2939 4519 sitiisse,
2970 4453 3315 4524 defatigatum
3352 4453 3518 4506 fuisse
3548 4467 3613 4505 ex

2044 4551 2255 4615 itinere,
2276 4558 2329 4603 et
2344 4563 2531 4603 navem
2549 4548 2851 4617 ingressum
2865 4545 3225 4601 obdormiisse
3245 4543 3334 4608 ⁸⁸⁸,
3351 4545 3478 4613 quid
3500 4554 3614 4597 sta-

2040 4648 2193 4694 tuent
2243 4639 2429 4694 hostes
2457 4637 2711 4693 Christi?
2742 4636 3101 4690 Audebuntne
3151 4635 3332 4688 dicere
3379 4632 3615 4687 Verbum

2039 4732 2130 4788 Dei
2166 4733 2279 4786 haec
2326 4744 2639 4801 perpessum
2685 4728 2871 4794 fuisse,
2920 4738 3023 4783 aut’
3050 4730 3161 4782 haec
3203 4738 3260 4781 ut
3295 4726 3641 4781 humanitati

2040 4824 2255 4896 propria
2285 4823 2441 4878 carni
2480 4822 2780 4886 ascribent,
2815 4819 3051 4877 Verbum
3085 4828 3263 4874 autem
3307 4818 3399 4872 Dei
3428 4826 3616 4885 quate-

2041 4932 2145 4972 nus
2199 4914 2439 4971 Verbum
2486 4925 2572 4971 est
2618 4915 2685 4970 iis
2740 4914 2904 4970 rebus
2952 4914 3245 4970 obnoxium
3300 4926 3408 4967 non
3460 4912 3645 4966 esse?-

2039 5007 2504 5075 Quemadmodum
2557 5007 2722 5079 igitur
2759 5007 2859 5059 hoc
2900 5006 2951 5059 in
2992 5018 3049 5060 se
3081 5006 3312 5075 recepit,
3362 5004 3616 5058 uthomo

2040 5099 2212 5154 factus
2254 5114 2358 5154 una
2400 5113 2523 5153 cum
2548 5095 2874 5151 hominibus
2919 5095 3177 5157 esuriret,
3213 5106 3375 5163 atque
3410 5093 3611 5158 sitiret,

2040 5191 2356 5261 reliquaque
2400 5196 2698 5259 pateretur,
2723 5202 2842 5255 qum
2872 5187 3102 5256 de-ipso
3135 5186 3277 5240 dicta
3323 5195 3489 5239 sunt:
3525 5199 3616 5239 eas

2039 5282 2159 5335 dem
2191 5280 2352 5349 plane
2385 5281 2599 5333 ratione
2631 5292 2738 5331 non
2771 5285 2855 5332 est
2888 5279 3029 5346 quod
3061 5291 3219 5345 quem
3256 5272 3513 5338 oﬂ‘endat,
3546 5277 3614 5337 si,

2040 5383 2098 5426 ut
2131 5372 2313 5437 homo,
2348 5387 2453 5425 una
2495 5385 2619 5427 cum
2675 5369 2983 5423 hominibus
3033 5369 3313 5438 ignorasse
3368 5367 3613 5422 dicatur:

2417 5550 2479 5583 '°‘
2524 5551 2709 5607 Matth.
2759 5566 2829 5617 IV,
2861 5552 2914 5618 ‘2;
2956 5548 3109 5604 Joan.
3159 5567 3266 5613 κικ,
3304 5549 3406 5614 ‘28;
3455 5545 3610 5602 Joau.
