4058 6206
455 202 562 258 575

1476 199 1533 254 S.
1575 194 1846 254 CYRILLI
1883 190 2352 248 ALEXANDRINI
2395 194 2715 250 ARCllIEP.

3600 190 3705 248 376

454 311 703 369 eamdem
764 310 932 366 enim'
962 310 1251 366 nobiscum'
1287 322 1505 366 carnem
1566 307 1816 379 gestavit.
1862 306 2024 361 Novit

2135 309 2247 377 μετ’
2276 308 2579 378 ἀνθρώπων
2612 305 2849 375 ἀγνοεῖν,
2893 304 2979 357 ὅτι
2997 302 3095 373 τὴν
3128 302 3293 374 αὐτὴν
3323 304 3453 374 ἡμῖν
3479 303 3705 374 ἐφόρεσε

456 404 598 457 enim
640 409 698 455 ut
746 401 1014 472 sapientia
1058 410 1113 456 et
1143 398 1377 455 Verbum
1413 400 1463 451 in
1512 397 1674 451 Patre
1715 397 2018 460 exsistens;

458 495 709 562 ignorare
739 506 869 548 vero
916 507 976 548 se
1006 491 1136 547 dicit
1168 499 1385 561 pr0pter
1419 502 1516 542 nos
1541 499 1595 542 et
1639 488 1940 553 nobiscum,
1966 495 2027 542 ut

456 586 637 641 homo.

453 696 685 761 ALIUD,
735 712 836 765 quo
883 695 1177 765 ostenditur
1224 691 1496 765 manifeste
1558 692 1889 765 Setjvalorem
1926 709 2023 747 ηο-

524 768 658 819 risse
704 762 963 837 quaedam,
1010 764 1097 837 sed
1138 763 1342 815 ratione
1388 762 1776 817 incarnationis
1806 764 2023 833 ignora-

526 833 724 890 tionem
746 851 855 903 pra:
880 849 934 886 se
962 833 1161 885 tulisse.

524 943 779 999 Servator
809 942 1008 996 alicubi
1052 943 1117 996 ad
1148 942 1441 1009 discipulos
1489 958 1614 997 suos
1642 945 1715 998 ait
1750 963 1761 998 :
1795 962 1813 995 ι
1851 944 2023 999 Laza-

456 1051 547 1088 rus
578 1034 783 1088 amicus
818 1044 1004 1087 noster
1034 1033 1340 1088 obdormiit
1366 1035 1434 1099 3°,
1480 1054 1498 1088 ι
1537 1052 1659 1090 cum
1690 1036 1893 1106 alioqui
1931 1049 2024 1090 ne-

457 1141 543 1180 mo
572 1125 671 1179 hoc
705 1126 753 1180 ei
790 1126 1117 1191 nuntiasset,
1160 1126 1253 1180 sed
1299 1134 1356 1179 ut
1394 1126 1535 1181 Deus
1583 1129 1672 1196 qui
1716 1128 1894 1181 omnia
1928 1142 2021 1182 cov

454 1218 601 1285 gnita
646 1215 825 1270 habet.
869 1216 1073 1271 Deinde
1118 1216 1278 1287 longo
1326 1217 1518 1272 itinere
1572 1234 1691 1270 cum
1746 1218 2024 1287 discipulis

455 1308 749 1377 profectus,
784 1310 933 1365 venit
964 1310 1031 1365 ad
1081 1324 1299 1365 sorores
1330 1310 1519 1365 Lazari
1572 1312 1679 1380 jam
1723 1313 1938 1381 sepulti,
1968 1323 2025 1368 et

456 1400 664 1466 rogavit
696 1415 710 1452 :
744 1416 763 1450 t
801 1398 905 1456 Ubi
932 1398 1189 1469 posuistis
1216 1413 1340 1453 eum
1368 1398 1456 1451 9°?
1492 1419 1509 1451 ι
1541 1400 1708 1466 Quem
1752 1410 2023 1454 mortuum

457 1506 576 1547 esse
598 1492 824 1555 sciebat,
855 1493 1127 1561 quomodo
1160 1491 1441 1561 ignorabat
1471 1491 1644 1545 locum
1676 1492 1728 1545 in
1754 1508 1860 1561 quo
1891 1507 2021 1545 con-

459 1583 605 1635 «litus
635 1580 791 1635 erat?
815 1582 906 1635 sed
931 1591 1086 1635 norat
1120 1584 1383 1651 profecto.
1416 1582 1720 1637 Verisimile
1749 1584 1890 1637 enim
1919 1598 2021 1636 non

2129 397 2325 471 σάρκα.
2350 397 2471 451 Οἵδε
2506 399 2603 469 μὲν
2641 398 2747 468 γὰρ
2773 397 2847 459 ώς
2873 394 3033 463 σοφία
3064 395 3155 447 καὶ
3188 394 3360 462 Λόγος
3398 393 3471 447 ῶν
3506 396 3562 445 ἐν
3592 395 3705 447 Πα-

2126 490 2234 558 τρίο
2275 490 2350 560 μὴ
2373 490 2567 543 εἰδέναι
2593 488 2649 541 δέ
2680 482 2836 557 ’φησι
2869 484 2934 538 δι’
2970 486 3118 556 ἡμᾶς
3160 484 3255 538 καὶ
3286 483 3403 554 μεθ’
3427 482 3580 554 ἡμῶν
3632 482 3704 547 ὡς

2129 578 2224 632 ἄνθ
2235 595 2431 648 ρωπος.

2128 697 2332 759 ΑΛΛΟ,
2379 694 2452 747 δι’
2501 689 2572 749 οὗ
2616 692 2919 745 δείκνυται
2979 690 3189 758 σαφῶς
3222 692 3253 743 ό
3303 688 3504 759 Σωτὴρ
3534 688 3704 754 εἰδὼς

2192 758 2325 833 μέν
2355 782 2506 820 τινα.
2551 762 2890 830 οἰκονομίας
2947 760 3015 813 δὲ
3057 760 3234 829 χάριν
3279 758 3521 828 ἀγνοεῖν
3552 760 3703 812 αὐτὰ

2200 832 2725 904 σχηματιζόμενος.

2195 945 2359 1013 Λέγει
2405 961 2506 997 που
2540 943 2677 1015 πρὸς
2734 941 2858 1005 τοὺς
2918 939 3111 993 ἑαυτοῦ
3150 938 3397 1010 μαθητὰς
3426 940 3454 991 6
3491 940 3701 1010 Σωτήρ·

2131 1053 2150 1087 ι
2180 1035 2427 1106 Λάζαρος
2447 1037 2475 1089 6
2516 1035 2667 1103 φίλος
2695 1036 2726 1104 ὴ
2737 1032 2853 1103 μῶν
2886 1032 3230 1102 κεκοίμηται,
3270 1049 3289 1081 ι
3335 1031 3512 1083 καίτοι
3545 1030 3705 1098 μηδε-

2125 1124 2213 1186 νὸς
2238 1122 2664 1191 ἀπαγγείλαντος
2692 1120 2840 1191 αὐτῷ
2892 1120 3021 1191 περὶ
3066 1119 3282 1181 τούτου,
3332 1118 3445 1171 ἀλλ’
3469 1117 3544 1181 ὡς
3573 1118 3705 1181 Θεὸς

2126 1213 2195 1266 τά
2229 1214 2405 1267 πάντα
2439 1212 2740 1281 γινώσκων.
2776 1207 2907 1264 Εἶτα
2962 1208 3182 1279 μακρὰν
3212 1208 3410 1271 ἐλάσας
3445 1208 3561 1260 ὁδὸν
3591 1207 3707 1278 ἅμα

2125 1305 2237 1366 τοῖς
2272 1302 2560 1372 μαθηταῖς,
2590 1300 2809 1370 ἔρχεται
2838 1298 2971 1371 πρὸς
2996 1297 3094 1360 τὰς
3119 1295 3214 1350 τοῦ
3247 1293 3705 1365 μνημονευθέντος

2128 1393 2378 1463 ἀδελφὰς,
2411 1392 2504 1447 καὶ
2538 1391 2760 1463 ἠρώτα·
2817 1410 2834 1440 ι
2871 1390 2981 1442 Ποῦ
3034 1387 3319 1441 τεθείκατε
3371 1385 3552 1445 αὑτόν;
3587 1403 3605 1435 ι
3646 1384 3706 1437 Ὀ

2127 1486 2281 1550 εἰδὼς
2316 1487 2397 1539 ὅτι
2418 1484 2764 1554 κεκοίμηται,
2798 1482 2915 1545 πῶς
2942 1481 3043 1534 οὐκ
3073 1476 3185 1532 οἶδε
3234 1478 3325 1531 τὸν
3372 1476 3538 1528 τόπον
3571 1475 3707 1527 ὅπου

2128 1578 2304 1631 ἔκειτο
2333 1576 2393 1631 τὸ
2420 1576 2614 1646 σῶμα;
2648 1575 2761 1628 ἀλλ’
2794 1570 2955 1627 οἶδεν.
3000 1570 3290 1624 Ἀπίθανον
3319 1567 3427 1638 γὰρ
3446 1565 3508 1618 τὸ
3533 1568 3708 1618 ἐκεῖνο

455 1683 561 1735 est,
600 1671 771 1741 ipsum
803 1672 933 1726 illud
980 1673 1224 1737 scivisse,
1257 1674 1358 1729 hoc
1402 1675 1717 1728 nescivisse.
1753 1673 2024 1740 Quemad-

2135 1668 2230 1739 μὲν
2259 1666 2478 1729 εἰδέναι,
2501 1664 2659 1719 τούτο
2688 1664 2745 1718 δὲ
2777 1665 3012 1731 ἀγνοεῖν.
3045 1661 3256 1732 Ὥσπερ
3284 1652 3376 1712 οὖν
3397 1654 3710 1726 οἰκονομίας

459 1762 676 1816 modum
722 1762 885 1833 igitur
931 1763 1189 1832 singulari
1238 1763 1469 1832 quodam
1517 1764 1743 1819 consilio
1781 1766 1919 1819 dixit
1965 1779 2024 1820 se

460 1853 669 1906 nescire
698 1852 785 1906 ubi
807 1852 1015 1921 jaceret
1043 1852 1279 1908 Lazarus
1304 1871 1317 1917 ;
1355 1854 1427 1907 ita
1459 1856 1620 1909 etiam
1644 1855 1709 1910 de
1733 1855 1818 1910 die
1847 1866 1902 1909 et
1931 1855 2025 1911 ho-

458 1958 539 2005 ra,
579 1943 793 1998 tametsi
828 1944 973 1997 dicat
1015 1958 1072 1999 se
1104 1945 1373 2012 ignorare,
1405 1946 1653 2001 utilitatis
1686 1958 1741 2002 ct
1771 1949 1895 2002 boni
1924 1947 2025 2003 ali-

458 2036 611 2107 cujus
632 2048 794 2091 causa
826 2034 877 2089 id
904 2033 1035 2090 facit
1064 2053 1078 2089 :
1114 2036 1275 2105 222
1311 2037 1457 2091 novit
1486 2039 1628 2091 enim
1664 2047 1721 2092 ut
1756 2036 1917 2094 Deus.

625 2142 858 2210 ALIUD,
894 2145 963 2197 ad
994 2145 1231 2199 eamdem
1261 2148 1569 2201 sententiam
1596 2150 1881 2217 pertinens.

529 2259 661 2313 Cum
694 2259 746 2313 in
779 2259 1021 2328 partibus
1040 2258 1301 2314 Caesareae
1323 2259 1550 2331 Philippi
1576 2272 1718 2316 esset
1746 2260 2021 2324 Servator,

458 2352 809 2423 interrogavit
844 2351 1174 2421 discipulos:
1214 2371 1233 2404 ‹
1274 2353 1443 2419 Quem
1497 2355 1683 2409 dicunt
1735 2370 1819 2409 me
1854 2354 2028 2409 homi-

459 2457 555 2496 nes
577 2454 701 2497 esse
744 2441 938 2496 Filium
988 2440 1224 2497 hominis
1251 2443 1337 2496 ﬂ?
1366 2462 1384 2494 ι
1425 2441 1668 2514 Cumque
1706 2443 1901 2499 Petrus
1943 2459 2028 2499 re-

457 2532 763 2601 spondisset
787 2540 840 2585 et
863 2531 1132 2585 dixisset:
1165 2550 1184 2582 ι
1220 2531 1298 2585 'l‘u
1326 2546 1385 2587 es
1416 2531 1686 2596 Christus,
1727 2532 1896 2587 Filius
1931 2531 2026 2587 Dei

460 2622 724 2682 viventis;
760 2640 778 2673 ι
813 2620 998 2676 statim
1035 2622 1147 2691 ipse
1192 2621 1390 2687 intulit,
1430 2639 1448 2671 ι
1488 2620 1693 2677 Beatus
1734 2635 1813 2687 es,
1838 2622 2027 2675 Simon

460 2713 721 2782 Barjona,
765 2712 890 2781 quia
938 2711 1101 2765 Pater
1157 2711 1416 2765 revelavit
1470 2712 1589 2775 tibi,
1631 2713 1722 2782 qui
1769 2712 1821 2766 in
1876 2712 2029 2767 cmlis

458 2814 543 2860 cst
570 2806 637 2858 ".
669 2823 688 2856 ι
722 2802 893 2858 Nemo
920 2804 1063 2858 enim
1103 2804 1259 2859 novit
1288 2802 1483 2857 Filium
1521 2804 1622 2858 nisi
1668 2804 1849 2866 Pater,
1875 2803 2028 2873 juxta

461 2896 631 2965 ipsius
663 2893 970 2949 Servatoris
994 2908 1179 2948 vocem
1210 2894 1275 2947 ’⁸.
1307 2895 1377 2947 At
1423 2895 1465 2948 si
1495 2895 1657 2949 Pater
1702 2911 1797 2963 per
1831 2896 2026 2951 Filium

2125 1760 2268 1823 τινὸς
2292 1759 2476 1811 ἕνεκεν
2502 1758 2561 1812 τὺ
2592 1757 2666 1827 μὴ
2694 1756 2889 1808 εἰδέναι
2912 1753 3013 1807 ποῦ
3049 1754 3225 1805 κεῖται
3274 1746 3521 1819 Λάζαρος
3572 1748 3709 1815 εφα-

2128 1868 2276 1915 σκεν,
2305 1850 2447 1904 οὕτω
2485 1850 2578 1903 καὶ
2607 1849 2736 1920 περὶ
2771 1848 2867 1918 τῆς
2891 1845 3101 1918 ἡμέρας
3126 1845 3221 1898 καὶ
3262 1843 3359 1912 τῆς
3388 1841 3535 1910 ὥρας
3555 1879 3569 1904 ,
3604 1839 3711 1892 κᾶν

2125 1944 2259 2017 λέγῃ
2294 1943 2368 2015 μὴ
2392 1942 2610 2005 εἰδέναι,
2649 1938 2918 2011 χρήσιμόν
2941 1955 2994 1991 τι
3016 1936 3109 1990 καὶ
3136 1934 3338 2004 ἀγαθὸν
3370 1930 3668 2002 οἰκονομῶν
3690 1970 3706 1995 ,

2125 2034 2284 2088 τοῦτο
2306 2035 2469 2086 ποιεῖ’
2493 2026 2601 2085 οἶδε
2632 2031 2740 2100 γὰρ
2773 2030 2847 2093 ὡς
2873 2028 3028 2091 Θεός.

2380 2148 2585 2213 ΛΛΛΟ,
2615 2146 2729 2213 τὴν
2748 2144 2944 2212 αὐτὴν
2990 2145 3136 2213 ἕχον
3161 2140 3450 2195 διάνοιαν.
3468 2161 3488 2182 ο

2197 2258 2332 2328 Περὶ
2359 2256 2429 2309 τὰ
2464 2255 2605 2327 μέρη
2640 2253 2977 2323 Καισαρείας
3033 2252 3135 2322 τῆς
3161 2249 3426 2303 Φιλίππου
3469 2246 3712 2318 γεγονὼς

2126 2352 2155 2403 6
2184 2348 2395 2419 Σωτὴρ,
2430 2346 2617 2418 ἠρώτα
2665 2345 2792 2409 τοὺς
2842 2342 3038 2397 ἑαυτοῦ
3099 2341 3368 2413 μαθητάς’
3429 2359 3448 2391 ι
3476 2341 3609 2393 Τίνα
3642 2356 3710 2411 με

2127 2441 2375 2510 λέγουσιν
2422 2440 2472 2492 οἱ
2526 2437 2802 2509 ἄνθρωποι
2867 2435 2958 2490 τὸν
2989 2434 3119 2489 Υίὸν
3168 2433 3262 2488 τοῦ
3309 2433 3640 2505 ἀνθρώπους
3684 2450 3704 2483 ›

2141 2532 2604 2604 Ἀποκριναμένου
2654 2530 2709 2583 δὲ
2738 2529 2945 2600 Πέτρου
2977 2530 3071 2583 καὶ
3099 2529 3404 2602 είρηκότος,
3445 2546 3464 2579 ι
3498 2528 3568 2580 Σὺ
3602 2519 3654 2578 εἷ
3678 2526 3707 2578 ὀ

2128 2625 2361 2697 Χριστὸς
2450 2623 2579 2687 Υἱὸς
2602 2621 2696 2676 τοῦ
2719 2620 2855 2675 Θεοῦ
2885 2621 2979 2675 τοῦ
3010 2622 3232 2686 ζῶντος,
3269 2641 3286 2673 ι
3314 2622 3592 2691 ἐπήγαγεν
3626 2622 3708 2672 εύ-

2130 2717 2248 2781 θὺς,
2268 2717 2347 2769 ὅτι
2390 2733 2409 2766 ι
2439 2714 2726 2786 Μακάριος
2760 2708 2830 2779 εἴ,
2866 2714 3049 2783 Σίμων
3075 2712 3191 2785 Βάρ
3232 2713 3405 2775 Ἰωνᾶ,
3439 2713 3519 2764 ὅτι
3545 2711 3573 2763 6
3601 2710 3711 2763 Πα-

2129 2809 2232 2880 τὴρ
2264 2806 2583 2876 ἀπεκάλυψέ
2618 2823 2700 2860 σοι
2725 2808 2753 2860 6
2778 2809 2837 2859 ὲν
2865 2808 2977 2869 τοῖς
2998 2806 3266 2877 οὐρανοῖς.
3308 2823 3326 2855 ι
3371 2804 3558 2865 Οὐδεὶς
3600 2801 3711 2872 γάρ

2130 2895 2238 2952 οἶδε
2262 2897 2353 2951 τὸν
2376 2897 2502 2950 Υἱὸν
2526 2898 2574 2950 εί
2600 2896 2675 2968 μὴ
2702 2898 2731 2950 6
2760 2896 2970 2967 Πατὴρ,
3002 2895 3142 2950 κατά
3156 2896 3255 2967 τὴν
3282 2894 3442 2949 αὐτοῦ
3480 2892 3573 2947 τοῦ
3600 2894 3713 2946 Sto-

460 2986 641 3040 omnia
677 2992 952 3053 operatur,
994 2999 1158 3038 unum
1197 2998 1324 3038 vero
1356 2999 1419 3037 ex
1465 2985 1720 3053 operibus
1763 2995 1846 3041 est
1874 3000 2029 3041 reve-

2135 2988 2298 3059 τῆρος
2326 2986 2531 3056 φωνήν.
2570 2987 2633 3039 Εἰ
2664 2987 2720 3039 δὲ
2747 2986 2816 3040 δι’
2855 2984 2986 3039 Υίοῦ
3034 2987 3212 3041 πάντα
3259 2986 3447 3057 Πατὴρ
3479 2985 3705 3057 ἐργάζει

465 3078 614 3141 latio,
640 3076 816 3145 ipsum
843 3074 1077 3130 Verbum
1102 3074 1263 3130 Petro
1296 3074 1499 3129 revelat
1522 3091 1640 3144 qum
1663 3075 1842 3131 Patris
1871 3086 2031 3145 sunt;

463 3170 731 3239 quomodo
766 3178 945 3223 autem
979 3169 1023 3223 is
1066 3168 1155 3237 qui
1188 3169 1427 3234 revelat,
1480 3178 1735 3237 tanquam
1781 3170 2034 3239 ignorans

466 3266 783 3330 interrogat,
809 3274 1096 3331 quemnam
1145 3261 1320 3330 ipsum
1352 3261 1601 3315 homines
1651 3276 1774 3317 esse
1802 3262 2037 3317 dicant?

464 3352 626 3408 Certo
653 3352 817 3421 igitur
841 3366 905 3406 ac
944 3351 1206 3422 singulari
1245 3352 1471 3406 consilio
1503 3352 1775 3408 interdum
1816 3354 2037 3423 ignora-

468 3444 663 3497 tionem
699 3442 939 3499 simulat.
970 3441 1161 3498 Sciens
1194 3444 1337 3498 enim
1368 3445 1495 3514 quid
1527 3444 1778 3515 discipuli
1807 3462 2034 3517 respon-

465 3533 577 3587 suri
608 3541 810 3599 essent,
844 3535 1141 3606 interrogat
1170 3553 1182 3590 :
1218 3545 1276 3589 ut
1315 3546 1538 3607 accepta
1581 3552 1768 3593 eorum
1811 3554 2036 3611 respon-

464 3623 617 3679 sione
648 3623 806 3679 iidem
836 3624 1092 3681 stabiliat.

956 3800 1168 3859 ALIUD
1184 3842 1198 3869 ,
1226 3806 1537 3860 enarralive.

536 3916 723 3983 Filius,
753 3924 1021 3988 quatenus
1073 3924 1159 3972 est
1207 3915 1442 3973 Verbum
1484 3927 1541 3974 et
1591 3920 1878 3990 sapientia,
1931 3938 2037 3977 non

465 4008 678 4078 ignorat
711 4008 852 4062 diem
880 4015 934 4061 et
970 4007 1160 4062 horam
1194 4008 1279 4063 sui
1312 4012 1575 4066 adventus
1606 4028 1619 4064 :
1659 4013 1751 4066 sed
1786 4028 1854 4066 ne
1902 4027 2039 4068 mee-

464 4114 644 4154 rorem
684 4098 965 4168 discipulis
997 4098 1244 4163 incutiat,
1284 4099 1472 4154 nolens
1501 4113 1689 4154 eorum
1738 4101 2039 4172 interroga-

468 4192 599 4245 tioni
630 4193 978 4259 respondere,
1008 4192 1145 4247 dixit
1174 4206 1233 4247 se
1260 4192 1491 4260 nescire,
1524 4202 1585 4248 ut
1612 4193 1808 4261 homo;
1840 4196 2037 4266 quippe

466 4281 558 4349 qui
602 4280 653 4335 id
708 4281 888 4335 dicere
933 4283 1112 4351 potuit
1148 4292 1417 4354 quatenus
1455 4298 1582 4338 caro
1622 4284 1792 4340 factus
1828 4295 1930 4351 est,
1978 4295 2036 4340 ut

467 4371 727 4439 scriptum
761 4382 844 4427 est
873 4373 941 4439 ³⁸,
972 4375 1263 4444 carnisque
1290 4374 1635 4431 inﬁrmitates
1666 4379 1909 4445 proprias
1932 4378 2035 4433 sibi

470 4460 614 4516 fecit.
641 4460 795 4528 Quod
816 4464 960 4518 enim
994 4465 1097 4520 hac
1133 4465 1202 4522 de
1226 4450 1483 4523 causa-se
1519 4468 1731 4523 nescire
1766 4469 1922 4536 dixit,
1953 4471 2036 4525 in-

468 4553 535 4608 de
561 4556 811 4625 cognosci
845 4565 1039 4626 potest.
1072 4556 1203 4611 Nam
1231 4568 1514 4630 postquam
1543 4574 1573 4615 e
1598 4560 1826 4615 mortuis
1854 4576 2035 4616 resur-

468 4647 629 4715 rexit,
655 4664 779 4704 cum
812 4648 923 4718 jam
954 4651 1005 4706 in
1046 4651 1213 4706 coctos
1239 4666 1568 4708 ascensurus
1596 4661 1761 4717 esset,
1806 4653 2040 4709 interro-

469 4742 721 4812 gantibus
749 4759 874 4798 cum
904 4743 1202 4813 discipulis,
1237 4744 1453 4813 quando
1484 4745 1607 4799 linis
1631 4743 1864 4807 futurus,
1891 4746 2039 4815 ipse-

467 4849 572 4903 que
602 4834 797 4890 iterum
830 4844 1089 4890 venturus
1127 4842 1289 4900 esset,
1320 4834 1571 4890 acerbius
1620 4835 1698 4890 eis
1738 4838 2037 4907 respondit,

469 4925 694 4981 dicens:
730 4944 748 4977 ι
779 4926 894 4982 Non
920 4936 1004 4983 est
1036 4935 1276 4981 vestrum
1312 4941 1538 4982 noscere
1570 4936 1811 4996 tempora
1839 4938 1894 4982 et
1923 4944 2041 4984 mo-

470 5026 675 5081 menta,
702 5031 824 5084 qua:
851 5015 1014 5071 Pater
1054 5018 1234 5088 posuit
1274 5018 1328 5071 in
1371 5031 1466 5072 sua
1503 5026 1770 5087 potestate
1795 5018 1863 5073 ".
1909 5037 1927 5070 ι
1968 5020 2040 5073 At

470 5104 515 5156 si
549 5103 678 5158 illud
726 5106 943 5175 penitus
979 5107 1307 5180 ignorasset,
1339 5109 1624 5177 oportebat
1667 5108 1845 5163 dicere
1875 5127 1887 5163 :
1920 5109 2041 5165 Dixi

472 5195 623 5249 vobis
655 5211 742 5251 me
770 5198 1017 5264 nescire,
1038 5208 1094 5253 et
1117 5201 1319 5255 nescio.
1353 5198 1422 5253 At
1450 5214 1575 5254 vero
1614 5201 1768 5270 quasi
1797 5216 1901 5255 non
1950 5217 2040 5256 re-

474 5294 558 5339 cte
596 5287 998 5360 interrogantes
1034 5292 1401 5362 reprehendit,
1447 5302 1501 5347 et
1533 5302 1787 5362 tanquam
1834 5294 2042 5363 majora

470 5393 631 5445 quant
661 5395 758 5448 par
784 5382 855 5435 sit
883 5383 1226 5453 inquirentes
1258 5385 1452 5456 rejicit.
1482 5385 1824 5443 Manifestum
1857 5386 2040 5455 itaque

540 5535 585 5609 ’ξ
612 5534 769 5593 Joan.
803 5554 880 5609 χι,
916 5541 1002 5601 ii.

1079 5545 1125 5576 "
1165 5545 1295 5602 ibid.
1320 5545 1409 5601 3L
1487 5546 1528 5577 ⁹¹
1568 5544 1754 5603 Matth.
1794 5560 1905 5609 xt’t,
1942 5544 2024 5600 l5.

475 5606 522 5641 ³³
559 5608 679 5666 Act.
717 5625 758 5679 t,
794 5609 847 5665 Ἰ.

2135 3099 2245 3145 ται,
2269 3080 2327 3135 ’ἐν
2360 3080 2416 3134 δὲ
2436 3079 2543 3133 τῶν
2573 3079 2752 3151 ἔργων
2773 3081 2866 3133 καὶ
2901 3082 2934 3151 ἡ
2970 3081 3335 3152 ἀποκάλυψις,
3360 3081 3521 3144 αὐτὸς
3551 3081 3578 3133 6
3606 3080 3708 3134 A6-

2136 3187 2231 3238 γος
2259 3167 2612 3238 ἀποκαλύψας
2671 3166 2751 3237 τῷ
2796 3168 2991 3240 Πέτρῳ
3018 3169 3268 3238 φαίνεται
3298 3170 3368 3223 τά
3412 3168 3565 3239 παρὰ
3617 3166 3711 3221 τοῦ

2136 3260 2372 3331 Πατρός’
2400 3258 2518 3324 πῶς
2573 3254 2665 3314 οὖν
2693 3262 2721 3314 6
2758 3260 3115 3330 ἀποκαλύψας
3143 3260 3218 3325 ώς
3252 3262 3460 3330 ἀγνοῶν
3503 3262 3710 3331 ἐρωτᾷ,

2134 3351 2256 3405 τίνα
2284 3352 2534 3420 λέγουσιν
2564 3353 2610 3405 οί
2638 3351 2943 3424 ἂνθρωποι;
2968 3351 3177 3406 Οὐκοῦν
3202 3356 3476 3424 οἰκονομεῖ
3497 3371 3550 3406 τι
3586 3353 3711 3406 πολ-

2135 3443 2295 3507 λάκις
2336 3444 2438 3515 τῆς
2461 3443 2685 3514 ἀγνοίας
2721 3444 2781 3498 τὸ
2820 3447 3022 3517 σχῆμα.
3056 3444 3227 3509 Εἰδὼς
3253 3444 3361 3517 γὰρ
3388 3447 3524 3515 ὅπερ
3557 3444 3713 3515 ἔμελ-

2136 3537 2228 3590 λον
2259 3538 2403 3610 ἐρεῖν
2434 3536 2484 3590 οἱ
2516 3536 2775 3607 μαθηταὶ,
2803 3538 3069 3607 προσάγει
3104 3537 3204 3607 τὴν
3241 3535 3452 3601 πεῦσιν,
3486 3537 3553 3589 ἶν’
3577 3538 3713 3589 ἀπο-

2136 3627 2429 3697 δεξάμενος
2487 3626 2665 3680 αὐτῶν
2718 3625 2817 3695 τὴν
2882 3624 3211 3695 ἀπόκρισιν,
3284 3623 3558 3697 βεϐαιώσῃ
3616 3624 3713 3694 τὴν

2138 3716 2343 3770 πίστιν.

2557 3804 2742 3857 ΑΛΛΟ
2763 3842 2778 3866 ,
2827 3802 3282 3874 διηγηματικῶς.

2208 3921 2322 3973 Οὐκ
2345 3919 2528 3985 ἀγνοεῖ
2557 3916 2654 3988 τὴν
2687 3918 2903 3988 ἡμέραν
2935 3919 3030 3972 καὶ
3062 3919 3159 3991 τὴν
3198 3920 3347 3992 ὤραν
3393 3921 3487 3990 τῆς
3521 3920 3714 3973 ἑαυτοῦ

2139 4012 2440 4082 παρουσίας
2477 4012 2505 4063 ὁ
2530 4010 2677 4077 Υἱὸς,
2778 4011 2950 4079 Λόγος
2984 4011 3102 4064 ἐστὶ
3131 4012 3224 4066 καὶ
3259 4010 3418 4081 σοφία
3445 4051 3459 4074 ,
3488 4011 3603 4063 ἀλλ’
3630 4012 3716 4063 ἵνα

2142 4106 2215 4176 μὴ
2271 4103 2448 4174 λύπην
2486 4102 2684 4176 ἐντέκῃ
2742 4105 2858 4165 τοῖς
2892 4101 3180 4173 μαθηταῖς,
3249 4104 3324 4165 ὡς
3374 4103 3434 4155 οὐ
3482 4101 3716 4172 θελήσας

2139 4194 2529 4267 ἀποκρίνεσθαι
2561 4197 2627 4266 τῇ
2666 4196 2793 4266 παρ’
2819 4193 2998 4247 αὐτῶν
3040 4193 3465 4265 προσενεχθείσῃ
3503 4195 3713 4259 πεύσει,

2141 4287 2223 4351 τὸ,
2258 4287 2371 4340 Ούκ
2400 4282 2535 4351 οῖδα,
2563 4286 2727 4358 φησὶν
2760 4286 2835 4349 ὡς
2850 4285 3151 4355 ἄνθρωπος,
3171 4285 3417 4351 ἐξουσίαν
3452 4286 3590 4355 ἔχων
3624 4286 3719 4339 καὶ

2142 4377 2264 4442 τοῦ,
2301 4379 2476 4431 εἰπεῖν
2505 4376 2612 4441 διὰ,
2646 4378 2705 4429 τὸ
2731 4376 2980 4446 γενέσθαι
3023 4375 3178 4448 σὰρξ,
3211 4378 3346 4431 καθὸ
3383 4380 3714 4449 γέγραπται,

2143 4468 2354 4532 καὶτὰς
2383 4467 2483 4536 τῆς
2529 4466 2727 4539 σαρκὸς
2776 4466 3059 4530 ἀσθενείας
3108 4466 3560 4537 ίὸιοποιήσασθαι.
3596 4468 3716 4519 Ὅτι

2147 4559 2255 4636 γάρ
2282 4558 2484 4628 ταύτης
2504 4558 2665 4611 ἕνεκα
2691 4556 2790 4627 τῆς
2816 4556 2993 4620 αἰτίας
3020 4556 3080 4609 τὸ
3105 4557 3177 4627 μὴ
3207 4558 3403 4612 εἰδέναι
3430 4559 3611 4628 φησὶν,
3634 4558 3720 4609 ὲν-

2146 4650 2335 4704 τεῦθεν
2360 4648 2638 4721 εἰσόμεθα.
2668 4649 2821 4702 Μετά
2849 4648 2957 4719 γὰρ
2989 4648 3049 4701 τὸ
3086 4650 3149 4701 ἐκ
3169 4649 3376 4721 νεκρῶν
3402 4650 3717 4719 ἀναστῆναι,

2152 4740 2360 4812 μέλλων
2392 4757 2451 4793 τε
2489 4740 2588 4810 ἤδη
2624 4738 2808 4792 λοιπὸν
2833 4738 3143 4793 ἀναϐαίνειν
3166 4738 3245 4802 είς
3282 4738 3564 4809 οὐρανοὺς,
3591 4738 3722 4808 ἐρω-

2147 4832 2428 4903 τησάντων
2452 4830 2612 4883 αὑτὸν
2640 4830 2747 4883 τῶν
2791 4830 3067 4900 μαθητῶν,
3116 4831 3245 4884 πότε
3271 4832 3332 4885 τὸ
3359 4831 3511 4893 τέλος
3535 4830 3685 4882 ἔσται
3703 4869 3720 4895 ,

2147 4926 2242 4978 καὶ
2272 4924 2403 4978 πότε
2445 4922 2604 4976 πάλιν
2632 4923 3093 4994 παραγενήσεται,
3133 4921 3461 4994 δριμύτερον
3492 4920 3723 4991 ἀπεκρί-

2145 5033 2274 5070 νατο
2297 5015 2491 5083 λέγων·
2529 5032 2548 5065 ι
2581 5012 2693 5083 Οὐχ
2721 5012 2874 5083 ὑμῶν
2903 5014 3019 5066 ἐστι
3039 5014 3241 5082 γνῶναι
3286 5014 3511 5085 χρόνους
3538 5012 3572 5083 ἢ
3605 5028 3726 5064 και-

2147 5109 2294 5181 ροὺς,
2325 5107 2416 5172 οὓς
2436 5111 2465 5162 6
2496 5107 2683 5179 Πατὴρ
2714 5105 2865 5159 ἔθετο
2894 5106 2951 5158 ἐν
2982 5109 3048 5178 τῇ
3088 5106 3192 5177 ἰδίᾳ
3242 5105 3481 5175 ἐξουσία.
3516 5123 3535 5155 ι
3581 5103 3724 5157 Ἀλλ’

2143 5201 2301 5273 εἴπερ
2323 5200 2529 5270 ἠγνόει,
2563 5198 2747 5268 σαφῶς
2765 5198 2926 5253 αὐτὸν
2952 5198 3119 5271 ἐχρῆν
3148 5198 3347 5267 λέγειν·
3373 5192 3540 5251 Εἶπον
3566 5198 3720 5267 ὑμῖν,

2142 5294 2242 5348 οὐκ
2264 5290 2400 5347 οἶδα.
2437 5292 2575 5348 Νυνὶ
2595 5292 2652 5345 δὲ
2682 5292 2757 5357 ώς
2792 5294 2891 5347 οὐκ
2928 5292 3163 5360 εὐλόγως
3209 5290 3529 5362 ἐρωτῶντας
3579 5290 3725 5359 ἐλέγ-

2144 5403 2261 5456 χει,
2319 5386 2413 5438 καὶ
2455 5385 2528 5448 ώς
2565 5384 2786 5454 μείζονα
2836 5385 2871 5453 ἢ
2924 5382 3046 5437 καθ’
3094 5382 3319 5446 ἑαυτοὺς
3367 5381 3723 5448 ἐξετάζοντας

2138 5545 2183 5577 ⁹²
2210 5543 2339 5601 ibid.
2378 5541 2577 5612 16,17.
2692 5544 2740 5577 ⁸³
2771 5542 2961 5599 Matth.
2994 5541 3187 5611 31,27.
3286 5542 3332 5576 ”
3359 5539 3517 5599 Joan.
3559 5556 3596 5606 t,
3636 5538 3721 5593 Η.
