4126 6202
353 319 462 376 377
593 349 598 354 ς
1770 309 2216 370 THESAURUS.
3523 318 3627 378 ὅτε

353 439 679 511 ἀποτρέπει.
699 437 867 510 Δῆλον
895 433 989 492 οὖν
1018 439 1164 490 ἐστιν
1181 435 1262 490 ὅτι
1287 436 1381 490 καὶ
1402 436 1546 500 τότε,
1568 436 1746 490 καίτοι
1768 436 1942 490 πάντα

2052 445 2130 491 est
2177 437 2341 492 etiam
2396 444 2526 490 tunc
2578 437 2778 506 ipsum,
2841 437 3056 492 tametsi
3111 439 3294 493 omnia
3335 452 3517 496 nosset
3570 453 3628 497 ut

352 532 512 596 εἰδὼς
547 531 624 595 ὡς
653 529 805 596 Θεὸς,
830 529 918 583 διὰ
965 529 1029 581 τὸ
1079 522 1218 582 εἶναι
1267 528 1368 600 τὴν
1400 528 1603 594 γνῶσιν
1646 528 1788 600 ὑπὲρ
1814 529 1939 590 τοὺς

2052 527 2208 593 Deus,
2252 531 2486 582 humano
2519 537 2696 582 tamen
2729 541 2878 584 more
2907 530 3110 584 dixisse
3135 533 3278 599 quod
3301 530 3444 586 diem
3473 532 3624 586 illum

357 623 631 694 μαθητὰς,
655 621 1012 692 ἀνθρωπίνως
1036 620 1240 690 ἔφασκε
1275 619 1349 690 μὴ
1367 619 1566 673 εἰδέναι
1595 620 1693 690 τὴν
1720 620 1940 690 ἡμέραν

2052 631 2097 675 ει
2124 622 2314 674 horam
2336 620 2638 692 ignoraret,
2675 622 2800 690 quia
2845 621 3234 690 discipulorum
3271 635 3488 693 captum
3513 625 3630 694 ejus

356 713 494 784 μηδὲ
524 715 623 784 τὴν
650 712 798 782 ὥραν
829 711 1067 782 ἐκείνην.

1043 826 1248 879 ΑΛΛΟ.

433 937 604 991 Ὅταν
633 935 956 1008 εὑρίσκηται
988 936 1016 988 ὁ
1069 935 1200 998 Θεὸς
1256 937 1314 988 ἐν
1361 937 1459 1007 μὲν
1504 936 1579 1007 τῷ
1631 936 1943 1009 παραδείσῳ

358 1029 536 1096 λέγων
561 1027 696 1097 πρὸς
710 1026 802 1079 τὸν
839 1026 1030 1096 Ἀδάμ·
1061 1045 1078 1076 ι
1107 1025 1215 1079 Ποῦ
1238 1021 1318 1091 εἷς
1360 1045 1377 1078 ι
1413 1013 1549 1098 προς
1571 1027 1628 1080 δὲ
1658 1027 1748 1079 τὸν
1780 1028 1938 1079 Κάῖν·

365 1137 384 1170 ι
419 1118 532 1172 Ποῦ
559 1117 726 1170 ’Δὸελ
747 1120 775 1170 6
799 1117 1028 1186 ἀδελφός
1073 1135 1202 1183 σου;
1241 1136 1258 1170 ι
1299 1118 1352 1170 τί
1398 1118 1507 1189 ἄρα
1536 1119 1630 1171 καὶ
1662 1117 1791 1188 περὶ
1817 1118 1942 1171 τού-

359 1229 457 1264 του
489 1210 658 1278 φατέ;
689 1211 786 1262 Ἂν
814 1209 913 1280 μὲν
935 1209 1042 1280 γὰρ
1072 1210 1372 1278 ἀγνοοῦντα
1395 1209 1665 1264 ποιεῖσθαι
1691 1211 1789 1282 τὴν
1816 1209 1946 1280 ἐρώ-

359 1319 517 1370 τησιν
573 1301 792 1372 λέγητε,
833 1301 1088 1371 φανερῶς
1137 1301 1548 1373 δυσφημοῦντες
1600 1302 1942 1373 εὑρίσκεσθε.

359 1392 425 1444 El
453 1391 511 1444 δὲ
538 1389 740 1461 τρόπον
769 1391 1085 1461 οἰκονομίας
1125 1391 1442 1460 εἰσάγεσθαι
1485 1409 1607 1444 τινα
1647 1391 1735 1445 διὰ
1787 1391 1946 1446 τοῦτο

358 1482 584 1547 δώσετε,
620 1482 696 1552 μὴ
725 1481 1021 1548 ξενίζεσθε,
1070 1483 1174 1537 κᾶν
1219 1486 1247 1537 6
1278 1483 1372 1537 τοῦ
1403 1483 1540 1536 Θεοῦ
1563 1485 1756 1553 Λόγος,
1791 1483 1859 1538 δι’
1881 1477 1944 1538 οὗ

361 1574 458 1624 καὶ
477 1570 598 1624 τότε
636 1570 733 1642 τὴν
761 1570 1030 1642 ἐρώτησιν
1083 1572 1219 1642 πρός
1250 1590 1310 1626 τε
1354 1573 1526 1643 ’Δδὰμ
1547 1575 1641 1627 καὶ
1689 1574 1784 1628 τὸν
1804 1574 1947 1628 Κάῖν

359 1665 597 1716 ἐποιεῖτο
639 1664 792 1728 Θεὸς,
847 1661 1146 1733 οἰκονομῶν
1190 1680 1243 1716 τι
1300 1665 1569 1736 χρήσιμον
1635 1664 1710 1736 μὴ
1743 1665 1941 1719 εἰδέναι

2044 712 2121 766 rei
2151 711 2344 766 notitia
2379 711 2693 780 superabat.

2717 821 2947 879 ALIUD.

2111 935 2245 990 Cum
2299 935 2608 991 inveniatur
2676 935 2816 990 Deus
2894 937 2946 990 in
3018 936 3270 1004 paradiso
3317 937 3504 993 dicens
3559 940 3627 994 ad

2044 1026 2353 1081 Adamum:
2390 1045 2408 1078 ι
2445 1027 2548 1084 Ubi
2577 1042 2637 1083 es
2662 1029 2744 1081 ἠ
2778 1045 2795 1079 ι
2827 1037 2881 1083 ει
2908 1029 2974 1081 ad
3008 1027 3141 1082 Cain
3170 1047 3184 1082 :
3225 1048 3240 1080 ι
3289 1029 3512 1083 Ubinam
3547 1041 3629 1083 est

2043 1118 2179 1173 Abel
2208 1119 2372 1173 frater
2399 1127 2522 1174 tuus
2539 1121 2626 1173 '7?
2658 1139 2676 1172 ι
2706 1119 2835 1188 quid
2874 1119 2975 1173 hac
3006 1117 3072 1172 de
3104 1135 3160 1173 re
3187 1122 3424 1175 statuitis
3447 1120 3470 1174 ?
3495 1121 3625 1174 Nam

2045 1210 2091 1264 si
2129 1211 2292 1264 Deum
2319 1209 2660 1280 ignorantem
2682 1212 2786 1265 hoc
2808 1210 3179 1278 interrogasse
3205 1212 3420 1276 dicatis,
3455 1213 3629 1265 mani-

2046 1301 2240 1356 festam
2270 1301 2661 1370 blasphemiam
2688 1302 2858 1372 223
2881 1302 3188 1357 incurratis.
3235 1301 3290 1357 Si
3311 1313 3489 1359 autem
3515 1304 3628 1358 siu-

2045 1394 2215 1466 gulari
2250 1397 2480 1451 consilio
2517 1396 2622 1452 hoc
2669 1399 2741 1450 ita
2773 1395 3218 1450 administratum
3251 1397 3491 1452 fatemini
3522 1419 3532 1452 :
3561 1413 3628 1454 ne

2047 1487 2197 1540 vobis
2240 1485 2483 1541 insolens
2505 1502 2571 1542 ac
2611 1487 2808 1540 mirum
2844 1486 3130 1550 videatur,
3157 1488 3201 1541 si
3245 1486 3480 1543 Verbum
3507 1488 3624 1554 Dei,

2047 1593 2144 1644 per
2167 1592 2326 1647 quem
2369 1578 2532 1632 etiam
2564 1587 2698 1632 tunc
2737 1577 3097 1644 interrogatio
3131 1578 3220 1632 Dei
3267 1578 3332 1632 ad
3363 1579 3648 1634 Adamuin-

2047 1676 2098 1721 et
2127 1666 2258 1722 Cain
2295 1667 2440 1722 facta
2475 1676 2581 1731 est,
2616 1669 2760 1722 bono
2797 1665 3026 1736 ulilique
3074 1668 3305 1723 consilio
3335 1669 3535 1724 dixerit
3569 1685 3628 1725 se

358 1755 492 1827 λέγῃ
521 1756 622 1824 τὴν
654 1755 870 1826 ἡμέραν
894 1757 969 1820 ὡς
1009 1755 1316 1827 ἄνθρωπος,
1368 1757 1544 1810 καίτοι
1579 1758 1756 1811 πάντα
1791 1757 1946 1823 εἰδὼς

2052 1759 2265 1814 nescire
2325 1759 2475 1813 illum
2533 1760 2675 1814 dicm
2720 1770 2778 1814 ut
2812 1759 2999 1826 homo,
3023 1759 3238 1814 tametsi
3272 1761 3455 1815 omnia
3488 1763 3630 1817 norit

355 1848 435 1911 ὡς
466 1848 628 1916 σοφία
651 1847 746 1901 τοῦ
776 1847 1010 1920 Πατρός.

354 1963 565 2034 ΑΛᾼΟ,
595 1960 672 2034 ᾤ’
707 1956 778 2034 οὗ
806 1960 1113 2016 δείκνυται
1159 1963 1369 2034 σαφῶς
1406 1963 1792 2034 οἰκονομικῶς
1820 1964 1950 2020 ἔσθ’

445 2031 546 2083 ὅτε
568 2031 683 2098 τὴν
704 2030 954 2101 ἄγνοιαν
995 2030 1505 2103 σχηματιζόμενος
1554 2030 1856 2103 δ’Σωτήρ.

429 2146 562 2198 Ὅτε
591 2145 733 2199 κατὰ
755 2145 854 2216 τὴν
885 2145 1090 2218 ἔρημον
1119 2149 1146 2200 6
1196 2148 1384 2219 Σωτὴρ
1437 2149 1769 2220 ἀποτρέψειν
1798 2147 1952 2201 ἐϐού-

345 2239 478 2290 λετο
501 2239 628 2302 τοὺς
655 2237 1126 2310 ἀκολουθήσαντας
1150 2241 1320 2311 αὐτῷ,
1336 2240 1485 2308 λέγει
1506 2241 1642 2312 πρὸς
1663 2241 1946 2294 Φίλιππον*

360 2331 602 2392 «Πόσους
616 2329 817 2401 ἄρτους
837 2330 988 2402 ἔχετε
1015 2349 1060 2396 ;ι
1091 2334 1185 2386 καὶ
1206 2333 1324 2386 ἔστι
1354 2333 1453 2403 μὲν
1471 2333 1547 2396 ὡς
1569 2332 1888 2402 ἀγνοοῦντος
1911 2334 1944 2402 ἡ

353 2421 652 2494 ἐρώτησις.
709 2421 1162 2494 Διαμαρτύρεται
1213 2422 1271 2476 δὲ
1323 2423 1670 2495 παραχρῆμα
1723 2423 1947 2492 λέγωνὸ

355 2514 750 2586 εὐαγγελιστὴς
775 2531 790 2544 ·
821 2534 839 2566 ι
874 2515 1044 2568 Τοῦτο
1063 2515 1119 2568 δὲ
1142 2515 1296 2584 ἔλεγε
1329 2514 1608 2585 πειράζων
1641 2515 1732 2571 τὸν
1761 2515 1945 2568 Φίλιπ-

358 2623 476 2658 πον·
510 2606 673 2669 αὐτὸς
705 2605 814 2677 γὰρ
856 2606 974 2678 ᾔδει
1023 2607 1074 2660 τί
1128 2606 1322 2678 ἔμελλε
1369 2608 1562 2660 ποιεῖν.
1608 2626 1626 2657 ι
1675 2609 1736 2660 Εἰ
1766 2608 1946 2661 τοίνυν

353 2701 492 2770 ὅπερ
522 2698 712 2768 ἔμελλε
749 2701 924 2753 ποιεῖν
951 2701 1332 2768 ἐπιστάμενος,
1383 2699 1457 2762 ὠς
1502 2698 1713 2768 ἀγνοῶν
1736 2701 1942 2772 ἐρωτᾷ,

351 2790 409 2844 τί
436 2790 634 2845 κωλύει
663 2793 755 2845 καὶ
779 2791 876 2845 νῦν
896 2791 1167 2863 χρησίμου
1228 2792 1370 2855 τινὸς
1426 2792 1591 2845 ἕνεκα
1639 2795 1944 2862 συγχωρεῖν

352 2885 519 2956 αὐτῷ,
549 2883 625 2955 μὴ
664 2885 863 2938 εἰδέναι
895 2880 1074 2952 λέγειν
1106 2883 1205 2956 τὴν
1228 2885 1440 2956 ἡμέραν
1494 2886 1590 2938 καὶ
1625 2886 1724 2956 τὴν
1752 2883 1939 2956 ὦραν;

355 2977 466 3028 Καὶ
495 2978 554 3029 οὐ
586 2976 917 3046 ψευδόμενος
954 2974 1110 3029 τοῦτό
1160 2993 1344 3047 φησιν·
1393 2977 1550 3040 εἰδὼς
1575 2977 1683 3047 γὰρ
1711 2975 1783 3040 ὡς
1811 2975 1942 3039 Θεὸς

356 3069 556 3135 Λόγος,
607 3068 828 3123 ὃυναται
880 3069 958 3132 ὡς
1015 3068 1300 3140 ἄνθρωπος
1357 3071 1606 3139 ἀγνοεῖν,
1665 3070 1750 3122 ῖνα
1803 3069 1944 3122 κατὰ

358 3163 542 3216 πάντα
567 3165 676 3225 τοῖς
705 3163 947 3232 ἀδελφοῖς
977 3162 1239 3236 ὁμοιωθῇ,
1292 3163 1433 3218 κατὰ
1473 3163 1572 3235 τὴν
1603 3163 1696 3218 τοῦ
1729 3163 1944 3218 Παύλου

365 3253 576 3322 φωνήν.

372 3364 505 3448 ἐῑι
527 3364 615 3449 εἰς
643 3362 732 3426 τάν
769 3366 952 3449 311.891
976 3365 1050 3449 έξέ
1087 3366 1194 3436 τῆς
1240 3366 1473 3449 arma;
1505 3369 1617 3449 καὶ,
1645 3370 1773 3449 τῆς.
1792 3367 1949 3449 ὥριις

446 3433 688 3509 estalt-nc
722 3432 914 3509 οὐδεὶς
935 3507 944 3509 _
962 3432 1151 3509 older,
1168 3432 1332 3509 ὀῡὶε
1351 3432 1411 3492 ει
1437 3432 1677 3509 ἄγγελοι
1703 3432 1947 3494 τῶι-ὀῠὲ

430 3501 658 3570 ραι-ὧν,
689 3503 827 3557 οὔτε
853 3509 886 3557 ό
907 3507 1047 3574 Υἱὸς,
1075 3511 1125 3562 εὶ
1145 3508 1231 3577 μὴ
1265 3511 1296 3561 ό
1323 3501 1533 3578 [larido-
1557 3511 1767 3579 μόνος.
1814 3529 1829 3560 ι

645 3621 939 3689 Πρότασις
962 3622 1043 3688 ὡς
1067 3621 1135 3676 ἐκ
1177 3621 1297 3676 τῶν
1329 3625 1661 3694 αιρετικῶν.

429 3732 635 3797 Πάντα,
667 3734 853 3801 φασὶν,
884 3731 1026 3789 οἶδεν
1056 3737 1085 3789 6
1109 3737 1322 3810 Πατὴρ,
1347 3738 1408 3790 οὐ
1443 3739 1618 3792 πάντα
1640 3737 1696 3790 δὲ
1717 3737 1745 3789 6
1780 3738 1909 3802 Υἱὸς
1933 3780 1948 3807 ,

358 3825 500 3878 κατὰ
531 3824 630 3894 τὴν
664 3825 833 3878 αὐτοῦ
891 3828 1100 3897 φωνήν·
1161 3829 1332 3903 ταύτῃ
1376 3828 1485 3900 γὰρ
1546 3827 1782 3899 μάλιστα
1814 3829 1950 3900 πρὸς

357 3915 635 3980 ἀπόδειξιν
657 3915 896 3988 χρῆσθαι
927 3917 1110 3973 καλόν.
1164 3920 1226 3972 Ei
1261 3921 1440 3973 τοίνυν
1492 3915 1599 3972 οἵδε
1637 3919 1736 3990 μὲν
1776 3921 1804 3972 6
1838 3920 1950 3972 Πα-

358 4003 471 4074 τὴρ
493 4005 594 4074 τὴν
654 4005 802 4076 ὥραν
850 4006 1086 4080 ἐκείνην,
1118 4008 1304 4076 ἀγνοεῖ
1328 4009 1384 4062 δὲ
1425 4009 1454 4062 6
1488 4008 1633 4073 Υἱὸς,
1689 4009 1807 4072 πῶς
1850 4008 1952 4079 τῆς

359 4098 540 4167 αὐτῆς
596 4099 744 4153 ἔσται
788 4100 1004 4171 φύσεως
1052 4102 1131 4172 τῷ
1191 4103 1368 4156 πάντα
1425 4103 1586 4156 εἰδότι
1619 4105 1647 4156 6
1697 4102 1772 4174 μὴ
1829 4119 1949 4156 τοι·

355 4207 520 4253 ουτος
535 4207 550 4255 ;

855 4306 1011 4374 Πρὸς
1045 4307 1223 4362 τοῦτο
1267 4309 1467 4376 λύσις.

437 4417 500 4472 Εἰ
531 4419 606 4491 μὴ
644 4420 822 4474 πάντα
847 4417 986 4475 οἶδεν
1026 4424 1053 4476 6
1092 4423 1241 4488 Υἱὸς,
1293 4423 1416 4476 καθ’
1455 4424 1620 4494 ὑμᾶς,
1653 4418 1697 4477 ὧ
1732 4441 1950 4494 γριστο-

2055 1861 2113 1905 ιιι
2136 1851 2397 1921 sapientia
2430 1851 2638 1908 Patris.

2056 1963 2281 2030 ALIUD,
2310 1982 2410 2032 quo
2463 1967 2756 2038 ostenditur
2809 1965 3060 2022 Servator
3091 1969 3356 2038 singulari
3407 1969 3630 2026 consilio

2298 2037 2562 2089 interdum
2585 2037 2941 2105 ignorantiam
2968 2054 3076 2106 prta
3096 2056 3150 2093 se
3177 2037 3378 2093 tulisse.

2124 2143 2260 2200 Cum
2311 2143 2569 2200 Servator
2623 2147 2672 2200 in
2708 2147 2926 2202 deserto
2961 2149 3148 2204 turbas
3183 2148 3358 2217 ipsum
3412 2160 3630 2204 secutas

2051 2250 2273 2306 pascere
2289 2237 2472 2299 vellet,
2497 2247 2649 2308 rogat
2677 2237 2984 2309 Philippum
3020 2257 3033 2293 :
3063 2257 3081 2291 ι
3104 2240 3248 2306 Quot
3273 2255 3442 2310 panes
3463 2241 3630 2296 habe-

2053 2324 2166 2380 tis?
2200 2345 2218 2378 ι
2243 2341 2364 2394 qua:
2402 2326 2624 2397 quidem
2665 2339 2748 2384 est
2795 2328 3154 2398 interrogatio
3204 2331 3526 2399 ignorantis.
3565 2333 3632 2388 At

2046 2419 2378 2489 evangelista
2444 2421 2626 2475 statim
2675 2421 2912 2490 adjicit:
2969 2441 2988 2473 ι
3037 2420 3150 2477 Ηοε
3193 2421 3368 2488 dixit,
3419 2431 3632 2479 tentans

2049 2507 2388 2578 Philippum;
2411 2509 2620 2565 sciebat
2642 2511 2784 2565 enim
2811 2512 2926 2580 ipse
2942 2512 3068 2582 quid
3095 2511 3338 2568 facturus
3363 2521 3506 2568 esset
3523 2513 3624 2569 ".i

2051 2597 2108 2654 Si
2157 2614 2285 2671 ergo
2325 2602 2507 2657 sciens
2553 2603 2681 2672 quid
2731 2603 2972 2658 facturus
3018 2613 3183 2671 esset,
3230 2604 3529 2673 interrogat
3574 2616 3632 2660 ιιι

2049 2693 2348 2762 ignorans:
2375 2696 2500 2764 quid
2539 2697 2766 2764 impedit
2801 2697 3094 2766 quominus
3135 2698 3300 2751 etiam
3343 2713 3486 2754 nunc
3521 2700 3630 2754 uti-

2049 2783 2218 2840 litatis
2247 2785 2474 2854 alicujus
2506 2803 2668 2842 causa
2703 2803 2814 2858 prae
2845 2804 2902 2842 se
2933 2789 3070 2843 ferat
3089 2803 3146 2843 sc
3175 2792 3385 2844 nescire
3410 2791 3550 2846 diem
3578 2799 3634 2846 et

2051 2877 2258 2932 horam.
2311 2877 2497 2949 Neque
2557 2881 2699 2935 enim
2750 2881 2883 2936 false
2913 2881 3012 2935 hoc
3051 2881 3223 2935 dicit:
3263 2882 3442 2936 sciens
3463 2884 3629 2948 enim,

2049 2975 2106 3021 ut
2152 2967 2294 3025 Deus
2323 2968 2584 3036 Verbum,
2620 2982 2797 3041 potest
2839 2985 2896 3026 ut
2939 2973 3102 3027 homo
3135 2973 3414 3042 ignorare,
3445 2984 3501 3027 ut
3535 2988 3632 3042 per

2048 3061 2230 3116 omnia
2268 3061 2531 3118 fratribus
2564 3064 2658 3119 fiat
2688 3064 2902 3132 similis,
2937 3074 2995 3119 ut
3023 3065 3228 3124 Paulus
3257 3065 3496 3137 loquitur
3525 3065 3591 3120 ”.

2048 3365 2232 3419 Adhuc
2269 3365 2323 3418 in
2353 3365 2488 3418 idem
2514 3381 2533 3420 :
2569 3384 2588 3417 ι
2625 3364 2700 3420 De
2730 3367 2814 3420 die
2859 3365 2955 3420 illa
3006 3375 3054 3420 et
3089 3365 3221 3418 hora
3267 3379 3418 3418 nemo
3450 3361 3632 3427 novit;

2119 3451 2282 3557 rlifq‘ue
2345 3437 2519 3506 angeli
2569 3440 2838 3500 cartorum,
2887 3453 3050 3505 neque
3100 3434 3301 3503 Filius,
3350 3435 3440 3488 sed
3489 3433 3634 3488 solus

2173 3522 2202 3557 a
2231 3521 2310 3558 er.
2347 3523 2366 3556 ι

2509 3617 2746 3687 Objectio
2776 3618 3166 3672 hereticorum.

2122 3728 2340 3793 Omnia,
2394 3729 2666 3798 inquiunt,
2723 3731 2872 3785 novit
2914 3731 3096 3799 Pater,
3151 3732 3248 3787 sed
3299 3746 3405 3785 non
3448 3731 3632 3786 omnia

2053 3819 2242 3882 Filius,
2299 3829 2357 3874 ut
2414 3821 2646 3890 ipsemet
2693 3824 2804 3876 ait:
2867 3837 2989 3875 nam
3041 3823 3212 3892 ipsius
3263 3821 3633 3876 testimonium

2051 3911 2315 3982 optimum
2345 3920 2430 3966 est
2457 3910 2524 3965 ad
2572 3911 2676 3965 hoc
2719 3911 3220 3966 demonstrandum.
3255 3910 3312 3964 Si
3347 3925 3478 3980 ergo
3528 3908 3633 3963 Pa-

2054 4014 2139 4059 ter
2165 4004 2317 4059 novit
2364 4003 2510 4056 illam
2539 4004 2753 4069 horam,
2787 4002 3004 4072 ignorat
3039 4012 3219 4057 autem
3261 4000 3452 4066 Filius,
3485 4015 3630 4072 quo-

2060 4096 2222 4150 modo
2247 4096 2354 4150 erit
2387 4095 2627 4164 ejusdem
2664 4105 2876 4150 natura:
2905 4109 3027 4149 cum
3065 4108 3132 4150 eo
3162 4094 3258 4164 qui
3301 4093 3485 4149 omnia
3531 4105 3628 4148 no-

2055 4187 2151 4256 vit,
2181 4187 2228 4243 is
2257 4189 2346 4258 qui
2379 4188 2582 4260 aliquid
2613 4185 2865 4257 ignorat?

2553 4298 2762 4354 Salutio
2807 4296 3136 4366 objectionis.

2131 4415 2212 4478 Si,
2257 4415 2412 4485 juxta
2467 4423 2729 4475 vestram,
2789 4412 2973 4466 hostes
3019 4410 3246 4478 Christi,
3296 4410 3633 4482 Opinionem,

360 4513 560 4584 μάχει,
585 4512 880 4582 ψεύδεσθαι
908 4513 1087 4578 λέγειν
1145 4516 1360 4587 ἀνάγκη
1409 4516 1506 4579 τὰς
1533 4515 1685 4580 θείας
1707 4517 1947 4588 Γραφὰς,

2059 4507 2230 4562 Filius
2271 4521 2376 4560 non
2429 4503 2611 4559 omnia
2663 4502 2851 4570 novit,
2893 4518 3117 4558 necesse
3175 4513 3256 4560 est
3311 4513 3370 4557 ut
3421 4519 3637 4560 sacram

355 4604 590 4660 καὶτῶν
613 4605 784 4674 ἁγίων
841 4606 1348 4678 καταθρασύνεσθαι
1406 4609 1673 4677 λεγόντων
1703 4627 1769 4662 πε
1781 4610 1832 4681 pl.
1861 4611 1947 4663 αὐ-

2062 4599 2400 4668 Scripturam
2439 4595 2656 4651 mentiri
2698 4594 2942 4651 dicamus
2969 4633 2984 4662 ,
3041 4596 3356 4665 sanctisque
3395 4596 3640 4668 refrage-

354 4693 482 4748 τοῦθ
521 4712 540 4744 ι
587 4695 646 4748 '0
692 4695 848 4760 εἰδὼς
870 4697 936 4751 τὰ
961 4697 1143 4752 πάντα
1195 4699 1326 4770 πρὶν
1378 4701 1644 4768 γενέσεως
1696 4701 1896 4754 αὐτῶν.
1929 4721 1947 4753 ι

353 4787 479 4840 Καὶ
505 4786 616 4857 γὰρ
644 4789 702 4840 ὲν
752 4791 866 4852 τοῖς
923 4789 1112 4845 πᾶσιν
1134 4791 1251 4843 ἐστὶ
1283 4791 1374 4844 καὶ
1403 4794 1436 4862 ἡ
1496 4793 1592 4863 τῆς
1642 4792 1954 4856 συντελείας

352 4879 572 4949 ἡμέρα·
605 4879 757 4933 οὐδὲν
781 4877 894 4952 γὰρ
928 4881 1032 4946 ἔξω
1073 4882 1287 4937 κεῖσθαι
1321 4883 1384 4936 τὸ
1409 4885 1609 4937 πάντα
1653 4887 1950 4954 συγχωρεῖ.

354 4971 427 5024 Εἰ
449 4969 508 5022 δὲ
533 4969 740 5042 ταύτην
771 4973 956 5039 ἀγνοεῖ
977 4975 1005 5026 6
1025 4975 1172 5038 Υἱὸς,
1194 4975 1310 5038 πῶς
1331 4971 1437 5028 οἶδε
1459 4977 1528 5029 τὰ
1548 4975 1725 5029 πάντα
1747 4992 1762 5041 ;
1794 4975 1952 5029 Ἀλλὰ

355 5061 449 5113 δεῖ
472 5062 688 5125 πάντως
707 5062 806 5126 τὰς
839 5064 948 5117 τῶν
980 5065 1150 5133 ἁγίων
1189 5066 1409 5137 ἀληθεῖς
1441 5061 1579 5120 εἶναι
1604 5066 1808 5134 φωνάς.
1845 5067 1957 5120 Καὶ

354 5147 474 5204 οἶδε
506 5152 577 5205 τὰ
605 5153 782 5205 πάντα
809 5156 838 5207 6
870 5154 1015 5218 Υἱός.
1054 5157 1116 5209 Εἰ
1135 5156 1179 5209 δ’
1207 5159 1264 5209 ὲν
1289 5160 1403 5220 τοῖς
1427 5159 1590 5210 πᾶσιν
1620 5157 1831 5228 ἀνάγκη
1859 5160 1956 5212 καὶ

355 5245 424 5296 τὸ
473 5243 627 5308 τέλος
665 5249 828 5310 νοεῖν,
873 5247 1102 5316 μάταιον
1151 5249 1306 5319 ἡμῶν
1351 5251 1724 5320 ἀναπέφανται
1775 5251 1838 5304 τὸ
1868 5251 1956 5304 σό-

357 5351 571 5406 φισμα.
611 5339 898 5408 Οἰκονομεῖ
917 5340 1024 5410 γάρ
1057 5358 1137 5392 τοι
1173 5342 1426 5412 Χριστὸς,
1457 5344 1531 5414 μὴ
1561 5343 1761 5398 εἰδέναι
1783 5343 1956 5413 λέγων

353 5425 465 5496 τὴν
497 5425 650 5497 ὥραν
681 5430 916 5500 ἐκείνην,
945 5431 1037 5484 καὶ¹
1070 5433 1170 5485 οὐκ
1198 5433 1412 5504 ἀληθῶς
1436 5437 1636 5502 ἀγνοεῖ.

2061 4707 2184 4746 mur
2221 4689 2564 4746 dicentibus:
2603 4707 2621 4739 ι
2661 4688 2761 4755 Qui
2811 4688 2960 4742 novit
3007 4689 3192 4743 omnia
3244 4698 3372 4743 ante
3406 4702 3638 4759 genera-

2057 4785 2258 4838 tionem
2306 4781 2549 4851 ipsorum
2591 4780 2631 4833 ί.
2672 4797 2691 4831 ι
2730 4777 2958 4835 Nomine
3005 4779 3149 4834 enim
3183 4780 3440 4844 omnium,
3468 4779 3636 4834 etiam

2058 4873 2174 4928 dies
2205 4871 2689 4928 consummationis
2734 4871 3088 4926 continetur:
3138 4885 3264 4925 nam
3315 4885 3437 4924 cum
3491 4870 3634 4926 dici-

2063 4979 2180 5033 mus
2214 4965 2426 5026 omnia,
2464 4963 2595 5016 nihil
2635 4963 2996 5018 excludimus.
3047 4963 3104 5018 Si
3143 4977 3274 5017 vero
3312 4963 3453 5016 diem
3498 4963 3640 5019 hanc

2060 5057 2276 5126 ignorat
2333 5056 2524 5120 Filius,
2575 5055 2846 5125 quomodo
2894 5056 3045 5110 novit
3093 5055 3326 5110 omnia?
3364 5054 3638 5110 Caeterum

2062 5162 2282 5203 necesse
2304 5149 2524 5203 omnino
2559 5159 2617 5202 ut
2646 5147 2822 5203 sancti
2869 5163 2999 5203 vera
3035 5148 3402 5218 praedicarim.
3441 5148 3511 5202 Et
3546 5147 3640 5202 Fi-

2059 5241 2163 5296 lius
2193 5241 2376 5296 omnia
2427 5241 2595 5294 novit.
2647 5239 2703 5295 Si
2737 5254 2868 5294 vero
2899 5238 2952 5293 in
2989 5240 3246 5294 omnibus
3287 5253 3512 5295 necesse
3557 5248 3643 5293 est

2059 5332 2224 5386 etiam
2251 5332 2409 5386 linem
2442 5332 2825 5400 comprehendi
2851 5348 2864 5386 :
2894 5347 3090 5386 vanum
3121 5339 3269 5387 certe
3289 5339 3374 5386 est
3397 5338 3640 5387 vestrum

2061 5433 2444 5480 commentum.
2499 5423 2750 5480 Christus
2778 5423 2922 5479 enim
2958 5423 3221 5493 singulari
3273 5423 3506 5480 consilio
3539 5421 3642 5477 hoc

2059 5515 2209 5581 facit,
2240 5516 2383 5585 quod
2413 5530 2471 5570 se
2513 5516 2702 5570 horam
2738 5517 2883 5570 illam
2929 5518 3141 5574 nescire
3174 5517 3328 5584 dicit,
3395 5529 3524 5574 vere
3560 5523 3641 5567 ta-

2057 5623 2179 5662 men
2213 5623 2315 5662 non
2352 5605 2584 5679 ignorat.

444 5753 492 5784 "
531 5753 671 5808 Gen.
705 5770 785 5821 ιιι,
813 5755 863 5810 9.
942 5757 984 5787 ⁹⁷
1009 5757 1143 5813 Gen.
1186 5773 1258 5824 tv,
1301 5758 1353 5813 9.
1434 5758 1477 5789 ³⁸
1510 5757 1678 5816 Marc.
1713 5776 1786 5828 vr,
1820 5759 1947 5829 58;.1

2052 5777 2087 5822 ι.
2125 5775 2201 5830 vr,
2235 5759 2290 5828 5,
2321 5759 2372 5814 6.
2427 5761 2497 5846 ς’
2525 5758 2688 5817 llcbr.
2723 5775 2784 5829 ιι,
2817 5762 2902 5818 17.
2985 5765 3000 5798 ³
3035 5763 3172 5821 Dan.
3211 5777 3330 5828 xm,
3363 5757 3452 5813 42.
