4058 6206
419 270 523 326 385

1459 271 1515 327 S.
1557 269 1833 326 CYRILLI
1869 265 2343 325 ALEXANDRINI
2381 266 2706 323 ARCHIEP.

3597 267 3703 323 ’584

419 386 646 457 impium
677 395 781 453 est,
815 396 868 442 et
903 387 1136 444 fatemur
1184 387 1406 442 omnino
1444 387 1661 443 Patrem
1701 405 1914 459 semper
1942 390 1993 443 in

2119 387 2261 443 τοῦτο
2319 389 2413 443 καὶ
2462 389 2548 458 ἐφ’
2581 386 2734 440 Tia-3.
2797 385 2858 437 Εἰ
2914 384 2970 438 δὲ
3020 383 3178 437 τοῦτο
3219 383 3433 448 ἀσεϐὲς,
3470 385 3614 454 ἔχειν
3645 385 3703 439 δὲ

416 492 476 532 se
508 478 675 532 vitam
703 478 980 544 habuisse,
1025 479 1166 534 idem
1211 477 1374 531 etiam
1424 479 1488 531 de
1536 477 1674 533 Filio
1725 477 1997 532 fatendum

415 578 498 622 est
523 587 538 635 ;
569 569 670 624 hoc
697 570 939 625 enimest
967 570 1038 624 ita
1064 584 1122 623 se
1147 569 1348 623 habere
1373 568 1545 636 ipsum
1574 569 1714 623 sicut
1737 578 1790 624 et
1815 568 1996 623 Pater.

417 659 476 714 Si
509 673 640 714 vero
688 660 735 714 is
785 657 878 730 qui
921 673 1137 730 semper
1177 657 1382 722 habet,
1437 659 1687 727 accipere
1727 674 1786 714 se
1825 658 1998 723 dicit,

416 751 685 822 singulari
727 751 910 821 aliquo
938 750 1166 806 consilio
1212 749 1435 818 dicitur,
1485 751 1725 820 nihilque
1775 751 1828 806 id
1864 749 2002 805 Filio

417 841 568 910 quod
607 843 674 899 ad
700 855 946 898 naturam
971 841 1188 906 attinet,
1221 839 1410 898 ofﬁcit.

1097 953 1334 1010 ALIUD.

495 1069 551 1123 Si
577 1067 698 1136 quis
717 1066 996 1137 splendori
1025 1067 1247 1124 luminis
1272 1083 1582 1126 sermonem
1601 1070 1822 1132 tribuat,
1847 1071 2004 1125 etdi-

424 1169 538 1214 cat:
563 1157 768 1213 Lumen
805 1158 932 1213 mihi
962 1159 1109 1214 dedit
1145 1161 1328 1216 omnia
1361 1177 1483 1231 quae
1517 1162 1676 1218 habet
1705 1180 1719 1216 :
1759 1161 2004 1216 illumino

423 1246 566 1299 enim
591 1245 813 1315 perinde
829 1253 992 1316 atque
1019 1247 1147 1302 illud
1172 1265 1187 1315 ;
1211 1263 1354 1304 anne
1379 1258 1527 1304 recte
1549 1251 1820 1320 quispiam
1848 1249 2006 1304 dixe-

423 1341 495 1395 rit
541 1339 1051 1408 splendoremillum
1075 1339 1364 1410 aliquando
1391 1356 1498 1395 non
1531 1341 1786 1396 habuisse
1808 1340 2008 1396 illumi-

426 1432 586 1486 nandi
617 1431 982 1503 facultatem?
1031 1440 1088 1486 et
1124 1433 1398 1501 quomodo
1433 1432 1694 1503 splendor
1732 1432 1902 1488 erat?
1949 1431 2005 1487 Si

425 1539 554 1579 vero
600 1501 722 1578 cum
773 1537 990 1593 semper
1027 1522 1366 1578 illuminandi
1419 1501 1739 1579 facultatem
1788 1523 2008 1590 habeat,

427 1617 551 1686 quia
571 1615 753 1671 omnia
784 1630 902 1684 qua:
925 1616 979 1670 in
1005 1615 1208 1670 lumine
1239 1626 1388 1684 sunt,
1442 1617 1624 1681 habet,
1681 1625 1736 1672 et
1793 1615 1887 1686 qui
1927 1615 2008 1685 gi-

2102 481 2347 552 δ;ἶ›σομεν
2373 481 2460 535 ἀεὶ
2490 481 2580 532 τὸν
2612 476 2832 550 Πατέρα
2862 475 3007 547 ζωὴν
3037 478 3093 532 ἑν
3124 477 3327 546 ἑαυτῷ,
3353 475 3509 528 ἔσται
3544 475 3705 530 τοῦτο

2103 575 2198 630 καὶ
2231 576 2317 644 ἐφ’
2349 572 2501 625 Υίοῦ·
2529 571 2688 624 τοῦτο
2721 571 2972 640 γάρλέστι
3017 568 3078 621 τὸ
3123 567 3300 631 οὕτως
3329 568 3473 638 ἔχειν
3503 568 3664 622 αὑτὸν
3685 609 3701 634 ,

2103 663 2291 735 ὥσπερ
2321 663 2418 717 καὶ
2475 665 2504 716 ό
2533 661 2747 732 Πατήρ.
2790 662 2853 714 Εἰ
2886 659 2942 714 δὲ
2972 659 3058 714 ἀεὶ
3113 659 3273 727 ἔχων,
3305 659 3583 730 εἰληφέναι
3616 659 3705 714 λέ-

2102 769 2209 821 γει,
2240 754 2517 820 οἰκονομεῖ
2563 768 2614 804 τι
2665 749 2828 819 σοφὸν
2873 752 2906 821 ἡ
2954 749 3130 818 φωνὴ,
3162 749 3258 803 καὶ
3309 748 3462 803 οὐδὲν
3505 750 3584 813 εἰς
3610 749 3706 804 τὸν

2102 845 2202 916 τῆς
2242 844 2459 914 φύσεως
2488 841 2648 912 λόγον
2684 842 2936 924 ἀδικῄσει
2969 842 3060 896 τὸν
3097 839 3246 897 Υίόν.

2793 953 3000 1006 ΛΛΛΟ.

2177 1068 2246 1122 Εἰ
2272 1085 2358 1132 τις
2377 1067 2456 1138 τῷ
2487 1068 2552 1121 ἐκ
2592 1066 2688 1121 τοῦ
2758 1067 2937 1134 φωτὸς
2991 1066 3390 1136 ὰπαυγάσματι
3446 1067 3702 1138 περιθείη

2105 1160 2310 1232 φωνὴν,
2350 1155 2471 1212 εἶτα
2504 1158 2667 1213 τοῦτο
2685 1158 2856 1228 λέγοι·
2893 1158 3080 1213 Πάντα
3115 1177 3206 1230 μοι
3259 1159 3459 1213 δέδωκε
3495 1160 3556 1213 τὸ
3589 1150 3706 1228 φῶς

2104 1252 2173 1305 τά
2210 1250 2430 1316 ἑαυτοῦ,
2470 1251 2690 1320 φωτίζω
2719 1250 2828 1322 γὰρ
2850 1250 3040 1322 ὥσπερ
3097 1252 3290 1304 έκεῖνο·
3345 1247 3432 1321 ἆρ’
3467 1251 3706 1320 εὐλόγως

2105 1341 2174 1395 ἂν
2209 1343 2355 1396 είποι
2401 1341 2476 1414 μὴ
2508 1343 2804 1413 ἐσχηκέναι
2835 1343 2966 1397 ποτὲ
2994 1343 3056 1397 τὸ
3099 1343 3440 1414 ἀπαύγασμα
3459 1343 3554 1397 τοῦ
3588 1362 3706 1413 φω-

2106 1433 2276 1498 τίζειν
2306 1433 2402 1506 τὴν
2439 1433 2699 1505 δύναμινς
2737 1434 2832 1488 καὶ
2877 1433 2997 1498 πῶς
3040 1434 3383 1506 ἀπαύγασμα
3409 1431 3512 1506 ἦν;
3547 1437 3608 1489 Εἰ
3649 1435 3707 1490 δὲ

2108 1527 2205 1581 καὶ
2233 1525 2490 1596 φωτίζειν
2518 1526 2817 1596 δυνάμενον
2846 1527 2940 1582 διὰ
2970 1528 3030 1581 τδ
3081 1527 3257 1582 πάντα
3296 1528 3365 1581 τά
3400 1527 3495 1581 τοῦ
3532 1529 3708 1596 φωτὸς

2109 1618 2274 1689 ἔχειν,
2303 1619 2399 1672 καὶ
2426 1619 2722 1688 γεννᾶσθαι
2759 1619 2920 1674 πάλιν
2968 1620 3026 1685 ἐξ
3066 1619 3283 1685 ἑαυτοῦ,
3317 1621 3596 1690 εἰληφέναι
3619 1619 3710 1671 λέ-

428 1708 610 1777 guitur
636 1722 700 1762 ex
731 1707 872 1777 ipso,
909 1707 1188 1778 accepisse
1214 1707 1282 1761 ab
1314 1707 1432 1777 ipso
1463 1708 1663 1763 dicitur
1691 1726 1706 1763 :
1732 1709 2008 1779 quomodo

2119 1725 2196 1776 γει
2229 1709 2361 1780 παρ’
2395 1707 2583 1774 αὑτοῦ,
2644 1706 2768 1773 πῶς
2791 1709 2891 1762 οὐκ
2957 1708 3158 1762 ἄτοπον
3197 1706 3270 1778 μὴ
3305 1709 3400 1761 καὶ
3464 1707 3625 1761 πλέον
3656 1725 3710 1761 τι

428 1815 535 1854 non
557 1798 848 1853 absurdum
875 1796 1036 1854 fuerit
1060 1797 1200 1854 nolle
1233 1798 1465 1866 amplius
1493 1797 1698 1869 aliquid
1733 1799 1800 1854 de
1830 1795 2010 1854 Verbo

406 1891 542 1957 Dei,
579 1905 740 1960 quam
771 1891 838 1946 de
872 1890 973 1945 hoc
1011 1888 1257 1960 exemplo
1293 1888 1650 1960 intelligere?
1699 1888 1834 1945 Cum
1862 1889 2008 1945 enim

426 1983 602 2036 omnia
641 1981 962 2037 naturaliter
995 1981 1192 2036 habeat
1225 1996 1294 2036 ex
1325 1981 1508 2046 Patre,
1540 1982 1828 2051 accepisse
1851 1997 1912 2038 se
1939 1997 2009 2037 ex

427 2077 544 2146 ipso
571 2075 722 2139 dicit,
753 2075 880 2146 quia
907 2088 974 2130 ex
1015 2073 1130 2143 ipso
1171 2071 1387 2143 genitus
1412 2084 1495 2129 est
1525 2112 1540 2139 ,
1592 2089 1718 2130 cum
1759 2073 2012 2131 omnibus

426 2183 546 2237 qum
574 2167 755 2222 habet.

425 2278 658 2340 ALIUD,
687 2279 739 2332 in
763 2277 899 2332 illud
937 2293 956 2331 :
991 2295 1008 2328 ι
1035 2277 1176 2331 Data
1205 2288 1280 2333 est
1303 2279 1432 2332 mihi
1453 2279 1623 2333 omnis
1645 2286 1876 2346 potestas
1905 2277 1948 2338 ⁸,
1985 2295 2002 2326 ι

494 2363 565 2412 et,
606 2369 622 2400 ι
663 2348 918 2417 Cleri/ica
951 2346 1149 2401 Filium
1185 2360 1329 2402 tuum
1365 2349 1425 2404 ’τ
1467 2368 1485 2400 ι
1539 2358 1629 2401 aut
1656 2346 2010 2417 universalia:

495 2423 560 2490 de
603 2437 663 2473 eo
706 2416 844 2490 quod
892 2417 1241 2488 gloriﬁcatur,
1281 2427 1330 2473 et
1397 2436 1466 2472 an
1513 2417 1721 2486 aliquid
1781 2416 2011 2486 accipiat

502 2487 702 2546 Filius.

498 2627 664 2682 Filius
689 2625 1089 2695 Dei,quatenus
1123 2621 1358 2677 Verbum
1384 2629 1488 2686 est,
1522 2636 1626 2675 non
1663 2621 1785 2676 ideo
1808 2621 1944 2692 petit
1979 2635 2007 2674 a

428 2720 614 2787 Patre,
653 2720 736 2774 vel
765 2717 964 2787 alioqui
1010 2717 1260 2786 accipere
1290 2714 1510 2779 dicitur,
1545 2715 1688 2784 quod
1723 2725 1816 2768 aut
1842 2714 2010 2785 gloria

430 2820 524 2866 aut
563 2811 665 2864 alia
695 2810 949 2880 quapiam
995 2822 1056 2862 re
1086 2815 1267 2877 egeat,
1297 2807 1392 2862 sed
1428 2805 1640 2860 ratione
1683 2805 2012 2861 incarnatio-

433 2905 518 2958 nis
539 2902 643 2958 hoc
664 2901 812 2957 facit.
835 2898 1043 2968 Accipit
1063 2899 1206 2953 enim
1234 2909 1481 2980 respectu
1502 2898 1752 2952 humana:
1777 2908 2008 2964 natura},

431 2995 554 3064 quia
593 2993 745 3048 nobis
775 2990 966 3046 similis
1001 2989 1177 3044 factus
1208 2998 1312 3044 est.
1347 2989 1602 3043 Abundat
1634 2989 1796 3059 227
1827 2997 2010 3042 autem

2115 1797 2210 1852 τοῦ
2238 1799 2679 1872 παραδείγματος
2698 1801 2839 1853 νοεῖν
2875 1799 2972 1853 ἐπὶ
3004 1798 3098 1852 τοῦ
3130 1798 3265 1852 Θεοῦ
3289 1799 3463 1868 Λόγου
3485 1818 3499 1866 ;
3523 1800 3710 1854 Πάντα

2117 1892 2226 1964 γὰρ
2259 1890 2398 1962 ἔχων
2451 1891 2694 1962 φυσικῶς
2746 1893 2811 1945 ὲκ
2847 1890 3085 1963 Πατρὺς,
3129 1891 3408 1963 εἰληφέναι
3443 1893 3608 1962 φησὶν
3651 1891 3715 1957 ἐξ

2118 1981 2282 2037 αὑτοῦ
2309 1983 2400 2037 διὰ
2439 1983 2500 2038 τὸ
2555 1983 2614 2051 ἐξ
2662 1981 2829 2038 αὑτοῦ
2881 1983 3263 2054 γεγεννῆσθαι,
3307 1984 3446 2054 μετὰ
3495 1985 3712 2038 πάντων

2119 2069 2194 2129 ὧν
2233 2075 2370 2148 ἔχει.

2118 2279 2322 2342 ΑΛΛΟ,
2362 2279 2450 2344 εἰς
2482 2277 2570 2342 τὸ,
2597 2294 2616 2329 ι
2653 2276 2862 2346 Ἐδόθη
2884 2293 2986 2344 μοι
3007 2275 3176 2332 πᾶσα
3212 2277 3484 2341 ἐξουσία·
3524 2295 3541 2328 ι
3586 2273 3712 2341 καί,

2195 2367 2213 2400 ι
2252 2349 2529 2413 Δόξασόν
2549 2363 2668 2402 σου
2703 2347 2810 2400 τὸν
2852 2347 3007 2411 Υιὸν,
3041 2366 3058 2398 ι
3094 2348 3133 2414 ἢ
3172 2349 3270 2400 καὶ
3323 2349 3712 2400 καθολικώτε-

2182 2435 2320 2544 {ipsa
2357 2417 2628 2487 περὶτοῦ
2683 2415 3034 2482 δοξάζεσθαι
3085 2419 3124 2484 ἢ
3173 2417 3458 2488 δέχεσθαί
3499 2435 3554 2471 τι
3605 2418 3714 2471 τὸν

2290 2504 2347 2542 ν.

2290 2504 2347 2542 ν.

2189 2627 2306 2681 Οὐκ
2336 2625 2395 2679 ὲν
2420 2625 2581 2697 χρείᾳ
2612 2625 2770 2696 δόξης
2794 2625 2828 2695 ἢ
2865 2625 3055 2696 ἐτέρου
3107 2623 3252 2688 τινὸς
3297 2622 3655 2694 καθεστηκὼς
3679 2629 3708 2682 ό

2119 2718 2268 2782 Υἱὸς,
2363 2717 2536 2788 Λόγος
2567 2717 2736 2781 ἐστὶν,
2781 2717 2921 2770 αἰτεῖ
2949 2716 3101 2788 παρὰ
3144 2715 3238 2770 τοῦ
3278 2700 3512 2788 Πατρδς,
3558 2717 3590 2786 ἢ
3619 2719 3712 2768 καὶ

2118 2809 2419 2880 λαμὸάνειν
2469 2808 2708 2878 λέγεται,
2739 2807 3103 2879 οἰκονομικῶς
3140 2807 3196 2860 δὲ
3229 2806 3388 2860 τοῦτο
3420 2808 3583 2859 ποιεῖ.
3622 2805 3713 2859 Ad-

2119 2916 2277 2968 χεται
2315 2899 2413 2969 μὲν
2456 2897 2566 2970 γὰρ
2594 2897 2953 2968 ἀνθρωπίνως
2999 2897 3170 2951 διὰτὸ
3201 2898 3384 2968 σχῆμα
3430 2897 3528 2967 τῆς
3574 2897 3711 2968 πρὸς

2117 2989 2269 3059 ἡμᾶς
2289 2985 2624 3057 ὁμοιώσεως.
2661 2988 2818 3040 Ἔστι
2846 2987 2904 3040 δὲ
2938 2986 3151 3058 πλήρης
3181 2986 3257 3049 ὡς
3290 2985 3442 3048 Θεός.
3495 2985 3710 3056 Ἐπειδὴ

431 3083 681 3138 omnibus
716 3090 772 3134 ut
799 3079 956 3134 Deus.
975 3079 1107 3134 Cum
1142 3077 1289 3134 enim
1325 3077 1492 3142 solus,
1512 3093 1575 3132 ac
1603 3092 1700 3146 per
1727 3092 1784 3132 se
1824 3077 2009 3141 homo,

2119 3080 2230 3151 γὰρ
2265 3079 2426 3150 μόνος
2460 3079 2555 3133 καὶ
2583 3079 2705 3134 καθ’
2733 3078 2924 3132 ἑαυτὸν
2974 3081 3003 3133 ό
3051 3077 3356 3148 ἄνθρωπος,
3393 3078 3496 3132 κάν
3523 3077 3710 3130 τιτῶν

437 3173 650 3231 tametsi
671 3171 876 3242 aliquid
899 3171 1027 3226 boni
1049 3187 1078 3225 a
1103 3171 1214 3225 Deo
1239 3170 1531 3240 acceperit,
1549 3168 1708 3224 facile
1722 3169 1822 3223 hoc
1839 3167 2014 3238 ipsum

433 3267 633 3320 amittit
649 3264 814 3337 (quod
832 3263 1046 3334 quidem
1066 3271 1120 3318 et
1134 3261 1306 3316 Adam
1333 3276 1624 3331 perpessus
1644 3258 1770 3332 est),
1789 3259 2016 3315 destitu-

435 3365 523 3408 tus
548 3367 647 3422 per
681 3351 1110 3408 inobedientiam
1132 3365 1194 3406 ea
1214 3350 1388 3421 gratia
1425 3364 1544 3419 qua:
1562 3349 1711 3419 prius
1730 3349 1804 3404 illi
1822 3348 2015 3405 collata

434 3447 640 3502 fuerat:
663 3446 1034 3501 necessarium
1053 3443 1276 3499 omnino
1301 3444 1422 3508 fuit,
1441 3459 1510 3498 ne
1538 3457 1728 3498 rursus
1752 3443 1804 3498 in
1827 3441 2015 3498 eadem

436 3537 824 3599 iucideremus.
860 3547 920 3594 ut
944 3534 1284 3590 immutabile
1319 3534 1412 3590 Dei
1443 3533 1686 3590 Verbum
1732 3533 1894 3588 homo
1937 3531 2017 3585 fa-

435 3639 580 3686 ctum
596 3637 807 3698 peteret
826 3643 854 3681 a
879 3626 1045 3682 Patre
1063 3627 1206 3683 dona
1232 3641 1355 3696 quia
1370 3627 1441 3682 ab
1465 3626 1554 3682 illo
1572 3625 2014 3696 proficiscuntur;

439 3732 497 3777 ut
539 3737 634 3790 per
683 3717 862 3788 ipsum
899 3719 952 3774 in
999 3733 1161 3790 quem
1219 3719 1369 3773 nulla
1419 3717 1647 3774 mutatio
1697 3715 2018 3772 alteratiove

437 3813 596 3877 cadit,
632 3810 684 3866 in
713 3819 897 3866 nostra
931 3812 1094 3865 etiam
1132 3819 1325 3866 natura
1371 3811 1560 3866 eadem
1617 3809 1761 3865 dona
1794 3807 2015 3864 stabili-

438 3912 630 3958 rcntur
653 3909 816 3974 atque
857 3900 1333 3957 conﬁrmarentur.
1387 3899 1573 3957 Gratia
1625 3899 1772 3954 enim
1801 3897 2010 3968 princi-

435 3995 582 4061 pium
617 3998 814 4059 nacta',
872 3991 1101 4048 firmiter
1153 3992 1209 4046 in
1265 3991 1486 4047 Christo
1523 3999 1746 4056 manet;
1791 3989 2017 4058 ipseque

434 4084 845 4142 similitudinem
898 4085 950 4138 in
1003 4099 1104 4140 nos
1153 4097 1371 4152 quoque
1415 4079 1740 4136 transmittit
1774 4097 1787 4132 :
1823 4093 2015 4134 omnes

436 4182 584 4236 enim
618 4180 671 4234 in
706 4179 824 4249 ipso
854 4193 1065 4244 sumus,
1111 4187 1382 4248 quatenus
1413 4177 1578 4232 homo
1625 4175 1802 4232 factus
1849 4185 1932 4232 est
1962 4185 2019 4232 et

437 4273 684 4326 eamdem
715 4285 879 4340 quam
923 4285 1021 4324 nos
1051 4284 1270 4325 carnem
1301 4267 1554 4338 gestavit.
1603 4265 1739 4322 Nam
1779 4269 1882 4324 hac
1928 4283 2016 4322 ra-

439 4365 589 4418 tione
633 4371 688 4417 et
731 4361 948 4429 fratres,
991 4372 1047 4417 et
1087 4376 1254 4416 unum
1299 4375 1421 4415 cum
1471 4374 1539 4414 eo
1589 4358 1717 4415 facti
1759 4359 2013 4416 dicimur.

2125 3167 2348 3238 ἀγαθῶν
2382 3167 2534 3238 παρὰ
2561 3166 2697 3221 Θεοῦ
2731 3167 2895 3240 λάϐῃ,
2940 3167 3098 3221 τοῦτο
3139 3167 3337 3240 ῥᾳδίως
3360 3166 3622 3222 ἀπολλύει
3654 3167 3711 3233 (ὃ

2123 3263 2187 3333 δὴ
2217 3263 2311 3314 καὶ
2341 3259 2607 3314 πέπονθεν
2650 3260 2850 3330 Ἀδὰμ)
2877 3303 2892 3326 ,
2952 3261 3046 3314 καὶ
3083 3259 3291 3330 γυμνὸς
3317 3260 3383 3313 ὲκ
3422 3258 3710 3330 παρακοῆς

2124 3347 2339 3426 ἐδείχθη
2368 3353 2468 3422 τῆς
2521 3351 2878 3424 προτεθείσης
2923 3351 3072 3423 αὑτῷ
3109 3353 3350 3424 χάριτος,
3412 3352 3710 3421 ἀναγκαῖον

2123 3440 2212 3516 ἦν,
2272 3445 2359 3498 ἵνα
2405 3443 2480 3515 μὴ
2538 3443 2700 3496 πάλιν
2757 3447 2870 3507 τοῖς
2925 3445 3106 3507 αὐτοῖς
3162 3443 3572 3516 περιπέσωμεν,
3620 3441 3710 3497 τὸν

2123 3536 2396 3608 ἄτρεπτον
2425 3535 2520 3590 τοῦ
2564 3534 2698 3588 Θεοῦ
2727 3535 2899 3604 Λόγον
2945 3535 3238 3606 γενόμενον
3290 3535 3595 3606 ἄνθρωπον,
3629 3536 3712 3588 αἰ-

2122 3628 2284 3698 τῆσαι
2309 3627 2464 3700 παρὰ
2482 3626 2577 3680 τοῦ
2606 3626 2819 3698 Πατρὺς
2862 3626 2932 3681 τά
2957 3624 3017 3692 ἐξ
3049 3628 3213 3682 αὐτοῦ
3261 3627 3594 3698 χαρίσματα·
3626 3628 3710 3680 ἵνα

2123 3719 2191 3772 δι’
2229 3718 2394 3774 αὐτοῦ
2459 3717 2651 3788 βέϐαια
2686 3720 2752 3789 τῇ
2813 3719 3064 3791 ἡμετέρᾳ
3117 3719 3276 3788 φύσει
3338 3718 3710 3789 φυλάττηται,

2123 3810 2396 3882 ἀτρέπτου
2427 3810 2524 3861 καὶ
2549 3807 2913 3862 ἁναλλοιώτου
2936 3810 3315 3881 τυγχάνοντος.
3359 3809 3560 3881 Ἀρχὴν
3603 3809 3712 3882 γὰρ

2123 3903 2156 3972 ή
2191 3900 2352 3972 χάρις
2379 3899 2644 3966 λαϐοῦσα,
2704 3901 2857 3970 μένει
2889 3901 2992 3972 μὲν
3047 3901 3305 3972 ἀσφαλῶς
3344 3903 3402 3954 έν
3452 3900 3709 3973 Χριστῷ,

2124 3992 2487 4064 παραπέμπει
2511 3991 2571 4046 δὲ
2593 3992 2756 4056 αὐτὸς
2800 3995 2896 4048 καὶ
2923 3996 3004 4060 είς
3033 3995 3181 4067 ἡμᾶς
3201 3995 3300 4068 τὴν
3325 3995 3605 4065 ὁμοίωσιν·
3629 3995 3712 4046 ὅτι

2125 4085 2325 4147 πάντες
2358 4083 2528 4154 ἐσμὲν
2559 4083 2616 4137 ἐν
2645 4084 2817 4157 αὐτῷ,
2854 4087 2992 4140 καθὸ
3041 4085 3332 4158 ἄνθρωπος
3369 4087 3582 4157 γέγονε,
3619 4087 3712 4139 καὶ

2122 4174 2220 4246 τὴν
2253 4175 2424 4247 αὐτὴν
2457 4177 2591 4246 ἡμῖν
2617 4177 2844 4249 ὲφόρεσε
2882 4178 3080 4250 σάρκα.
3108 4177 3267 4234 Οὕτω
3299 4179 3408 4251 γὰρ
3437 4181 3531 4234 καὶ
3559 4177 3712 4232 ἁδελ-

2125 4265 2216 4336 φοὶ
2245 4265 2342 4318 καὶ⁸
2371 4264 2431 4319 ἓν
2459 4266 2534 4330 ὡς
2565 4267 2704 4340 πρὸς
2732 4267 2864 4322 Θεὸν
2897 4269 3260 4340 γεγεννῆσθαι
3282 4267 3574 4340 λεγόμεθα.
3613 4269 3712 4322 Al-

2123 4361 2206 4414 τεῖ
2235 4359 2416 4414 τοίνυν
2450 4359 2544 4413 καὶ
2585 4359 2804 4430 δέχεται
2841 4359 2994 4430 παρὰ
3036 4359 3132 4415 τοῦ
3173 4359 3387 4431 Πατρὺς
3426 4359 3495 4412 δι’
3527 4358 3707 4429 ἡμᾶς,

442 4455 584 4510 Petit
615 4452 800 4522 itaque
853 4459 910 4507 et
937 4451 1134 4522 accipit
1185 4467 1215 4506 a
1272 4451 1432 4508 Patre
1473 4461 1694 4522 propter
1736 4466 1852 4518 nos,
1898 4468 2014 4523 qua:

2121 4450 2266 4523 άπερ
2290 4450 2404 4520 ἔχει
2455 4449 2554 4521 μὲν
2592 4449 2862 4520 φυσικῶς,
2926 4451 3003 4515 ὡς
3036 4450 3198 4513 Θεός·
3231 4449 3420 4521 ἐπειδὴ
3453 4449 3510 4503 δὲ
3531 4449 3709 4519 σάρκα

442 4547 559 4616 ipse
584 4545 746 4600 habet
769 4543 1116 4610 naturaliter,
1156 4553 1215 4598 ut
1245 4544 1414 4598 Deus.
1459 4543 1594 4599 Cum
1623 4557 1754 4598 vero
1796 4558 2014 4598 carnem

2120 4543 2216 4598 τοῦ
2275 4541 2593 4610 δοξάζεσθαι
2642 4543 2950 4616 χρῄζουσαν
2974 4543 3154 4610 ἔλαϐε,
3217 4544 3310 4596 καὶ
3365 4543 3465 4613 οὐχ
3521 4540 3709 4614 ἑτέρου

441 4637 755 4708 assumpsit.
798 4650 917 4706 qua:
967 4635 1359 4706 gloriﬁcatione
1403 4636 1640 4704 egebat,
1693 4644 1856 4704 atque
1905 4635 2014 4690 tunc

2120 4635 2288 4700 τινος,
2315 4635 2430 4689 ἀλλ’
2455 4635 2620 4690 αὑτοῦ
2647 4637 2869 4707 γέγονεν
2897 4635 3036 4708 αὕτη
3060 4677 3076 4700 ,
3107 4636 3335 4700 εἰκότως
3377 4637 3711 4690 ἰδιοποιεῖται

443 4731 657 4802 quidem
687 4745 795 4786 non
823 4729 1049 4784 alterius
1077 4727 1400 4799 cuiuspiam,
1449 4729 1542 4784 sed
1579 4743 1673 4783 sua
1706 4728 1847 4784 facta
1882 4739 1966 4784 est
2000 4745 2014 4784 :

2119 4727 2188 4781 τὰ
2210 4731 2290 4792 εἰς
2318 4728 2490 4801 αὐτὴν
2519 4730 2553 4800 ἦ
2579 4729 2709 4801 περὶ
2739 4729 2910 4800 αὐτὴν
2932 4728 3216 4798 γινόμενα,
3262 4728 3357 4782 καὶ
3385 4727 3461 4792 ὡς
3495 4727 3709 4798 ἄνθρω-

443 4826 639 4880 tnerilo
665 4823 768 4879 sibi
803 4821 1051 4877 vindicat
1102 4829 1264 4889 atque
1289 4819 1534 4890 adiungit
1556 4860 1572 4884 ,
1601 4835 1722 4889 qua:
1777 4820 1828 4875 iu
1869 4819 2014 4876 illam

2121 4839 2222 4885 πος
2257 4821 2330 4892 μὴ
2355 4821 2516 4892 ἔχων,
2550 4822 2768 4893 δέχεται
2826 4821 2976 4892 παρὰ
3023 4819 3120 4875 τοῦ
3173 4818 3392 4892 Πατρδς
3421 4819 3566 4894 άπερ
3595 4818 3710 4892 ἔχει

443 4921 499 4968 et
527 4915 672 4970 circa
703 4914 848 4970 illam
879 4912 1036 4978 ﬁunt,
1083 4920 1138 4968 et
1160 4920 1219 4967 ut
1240 4911 1404 4966 homo
1432 4926 1537 4964 non
1563 4911 1787 4973 habens.
1821 4913 2014 4984 accipit

2127 4910 2393 4982 φυσικῶς,
2424 4912 2500 4976 ὡς
2533 4911 2662 4976 Υἱὸς
2693 4912 2789 4966 καὶ
2811 4911 2962 4976 Θεός.

444 5020 476 5060 a
504 5005 666 5060 Patre
695 5020 814 5076 qua:
841 5003 1164 5060 naturaliter
1195 5002 1358 5058 habet
1387 5011 1442 5056 ut
1467 5000 1637 5056 Filius
1665 5013 1719 5057 et
1751 5000 1910 5058 Deus.

1115 5115 1154 5168 A
1163 5112 1272 5168 ιιι]
1284 5112 1341 5166 D.

2808 5109 3013 5164 ΑΔΛΟ.

521 5225 579 5281 Si
610 5223 842 5282 Verbum
875 5225 969 5281 Dei
996 5224 1195 5281 factum
1226 5232 1310 5280 est
1339 5225 1521 5288 homo,
1583 5233 1639 5278 ut
1677 5227 1899 5281 omnino
1939 5227 2014 5282 fa-

2193 5229 2256 5282 El
2288 5226 2512 5296 γέγονεν
2558 5224 2846 5296 ἄνθρωπος
2891 5226 2919 5278 ὁ
2955 5223 3048 5278 τοῦ
3098 5223 3236 5278 Θεοῦ
3274 5224 3469 5294 Λόγος,
3519 5223 3713 5292 γέγονε

450 5326 598 5371 οιιιιιι
633 5323 718 5372 est
739 5316 808 5380 ‘°,
839 5330 1016 5386 neque
1035 5330 1362 5387 quemquam
1395 5329 1592 5386 negare
1609 5316 1868 5382 arbitror,
1895 5317 2014 5386 quid

2121 5321 2198 5386 δὲ,
2232 5320 2328 5374 καὶ
2358 5320 2604 5390 ἀντερεῖν
2632 5311 2788 5388 οἶμαι
2826 5315 3051 5388 μηδένα,
3100 5316 3156 5369 τί
3193 5316 3255 5370 τὸ
3286 5315 3586 5371 άναπεῖθόν
3629 5334 3714 5370 τι-

447 5407 696 5475 estquod
726 5407 1011 5462 nonnullos
1040 5418 1238 5474 meret,
1299 5416 1358 5461 ut
1384 5421 1508 5460 eum
1553 5407 1802 5463 humanis
1841 5408 2014 5464 verbis

2122 5428 2240 5478 νας,
2277 5409 2353 5480 μὴ
2383 5407 2702 5480 ἐπιτρέπειν
2730 5405 2882 5478 αὗτῷ
2914 5409 3034 5470 ταῖς
3082 5405 3373 5478 ἀνθρώπου
3404 5406 3714 5479 κεχρῆσθαι

450 5501 530 5554 uti
559 5509 664 5552 non
693 5495 1044 5566 permittant?
1068 5497 1202 5556 Nam
1228 5498 1318 5570 qui
1347 5512 1461 5553 rem
1493 5496 1665 5567 ipsam
1695 5498 1879 5556 subire
1909 5515 2014 5556 non

2126 5505 2364 5575 φωναῖς;
2422 5501 2483 5555 'U
2517 5499 2626 5570 γὰρ
2673 5498 2806 5554 αὐτὸ
2842 5500 2903 5554 τὸ
2948 5499 3183 5571 πρᾶγμα
3224 5497 3300 5571 μὴ
3341 5497 3555 5570 φυγὼν,
3597 5497 3714 5554 ἀλλ’

522 5677 546 5712 ⁸
576 5673 764 5736 Matth.
789 5689 983 5746 xxvnl,
1017 5677 1104 5735 I8.
1172 5681 1203 5715 ’ν
1235 5675 1389 5735 Joan.
1435 5692 1568 5747 χιιι,
1604 5678 1651 5733 Ι.
1734 5678 1776 5711 ⁸ο
1808 5675 1966 5735 Joan.
2000 5692 2038 5748 ι,
2074 5678 2157 5735 Η.
