4058 6206
298 269 413 326 385

1742 261 2193 321 TllESAURUS.

3458 268 3567 324 $86

296 390 379 450 είς
411 382 686 454 τοσαύτην
712 382 904 436 ἑαυτὸν
936 368 1267 440 ταπείνωσιν
1300 387 1652 455 καταγαγὼν,
1689 386 1788 439 οὐκ
1820 386 1886 439 ἂν

1995 382 2265 439 recusavit
2289 419 2304 448 ,
2333 382 2430 438 sed
2478 382 2535 437 in
2558 389 2762 438 tantam
2794 382 3153 440 humilitatem
3192 398 3253 440 se
3303 385 3524 443 demisit
3552 432 3565 452 .

296 479 472 547 ἔφυγε
517 475 581 529 τὸ
623 478 683 530 ἐν
720 474 899 544 λόγοις
943 475 1141 528 ἐαυτοῦ
1172 476 1456 545 φαίνεσθαι
1499 476 1882 549 μετριώτερος.

298 569 360 623 El
416 568 518 639 μὲν
566 562 661 621 οὖν
710 567 772 620 οὐ
826 565 1049 635 γέγονεν
1082 566 1389 638 ἄνθρωπος,
1434 569 1886 641 περιαπτέτωσάν

296 676 445 723 τινες
483 657 565 728 τῷ
610 657 770 726 Λόγῳ
797 658 869 710 τά
908 656 1140 711 ταπεινὰ
1169 660 1412 730 ῥήματα,
1448 660 1542 713 καὶ
1578 659 1886 726 λεγέτωσαν

297 751 464 806 αὑτὸν
498 751 596 803 καὶ
626 749 840 817 ἀγνοεῖν
870 749 965 802 καὶ
1004 749 1164 820 δόξης
1211 750 1454 822 χρῄζειν,
1499 751 1594 804 καὶ
1635 748 1886 821 δέχεσθαί

295 860 348 895 τι
401 841 559 913 παρὰ
603 840 697 894 τοῦ
739 840 970 911 Πατρός.
1026 841 1090 895 Εἰ
1147 839 1204 894 δὲ
1294 841 1517 910 γέγονεν
1573 840 1884 912 ἄνθρωπος,

298 932 547 986 εστωσαν
602 932 703 999 τῆς
736 930 1158 1001 ἀνθρωπότητος
1192 931 1249 984 αἱ
1299 932 1499 1001 φωναὶ,
1548 932 1645 985 καὶ
1695 930 1885 1003 μηδεὶς

301 1023 709 1095 συκοφαντείτω
735 1022 828 1075 τὸν
854 1022 950 1076 τοῦ
986 1022 1121 1076 Θεοῦ
1143 1022 1335 1091 Λόγον,
1363 1022 1438 1086 ὡς
1469 1023 1569 1077 οὐκ
1606 1023 1798 1094 ἔχοντα
1822 1022 1885 1075 τὸ

298 1116 531 1183 τέλειον,
573 1114 763 1186 ὥσπερ
815 1116 841 1167 6
888 1115 1116 1187 Πατήρ·
1172 1114 1306 1186 μηδὲ
1356 1114 1626 1185 ύϐριζέτω
1679 1114 1741 1168 τὸ
1790 1113 1884 1168 τοῦ

299 1208 439 1263 Θεοῦ
470 1208 697 1279 γνήσιον
729 1205 996 1277 γέννημα.

988 1320 1190 1374 ΛΛΛΟ.

367 1414 483 1485 Ούχ
508 1413 539 1466 6
558 1410 652 1466 τοῦ
680 1410 815 1466 Θεοῦ
843 1412 1033 1480 Λόγος,
1124 1413 1294 1480 Λόγος
1316 1413 1450 1479 ἐστὶ,
1485 1412 1763 1479 δοξάζεται
1792 1414 1886 1467 καὶ

298 1504 516 1575 δέχεταί
555 1521 609 1556 τι
640 1502 795 1573 παρά
819 1501 913 1556 τοῦ
947 1502 1179 1573 Πατρός,
1220 1503 1252 1573 ἢ
1283 1505 1377 1558 καὶ
1414 1505 1734 1572 ἁγιάζεται,
1770 1504 1884 1558 ἀλλ’

303 1597 462 1666 ημεῖς
487 1597 547 1648 ἐν
578 1595 748 1665 αὐτῷ·
786 1595 882 1647 καὶ⁸
902 1594 969 1648 δι’
1001 1584 1147 1665 ἡμᾶς
1177 1597 1295 1658 ταῖς
1320 1595 1595 1659 τοιαύταις
1633 1597 1794 1661 αὐτός
1824 1614 1884 1649 τε

1988 487 2093 527 non
2124 471 2407 528 abhorruit
2440 470 2510 526 ab
2544 470 2850 540 huiusmodi
2885 472 3168 531 moderato
3199 484 3361 545 atque
3389 476 3567 532 humi-

1988 562 2124 620 liore
2152 563 2411 633 loquendi
2445 578 2660 635 genere.
2711 566 2781 619 At
2815 579 2946 621 vero
2980 565 3024 621 si
3057 566 3219 622 homo
3250 568 3424 623 factus
3465 583 3568 623 llOll

1988 662 2072 711 est
2097 695 2113 721 ,
2150 656 2400 711 tribuant
2436 655 2679 710 nonnulli
2717 654 2895 711 Verbo
2943 656 3177 714 humiles
3235 659 3370 714 istas
3412 659 3559 713 locn-

1990 748 2184 810 tiones,
2220 746 2514 815 dicanlque
2541 746 2716 816 ipsum
2750 755 2805 800 et
2858 747 3111 818 ignorare
3134 790 3150 817 ,
3186 758 3241 805 ct
3287 750 3459 820 gloria
3490 750 3571 802 in-

1988 836 2194 906 digere,
2236 843 2400 905 atque
2424 836 2627 908 aliquid
2659 852 2689 892 a
2723 838 2887 893 Patre
2913 840 3181 910 accipere.
3227 840 3337 896 Sed
3383 842 3429 897 si
3484 839 3569 893 la-

1989 934 2136 980 ctum
2161 936 2244 980 est
2267 928 2450 990 homo,
2475 927 2582 981 sint
2606 928 2720 983 haec
2742 929 2905 983 verba
2929 929 3182 985 humanae
3199 940 3410 986 natura:
3436 946 3567 985 cnn-

1987 1015 2258 1070 venientia
2293 1032 2306 1068 :
2338 1024 2393 1071 et
2416 1031 2578 1071 nemo
2610 1015 2976 1073 calumnietur
3017 1017 3257 1073 Verbum
3291 1020 3407 1086 Dei,
3435 1030 3558 1074 tan—

1986 1118 2148 1173 quam
2181 1118 2287 1159 non
2314 1105 2604 1160 habentem
2627 1120 2748 1159 eam
2772 1105 3183 1176 perfectionem,
3209 1123 3372 1179 quam
3400 1108 3566 1163 habet

1985 1194 2147 1251 Pater
2177 1210 2191 1248 :
2227 1211 2403 1268 neque
2428 1212 2557 1254 vero
2591 1197 2687 1253 Dei
2712 1197 2850 1253 Filio
2866 1200 3259 1257 contumeliose
3285 1201 3563 1256 insultent.

2655 1308 2885 1366 ALIUD.

2041 1399 2279 1457 Verbum
2315 1400 2434 1467 Dei,
2490 1409 2763 1472 quatenus
2803 1403 3035 1459 Verbum
3080 1414 3184 1471 est,
3241 1422 3413 1479 neque
3452 1409 3566 1480 glo-

1988 1495 2145 1557 riam,
2171 1506 2344 1564 neque
2374 1492 2517 1547 aliud
2546 1493 2841 1564 quidquam
2874 1509 2903 1549 a
2936 1495 3097 1551 Patre
3129 1498 3346 1568 accipit,
3391 1514 3567 1571 neque

1987 1584 2398 1651 sanctiﬁcatur;
2441 1585 2536 1639 sed
2569 1601 2668 1642 nos
2699 1587 2751 1641 in
2781 1588 2901 1658 ipso
2940 1604 2956 1644 :
2997 1600 3051 1642 et
3076 1599 3296 1658 propter
3339 1606 3462 1657 nos,
3511 1603 3569 1648 et

301 1688 579 1757 ἐχρήσατο
604 1689 831 1755 φωναῖς,
859 1686 953 1739 καὶ
1004 1688 1037 1757 ἡ
1089 1685 1208 1740 Θεία
1258 1687 1449 1759 Γραφὴ
1493 1687 1718 1742 τοιαῦτά
1765 1707 1885 1742 τινα

1995 1676 2105 1747 ipse
2129 1674 2462 1744 ejuscemodi
2488 1676 2671 1732 verbis
2720 1677 2934 1745 utitur,
2984 1689 3040 1734 et
3084 1694 3239 1735 sacra
3286 1679 3567 1751 Scriptura

299 1779 605 1850 λέγειπερὶ
640 1777 827 1833 αὑτοῦ.
871 1779 933 1831 Εἰ
976 1778 1106 1849 γάρ,
1147 1778 1330 1843 καθὼς
1366 1780 1569 1833 οῐονταί
1600 1798 1764 1845 τινες,
1804 1783 1884 1844 είς

306 1872 389 1925 τὸν
420 1872 515 1925 τοῦ
546 1869 681 1925 Θεοῦ
705 1870 877 1938 Λόγον
915 1870 1208 1941 ἀναφέρειν
1246 1870 1350 1942 χρὴ
1386 1873 1455 1925 τά
1484 1871 1728 1935 τοιαῦτα,
1755 1873 1885 1941 όρά-

299 1978 483 2015 τωσαν
522 1962 597 2032 μὴ
657 1962 751 2013 καὶ
792 1960 883 2015 τὸν
928 1962 1023 2032 τῆς
1068 1962 1362 2034 ἐπιδημίας
1399 1964 1598 2035 τρόπον
1640 1964 1883 2018 ποιοῦσιν

298 2048 492 2119 ἀργὸν,
523 2048 619 2101 καὶ
650 2050 747 2120 τῆς
779 2049 931 2121 παρά
960 2049 1094 2104 Θεοῦ
1124 2052 1342 2123 χάριτος
1371 2053 1575 2125 ἔρημον
1603 2055 1757 2125 ἡμῶν
1788 2055 1884 2126 τὴν

299 2140 466 2208 φύσιν
501 2138 968 2194 ἀποδεικνύουσιν.
1024 2142 1083 2194 Ei
1113 2141 1220 2212 γὰρ
1247 2144 1275 2195 6
1308 2142 1479 2211 Λόγος
1509 2144 1656 2196 ἐστὶν
1678 2147 1705 2198 6
1730 2142 1884 2209 δοξα-

302 2229 455 2293 σθεὶς
495 2228 589 2283 καὶ
621 2230 903 2297 άγιασθεὶς
928 2230 1071 2285 κατά
1097 2231 1196 2301 τὴν
1235 2230 1484 2302 θεότητα,
1524 2234 1654 2287 ποία
1692 2234 1882 2303 γέγονε

297 2322 413 2383 τοῖς
462 2317 775 2391 ἀνθρώποις
827 2322 860 2390 ἡ
907 2320 1112 2390 ὄνησις,
1166 2321 1230 2373 ἐκ
1278 2320 1373 2373 τοῦ
1427 2321 1676 2389 γενέσθαι
1724 2324 1886 2376 αὐτὸν

297 2410 630 2482 ἄνθρωπον;
673 2410 923 2464 Φαίνεται
949 2409 1058 2481 γὰρ
1094 2410 1259 2473 αὐτὸς
1296 2411 1534 2473 ἀναστὰς
1563 2412 1626 2465 ἐκ
1654 2411 1882 2481 νεκρῶν,

296 2503 397 2573 οὐχ
419 2504 606 2573 ἡμεῖς.
639 2502 703 2555 Τί
742 2502 799 2556 δὲ
830 2502 992 2557 αὑτὸν
1020 2501 1219 2555 ἔπεισε
1256 2503 1508 2572 γενέσθαι
1538 2505 1630 2557 καὶ
1667 2505 1881 2575 σάρκα;

298 2595 363 2648 Εἰ
423 2595 524 2665 μὲν
578 2594 709 2666 γὰρ,
755 2592 841 2648 ἵνα
889 2594 990 2666 τὴν
1036 2594 1325 2666 ἀνθρώπου
1381 2596 1543 2665 φύσιν
1603 2596 1883 2668 ὠφελήσῃ,

297 2686 473 2759 ἀργὸν
525 2688 648 2739 κατ’
700 2685 943 2749 ἐκείνους
987 2687 1048 2739 τὸ
1094 2688 1466 2757 ἐπιχείρημα’
1516 2687 1666 2739 οὐδὲν
1705 2687 1813 2759 γάρ
1851 2690 1884 2758 ἡ

302 2778 442 2851 σὰρξ
469 2777 815 2849 ὠφεληθεῖσα
841 2778 1114 2847 φαίνεται,
1152 2778 1290 2832 ἀλλά
1325 2778 1526 2849 μᾶλλον
1565 2779 1749 2842 αὑτός.
1777 2781 1887 2833 Καὶ

300 2871 350 2921 εἰ
396 2870 487 2922 ὅτε
522 2867 746 2937 γέγονεν
800 2866 1118 2949 ἄνθρωποςδ
1141 2868 1263 2921 τότε
1296 2868 1544 2936 φαίνεται
1590 2869 1685 2921 καὶ
1728 2866 1886 2933 δόξαν

298 2960 509 3024 λαϐὼν,
542 2960 637 3014 καὶ
672 2958 964 3030 ἁγιασμόν,
998 2960 1092 3013 καὶ¹
1120 2960 1386 3026 ἐξουσίαν,
1414 2960 1508 3014 καὶ
1534 2961 1631 3014 ὅσα
1662 2960 1887 3014 τοιαῦτα

202 3104 207 3105 ,
300 3054 534 3124 φέρεται
587 3052 715 3123 περὶ
762 3048 951 3114 αὑτοῦ,
1005 3051 1268 3122 πρόδηλόν
1314 3053 1462 3105 ἐστιν
1507 3053 1589 3106 ὅτι
1638 3053 1744 3125 πρὸ
1789 3053 1889 3123 τῆς
1917 3084 1964 3148 c

300 3141 600 3212 ἐπιδημίας
613 3140 819 3194 τούτων
845 3139 1050 3215 ἔρημος
1082 3139 1178 3206 ὢν,
1199 3142 1319 3195 κατ’
1337 3142 1597 3208 ἐκείνους,
1625 3142 1888 3214 λαμϐάνει

300 3235 480 3290 ταῦτα
522 3234 663 3288 κατὰ
692 3233 781 3286 τὸν
816 3232 916 3304 τῆς
968 3233 1262 3304 ἐπιδημίας
1312 3234 1521 3305 καιρόν.
1575 3234 1749 3305 Χάριν
1797 3229 1889 3289 οῦν

299 3326 638 3399 ὁμολογεῖται
675 3328 746 3397 τῇ
788 3325 970 3392 σαρκὶ,
1016 3324 1238 3395 βελτίων
1278 3324 1631 3397 ἀναδειχθεὶς,
1664 3328 1752 3380 ὅτε
1786 3342 1889 3380 πε-

303 3420 539 3491 φόρεκεν
562 3418 751 3489 αὐτὴν,
782 3416 843 3470 οὐ
874 3414 1168 3486 βελτιώσας
1190 3416 1378 3486 αύτήν.
1414 3416 1552 3469 Ἀλλ’
1589 3416 1705 3471 ἐστι
1732 3416 1888 3472 τοῦτο

304 3511 402 3566 καὶ
449 3511 669 3580 φρονεῖν
716 3508 810 3562 καὶ
842 3508 1021 3578 λέγειν
1057 3506 1503 3561 δυσσεϐέστατον.
1549 3509 1889 3580 Ἐπεδὴμησε

302 3604 419 3674 γὰρ
466 3602 555 3655 ἵνα
598 3600 799 3673 δοξάσῃ
826 3599 918 3653 τὸν
969 3599 1254 3671 ἄνθρωπον
1290 3600 1384 3651 καὶ
1437 3599 1658 3672 ἁγιάσῃ.
1713 3600 1825 3669 Ούχ
1862 3600 1891 3653 6

304 3695 481 3763 Λόγος
507 3693 616 3765 ἄρα
644 3692 792 3746 ἐστὶν
820 3694 848 3745 ό
874 3691 1161 3762 δεχόμενός
1190 3709 1242 3745 τι
1264 3706 1277 3721 ·
1310 3690 1512 3755 τέλειος
1542 3690 1672 3762 γὰρ,
1703 3688 1892 3762 ὥσπερ

304 3787 401 3839 καὶ
432 3788 461 3839 ό
501 3785 773 3856 γεννήσας
800 3783 982 3838 αὐτόν.
1031 3784 1171 3838 Ἀλλ’
1209 3786 1373 3856 ἡμεῖς
1403 3785 1460 3839 ἐν
1501 3784 1649 3856 αὐτῴ
1676 3783 1889 3856 λαμϐά-

298 3892 495 3947 νομεν,
528 3875 616 3929 ὅτε
665 3873 764 3946 τὴν
802 3876 1076 3947 ἡμετέραν
1135 3876 1359 3948 ἐφόρεσε
1410 3877 1592 3946 σάρκα
1620 3892 1633 3904 ·
1675 3875 1750 3940 ὡς
1790 3876 1898 3949 γὰρ

302 3968 641 4031 ἀναστάντος
656 3967 844 4034 αὑτοῦ,
868 3969 1026 4039 ἡμεῖς
1046 3966 1242 4039 ἀνέστη
1251 3986 1370 4040 μεν,
1391 3970 1478 4044 καῖ
1497 3968 1900 4048 ἀναϐεβηκότος

304 4060 477 4117 αὑτοῦ
512 4060 697 4124 πάλιν,
748 4062 829 4124 εἰς
868 4060 1131 4131 οὐρανοὺς
1165 4063 1292 4132 ἡμῖν
1341 4064 1375 4133 ἡ
1404 4061 1588 4126 ἄνοδος
1626 4061 1900 4116 ἀνεκαινί-

304 4152 415 4223 σοη
440 4169 454 4181 ·
498 4152 672 4216 οῦτως
706 4152 802 4205 καὶ
838 4149 1155 4217 δοξάζεσθαι
1200 4153 1293 4205 καὶ
1323 4152 1645 4222 ἀγιάζεσθαι
1675 4152 1901 4225 λεγομέ-

306 4261 432 4308 νου,
470 4245 635 4314 ἡμεῖς
665 4244 829 4314 ἐσμεν
858 4244 907 4297 οἱ
940 4241 1146 4296 τούτων
1179 4241 1563 4307 ἀπολαύοντες.

1995 1768 2120 1824 talia
2148 1770 2396 1839 quaedam
2440 1767 2509 1823 de
2549 1768 2667 1839 ipso
2697 1770 2849 1826 dicit.
2904 1770 2963 1825 Si
3002 1772 3170 1836 enim,
3227 1784 3286 1827 ut
3327 1774 3569 1830 nonnulli

1991 1862 2305 1930 opinantur,
2332 1857 2405 1912 ad
2430 1857 2668 1914 Verbum
2704 1860 2796 1916 Dei
2827 1859 3158 1931 ejusccmodi
3188 1863 3331 1917 dicta
3373 1862 3570 1920 referri

1992 1950 2211 2012 debent,
2238 1949 2541 2004 videantne
2569 1950 3001 2005 incarnationem
3035 1953 3207 2022 ipsam
3227 1954 3456 2009 otiosam
3484 1956 3568 2011 in-

1993 2038 2421 2108 frugil‘eramque
2461 2039 2682 2106 faciant,
2737 2046 2792 2095 et
2826 2050 3076 2095 naturam
3112 2052 3353 2098 nostram
3397 2045 3571 2115 gratia

1991 2129 2086 2184 Dei
2115 2146 2338 2185 vacuam
2372 2129 2667 2185 declarent.
2718 2127 2855 2185 Nam
2886 2132 2931 2187 si
2982 2132 3218 2188 Verbum
3261 2145 3370 2202 est,
3425 2137 3568 2205 quod

1993 2224 2045 2280 in
2076 2238 2174 2280 sua
2208 2224 2408 2280 deitate
2448 2222 2807 2293 gloriﬁcatum
2861 2233 2915 2279 et
2961 2224 3359 2281 sanctiﬁcatum
3384 2228 3572 2299 .228

1991 2327 2098 2381 est,
2139 2318 2266 2388 quid
2309 2318 2525 2373 fructus
2569 2326 2662 2372 aut
2709 2317 3058 2372 emolumenti
3102 2319 3413 2376 hominibus
3448 2321 3572 2378 inde

1991 2411 2224 2467 accessit
2249 2412 2397 2480 quod
2426 2409 2601 2464 lactus
2622 2407 2695 2462 sit
2722 2407 2930 2462 homo?
2958 2407 3075 2476 Ipse
3104 2409 3249 2463 enim
3272 2422 3303 2463 e
3340 2409 3571 2465 mortuis

1994 2503 2361 2558 resurrexisse
2404 2501 2638 2565 videtur,
2690 2515 2797 2554 non
2844 2510 3025 2554 autent
3087 2516 3207 2555 nos.
3256 2501 3395 2567 Quid
3438 2517 3571 2560 vero

1994 2594 2168 2664 ipsum
2200 2594 2371 2650 movit
2397 2603 2456 2648 ut
2486 2594 2640 2648 lleret
2666 2590 2870 2646 homo?
2902 2590 3034 2645 Nam
3069 2592 3138 2656 si,
3181 2601 3240 2647 ut
3271 2593 3568 2649 humanam

1993 2694 2240 2740 naturam
2265 2685 2502 2756 iuvaret,
2564 2682 2740 2738 inanis
2767 2692 2871 2747 est,
2917 2684 3072 2750 juxta
3105 2683 3244 2750 illos,
3283 2684 3369 2739 hic
3409 2701 3575 2742 cona-

1995 2785 2125 2830 tus:
2169 2784 2362 2830 natura
2388 2773 2534 2829 enim
2567 2772 2750 2843 adjuta
2777 2788 2885 2828 non
2933 2772 3100 2829 fuisse
3146 2776 3410 2842 cernitur,
3474 2779 3571 2833 scd

1994 2868 2110 2937 ipse
2148 2867 2361 2938 potius;
2410 2874 2466 2920 et
2512 2866 2580 2931 si,
2633 2866 2852 2935 quando
2887 2863 3061 2921 factus
3105 2876 3188 2921 est
3222 2867 3404 2935 homo,
3459 2879 3572 2924 tum

1993 2959 2155 3015 etiam
2185 2958 2415 3030 gloriam
2449 2957 2726 3026 accepisse
2752 2964 2808 3011 et
2836 2956 3346 3023 sanctilicationcm,
3378 2967 3433 3012 et
3470 2974 3569 3029 pn-

1994 3058 2269 3118 testatcm,
2318 3058 2374 3105 et
2404 3048 2509 3104 alia
2542 3063 2664 3119 quae
2714 3048 2816 3117 ipsi
2863 3048 3180 3102 tribuuntur
3205 3087 3220 3113 ,
3272 3052 3519 3105 cernitur
3554 3068 3567 3104 :

1996 3143 2346 3199 manifestum
2403 3149 2490 3197 est
2535 3140 2733 3211 ipsum,
2764 3140 2923 3210 juxta
2972 3140 3189 3195 illorum
3240 3142 3573 3212 opinionem,

1995 3244 2120 3292 ante
2147 3235 2579 3292 incarnationem
2612 3233 2677 3287 iis
2707 3247 2937 3286 vacuum
2970 3231 3161 3300 fuisse,
3208 3244 3264 3289 ct
3312 3246 3425 3289 tum
3461 3237 3571 3306 pri-

1996 3343 2142 3383 munt
2170 3343 2295 3383 cum
2324 3341 2546 3382 carnem
2598 3325 2917 3394 assumpsit,
2971 3339 3035 3380 ea
3064 3327 3359 3396 accepisse.
3413 3329 3574 3384 Carni

1997 3418 2161 3489 igitur
2182 3427 2464 3485 acceptum
2498 3416 2660 3484 ferat,
2687 3417 2831 3488 quod
2867 3431 2964 3487 per
2994 3417 3112 3488 ejus
3145 3420 3573 3488 assumptionem

1997 3510 2190 3563 melior
2215 3508 2286 3563 sit
2307 3507 2553 3582 ell’ectus,
2580 3523 2684 3563 non
2720 3523 2849 3563 vero
2877 3509 3048 3579 ipsam
3072 3510 3351 3567 meliorem
3374 3511 3574 3569 eﬂecc-

1952 3674 1953 3677 η
1996 3602 2087 3655 rit.
2115 3599 2281 3668 Atqui
2312 3599 2417 3653 hoc
2436 3610 2491 3653 et
2514 3597 2753 3666 cogitatu
2777 3608 2831 3653 et
2851 3600 2999 3655 dictu
3025 3602 3251 3671 impium
3270 3613 3374 3658 est.
3402 3604 3578 3661 lucar-

1994 3698 2153 3743 natus
2176 3687 2319 3742 enim
2338 3696 2422 3741 est
2444 3695 2501 3740 ut
2524 3687 2796 3742 hominem
2818 3689 3152 3751 gloriﬁcaret
3176 3704 3233 3746 et
3257 3695 3569 3749 sanctiﬁca-

1997 3776 2348 3835 ret.Verbum
2369 3779 2572 3846 itaque,
2611 3788 2880 3846 quatenus
2896 3779 3155 3848 Verbum,
3176 3783 3309 3837 nihil
3330 3787 3573 3852 accepit:

2000 3869 2303 3943 perfectum
2352 3868 2497 3924 enim
2527 3876 2630 3934 est,
2676 3871 3135 3939 quemadmodum
3160 3883 3215 3927 et
3248 3872 3436 3930 Patcr.
3470 3874 3576 3931 Sed

2001 3979 2099 4020 nos
2122 3965 2174 4016 in
2211 3963 2329 4033 ipso
2364 3960 2684 4030 accipimus,
2709 3962 2924 4027 quando
2956 3976 3179 4017 carnem
3213 3975 3456 4020 nostram
3480 3984 3574 4036 ge.

2000 4054 2204 4109 stavit:
2240 4052 2384 4106 sicut
2410 4050 2554 4106 enim
2582 4066 2701 4106 cum
2732 4050 2846 4122 ipse
2896 4053 3216 4119 resurrexit,
3266 4070 3367 4110 nos
3410 4060 3574 4112 etiam

2001 4143 2445 4209 resurreximus;
2502 4157 2735 4213 cumque
2796 4144 2909 4212 ipse
2962 4158 3178 4199 rursum
3226 4150 3474 4203 ascendit
3521 4151 3574 4204 in

2003 4235 2191 4302 caelos,
2233 4247 2491 4291 ascensus
2531 4232 2686 4291 nobis
2743 4243 2827 4291 est
2887 4235 3220 4294 instauratus
3263 4255 3280 4291 :
3327 4238 3397 4295 ita
3455 4255 3576 4295 cum

308 4338 432 4407 ipse
469 4336 763 4409 gloriﬁcari
821 4346 876 4393 et
939 4336 1269 4393 sanctiﬁcari
1325 4339 1544 4405 dicitur,
1601 4354 1699 4395 nos
1727 4331 2283 4409 signiﬁcamurhisce
2314 4330 2476 4386 rebus
2498 4328 2626 4386 frui.

305 4521 519 4584 ΛΛΛΟ,
568 4517 644 4571 δι’
671 4512 755 4587 οὗ,
792 4516 1097 4587 δεέκνυται
1146 4517 1376 4587 σαφῶς,
1421 4517 1571 4586 ἅπερ
1612 4513 1776 4587 εἶχεν
1822 4519 1889 4582 ὡς

2007 4505 2391 4587 ALIUD,_quo
2450 4506 2726 4587 manifeste
2771 4507 3068 4561 ostenditur
3116 4524 3236 4587 quin
3287 4509 3469 4567 habuit
3520 4523 3577 4567 ut

526 4587 697 4654 Θεὸς,
731 4586 807 4640 δι’
842 4586 1000 4656 ἡμᾶς
1028 4587 1209 4642 αἰτῶν
1234 4586 1325 4654 ὡς
1355 4586 1686 4656 ἄνθρωπος-ς

381 4748 550 4816 Λέγει
608 4764 709 4802 που
762 4746 1032 4818 Χριστός·
1090 4766 1108 4799 ι
1153 4747 1355 4820 Πάτερ,
1402 4746 1626 4813 δόξασόν
1667 4764 1760 4800 σου
1808 4746 1899 4801 τὸν

307 4840 467 4895 Υιόν.
516 4859 534 4892 ι
566 4840 676 4893 Καὶ
704 4839 897 4893 πάλιν’
942 4856 961 4890 t
1002 4838 1187 4893 Πάντα
1225 4856 1317 4909 μοι
1348 4838 1618 4911 παρεδόθη
1662 4838 1767 4892 ὑπὸ
1802 4837 1899 4892 τοῦ

306 4932 550 5003 Πατρός.
596 4949 615 4983 ι
652 4931 763 4985 Καὶ
798 4929 937 5001 μετά
980 4930 1077 5001 τὴν
1123 4931 1450 4986 ἀνάστασιν·
1496 4950 1515 4983 ι
1568 4931 1748 5002 Ἐδόοη
1784 4948 1896 5001 μοι,

307 5024 471 5095 φησὶ,
503 5023 653 5077 πᾶσα
676 5020 896 5086 ἐξουσία
924 5022 980 5074 ἐν
1008 5020 1223 5092 οὐρανῷ
1252 5022 1346 5075 καὶ
1379 5021 1474 5074 ἐπὶ¹
1518 5021 1641 5092 γῆς.
1680 5040 1697 5073 ι
1741 5021 1903 5075 Ἀλλά

306 5116 588 5170 δεὲκνυται
636 5113 731 5166 καὶ
777 5113 908 5184 πρὶν
963 5113 1112 5185 αὐτῷ
1164 5114 1532 5186 παραδοθῆναι
1580 5115 1650 5168 τά
1702 5115 1900 5180 πάντα,

310 5208 537 5262 πάντων
571 5204 647 5258 ὢν
682 5206 908 5277 Κύριος.
947 5206 1143 5275 Γέγονε
1175 5207 1284 5277 γὰρ
1311 5207 1381 5259 τὰ
1420 5208 1596 5261 πάντα
1623 5207 1688 5261 δι’
1712 5207 1899 5274 αὑτοῦ,

307 5300 409 5353 καὶ
447 5301 478 5351 ό
529 5298 836 5369 Ψαλμῳδὸς
888 5297 946 5351 δὲ
991 5298 1153 5351 δοῦλα
1200 5296 1296 5349 τοῦ
1339 5299 1696 5370 πεποιηκότος
1749 5298 1903 5361 εἰδὼς

307 5387 457 5443 αύτά
491 5387 662 5456 λέγει,
705 5388 786 5443 ὅτι
820 5386 838 5440 ι
869 5388 951 5447 Τὰ
994 5387 1283 5460 σύμπαντα
1329 5386 1489 5441 δοῦλα
1537 5389 1623 5442 σά.
1669 5408 1686 5441 ι
1725 5388 1902 5443 Αξτῶν

304 5481 368 5533 δέ
391 5479 550 5545 ὣξαν
577 5480 851 5550 φαίνεται,
880 5480 1060 5535 καίτοι
1085 5479 1185 5549 τῆς
1212 5479 1368 5551 δόξης
1392 5478 1465 5533 ὣν
1494 5482 1711 5551 Κύριος.
1748 5479 1902 5534 Οὕτω

308 5570 425 5641 γὰρ
456 5572 489 5625 ό
518 5570 732 5636 Παῦλος
764 5570 916 5642 ἔλεγε
963 5571 1089 5642 περί
1139 5588 1324 5638 τινων,
1350 5572 1544 5643 ὅτιπερ
1576 5590 1594 5622 ι
1641 5573 1704 5627 Εἰ
1738 5571 1903 5641 ἔγνω-

2227 4577 2392 4643 Deus,
2449 4579 2664 4647 petiisse
2692 4588 2907 4646 prapter
2936 4595 3029 4633 nos
3079 4577 3135 4633 ut
3176 4579 3355 4634 homo.

2080 4755 2332 4812 Christus
2354 4754 2553 4810 alicubi
2585 4753 2800 4824 inquit:
2834 4774 2852 4807 ι
2892 4754 3068 4823 Pater,
3111 4755 3349 4823 gloriﬁca
3382 4754 3591 4815 Filium

2005 4855 2154 4901 tuum
2186 4846 2251 4897 “.
2289 4862 2308 4896 ι
2342 4844 2407 4899 Ει
2439 4859 2666 4900 rursus:
2703 4862 2723 4897 t
2760 4844 2954 4900 Omnia
3003 4846 3133 4902 mihi
3163 4848 3358 4902 tradita
3390 4860 3517 4904 sunt
3548 4868 3578 4905 a

2002 4937 2166 4991 Patre
2202 4937 2267 4988 ".
2308 4955 2327 4987 ι
2383 4936 2450 4990 Ει
2502 4944 2626 5003 post
2675 4938 3129 4993 resurrectionem
3172 4955 3186 4991 :
3245 4958 3262 4991 ι
3319 4939 3451 4995 Data
3498 4952 3581 4996 est

2002 5029 2132 5083 mihi
2194 5036 2436 5098 potestas
2483 5036 2538 5083 et
2569 5028 2622 5082 in
2674 5029 2816 5083 coelo
2851 5029 2983 5083 etin
3031 5036 3177 5085 terra
3231 5031 3296 5085 ".
3357 5050 3376 5084 ι
3416 5034 3578 5103 Atqui

2001 5120 2163 5175 etiam
2207 5130 2496 5190 antequam
2552 5121 2626 5175 illi
2674 5123 3019 5177 traderentur
3055 5123 3277 5189 omnia’,
3334 5128 3578 5182 omnium

2006 5211 2265 5266 Dominus
2292 5222 2429 5266 erat.
2462 5210 2652 5267 Omnia
2679 5213 2823 5281 enim
2848 5228 2946 5283 per
2978 5214 3154 5284 ipsum
3185 5214 3325 5271 facta
3356 5229 3482 5272 sunt
3511 5221 3578 5287 “,

2004 5310 2057 5355 et
2086 5300 2371 5355 Psalmisla
2390 5302 2571 5357 sciens
2592 5302 2773 5357 omnia
2799 5316 2919 5357 esse
2948 5317 3106 5357 serva
3124 5303 3426 5370 Creatoris,
3463 5306 3574 5361 ait:

2011 5412 2030 5444 ι
2068 5392 2261 5448 Omnia
2295 5392 2540 5446 serviunt
2565 5392 2660 5446 tibi
2698 5392 2763 5445 ⁸⁸.
2799 5410 2818 5444 ι
2855 5392 2989 5447 Cum
3020 5408 3151 5450 vero
3174 5395 3402 5466 gloriam
3421 5398 3578 5468 petit,

2003 5484 2185 5552 gloriae
2213 5483 2469 5537 Dominus
2502 5498 2623 5540 csse
2649 5484 2913 5539 cernitur.
2967 5484 3046 5539 lta
3092 5487 3238 5541 enim
3272 5486 3474 5543 Paulus
3513 5488 3580 5540 de

2004 5574 2322 5645 quibusdam
2369 5574 2528 5642 dixit,
2614 5575 2757 5646 quod
2817 5593 2838 5628 ι
2888 5575 2934 5631 si
2990 5578 3392 5649 cognovissent,
3469 5590 3577 5631 nou

386 5726 433 5807 ξ’
464 5724 623 5786 Joan.
657 5743 795 5802 xm,
829 5700 1007 5817 l.:_:f
1033 5726 1222 5788 Matth.
1256 5744 1328 5800 ιιι,
1359 5728 1449 5787 27.
1479 5729 1571 5820 .1}
1599 5729 1792 5785 Matth.
1823 5745 1889 5785 χι

1999 5770 2015 5799 ι
2053 5730 2137 5787 ’8-
2171 5729 2455 5820 _“__Joan.
2486 5732 2596 5801 ιβ.
2642 5731 2718 5819 Β
2746 5733 2889 5794 Psal.
2923 5746 3114 5798 cxvm,
3154 5731 3241 5786 91.

1479 5814 1557 5821 ——..._

2171 5812 2272 5821 -——_.
