4126 6202
467 248 566 305 3M

1494 245 1559 303 s.
1599 243 1874 303 cvmua
1917 204 2392 300 ALEX‘ANDRINI
2430 241 2747 299 ARCIIIEP.

3633 251 3743 307 39:2

468 360 869 425 existimamus,
909 356 1033 413 ﬂeat
1081 366 1138 412 ut
1186 357 1369 425 homo,
1405 358 1701 427 timeatque
1734 367 1789 411 et
1827 363 2054 412 mortem

2158 352 2250 406 λοῦ
2283 353 2379 416 τὰς
2402 352 2654 414 τοιαύτας
2686 353 2937 423 εἰρῆσθαι
2965 353 3295 425 πιστεύομεν
3326 356 3527 425 φωνὰς,
3564 360 3742 415 κλαιέ-

473 462 824 524 expavescat,
861 451 1063 521 ﬁatque
1100 452 1272 506 tristis
1311 459 1365 505 et
1401 451 1670 511 turbetur,
1700 450 1913 518 aliaque
1938 465 2056 503 om-

468 547 556 600 nia
591 545 853 614 patiatur,
889 559 1007 612 qua?
1033 554 1089 597 et
1126 544 1240 612 ipsa
1273 543 1509 596 humana
1540 552 1731 594 natura
1756 542 1863 608 pati
1901 540 2054 594 solet.

468 638 527 693 Si
568 651 698 690 vero
728 638 866 691 Deus
899 638 950 689 in
978 649 1142 690 carne
1179 643 1320 699 erat,
1350 644 1403 686 et
1431 632 1650 701 quidem
1687 640 1827 697 erat,
1861 641 1915 686 et
1952 648 2056 687 non

469 731 648 791 aliter,
670 743 834 799 quem
868 730 1052 782 timeat
1082 724 1262 780 Deus?
1299 725 1357 779 Si
1392 740 1516 780 vere
1543 725 1675 780 dicit
1702 742 1715 778 :
1745 742 1764 776 ι
1794 724 1905 796 Ego
1938 740 2056 779 sum

472 824 581 877 vita
609 822 676 887 ³⁸,
709 842 728 874 ι
765 820 1039 892 quomodo
1075 828 1304 872 mortem
1357 817 1509 871 timet
1553 818 1701 871 vita?
1748 817 1806 873 Si
1848 817 1984 873 alios
2026 832 2057 871 a

473 924 644 969 morte
684 911 1049 975 conservavit,
1102 910 1372 980 quomodo
1414 909 1532 979 ipse
1577 909 1755 963 timuit
1791 908 2057 964 mortem?

472 1005 755 1072 Quomodo
802 1003 995 1057 timeat
1036 1010 1292 1066 mortem,
1325 1000 1418 1070 qui
1459 999 1751 1069 discipulos
1800 1001 1865 1053 ad
1898 999 2056 1054 forti-

474 1096 737 1158 tudinem,
791 1093 1095 1163 mortisque
1153 1102 1523 1160 contemptum
1577 1092 1914 1156 cohortatur,
1970 1092 2055 1145 di-

471 1204 600 1244 cens
640 1208 653 1242 :
693 1207 711 1240 ι
752 1188 931 1243 Nolite
982 1189 1174 1244 timere
1224 1202 1319 1243 eos
1374 1188 1465 1257 qui
1515 1188 1772 1243 occidunt
1818 1200 2053 1255 corpus,

470 1280 712 1335 animam
741 1290 924 1335 autem
954 1295 1059 1335 non
1086 1290 1309 1350 possunt
1341 1280 1593 1335 occidere
1615 1277 1695 1331 ³⁸2
1725 1296 1745 1330 ο
1774 1276 2057 1344 Quomodo

472 1374 588 1443 ipse
641 1374 743 1428 hoc
796 1373 1025 1438 timeat,
1080 1373 1124 1428 si
1169 1373 1404 1427 Abrahte
1445 1372 1690 1426 animum
1740 1371 1924 1436 addit,
1973 1371 2055 1425 tli-

470 1483 601 1524 cens
633 1486 647 1521 :
681 1486 700 1519 ι
735 1466 814 1520 Nc
849 1467 1062 1532 timeas,
1108 1466 1236 1535 quia
1266 1476 1441 1521 tecum
1476 1481 1597 1519 sum
1615 1466 1682 1518 ³⁷.
1719 1484 1738 1516 ι
1774 1464 1830 1518 Si
1873 1462 2053 1518 Mosen

472 1560 735 1615 adversus
768 1556 1113 1612 Pharaonem
1172 1557 1438 1622 incitavit,
1487 1565 1538 1611 et
1584 1555 1653 1610 ad
1696 1553 1861 1609 Josue
1909 1553 2075 1633 Nave,

474 1651 643 1705 ﬁlium
678 1650 812 1705 dicit
843 1669 857 1705 :
891 1668 909 1701 ι
945 1648 1270 1705 Coul'ortare
1299 1660 1354 1705 et
1395 1647 1626 1703 viriliter
1655 1663 1754 1717 age
1777 1648 1843 1712 ³⁸,
1878 1666 1895 1698 ι
1929 1663 2058 1717 quo-

471 1745 631 1799 modo
661 1745 714 1797 iu
748 1743 898 1797 illum
941 1750 1120 1797 metus
1159 1742 1339 1807 cadat,
1377 1752 1470 1795 aut
1492 1758 1599 1812 quo
1624 1750 1779 1812 pacto
1809 1741 2057 1795 homines

472 1832 671 1897 timuit,
709 1832 799 1902 qui
852 1832 989 1886 alios
1021 1831 1087 1885 ad
1138 1831 1504 1901 abjiciendum
1542 1841 1743 1885 tnetum
1785 1830 2054 1895 hortatur,

470 1921 708 1991 facitque
763 1928 821 1976 ut
861 1921 1100 1976 clament
1134 1938 1147 1974 :
1185 1938 1203 1970 ι
1236 1919 1496 1976 Dominus
1544 1922 1675 1975 mihi
1721 1921 1956 1989 adjutor,
2002 1930 2059 1975 et

471 2028 577 2069 non
627 2013 827 2068 timebo
858 2012 988 2091 quid
1021 2010 1185 2066 faciat
1223 2012 1357 2065 mihi
1416 2013 1580 2067 homo
1606 2012 1689 2064 δεῖ
1720 2031 1739 2063 ι
1776 2013 2058 2079 Quomodo

470 2106 518 2161 is
556 2106 645 2176 qui
681 2107 747 2159 ad
781 2106 882 2160 hoc
923 2105 1092 2170 venit,
1124 2114 1181 2159 ut
1223 2115 1452 2160 mortem
1506 2106 1810 2172 interimat,
1842 2105 1956 2175 ipse
1994 2106 2059 2160 ti-

470 2205 617 2252 meat
682 2196 734 2251 id
786 2204 973 2249 contra
1024 2195 1168 2263 quod
1220 2194 1404 2248 venit?
1461 2194 1569 2249 Aut
1630 2196 1900 2264 quomodo
1950 2210 2057 2250 nou

466 2299 726 2344 extremae
779 2286 1075 2357 impietatis
1122 2285 1288 2342 fuerit
1336 2289 1539 2354 dicere,
1595 2289 1767 2358 ipsum
1812 2290 2058 2346 timuisse

470 2380 767 2444 infernum,
834 2378 989 2449 cujus
1041 2379 1297 2435 custodes
1354 2382 1421 2434 ad
1479 2380 1652 2451 ipsius
1705 2363 2055 2451 conspectum

466 2472 812 2543 expaverint,
870 2472 1241 2541 reseratisque
1289 2474 1483 2543 portis,
1544 2473 1769 2544 spiritus
1820 2473 2057 2530 inclusos

466 2567 814 2631 dimiserunt,
845 2564 1010 2636 23o
1072 2566 1206 2622 adeo
1237 2575 1296 2621 ut
1341 2566 1493 2621 multi
1528 2578 1839 2622 sanctorum
1876 2582 2058 2622 resur-

469 2660 733 2722 rexerint,
769 2660 1070 2729 urbemque
1118 2658 1371 2730 ingressi,
1417 2668 1473 2713 ut
1510 2659 1771 2728 scriptum
1819 2668 1903 2714 est
1927 2660 1993 2723 ⁸ο,
2026 2674 2056 2714 ι

470 2750 656 2805 multis
691 2750 791 2805 visi
817 2751 967 2805 sint?
999 2750 1281 2817 Quomodo
1317 2752 1495 2806 timuit
1521 2762 1773 2816 mortem,
1802 2753 1893 2820 qui
1930 2754 2056 2806 dum

466 2852 825 2915 quaereretur,
872 2843 1008 2897 dixit
1052 2844 1134 2899 eis
1190 2845 1284 2913 qui
1341 2844 1408 2897 ad
1454 2844 1633 2913 ipsum
1698 2845 2055 2914 comprehen-

467 2936 701 2992 dendu-m
736 2944 1086 2990 accesserant
1116 2954 1129 2989 :
1168 2952 1186 2985 ι
1222 2935 1330 3007 Ego
1360 2952 1479 2990 sum
1503 2935 1590 2989 ⁸ιῖ
1623 2956 1641 2988 ι
1679 2936 1955 3004 Quomodo
1990 2938 2057 2992 ti-

2158 464 2237 498 τω
2286 446 2383 514 μὲν
2456 448 2533 507 ὡς
2585 445 2908 517 ἄνθρωπος,
2967 448 3060 500 καὶ
3110 449 3381 517 φοϐείσθω
3436 453 3599 507 πάλιν
3651 458 3742 509 καὶ

2157 535 2408 589 δειλιάτω
2451 537 2542 590 τὸν
2585 536 2838 602 θάνατον,
2878 539 2977 592 καὶ
3018 540 3251 609 γινέσθω
3288 542 3604 614 περίλυπος.
3651 550 3743 602 καὶ

2158 630 2532 700 ταραττέσθω,
2585 632 2681 683 καὶ
2726 633 2827 685 ὅσα
2881 632 3125 701 πέφυκεν
3170 635 3203 704 ἡ
3241 635 3530 706 ἀνθρώπου
3582 638 3743 706 φύσις

2161 718 2473 791 ὑπομένειν,
2502 720 2681 776 ταῦτα
2707 723 2801 776 καὶ
2828 724 3010 787 αὑτός.
3043 725 3104 777 Εἰ
3127 724 3184 779 δὲ
3216 726 3349 791 Θεὸς
3377 723 3443 798 ἦν
3473 731 3529 782 ἐν
3561 734 3740 803 σαρκὶ,

2158 808 2227 883 ἧν
2257 812 2313 866 δὲ
2339 813 2516 877 τοῦτο,
2552 815 2645 867 καὶ
2675 815 2773 884 οὐχ
2800 815 3022 886 ἐτέρως,
3055 816 3176 871 τίνα
3203 818 3449 888 φοϐεῖται
3479 820 3644 885 Θεός;
3683 822 3740 876 Et

2157 904 2363 976 ἀληθὴς
2394 902 2462 977 ἦν
2492 908 2695 976 λέγων,
2735 929 2752 960 ι
2798 910 2939 978 Ἐγώ
2979 911 3093 981 εἰμι
3135 913 3167 983 ή
3200 910 3349 983 ζωὴ,
3386 931 3404 963 ι
3446 912 3587 966 κατὰ
3623 914 3740 968 τίνα

2157 1000 2358 1069 τρόπον
2399 1001 2645 1068 φοϐεῖται
2693 1003 2785 1057 τὸν
2820 1003 3049 1057 θάνατον
3089 1006 3122 1075 ἡ
3160 1005 3310 1076 ζωής
3362 1007 3424 1059 Εἰ
3457 1006 3649 1070 ἄλλους
3679 1010 3742 1062 ἐκ

2159 1088 2390 1144 θανάτου
2419 1091 2665 1159 διέσωσε,
2690 1094 2805 1157 πῶς
2824 1095 2879 1147 δὲ
2908 1095 3070 1158 αὐτὸς
3102 1096 3347 1165 ἐφοϐεῖτο
3371 1096 3461 1150 τὸν
3489 1096 3737 1164 θάνατον,

2156 1184 2185 1235 6
2216 1184 2342 1246 τοὺς
2382 1184 2630 1255 μαθητὰς
2679 1186 2987 1257 ἐπαλείφων
3037 1189 3118 1251 εἰς
3171 1189 3426 1260 φρόνημα
3471 1193 3739 1255 νεανικὸν,

2158 1272 2254 1325 καὶ
2282 1272 2491 1341 λέγων’
2538 1294 2557 1326 ι
2599 1276 2692 1346 Μὴ
2724 1276 2977 1345 φοϐεῖσθε
3006 1278 3116 1331 ἀπὸ
3160 1280 3270 1332 τῶν
3314 1281 3741 1335 ἀποκτεινόντων

2157 1360 2218 1413 τὸ
2244 1360 2425 1432 σῶμα,
2456 1362 2553 1433 τὴν
2582 1363 2639 1417 δὲ
2668 1363 2846 1436 ψυχὴν
2882 1366 2957 1437 μὴ
2985 1366 3300 1437 δυναμένων
3340 1372 3687 1435 ἀποκτεῖναις
3717 1392 3734 1424 ι

2157 1453 2283 1517 Πῶς
2313 1453 2379 1507 ἂν
2410 1455 2567 1518 αὐτὸς
2591 1456 2839 1525 ἐφοϐεῖτο
2869 1458 3027 1511 τοῦτο
3052 1459 3263 1525 παθεῖν,
3288 1462 3446 1515 εἰτὸν
3489 1464 3740 1535 Ἀϐραάμ

2158 1546 2594 1617 παραθαρσύνει,
2650 1548 2867 1617 λέγων’
2915 1569 2934 1603 ι
2983 1544 3074 1623 Mi}
3106 1552 3293 1622 φοϐοῦ,
3335 1554 3413 1607 ὅτι
3455 1556 3590 1625 μετὰ
3644 1556 3737 1609 σοῦ

2159 1642 2312 1711 είμι;
2353 1660 2371 1692 ι
2421 1642 2483 1695 Εἰ
2513 1643 2718 1696 Μωσέα
2758 1644 3084 1715 γοργότερον
3116 1646 3289 1699 ἐποίει
3333 1648 3469 1701 κατά
3511 1648 3603 1701 τοῦ
3633 1652 3739 1702 Φα-

2088 1706 2132 1764 B
2165 1706 2305 1801 ραὼ,
2329 1732 2422 1785 καὶ
2453 1733 2587 1803 πρὸς
2628 1706 2944 1803 Ἰησούντὶν
2971 1706 3064 1788 τού
3099 1736 3250 1806 Ναυῆ
3276 1736 3459 1804 λέγει’
3498 1756 3517 1788 t
3556 1740 3734 1810 Ἰσχυε

2162 1824 2254 1877 καὶ
2292 1824 2564 1895 ἀνδρέζου,
2610 1844 2627 1875 ι
2663 1826 2778 1890 πῶς
2815 1826 2978 1892 αὐτὸς
2997 1827 3199 1891 δειλίας
3227 1830 3377 1883 ἔσται
3408 1832 3671 1897 δεκτικὸς,
3702 1834 3735 1903 ἢ

2162 1912 2280 1976 πῶς
2310 1912 2633 1983 ἀνθρώπους
2667 1916 2931 1988 ἐφοϐήθη,
2960 1920 2987 1970 6
3027 1918 3207 1983 ἄλλοις
3252 1921 3633 1990 συμϐουλεύων
3660 1928 3736 1988 είς

2160 2003 2221 2057 τὸ
2253 2003 2327 2075 μὴ
2366 2004 2672 2074 φοϐεῖσθαι,
2722 2007 2815 2060 καὶ
2856 2008 3059 2062 πείθων
3103 2010 3267 2082 βοᾷν⁸
3305 2032 3324 2065 ι
3369 2012 3573 2084 Κύριος
3615 2017 3739 2086 ἐμοὶ

2161 2095 2375 2168 βοηθὸς,
2409 2099 2469 2151 ού
2504 2098 2885 2170 φοϐηθήσομαι
2923 2100 2976 2153 τί
3008 2103 3225 2173 ποιήσει
3257 2122 3345 2174 μοι
3369 2106 3683 2176 ἀνθρωπος;
3712 2128 3729 2158 ι

2160 2188 2286 2253 Πῶς
2314 2190 2371 2243 δὲ
2399 2193 2426 2244 6
2460 2192 2540 2256 είς
2568 2191 2727 2245 τοῦτο
2756 2193 3061 2264 παρελθὼν,
3096 2196 3185 2251 ῖνα
3225 2199 3319 2252 τὸν
3358 2198 3584 2255 θάνατον
3607 2202 3741 2255 ἀπο-

2160 2280 2368 2353 κτείνῃ,
2420 2282 2583 2346 αύτὸς
2632 2284 2883 2354 ἐφοϐεῖτο
2914 2287 3005 2340 τὸν
3053 2289 3177 2343 καθ’
3217 2286 3277 2345 οὗ
3328 2295 3736 2364 παραγέγονεν;

2163 2373 2235 2425 Ἦ
2264 2373 2382 2436 πῶς
2406 2375 2466 2427 οὑ
2496 2375 2678 2446 πάσης
2703 2378 2961 2433 ἐπέκεινα
2986 2381 3307 2448 δυσσεϐείας
3340 2386 3456 2438 ἐστὶ
3476 2387 3536 2439 τὸ
3564 2386 3738 2455 λέγειν

2159 2463 2441 2533 φοϐεῖσθαι
2474 2467 2566 2519 τὸν
2596 2468 2749 2539 ᾅδην,
2781 2469 2841 2523 ὃν
2874 2473 2924 2523 οἱ
2965 2473 3156 2527 τούτου
3183 2476 3424 2547 πυλωροὶ
3460 2481 3551 2533 καὶ
3581 2480 3737 2550 μόνον

2163 2554 2361 2618 ἰδόντες
2393 2556 2763 2629 κατέπτηξαν,
2817 2560 2912 2613 καὶ
2948 2562 3046 2625 τὰς
3089 2564 3367 2632 ἀφύκτους
3409 2569 3740 2631 πετάσαντες

2160 2644 2356 2709 πύλας,
2408 2650 2627 2719 ἀφῆκαν
2675 2651 2742 2705 τὰ
2780 2654 3268 2711 ἐναποκλεισθὲντα
3323 2659 3624 2731 πνεύματα,
3666 2662 3740 2725 ὠς

2158 2737 2456 2808 ἀναστῆναι
2487 2740 2598 2794 τῶν
2627 2742 2799 2810 ἁγίων
2834 2745 3080 2811 πολλοὺς,
3116 2749 3208 2801 καὶ
3249 2750 3509 2804 εἰσελθεῖν
3537 2755 3614 2816 εἰς
3643 2754 3741 2824 τὴν

2160 2829 2336 2894 πόλιν,
2364 2832 2508 2884 καθὰ
2538 2834 2870 2905 γέγραπται,
2900 2840 2992 2890 καὶ
3027 2839 3261 2909 ὀφθῆναί
3290 2859 3431 2909 τισι;
3463 2844 3585 2908 Πῶς
3614 2847 3738 2915 ἐφοο

2162 2919 2313 2975 ϐεῖτο
2354 2923 2443 2976 τὸν
2486 2924 2715 2979 θάνατον
2747 2930 2775 2980 ὁ
2826 2930 2883 2982 ἐν
2933 2930 3009 3001 τῷ
3056 2931 3331 3003 ζητεῖσθαι
3380 2935 3554 3005 λέγων
3605 2937 3742 3007 πρὸς

468 3027 604 3082 tnuit
658 3036 887 3081 mortem
937 3026 1029 3095 qui
1073 3026 1207 3081 dicit
1248 3045 1261 3081 :
1295 3045 1313 3077 ι
1349 3026 1458 3098 Ego
1500 3035 1824 3097 potestatem
1883 3029 2056 3084 habeo

2159 3013 2287 3077 τοὺς
2344 3017 2789 3086 παραγεγονότας
2835 3021 2997 3075 αὑτὸν
3063 3024 3464 3082 συλλαϐέσθαιο
3513 3051 3532 3083 σ
3602 3030 3742 3099 Ἐγώ

467 3116 780 3172 dimittendi
805 3116 1045 3173 animam
1070 3133 1268 3183 meam,
1300 3127 1354 3172 ct
1385 3134 1576 3172 rursus
1605 3127 1930 3188 potestatem
1958 3121 2053 3174 ha-

466 3209 571 3265 beo
620 3208 922 3279 accipiendi
985 3223 1142 3275 eam;
1183 3228 1203 3261 ι
1253 3220 1309 3264 et
1379 3229 1398 3261 ι
1456 3211 1640 3265 nullus
1686 3212 1881 3281 eripiet
1933 3228 2054 3266 eam

466 3299 629 3364 mihi,
674 3299 771 3355 sed
817 3298 917 3369 ego
950 3299 1165 3368 depono
1207 3315 1324 3352 eam
1358 3315 1387 3352 a
1422 3300 1631 3368 meipso
1654 3299 1732 3352 "?
1762 3319 1779 3351 ι
1821 3298 2055 3354 Verbum

470 3390 654 3459 itaque
681 3389 773 3443 Dei
808 3388 862 3443 in
907 3404 966 3442 se
1005 3398 1234 3443 mortem
1278 3403 1384 3443 nou
1424 3388 1640 3453 timuit;
1680 3388 1775 3442 sed
1808 3388 2055 3443 Immani-

470 3490 555 3537 tas
583 3496 703 3552 qua:
736 3496 833 3537 sua
873 3488 1072 3536 natura
1106 3490 1333 3535 mortem
1363 3479 1702 3537 reformidat.

985 3764 1219 3833 ALIUD,
1249 3776 1533 3821 narraltre.

546 3853 927 3912 Necessarium
956 3857 1121 3929 plane
1167 3866 1273 3923 est,
1322 3867 1383 3914 ut
1426 3858 1519 3929 qui
1570 3867 1717 3915 recte
1760 3860 2058 3931 intelligere

472 3947 601 4003 velit
622 3963 744 4018 qua:
774 3950 841 4003 de
865 3948 1157 4005 Servatore
1192 3959 1383 4006 nostro
1408 3950 1460 4003 iu
1489 3965 1640 4005 sacra
1666 3951 1943 4019 Scriptura
1974 3952 2058 4004 di-

470 4050 693 4106 cuntur,
737 4044 1083 4097 occasionem
1131 4042 1307 4112 ipsam
1356 4048 1572 4111 spectet
1618 4052 1674 4095 et
1716 4051 1957 4111 tempora
2003 4028 2056 4093 in

470 4133 687 4203 quibus,
730 4142 826 4189 aut
857 4134 974 4204 ipse
1001 4134 1068 4189 de
1102 4150 1183 4200 se,
1224 4142 1318 4189 aut
1353 4147 1507 4188 sacra
1542 4131 1821 4203 Scriptura
1857 4133 2055 4202 aliquid

472 4229 541 4282 de
586 4242 653 4282 eo
688 4227 847 4282 dixit.
893 4226 948 4281 Si
985 4244 1118 4298 ergo
1157 4228 1395 4283 Verbum
1433 4226 1528 4280 Dei
1575 4237 1865 4296 antequam
1909 4228 2059 4282 lieret

472 4332 624 4383 caro,
673 4334 912 4387 unquam
944 4320 1030 4373 vel
1080 4319 1353 4383 ﬂoruisse,-
1386 4317 1469 4373 vel
1509 4327 1739 4373 mortem
1792 4317 2054 4383 timuisse,

2160 3105 2313 3171 εἰμις
2372 3124 2390 3155 ι
2465 3106 2590 3171 Πῶς
2650 3110 2897 3178 ἐφοϐεῖτο
2958 3113 3050 3166 τὸν
3106 3115 3332 3175 θάνατον
3408 3123 3437 3174 6
3504 3122 3675 3192 λέγων
3725 3142 3739 3156 ο

2162 3214 2180 3249 ι
2235 3198 2514 3265 Ἐξουουίαν
2562 3203 2672 3273 ἔχω
2710 3204 2883 3259 θεῖναι
2923 3208 3023 3281 τὴν
3073 3211 3250 3286 ψυχήν
3292 3233 3393 3284 μου
3439 3220 3534 3272 καὶ
3581 3220 3743 3276 πάλιν

2156 3290 2405 3357 ἐξουσίαν
2454 3291 2563 3363 ἔχω
2615 3293 2800 3351 λαϐεῖν
2826 3299 2998 3371 αὐτήν
3022 3319 3034 3331 ·
3082 3322 3100 3354 ι
3138 3304 3232 3357 καὶ
3267 3322 3280 3334 ·
3322 3325 3340 3359 t
3378 3308 3567 3372 Οὐδεὶς
3601 3313 3742 3382 αίρει

2157 3382 2328 3473 αὐτὴν
2362 3383 2459 3437 ἀπ’
2506 3386 2661 3453 ἐμοῦ,
2705 3389 2821 3443 ἀλλ’
2861 3391 2971 3461 ἐγὼ
3015 3394 3207 3467 τίθημι
3237 3398 3406 3469 αὐτὴν
3443 3402 3536 3454 ἀπ’
3567 3405 3741 3473 ἐμαυ-

2157 3472 2287 3541 τοῦ;
2331 3494 2351 3527 ι
2388 3477 2502 3531 Οὐκ
2530 3474 2599 3551 ἦν
2625 3475 2719 3535 οὖν
2753 3480 2862 3554 ἄρα
2902 3484 3023 3538 καθ’
3056 3488 3249 3543 ἐαυτὸν
3278 3492 3305 3543 ὁ
3334 3491 3428 3545 τοῦ
3473 3472 3613 3547 Θεού
3639 3497 3740 3549 Λό-

2157 3581 2254 3655 γος
2285 3567 2435 3655 ὁᾲτὸν
2464 3567 2693 3625 θάνατον
2738 3572 3088 3646 ὑποπτήξας·
3119 3577 3235 3631 ἀλλ’
3280 3575 3350 3651 ἦν
3397 3584 3454 3636 ἐν
3499 3584 3646 3655 αὐτῷ
3683 3586 3743 3639 τὸ

2158 3652 2500 3727 ἀνθρώπινον
2533 3662 2775 3730 πεφυκὸς
2800 3663 2959 3717 τοῦτο
2986 3667 3215 3739 πάσχειν
3242 3671 3349 3726 ἀεί.

2598 3770 2807 3838 ΑΛΛΟ,
2841 3771 3300 3844 διηγηματικῶς.

2243 3857 2479 3928 Ἀνάγκη
2531 3860 2681 3913 πᾶσα
2730 3862 2857 3926 τοὺς
2910 3865 3085 3933 ὀρθῶς
3138 3867 3426 3935 ἐθέλοντας
3489 3876 3627 3927 νοεῖν
3673 3875 3741 3929 τὰ

2159 3947 2313 4017 παρὰ
2343 3951 2465 4011 ταῖς
2495 3949 2669 4014 θείαις
2700 3954 2967 4025 εἰρημένα
2989 3957 3234 4029 Γραφαῖς
3275 3964 3405 4035 περὶ
3432 3964 3527 4016 τοῦ
3558 3966 3736 4034 Σωτῆ-

2163 4053 2252 4107 ρος
2293 4039 2450 4108 ἡμῶν
2496 4041 2760 4111 Χριστοῦ,
2797 4046 2887 4100 τὸν
2936 4049 3125 4118 καιρὸν
3171 4051 3440 4118 ἐξετάζειν
3480 4055 3573 4107 καὶ
3614 4058 3739 4117 τοὺς

2158 4129 2384 4199 χρόνους
2432 4131 2554 4185 καθ’
2586 4133 2681 4197 οὒς
2729 4135 2762 4207 ἢ
2813 4138 2974 4201 αὐτὸς
3016 4141 3253 4211 εἰρηκώς
3300 4160 3353 4196 τι
3389 4146 3517 4216 περὶ
3544 4147 3737 4200 ἑαυτοῦ

2160 4220 2430 4291 φαίνεται,
2465 4224 2497 4294 ἦ
2529 4226 2585 4277 αἱ
2611 4226 2751 4281 θεῖαι
2780 4228 2997 4299 Γραφαὶ
3030 4234 3158 4304 περὶ
3203 4234 3388 4290 αὑτοῦ.
3424 4238 3487 4290 Et
3524 4238 3622 4309 μὲν
3646 4234 3741 4293 οὖν

2160 4313 2289 4385 πρὶν
2341 4315 2565 4386 γένηται
2614 4318 2754 4391 σὰρξ
2796 4321 2823 4374 6
2862 4320 2955 4375 τοῦ
2998 4323 3132 4378 Θεοῦ
3181 4327 3374 4395 Λόγος,
3416 4330 3448 4400 ἢ
3499 4330 3741 4394 κλαύσας

478 4418 570 4464 aut
603 4408 748 4463 aliud
783 4411 1064 4480 quidpiam
1102 4411 1404 4467 humanum
1440 4424 1660 4481 passum
1703 4409 1868 4464 fuisse
1906 4424 2056 4480 repe-

2162 4405 2353 4476 ὁρᾶται
2376 4405 2616 4474 πώποτε,
2653 4410 2687 4482 ἢ
2716 4410 2946 4468 θάνατον
2971 4416 3247 4487 φοϐηθεὶς,
3271 4393 3311 4489 νῆ
3341 4393 3526 4492 ἔτερόν
3557 4441 3608 4475 τι
3630 4393 3738 4475 τῶν

471 4500 635 4563 ritur,
660 4501 825 4554 etiam
853 4516 1001 4556 nunc
1030 4501 1118 4556 illa
1157 4502 1275 4572 ipsa
1308 4502 1488 4556 locum
1516 4502 1571 4555 in
1603 4514 1670 4553 eo
1695 4498 1950 4553 habeant.
1990 4499 2056 4553 At

2158 4496 2512 4569 ἀνθρωπίνων
2557 4501 2881 4573 ὑπομείνας,
2927 4509 3197 4578 κρατείτω
3227 4512 3320 4564 καὶ
3349 4514 3441 4565 νῦν
3484 4514 3553 4568 τὰ
3584 4517 3737 4585 εἰρη-

473 4589 522 4645 si
560 4596 782 4660 quando
836 4591 1013 4648 factus
1073 4601 1159 4647 est
1206 4593 1390 4657 homo,
1446 4601 1557 4645 tum
1605 4589 1839 4661 primum
1888 4602 2056 4643 sacra:

2162 4587 2299 4658 μένα
2326 4590 2455 4662 περὶ¹
2487 4591 2676 4647 αὐτοῦ.
2712 4595 2776 4646 Εἰ
2804 4594 2858 4648 δὲ
2885 4597 2974 4649 ὅτε
3014 4598 3239 4667 γέγονεν
3268 4601 3572 4673 ἄνθρωπος,
3618 4606 3737 4658 τότε

473 4678 771 4752 Scriptura:
802 4682 1069 4751 ejusmodi
1097 4683 1163 4736 de
1194 4697 1261 4735 eo
1288 4682 1545 4737 dixerunt
1576 4695 1709 4735 :cur
1742 4693 1848 4733 non
1876 4675 2058 4747 potius

474 4771 712 4828 humano
751 4790 903 4829 more
957 4774 1045 4827 illa
1078 4772 1222 4827 dicta
1270 4788 1393 4829 esse
1427 4773 1792 4837 censebimus,
1826 4779 1884 4826 ut
1915 4769 2059 4825 blas-

480 4863 594 4934 phe
608 4865 727 4921 mia:
758 4866 970 4922 crimen
998 4864 1363 4935 eﬂ'ugiaruus?

1145 5065 1373 5124 ALIUD.

859 5154 940 5211 Ea:
979 5158 1267 5227 objectione
1300 5158 1686 5214 ltwreticorum.

546 5245 648 5311 Qui
696 5247 866 5314 ﬂevit,
900 5250 1177 5318 inquiunt,
1218 5260 1275 5305 et
1322 5250 1573 5305 timorem
1623 5264 1686 5305 ac
1737 5248 2053 5306 maestitiam

475 5340 744 5408 concepit,
796 5342 1068 5411 quomodo
1117 5343 1223 5396 erit
1273 5350 1468 5398 natura
1514 5342 1693 5399 Deus?
1738 5342 1866 5398 Hmc
1907 5341 2050 5398 enim

478 5426 755 5483 hominum
791 5442 917 5486 sunt
948 5434 1184 5502 propria.

551 5602 594 5684 ξ’
623 5601 938 5684 ἐρίδων-ν,
974 5606 1027 5660 6.
1072 5614 1075 5615 '
1107 5607 1151 5640 ³⁸
1187 5609 1373 5684 Matth.
1406 5612 1571 5684 x,28.
1651 5615 1695 5645 "
1731 5614 1871 5673 Gen.
1907 5631 1993 5684 xv,
2027 5620 2075 5673 ί.

507 5672 594 5742 52,
621 5674 706 5731 53.
784 5676 826 5709 δ’
859 5676 1017 5735 Joan.
1049 5695 1199 5748 xvm,
1243 5679 1296 5737 6.
1374 5683 1418 5718 δ’
1440 5672 1595 5742 Joan.
1627 5701 1683 5754 χ,
1718 5684 1803 5754 17,
1832 5685 1919 5742 18.

2159 4680 2253 4733 καὶ
2295 4680 2395 4745 τὰς
2444 4684 2701 4748 τοιαύτας
2739 4686 2923 4756 φωνὰς
2967 4690 3094 4761 περὶ
3146 4692 3309 4745 αὑτοῦ
3355 4695 3640 4765 εἰρήκασιν
3682 4698 3737 4749 αἱ

2160 4772 2298 4825 θεῖαι
2326 4773 2561 4845 Γραφαὶ,
2590 4777 2643 4830 τί
2673 4778 2747 4848 μὴ
2777 4779 2977 4849 μᾶλλον
3011 4782 3369 4853 ἀνθρωπίνως
3396 4786 3647 4857 εἰρῆσθαι
3671 4787 3741 4841 τά

2153 4864 2379 4917 τοιαῦτα
2413 4868 2677 4939 φήσομεν,
2708 4870 2794 4924 ἵνα
2826 4864 2899 4924 τδ
2929 4874 2994 4926 ἐκ
3024 4873 3121 4944 τῆς
3162 4875 3509 4950 βλασφημίας
3544 4878 3736 4949 διαφύο

2158 4973 2343 5029 γωμεν
2372 4958 2540 5013 κακόν
2561 4977 2575 5027 ;

2850 5080 3053 5136 ΑΛΛΘ.

2344 5166 2441 5233 Ὠς
2469 5167 2541 5233 ἐξ
2578 5169 2937 5241 ἀντιθέσεως
2976 5175 3094 5231 τῶν
3128 5178 3563 5248 χριστομάχων.

2244 5257 2302 5311 '0
2349 5259 2609 5326 κλαύσας,
2653 5265 2807 5334 φασὶ,
2859 5269 2951 5320 καὶ
3001 5268 3276 5339 φοϐηθεὶς,
3306 5270 3399 5322 καὶ
3443 5270 3740 5341 περίλυπος

2161 5351 2419 5420 γεγονὼς,
2467 5354 2584 5418 πῶς
2625 5355 2779 5411 ἔσται
2833 5360 2991 5427 φύσει
3029 5361 3197 5425 Θεός;
3257 5362 3581 5433 Ἀνθρώπων
3633 5362 3742 5429 γάρ

2165 5442 2272 5497 ἴδια
2299 5444 2368 5497 τὰ
2394 5447 2634 5502 τοιαῦτα.

2158 5620 2201 5653 ³⁸
2230 5619 2391 5679 Josue
2426 5638 2466 5689 t,
2498 5622 2553 5678 6.
2634 5626 2677 5659 ³⁸
2709 5626 2856 5684 Psal.
2890 5645 3056 5700 ωιτη,
3099 5634 3151 5690 6.
3267 5636 3310 5667 ⁸ο
3354 5636 3547 5693 Matth.
3589 5647 3736 5701 nm,
