4058 6206
430 230 559 312 sit

1412 242 1518 305 Os.
1560 247 1835 303 CYRILLI
1877 244 2358 307 ALEXANDRINI
2393 228 2715 307 ARCHIEP.

3594 254 3702 309 396

451 371 777 441 repugnant,
809 366 1134 435 dictumque
1180 364 1230 417 lu
1284 364 1442 417 aliam
1489 364 1810 418 sententiam
1856 363 2041 416 detor-

2150 386 2220 421 ῖιν
2251 369 2519 433 ἀϐούλως,
2550 369 2644 422 καὶ
2674 369 2974 438 πειρῶνται
3007 367 3067 420 τὸ
3088 367 3475 439 είρημένονείς
3508 367 3702 439 ἐτέρας

453 460 627 535 que‘re
680 469 992 522 conantur,
1046 472 1157 512 non
1218 453 1516 510 tribuentes
1572 448 1710 507 Filio
1771 454 1911 522 quod
1972 454 2043 507 sit

458 555 625 611 un'um
650 568 781 607 cum
815 550 998 613 Patre,
1027 548 1127 603 sed
1167 547 1217 601 id
1244 544 1384 615 quod
1422 548 1568 599 recte
1598 544 1928 614 pulchreque
1958 545 2042 599 di—

455 648 608 702 ctum
640 652 728 699 est
772 639 1080 697 convellere
1114 644 1397 690 conantes.
1437 628 1669 686 IlurSum
1705 633 2042 687 invenientes

368 736 369 739 “
464 740 519 792 in
549 735 887 806 Evangeliis,
921 739 1262 800 quaecunque
1311 734 1372 778 ut
1426 724 1586 778 bomo
1629 733 1722 777 aut
1759 724 1915 787 dixit,
1951 733 2045 777 aut

384 816 387 821 ’
468 828 619 895 fecit,
642 826 903 882 nimirum
931 821 1074 891 quod
1100 816 1262 880 (ierit,
1294 825 1387 869 aut
1415 808 1651 869 mmrore
1681 814 1903 869 atl‘eetus
1928 813 2042 868 fue-

368 1096 387 1129 ί

462 920 560 987 fit,
595 918 808 987 aliaque
851 914 937 968 bis
968 909 1189 974 similia,
1224 923 1331 962 non
1367 908 1603 961 referunt
1637 908 1703 961 ad
1733 900 2043 961 humanita-

468 1027 599 1079 tem,
656 1009 749 1065 sed
783 1004 943 1076 232
970 1003 1150 1058 Verbo
1181 1000 1271 1056 illa
1320 1001 1682 1064 ascribe-tiles,
1736 1015 1804 1054 ex
1852 998 1919 1053 iis
1948 998 2044 1053 de-

468 1108 773 1161 m‘onstrare
818 1100 1066 1153 nituntur
1092 1110 1197 1151 non
1244 1108 1365 1150 esse
1394 1090 1559 1148 Deum
1589 1091 1681 1163 qui
1719 1090 1833 1145 haec
1856 1086 2046 1145 fecerit

460 1209 523 1251 et
547 1208 738 1266 passus
768 1189 951 1254 fuerit,
995 1188 1129 1243 adeo
1173 1195 1235 1241 ut
1266 1195 1323 1241 et
1350 1186 1523 1255 ipsimi
1572 1180 1836 1237 ercaturis
1872 1172 2045 1235 annu-

456 1294 701 1349 ‘m'erent,
757 1297 880 1339 cum
922 1295 1111 1335 earum
1155 1278 1229 1333 sit
1272 1285 1507 1332 creator.
1553 1275 1660 1329 Ᾱιιι
1709 1274 1839 1342 ergo
1886 1272 2042 1326 attri-

441 1372 619 1435 "‘buite
655 1375 794 1432 Filio
817 1373 960 1443 quod
993 1372 1066 1426 sit
1102 1385 1241 1424 unus
1270 1384 1392 1422 cum
1427 1367 1605 1432 Patre,
1641 1366 1735 1418 aut
1763 1371 1909 1418 certe
1938 1352 2044 1416 non

444 1468 758 1529 "invenietis
798 1466 1038 1523 Verbum
1085 1463 1228 1534 quod
1282 1461 1423 1516 Patri
1474 1458 1679 1530 aequale
1714 1468 1798 1513 est
1832 1472 1929 1528 per
1962 1450 2043 1524 se,

438 1566 738 1634 quatenus
770 1557 1007 1613 Verbum
1043 1562 1151 1617 est,
1199 1550 1349 1615 ﬂere,
1388 1557 1481 1605 aut
1514 1556 1750 1603 mcerore
1785 1546 1869 1602 vel
1899 1552 2044 1629 metu

438 1654 628 1719 “allici,
681 1658 797 1716 aut,
838 1649 882 1703 si
934 1661 1039 1701 non
1088 1642 1310 1699 creditis
1366 1640 1571 1696 dicenti
1620 1638 1719 1709 ipsi
1776 1639 1916 1708 quod
1976 1636 2047 1692 sit

2137 460 2448 533 περιέλκειν
2475 461 2710 525 ἐννοίας,
2741 460 2841 513 οὐκ
2881 458 3223 522 ἀποδιδόντες
3251 459 3330 530 τῷ
3376 457 3493 529 Υἱῷ
3542 459 3604 513 τὸ
3646 460 3706 513 ἓν

2137 547 2279 607 εἶναι
2309 549 2724 624 11ατρὺς(πρδς)
2754 552 2844 605 τὸν
2871 550 3116 621 Πατέρα,
3149 550 3285 605 ἀλλά
3326 551 3387 604 τὸ
3444 550 3624 616 καλῶς
3648 568 3706 606 τε

2139 646 2231 698 καὶ
2258 644 2436 716 ὀρθῶς
2465 642 2762 714 εἰρημένον
2818 642 3227 715 ἐπιχειροῦντες
3254 642 3579 714 παραλύειν.
3608 644 3710 697 Εὐ-

2141 732 2420 803 ρίσκοντες
2457 734 2514 786 δὲ
2542 733 2703 787 πάλιν
2727 735 2786 788 ὲν
2836 736 2949 798 τοῖς
3008 734 3364 802 Εὑαγγελίοις
3400 734 3469 787 τὰ
3500 718 3713 805 ὅσαπέρ

2140 823 2213 886 ὡς
2251 822 2538 893 ἄνθρωπος
2568 823 2600 895 ἦ
2628 823 2893 876 πέπονθεν
2934 824 2965 894 ἢ
3020 823 3115 877 καὶ
3159 822 3399 895 είρηιιὼς
3438 823 3708 893 φαίνεται,

2139 911 2253 993 οἷον
2282 915 2342 966 τὸ
2359 914 2623 968 ἔκλαύσεν
2647 915 2677 985 ἦ
2701 916 2792 968 καὶ
2816 914 3084 985 ἐλυπήθη,
3111 915 3205 968 καὶ
3223 915 3292 968 τὰ
3311 913 3516 977 τούτοις
3530 915 3712 986 ὃμοια,

2141 1008 2202 1060 ού
2239 1009 2496 1077 φέρουσιν
2548 1007 2643 1059 ἐπὶ
2676 1005 2773 1078 τὴν
2818 1005 3239 1079 ἁνθρωπότητα,
3272 1006 3385 1060 ἀλλ’
3421 1006 3582 1071 εὐθὺς
3635 1008 3715 1078 τῷ

2141 1101 2301 1171 Λόγῳ
2331 1099 2505 1155 ταῦτα
2536 1099 2965 1170 προσάπτοντες,
3000 1098 3274 1165 ἀπόδειξιν
3319 1098 3594 1154 ποιοῦνται
3621 1100 3716 1153 τοῦ

2147 1192 2222 1262 μὴ
2250 1189 2388 1246 εἶναι
2420 1192 2553 1269 Θεὸν
2576 1192 2666 1247 τὸν
2698 1191 2874 1245 ταῦτα
2900 1191 3241 1244 πεπονθότα’
3263 1189 3409 1244 ὥστε
3439 1194 3533 1246 καὶ
3555 1192 3726 1246 αὐτὸν

2148 1281 2599 1353 συναριθμεῖσθαι
2629 1284 2703 1352 τῇ
2736 1281 2932 1346 κτίσει,
2968 1282 3060 1335 τὸν
3076 1282 3280 1350 ταύτης
3311 1280 3441 1335 ὅντα
3464 1284 3725 1351 ποιητήν.“

2152 1375 2222 1426 Ἣ
2253 1373 2435 1429 τοίνυν
2464 1373 2660 1437 ἀπόδος
2674 1374 2750 1442 τῷ
2768 1373 2883 1444 Υίῴ
2901 1373 2959 1426 τὸ
2987 1372 3045 1425 ἓν
3063 1368 3200 1427 εἶναι
3219 1373 3353 1443 πρὸς
3371 1373 3463 1428 τὸν
3480 1357 3719 1445 Πατέρα,

2153 1466 2247 1517 καὶ
2270 1465 2367 1535 οὐχ
2385 1465 2641 1534 εὑρήσεις
2661 1464 2751 1517 τὸν
2792 1465 2848 1518 ἐν
2882 1466 3085 1533 ἰσότητι
3107 1464 3199 1518 τοῦ
3230 1465 3441 1535 [ἰατρὸς
3471 1466 3601 1519 ὄντα
3620 1466 3721 1519 Λόέ

2122 1605 2127 1610 .
2154 1574 2248 1625 γον
2288 1557 2411 1610 καθ’
2439 1557 2654 1622 ἑαυτὸν,
2752 1558 2923 1624 Λόγος
2953 1557 3091 1622 ἐστὶ,
3124 1556 3380 1611 κλαίοντα
3406 1554 3727 1629 ἢλυπούμεέ

2158 1667 2267 1707 νον,
2301 1649 2334 1718 ἢ
2362 1648 2512 1717 φόϐῳ
2545 1647 2876 1719 βαλλόμενον
2899 1664 2913 1679 ο
2944 1647 2977 1718 ἢ
3009 1648 3058 1699 εί
3088 1648 3163 1719 μὴ
3187 1648 3462 1712 πιστεύεις
3513 1649 3731 1717 λέγοντι

466 1760 635 1803 unum
687 1756 809 1798 cum
854 1738 1035 1802 Patre,
1089 1750 1157 1791 ne
1206 1735 1309 1790 hoc
1347 1733 1565 1802 quidem
1617 1730 1875 1795 credatis,
1923 1728 2043 1784 eum

2160 1714 2333 1810 αὐτῷ,
2358 1714 2555 1810 δτιπερ
2569 1741 2627 1793 ἓν
2658 1714 2775 1793 ἐστι
2794 1740 2929 1810 πρὸς
2949 1714 3039 1792 τὸν
3065 1714 3259 1795 ἑαυτοῦ
3307 1738 3547 1811 Πατέρα,
3588 1714 3727 1811 μηδὲ

469 1836 602 1893 dicit
631 1848 691 1889 se
723 1829 925 1887 tristari
962 1845 976 1882 :
1011 1835 1174 1895 atque
1209 1825 1281 1879 ita
1325 1820 1620 1878 incredulis
1649 1818 1848 1875 Iudaeis
1872 1816 2044 1874 ascri-

468 1926 695 1991 bemini,
730 1921 866 1979 nihil
895 1917 1118 1975 omnino
1145 1930 1334 1972 eorum
1361 1928 1480 1984 qum
1508 1912 1573 1967 de
1606 1910 1894 1967 Servatore
1919 1910 2045 1965 srri-

469 2031 558 2093 pta
585 2026 730 2080 sunt,
770 2012 1110 2082 recipientes.

1140 2120 1367 2177 ALIUD.

518 2220 741 2301 'r-iutus
809 2238 1002 2296 alicubi
1057 2234 1193 2289 dicit
1239 2234 1306 2287 de
1356 2229 1491 2285 Filio
1547 2230 1637 2286 Dei
1690 2246 1703 2283 ι
1753 2249 1770 2280 ι
1829 2228 1929 2295 Qui
1992 2226 2045 2281 i'n

441 2312 643 2393 ιΙοιίιιιι
674 2333 853 2389 Patris
883 2330 1179 2389 exsistcns,
1209 2340 1315 2378 non
1345 2323 1587 2392 rapinam
1622 2322 1917 2376 arbitratus
1964 2312 2046 2373 est

471 2446 530 2483 se
589 2441 707 2481 esse
775 2419 1037 2491 :equaleni
1099 2415 1247 2481 Deo,
1328 2414 1419 2466 sed
1491 2413 1729 2480 seipsurn
1802 2410 2047 2463 exinani-

450 2516 569 2583 "vit,
627 2517 797 2572 forma
849 2510 990 2567 s‘ervi
1040 2517 1283 2577 accepta,
1326 2513 1380 2558 et
1428 2503 1625 2559 diabitu
1679 2502 1931 2557 inventus
1990 2507 2050 2555 ut

452 2617 634 2667 ‘bumo
657 2610 723 2662 '°.
757 2626 774 2658 ι
819 2606 1052 2659 Verthm
1092 2601 1274 2668 itaque
1323 2596 1413 2651 Dei
1470 2595 1666 2649 factum
1710 2604 1793 2649 est
1839 2594 2043 2649 homo:

468 2698 647 2773 neque
670 2699 815 2755 enim
850 2691 1075 2748 immisit
1111 2706 1169 2746 se
1206 2690 1258 2742 in
1286 2687 1580 2752 hominem,
1618 2695 1673 2739 tit
1713 2686 1765 2739 in
1808 2686 2046 2755 prophe-

478 2798 568 2858 tis,
605 2792 698 2847 sed
732 2802 920 2843 revera
942 2785 992 2839 id
1023 2784 1201 2837 iactus
1233 2790 1317 2835 est
1342 2777 1483 2847 quod
1522 2793 1642 2840 nos,
1678 2787 1903 2845 excepto
1935 2779 2048 2830 solii

474 2893 720 2955 peccato.
757 2878 851 2933 Est
887 2875 1047 2943 igitur
1078 2873 1242 2955 Deus,
1280 2879 1545 2939 quatenus
1574 2877 1658 2923 est
1685 2867 1915 2921 Verbum
1950 2864 2048 2919 Pa-

477 2975 594 3036 tris,
628 2981 681 3024 et
715 2967 1017 3038 proprietas
1045 2963 1293 3017 essentia:
1334 2961 1483 3030 ejus;
1537 2961 1694 3013 bouio
1734 2974 1883 3022 vero,
1918 2974 2049 3026 qua-

2161 1832 2565 1902 ὅτιλελύπηται
2612 1831 2827 1900 λέγοντι
2880 1832 3182 1903 πιστεύσῃς
3210 1848 3222 1861 ·
3264 1834 3358 1885 καὶ
3406 1832 3579 1895 οὕτως
3627 1833 3738 1903 ἔσῃ’

2166 1925 2303 1994 μετά
2337 1924 2448 1977 τῶν
2478 1922 2727 1976 ἀπίστων
2778 1922 3073 1991 Ἰουδαίων,
3103 1923 3255 1979 οὐδὲν
3282 1924 3415 1989 ὅλως
3442 1924 3552 1978 τῶν
3577 1927 3728 1996 παρά

2164 2017 2262 2072 τοῦ
2294 2015 2555 2087 ’Σωτῆρος
2598 2017 2903 2087 εἰρημένων
2926 2016 3236 2087 δεχόμενος.

2827 2124 3031 2179 ΑΛΛυ.

2219 2244 2379 2313 Λέγει
2431 2260 2531 2296 που
2579 2232 2788 2303 Παῦλος
2819 2238 2948 2311 περὶ
2978 2237 3069 2291 τοῦ
3101 2236 3232 2290 Υίοῦ
3263 2235 3355 2292 τοῦ
3386 2224 3549 2291 Θεοῦ⁶
3588 2226 3725 2313 ιὋς

2149 2339 2204 2390 ἐν
2233 2320 2411 2407 μορφῇ
2440 2333 2574 2388 Θεοῦ
2604 2325 2887 2401 ὑπάρχων,
2918 2331 3017 2401 ούχ
3057 2329 3349 2400 ἁρπαγμὸν
3389 2324 3635 2401 ἡγήσατο
3662 2330 3722 2383 τὸ

2148 2424 2286 2482 εἶναι
2330 2426 2420 2481 ἴσα
2454 2424 2589 2495 Θεῷ,
2627 2423 2742 2477 ἀλλ’
2769 2422 2960 2487 ἑαυτὸν
2987 2420 3241 2487 ὲκένωσε,
3275 2420 3488 2492 μορφὴν
3533 2418 3722 2493 δούλου

2148 2519 2347 2582 λαϐὼν,
2381 2520 2474 2572 καὶ
2502 2518 2739 2587 σχήματι
2769 2514 3011 2585 εὑρεθεὶς
3035 2513 3109 2576 ὡς
3135 2513 3469 2582 ἄνθρωπος.»
3500 2502 3724 2583 Γέγονεν

2148 2607 2241 2665 οὖν
2264 2602 2545 2680 ἄνθρωπος
2579 2610 2606 2661 ὁ
2632 2607 2723 2660 τοῦ
2756 2605 2890 2659 Θεοῦ
2923 2605 3094 2672 Λόγος
3116 2622 3130 2635 ’
3177 2604 3276 2657 οὐκ
3327 2607 3407 2667 εἰς
3439 2590 3725 2676 ἄνθρωπον

2146 2694 2333 2769 ἦλθεν,
2366 2694 2553 2760 ὥσπερ
2586 2697 2641 2749 ὲν
2687 2697 2799 2759 τοῖς
2852 2694 3160 2765 προφήταις
3184 2710 3196 2722 ·
3234 2693 3346 2746 ἀλλ’
3376 2693 3549 2757 ὅντως,
3570 2690 3739 2747 τοῦτο

2149 2785 2377 2852 γέγονεν’
2397 2786 2533 2855 ὅπερ
2566 2784 2657 2836 καὶ
2686 2784 2867 2853 ἡμεῖς,
2891 2780 3010 2851 δίχα
3039 2782 3207 2851 μόνης
3237 2782 3728 2852 ἀμαρτίας.Ἕστιν

2150 2872 2240 2929 οὖν
2275 2862 2413 2939 Θεὸς
2463 2875 2578 2945 μέν,
2699 2873 2871 2939 Λόγος
2917 2871 3033 2924 ἐστὶ
3080 2870 3174 2924 τοῦ
3227 2873 3460 2943 Πατρός,
3492 2858 3583 2927 καί
3631 2875 3730 2945 τῆς

2150 2967 2337 3031 οὐσίας
2392 2963 2554 3020 αύτοῦ
2606 2964 2665 3017 τὸ
2715 2963 2878 3017 ῐδιον·
2908 2962 3196 3035 ἀνθρωπος
3238 2963 3316 3028 δὲ,
3352 2964 3485 3018 καθὸ
3538 2964 3728 3032 γέγονε

477 3073 632 3115 tenus
673 3055 846 3110 iactus
891 3061 977 3107 est
1020 3063 1171 3111 caro.
1218 3048 1356 3102 sicut
1394 3046 1654 3115 scriptum
1691 3055 1794 3109 est,
1839 3053 1893 3096 et
1947 3059 2045 3095 no-

2154 3058 2309 3130 σὰρξ,
2364 3055 2438 3120 ὡς
2488 3056 2836 3126 γέγραπται,
2886 3055 2982 3106 καὶ
3025 3053 3121 3124 τὴν
3174 3054 3333 3125 ἡμῶν
3381 3046 3743 3126 περιεϐάλετο

475 3164 644 3206 stram
685 3160 899 3204 carnem
933 3141 1245 3209 assumpsit.
1292 3138 1427 3193 Cum
1463 3138 1642 3205 itaque
1672 3136 1755 3189 bis
1799 3134 2044 3188 terminis

477 3243 606 3296 fides
630 3239 694 3292 de
740 3235 1032 3291 Servatore
1067 3242 1250 3285 nostro
1302 3227 1519 3282 Christo
1558 3226 1866 3289 definiatur,
1928 3224 2042 3278 dis-

474 3337 766 3384 eernantur
803 3324 941 3378 dicta
989 3336 1107 3390 quin
1131 3320 1194 3373 ad
1223 3334 1345 3372 eum
1372 3317 1641 3386 pertinent
1668 3316 2047 3368 convenienter

468 3418 691 3475 ‘rationi.
746 3416 812 3470 Et
855 3429 979 3468 cuni
1017 3412 1214 3464 audis:
1254 3428 1272 3459 ι
1304 3409 1413 3478 Ego
1446 3417 1501 3463 et
1552 3407 1709 3460 Pater
1748 3422 1909 3459 unum
1956 3419 2047 3457 su-

477 3529 615 3575 mus,
649 3530 666 3560 ι
704 3510 769 3562 ad
799 3502 1116 3562 solamFilii
1153 3513 1204 3557 et
1237 3501 1414 3555 Patris
1447 3498 1782 3553 divinitatem
1814 3497 2043 3567 respice,

473 3613 527 3656 ιτι
570 3603 733 3656 Deum
764 3596 939 3666 cogita
968 3591 1167 3648 Filium
1208 3606 1273 3646 ex
1304 3584 1540 3645 essentia
1572 3586 1749 3641 Patris
1781 3589 2041 3656 genitum.

474 3668 576 3747 Ubi
608 3702 732 3742 vero
766 3683 1003 3738 audieris
1033 3697 1154 3736 eum
1201 3680 1431 3742 ﬂevisse,
1469 3687 1522 3731 et
1549 3684 1785 3731 maerore
1808 3692 1869 3731 ac
1900 3685 2045 3731 metu

474 3779 723 3836 allectum
751 3776 946 3839 fuisse,
999 3784 1197 3844 printer
1225 3774 1274 3827 id
1304 3772 1451 3841 quod
1486 3769 1650 3825 fuerit
1682 3769 1844 3835 Deus,
1876 3769 2048 3824 licini-

470 3880 594 3927 nem
650 3884 867 3941 quoque
916 3868 1080 3921 luisse
1126 3864 1419 3933 intelligas,
1470 3873 1524 3919 et
1577 3866 1754 3918 tribue
1800 3863 2048 3917 humana:

472 3974 681 4019 natura:
726 3970 845 4031 qua:
892 3958 967 4013 illi
1018 3957 1303 4011 debentur.
1349 3953 1482 4009 Cum
1531 3954 1675 4009 enim
1722 3952 1947 4007 mortale
1995 3960 2049 4005 et

472 4048 825 4125 corruptibili:
870 4065 1071 4121 corpus
1118 4048 1449 4117 assumpsit,
1502 4055 1557 4099 et
1610 4044 1870 4112 ejusmodi
1915 4042 2048 4097 επο-

470 4146 744 4203 ι·ιίοιιὶιιιιι
795 4141 1129 4207 obnoxium,
1184 4137 1497 4195 necessario
1548 4136 1712 4189 etiam
1768 4148 1872 4189 una
1924 4146 2046 4189 cum

472 4246 636 4293 'carne
685 4235 801 4304 eius
833 4234 1197 4302 proprietates
1229 4239 1281 4285 et
1312 4227 1596 4298 passiones
1625 4224 1680 4280 in
1717 4240 1775 4280 se
1807 4216 2001 4295 recipit
2029 4243 2042 4278 :

472 4345 607 4399 quas
654 4341 775 4381 cum
827 4340 955 4381 caro
1005 4324 1307 4389 sustineat,
1349 4321 1466 4390 ipse
1529 4331 1621 4374 eas
1665 4317 1935 4374 sustinere
1983 4332 2048 4372 ac

2156 3148 2527 3219 σὰρκα.⁶¹ορον
2564 3142 2655 3198 οὖν
2706 3138 2936 3214 ἐχούσης
2983 3143 3171 3196 τοῦτον
3211 3145 3311 3214 τῆς
3360 3143 3594 3207 πίστεως
3634 3145 3732 3214 τῆς

2153 3260 2218 3295 πε
2231 3241 2283 3312 pl.
2308 3239 2403 3293 τοῦ
2435 3240 2684 3310 Σωτῆρος
2709 3236 2862 3307 ἡμῶν
2894 3232 3151 3305 Χριστοῦ,
3182 3234 3642 3305 διακρινέσθωσαν
3672 3237 3727 3288 αἱ

2154 3334 2281 3405 περὶ
2304 3331 2465 3385 αὑτοῦ
2495 3329 2670 3396 φωναὶ
2694 3327 2834 3380 κατὰ
2863 3327 2953 3379 τὸν
2984 3324 3139 3393 λόγον
3172 3318 3261 3378 τὸν
3289 3324 3585 3395 πρέποντα.
3612 3325 3731 3377 Κάν

2154 3418 2419 3490 ἀκούσῃς·
2474 3436 2490 3467 ι
2515 3414 2655 3483 Ἐγὼ
2688 3414 2781 3467 καὶ
2813 3416 2841 3466 ό
2886 3413 3074 3482 Πατὴρ
3102 3412 3159 3464 ἓν
3190 3413 3377 3481 ἐσμεν,
3410 3431 3427 3465 ι
3476 3413 3603 3483 μίαν
3632 3414 3733 3483 ὅρα

2152 3509 2249 3580 τὴν
2274 3508 2504 3578 θεότητα
2528 3505 2621 3559 τοῦ
2644 3500 2772 3559 Υἱοῦ
2798 3506 2890 3558 καὶ
2917 3502 3011 3557 τοῦ
3042 3503 3275 3575 Πατρός,
3295 3505 3388 3556 καὶ
3410 3496 3543 3557 Θεὸν
3563 3505 3732 3577 ἐννόει

2153 3576 2242 3653 τεν
2271 3599 2399 3652 raw
2423 3576 2488 3651 ix
2516 3598 2614 3667 τῆς
2646 3596 2833 3658 οὐσίας
2858 3595 2986 3647 ὄντα
3015 3591 3108 3647 τοῦ
3138 3593 3367 3665 Πατρός.
3387 3578 3511 3647 Ἐὰν
3536 3593 3591 3647 δὲ
3623 3576 3731 3648 πά-

2154 3689 2238 3744 λιν
2290 3689 2531 3760 ἀκούσῃς
2575 3688 2702 3758 περὶ
2749 3683 2937 3749 αὐτοῦ,
2966 3684 3046 3737 δτι
3083 3683 3311 3736 ἔκλαυσε
3344 3685 3436 3737 καὶ
3464 3684 3731 3755 ἐλυπήθη,

2154 3785 2248 3837 καὶ
2305 3781 2566 3851 ἐπτοήθη,
2603 3778 2696 3833 καὶ
2745 3777 3033 3848 ἀδημονεῖν
3084 3775 3303 3847 ἤρξατο,
3352 3774 3523 3829 ἐννόει
3571 3776 3734 3830 πάλιν

2154 3868 2439 3944 ἄνθρωπον
2465 3870 2592 3922 ὅντα
2629 3866 2768 3938 μετά
2797 3868 2857 3919 τὸ
2889 3863 3028 3919 εἶναι
3075 3865 3226 3930 Θεὸν,
3260 3866 3353 3921 καί
3391 3865 3631 3919 ἀνατίθει
3664 3870 3741 3938 τῇ

2153 3961 2530 4030 ἀνθρωπότητι
2584 3958 2651 4011 τά
2700 3959 2836 4027 αὐτῇ
2890 3955 3326 4027 χρεωστούμενα.
3361 3955 3575 4027 Ἐπειδὴ
3626 3955 3746 4026 γὰρ

2155 4052 2348 4123 θνητὸν
2374 4051 2468 4105 καὶ
2496 4048 2731 4119 φθαρτὸν
2762 4046 3000 4101 ἀπέλαϐε
3030 4046 3210 4117 σῶμα,
3229 4045 3321 4099 καὶ
3342 4047 3453 4109 τοῖς
3474 4042 3739 4105 τοιούτοις

2156 4142 2385 4197 πάοεσιν
2430 4138 2803 4210 ὑποκείμενον,
2838 4136 3149 4206 ἀναγκαίως
3201 4135 3337 4205 μετά
3382 4135 3483 4205 τῆς
3536 4133 3743 4205 σαρκὸς

2156 4233 2251 4289 καὶ
2278 4233 2346 4285 τά
2376 4232 2543 4303 αὐτῆς
2576 4230 2911 4284 ίδιοποιεῖται
2940 4227 3087 4297 πάθη
3118 4226 3210 4280 καὶ
3233 4225 3408 4296 αὐτῆς
3434 4223 3735 4295 ὑπομενού-

2158 4340 2258 4395 σης
2307 4322 2465 4387 αύτά,
2494 4321 2567 4387 ὡς
2618 4320 2776 4383 αὐτὸς
2809 4320 3095 4390 ὑπομένων
3127 4316 3365 4385 λέγεται.
3398 4315 3585 4378 Οῦτως
3626 4316 3749 4386 γάρ

475 4424 617 4474 terre
652 4417 869 4473 dicitur.
917 4416 992 4470 Ita
1043 4416 1186 4471 enim
1238 4413 1390 4469 illum
1438 4410 1759 4467 cruciﬁxum
1800 4420 1855 4466 et
1906 4424 2045 4465 mor-

2158 4432 2337 4487 φαμεν
2357 4416 2438 4467 ὃτι
2471 4416 2563 4468 καὶ⁵
2593 4411 2912 4483 ἐσταυρώθη
2940 4410 3034 4464 καὶ
3061 4409 3319 4474 ἀπέθανε,
3350 4408 3507 4461 τοῦτο
3533 4404 3735 4460 παθού-

476 4516 624 4567 tuum
670 4523 790 4563 esse
838 4508 1102 4574 dicimus,
1148 4522 1272 4563 cum
1326 4519 1455 4559 caro
1504 4504 1555 4558 id
1604 4517 1759 4573 passa
1811 4504 1899 4570 sit,
1941 4516 2048 4558 non

475 4610 646 4676 ipsum
678 4618 776 4673 per
814 4616 873 4656 se
922 4598 1189 4666 Verbum;
1244 4614 1367 4652 nam
1416 4597 1467 4651 id
1514 4595 1750 4667 passioni
1797 4604 1850 4651 et
1886 4594 2045 4650 morti

473 4697 763 4753 obnoxium
796 4708 901 4748 non
933 4702 1036 4747 est.
1063 4691 1156 4747 Pie
1184 4690 1351 4760 igitur
1382 4697 1544 4759 atque
1574 4685 1875 4743 orthodoxe
1900 4687 2042 4743 dicta

477 4786 974 4859 interpretabimur,
1019 4782 1289 4839 divinitati
1332 4781 1549 4851 quidem
1596 4778 1896 4835 tribuentes
1929 4782 2048 4847 qua:

477 4882 666 4934 divino
688 4895 836 4935 more
870 4878 1012 4933 dicta
1044 4884 1171 4931 sunt
1203 4891 1215 4927 :
1245 4873 1397 4928 carni
1428 4887 1555 4928 vero
1581 4877 1702 4942 qua:
1730 4885 1827 4942 per
1854 4871 2049 4927 insitos

476 4968 631 5023 nobis
683 4967 967 5022 naturales”
1000 4972 1200 5031 motus,
1247 4965 1477 5031 quorum
1516 4962 1676 5016 sensu
1728 4968 1853 5015 cum
1894 4974 2047 5016 mens

473 5059 761 5123 alliciatur,
797 5059 992 5113 tacitus
1026 5055 1383 5125 occultusque
1434 5054 1629 5109 mentis
1668 5066 1923 5108 susurrus
1953 5067 2047 5122 per

473 5149 670 5219 lingua.-
700 5149 1083 5217 seaturiginem
1117 5146 1375 5215 erumpit.

891 5257 1051 5327 233
1090 5254 1319 5320 ALIUD,
1355 5255 1634 5309 narratire.

545 5368 778 5422 Verbum
833 5367 925 5422 Dei
962 5383 1066 5421 non
1116 5367 1275 5420 aliam
1329 5366 1397 5420 ob
1442 5380 1661 5418 causam
1716 5364 1917 5421 factum
1964 5375 2040 5419 est

475 5462 651 5519 homo,
680 5473 836 5524 quam
863 5469 920 5511 ut
944 5459 1123 5511 omnia
1151 5472 1267 5526 quae
1296 5470 1389 5510 sua
1418 5464 1561 5522 sunt,
1586 5457 1783 5511 nostris
1819 5457 2045 5511 iulirmi-

550 5634 597 5669 ⁸ο
626 5632 854 5703 Philipp.
894 5632 1119 5699 11,6,7.

2159 4525 2259 4578 σης
2285 4508 2383 4579 τῆς
2414 4507 2636 4578 σαρκὸς,
2668 4509 2767 4560 ούκ
2801 4506 2905 4577 ίδία
2931 4504 3026 4557 καὶ
3053 4502 3175 4557 καθ’
3199 4502 3388 4555 ἑαυτὸν
3411 4499 3505 4553 τοῦ
3533 4499 3731 4567 Λόγου·

2154 4595 2369 4668 ἀπαθὴς
2417 4597 2524 4666 γάρ
2573 4598 2685 4649 ἐστι
2730 4588 2823 4648 καὶ
2862 4593 3146 4655 ἀθάνατος.
3185 4590 3394 4644 Οὐκοῦν
3439 4588 3734 4661 όρθοδόξως

2154 4686 2497 4757 έκληψόμεθα
2535 4685 2599 4737 τὰ
2648 4684 2933 4757 είρημένᾶ,
2965 4684 3030 4752 τῇ
3083 4680 3182 4751 μὲν
3232 4678 3442 4749 Θεότητι
3482 4677 3734 4748 νέμοντες

2155 4780 2221 4833 τὰ
2252 4777 2547 4850 θεοπρεπῆ,
2584 4775 2931 4838 ἀνατιθέντες
2961 4774 3018 4826 δὲ
3048 4776 3113 4844 τῇ
3144 4772 3310 4841 σαρκὶ
3352 4771 3421 4824 τὰ
3465 4769 3532 4822 δι’
3564 4768 3733 4837 αὐτὴν

2156 4874 2251 4925 καὶ
2281 4871 2357 4934 ὡς
2385 4868 2444 4935 ἐξ
2482 4869 2650 4938 αὐτῆς
2686 4869 2953 4939 εἰρημένα
2982 4864 3071 4918 διὰ
3102 4864 3209 4918 τῶν
3233 4864 3289 4917 ὲν
3317 4864 3447 4934 ἡμῖν
3488 4858 3731 4930 φυσικῶν

2157 4962 2473 5033 κινημάτων
2492 4976 2507 4991 ·
2542 4954 2615 5013 ὧν
2640 4963 2669 5014 ό
2699 4959 2822 5022 νοῦς
2852 4957 2989 5026 ἔχων
3019 4956 3117 5027 τὴν
3141 4954 3412 5022 αἴσθησιν,
3442 4949 3729 5013 ἀναϐλύζει

2153 5039 2241 5108 διά
2287 5053 2531 5123 γλώττης
2578 5052 2645 5104 τὰ
2694 5052 2752 5105 ὲν
2806 5049 2960 5120 βάθει
3008 5050 3143 5102 κατά
3177 5048 3237 5100 τὸ
3266 5045 3465 5116 ἀφανὲς
3502 5042 3743 5113 ἀφώνωςί

2153 5144 2568 5215 ψιθυριζόμενα.

2587 5240 2767 5311 ΛΛΛΘ
2789 5298 2802 5322 ,
2842 5242 3295 5326 διηγηματικῶς.

2225 5372 2449 5439 Γέγονεν
2483 5370 2762 5441 ἅνθρωπος
2807 5374 2834 5423 ὁ
2885 5372 2979 5422 τοῦ
3032 5369 3165 5421 Θεοῦ
3193 5368 3363 5435 Λόγος
3394 5365 3453 5417 ού
3483 5365 3568 5417 διὰ
3610 5380 3730 5415 τινα

2156 5461 2423 5530 πρόφασιν
2452 5460 2664 5530 ἑτέραν.
2686 5460 2799 5512 ἀλλ’
2822 5460 2904 5511 ἵνα
2935 5459 3106 5510 πάντα
3130 5458 3194 5509 τὰ
3220 5451 3412 5507 ἑαυτοῦ
3434 5454 3552 5512 ταῖς
3573 5448 3730 5519 ἡμῶν
