4058 6206
352 218 457 273 399

1352 212 1411 273 S.
1453 211 1725 270 CYRILLI
1767 207 2232 266 ALEXANDRINI
2273 211 2586 271 ARCHIEP.

3509 214 3612 270 ιοθ

355 354 383 391 a
416 351 501 392 me
534 329 666 392 calix
729 335 848 390 iste.
885 351 903 387 ι
936 332 1005 388 Et
1036 348 1097 389 re
1148 333 1261 404 ipsa
1318 332 1554 388 ostendit
1607 331 1750 401 quod
1795 329 1937 405 Deus

2047 329 2173 401 ὲμοῦ
2202 332 2263 385 τὸ
2295 334 2573 405 ποτήριον.
2606 352 2625 385 s
2662 330 2900 385 Ἔδείκνυ
2932 332 3003 411 ⁸δέ
3045 330 3133 385 διὰ
3169 330 3277 383 τῶν
3322 328 3498 407 ἔργων
3530 330 3613 384 ὅτι

356 438 501 483 esset
529 416 619 498 qui
660 425 878 497 prapler
904 440 1004 482 nos
1033 424 1514 488 incarnatus'erat,
1542 431 1704 491 atque
1738 421 1853 476 haec
1880 420 1931 474 in

355 533 518 591 c_ruce
553 519 830 575 sustinens
872 526 1092 591 propter
1120 516 1363 573 omnium
1404 523 1647 570 nostrum
1676 513 1930 568 salutem.

338 586 579 668 salares
619 609 763 665 enim
810 586 993 663 radios
1029 605 1325 670 contraxit,
1371 614 1426 660 et
1477 604 1714 660 tenebris
1740 602 1933 659 cmlum

360 704 601 759 Involvit.
627 701 802 758 Scidit
836 708 1040 772 petras,
1074 706 1129 753 et
1168 705 1389 762 terram,
1423 705 1477 751 et
1519 695 1693 750 velum
1731 693 1933 764 templi,

358 794 570 866 aliaque
607 791 773 848 multa
813 788 1071 846 miracula
1099 772 1268 842 edidit
1300 778 1371 850 ⁸⁷,
1403 793 1463 840 ut
1498 785 1640 842 Deus
1678 800 1819 847 esse.
1845 784 1934 855 qui

360 886 674 941 incarnatus
710 888 853 943 erat,
897 875 1187 932 manifeste
1238 876 1639 931 Osteuderetur.
1697 873 1848 930 Unde
1883 872 1938 930 et

362 977 395 1032 ii
423 977 515 1047 qui
558 990 679 1031 eum
725 970 1140 1032 crucillxerunt,
1175 975 1442 1039 anteaque
1493 952 1817 1032 deris'erant,
1856 966 1937 1021 vi~

356 1068 547 1122 dentes
570 1078 689 1134 quae
721 1060 980 1115 divinitus
1007 1058 1306 1114 edebantur
1334 1057 1616 1122 miracula,
1645 1056 1898 1112 dicebant
1921 1056 1933 1110 ἐ

360 1176 382 1211 ι
416 1156 552 1211 Verc
587 1153 756 1209 Filius
782 1150 873 1206 Dei
901 1159 1031 1206 erat
1053 1150 1155 1205 iste
1179 1151 1245 1205 ⁸⁸.
1275 1169 1293 1202 ι

1038 1262 1267 1320 ALIUD.

429 1384 666 1441 Verbum
717 1380 808 1436 Dei
839 1378 1040 1435 factum
1085 1388 1173 1433 est
1208 1379 1390 1443 homo,
1425 1394 1530 1433 non
1578 1389 1636 1433 ut
1682 1389 1938 1449 tanquam

358 1478 499 1533 Deus
529 1484 654 1531 ante
682 1471 1113 1528 incarnationem
1140 1470 1325 1524 omnia
1372 1468 1535 1525 faciat
1564 1481 1619 1523 et
1669 1470 1937 1539 loquatur,

356 1569 451 1624 sed
500 1576 559 1622 ut
615 1564 808 1629 multa,
858 1575 923 1617 es
979 1560 1303 1616 necessitate
1350 1560 1841 1615 administrationis
1889 1561 1940 1614 in

2034 423 2167 487 Θεός
2211 425 2382 488 ἐστιν,
2431 425 2460 477 ό
2507 425 2575 479 δι’
2603 425 2753 497 ἡμᾶς
2800 419 3250 492 ἐνανθρωπήσας,
3303 421 3397 475 καὶ
3441 420 3615 497 ταῦτα

2036 516 2321 587 ὑπομένων
2367 518 2424 570 ἐν
2478 514 2555 587 τῷ
2609 494 2851 589 σταυρῷ,
2886 513 2977 569 διὰ
3017 513 3116 584 τὴν
3162 512 3416 567 ἀπάντων
3455 494 3616 583 ἡμῶν

2036 609 2309 680 σωτηρίαν
2329 626 2343 639 ·
2377 609 2688 664 συνέστελλε
2719 610 2816 681 μὲν
2844 608 2953 679 γάρ
2985 608 3084 679 τὴν
3125 606 3357 677 ἡλιακὴν
3396 607 3615 673 ἀκτῖνα,

2035 701 2131 755 καὶ
2163 701 2338 773 σκότῳ
2367 702 2691 774 περιέϐαλλε
2712 703 2803 757 τὸν
2833 698 3084 773 οὐρανὸν,
3110 699 3288 769 ἐσχιζε
3314 699 3370 752 δέ
3397 699 3495 761 τὰς
3519 696 3616 752 πέ-

2036 811 2193 865 τρας,
2227 795 2321 849 καὶ
2362 795 2462 865 τὴν
2504 796 2607 867 γῆν
2640 795 2734 849 καὶ
2776 794 2839 848 τὸ
2882 793 3280 863 καταπέτασμα
3312 789 3405 845 τοῦ
3441 789 3569 846 ναοῦ
3597 806 3612 824 ·

2038 888 2203 960 ἕτερά
2255 906 2308 942 τε
2349 888 2486 960 πρὸς
2520 887 2726 951 τούτοις
2758 887 2929 941 ἐποίει
2979 884 3209 957 μεγάλα,
3237 884 3326 938 ἴνα
3356 883 3490 948 Θεὸς
3532 884 3618 936 ἐν.

2038 979 2409 1051 ανθρωπήσας
2434 978 2711 1048 φαίνηται.
2734 979 2843 1032 Καὶ
2865 976 2995 1047 γοῦν
3013 977 3062 1030 oi
3088 974 3502 1047 σταυρώσαντες
3522 975 3616 1027 καὶ

2040 1069 2210 1122 πάλαι
2239 1068 2507 1138 γελῶντες
2537 1069 2725 1131 αὐτὸν,
2755 1068 2822 1121 τά
2855 1066 3121 1137 γενόμενα
3152 1062 3350 1127 θεῖκῶς
3385 1061 3618 1132 ὁρῶντες

2042 1160 2227 1229 ελεγον
2252 1177 2264 1191 -
2300 1179 2317 1212 ι
2365 1146 2603 1231 Ἀληθῶς
2630 1160 2763 1213 Θεοῦ
2793 1159 2923 1223 Υἱὸς
2946 1154 3013 1230 ἦν
3038 1154 3212 1222 οὗτος.
3244 1175 3261 1209 ›

2730 1274 2935 1327 ΛΔΛΟ.

2118 1390 2437 1462 Ἀνθρωπος
2467 1389 2685 1459 γέγονεν
2710 1390 2739 1443 ό
2765 1387 2860 1442 τοῦ
2893 1387 3029 1441 Θεοῦ
3064 1388 3256 1455 Λόγος,
3285 1388 3382 1457 οὐχ
3410 1387 3495 1440 ἵνα
3519 1387 3621 1440 πάξ

2043 1482 2123 1534 λιν
2154 1482 2229 1543 ὡς
2254 1481 2387 1545 Θεὸς
2424 1482 2531 1553 πρὸ
2559 1483 2659 1552 τῆς
2688 1479 3156 1551 ἐνανθρωπήσεως
3184 1479 3363 1533 πάντα
3405 1480 3619 1550 πράττῃ

2044 1575 2138 1629 καὶ
2182 1574 2337 1645 λαλῇ,
2364 1573 2479 1627 ἀλλ’
2508 1574 2596 1627 ῐνα
2641 1571 2903 1636 πολλάκις
2938 1572 3035 1625 καὶ
3058 1572 3146 1627 διά
3178 1569 3276 1643 τὴν
3305 1570 3493 1639 χρείαν
3522 1571 3622 1640 τῆς

355 1675 543 1725 carne,
574 1656 739 1714 etiam
774 1663 833 1708 ut
858 1654 1021 1708 homo
1046 1651 1327 1722 loquatur.
1359 1651 1496 1707 Cum
1534 1652 1699 1719 igitur
1731 1653 1845 1705 haec
1873 1652 1941 1705 sit

2048 1664 2184 1738 μετά
2220 1665 2422 1738 σαρκὸς
2451 1664 2761 1735 οἰκονομίας
2785 1665 2877 1718 καὶ
2896 1663 2973 1727 ὡς
2998 1661 3284 1734 ἄνθρωπος
3315 1661 3448 1732 λέγῃ
3474 1662 3618 1716 τινά.

357 1751 519 1809 Verbi
560 1750 832 1820 potentia,
871 1744 1143 1816 quomodo
1168 1755 1274 1798 non
1304 1743 1598 1799 absurdum
1637 1744 1708 1799 sit
1746 1742 1944 1800 aliendi

358 1840 668 1901 nonnullos.
694 1852 816 1892 cum
845 1837 1072 1893 audiunt
1094 1837 1274 1907 ipsum
1298 1833 1538 1889 humano
1564 1848 1715 1890 more
1744 1834 1946 1904 aliquid

358 1928 640 1988 locutum?
671 1926 934 1997 Loquitur
959 1926 1104 1982 enim
1130 1933 1190 1980 ut
1216 1923 1407 1989 homo;
1442 1922 1865 1992 loquitur‘etiam
1890 1933 1948 1980 ut

357 2023 501 2077 Deus
534 2038 548 2075 :
586 2029 880 2088 utrumque
914 2017 1062 2074 enim
1102 2016 1157 2072 in
1195 2015 1367 2086 ipsius
1404 2023 1670 2087 potestate
1696 2024 1799 2070 est.
1838 2012 1948 2068 lin-

360 2129 520 2170 mano
546 2119 696 2170 certe
725 2124 879 2166 more
915 2108 1094 2165 dixit:
1134 2126 1154 2161 ι
1193 2106 1348 2163 Nunc
1387 2107 1571 2162 anima
1609 2119 1730 2161 mea
1761 2106 1949 2161 turba-

358 2217 447 2264 tur
485 2206 565 2273 “;
604 2225 624 2260 s
684 2204 869 2260 divino
902 2210 1086 2257 autem
1123 2214 1295 2266 ntere,
1348 2217 1370 2253 ι
1410 2198 1743 2255 Pntestatem
1776 2199 1947 2253 habeo

359 2314 564 2372 ponere
618 2299 827 2368 ipsam,
889 2304 946 2351 et
1000 2308 1192 2349 rursus
1248 2300 1573 2362 potestatem
1636 2290 1806 2346 habeo
1854 2303 1947 2344 su-

358 2405 508 2447 mere
537 2390 711 2459 ipsam
741 2387 812 2441 ⁶⁰.
852 2404 873 2439 ι
919 2384 1152 2441 Turbari
1183 2384 1389 2453 itaque,
1420 2380 1636 2438 ail'ectio
1684 2389 1768 2435 est
1794 2378 1945 2435 carni

357 2484 578 2556 propria
630 2499 648 2537 :
708 2488 1034 2552 potestatem
1092 2492 1223 2532 vero
1280 2475 1480 2531 habere
1532 2472 1855 2545 deponendi,
1894 2481 1946 2528 et

360 2590 549 2634 rursus
577 2571 888 2630 assumendi
920 2572 1182 2634 animam,
1206 2569 1462 2639 potentiae
1488 2565 1651 2621 Verbi
1683 2579 1817 2632 opus
1843 2570 1945 2618 est.

359 2665 827 2736 Quemadmodum
883 2662 1072 2732 igitur,
1116 2675 1240 2716 cum
1291 2658 1495 2728 aliquid
1557 2656 1741 2712 divino
1799 2668 1948 2709 more

357 2757 515 2822 dicit,
555 2752 771 2810 tametsi
817 2760 1075 2822 appareat
1109 2752 1293 2814 homo,
1341 2763 1446 2803 non
1481 2745 1827 2811 offendimur,
1854 2742 1947 2799 sed

296 2860 299 2861 '
362 2847 726 2917 intelligimus
778 2839 1018 2897 Verbum
1070 2841 1222 2896 carni
1290 2839 1653 2894 inhabitans:
1692 2838 1762 2890 ita
1825 2849 1947 2891 cum

362 2937 567 3008 aliquid
585 2944 644 2990 ut
666 2936 827 2990 homo
849 2931 1115 3001 loquitur,
1134 2946 1203 2986 ne
1217 2926 1948 2996 olfendamur,intclligcntes

2048 1756 2267 1829 Ταύτην
2298 1757 2512 1828 ἔχοντος
2541 1756 2635 1812 τοῦ
2673 1753 2971 1829 μυστηρίου
2994 1756 3094 1825 τὴν
3120 1754 3371 1825 δύναμιν,
3388 1754 3503 1816 πῶς
3524 1753 3623 1806 οὐκ

2047 1849 2247 1904 ἄτοπον
2285 1847 2733 1913 σκανδαλίξεσθαι
2772 1849 2898 1912 τοὺς
2932 1847 3321 1919 ἀκροωμένους
3351 1844 3627 1916 ἀνθρωπιὸ

2046 1941 2283 2015 νώτερον
2325 1941 2437 1996 ἐσθ’
2470 1943 2557 1997 ὅτε
2607 1941 2895 2005 λαλοῦντος
2944 1940 3144 2006 αὐτοῦς
3187 1939 3352 1995 Δαλεῖ
3394 1934 3502 2011 γάρ
3549 1937 3626 2001 ὡς

2046 2034 2354 2107 ἄνθρωπος,
2373 2034 2522 2087 λαλεῖ
2549 2034 2605 2088 δὲ
2632 2036 2725 2089 καὶ
2754 2034 2831 2098 ὡς
2859 2033 3010 2099 Θεὸς,
3036 2033 3177 2105 ἔχων
3209 2033 3268 2086 ἐν
3292 2031 3626 2103 ἀμφοτέροις

2045 2126 2144 2198 τὴν
2173 2126 2438 2193 ἐξουσίαν.
2458 2123 2834 2197 ’Ᾱνθρωπίνως
2879 2124 2978 2196 μὲν
3023 2125 3132 2197 γάρ
3173 2123 3359 2193 ελεγε’
3397 2141 3417 2174 s
3447 2121 3565 2177 Νῦν
3588 2124 3623 2193 ἡ

2045 2222 2190 2292 ψυχή
2226 2237 2328 2292 μου
2356 2220 2709 2291 τετάρακται,
2737 2237 2755 2269 ι
2785 2216 2980 2279 θεῖκῶς
3003 2215 3058 2270 δέ
3085 2216 3274 2269 πάλιν·
3306 2234 3323 2267 s
3347 2214 3624 2280 Ἐξουσίαν

2047 2313 2156 2385 ἔχω
2190 2311 2363 2367 θεῖναι
2414 2310 2604 2383 αὐτὴν,
2638 2311 2732 2364 καὶ
2780 2309 2940 2363 πάλιν
2987 2307 3237 2374 ἐξουσίαν
3281 2305 3392 2376 ἔχω
3441 2305 3625 2360 λαϐεῖν

2046 2405 2235 2476 αὐτήν.
2269 2423 2288 2456 ι
2325 2401 2397 2457 Τὸ
2435 2402 2535 2474 μὲν
2569 2398 2662 2456 οὖν
2694 2398 3079 2472 ταράττεσθαι,
3118 2398 3217 2469 τῆς
3261 2398 3461 2470 σαρκὸς
3496 2397 3625 2451 ῖδιον

2047 2495 2247 2560 πάθος·
2282 2494 2346 2548 τὸ
2369 2494 2425 2548 δέ
2455 2494 2702 2561 ἐξουσίαν
2728 2492 2871 2564 ἐχειν
2911 2491 3081 2545 θεῖναί
3113 2508 3174 2543 τε
3208 2493 3302 2544 καὶ
3331 2489 3495 2543 πάλιν
3528 2488 3623 2542 λαέ

2047 2586 2184 2648 ϐεῖν,
2212 2585 2313 2655 τῆς
2353 2583 2447 2638 τοῦ
2499 2583 2670 2649 Λόγου
2718 2582 2999 2653 δυνάμεως
3036 2579 3196 2650 ἔργον
3242 2579 3627 2649 ἐστίν.“Ωσπερ

2047 2672 2141 2731 οὖν
2175 2677 2305 2731 ὅταν
2350 2675 2486 2749 λέγῃ
2516 2692 2568 2729 τι
2597 2672 2813 2737 θεῖκῶς,
2847 2672 3028 2725 καίτοι
3070 2670 3393 2741 φαινόμενος
3424 2669 3638 2741 ἀνθρω-

2049 2785 2168 2832 πος,
2212 2768 2273 2820 οὐ
2324 2764 2790 2835 σκανδαλιζόμεθα
2816 2802 2831 2825 ,
2876 2763 2991 2818 ἀλλ’
3021 2760 3309 2831 ἐννοοῦμεν
3353 2760 3444 2813 τὸν
3486 2760 3624 2813 ἐνοι-

2049 2857 2250 2912 κοῦντα
2278 2860 2344 2928 τῇ
2376 2856 2544 2929 σαρκὶ
2576 2856 2746 2924 Λόγον
2765 2871 2778 2885 ⁸
2806 2852 2980 2916 οὕτως
3008 2853 3135 2906 ὅταν
3164 2868 3217 2904 τι
3258 2850 3394 2922 λαλῇ
3435 2850 3529 2903 καὶ
3552 2849 3627 2911 ὡς

2049 2949 2354 3023 ἄνθρωπος,
2403 2948 2478 3021 μὴ
2522 2944 3028 3016 σκανδαλιζὼμεθα,
3066 2941 3372 3007 ἐννοοῦντες
3418 2942 3500 2995 ὅτι
3549 2940 3629 2994 δι’

363 3028 505 3099 quod
536 3034 757 3097 propter
783 3037 882 3078 nos
916 3020 1089 3075 l’actus
1118 3030 1201 3075 est
1236 3021 1418 3085 homo,
1454 3028 1509 3073 et
1536 3033 1655 3087 qua:
1696 3016 1944 3073 ltumana:

2048 3014 2195 3116 ήμάς
2249 3014 2478 3111 γέγονεν
2522 3040 2829 3111 ἄνθρωπος,
2870 3014 2967 3092 καὶ
3019 3038 3087 3092 τά
3129 3039 3195 3107 τῇ
3249 3033 3627 3105 ἀνθρωπότητι

364 3129 569 3173 naturae
597 3112 946 3179 conveniunt,
974 3110 1237 3181 loquitur.

846 3193 851 3199 ’
1041 3222 1269 3281 ALIUD.

430 3346 517 3403 0b
553 3343 778 3399 multam
822 3350 987 3411 atque
1013 3341 1150 3396 adeo
1188 3340 1503 3395 immensam
1538 3336 1944 3407 benignitatem,

371 3440 603 3499 Verbum
629 3436 780 3492 nobis
803 3434 1040 3504 seipsum
1072 3431 1233 3503 235
1259 3430 1601 3486 commiscuit
1629 3439 1792 3499 atque
1820 3443 1949 3484 cou-

368 3530 704 3602 temperavit,
733 3541 840 3582 non
876 3535 933 3580 ut
969 3527 1020 3579 in
1058 3540 1297 3579 nostram
1328 3532 1573 3575 naturam
1620 3531 1943 3584 mutaretur,

366 3637 542 3690 neque
570 3622 715 3676 enim
746 3617 854 3673 ulla
890 3618 1116 3672 mutatio
1147 3616 1199 3669 in
1230 3615 1403 3684 ipsum
1433 3616 1610 3678 catlit,
1646 3616 1739 3670 sed
1770 3625 1825 3670 ut
1850 3630 1948 3670 nos

366 3716 468 3770 sibi
496 3714 856 3768 commisceus
877 3707 943 3763 ad
963 3723 1119 3763 suam
1147 3705 1461 3761 transferat.
1483 3706 1946 3773 Quemadmodum

365 3807 508 3859 enim
541 3819 641 3858 nos
667 3803 756 3871 qui
789 3801 963 3870 ipsum
990 3799 1330 3869 suscepimus
1358 3814 1456 3868 per
1480 3798 1652 3869 ipsius
1679 3798 1949 3856 inhabita-

366 3898 568 3953 tionem
604 3896 656 3950 in
683 3909 872 3959 carne,
899 3893 1081 3947 omnia
1120 3905 1239 3959 quze
1271 3890 1444 3959 ipsius
1478 3900 1607 3945 sunt
1647 3892 1943 3949 habemus:

368 4004 498 4069 nam,
534 3997 587 4041 et
635 3986 727 4039 ftlii
761 3984 937 4039 vocati
983 3996 1173 4036 sumus
1214 3981 1257 4012 “
1293 3990 1347 4034 et
1371 3980 1446 4035 dii
1481 3980 1548 4045 ",
1578 3981 1623 4037 si
1656 3998 1764 4038 non
1794 3995 1952 4037 natu-

368 4081 575 4142 raliter.
605 4087 664 4133 ut
694 4079 827 4147 ipse,
853 4076 1048 4132 saltem
1092 4090 1188 4144 per
1217 4074 1447 4142 gratiam
1479 4089 1493 4125 :
1530 4074 1604 4129 ita
1635 4076 1801 4129 etiam
1834 4077 1949 4146 ipse

367 4171 584 4240 quando
610 4171 764 4223 nobis
786 4169 1108 4221 contulislus
1140 4174 1241 4232 est,
1275 4163 1451 4221 factus
1474 4165 1734 4220 nimirum
1763 4168 1945 4232 homo,

366 4277 557 4316 omnes
591 4260 932 4314 inlirntitates
956 4265 1173 4311 nostras
1204 4254 1438 4325 gestavit
1465 4273 1480 4310 :
1512 4264 1566 4311 et
1608 4255 1724 4327 ipse
1757 4270 1948 4327 passus

2050 3136 2329 3205 πρέποντα
2353 3132 2520 3188 λαλεῖ.

2729 3241 2937 3301 AAAO;

2122 3362 2220 3418 Διὰ
2251 3360 2450 3431 πολλὴν
2481 3358 2574 3412 καὶ
2591 3358 2828 3429 ἄμετρον
2851 3351 3260 3426 φιλανθρωπίαν
3282 3349 3472 3404 ἑαυτὸν
3498 3350 3629 3420 ἡμῖν

2051 3456 2317 3526 ἐκέρασεν
2362 3454 2391 3505 ό
2441 3450 2533 3506 τοῦ
2582 3449 2718 3504 Θεοῦ
2770 3448 2977 3517 Λόγοςο
3025 3446 3125 3518 οὐχ
3157 3444 3244 3499 ἴνα
3288 3441 3630 3516 μεταποιηθῇ

2050 3550 2186 3622 πρὸς
2210 3547 2271 3601 τὸ
2295 3547 2561 3617 ἡμέτερον
2585 3541 2768 3605 αὐτὸς.
2815 3540 3082 3611 ἄτρεπτος
3116 3538 3226 3609 γάρ
3259 3536 3374 3590 ἐστι
3404 3533 3499 3588 καὶ
3535 3533 3631 3587 ἀλ-

2049 3640 2265 3693 λοίωσιν
2302 3639 2401 3692 οὐκ
2438 3633 2615 3700 είδὼς,
2666 3632 2779 3688 ἀλλ’
2815 3631 2881 3685 ἵν’
2909 3630 3057 3701 ἡμᾶς
3104 3626 3375 3698 ἀναμίξας
3430 3621 3626 3693 ἑαυτῷ.

2054 3731 2334 3805 μεταϐάλῃ
2382 3728 2517 3801 πρὸς
2558 3727 2619 3781 τὸ
2658 3724 3095 3793 οίκεῖον.Ὢσπερ
3139 3722 3246 3793 γὰρ
3275 3721 3439 3792 ἡμεῖς
3469 3717 3631 3772 αὐτὸν

2048 3821 2333 3894 δεξάμενοι
2358 3819 2445 3874 διὰ
2471 3819 2534 3873 τὸ
2559 3816 2840 3887 ἐνοικῆσαι
2864 3814 3049 3885 σαρκὶ,
3080 3811 3259 3866 πάντα
3298 3808 3485 3863 λοιπὸν
3509 3806 3629 3878 έχο-

2053 3931 2154 3987 μεν
2180 3913 2250 3969 τά
2277 3911 2444 3968 αὐτοῦ
2460 3927 2473 3941 ’
2509 3908 2606 3964 καὶ
2634 3908 2746 3979 γὰρ
2772 3908 2867 3962 καὶ
2899 3906 3006 3959 uisi
3040 3899 3357 3975 κεκλήμεθα
3378 3900 3473 3953 καὶ
3494 3897 3629 3957 θεοὶ,

2051 4008 2101 4060 si
2133 4004 2229 4059 καὶ
2260 4004 2337 4076 μὴ
2365 4001 2611 4073 φυσικῶς
2633 4000 2825 4072 ὥσπερ
2846 3996 3030 4062 αὐτὸς,
3046 3994 3188 4050 ἀλλά
3205 4010 3271 4065 γε
3291 3991 3434 4047 κατὰ
3451 3991 3629 4062 χάριν*

2049 4098 2196 4152 abso:
2220 4098 2315 4151 καὶ
2354 4095 2543 4161 αὐτὸς,
2583 4095 2671 4149 ὅτε
2703 4093 2841 4165 πρὸς
2871 4092 3018 4164 ἡμᾶς
3051 4085 3321 4160 ἀνεμίχθη
3346 4084 3631 4155 γενόμενος

2051 4190 2360 4261 ἄνθρωπος,
2412 4187 2641 4260 ἐφόρεσε
2686 4185 2788 4249 τάς
2837 4181 3122 4246 ἀσθενείας
3166 4178 3358 4253 ἡμῶν·
3414 4175 3511 4230 καὶ
3556 4174 3633 4236 ὡς

2052 4278 2216 4343 αὐτὸς
2245 4276 2529 4341 πεπονθὼς
2562 4276 2876 4348 νενόμισται
2908 4270 3331 4343 ίδιοποιούμενος
3371 4266 3512 4339 μετά
3537 4264 3631 4320 τοῦ

369 4368 493 4408 esse
527 4359 799 4413 censetur,
828 4363 950 4401 cum
993 4361 1187 4404 omnes
1221 4346 1404 4418 templi
1446 4347 1589 4418 quod
1626 4348 1944 4404 inhabitavit

2054 4369 2459 4442 ἀναληφθέντος
2492 4369 2619 4424 ναοῦ
2649 4346 2840 4424 καὶτὰ
2869 4367 2929 4421 ἐν
2958 4363 3128 4435 αὐτῷ,
3163 4363 3249 4416 ῖνα
3282 4362 3377 4415 καὶ
3410 4361 3468 4413 ἐν
3504 4359 3634 4429 ἡμῖν

368 4443 731 4514 proprietates
781 4438 881 4493 sibi
936 4439 1298 4507 vindicasset,
1355 4450 1415 4496 ut
1463 4439 1626 4495 etiam
1677 4440 1731 4496 in
1788 4442 1947 4497 nobis

368 4538 651 4606 passiones
683 4531 865 4586 carnis
893 4532 1393 4605 exstinguerentur,
1428 4531 1739 4601 similesque
1766 4531 1945 4589 ellice-

372 4642 553 4682 remur
582 4623 826 4688 Christo,
873 4625 965 4692 qui
1008 4633 1194 4681 nostra
1240 4633 1460 4696 propter
1503 4638 1601 4680 nos
1650 4623 1704 4678 in
1758 4639 1816 4680 se
1864 4639 1947 4682 as-

366 4715 613 4786 altmpsit.

1051 4800 1277 4863 ALIUD.

438 4914 582 4976 Deus
626 4916 821 4977 alicubi
858 4932 953 4993 per
1006 4930 1225 4975 sanctos
1268 4923 1559 4992 prophetas
1608 4924 1675 4978 ait
1716 4956 1731 4990 ,-
1780 4925 1950 4984 Israe-

372 5004 494 5067 litas
522 5013 588 5068 de
620 5013 945 5083 quibusdam
985 5014 1227 5085 peccatis
1251 5026 1507 5086 arguens,
1544 5018 1800 5086 quoniam
1828 5016 1952 5082 «ιη.

371 5103 473 5160 lios
501 5110 687 5160 eorum
733 5106 1089 5161 traduxerunt
1118 5114 1215 5175 per
1259 5106 1457 5178 ignem,
1486 5121 1644 5177 quem
1676 5123 1783 5164 non
1812 5126 1954 5181 praem

370 5196 488 5266 ecpi
510 5196 610 5263 eis,
640 5210 813 5267 neque
849 5198 1079 5267 cogitavi
1106 5197 1157 5251 in
1190 5200 1352 5253 cortle
1379 5213 1497 5252 meo
1520 5198 1586 5254 ⁸³.
1625 5218 1643 5250 ι
1672 5194 1737 5255 Et
1768 5217 1955 5260 rursus

373 5288 441 5340 nd
478 5285 778 5343 Jerusalem
844 5298 864 5342 :
904 5307 920 5339 ι
951 5282 1146 5345 Dolore
1174 5285 1398 5345 aliecisli
1456 5306 1542 5345 nte
1594 5292 1647 5346 in
1698 5297 1953 5352 omnibus

376 5378 461 5432 his
490 5376 558 5432 “.
599 5395 617 5428 ι
653 5379 782 5433 Item
830 5384 897 5434 de
945 5382 1065 5436 aliis
1115 5384 1355 5451 peccatis
1396 5400 1410 5438 :
1451 5402 1468 5435 ι
1508 5382 1760 5455 Nunquid
1791 5403 1953 5459 super

446 5533 488 5566 ⁸⁷
517 5532 708 5587 Matth.
755 5547 922 5599 utut,
960 5535 1162 5592 51-55.

358 5614 565 5669 sum,
604 5604 636 5658 6
662 5622 674 5670 ;
704 5600 856 5659 Joan.
903 5606 1064 5675 x,‘5i.
1144 5608 1188 5639 “
1225 5607 1423 5665 Jcrcm.
1466 5615 1641 5675 nx,5.

1271 5539 1317 5571 ⁸⁸
1347 5538 1477 5595 ibid.
1510 5538 1601 5598 54.
1697 5542 1740 5574 ”
1768 5541 1925 5597 Joan.
1969 5559 2067 5610 xtl,
2098 5543 2188 5601 97.

1719 5615 1764 5644 “
1797 5615 1925 5667 ibid.
1962 5615 2051 5670 15.

2055 4460 2303 4533 νεκρωθῇ
2332 4460 2402 4516 τά
2429 4463 2528 4533 τῆς
2561 4459 2763 4532 σαρκὸς
2794 4457 2966 4528 πάθη,
2999 4454 3304 4529 τρεχόντων
3340 4453 3422 4533 είς
3460 4448 3637 4521 ὁμοιό-

2056 4571 2194 4626 τητα
2236 4553 2331 4608 τοῦ
2378 4552 2447 4607 τὰ
2491 4552 2647 4624 ἡμῶν
2672 4552 2740 4606 δι’
2772 4552 2920 4623 ἡμᾶς
2946 4551 3026 4613 είς
3056 4547 3249 4601 ἑαυτὸν
3278 4541 3636 4604 ἀναλαϐόντος

2056 4645 2315 4717 Χριστοῦ.

2749 4821 2953 4875 ΔΛΛΟ.

2062 4964 2065 4967 ν
2130 4938 2267 5011 Φησί
2296 4956 2399 4993 που
2427 4938 2561 5003 Θεὸς
2593 4938 2680 4991 διὰ
2703 4935 2810 4991 τῶν
2844 4935 3013 5003 ἁγίων
3036 4931 3357 5006 προφητῶν,
3384 4929 3475 4982 ἐπί
3498 4934 3641 4980 τισιν

2061 5028 2355 5101 ἁμαρτίαις
2395 5029 2524 5092 τοὺς
2567 5027 2628 5092 ἐξ
2662 5025 2875 5098 Ἰσραὴλ
2908 5021 3365 5093 καταιτιώμενος,
3394 5020 3474 5072 δτι
3510 5037 3528 5069 ι
3557 5014 3636 5070 Τά

2058 5120 2224 5175 τέκνα
2270 5118 2452 5174 αὐτῶν
2501 5118 2686 5189 διῆγον
2732 5117 2822 5171 διὰ
2855 5118 3046 5189 πυρὸς,
3075 5116 3104 5169 ὃ
3146 5115 3247 5169 οὐκ
3285 5111 3639 5179 ἐνετειλάμην

2058 5212 2263 5277 αὐτοῖς,
2304 5214 2399 5265 καὶ
2448 5213 2508 5265 οὑ
2557 5210 2840 5283 διενοήθην
2875 5212 2934 5263 ἐν
2964 5212 3032 5282 τῇ
3078 5207 3277 5279 καρδίᾳ
3324 5221 3448 5275 μου.
3478 5227 3493 5255 s
3530 5192 3641 5256 Καὶ

2057 5301 2220 5357 πάλιν
2248 5302 2325 5365 ὡς
2349 5302 2488 5375 πρὸς
2517 5304 2617 5374 τὴν
2642 5302 3021 5373 Ἰερουσαλήμ·
3060 5320 3078 5353 s
3104 5300 3215 5353 Καὶ
3233 5294 3452 5357 ἐλύπεις
3488 5308 3555 5364 με
3582 5291 3641 5345 ὲν

2058 5392 2193 5446 πᾶσι
2222 5392 2450 5458 τούτοις.
2485 5413 2502 5445 ι
2552 5392 2664 5446 Καὶ
2690 5392 2851 5447 πάλιν
2881 5394 2966 5461 ἐφ’
2992 5392 3203 5462 ἑτέροις
3236 5387 3462 5449 κακοῖς·
3500 5402 3517 5433 ι
3549 5379 3639 5451 Μὴ
3755 5411 3761 5415 ·

2298 5547 2341 5578 ⁶⁰
2368 5546 2520 5603 Joan.
2567 5563 2618 5614 χ,
2656 5546 2739 5600 l8.
2822 5538 2865 5577 “
2906 5543 3116 5602 lloan.
3155 5559 3233 5611 ut,
3276 5543 3322 5596 l.
3420 5535 3634 5593 "Psal.
