4058 6206
230 238 327 294 4ξῖ

1646 238 2082 301 'HIESAURUS'.

3397 256 3501 311 U8

232 356 490 417 σπάστως
521 349 906 423 προσεδρεύων
939 348 1079 420 Θεῷ,
1098 349 1252 412 ὄλους
1282 366 1336 402 τε
1358 348 1414 414 ἐξ
1441 348 1576 403 ὅλων
1602 351 1818 404 ἀνακεῖ-

1924 354 2074 412 vulse
2101 356 2211 412 Deo
2251 358 2708 436 adhaerescerent,
2742 371 2992 433 totosque
3044 379 3102 419 se
3135 367 3303 423 cultui
3338 370 3502 440 ipsius

236 448 354 502 σθαι
385 448 452 517 τῇ
489 445 571 509 είς
600 443 763 496 αὑτὸν
790 442 1041 513 λατρεία,
1077 443 1172 495 καὶ
1201 441 1464 494 πλουσίαν
1486 442 1579 495 ἐπὶ
1608 442 1819 507 τούτοις

236 528 535 595 ἀποδώσειν
594 525 1071 604 ἐπαγγελλομένου
1117 530 1282 605 τιμὴν
1327 535 1437 596 τοῖς
1491 532 1819 602 φυλάττουσι

234 632 327 704 τὴν
375 627 603 698 ἐντολὴν
635 666 649 688 ,
706 624 1014 697 προσῆλθον
1060 623 1345 695 λέγοντεςο
1400 643 1418 677 ι
1463 624 1594 678 Ἰδοὺ
1657 626 1821 695 ἡμεῖς

234 724 527 792 ἀφήκαμεν
571 717 772 780 πάντα,
819 717 913 770 καὶ
961 714 1414 787 ἠκολουθήσαμέν
1460 708 1564 780 σοι,
1618 716 1670 770 τί
1713 717 1821 789 ἄρα

235 815 381 868 ἕσται
404 814 575 883 ἡμῖνς
612 830 630 862 ι
669 810 811 881 Πρὸς
856 808 1058 879 ταύτην
1094 808 1272 862 αὐτῶν
1314 806 1413 879 τὴν
1436 808 1644 877 Δ’πεῦσιν
1686 810 1820 863 ἁπο-

234 905 478 979 κρίνεται
531 902 802 973 Χριστός·
833 919 851 951 ι
894 901 1083 971 Ὑμεῖς
1132 901 1180 952 oi
1232 898 1700 971 ἀκολουθήσαντές
1730 918 1819 971 μοι

234 1002 287 1052 ὲν
406 993 826 1066 παλιγγενεσία,
844 995 973 1048 ὃταν
1000 993 1198 1065 καθίσῃ
1221 994 1249 1046 ό
1266 993 1391 1057 Υἱὸς
1415 993 1509 1047 τοῦ
1529 992 1819 1064 ἀνθρώπου

236 1092 323 1146 ἐπὶ
360 1091 561 1161 θρόνου
592 1086 752 1159 δόξης
814 1084 1005 1149 αὑτοῦ,
1063 1085 1356 1139 καθίσεσθε
1389 1085 1483 1139 καὶ
1531 1087 1688 1157 ὑμεῖς
1727 1072 1821 1139 ιτξι

233 1183 439 1253 δώδεκα
493 1180 744 1251 θρόνους,
800 1178 1077 1251 κρίνοντες
1110 1178 1209 1241 τὰς
1250 1177 1458 1230 δώδεκα
1509 1177 1682 1247 φυλὰς
1726 1175 1818 1229 τοῦ

245 1272 485 1345 Ἰσραήλ.
514 1290 532 1316 ι
562 1270 780 1339 Ταύτην
812 1270 858 1322 οί
890 1267 1178 1322 Ζεϐεδαίου
1210 1268 1398 1330 παῖδες
1434 1268 1533 1338 τὴν
1583 1268 1822 1335 ἐπαγγε-

233 1362 349 1415 λίαν
378 1362 721 1429 ἀκούσαντες
758 1354 920 1429 ἦλθον
952 1359 1032 1422 είς
1081 1357 1375 1427 ἐπιθυμίαν
1413 1358 1473 1411 ού
1507 1347 1821 1429 πρέπουσαν

234 1454 435 1515 αὐτοῖς.
474 1450 551 1519 Τὸ
585 1448 695 1520 γὰρ
720 1450 874 1532 πᾶσιχ
902 1436 1016 1532 τοῖς
1051 1445 1321 1518 μαθηταῖς
1350 1446 1611 1519 προτεθὲν
1644 1447 1719 1509 ὡς
1764 1437 1821 1498 ἐν

233 1542 437 1614 ἀμοιϐῇ
492 1540 592 1611 τῆς
643 1538 779 1611 πρὸς
829 1527 921 1592 τόν
980 1527 1212 1609 Χριστὸν
1263 1539 1493 1602 εὐνοίας.
1556 1538 1821 1606 ἁρπάζειν

232 1636 423 1707 ἡθελον
464 1633 619 1705 μόνοι
638 1650 651 1663 ·
672 1631 826 1701 ⁴αίδοῖ
854 1631 909 1683 δὲ
939 1630 1139 1703 τοῦ-μὴ
1165 1630 1338 1683 δοκεῖν
1368 1629 1634 1701 ἐπιθυμίᾳ
1664 1629 1820 1699 δόξης

1923 460 2331 518 consecrarent,
2367 466 2489 507 cum
2527 448 2799 523 ingentem
2835 456 3095 514 lionurem
3130 459 3504 517 observatori-

1920 540 2024 596 bus
2050 543 2303 613 praecepti
2341 544 2423 598 sui
2473 543 2844 613 polliceretur,
2869 534 3216 631 accesserunt
3250 551 3502 621 discipuli

1921 633 2199 689 dicentes:
2246 653 2265 686 ι
2305 634 2445 691 Ecce
2492 652 2591 691 nos
2632 636 2948 707 reliquimus
2989 640 3195 706 omnia,
3242 652 3298 697 et
3332 644 3503 699 secuti

1921 741 2109 781 sumus
2133 737 2221 784 te:
2256 729 2385 798 quid
2411 744 2541 799 ergo
2563 730 2669 784 erit
2704 732 2860 786 nobis
2882 732 2969 787 "7
2993 751 3013 787 ι
3040 735 3120 788 Ad
3152 734 3292 789 hanc
3315 751 3501 790 eorum

1922 819 2404 889 interrogationem
2432 822 2727 889 respondet
2758 822 3011 879 Christus
3038 843 3053 881 :
3092 823 3199 881 Vos
3220 829 3309 897 qui
3331 823 3502 882 secuti

1921 913 2056 966 estis
2087 928 2193 977 me,
2219 911 2383 985 245
2407 913 2459 967 in
2494 913 2580 968 illa
2613 918 3022 986 regeneratione
3049 919 3265 987 quando
3289 921 3505 975 sedebit

1923 1002 2099 1058 Filius
2136 1004 2373 1059 hominis
2399 1004 2449 1059 in
2484 1006 2679 1061 throno
2730 1008 2917 1076 gloria:
2976 1024 3109 1073 sum,
3160 1011 3421 1067 sedebitis
3451 1015 3505 1067 et

1921 1109 2018 1149 vos
2064 1110 2228 1165 super
2258 1096 2542 1152 duodecim
2582 1098 2827 1165 thronos,
2872 1098 3180 1167 iudicantes
3213 1104 3500 1157 duodecim

1924 1187 2096 1240 tribus
2119 1186 2288 1241 Israel
2308 1187 2413 1243 ⁸⁷.»
2450 1187 2599 1243 Hanc
2623 1190 3036 1257 promissionem
3073 1206 3193 1246 cum
3225 1193 3502 1247 audissent

1862 1350 1865 1353 _
1925 1277 2018 1331 lilii
2038 1277 2306 1341 Zebedtci,
2340 1281 2639 1350 cupiditate
2670 1282 2927 1351 quadam,
2953 1278 3073 1351 qua
3100 1283 3247 1352 Ipsos
3270 1300 3374 1338 non
3405 1274 3500 1355 de-

1922 1370 2100 1433 cebat,
2134 1372 2382 1425 succensi
2414 1384 2562 1425 sunt.
2608 1372 2739 1425 Nam
2770 1374 2913 1441 quod
2940 1374 3191 1429 omnibus
3220 1376 3501 1445 discipulis

1924 1458 2086 1513 veluti
2122 1462 2401 1528 premium
2451 1461 2845 1515 benevolentiae
2881 1476 3005 1531 erga
3062 1463 3333 1517 Christum
3371 1479 3491 1530 pro-

1923 1550 2159 1617 positum
2201 1556 2343 1616 erat,
2374 1550 2473 1605 soli
2507 1553 2800 1622 praeripere
2831 1552 3181 1607 nitebantur:
3214 1554 3371 1608 νιειίιί
3400 1536 3501 1608 att-

1924 1652 2031 1696 tem
2085 1658 2153 1698 ne
2192 1642 2371 1698 inanis
2406 1644 2590 1713 gloritc
2620 1645 2892 1698 desiderio
2919 1644 3133 1698 incitari
3166 1645 3502 1711 viderentur,

233 1724 505 1799 ἡττῆσθαι
563 1723 752 1792 κενῆς,
808 1722 963 1799 αὐτοὶ
1000 1721 1098 1789 μὲν
1142 1721 1389 1775 σιωπῶσι
1420 1721 1495 1800 τὸχ
1528 1722 1667 1774 κατά
1694 1720 1817 1774 νοῦν

1924 1736 2022 1805 ipsi
2053 1736 2272 1807 quidem
2310 1737 2495 1799 silent,
2529 1750 2701 1805 neque
2727 1736 2966 1789 animum
3003 1751 3160 1789 suum
3197 1736 3503 1803 declarant,

231 1818 330 1889 οὐκ
388 1816 764 1886 ἐκφαίνοντες,
815 1806 1083 1868 διακονεῖν
1132 1815 1188 1890 δε
1227 1802 1408 1895 αὐτοῖς
1447 1812 1546 1885 τὴν
1608 1812 1820 1888 μητέρα

233 1910 370 1981 πρὸς
418 1907 585 1962 τοῦτο
635 1906 1141 1979 παρασκευάζουσι.
1175 1907 1286 1959 Καὶ
1332 1905 1398 1975 δὴ
1444 1904 1822 1977 προσελθοῦσα

231 2021 432 2076 φησιν·
470 2022 490 2056 ι
518 2000 656 2055 Εἰπὲ
687 2001 774 2056 ῖνα
805 2001 855 2053 oi
885 2001 980 2053 δύο
1027 2000 1132 2052 υίοί
1165 2015 1266 2069 μου
1302 1998 1601 2052 καθίσωσιν
1637 1990 1717 2061 εἷς
1756 1999 1820 2050 ἐκ

230 2095 422 2163 δεξιῶν
470 2112 603 2158 σου,
648 2093 745 2147 καὶ
783 2085 863 2154 εἷς
915 2089 975 2155 ἐξ
1012 2089 1308 2160 εὐωνύμων
1359 2106 1472 2142 σου.
1519 2110 1535 2141 ι
1571 2089 1820 2142 Φαίνεται

229 2190 416 2243 τοίνυν
453 2187 544 2241 διὰ
578 2184 805 2255 τούτων,
855 2182 915 2236 τὸ
956 2184 1090 2236 πᾶσι
1128 2180 1595 2253 χρεωστούμενον,
1639 2180 1822 2251 μόνοις

232 2280 562 2353 ἀρπάζουσα
604 2278 716 2347 τοῖς
750 2273 950 2342 ἑαυτῆς
994 2273 1181 2326 παισὶν
1219 2273 1253 2342 η
1294 2272 1453 2342 γυνή.
1503 2272 1565 2324 Εἰ
1599 2270 1707 2342 γὰρ
1746 2271 1820 2349 μὴ

229 2373 391 2427 τοῦτό
437 2373 580 2436 ἔστι,
617 2369 768 2421 ποῖον
816 2360 937 2439 ἔχει
983 2362 1166 2433 λόγον,
1203 2363 1263 2416 τὸ
1317 2363 1416 2435 ἤδη
1469 2362 1619 2417 δοθὲν
1666 2359 1822 2441 αὖθις

230 2463 577 2538 προσιοῦσαν
630 2450 838 2525 αἰτεῖν;
902 2457 1012 2511 Καὶ
1068 2456 1225 2533 αὐτοὶ
1278 2456 1388 2526 γὰρ
1440 2450 1581 2527 ἦσαν
1614 2458 1671 2509 ὲν
1709 2457 1821 2536 τοῖς

229 2553 563 2617 ἀκούσασιν,
599 2569 616 2602 ι
649 2550 841 2621 Ὑμεῖς
875 2549 925 2601 oi
954 2546 1421 2622 ἀκολουθήσαντές
1464 2563 1574 2617 μοι,
1601 2546 1820 2615 καθίσε-

232 2645 326 2699 σθε
359 2646 456 2698 ἐπὶ
477 2642 685 2696 δώδεκα
719 2639 963 2713 θρόνους.
996 2658 1014 2690 ι
1049 2628 1217 2700 Εἰδὼς
1244 2637 1299 2690 δὲ
1320 2639 1348 2690 ό
1379 2636 1568 2708 Σωτὴρ
1595 2636 1669 2700 ὡς
1691 2637 1821 2701 Θεὸς

230 2739 282 2790 τί
310 2738 381 2808 ἦν
412 2737 474 2788 ὲν
502 2732 582 2805 τῷ
615 2730 911 2803 ἀνθρώπῳ,
944 2729 1330 2801 προσκαλεῖται
1373 2728 1471 2799 μὲν
1504 2730 1629 2792 τοὺς
1662 2730 1821 2783 Ζεϐε-

228 2832 387 2884 δαίου
426 2827 643 2891 παῖδας,
693 2823 981 2895 ἀποτόμως
1020 2822 1076 2875 δὲ
1120 2822 1220 2874 οὐκ
1262 2821 1474 2892 ἐλέγχει
1524 2810 1820 2901 φιλάγαθος

228 2924 331 2987 ὢν,
370 2921 459 2973 ἴνα
487 2921 562 2991 μὴ
600 2917 679 2988 τῷ
710 2916 865 2988 βάρει
905 2916 1003 2987 τῆς
1031 2913 1210 2986 λύπης
1244 2912 1480 2987 βαπτίσῃ
1528 2917 1663 2985 πρὸς
1687 2914 1821 2968 ἀθυ-

232 3013 373 3082 μίαν
391 3030 404 3042 -
433 3009 675 3072 πιθανῶς
700 3008 757 3061 δέ
789 3024 974 3077 φησιν,
1014 3006 1127 3059 Οὐκ
1153 3005 1297 3058 ἔστιν
1324 3005 1455 3075 ἐμὸν
1480 3005 1691 3060 δοῦναι·
1728 3008 1821 3060 καὶ

230 3104 292 3157 ού
327 3104 397 3176 δή
460 3119 564 3155 που
613 3100 913 3170 κατηγορεῖ
941 3097 1039 3166 τῆς
1087 3094 1284 3151 ἑαυτοῦ
1333 3097 1568 3165 φύσεως,
1609 3097 1683 3160 ὡς
1723 3099 1822 3152 οὐκ

230 3191 473 3263 ἐχούσης
507 3189 569 3242 τὸ
606 3186 868 3241 δύνασθαι
912 3187 1221 3258 παρασχεῖν
1256 3183 1488 3253 (ἄτοπον
1518 3186 1627 3258 γὰρ
1656 3187 1824 3251 ὄντως

231 3270 332 3337 καὶ
357 3283 481 3336 λίαν
504 3278 699 3351 εύηθες
721 3276 864 3331 οὕτω
898 3280 1057 3341 νοεῖν,
1077 3276 1233 3346 εἴπερ
1259 3275 1361 3347 ἠδη
1391 3277 1638 3345 φαίνεται
1669 3279 1825 3333 τοῦτο

230 3370 610 3444 παρεσχηκὼς
632 3369 726 3423 καὶ
744 3366 1257 3438 ἐπαγγειλάμενος),
1272 3366 1387 3420 ἀλλ’
1405 3368 1614 3440 ἐπειδὴ,
1638 3372 1820 3442 φησὶν,

232 3464 427 3519 ἄδικον
460 3461 675 3532 αἴτησιν
706 3459 801 3512 καὶ
830 3457 987 3530 χάριν
1014 3454 1289 3528 τοιαύτην,
1323 3457 1389 3527 ἦν
1412 3459 1511 3512 οὐκ
1544 3460 1667 3531 ἐμοὶ
1692 3461 1819 3532 πρέ-

234 3573 329 3609 πει
365 3554 694 3626 παρασχεῖν,
735 3548 1048 3620 ἐπιζητεῖτε
1073 3548 1279 3613 λαϐεῖν,
1314 3568 1331 3601 ι
1369 3550 1483 3603 Οὐκ
1511 3551 1656 3603 ἐστιν
1692 3552 1823 3620 ἐμὸν

232 3645 444 3702 εοῦναι.
483 3654 500 3696 ι
533 3644 664 3714 Εἰμὶ
696 3642 805 3714 γὰρ
844 3641 1051 3704 δίκαιος
1102 3641 1316 3713 κριτὴς,
1365 3641 1460 3694 καὶ
1491 3640 1627 3712 πρὸς
1669 3641 1823 3709 ἀξίαν

232 3741 352 3801 τοῖς
387 3736 624 3791 ἑκάστου
655 3735 838 3797 πόνοις
865 3732 1170 3797 ἀποδιδοὺς,
1201 3721 1277 3797 ὥς
1298 3734 1355 3785 ὲν
1384 3731 1697 3803 ὀφλήματος
1726 3737 1823 3789 τά·

232 3828 323 3894 ξει
360 3824 431 3879 τὰ
468 3823 629 3895 γέρα.
662 3822 872 3885 ’Δλλως
912 3837 971 3873 τε
1024 3819 1182 3884 δόξαν
1222 3820 1510 3891 ἐνομίσατε
1567 3820 1726 3891 κενὴν
1765 3821 1825 3873 τὸ

231 3916 470 3973 καθίσαι
503 3918 567 3969 ὲκ
609 3912 799 3978 δεξιῶν
834 3929 934 3984 μου
984 3910 1078 3965 καὶ
1107 3909 1168 3976 ἐξ
1217 3910 1543 3982 εὐωνύμων·
1586 3910 1699 3964 ἀλλ’
1725 3913 1825 3965 οἰκ

232 4012 389 4065 ἐστιν
437 4009 573 4079 ἐμὸν
616 4006 775 4061 τοῦτο
828 4006 1153 4076 παρασχεῖν.
1202 4004 1259 4057 '0
1302 4003 1411 4077 γὰρ
1441 4004 1705 4059 διδάσκων
1749 4006 1824 4078 μὴ

233 4104 440 4166 νοσεῖν,
476 4101 575 4154 οὐκ
602 4098 669 4155 ἂν
697 4098 857 4162 αὐτὸς
877 4097 1032 4153 νόσον
1065 4096 1272 4169 ἐπιδοίη
1300 4096 1434 4150 τινί·
1465 4096 1655 4169 ὥσπερ
1687 4097 1754 4151 ἂν
1778 4098 1825 4150 εί

231 4195 300 4249 τὸ
338 4191 457 4264 πῦρ
492 4191 574 4263 τῷ
600 4187 1011 4262 καταψύχεσθαι
1044 4187 1374 4260 βουλομένῳ,
1420 4190 1514 4244 καὶ
1545 4190 1703 4244 τοῦτο
1736 4191 1824 4244 ai-

234 4286 431 4341 τοῦντι
485 4285 620 4357 παρ’
652 4281 845 4347 αὐτοῦ,
888 4282 1057 4352 λέγοι,
1087 4281 1202 4335 Οὔκ
1225 4280 1374 4335 ἐστιν
1400 4281 1531 4352 ἐμὸν
1573 4282 1602 4336 ὅ
1643 4283 1824 4354 ζητεῖς

1924 1829 2139 1895 matris
2166 1843 2291 1883 vero
2326 1844 2426 1896 ope
2464 1836 2710 1893 utuntur,
2758 1841 2880 1896 qua:
2915 1825 3188 1903 Christum
3221 1816 3501 1897 aggressa,

1923 1920 2035 1973 ait:
2076 1938 2093 1971 ι
2130 1920 2223 1974 Dic
2248 1928 2305 1973 ut
2338 1920 2442 1973 duo
2479 1918 2571 1971 lilii
2606 1919 2707 1971 mei
2745 1919 2991 1981 sedeant,
3029 1934 3166 1972 unus
3212 1934 3241 1972 a
3296 1920 3503 1973 dextris

1925 2011 2050 2072 tuis,
2076 2020 2128 2064 et
2160 2023 2299 2063 unus
2328 2025 2355 2061 ιι
2387 2008 2627 2063 sinistris
2660 2008 2787 2062 tuis.
2825 2027 2843 2058 ι
2879 2009 3078 2077 Aperte
3101 1994 3232 2075 ergo
3264 2010 3347 2064 his
3377 2026 3502 2064 rer-

1924 2104 2006 2159 bis
2033 2104 2245 2157 videtur
2275 2101 2490 2165 mulier,
2524 2101 2579 2166 id
2611 2099 2753 2169 quod
2789 2100 3044 2156 omnibus
3089 2102 3337 2166 debetur,
3368 2103 3502 2157 solis

1924 2194 2048 2249 ﬁliis
2105 2193 2219 2246 suis
2251 2204 2446 2261 capere
2493 2188 2651 2245 velle.
2703 2186 2838 2242 Nam
2870 2187 2915 2243 si
2963 2189 3066 2243 hoc
3102 2203 3209 2243 non
3258 2199 3362 2256 est,
3395 2172 3501 2259 qua

1924 2281 2136 2334 ratione
2174 2279 2226 2333 id
2281 2278 2425 2348 quod
2453 2276 2568 2346 jam
2614 2277 2801 2333 datum
2856 2286 2978 2333 erat
3020 2292 3210 2333 rursus
3238 2280 3503 2356 accedens

1924 2370 2100 2442 petit?
2128 2369 2407 2439 Siquidem
2440 2379 2494 2423 et
2528 2367 2629 2438 ipsi
2660 2376 2815 2423 erant
2846 2367 2898 2422 in
2926 2383 3151 2423 numero
3173 2382 3359 2423 eorum
3407 2369 3500 2438 qui

1923 2441 2213 2515 audierant
2271 2457 2550 2513 Christum
2607 2444 2914 2513 dicentem:
2960 2475 2979 2510 ι
3022 2442 3130 2512 Vos
3187 2458 3277 2527 qui
3329 2441 3498 2512 seettti

1924 2551 2056 2607 estis
2086 2566 2192 2615 me,
2223 2549 2484 2605 sedebitis
2519 2535 2685 2618 super
2724 2549 3010 2605 duodecim
3041 2550 3286 2604 thronos.
3324 2567 3343 2601 ι
3370 2532 3501 2603 Sero

1925 2652 2078 2696 rator
2106 2657 2256 2705 vero,
2286 2640 2797 2710 cumperspicerct,
2818 2650 2877 2696 ut
2900 2640 3063 2707 Deus,
3091 2639 3311 2694 humani
3336 2624 3500 2693 animi

1926 2750 2204 2802 recessus,
2229 2734 2367 2788 lilios
2396 2732 2639 2787 Zcbedtei
2674 2720 2741 2787 ad
2770 2748 2828 2787 sc
2862 2742 3041 2797 vocat,
3078 2732 3378 2800 leniterque
3409 2746 3504 2786 eos

1924 2842 2023 2896 pro
2051 2843 2144 2880 sua
2196 2827 2439 2881 bonitate
2488 2826 2857 2895 reprehendit,
2887 2838 2956 2879 ne
2987 2824 3255 2893 gravitate
3301 2806 3504 2878 doloris

1925 2936 2110 2975 eorum
2167 2918 2334 2973 animi
2393 2926 2879 2972 coasteruarentur
2910 2933 2923 2968 :
2959 2918 3311 2983 modesteque
3347 2914 3501 2976 ‘iicil.

1927 3024 2188 3077 nonessc
2223 2998 2379 3064 suum
2407 3011 2568 3072 dare;
2593 3022 2766 3074 neque
2784 2994 2914 3060 vero
2946 2995 3151 3059 naturae
3180 3019 3290 3059 sua:
3328 2989 3501 3074 impo-

1877 3089 1890 3111 ’
1929 3104 2153 3159 tentiam
2191 3102 2389 3170 arguit,
2422 3100 2575 3170 quasi
2605 3099 2733 3152 illud
2760 3099 2889 3153 dare
2913 3112 3016 3151 nun
3049 3104 3231 3165 posset
3258 3096 3502 3167 (stultum

1926 3195 2071 3247 enim
2115 3201 2280 3260 atque
2314 3189 2610 3245 absurdum
2653 3186 2820 3242 fuerit
2859 3186 3208 3265 idcogitare,
3242 3201 3363 3265 cum
3390 3185 3503 3253 jam

1924 3284 2181 3339 omnibus
2207 3283 2257 3336 id
2289 3278 2343 3336 et
2375 3283 2587 3336 dedisse
2621 3286 2676 3334 et
2708 3260 3024 3349 promisisse
3072 3260 3377 3347 cernatur),
3410 3279 3505 3331 sed

1925 3376 2178 3445 quoniam
2233 3367 2474 3443 iniquam
2536 3352 2879 3440 petitionem,
2925 3377 2981 3422 et
3014 3367 3213 3422 donum
3242 3368 3385 3436 quod
3419 3356 3504 3421 me

1928 3482 2032 3520 non
2075 3468 2250 3529 decet,
2289 3466 2444 3519 vobis
2481 3462 2663 3534 largiri
2710 3461 2917 3532 petitis,
2954 3460 3152 3529 inquit,
3202 3454 3219 3511 ι
3270 3454 3384 3513 Non
3422 3468 3505 3512 est

1928 3572 2104 3610 meum
2129 3556 2279 3609 dare.
2315 3573 2332 3605 ι
2366 3553 2498 3609 Sum
2532 3554 2676 3607 enim
2708 3551 2887 3620 justus
2909 3551 3099 3621 judex,
3126 3561 3180 3605 et
3204 3566 3301 3620 pro
3330 3549 3505 3621 digni-

1930 3658 2038 3702 tate
2068 3646 2491 3715 uniuscujusque
2532 3643 2810 3697 laboribus
2849 3643 3068 3712 praemia
3104 3641 3270 3697 veluti
3307 3655 3371 3696 ex
3407 3635 3503 3695 dd-

1926 3738 2038 3793 bito
2093 3734 2360 3807 persolvo.
2406 3734 2485 3788 Ad
2533 3734 2647 3787 lucc
2695 3733 2911 3787 inanem
2946 3732 3171 3800 gloriam
3216 3747 3334 3786 esse
3378 3745 3504 3787 cen-

1927 3829 2115 3887 suistis
2147 3827 2339 3881 sedere
2380 3842 2408 3879 a
2451 3824 2659 3878 dextris
2690 3823 2826 3877 meis
2856 3833 2910 3877 et
2951 3823 3226 3878 sinistris:
3259 3823 3352 3876 sed
3398 3838 3502 3876 non

1927 3932 2009 3979 est
2050 3935 2229 3976 meum
2260 3918 2362 3973 hoc
2390 3916 2540 3971 dare.
2565 3913 2701 3970 Nam
2736 3916 2827 3985 qui
2859 3916 3019 3970 docet
3053 3913 3362 3984 fugiendum
3385 3929 3505 3967 esse

1930 4011 2196 4075 morbum,
2227 4023 2338 4064 non
2362 4008 2512 4062 illum
2550 4006 2706 4063 alteri
2726 4005 3434 4072 dederit.Quemadmodum
3459 4009 3503 4058 si

1929 4104 2070 4176 ignis
2102 4102 2151 4158 ei
2179 4101 2272 4173 qui
2303 4099 2614 4170 refrigerari
2656 4098 2823 4170 cupit,
2861 4108 3024 4169 atque
3050 4099 3151 4153 hoc
3179 4098 3245 4151 ab
3269 4098 3384 4166 ipso
3415 4112 3505 4164 pc~

1927 4196 2013 4259 tit,
2042 4192 2209 4258 dicat,
2232 4190 2350 4247 Non
2387 4199 2468 4245 est
2502 4205 2680 4245 meum
2724 4190 2776 4244 id
2813 4190 2955 4261 quod
2997 4189 3136 4259 petis
3191 4188 3286 4242 tibi
3326 4187 3502 4241 dare:

1927 4285 2157 4340 diversa:
2200 4284 2348 4339 enim
2401 4296 2518 4336 sum
2551 4291 2781 4336 naturae.
2819 4281 2952 4336 Cum
2981 4281 3163 4351 itaque
3192 4279 3295 4335 sint
3328 4278 3508 4349 justus

237 4375 524 4433 ἐπιδοῦναί
565 4391 677 4429 σοι·
716 4373 933 4446 φύσεως
961 4373 1068 4446 γὰρ
1092 4371 1285 4445 ἑτέρας
1314 4372 1451 4443 εἰμί.
1489 4373 1706 4439 Δίκαιος
1733 4369 1822 4428 οὖν

1932 4376 2248 4434 certaminis
2270 4372 2576 4444 praefectus,
2607 4389 2712 4428 non
2739 4373 2808 4428 iis
2839 4373 2931 4444 qui
2973 4372 3290 4441 simpliciter
3322 4381 3507 4442 petunt

237 4469 505 4540 ὑπάρχων
534 4463 899 4535 ἀγωνοθέτης,
916 4463 977 4516 οὐ
1005 4464 1117 4526 τοῖς
1137 4460 1381 4517 αίτοῦσιν
1403 4460 1590 4528 ἁπλῶς
1625 4463 1824 4532 ὀφείλω

240 4560 574 4628 παρασχεῖν,
607 4556 728 4609 οὐδὲ
767 4556 976 4618 πάντας
1016 4552 1278 4625 ἀδικήσας
1310 4553 1433 4617 τοὺς
1486 4553 1822 4625 ἀγωνιζομέο

238 4666 397 4725 νους,
425 4651 507 4713 εἰς
539 4648 634 4701 δύο
668 4647 863 4719 μόνους
887 4715 893 4727 ἲ
917 4648 1257 4715 συνενεγκεῖν
1304 4646 1403 4709 τὰς
1449 4646 1614 4717 τιμάς
1630 4662 1647 4713 η’
1690 4648 1825 4702 ἀλλὰ

236 4744 354 4802 τοῖς
382 4740 615 4794 ἑκάστου
658 4735 1076 4808 κατορθώμασιν
1115 4734 1393 4803 ἀναλόγως
1441 4734 1734 4791 ἀποδοῦναι
1759 4738 1829 4792 τὰ

239 4831 395 4902 αὐτῷ
452 4823 898 4903 χρεωστούμενα.
933 4828 1188 4883 Ἐκείνων
1227 4824 1319 4882 οὖν
1360 4828 1477 4901 ἐστι
1517 4827 1703 4882 λαϐεῖν
1748 4824 1830 4893 οἷς

240 4922 403 4975 τοῦτο
438 4920 663 4995 δικαίως
689 4919 1051 4992 ηὐτρέπισται
1072 4919 1226 4992 παρά
1256 4918 1350 4973 τοῦ
1386 4919 1618 4992 Πατρὸς,
1648 4921 1826 4995 τοῦ

241 5014 370 5084 ιμοὶ
418 5014 515 5067 καὶ
563 5012 631 5067 δι’
667 5006 802 5083 ἐμοῦ
852 5011 1031 5065 πάντα
1079 5010 1469 5083 ἐργαζομένου.
1511 5012 1719 5066 Οἰέσθω
1768 5014 1823 5067 δὲ

246 5104 462 5175 μηδεὶς,
478 5102 568 5158 διὰ
584 5102 646 5157 τὸ
672 5102 837 5167 αὑτὸν
864 5102 940 5174 μὴ
961 5102 1223 5156 δύνασθαι
1257 5105 1576 5174 παρασχεῖν,
1602 5103 1700 5174 τὴν
1728 5105 1822 5157 τοῦ

247 5194 461 5267 Πατρὺς
488 5192 808 5265 ἐπωνυμίαν
837 5193 1208 5267 εἰσφέρεσθαι,
1241 5194 1334 5248 καὶ
1362 5195 1494 5267 παρ’
1524 5195 1689 5248 αὐτοῦ
1716 5198 1827 5261 τοῖς

245 5286 421 5353 ἁγίοις
453 5284 812 5358 ηὐτρεπίσθαι
838 5285 1019 5355 λέγειν
1048 5287 1147 5351 τὰς
1172 5286 1355 5357 τιμάς.
1395 5286 1534 5340 Ἀλλ’
1557 5289 1828 5359 οἰκονομι-

243 5378 358 5440 xt'o;
380 5394 515 5448 φησι
533 5378 715 5432 τοῦτο’
735 5378 853 5443 ἔθος
884 5379 993 5451 γὰρ
1008 5379 1158 5450 αύτῷ
1183 5381 1289 5433 πᾶν
1310 5380 1449 5451 ὅπερ
1469 5378 1535 5433 ἂν
1566 5381 1824 5452 ὑπερέχοι

245 5468 343 5539 τὴν
363 5468 655 5537 ἀνθρώπου
685 5470 846 5541 φύσιν
881 5470 1190 5537 ἀναϐαῖνον,
1220 5470 1379 5524 τοῦτο
1404 5471 1716 5525 ἀνατιθέναι
1747 5472 1825 5542 τῷ

317 5640 361 5676 ⁸⁸
402 5642 594 5700 Matth.
640 5659 753 5711 χιχ,
782 5646 869 5701 9.7.
950 5647 992 5678 "
1030 5645 1220 5700 Matth.
1252 5662 1368 5711 tux,
1405 5647 1494 5713 Ἥ,
1518 5648 1606 5702 28.

1936 4466 2154 4538 praemia
2210 4463 2461 4519 conferre
2516 4463 2710 4529 debeo,
2759 4478 2937 4534 neque
2975 4478 3165 4518 omnes
3210 4473 3507 4518 certatores

1934 4559 2132 4628 injuria
2164 4555 2427 4622 alliciens,
2454 4556 2664 4611 duobus
2709 4556 2837 4612 solis
2883 4557 3142 4611 honorem
3178 4556 3384 4625 largiri,
3412 4555 3505 4609 sed

1932 4649 2357 4721 uniuscujusque
2400 4648 2584 4703 virtuti
2629 4650 2848 4719 praemia
2886 4648 3235 4719 proportione
3284 4660 3507 4714 respon-

1929 4742 2114 4798 dentia
2143 4740 2405 4796 tribuere.
2438 4739 2653 4794 Illorum
2686 4739 2851 4811 igitur
2885 4750 2968 4795 est
3003 4740 3273 4806 accipere,
3309 4730 3507 4806 quibus

1930 4834 2033 4889 hoc
2054 4836 2200 4903 juslc
2229 4847 2259 4885 ιι
2302 4830 2463 4885 Patre
2518 4840 2795 4887 servatura
2829 4842 2933 4897 est,
2972 4831 3061 4901 qui
3096 4831 3149 4884 itt
3199 4843 3284 4883 mc
3314 4839 3367 4882 et
3410 4841 3508 4897 per

1934 4941 2019 4981 me
2049 4925 2230 4982 omnia
2273 4934 2552 4994 operatur.
2590 4923 2760 4980 Nemo
2794 4934 2973 4978 autem
3003 4923 3302 4986 existimet,
3350 4916 3505 4990 quasi

1932 5015 2044 5085 ipsc
2078 5030 2182 5068 non
2214 5016 2386 5084 possit
2419 5014 2569 5078 dare,
2593 5013 2770 5069 Patris
2786 5013 3199 5083 appellationem
3236 5009 3506 5083 243m;

1934 5108 2082 5171 ferri,
2130 5116 2292 5175 atque
2343 5107 2410 5160 ab
2460 5105 2575 5174 ipso
2629 5104 2864 5159 honores
2916 5104 3119 5158 sanctis
3179 5112 3510 5172 prmparalos

1930 5200 2058 5254 dici.
2093 5198 2200 5253 Sed
2238 5197 2445 5251 ratione
2477 5196 2869 5251 incarnationis
2901 5196 3001 5250 huc
3032 5195 3165 5249 dicit
3197 5212 3209 5247 :
3242 5194 3510 5247 familiare

1929 5292 2074 5345 enim
2128 5289 2231 5343 hoc
2262 5291 2310 5344 ei
2346 5299 2452 5352 est,
2489 5299 2548 5343 ut
2583 5305 2703 5359 qua:
2744 5299 2989 5343 naturam
3033 5292 3326 5342 humanam
3352 5301 3509 5340 cxce-

1931 5383 2086 5448 duut,
2120 5380 2269 5436 Patri
2300 5390 2357 5435 ut
2388 5380 2498 5435 Deo
2543 5381 2806 5439 ascribat.
2849 5379 2979 5434 Nam
3009 5391 3063 5435 et
3113 5379 3231 5447 ipse
3269 5379 3408 5433 Deus
3441 5393 3507 5432 cx

1931 5488 2027 5527 sua
2063 5482 2254 5527 natura
2291 5471 2581 5535 exsistcns,
2614 5479 2666 5524 ct
2701 5486 2864 5525 unum
2902 5485 3022 5526 cum
3070 5467 3252 5537 Patre,
3290 5468 3506 5540 poterit,
