4048 6196
424 266 563 326 “69

1773 277 1862 335 DE
1898 278 2290 341 TRINITATE.

3549 297 3687 354 U70

423 379 561 453 πρὸς
588 377 684 444 οὓς
727 380 1065 449 ἀπέστειλεν,
1101 385 1315 457 ἔπεμψε
1360 386 1450 441 τὸν
1482 387 1629 452 Υίὸν,
1658 388 1782 442 οὔτε
1825 391 1853 443 6
1883 390 2013 455 Υἱὸς

2120 411 2259 452 cum.
2292 398 2556 469 Superest
2586 416 2716 474 ergo
2745 412 2804 459 nt
2844 405 3219 462 existimemus
3265 422 3555 481 assumpta:
3590 416 3690 469 ttu-

425 469 484 535 ὲξ
510 471 696 542 ἐτέρου
736 474 815 537 εἰς
842 473 1027 546 ἕτερον
1060 479 1406 549 μεταϐέϐηκε
1444 481 1609 533 τόπον
1633 497 1644 510 ·
1675 481 1871 536 οὐκοῦν
1899 482 2010 536 λεί-

410 577 581 615 ’πεται
604 565 743 709 νοεῖν
767 564 871 636 τῆς
890 567 1294 640 ἀναληφθείσης
1312 572 1730 645 ἁνθρωπότητος
1756 575 1855 647 τὴν
1877 576 2010 631 ἁπο-

424 654 616 709 στολὴν
652 673 679 709 ε
705 672 813 709 ναι.

424 654 616 727 στολὴν
652 654 813 711 εἶναι.

508 787 645 841 Ἀλλ’
680 790 773 843 ἐπὶ
801 790 899 863 τὴν
924 793 1218 865 ἑρμηνείαν
1242 796 1352 851 τῶν
1375 799 1717 856 Δεσποτικῶν
1746 802 2010 875 ῥημάτων

423 882 757 955 ἀναδραμεῖν
790 887 1031 958 καιρός.ι
1055 888 1143 943 Ἐν
1176 890 1252 961 τῷ
1281 892 1448 963 νόμῳ,
1483 894 1729 966 φησι,τῷ
1759 897 2009 971 ὑμετέρῳ

424 973 755 1065 γέγραπται,
781 978 864 1031 ὅτι
910 978 1004 1033 δύο
1051 980 1355 1053 ἀνθρώπων
1403 986 1436 1055 ἡ
1490 990 1765 1060 μαρτυρία
1802 992 2010 1065 ἀληθής

428 1068 627 1119 ἐστιν’(
652 1063 771 1122 εἶτα
798 1069 1110 1139 ὲπάγει,ὃτι
1144 1093 1161 1126 ι
1185 1075 1326 1144 Ἐγώ
1355 1078 1471 1149 είμι
1500 1080 1528 1131 6
1557 1082 1855 1154 μαρτυρῶν
1882 1063 2011 1157 περὶ

426 1159 686 1227 ἐμαυτοῦ,
718 1162 811 1214 καὶ
856 1168 1127 1236 μαρτυρεῖ
1159 1169 1288 1239 περὶ
1317 1169 1451 1238 ἐμοῦ
1484 1172 1514 1225 6
1543 1171 1768 1244 πέμψας
1798 1193 1865 1247 με
1894 1178 2010 1232 Πα-

426 1252 555 1323 τήρ.
593 1272 612 1305 ι
654 1252 1081 1326 Ἀποϐλέψαντες
1114 1259 1296 1314 τοίνυν
1343 1261 1444 1333 τὴν
1490 1266 1693 1330 είκόνα,
1726 1268 2010 1338 νοήσωμεν

426 1347 486 1399 τὸ
519 1345 860 1416 ἀρχέτυπον⁸
904 1368 922 1401 ι
950 1349 1073 1417 Δύο,
1108 1354 1292 1423 φησιν,
1328 1354 1633 1427 ἀνθρώπων
1662 1359 1693 1429 ἠ
1732 1362 2039 1432 μαρτυρίαι

424 1437 631 1508 ἀληθής
671 1440 820 1494 ἐστιν
844 1457 857 1471 ⁸
900 1460 919 1495 ι
970 1443 1078 1497 τῶν
1108 1444 1166 1498 δὲ
1202 1446 1296 1499 δύο
1324 1448 1625 1519 ἀνθρώπων
1657 1451 1878 1521 ἡφύσις
1911 1455 2012 1524 μία

423 1529 666 1599 δηλονότι
696 1531 845 1604 παρὰ
882 1535 1050 1588 πᾶσιν
1077 1536 1143 1590 ἂν
1166 1537 1511 1610 ὡμολόγηται
1533 1559 1545 1572 ο
1576 1543 1771 1596 οὐκοῦν
1798 1545 2012 1616 Πατρὸς

424 1622 519 1674 καὶ
556 1620 687 1676 Υἱοῦ
716 1626 747 1695 η
778 1625 935 1679 οὐσία
962 1628 1081 1697 μία,
1110 1629 1207 1700 μία
1232 1627 1334 1701 [ita
1364 1632 1462 1701 μία
1491 1632 1600 1705 bis]
1633 1636 1697 1689 ἐκ
1740 1636 1839 1703 τῆς
1870 1638 2012 1690 εικό-

422 1731 514 1777 νος
545 1714 870 1787 νοηθὴσεταί
898 1735 977 1771 ,τε
1028 1720 1121 1773 καὶ
1153 1721 1614 1795 ὁμολογηθήσεται
1634 1741 1647 1755 ·
1682 1725 1872 1797 ὥσπερ
1905 1728 2013 1799 γὰρ

423 1808 541 1858 ἐκεῖ
570 1806 662 1860 δύο
685 1808 981 1881 ἄνθρωποι,
1009 1811 1155 1867 οὕτω
1183 1814 1277 1868 καὶ
1304 1814 1540 1870 ἐνταῦθα
1566 1815 1697 1882 Θεὸς
1727 1819 1820 1872 καὶ
1853 1818 2007 1886 Θεὸς,

426 1897 617 1969 Πατὴρ
668 1899 763 1953 καὶ
792 1900 939 1966 Υἱὸς,
971 1904 1067 1957 καὶ
1095 1905 1280 1970 αὐτοῖς
1322 1908 1435 1971 τοῖς
1462 1907 1690 1978 ὀνόμασι
1723 1909 2010 1982 δηλοῦντες

423 1986 523 2057 τῆς
564 1988 781 2057 φύσεως
808 1991 908 2062 τὴν
939 1994 1244 2067 ταυτότητα
1263 2012 1276 2026 ·
1304 1995 1427 2050 οὔτε
1450 1998 1559 2069 γάρ
1585 2002 1614 2053 6
1638 1999 1854 2072 άληθῶς
1878 2003 2011 2068 Θεὸς

424 2078 616 2150 ἑτέρας
646 2080 712 2134 ἂν
738 2080 824 2154 εἴη
857 2084 1073 2153 φύσεως
1094 2089 1242 2160 παρά
1271 2089 1361 2144 τὸν
1390 2090 1658 2163 ἀληθινῶς
1690 2092 1855 2147 Θεόν·
1886 2093 2010 2149 οὔτε

422 2172 453 2224 6
502 2174 629 2239 Υἱὸς
679 2176 837 2242 ἄλλος
892 2183 1022 2253 παρ’
1057 2184 1302 2250 ἐκεῖνον,
1356 2186 1493 2240 Θεοῦ
1548 2189 1810 2260 ὑπάρχων
1858 2191 2006 2256 Υἱός.

424 2267 643 2323 Τούτων
669 2270 1003 2337 ἀκούσαντες
1026 2275 1075 2327 oi
1103 2276 1345 2332 Ἰουδαῖοι
1360 2280 1652 2353 ἠρώτησαν
1674 2282 2008 2339 αὐτόν·ιΠοῦ

424 2360 573 2415 ἔστιν
615 2365 642 2417 6
668 2364 861 2438 Πατήρ
912 2384 1081 2435 σου;»
1134 2370 1431 2445 Ἀπεκρίθη
1482 2375 1661 2429 τοίνυν
1688 2379 1715 2431 6
1761 2377 2007 2450 Ἰησοῦς·

430 2454 614 2545 «Οὔτε
667 2457 767 2529 ἐμὲ
815 2461 1014 2527 οἴδατε,
1058 2463 1182 2517 οὔτε
1217 2466 1307 2519 τὸν
1352 2467 1573 2540 Πατέρα
1627 2488 1760 2542 μου’
1815 2473 1863 2525 εἰ
1910 2473 2011 2545 ἐμὲ

424 2544 624 2619 ᾔδειτε,
666 2551 757 2604 καὶ
794 2550 886 2605 τὸν
925 2553 1147 2626 Πατέρα
1184 2574 1289 2627 μου
1328 2558 1506 2629 ᾔδειτε
1544 2559 1629 2613 ἄν.
1664 2580 1684 2613 ι

504 2777 701 2848 Ὁρᾶτε
726 2778 885 2833 πάλιν
907 2779 1023 2843 πῶς
1047 2780 1293 2835 ἐντεῦθεν
1316 2783 1376 2836 τὸ
1396 2784 1679 2855 ὁμοούσιον
1700 2787 1972 2846 δείκνυται
1992 2809 2007 2824 ο

426 2869 489 2925 Et
515 2872 615 2942 ἐμὲ
646 2872 772 2944 γὰρ,
800 2875 984 2943 φησὶν,
1010 2874 1207 2946 ᾔδειτε,
1233 2876 1327 2930 καὶ
1353 2875 1445 2931 τὸν
1465 2879 1686 2951 Πατέρα
1712 2899 1812 2952 μου
1832 2883 2011 2955 ⁴ᾔδειτε

422 2962 526 3016 ἄν’
569 2965 634 3016 ἐκ
672 2963 729 3016 δὲ
758 2963 853 3017 τοῦ
886 2966 1226 3035 ἐτεροουσίου
1260 2968 1321 3021 τὸ
1350 2970 1688 3042 ἐτεροούσιον
1719 2975 1779 3029 οὐ
1811 2976 2011 3048 γνωρί-

2118 491 2398 547 manitatis
2426 493 2595 551 fuisse
2610 496 2950 554 missionem.

2188 798 2297 855 Sed
2316 799 2427 870 jam
2458 810 2670 873 tempus
2692 814 2770 859 est
2802 808 2949 861 ut-ad
2975 806 3376 864 Dominicornm
3400 813 3690 869 verborum

2114 892 2621 962 interpretationem
2646 899 2947 955 veniamus.
2981 919 2998 951 ι
3030 899 3246 967 Vestra,
3275 904 3471 976 inquit,
3496 907 3548 961 in
3577 906 3693 978 lege

2112 986 2377 1056 scriptum
2421 998 2527 1055 est,
2561 990 2786 1044 duorum
2828 992 3104 1047 hominum
3156 996 3523 1053 testimonium
3570 1014 3692 1055 esse

2115 1089 2324 1129 verum.
2360 1096 2378 1129 ι
2408 1076 2611 1134 Deinde
2644 1080 2791 1134 addit
2822 1099 2835 1136 :
2868 1101 2888 1134 ι
2922 1082 3031 1152 Ego
3059 1099 3177 1138 sum
3205 1086 3294 1155 qui
3324 1089 3690 1145 testimonium

2113 1165 2373 1234 perbibeo
2399 1167 2466 1222 de
2509 1170 2735 1238 meipso,
2756 1182 2812 1225 et
2832 1174 3194 1230 testimonium
3221 1176 3468 1245 perhibet
3495 1178 3559 1233 de
3583 1195 3689 1244 me,

2113 1257 2203 1322 qui
2248 1259 2389 1312 misit
2436 1275 2539 1324 me,
2577 1258 2757 1315 Pater.
2792 1280 2811 1313 ι
2846 1262 2985 1333 Ergo
3026 1265 3313 1337 imaginem
3360 1279 3689 1337 spectantes,

2114 1348 2465 1420 archetypum
2508 1367 2923 1423 cognoscamus.
2966 1374 2983 1406 ι
3020 1355 3290 1425 Duorum,
3335 1360 3545 1430 inquit,
3590 1361 3690 1416 ho-

2116 1441 2319 1493 minum
2358 1456 2549 1496 verum
2587 1452 2672 1500 est
2720 1446 3133 1514 testimonium;
3182 1468 3201 1503 ι
3265 1451 3415 1521 atqui
3462 1453 3689 1507 duormn

2115 1532 2393 1588 hominum
2433 1549 2593 1588 unam
2625 1550 2746 1591 esse
2780 1547 3026 1592 naturam
3063 1541 3245 1596 cuncti
3283 1542 3553 1609 fatentur;
3590 1545 3693 1615 igi-

2118 1632 2205 1678 tur
2233 1622 2412 1681 Patris
2444 1635 2499 1680 et
2523 1626 2641 1681 Filii
2671 1637 2923 1683 naturam
2961 1646 3152 1695 unam,
3185 1649 3346 1688 unam
3392 1649 3585 1706 reapse
3624 1651 3695 1691 ex

2118 1718 2359 1789 imagine
2389 1735 2779 1790 cognoscemus
2820 1729 2874 1776 et
2899 1723 3297 1779 conﬁtebimur.
3342 1726 3497 1781 Sicut
3551 1728 3695 1785 enim

2119 1811 2191 1864 ibi
2224 1811 2331 1865 duo
2360 1811 2630 1877 homines,
2656 1813 2728 1867 ita
2765 1822 2817 1867 et
2845 1813 2931 1869 hic
2983 1814 3122 1871 Deus
3152 1825 3207 1871 et
3236 1816 3408 1883 Deus,
3442 1816 3603 1873 Pater
3643 1829 3697 1873 et

2116 1901 2311 1966 Filius,
2342 1901 2433 1971 qui
2465 1903 2777 1959 nominibus
2806 1905 2918 1959 suis
2951 1904 3086 1973 ipsis
3110 1907 3357 1962 eamdem
3389 1921 3510 1963 esse
3541 1917 3699 1963 natu-

2118 2008 2234 2049 ram
2264 1993 2566 2048 declarant.
2602 1992 2790 2064 Neque
2815 1995 2957 2050 enim
2990 1996 3081 2066 qui
3110 2012 3271 2053 verus
3297 1998 3369 2053 sit
3401 1997 3562 2061 Dens.
3597 2014 3695 2053 na-

2120 2095 2239 2141 tura
2262 2084 2475 2141 diil‘eret
2508 2101 2537 2139 a
2568 2100 2701 2141 vero
2737 2085 2884 2151 Deo;
2923 2099 3095 2155 neque
3134 2086 3307 2142 Filius
3355 2086 3602 2143 diversus
3629 2087 3697 2142 ab

2118 2178 2211 2236 illo
2249 2179 2375 2244 erit,
2409 2193 2531 2233 cum
2570 2178 2643 2234 sit
2676 2178 2769 2234 Dei
2798 2178 2987 2233 Filius.
3022 2177 3116 2233 liis
3152 2168 3375 2244 auditis,
3408 2177 3579 2236 Judaei
3617 2179 3699 2234 in-

2120 2279 2534 2341 terrogaverunt
2576 2285 2743 2326 eum:
2805 2288 2824 2320 ι
2860 2269 3086 2325 Ubinam
3135 2279 3222 2325 est
3263 2269 3425 2325 Pater
3472 2272 3638 2351 tuus?
3675 2290 3691 2321 ι

2117 2364 2415 2436 Respondit
2449 2367 2632 2436 itaque
2664 2362 2822 2419 Jesus
2853 2382 2867 2418 :
2903 2381 2921 2415 ι
2952 2361 3136 2432 Neque
3176 2378 3263 2417 me
3310 2363 3496 2430 scitis,
3525 2378 3700 2433 neque

2118 2455 2335 2512 Patrem
2393 2472 2621 2511 meum:
2676 2455 2720 2511 si
2787 2468 2873 2509 me
2930 2454 3165 2522 sciretis,
3218 2451 3436 2508 Patrem
3484 2467 3713 2528 quoque

2120 2565 2298 2607 meum
2327 2549 2566 2607 sciretis.
2597 2566 2616 2601 ι

2191 2770 2385 2828 Videte
2436 2787 2626 2829 rursus
2673 2774 2944 2843 quomodo
2986 2774 3113 2828 hinc
3161 2772 3721 2829 consubstantialitas.

2095 2865 2545 2920 demonstratur.
2584 2866 2640 2919 Si
2678 2881 2784 2929 me,
2819 2865 3270 2935 inquit,sciretis,
3307 2864 3522 2919 Patrem
3565 2880 3701 2934 quo-

2119 2970 2227 3025 que
2264 2970 2441 3010 meum
2485 2954 2720 3010 sciretis.
2757 2956 2826 3009 At
2869 2971 2997 3011 vero
3043 2971 3111 3009 ex
3143 2970 3208 3010 eo
3238 2958 3383 3025 quod
3426 2956 3698 3010 diversum

428 3054 608 3116 ξεται·
641 3054 709 3108 τὰ
738 3055 847 3127 γάρ
877 3057 1147 3128 ἀλλόφυλα
1188 3061 1282 3115 και
1325 3062 1473 3129 ξένα,
1504 3064 1749 3131 ἀλλήλων
1773 3067 1874 3122 οὐκ
1906 3046 2013 3122 etot

2120 3057 2202 3104 est
2233 3056 2451 3113 natura,
2490 3046 2721 3103 alterum
2753 3048 2881 3102 item
2919 3049 3235 3103 naturaliter
3284 3048 3560 3103 diversum
3594 3064 3698 3102 nou

422 3144 729 3216 δηλωτικὰ*
750 3120 846 3200 ’τά
888 3120 1208 3217 δὶιρύσεως
1255 3120 1639 3223 κοινωνοῦντα,
1670 3158 1738 3213 δι’

2122 3138 2479 3207 dignoscitur.
2532 3137 2777 3208 Namque
2826 3137 3002 3193 aliena
3042 3136 3277 3193 invicem
3312 3147 3368 3192 et
3416 3147 3700 3203 extranea,

427 3234 790 3303 γινώσκεταιο
821 3238 891 3291 δι’
920 3239 1039 3302 ἑνὸς
1074 3242 1172 3311 μὲν
1209 3243 1521 3315 ἀνθρώπου,
1558 3252 1738 3305 πᾶσαν
1777 3250 1887 3305 τῶν
1923 3254 2018 3307 ἀν-

425 3322 664 3392 θρώπων
692 3324 793 3395 τὴν
823 3325 985 3393 φύσιν
1015 3327 1143 3381 ἰδεῖν
1176 3329 1320 3384 ἐστι’
1358 3336 1452 3386 καὶ
1487 3335 1555 3387 δι’
1581 3337 1699 3400 ἑνὸς
1742 3341 2015 3410 προϐάτου

428 3413 538 3468 τῶν
568 3414 856 3483 προϐάτων
889 3417 1036 3471 ἅπαν
1063 3420 1124 3472 τὸ
1158 3421 1342 3488 γένος*
1374 3425 1435 3477 o6
1475 3426 1582 3495 μὴν
1614 3427 1702 3481 διά
1730 3432 2018 3501 προϐάτων

427 3504 557 3567 τοὺς
593 3505 836 3570 λέοντας,
862 3507 984 3561 οὐδὲ
1013 3508 1102 3563 διὰ
1130 3509 1363 3565 λεόντων
1390 3513 1458 3566 τά
1492 3514 1761 3585 πρόϐατα,
1789 3519 1899 3572 οὐδ’
1925 3521 2021 3589 ἀγ-

428 3595 623 3664 γέλους
650 3598 739 3653 διὰ
774 3599 1097 3670 ἀνθρώπων,
1138 3603 1260 3657 οὐδὲ
1282 3604 1368 3658 διὰ
1395 3606 1641 3675 ἀγγέλων
1661 3609 1979 3680 ἀνθρώπους
2000 3629 2014 3643 ’

428 3688 567 3745 ζῶον
588 3691 697 3762 γάρ
719 3692 949 3749 ἕκαστον
971 3696 1068 3765 τῆς
1095 3698 1303 3761 οἰκείας
1323 3680 1621 3771 δηλωτικόν
1641 3702 1757 3755 ἐστι
1783 3702 2016 3772 φύσεως.

429 3782 495 3836 Ei
521 3783 701 3838 τοίνυν
725 3787 754 3838 6
787 3788 1079 3858 μονογενὴς
1099 3789 1270 3858 Λόγος
1292 3791 1387 3844 τοῦ
1411 3792 1544 3847 Θεοῦ
1572 3793 1797 3866 κτίσμα,
1838 3798 1930 3851 καὶ
1960 3798 2020 3865 ἐξ

425 3873 529 3926 οὐκ
552 3874 742 3941 ὄντων,
772 3877 866 3929 καὶ⁸
919 3877 977 3944 ἐξ
1020 3879 1214 3951 ἑτέρας
1260 3881 1406 3945 τινὸς
1446 3883 1737 3955 γεγένηται
1780 3886 2016 3955 φύσεως,

429 3964 549 4029 πῶς
576 3965 634 4017 ἐν
666 3967 817 4039 αὐτῷ
846 3967 938 4021 τὸν
968 3970 1189 4040 Πατέρα
1220 3971 1460 4027 δείκνυσι
1504 3975 1922 4048 πιστευόμενος;
1970 3980 2020 4033 εί

425 4055 486 4110 δὲ
515 4057 544 4109 6
570 4056 760 4130 Πατὴρ
796 4059 884 4113 διά
912 4059 1005 4113 τοῦ
1035 4061 1165 4115 rios
1212 4062 1558 4132 γινώσκεται,
1589 4066 1681 4120 καὶ
1714 4068 1742 4121 6
1773 4069 1863 4123 τὸν
1890 4070 2021 4125 Υίὸν

428 4147 731 4217 γινώσκων,
766 4153 860 4206 καὶ
907 4152 1001 4207 τὸν
1050 4155 1268 4224 Πατέρα
1298 4156 1575 4225 γινώσκει,
1611 4159 1870 4235 πεδηθειη
1918 4163 2021 4234 μὲν

430 4244 579 4296 πᾶσα
617 4242 938 4316 βλάσφημος
967 4245 1206 4315 γλῶσσα.
1245 4249 1336 4301 καὶ
1365 4249 1443 4321 τῷ
1472 4250 1707 4323 λάρυγγι
1747 4256 1887 4310 κατὰ
1927 4256 2019 4311 τὸν

429 4334 717 4405 προφήτην
752 4334 1039 4408 κολληθείη
1064 4353 1076 4365 °
1114 4338 1277 4407 ἡμεῖς
1302 4338 1363 4391 δὲ
1391 4341 1440 4392 οί
1474 4340 1575 4411 τῆς
1602 4342 1833 4412 Τριάδος
1852 4361 2020 4415 προσ-

426 4425 658 4497 κυνηταὶ
690 4426 893 4500 ἀκριϐῆ
926 4426 1019 4482 τοῦ
1051 4430 1339 4500 όμοουσίου
1371 4430 1621 4487 ἐντεῦθεν
1670 4435 1771 4507 τὴν
1812 4438 2015 4504 γνῶσιν

2121 3229 2357 3285 invicem
2386 3245 2492 3284 non
2523 3230 2899 3284 demonstrant
2932 3247 2947 3283 :
2971 3228 3066 3283 sed
3095 3237 3301 3283 naturae
3319 3227 3703 3283 communione

2121 3324 2441 3394 conjuncta,
2477 3338 2544 3378 ex
2576 3322 2842 3379 alterutro
2872 3331 3197 3379 noscuntur.
3226 3321 3303 3377 Ex
3335 3337 3441 3376 uno
3483 3319 3703 3376 homine

2122 3417 2432 3471 universam
2470 3416 2751 3471 hominum
2791 3424 3044 3469 naturam
3080 3428 3410 3486 cognoscere
3455 3413 3614 3480 licet;
3649 3421 3704 3468 et

2120 3527 2188 3566 ex
2220 3528 2324 3566 una
2356 3527 2478 3574 ore,
2509 3513 2822 3566 universum
2870 3511 3051 3565 ovium
3099 3526 3313 3579 genus:
3368 3525 3472 3565 non
3520 3516 3702 3563 tamen

2121 3617 2188 3657 ex
2221 3602 2415 3657 ovibus
2445 3602 2663 3666 leones,
2703 3616 2879 3671 neque
2917 3617 2985 3656 ex
3025 3601 3273 3655 leonibus
3314 3616 3485 3655 oves:
3526 3608 3709 3667 neque

2122 3691 2343 3760 angelos
2375 3706 2438 3746 ex
2482 3691 2814 3756 hominibus,
2856 3704 3036 3760 neque
3065 3706 3131 3745 ex
3165 3689 3369 3760 angelis
3405 3690 3653 3744 homines
3686 3709 3698 3743 :

2124 3796 2249 3836 nam
2283 3782 2707 3851 unumquodque
2737 3780 2936 3835 animal
2973 3782 3206 3851 propriae
3239 3781 3702 3837 naturaademon-

2120 3873 2408 3929 strativum
2466 3884 2569 3929 est.
2631 3873 2691 3928 Si
2737 3888 2869 3944 ergo
2912 3874 3253 3945 unigenitum
3315 3874 3550 3929 Verbum
3606 3874 3703 3928 Dei

2120 3976 2375 4023 creatura
2396 3975 2500 4031 est,
2532 3976 2587 4021 et
2609 3982 2675 4021 ex
2700 3981 2807 4022 non
2840 3977 2996 4022 antea
3029 3967 3397 4032 exstantibus,
3421 3965 3703 4022 et~exalia

2121 4058 2357 4128 quadam
2399 4066 2593 4111 natura
2626 4066 2832 4122 natum,
2873 4060 3142 4128 quomodo
3167 4057 3478 4130 695mm
3512 4072 3571 4113 se
3601 4057 3707 4112 Pa--

2123 4162 2261 4206 trem
2292 4151 2670 4216 demonstrat,
2706 4151 2751 4206 si
2783 4153 2832 4208 ei
2864 4154 3165 4208 credatur?
3187 4152 3306 4208 «ιιιιιι
3339 4153 3383 4207 si
3415 4151 3578 4207 Pater
3609 4166 3706 4219 per

2123 4243 2319 4299 Filium
2344 4245 2679 4314 agnoscitur,
2708 4256 2763 4300 et
2792 4246 2883 4316 qui
2910 4245 3104 4300 Filium
3139 4246 3321 4312 novit,
3352 4246 3500 4300 novit
3523 4253 3577 4298 et
3601 4243 3705 4298 Pa-

2124 4346 2286 4401 trem,
2314 4336 2647 4404 impediatur
2670 4351 2804 4391 sane
2832 4336 3037 4406 quaévis
3062 4336 3243 4407 lingua
3270 4336 3699 4406 blasphema,et,

2124 4435 2184 4480 ut
2220 4427 2294 4480 ait
2327 4425 2619 4495 Propheta,
2659 4425 2907 4482 faucibus
2948 4428 3223 4482 adhmreat
3252 4427 3317 4482 ³⁸.
3363 4425 3472 4483 Nos
3522 4436 3700 4481 autem

430 4514 807 4588 λαμϐάνομεν·
853 4518 1193 4589 λογιζόμενοι
1235 4522 1312 4586 ὡς
1348 4524 1447 4577 οὐκ
1485 4524 1553 4578 ἂν
1582 4526 1784 4597 ἑτέρως
1814 4529 1871 4580 ὲν
1900 4528 2016 4600 Υἱῷ

2127 4518 2417 4573 Trinitatis
2443 4518 2759 4573 adoratores
2777 4528 3084 4573 accuratam
3122 4519 3251 4573 hinc
3268 4518 3704 4573 consubstantia-

432 4606 621 4678 Πατὴρ
646 4609 973 4680 ἐγνωρίσθη,
1000 4613 1049 4663 εί
1081 4611 1155 4683 μὴ
1179 4612 1281 4681 τῆς
1306 4615 1475 4685 αὐτῆς
1496 4616 1685 4679 οὐσίας
1718 4616 2010 4688 ἐτύγχανε·

432 4699 526 4751 καὶ
581 4702 998 4773 προσκυνοῦμεν
1034 4705 1126 4758 τὸν
1177 4707 1409 4779 Σωτῆρα
1451 4709 1542 4763 τὸν
1590 4709 1882 4781 ἡμέτερον,
1914 4713 2015 4782 τῆς

433 4794 856 4863 προσκυνήσεως
896 4794 987 4847 τὸν
1030 4796 1243 4867 καρπὸν
1272 4800 1655 4869 ἀναμένοντες,
1686 4794 1747 4854 οὗ
1777 4805 2014 4876 χορηγὸς

430 4881 592 4946 αὐτὸς
617 4885 647 4936 6
669 4884 857 4955 Πατὴρ
882 4886 1137 4955 τυγχάνει
1164 4890 1306 4944 κατὰ
1331 4890 1431 4967 τὴν
1452 4891 1545 4945 τοῦ
1571 4894 1777 4964 Κυρίου
1804 4898 2007 4969 φωνήν·

435 4993 455 5026 ι
480 4975 606 5030 Ἐάν
635 4993 719 5040 τις
742 4978 870 5047 γὰρ,
902 4978 1086 5047 φησιν,
1111 4981 1232 5049 ἐμοὶ
1261 4981 1577 5057 διακονήσῃ,
1602 4988 1824 5057 τιμήσει
1847 4990 2011 5043 αὐτὸν

427 5067 459 5120 6
485 5068 675 5139 Πατήρ
702 5087 802 5141 μου
824 5087 838 5102 ·
869 5091 888 5121 ι
924 5071 1019 5124 καὶ
1057 5073 1085 5125 6
1124 5072 1424 5143 θαυμάσιος
1457 5075 1513 5129 δὲ
1548 5078 1800 5150 Ἰωάννης
1830 5082 1859 5134 6
1887 5082 2010 5137 θεο-

431 5159 622 5227 λογῶν,
660 5183 676 5212 ι
703 5164 759 5216 ’0
790 5163 1060 5217 πιστεύων
1091 5166 1170 5229 είς
1204 5165 1296 5219 τὸν
1320 5166 1467 5235 Υίὸν,
1505 5170 1690 5239 φησιν,
1720 5172 1833 5243 ἔχει
1865 5175 2009 5246 ζωὴν

430 5254 649 5308 αξώνιον
666 5273 679 5286 ·
701 5260 730 5309 6
756 5256 815 5310 δὲ
844 5256 1086 5310 ἀπειθῶν
1114 5258 1190 5329 τῷ
1213 5258 1344 5331 Υἱῷ,
1374 5261 1473 5314 οὐκ
1498 5261 1687 5332 ὄψεται
1722 5264 1816 5335 τὴν
1842 5264 2007 5338 ζωὴν,

416 5340 547 5402 ἀλλ’
569 5349 602 5417 ἡ
637 5347 773 5419 ὀργὴ
808 5348 902 5402 τοῦ
930 5349 1063 5402 Θεοῦ
1098 5352 1253 5421 μενεῖ
1280 5352 1365 5405 ἐπ’
1391 5354 1572 5411 αὐτόν,
1602 5372 1620 5405 ι

2125 4611 2296 4666 litatis
2327 4611 2603 4664 notionem
2630 4608 3031 4679 adipiscamur;
3064 4620 3403 4679 reputantes,
3450 4624 3556 4664 non
3599 4608 3701 4661 ali-

2126 4713 2206 4758 ter
2237 4702 2430 4759 Filium
2482 4703 2536 4756 in
2574 4701 2739 4757 Patre
2772 4703 2887 4758 fore
2935 4702 3361 4772 agnoscendum,
3409 4700 3511 4756 nisi
3558 4701 3703 4771 ejus-

2122 4794 2245 4849 dem
2287 4802 2429 4848 esset
2478 4793 2832 4848 substantiae:
2896 4794 3293 4863 adoremusqne
3353 4793 3698 4847 Servatorcm
3730 4814 3763 4847 ,’

2122 4895 2403 4951 nostrum,
2439 4884 2616 4941 cultus
2639 4886 2809 4940 nostri
2844 4884 3076 4941 fructum
3111 4884 3511 4955 praestolantes,
3547 4886 3701 4953 cujus

2118 4979 2279 5035 dator
2324 4977 2487 5033 Pater
2518 4988 2621 5045 est,
2662 4980 2959 5035 secundum
3015 4978 3223 5033 Domini
3269 4978 3520 5034 dictum:
3578 4997 3598 5030 ι
3640 4980 3701 5033 Si

2118 5074 2240 5141 quis
2272 5072 2439 5136 enim,
2470 5069 2667 5141 inquit,
2701 5070 2830 5126 mihi
2869 5070 3285 5136 ministraverit,
3321 5070 3701 5127 honoriﬁcabit

2118 5177 2242 5217 eum
2285 5160 2449 5216 Pater
2484 5176 2639 5217 meus
2660 5161 2726 5214 ".
2767 5179 2795 5211 »η
2837 5158 3081 5231 itemque
3140 5160 3494 5217 admirandus
3536 5163 3702 5219 luan-

2120 5268 2218 5308 nes
2262 5253 2545 5322 theologus
2576 5267 2592 5304 :
2623 5270 2643 5305 ι
2681 5252 2782 5319 Qui
2815 5252 2990 5307 credit
3037 5254 3088 5307 in
3117 5251 3311 5307 Filium
3337 5292 3353 5318 ,
3380 5254 3575 5325 inquit,
3607 5251 3701 5306 hac

2120 5343 2212 5398 bet
2246 5342 2411 5397 vitam
2448 5352 2705 5398 aeternam
2735 5360 2749 5399 :
2794 5342 2884 5413 qui
2924 5352 3103 5399 autem
3139 5343 3449 5400 incredulus
3488 5355 3570 5401 est
3605 5343 3694 5399 Fi-

2117 5432 2212 5498 lio,
2238 5431 2404 5485 vitam
2440 5445 2547 5487 non
2578 5431 2797 5498 videbit,
2848 5431 2943 5488 sed
2996 5433 3072 5489 ira
3117 5432 3213 5490 Dei
3260 5430 3499 5491 manebit
3534 5448 3699 5507 super

2117 5526 2294 5594 ipsum
2324 5525 2387 5579 "'.
2428 5543 2446 5577 ι

501 5720 549 5756 ³⁸
581 5719 721 5779 Psal.
752 5736 967 5791 exuri,
1011 5720 1062 5776 6.
1141 5722 1182 5754 ³⁷
1210 5720 1360 5778 .loan.
1400 5735 1493 5791 λιι,
1526 5719 1617 5778 26.
1696 5724 1739 5757 ³⁸
1778 5720 1936 5780 Joan.
1967 5741 2048 5794 in,
2080 5726 2168 5783 36.
