4048 6196
456 245 589 303 ll?!

1450 245 1508 301 S.
1545 241 1819 299 CYBILLI
1857 237 2332 296 ALEXANDRINI
2368 239 2688 299 ARCHIEP.

3566 239 3704 297 “72

451 358 595 415 XVI.
639 360 790 427 Quod
830 362 1011 416 multis
1046 366 1173 416 iocis
1224 362 1475 416 Dominus
1520 374 1680 413 unum
1721 372 1832 411 esse
1873 372 2019 412 suam

2182 356 2301 427 ICI'.
2323 359 2445 414 Ὀτι
2482 355 2796 427 πολλαχοῦ
2819 357 2867 427 _d
2903 354 3117 427 Κύριος
3147 352 3295 427 μίαν)
3326 352 3517 427 αὑτοῦ
3552 355 3653 410 καί

801 442 851 487 et
884 430 1066 487 Patris
1094 432 1441 487 substantiam
1471 428 1669 481 docuit.

524 569 593 626 Ut
620 578 800 625 autem
832 568 939 624 alio
967 579 1183 637 quoque
1218 564 1532 621 testimonio
1554 561 2023 619 consubstantiali-

451 671 615 717 tatem
653 662 1110 726 demonstremus,
1152 661 1324 729 ipsum
1368 657 1656 712 audiamus
1696 655 2019 711 clamantem

451 753 739 808 Dominum
770 750 835 806 ac
859 751 1127 805 dicentem
1153 764 1258 804 non
1284 748 1540 817 apostolis
1571 755 1805 813 tantum,
1831 761 2018 803 verum

448 846 607 899 etiam
636 842 873 899 Judaeis:
909 862 927 895 ‹
959 842 1061 909 Qui
1095 842 1270 897 credit
1311 841 1363 896 in
1412 856 1525 908 mc,
1557 854 1663 895 non
1699 840 1754 896 in
1788 854 1874 895 me
1897 853 2018 896 cre-

448 936 549 999 dit,
572 936 667 989 sed
698 934 750 987 in
780 950 902 988 eum
936 934 1025 1002 qui
1062 933 1207 987 misit
1236 947 1340 988 me.
1372 932 1438 986 Et
1471 932 1560 1001 qui
1593 932 1737 987 videt
1767 945 1871 996 me,
1895 945 2018 987 eum

448 1021 536 1088 qui
576 1036 660 1075 me
690 1020 836 1077 misit
865 1021 1031 1077 videt.
1082 1020 1191 1090 Ego
1236 1018 1325 1075 lux
1371 1021 1426 1076 in
1474 1022 1729 1076 mundum
1784 1021 1932 1086 veni,
1961 1032 2021 1077 ut

445 1111 535 1178 qui
571 1110 622 1165 in
658 1125 741 1166 me
772 1112 973 1180 credit,
1012 1113 1068 1166 in
1107 1112 1347 1167 tenebris
1389 1126 1495 1167 non
1542 1122 1860 1183 permaneat
1886 1112 1954 1166 δ’.
1994 1130 2013 1165 ι

446 1201 502 1255 Si
534 1216 663 1273 ergo
695 1203 785 1274 qui
825 1204 971 1258 videt
994 1203 1211 1269 Filium,
1238 1204 1292 1258 in
1319 1204 1534 1260 Patrem
1565 1205 1757 1270 credit,
1792 1205 2017 1261 ubinam

447 1294 619 1362 majus
643 1302 695 1349 et
719 1293 897 1349 minus
916 1295 940 1349 ?
959 1291 1203 1363 Namque
1226 1297 1277 1350 in
1303 1297 1510 1352 minore
1536 1296 1798 1351 minuitur
1819 1297 2014 1367 majus,

447 1396 623 1452 neque
648 1385 978 1455 agnoscitur.
1014 1385 1069 1440 Si
1110 1387 1291 1455 itaque
1336 1384 1497 1443 Pater
1526 1387 1720 1456 major,
1748 1388 2041 1457 quomodo

447 1475 501 1528 in
526 1474 665 1529 Filio
694 1475 1008 1546 spectatur?
1036 1475 1188 1542 Quod
1215 1477 1258 1530 si
1287 1486 1559 1546 spectatur
1602 1476 1655 1532 in
1686 1477 1853 1543 Filio,
1898 1488 2018 1533 tan-

447 1578 609 1635 quam
672 1564 725 1619 in
796 1566 991 1637 mquali
1050 1565 1303 1621 videlicet
1365 1566 1705 1637 agnoscitur.
1768 1566 2018 1639 Namque

447 1655 674 1724 aequalia
739 1656 968 1712 invicem
1038 1657 1460 1713 demonstrativa
1521 1667 1668 1714 sunt.
1730 1657 1802 1714 Et
1856 1660 2013 1730 paulo

448 1757 573 1815 post
610 1748 751 1802 idem
790 1748 1044 1804 Dominus
1082 1749 1159 1803 ait
1198 1749 1501 1819 apostolis:
1537 1768 1555 1801 ι
1603 1750 1715 1821 Ego
1741 1767 1859 1808 sum
1900 1753 2014 1819 via,

449 1840 649 1892 veritas
706 1853 770 1893 ac
829 1839 970 1905 vita;
1030 1855 1190 1896 nemo
1264 1842 1411 1897 venit
1471 1840 1540 1896 ad
1598 1842 1850 1913 Patrem,
1911 1844 2019 1900 nisi

428 1944 548 1998 ἰιι-ι·
590 1942 710 1995 me;
761 1931 806 1985 si
858 1930 1264 2002 coguosceretis
1316 1948 1423 1999 me,
1477 1935 1664 2004 utique
1704 1947 1759 1991 et
1801 1934 2020 1992 Patrem

451 2035 631 2074 meum
684 2022 1117 2092 cognosceretis,
1171 2033 1226 2079 et
1290 2024 1484 2081 amodo
1527 2024 1640 2095 jam
1696 2030 2021 2098 cognoscitis

449 2126 594 2178 eum,
632 2126 863 2183 eumque
890 2112 1123 2174 vidistis.
1150 2115 1287 2172 Dicit
1312 2118 1360 2172 ei
1387 2115 1666 2189 Philippus
1708 2139 1721 2175 :
1773 2120 2019 2188 Domine,

451 2204 675 2259 ostende
706 2205 863 2261 nobis
898 2204 1113 2263 Patrem
1148 2219 1321 2275 tuum,
1352 2218 1405 2265 et
1434 2209 1629 2267 suliicit
1667 2212 1842 2269 nobis.
1881 2213 2023 2270 Dicit

450 2294 499 2349 ei
542 2292 700 2351 Jesus
734 2312 746 2347 :
781 2294 958 2353 Tanto
1014 2308 1256 2371 tempore
1312 2303 1590 2359 vobiscum
1644 2319 1784 2369 sum,
1820 2315 1874 2360 et
1914 2321 2019 2361 non

451 2389 748 2458 cognovisti
777 2405 881 2455 me,
907 2389 1184 2464 Philippe?
1205 2393 1304 2461 Qui
1334 2394 1479 2451 videt
1503 2411 1607 2458 me.
1630 2396 1848 2470 696m
1879 2397 2023 2455 videt

451 2488 506 2533 et
534 2479 753 2535 Patrem
795 2497 1015 2551 meum;
1071 2494 1127 2539 et
1174 2485 1443 2555 quomodo
1485 2496 1541 2543 tu
1597 2488 1755 2554 dicis,
1787 2488 2023 2545 Ostende

452 2571 609 2625 nobis
632 2571 1015 2629 PatremiNon
1045 2577 1221 2632 credis
1258 2578 1381 2648 quia
1408 2594 1508 2651 ego
1536 2580 1590 2635 in
1622 2581 1804 2647 Patre,
1838 2592 1892 2638 et
1921 2582 2025 2638 Pa-

454 2673 535 2717 ter
563 2662 617 2717 in
654 2678 740 2720 me
763 2665 888 2720 est?
927 2664 1102 2722 Verba
1154 2684 1273 2739 quae
1333 2686 1434 2742 ego
1481 2673 1692 2742 loquor,
1742 2689 1771 2727 a
1802 2686 2024 2730 memet-

453 2755 573 2824 ipso
599 2772 707 2813 non
736 2757 963 2828 loquor;
1006 2760 1099 2816 sed
1128 2760 1287 2820 Pater
1313 2763 1403 2834 qui
1448 2763 1499 2820 in
1550 2771 1637 2820 me
1666 2775 1878 2831 manet,
1902 2766 2023 2837 ipse

451 2862 614 2919 Opera
648 2849 798 2907 facit.
825 2850 1041 2909 Credite
1068 2855 1222 2921 mihi,
1251 2858 1377 2925 quia
1413 2872 1510 2925 ego
1537 2862 1589 2911 in
1625 2856 1803 2923 Patre,
1840 2869 1894 2913 et
1921 2858 2024 2913 Pa-

453 2952 536 2997 tcr
576 2946 629 2997 in
675 2961 761 3000 me
791 2958 914 3001 est:
957 2947 1194 3015 alioquin
1251 2958 1471 3018 propter
1515 2963 1679 3018 opera
1724 2952 1839 3020 ipsa
1890 2952 2018 3005 mihi

450 3032 660 3088 credite
684 3036 748 3089 “.
793 3055 811 3087 ι

520 3125 658 3190 Quid
683 3126 766 3181 his
796 3128 975 3182 verbis
1017 3128 1257 3183 clarius?
1294 3129 1422 3198 quid
1467 3132 1568 3186 hac
1616 3132 1862 3187 doctrina
1908 3133 2021 3188 evi-

451 3215 708 3271 dentius?
735 3218 841 3272 Sed
863 3219 1030 3283 enim,
1056 3229 1114 3273 ut
1157 3220 1393 3286 videtur,
1427 3221 1734 3278 Judteorum
1776 3224 2018 3279 velamen

451 3307 505 3360 in
533 3308 914 3362 hereticorum
958 3319 1191 3365 mentem
1236 3311 1474 3367 transiit.
1532 3311 1650 3380 Quo
1688 3315 1748 3368 tit
1802 3324 1860 3369 ut
1909 3315 2021 3370 sole

450 3405 618 3453 etiam
662 3400 894 3454 clariora
948 3414 1171 3457 cernere
1221 3402 1419 3469 nolint,
1469 3404 1829 3460 voluntariam
1867 3406 2021 3476 igne-

452 3490 641 3545 rantize
677 3490 926 3546 nebulam
966 3493 1186 3549 sibimet
1207 3495 1562 3551 attrahentes.
1590 3495 1700 3553 Nos
1745 3512 1873 3553 vero
1912 3496 2020 3553 Do-

451 3582 654 3637 minum
690 3583 955 3639 dicentem
979 3585 1303 3641 audiamus:
1346 3605 1365 3638 ι
1400 3587 1457 3642 Si
1485 3589 1887 3659 cognoscentis
1909 3606 2017 3657 me,

451 3672 636 3743 utique
677 3683 732 3729 et
778 3673 991 3731 Patrem
1038 3690 1217 3731 meum
1264 3680 1694 3749 cognosceretis.
1736 3692 1792 3736 et
1827 3684 2020 3739 amodo

450 3765 781 3835 cognoscitis
815 3782 962 3832 eum,
1006 3767 1290 3838 ipsumque
1324 3769 1555 3828 vidistis.
1605 3789 1626 3825 ι
1662 3770 1882 3827 Thomas
1918 3773 2022 3829 hoc

452 3856 550 3924 ait,
581 3873 612 3911 a
645 3872 755 3927 quo
781 3859 830 3913 ei
856 3859 1062 3915 dictum
1098 3857 1293 3927 fuerat,
1314 3859 1432 3928 Quo
1462 3862 1613 3918 vadis
1643 3863 1937 3928 nescimus,
1966 3873 2021 3919 et

449 3951 721 4018 quomodo
755 3966 1041 4021 possumus
1077 3951 1216 4008 viam
1256 3952 1435 4009 scire?
1471 3954 1748 4025 Docetque
1805 3971 1928 4012 eum
1965 3965 2020 4013 et

451 4040 690 4112 reliquos
727 4043 889 4100 simul
935 4045 1227 4113 apostolos,
1262 4045 1535 4101 hominem
1563 4047 1657 4118 qui
1698 4046 1803 4103 sibi
1838 4048 2018 4104 credi-

451 4132 611 4200 derit,
661 4135 787 4188 dum
838 4135 910 4190 ita
945 4137 1119 4206 ipsum
1159 4138 1357 4192 mentis
1399 4138 1574 4195 oculis
1621 4140 1794 4203 videt,
1840 4137 2020 4195 Patris

448 4236 666 4292 quoque
697 4224 813 4279 ﬁeri
853 4232 1235 4293 spectatorem,
1276 4227 1530 4297 quoniam
1580 4227 1740 4284 Pater
1788 4229 1841 4283 in
1884 4227 2021 4284 Filio

449 4317 780 4385 agnoscitur.
831 4315 956 4372 ιιωε
1002 4317 1280 4387 Philippus
1332 4334 1437 4373 nou
1492 4320 1821 4391 intelligens,
1867 4331 2019 4394 rogat

450 4408 600 4462 illum
656 4408 886 4463 dicens:
939 4425 958 4462 ι
992 4409 1227 4464 Ostende
1272 4410 1429 4465 nobis
1477 4408 1696 4467 Patrem
1747 4422 1918 4477 tuum,
1963 4423 2019 4466 et

449 4501 647 4556 snﬂicit
676 4501 871 4567 nobis;
914 4521 933 4555 ι
981 4512 1260 4572 propterea
1300 4517 1404 4557 non
1457 4502 1725 4567 laudatur,
1768 4504 1894 4574 quia
1934 4518 2021 4559 se-

448 4595 685 4648 cundum
733 4592 1015 4649 haereticos
1066 4594 1216 4648 visus
1252 4604 1338 4649 est
1390 4605 1582 4665 optare
1614 4594 1786 4665 majus
1817 4595 2018 4663 aliquid

446 4700 706 4749 cernere;
732 4684 826 4739 sed
863 4685 1277 4754 reprehenditur
1312 4685 1510 4756 potius,
1540 4699 1636 4739 ceu
1676 4687 1768 4755 qui
1804 4686 1856 4741 in
1884 4684 2020 4741 Filio

449 4772 663 4830 Patrem
691 4789 796 4831 non
832 4775 1057 4833 viderat.
1092 4793 1111 4828 ι
1149 4774 1325 4834 Tanto
1349 4776 1515 4839 enim,
1542 4775 1739 4845 inquit,
1777 4785 2017 4846 tempore

449 4868 726 4923 vobiscum
754 4880 896 4934 sum,
922 4880 1099 4937 neque
1122 4846 1215 4922 me
1237 4865 1413 4922 adlmc
1435 4866 1653 4931 novisti,
1681 4865 1956 4937 Philippe?
1988 4885 2007 4921 ι

448 4960 610 5029 Διᾳυί
655 4974 761 5015 non
809 4960 1026 5030 ipsum,
1086 4959 1182 5013 sed
1239 4956 1453 5012 Patrem
1513 4958 1698 5014 videre
1740 4958 2019 5028 Philippus

448 5053 693 5119 optabat.
732 5049 843 5106 Cur
875 5065 1005 5120 ergo
1037 5048 1455 5121 reprehenditur
1486 5049 1627 5118 quod
1673 5047 1867 5107 Filium
1910 5066 2015 5105 non

450 5144 799 5211 cognoverit?
841 5143 1108 5199 Nimirum
1148 5142 1307 5198 Iesus
1340 5142 1443 5197 hac
1492 5142 1672 5197 addita
1720 5145 2017 5214 reprehen-

405 5268 417 5284 .
452 5234 636 5303 sione,
681 5252 899 5293 causam
928 5239 1004 5294 rei
1039 5237 1314 5295 declarat:
1355 5255 1374 5289 ι
1412 5234 1547 5291 Nam
1576 5237 1668 5307 qui
1711 5253 1797 5294 me
1837 5237 2013 5301 novit,

519 5411 745 5469 "Joan.
788 5430 889 5482 xu,
924 5416 1015 5481 et,
1048 5417 1138 5472 45.
1214 5416 1258 5448 ⁵⁸
1288 5415 1442 5473 .loau.
1485 5432 1598 5482 xxv,
1639 5418 1791 5473 6-12.

2356 428 2465 482 τοῦ
2503 422 2733 496 Πατρός
2773 424 2888 493 τὴν
2922 424 3139 477 οὐσίαν
3173 422 3470 487 ἐδίδαξεν.

2201 563 2321 617 Ἵνα
2346 562 2404 616 δέ
2433 561 2528 615 καὶ
2548 560 2610 625 ἐξ
2636 560 2828 630 ἐτέρας
2856 556 3162 629 μαρτυρίας
3187 556 3249 611 τὸ
3275 554 3560 627 δμοούσιον
3590 558 3707 613 δεί-

2129 651 2329 723 ξωμεν,
2357 650 2523 705 αὐτοῦ
2574 649 2671 704 τοῦ
2717 649 2921 721 Κυρίου
2968 646 3290 718 ἀκούσωμεν
3338 647 3573 718 βοῶντος
3609 652 3706 706 καὶ

2127 742 2398 810 λέγοντος,
2427 741 2487 795 ού
2535 742 2650 805 τοῖς
2691 739 3010 803 ἀποστόλοις
3060 739 3240 810 μόνον,
3270 738 3408 793 ἀλλὰ
3449 741 3545 795 καὶ
3589 747 3705 807 τοῖς

2140 831 2445 893 Ἰουδαίοις⁸
2497 832 2596 885 «⁸0
2642 829 2909 885 πιστεύων
2957 830 3036 892 εἰς
3083 828 3202 899 ἐμὲ.
3230 828 3293 881 ού
3341 829 3585 884 πιστεύει
3621 834 3703 896 εἰς

2127 922 2247 993 ἐμέ,
2273 921 2386 975 ἀλλ’
2416 922 2497 985 είς
2540 920 2631 975 τδν
2665 919 2954 991 πέμψαντά
2988 935 3076 990 με.
3114 917 3227 972 Καὶ
3255 918 3285 971 6
3313 917 3534 989 θεωρῶν
3573 921 3701 991 ἐμὲ,

2128 1012 2324 1081 θεωρεῖ
2351 1012 2452 1083 ,τὸν
2497 1010 2789 1083 πέμψαντά
2819 1014 2901 1081 ’με
2926 1026 2941 1043 ο
2973 1006 3084 1078 ἐγὼ
3110 1008 3226 1079 φῶς
3257 1010 3336 1072 είς
3371 1008 3463 1063 τὸν
3496 1011 3705 1083 κόσμον

2126 1102 2381 1173 ἐλήλυθα,
2412 1101 2497 1155 ἴνα
2530 1103 2557 1153 6
2586 1100 2855 1155 πιστεύων
2897 1102 2978 1164 είς
3022 1099 3123 1171 ἐμὲ
3168 1099 3229 1152 ἐν
3277 1101 3345 1170 τῇ
3395 1099 3585 1172 σκοτίᾳ
3620 1101 3698 1172 μὴ

2129 1196 2307 1265 μείνῃ.
2340 1211 2357 1244 ι
2396 1195 2459 1247 Et
2489 1192 2668 1247 τοίνυν
2691 1196 2719 1247 6
2740 1190 2963 1265 θεωρῶν
2986 1190 3078 1244 τὸν
3102 1190 3228 1245 Υίδν
3251 1192 3329 1254 είς
3357 1189 3449 1245 τὸν
3479 1192 3701 1264 Πατέρα

2125 1286 2370 1339 πιστεύει
2389 1297 2438 1351 ι,
2476 1284 2576 1338 ποῦ
2613 1283 2673 1338 τδ
2707 1284 2889 1355 μεῖζον
2922 1284 3015 1338 καὶ
3041 1283 3102 1337 τὸ
3133 1282 3388 1352 ἔλαττον;
3419 1284 3479 1337 ἐν
3496 1282 3607 1356 γὰρ
3620 1284 3701 1355 τῷ

2125 1375 2367 1432 ἐλάττονι
2409 1375 2764 1449 σμικρύνεται
2792 1376 2854 1430 τδ
2884 1376 3090 1447 μεῖξον,
3118 1375 3213 1430 καὶ
3244 1376 3306 1429 ού
3334 1374 3655 1448 γνωρίζεται
3677 1395 3695 1409 ο

2123 1472 2173 1524 εί
2206 1469 2263 1523 δέ
2295 1471 2323 1522 6
2347 1467 2536 1545 Πατὴρ
2565 1468 2787 1540 μείζων,
2813 1467 2931 1532 πῶς
2956 1468 3013 1522 ὲν
3039 1466 3119 1539 τῷ
3149 1467 3265 1539 Υίῷ
3296 1467 3614 1539 θεωρεῖται;
3646 1471 3697 1523 εί

2122 1563 2178 1617 δὲ
2210 1563 2495 1633 θεωρεῖται
2519 1563 2576 1617 ἐν
2602 1559 2736 1631 Υίῷ,
2764 1560 2840 1624 ὡς
2867 1561 2924 1614 ἐν
2949 1561 3048 1632 ῐσῳ
3073 1559 3315 1629 δηλονότι
3338 1560 3693 1632 γνωρίζεται·

2122 1652 2396 1724 δηλωτικὰ
2426 1651 2535 1723 γὰρ
2560 1651 2805 1723 ἀλλήλων
2839 1650 2910 1706 τὰ
2944 1650 3066 1705 ίσα·
3099 1651 3193 1704 xui
3214 1650 3376 1704 πάλιν
3405 1653 3519 1721 μετ’
3540 1651 3697 1721 ὀλίγα

2122 1744 2281 1808 αὐτὸς
2313 1744 2342 1796 6
2373 1743 2575 1816 Κύριός
2605 1759 2737 1813 φησι
2764 1745 2877 1806 τοῖς
2912 1743 3229 1808 ἀποστόλοις
3248 1759 3264 1777 ο
3297 1762 3317 1797 ι
3339 1742 3482 1813 Ἐγώ
3519 1745 3635 1817 ειμι
3659 1748 3695 1817 ἡ

2118 1838 2259 1903 ὁδὸς,
2290 1839 2384 1891 καὶ
2415 1837 2718 1909 ήάλήθεια,
2741 1838 2837 1891 καὶ
2866 1838 2900 1910 ἡ
2932 1836 3044 1909 ζωή
3065 1855 3078 1867 ·
3113 1838 3288 1902 οὐδεὶς
3316 1836 3535 1910 ἔρχεται
3557 1836 3697 1910 πρὸς

2120 1931 2210 1984 τὸν
2257 1930 2495 2001 Πατέρα,
2543 1931 2592 1983 εί
2638 1929 2712 2001 μὴ
2759 1929 2826 1983 δι’
2855 1930 3024 2001 ἐμοῦ·
3064 1930 3113 1982 εί
3146 1928 3435 1998 ἐγνώκειτέ
3480 1946 3569 2001 με,
3601 1929 3699 1983 καὶ

2119 2022 2209 2074 τὸν
2230 2022 2449 2093 Πατέρα
2473 2039 2574 2093 μου
2594 2020 2882 2091 ἐγνώκειτε
2903 2020 2989 2084 ἂν,
3012 2021 3105 2075 καὶ
3137 2022 3232 2076 ἀπ’
3247 2020 3373 2092 ἄρτι
3402 2018 3699 2090 γινώσκετε

2120 2116 2283 2169 αὑτὸν
2310 2117 2405 2168 καὶ
2436 2114 2717 2186 ἑωράκατε
2742 2113 2924 2167 αὐτόν.
2961 2113 3127 2182 Λέγει
3152 2112 3209 2167 δὲ
3238 2110 3389 2184 αύτῷ
3409 2111 3694 2175 1Ιιίλιίιιιιιιος

2120 2207 2315 2278 Κύριε,
2348 2206 2521 2273 δεῖξον
2542 2208 2674 2277 ἡμῖν
2701 2206 2791 2259 τὸν
2820 2204 3038 2276 Πατέρα
3068 2221 3183 2271 σου,
3209 2204 3307 2259 καὶ
3346 2206 3509 2276 ἀρκεῖ
3541 2203 3694 2274 ἡμῖν.

2121 2306 2282 2373 Λέγει
2310 2304 2458 2375 αὐτῷ
2499 2306 2528 2357 6
2563 2301 2768 2374 Ἰησοῦς
2789 2318 2804 2333 ο
2842 2302 3109 2357 Τοσοῦτον
3152 2303 3344 2374 χρόνον
3392 2302 3509 2375 μεθ’
3542 2303 3698 2374 ὑμῶν

2122 2397 2258 2466 είμι,
2286 2394 2381 2447 καὶ
2429 2393 2529 2447 οὐκ
2570 2391 2813 2462 ἔγνωκάς
2847 2409 2935 2463 με,
2965 2392 3199 2446 Φίλιππε
3226 2393 3342 2465 (1);
3382 2395 3411 2448 6
3436 2392 3700 2465 ἑωρακὼς

2122 2488 2242 2558 ἐμὲ,
2268 2486 2475 2557 ἑώρακε
2498 2485 2591 2539 καὶ
2619 2484 2709 2538 τὸν
2726 2484 2944 2555 Πατέρα
2969 2501 3071 2555 μου
3090 2499 3106 2515 ⁸
3136 2484 3234 2539 καὶ
3262 2483 3380 2550 πῶς
3402 2484 3467 2538 σὺ
3494 2484 3695 2554 λέγεις,

2121 2579 2303 2646 Δεῖξον
2331 2580 2461 2650 ἡμῖν
2493 2578 2585 2631 τὸν
2606 2576 2855 2647 Πατέρας
2888 2575 2951 2629 ού
2986 2575 3261 2639 πιστεύεις
3283 2576 3365 2629 ὅτι
3391 2573 3501 2644 ἐγὼ
3530 2576 3589 2629 ἐν
3619 2574 3699 2645 τῷ

2123 2669 2319 2740 Πατρὶ,
2346 2668 2442 2724 καὶ
2467 2669 2496 2720 6
2519 2668 2705 2737 Πατὴρ
2735 2669 2792 2719 ἐν
2820 2667 2943 2737 ἐμοί
2974 2666 3124 2734 ἐστι;
3154 2667 3237 2721 Τὰ
3262 2665 3700 2739 ρήματαᾶλαλῶ

2124 2762 2255 2839 ἐγὼ,
2287 2762 2381 2815 ἀπ’
2413 2759 2652 2830 ἐμαυτοῦ
2698 2759 2757 2814 οὐ
2804 2757 2950 2812 λαλῶ
2971 2774 2987 2790 ⁶
3033 2760 3063 2812 6
3104 2758 3161 2812 δέ
3206 2758 3399 2831 Πατὴρ
3423 2760 3453 2813 6
3482 2759 3539 2812 ἐν
3576 2758 3698 2829 ἐμοὶ

2128 2854 2323 2922 μένων,
2357 2850 2520 2915 αὐτὸς
2549 2853 2693 2904 ποιεῖ
2729 2850 2797 2902 τὰ
2829 2848 2999 2920 ἔργα·
3030 2848 3313 2903 πιστεύετέ
3355 2866 3448 2920 μοι
3474 2850 3558 2904 ὅτι
3587 2847 3699 2917 ἐγὼ

2124 2948 2181 2999 ἐν
2209 2943 2287 3013 τῷ
2316 2944 2510 3014 Πατρὶ,
2543 2941 2637 2996 κα)⁵
2670 2943 2699 2994 6
2730 2942 2920 3013 Πατὴρ
2953 2943 3009 2996 ἐν
3034 2942 3189 3012 ἐμοί·
3217 2943 3265 2995 εί
3295 2942 3353 2995 δὲ
3382 2942 3479 3014 μὴ,
3516 2941 3606 2996 διὰ
3629 2940 3698 2994 τὰ

2046 3050 2091 3106 c
2124 3036 2259 3108 ἔργα
2291 3035 2431 3089 αὐτὰ
2470 3033 2755 3088 πιστεύετέ
2796 3052 2907 3105 μοι.
2939 3054 2959 3087 ι

2193 3126 2259 3179 Τί
2288 3125 2492 3179 τούτων
2519 3125 2628 3179 τῶν
2656 3127 2918 3198 ῥημάτιον
2945 3125 3310 3197 σαφέστερονς
3337 3126 3391 3179 τί
3419 3126 3519 3198 τῆς
3550 3126 3697 3181 διδαο

2123 3214 2352 3278 σκαλίας
2374 3214 2577 3284 ταύτης
2607 3215 3019 3288 φανερώτερονς
3077 3216 3237 3281 Ἀλλ’,
3271 3216 3347 3280 ὡς
3388 3215 3556 3283 (etate,
3588 3215 3699 3271 τῶν

2134 3305 2403 3361 Ἰουδαίων
2424 3307 2487 3361 τὸ
2519 3307 2785 3379 κάλυμμα
2814 3310 2897 3372 είς
2935 3307 3032 3379 τὴν
3069 3307 3178 3362 τῶν
3205 3309 3499 3380 αἱρετικῶν
3532 3326 3699 3380 μετα-

2119 3397 2322 3469 ϐέϐηκε
2350 3399 2615 3454 διάνοιαν·
2648 3400 2728 3454 διὸ
2755 3401 2821 3454 τὰ
2860 3400 2955 3453 τοῦ
3004 3399 3156 3470 ἡλίου
3200 3399 3557 3473 φανερώτερα
3581 3415 3701 3453 συνο

2119 3490 2254 3561 ορᾷν
2305 3489 2405 3544 οὐκ
2450 3489 2734 3553 ἐθέλουσι,
2783 3491 2883 3562 τὴν
2944 3491 3266 3563 αὐθαίρετον
3321 3491 3550 3564 ὁμίχλην
3597 3493 3699 3562 τῆς

2120 3583 2346 3651 ἀγνοίας
2400 3584 2869 3655 ἐπισπασάμενον
2916 3585 3076 3655 ἡμεῖς
3120 3584 3179 3637 δὲ
3227 3586 3548 3655 ἀκούσωμεν
3601 3583 3697 3638 τοῦ

2119 3674 2326 3745 Κυρίου
2364 3674 2630 3745 λέγοντος·
2672 3695 2691 3728 ι
2712 3677 2775 3730 Et
2802 3676 3089 3743 ἐγνώκειτέ
3120 3694 3210 3748 με,
3245 3677 3452 3732 καὶτὸν
3478 3676 3701 3749 Πατέρα

2123 3784 2226 3837 μου
2273 3765 2565 3835 ἐγνώκειτε
2608 3769 2706 3823 ἄν’
2746 3769 2843 3823 καὶ
2885 3770 2980 3822 ἀπ’
3009 3769 3134 3840 ἄρτι
3170 3768 3473 3838 γικώσκετι
3510 3769 3694 3834 αὑτὸν,

2120 3860 2216 3913 καὶ
2245 3860 2528 3929 ἑωράκατε
2561 3860 2776 3914 αὐτόν’»
2800 3859 2878 3930 τῷ
2902 3861 3071 3932 Θωμᾷ
3100 3861 3258 3916 τοῦτο
3277 3861 3427 3931 λέγει
3454 3862 3697 3933 εἰρηκότι

2119 3950 2291 4021 αὐτῷ,
2328 3951 2435 4004 Ποῦ
2478 3950 2708 4019 ὑπάγεις
2753 3953 2852 4006 ούκ
2883 3953 3123 4025 οἴδαμεν,
3151 3955 3245 4008 καὶ
3271 3955 3370 4026 τὴν
3416 3954 3537 4009 ὁδὸν
3581 3953 3698 4018 πῶς

2119 4042 2318 4096 εἰδέναι
2343 4043 2649 4113 δυνάμεθα;
2680 4044 2774 4097 καὶ
2797 4043 3038 4098 διδάσκει
3070 4044 3254 4110 αὑτὸν.
3289 4048 3383 4099 καὶ
3418 4046 3548 4110 τοὺς
3586 4045 3697 4099 λοι-

2119 4133 2257 4196 ποὺς
2307 4135 2670 4200 ἀποστόλους,
2729 4136 2805 4199 ὡς
2858 4135 3007 4207 αὐτῷ
3052 4137 3083 4190 6
3136 4136 3536 4203 maturemature,
3582 4141 3698 4202 τοῖς

2118 4225 2416 4297 ὀφθαλμοῖς
2463 4228 2560 4299 τῆς
2603 4228 2841 4292 διανοίας
2887 4227 3224 4300 θεασάμενος
3256 4229 3443 4295 αὑτὸν,
3473 4232 3568 4284 καὶ
3599 4228 3695 4284 τοῦ

2121 4317 2334 4388 Πατρὸς
2382 4318 2674 4389 γεγένηται
2705 4319 2925 4389 θεατὴς,
2957 4321 3033 4383 ὼς
3067 4322 3125 4375 ἐν
3167 4321 3316 4392 αὐτῷ
3353 4320 3450 4375 τοῦ
3484 4321 3696 4394 ﬂuam

2049 4384 2093 4440 D
2121 4384 2545 4474 γνωριζομένου.
2567 4384 2766 4459 ’Ταῦτα
2800 4384 3063 4470 Φίλιππος
3095 4408 3169 4478 μὴ
3215 4384 3417 4472 συνεὶς,
3444 4384 3697 4479 stupui-tu;

2125 4497 2208 4549 λεῖ
2237 4495 2401 4549 αὐτὸν
2426 4496 2599 4565 λέγων
2621 4515 2635 4528 ·
2671 4517 2689 4551 ι
2720 4498 2901 4565 Δεῖξον
2926 4501 3057 4571 ἡμῖν
3094 4500 3187 4555 τὸν
3214 4501 3435 4571 Πατέρα
3462 4514 3579 4565 σου⁹
3604 4500 3697 4554 καὶ

2125 4593 2287 4664 ἀρκεῖ
2332 4593 2467 4663 ἡμῖν
2487 4606 2502 4621 ⁸
2532 4610 2552 4644 ι
2592 4594 2687 4647 καὶ
2729 4593 2830 4648 οὐκ
2858 4595 3179 4659 ἐπαινεῖται,
3201 4594 3278 4657 ὡς
3307 4595 3369 4647 τὸ
3398 4595 3541 4649 κατὰ
3572 4596 3695 4657 τοὺς

2125 4684 2437 4755 αίρετικοὶις
2464 4683 2647 4754 μεῖζον
2669 4683 2796 4739 ίδεῖν
2820 4684 3167 4756 ἐπιθυμήσας
3184 4701 3199 4718 ’
3223 4684 3341 4738 ἀλλ’
3361 4684 3693 4755 ἐγκαλεῖται,

2125 4778 2217 4849 ὡς
2252 4777 2327 4849 μὴ
2372 4777 2702 4849 θεασάμενος
2747 4780 2805 4831 ἐν
2831 4777 2943 4848 Υίῷ
2971 4778 3064 4833 τὸν
3096 4778 3345 4849 Πατέρα·
3386 4797 3405 4829 ι
3435 4777 3696 4831 Τοσοῦτον

2121 4848 2248 4940 γὰρ,
2281 4848 2434 4940 φησι,
2467 4870 2659 4941 χρόνον
2691 4868 2807 4939 μεθ’
2836 4870 2989 4940 ὑμῶν
3032 4873 3170 4941 εἰμι,
3199 4848 3293 4924 καὶ
3330 4870 3431 4924 οὐκ
3453 4868 3696 4939 ἔγνωκάς

2118 4979 2209 5032 με,
2244 4963 2507 5028 Φίλιππες
2536 4982 2554 5013 ι
2587 4961 2696 5016 Καὶ
2732 4961 2837 5033 μὴν
2858 4962 2959 5015 οὐκ
2988 4963 3169 5029 αὑτὸν,
3199 4962 3336 5016 ἀλλὰ
3364 4962 3454 5015 τὸν
3478 4959 3693 5029 Πατέρα

2115 5056 2144 5107 ὁ
2172 5054 2434 5117 Φίλιππος
2463 5055 2590 5109 ίδείν
2614 5054 2929 5126 ἐπεθύμησε
2949 5070 2965 5085 ’
3003 5054 3122 5118 πῶς
3153 5051 3248 5109 οὖν
3279 5054 3593 5122 ἐγκαλεῖται
3618 5051 3691 5115 ὡς

2115 5148 2215 5201 οὐκ
2251 5146 2507 5215 ἐγνωκὼς
2542 5146 2635 5200 τὸν
2661 5147 2826 5212 Υίόν;
2878 5149 2943 5217 τῇ
2991 5147 3255 5217 ἐπαγωγῇ
3291 5146 3383 5199 τοῦ
3413 5144 3692 5214 ἐγκλήμα-

2116 5254 2205 5302 τος
2237 5239 2335 5309 τὴν
2364 5239 2541 5292 αἰτίαν
2565 5237 2717 5308 δηλοῖ
2734 5254 2748 5268 ο
2796 5255 2814 5288 ι
2838 5237 2895 5290 '0
2924 5235 3185 5308 ἑωρακὼς
3207 5237 3337 5306 γὰρ,
3362 5235 3551 5306 φησιν,
3570 5231 3691 5303 ἐμὲ,

2207 5431 2231 5459 ι
2261 5420 2345 5471 ἵσ.
2377 5419 2467 5472 τὸν
2499 5418 2716 5489 Πατέρα
2746 5418 2955 5487 θεωρεῖ.

516 5577 592 5641 (l)
637 5573 709 5649 lta
734 5589 791 5629 se
811 5574 969 5630 habet
990 5575 1038 5629 in
1058 5575 1158 5631 hoc
1176 5576 1359 5631 codice
1384 5584 1432 5631 et
1457 5576 1572 5630 aliis
1598 5577 1820 5633 verbum
1848 5578 2019 5648 ἕγνωκ

2160 5577 2415 5649 singulm
2462 5591 2717 5641 munero;
2756 5586 2807 5631 et
2868 5587 3124 5646 pnetcrca
3192 5576 3267 5631 sic
3302 5574 3352 5629 in
3384 5580 3567 5629 nostra
3596 5569 3680 5626 in-

459 5644 815 5719 terpmtgitur.
