4038 6200
387 255 526 310 H75

1726 252 1812 308 DE
1854 253 2248 312 TlthlTATE.

3503 269 3638 326 “76

384 370 599 442 ἑώρακε
626 370 714 423 τὸν
738 370 979 440 Πατέρα.
1000 391 1017 421 ι
1047 370 1160 424 Καὶ
1187 369 1301 441 πῶς
1328 372 1391 425 σὺ
1416 372 1613 439 λέγεις,
1638 373 1817 437 Δεῖξον
1842 375 1970 444 ἡμῖν

2077 374 2273 443 inquit,
2318 378 2465 431 novit
2506 388 2559 433 et
2591 376 2825 434 Patrem.
2864 399 2881 431 ι
2912 380 3191 448 Quomodo
3241 396 3369 452 ergo
3424 393 3477 439 tu
3537 389 3640 451 ais,

384 462 477 514 τὸν
497 460 716 531 Πατέρα
736 462 980 533 ς”Ετερός
1008 463 1145 532 είμι,
1175 465 1362 534 φησὶν,
1393 463 1534 516 κατὰ
1566 464 1624 516 τὸ
1652 465 1964 536 πρόσωπον,

384 556 445 608 οὐ
491 554 633 608 κατὰ
680 554 777 625 τὴν
825 554 1017 623 φύσιν
1064 556 1184 609 ὅλον
1224 558 1281 610 ἐν
1315 554 1462 627 αὐτῷ
1492 557 1565 627 (1)
1601 557 1692 611 τὸν
1747 558 1969 629 Πατέρα

388 644 711 716 περιφέρω·
780 647 1019 716 σφραγὶς
1080 647 1191 717 γάρ
1253 649 1368 718 εἰμι
1438 648 1531 723 τοῦ
1606 651 1968 721 γεννήσαντος

384 734 828 804 ἀπαράλλακτος,
861 737 1149 807 χαρακτήρ
1181 738 1294 807 εἰμι
1316 736 1417 806 τῆς
1460 736 1552 789 τοῦ
1600 738 1811 808 Πατρὸς
1837 738 1969 791 ὑπο-

387 826 652 890 στάσεως,
672 826 837 879 είκὼν
866 828 1070 898 φυσικὴ
1092 827 1169 898 τῷ
1184 829 1503 900 γεννήσαντι
1528 831 1965 901 συνυπάρχουσα·

386 922 512 973 ὅταν
548 921 726 972 τοίνυν
762 919 890 972 ἰδεῖν
920 918 1183 992 ἐθελήσῃς
1220 921 1443 986 ἐκεῖνον,
1474 923 1553 984 εἰς
1602 921 1700 991 ἐμὲ
1741 918 1971 974 ἀποϐλέ-

388 1008 520 1078 ψας,
551 1009 811 1080 ἑκάτερον
855 1008 1007 1078 ὄψει’
1056 1008 1177 1078 ὄψει
1225 1009 1281 1061 δὲ
1330 1008 1392 1062 ού
1440 1012 1552 1072 τοῖς
1596 1008 1691 1062 τοῦ
1723 1008 1970 1080 σώματος

389 1104 709 1175 ὀφθαλμοῖς,
742 1103 876 1157 ἀλλὰ
907 1105 1017 1167 τοῖς
1046 1102 1145 1172 τῆς
1180 1102 1415 1167 πίστεως
1439 1119 1454 1133 ⁶
1489 1103 1581 1156 καὶ
1611 1104 1721 1166 τοῖς
1749 1103 1848 1173 τῆς
1884 1102 1971 1155 πί-

393 1212 562 1259 στεως
612 1194 667 1246 δὲ
716 1191 988 1258 τοσοῦτον,
1018 1193 1142 1247 ὅσον
1182 1193 1384 1260 γνῶναι
1432 1193 1531 1257 τὰς
1572 1193 1872 1265 ἐνεργείας,
1907 1193 1967 1246 ού

390 1288 492 1358 τὴν
527 1286 709 1356 φύσιν,
744 1286 777 1357 ἦ
807 1288 907 1357 τὴν
938 1285 1125 1338 οὐσίαν
1151 1303 1162 1313 ·
1194 1286 1369 1340 πάντα
1401 1285 1509 1357 γὰρ
1544 1285 1667 1338 νοῦν
1700 1285 1733 1356 ὴ
1767 1284 1970 1353 ταύτης

391 1378 708 1452 ὑπερϐαίνει
729 1377 1032 1450 κατάληψις
1052 1396 1065 1409 ·
1089 1379 1171 1433 διὸ
1191 1378 1470 1449 ἐπήγαγεν
1487 1393 1500 1407 ο
1529 1396 1547 1429 ι
1572 1377 1647 1430 Ού
1671 1375 1967 1438 πιστεύεις,

387 1471 472 1524 ὅτι
502 1470 612 1539 ἐγὼ
645 1472 704 1524 ἐν
732 1469 810 1541 τῷ
833 1471 1029 1542 Πατρὶ,
1072 1471 1166 1524 καὶ
1193 1472 1220 1525 6
1248 1469 1439 1539 Πατὴρ
1464 1470 1521 1523 ἐν
1555 1467 1677 1540 ἐμοί
1707 1470 1858 1533 ἐστι;
1904 1467 1971 1521 τὰ

389 1565 632 1636 ῥήματα,
662 1562 698 1620 ἃ
729 1564 841 1633 ἐγὼ
873 1563 1040 1631 λαλῶ,
1083 1564 1177 1617 ἀπ’
1206 1561 1446 1632 ἐμαυτοῦ
1491 1562 1552 1615 ού
1597 1561 1763 1629 λαλῶ,
1794 1561 1911 1615 ἀλλ’
1942 1563 1970 1613 6

389 1656 580 1726 Πατήρ
631 1672 733 1726 μου
777 1657 806 1709 6
851 1656 908 1709 ἐν
936 1656 1060 1726 ἐμοὶ
1107 1656 1305 1725 μένων,
1333 1656 1494 1719 αὐτὸς
1527 1656 1673 1709 ποιεῖ
1702 1656 1768 1707 τά
1810 1654 1967 1725 ἔργα.

393 1746 686 1799 Πιστεύετε
712 1764 805 1817 μοι
829 1748 911 1800 δτι
941 1747 1052 1816 ἐγὼ
1084 1748 1142 1800 ἐν
1170 1746 1247 1817 τῷ
1277 1750 1475 1818 Πατρὶ,
1513 1749 1605 1801 καὶ¹
1630 1749 1659 1800 6
1697 1746 1887 1818 Πατήρ
1916 1747 1972 1799 ἐν

388 1834 547 1905 ἐμοί·
582 1838 632 1890 εί
677 1837 735 1890 δὲ
783 1838 880 1909 μή,
912 1839 999 1894 διὰ
1027 1838 1098 1892 τὰ
1127 1838 1266 1909 ἔργα
1315 1839 1459 1894 αὐτὰ
1500 1837 1808 1893 πιστεύετε.
1844 1857 1863 1889 ι
1906 1839 1970 1892 Εἰ

387 1925 567 1981 τοίνυν
593 1928 662 1983 τὰ
684 1929 826 1985 αὐτὰ
857 1930 936 2002 τῷ
958 1932 1134 2003 Πατρὶ
1166 1931 1483 2003 φθέγγεται,
1517 1934 1611 1988 καὶ
1638 1934 1667 1986 6
1702 1932 1890 2003 Πατὴρ
1914 1932 1971 1985 ὲν

389 2018 541 2090 αὖτῷ
579 2020 730 2091 μένει
776 2021 868 2076 καὶ
907 2023 1068 2087 αὐτὸς
1100 2025 1158 2078 ἐν
1189 2024 1268 2095 τῷ
1293 2024 1491 2095 Πατρὶ,
1534 2026 1628 2079 καὶ
1656 2026 1683 2078 6
1709 2023 1972 2095 ἑωρακὼς

390 2113 553 2170 αὑτὸν
595 2116 810 2187 ἑώρακε
860 2118 950 2172 τὸν
995 2119 1238 2191 Πατέρα,
1270 2121 1365 2174 καὶ
1390 2122 1419 2173 6
1445 2117 1737 2189 γινώσκων
1783 2117 1969 2181 αὐτὸν,

385 2206 481 2260 τὸν
529 2207 749 2279 Πατέρα
798 2209 1091 2277 γινώσκει,
1147 2212 1305 2283 δῆλον
1350 2211 1521 2267 ἅπασι
1569 2214 1681 2275 τοῖς
1731 2227 1794 2279 γε
1848 2207 1972 2262 νοῦν

389 2298 572 2368 ἔχουσι
597 2301 674 2364 ὡς
705 2302 805 2371 μία
830 2300 922 2355 τοῦ
949 2303 1162 2375 Πατρὸς
1195 2304 1289 2357 καὶ
1324 2304 1418 2358 τοῦ
1444 2302 1575 2357 Υίοῦ
1607 2305 1640 2375 ή
1674 2303 1855 2373 φύσις,
1880 2301 1974 2356 καὶ

389 2391 568 2444 πάντα
599 2390 712 2462 ἔχει
745 2391 811 2447 τά
838 2393 932 2447 τοῦ
963 2394 1179 2465 Πατρδς
1202 2398 1231 2449 6
1252 2396 1378 2459 Υἱός
1397 2412 1413 2428 ο
1445 2396 1505 2449 ού
1536 2396 1643 2469 γάρ
1675 2395 1741 2449 ἂν
1770 2394 1974 2465 ἑτέρως

386 2482 587 2550 ἔδειξεν
618 2486 677 2539 ἐν
704 2486 883 2558 ἐαυτῷ
914 2488 1004 2542 τὸν
1035 2489 1278 2561 Πατέρα,
1312 2492 1361 2544 εί
1387 2490 1462 2562 μὴ
1491 2491 1670 2546 πάντα
1698 2484 1844 2562 εἶχεν
1872 2490 1973 2543 ὅσα

386 2575 417 2626 6
462 2574 668 2648 Πατὴρ,
697 2577 839 2649 πλὴν
883 2579 1053 2651 αὐτῆς
1098 2581 1199 2650 τῆς
1242 2583 1614 2652 πατρότητος’
1660 2581 1818 2636 τοῦτο
1863 2580 1973 2651 γὰρ

391 2664 521 2719 ἴδιον
554 2668 647 2722 τοῦ
680 2670 915 2741 Πατρὸς,
944 2672 1137 2745 ὥσπερ
1169 2672 1265 2726 τοῦ
1294 2672 1425 2727 Υἱοῦ
1452 2676 1485 2744 ἡ
1522 2674 1729 2744 υίὸτης.

431 2779 528 2831 lZ'.
555 2778 752 2850 Ἑτέρα
787 2784 1128 2911 ἀπόδειξιῧὶ
1153 2786 1296 2872 {dor
1331 2783 1488 2842 εἶναι
1526 2788 1635 2842 τὸν
1680 2786 1821 2842 Υίὸγ
1858 2784 1938 2853 τῷ

1128 2873 1280 2911 ατοι.

1128 2873 1280 2925 arpi.

465 2940 680 3013 Ταύτην
725 2944 943 3014 ἰσότητα
984 2946 1078 3000 καὶ⁵
1116 2947 1385 3018 ἑτέρωθεν
1423 2947 1540 3002 ἐστι
1580 2948 1795 3020 μαθεῖν.
1833 2943 1970 3002 Εἷπε

390 3030 525 3101 γάρ,
553 3032 738 3102 φησὶν,
756 3034 1004 3105 ὸίησοῦς
1024 3053 1039 3067 ·
1072 3056 1092 3089 ι
1110 3037 1225 3091 Νῦν
1257 3037 1517 3117 ἐδοξάσθη
1547 3040 1575 3093 6
1596 3039 1726 3104 Υίὸς
1757 3039 1853 3093 τοῦ
1878 3040 1972 3093 ὰν-
1999 3070 2042 3129 C

389 3123 636 3194 θρώπου,
670 3125 761 3178 καὶ⁸
805 3126 833 3179 6
876 3125 1008 3191 Θεὸς
1052 3129 1312 3201 ἐδοξάσθη
1357 3132 1417 3185 ἐν
1462 3130 1633 3203 αὐτῷ,
1664 3132 1760 3187 καὶ
1787 3134 1816 3187 6
1841 3130 1971 3197 Θεὸς

385 3215 605 3281 δοξάσει
619 3216 781 3270 αὑτὸν
800 3219 860 3271 ἐν
881 3219 1080 3290 ἐαυτῷ,
1102 3221 1198 3274 καὶ
1219 3222 1383 3286 εὐθὺς
1401 3222 1617 3289 δοξάσει
1638 3224 1975 3280 αὐτόν.›Καὶ

390 3306 552 3360 πάλιν
570 3323 585 3339 ·
613 3326 633 3359 ι
658 3309 860 3380 Πάτερ,
886 3312 918 3382 ή
943 3311 1063 3380 ὥρα
1088 3313 1337 3385 ἐλήλυθε,
1353 3315 1575 3381 δόξασόν
1600 3334 1693 3372 σου
1714 3318 1804 3371 τὸν
1823 3317 1971 3383 Υίδν,

389 3396 472 3449 ἵνα
505 3397 600 3450 καὶ
626 3398 656 3450 6
685 3398 811 3464 Υἱός
843 3418 935 3454 σου
969 3401 1166 3475 δοξάσῃ
1201 3421 1282 3459 σε.
1315 3406 1408 3458 »Ὢ
1433 3406 1531 3477 τῆς
1561 3408 1974 3479 ὑπερϐαλούσης

389 3490 498 3542 τῶν
544 3490 839 3561 αίρετικῶν
883 3493 1250 3566 ἁϐελτηρίαςί
1280 3498 1519 3562 Μείζων,
1551 3500 1735 3570 φησὶν,
1762 3503 1790 3553 6
1819 3499 1977 3565 δοξά-

390 3580 497 3645 ζων
523 3582 617 3636 τοῦ
648 3581 1036 3654 δοξαζομένου·
1081 3588 1175 3642 καὶ
1206 3587 1417 3656 δοξάζει
1466 3591 1566 3661 μὲν
1593 3591 1621 3643 6
1648 3592 1859 3663 Πατὴρ,
1890 3594 1976 3648 δο-

390 3673 611 3739 ξάζεται
643 3675 699 3728 δὲ
721 3674 750 3726 6
768 3676 926 3741 Υίός·
953 3678 1155 3748 μείζων
1182 3676 1276 3736 οὖν
1302 3682 1411 3753 ἄρα
1432 3682 1527 3737 τοῦ
1551 3682 1682 3737 Υίοῦ
1708 3685 1737 3737 6
1757 3686 1971 3757 Πατήρ.

391 3765 455 3816 Et
481 3764 660 3818 τοίνυν
686 3769 715 3819 6
745 3767 873 3831 Υίδς
917 3769 1017 3822 οὐκ
1065 3770 1323 3843 ἐδοξάσθη
1362 3774 1546 3843 μόνον,
1577 3773 1714 3828 ἀλλὰ
1748 3776 1842 3829 καῖ⁹
1880 3776 1973 3830 τὸν

390 3856 690 3923 δοξάσαντα
709 3860 978 3925 ἐδόξασεν,
1006 3863 1169 3917 ποίαν
1194 3864 1379 3935 χώραν
1404 3866 1558 3938 σχοίη
1582 3866 1642 3921 τὸ
1666 3868 1849 3936 μεῖζον
1878 3868 1975 3922 καὶ

395 3949 459 4000 τὸ
489 3948 739 4017 ἔλαττονς
764 3954 811 4005 εί
849 3953 922 4025 μὴ
951 3955 1057 4026 ἄρα
1085 3957 1228 4010 κατὰ
1255 3958 1353 4029 τήν
1378 3958 1487 4012 τῶν
1508 3961 1819 4032 εἰρημένων
1843 3961 1974 4014 ἀκο-

396 4039 616 4094 λουθίαν
644 4045 792 4114 παρὰ
821 4046 913 4099 τὸν
949 4046 1244 4113 δοξάζοντα
1286 4051 1603 4120 μεταϐαίνει
1639 4051 1700 4106 τὸ
1745 4050 1929 4123 μεῖζον
1953 4094 1969 4118 ,

397 4133 495 4186 κα)⁵
519 4133 694 4198 οὕτως
717 4137 1064 4211 εὑρεθήσεται
1088 4144 1116 4196 6
1147 4142 1296 4208 Υἱὸς,
1318 4143 1554 4199 ἐλάττων
1585 4145 1682 4216 μὲν
1712 4145 1870 4216 ἡνίκα
1905 4145 1974 4200 ἂν

392 4224 705 4297 δοξάζηται,
744 4228 942 4299 μείζων
983 4232 1040 4285 δὲ
1072 4232 1233 4303 ἡνίκα
1267 4232 1335 4287 ἂν
1366 4234 1594 4308 δοξάζῃ’
1623 4236 1761 4290 ἀλλὰ
1787 4238 1848 4291 τὸ
1880 4236 1969 4290 λέ-

393 4332 510 4383 γειν
530 4316 722 4384 ταῦτα,
746 4320 1128 4391 παραπληξίας
1151 4325 1249 4377 καὶ
1279 4325 1476 4395 μανίας
1503 4327 1760 4399 ἐσχάτηςο
1776 4328 1837 4382 οὐ
1865 4327 1970 4399 γὰρ

2067 464 2304 522 Ostende
2353 468 2507 523 nobis
2545 469 2801 526 Patrem?
2865 472 3047 536 Alius,
3096 474 3303 542 inquit,
3355 491 3473 530 sum
3523 493 3643 545 per-

2068 572 2219 624 sona,
2254 572 2361 613 non
2387 568 2605 625 natura,
2640 570 2806 616 totum
2838 562 2889 617 in
2928 563 3134 633 meipso
3168 564 3382 619 Patrem
3406 565 3645 621 circum-

2070 649 2205 714 fero,
2239 665 2360 705 sum
2404 650 2547 705 enim
2592 651 2825 722 sigillum
2864 654 3094 723 genitori
3144 655 3511 720 simillimum,
3544 672 3644 726 pa-

2071 750 2237 795 ternae
2276 742 2446 811 ﬁgura
2489 744 2841 809 substantiaz,
2882 745 3141 800 naturalis
3190 747 3367 815 imago
3404 746 3642 816 gignenti

2068 831 2421 887 coexsistcns.
2459 832 2594 888 Cum
2620 849 2750 905 ergo
2777 836 2925 891 illum
2957 837 3141 893 videre
3171 838 3441 906 volueris,
3466 839 3517 893 in
3559 855 3646 896 me

2072 924 2304 994 respice,
2328 932 2382 979 et
2405 925 2622 996 697m
2649 938 2939 998 utrumque
2963 930 3188 984 videbis.
3218 928 3436 985 Videbis
3464 939 3642 986 tamen

2074 1015 2213 1069 haud
2238 1015 2482 1085 corporis
2513 1017 2607 1071 sed
2642 1016 2764 1073 ﬁdei
2801 1019 3011 1074 oculis:
3057 1030 3109 1073 et
3159 1018 3374 1089 quidem
3419 1030 3646 1076 eatenus

2075 1107 2192 1161 ﬁdei
2225 1107 2426 1173 oculis,
2470 1117 2740 1179 quatenus
2782 1111 3125 1180 operationes
3163 1125 3492 1179 cognoscas,
3538 1128 3646 1167 non

2073 1203 2322 1248 naturam
2348 1207 2440 1250 aut
2469 1198 2871 1265 substantiam;
2902 1198 3197 1267 quamlibet
3226 1199 3372 1254 enim
3411 1210 3647 1259 mentem

2071 1286 2487 1353 comprehensio
2523 1290 2639 1344 haec
2676 1290 2910 1345 excedit.
2941 1288 3147 1346 idcirco
3189 1292 3438 1348 addidit:
3479 1311 3497 1346 ι
3526 1292 3645 1350 Non

2071 1379 2250 1436 credis
2300 1380 2425 1449 quia
2453 1396 2553 1452 ego
2574 1383 2626 1436 in
2654 1382 2836 1449 Patre,
2867 1392 2920 1438 et
2941 1382 3104 1440 Pater
3132 1386 3183 1439 in
3213 1400 3300 1441 me
3323 1387 3449 1443 est?
3472 1386 3645 1444 Verba

2071 1482 2191 1537 quae
2222 1484 2323 1538 ego
2358 1470 2570 1539 loquor,
2622 1486 2653 1524 a
2692 1473 2898 1543 meipso
2940 1489 3045 1529 non
3086 1475 3299 1547 loquor,
3357 1480 3450 1535 sed
3486 1476 3649 1534 Pater

2074 1577 2226 1618 meus
2259 1564 2349 1633 qui
2387 1565 2439 1619 in
2477 1578 2561 1618 me
2611 1576 2830 1630 manet,
2866 1567 2980 1635 ipse
3026 1583 3191 1639 opera
3238 1569 3385 1627 facit.
3429 1571 3648 1628 Credite

2073 1656 2216 1722 quod
2250 1670 2352 1724 ego
2405 1656 2459 1709 in
2508 1654 2690 1724 Patre,
2726 1666 2783 1712 et
2829 1658 3086 1713 Paterin
3140 1676 3227 1717 me
3273 1672 3397 1719 est:
3446 1664 3645 1733 alioqui

2004 1734 2045 1789 Β
2074 1753 2294 1815 propter
2336 1761 2499 1815 opera
2548 1746 2661 1816 ipsa
2716 1748 2944 1804 credite.
3007 1768 3027 1802 ι
3086 1748 3143 1806 Si
3183 1767 3313 1821 ergo
3357 1754 3473 1822 ipse
3515 1754 3649 1810 dicit

2071 1837 2258 1891 eadem
2284 1851 2402 1906 quae
2427 1836 2624 1905 Pater;
2652 1838 2696 1894 si
2732 1838 2896 1895 Pater
2927 1840 2981 1897 in
3020 1842 3136 1910 ipso
3161 1852 3342 1897 manet
3364 1853 3421 1899 et
3448 1844 3563 1915 ipse
3591 1847 3646 1899 in

2072 1928 2267 1994 Patre;
2297 1937 2355 1983 et
2380 1929 2472 1999 qui
2504 1929 2677 2000 ipsum
2724 1931 2876 2003 vidit,
2918 1932 3049 1988 vidit
3085 1943 3141 1989 et
3180 1932 3428 2001 Patrem;
3463 1943 3519 1991 et
3557 1935 3648 2004 qui

2073 2020 2320 2076 eumdem
2363 2020 2541 2086 novit,
2579 2023 2727 2077 novit
2762 2032 2817 2078 et
2846 2024 3101 2091 Patrem;
3141 2033 3357 2081 constat
3395 2026 3649 2081 omnibus

2073 2113 2166 2182 qui
2200 2122 2379 2169 mente
2428 2114 2643 2184 quidem
2684 2130 2792 2170 non
2836 2126 3079 2182 careant,
3108 2131 3269 2171 unam
3313 2133 3437 2177 esse
3470 2118 3649 2175 Patris

2074 2202 2305 2275 Filiique
2332 2215 2606 2273 naturam,
2629 2216 2684 2263 et
2704 2208 2886 2263 omnia
2906 2208 3108 2265 habere
3151 2225 3273 2280 qua
3295 2218 3422 2266 sunt
3447 2209 3646 2275 Patris,

2075 2296 2295 2355 Filium.
2328 2297 2516 2369 Neque
2538 2299 2683 2355 enim
2722 2300 2880 2357 aliter
2916 2300 3135 2357 Patrem
3166 2302 3220 2356 in
3247 2303 3426 2369 seipso
3449 2317 3647 2374 reprae-

2074 2399 2339 2456 sentaret,
2369 2391 2471 2447 nisi
2520 2392 2703 2447 omnia
2752 2392 2981 2448 haberet
3025 2406 3146 2463 qua
3196 2392 3380 2459 Pater,
3423 2404 3647 2464 excepta

2075 2484 2439 2552 paternitate;
2470 2495 2555 2539 est
2588 2485 2731 2557 enim
2760 2486 2876 2541 haec
2899 2484 3078 2542 Patris
3098 2484 3339 2558 propria,
3363 2483 3503 2542 sicut
3525 2481 3649 2540 Filii

2075 2573 2290 2631 ﬁlietas.

2073 2773 2236 2831 XVII.
2279 2776 2461 2832 Altera
2502 2780 2881 2902 demonurg‘tie
2929 2781 3069 2850 quod
3116 2782 3338 2851 aqualis
3382 2780 3537 2837 Patri
3579 2782 3648 2836 sit

2814 2867 2829 2902 8
2857 2866 2959 2902 ιω.

2814 2866 2959 2906 mus.

2148 2935 2300 2992 Hanc
2346 2937 2563 2993 aliunde
2600 2954 2815 3010 quoque
2856 2939 3070 2997 discere
3113 2940 3476 3011 aequalitatem
3523 2956 3651 3010 pos-

2076 3043 2288 3087 smnus.
2317 3029 2465 3085 Dixit
2505 3030 2649 3085 enim
2690 3031 2891 3088 Jesus:
2945 3050 2965 3085 ι
3005 3031 3161 3089 Nunc
3196 3033 3524 3089 claritlcatus
3567 3044 3653 3089 est

2076 3118 2249 3177 Filius
2294 3121 2550 3188 hominis,
2596 3130 2653 3178 et
2708 3122 2847 3180 Dens
2899 3124 3227 3180 clariﬁcatus
3258 3132 3343 3180 est
3387 3125 3439 3180 in
3473 3139 3561 3189 eo.
3595 3134 3651 3181 et

2077 3212 2221 3271 Deus
2245 3213 2566 3271 clariﬁcabit
2599 3215 2745 3271 illum
2780 3217 2836 3271 in
2867 3217 3184 3287 semetipso,
3215 3225 3270 3271 et
3301 3217 3518 3286 quidem
3546 3225 3651 3271 sta-

2077 3307 2173 3362 tim
2228 3308 2637 3364 clariﬁcabit".
2699 3327 2719 3360 ι
2764 3308 2833 3365 Et
2892 3325 3126 3366 rursus:
3185 3329 3204 3362 ι
3245 3310 3444 3375 Pater,
3504 3307 3653 3363 venit

2079 3398 2232 3465 hora,
2262 3398 2498 3455 clariiica
2529 3399 2723 3455 Filium
2753 3408 2926 3465 tuum,
2959 3409 3017 3454 ut
3042 3409 3095 3454 ct
3125 3399 3295 3455 Filius
3331 3408 3453 3453 tuus
3483 3395 3649 3453 clari-

2078 3487 2200 3542 ﬁcet
2234 3499 2286 3544 te
2310 3490 2376 3542 ".
2411 3509 2431 3542 ι
2486 3488 2532 3544 0
2580 3489 2847 3545 inﬁnitam
2902 3491 3278 3545 haereticorum
3324 3485 3644 3543 stultitiam!

2077 3578 2249 3648 Major
2275 3591 2380 3647 est,
2409 3582 2582 3646 aiunt,
2625 3581 2935 3637 clariﬁcaus
2975 3580 3297 3634 clariﬁcato.
3326 3576 3402 3631 En
3445 3575 3649 3631 clariﬁ-

2076 3681 2162 3724 cat
2184 3670 2368 3737 Pater,
2399 3671 2566 3724 Filius
2597 3687 2729 3726 vero
2757 3671 3085 3727 clariﬁcatur
3110 3686 3127 3735 ;
3156 3670 3326 3737 major
3355 3682 3485 3737 ergo
3514 3665 3651 3721 Filia

2074 3761 2255 3817 Pater.
2280 3762 2442 3830 Atqui
2471 3761 2515 3816 si
2541 3762 2710 3816 Filius
2735 3777 2840 3816 non
2870 3760 3041 3816 solum
3069 3768 3151 3815 est
3179 3757 3530 3820 clarificatus,
3554 3756 3649 3812 sed

2074 3852 2238 3909 etiam
2281 3852 2671 3907 clariﬁcantem
2705 3851 3042 3917 clariﬁcavit,
3078 3850 3297 3921 quinam
3330 3849 3419 3904 hic
3453 3847 3646 3918 majori

2074 3961 2138 4001 ac
2162 3945 2359 4000 minori
2392 3953 2639 4014 superest
2659 3944 2843 4000 locus?
2874 3941 2987 3998 Nisi
3019 3942 3179 4007 forte,
3206 3950 3266 3995 ut
3288 3955 3354 3997 ex
3379 3937 3650 4011 praedictis

2073 4046 2519 4106 consequeretur,
2554 4036 2725 4107 major
2750 4034 2989 4106 dignitas
3036 4033 3234 4089 transit
3286 4032 3352 4089 ad
3395 4046 3518 4088 eum
3556 4030 3647 4100 qui

2073 4128 2374 4195 clariﬁcat;
2410 4128 2479 4182 ita
2516 4139 2573 4183 ut
2607 4127 2775 4183 Filius
2798 4127 2979 4182 minor
3005 4125 3206 4182 evadat
3231 4140 3352 4181 cum
3384 4121 3651 4181 clariﬁca-

2074 4233 2199 4288 tur;
2249 4222 2421 4289 major
2452 4237 2574 4278 cum
2605 4220 2872 4278 clariticat
2914 4238 2928 4275 :
2963 4235 3085 4291 quae
3129 4219 3234 4276 dici
3273 4217 3390 4274 sine
3434 4230 3644 4272 summa

2071 4314 2371 4371 stoliditate
2413 4323 2469 4370 et
2517 4314 2752 4370 amentia
2799 4322 3093 4384 nequeunt.
3160 4310 3345 4381 Neque
3387 4307 3531 4365 enim
3580 4321 3646 4361 ex

392 4409 454 4461 τὸ
482 4409 666 4479 μεῖξον
694 4413 789 4465 καὶ
816 4412 880 4466 τὸ
907 4412 1128 4470 ἔλαττον
1161 4417 1435 4482 ἐντεῦθεν,
1457 4419 1518 4473 τδ
1546 4419 1602 4473 δὲ
1624 4423 1737 4475 ῐσον
1758 4420 1970 4498 Πατρὸς

2075 4408 2347 4476 ρταξσίίειίε
2372 4408 2545 4479 majus
2567 4407 2650 4463 vel
2680 4407 2878 4474 minus,
2898 4406 2991 4462 sed
3013 4403 3375 4475 aequalitatem
3387 4398 3583 4498 Patris-
3583 4412 3650 4452 ac

394 4500 489 4553 καὶ
519 4500 648 4554 Υίοῦ
670 4502 1038 4573 διδασκόμεθα
1057 4521 1072 4536 ο
1096 4506 1366 4578 ἀκούομεν
1392 4509 1500 4580 γὰρ
1526 4512 1602 4574 ὡς
1624 4511 1716 4565 καὶ
1735 4513 1765 4563 6
1785 4510 1973 4581 Πατὴρ

392 4591 604 4657 δοξάζει
641 4593 788 4653 Υίὸν,
815 4596 912 4649 καὶ
942 4596 1224 4663 δοξάζεται
1273 4599 1365 4667 ὐφ’
1404 4599 1570 4653 Υίοῦο
1612 4599 1706 4653 καὶ
1733 4600 1859 4663 Υίδς
1885 4599 1972 4653 δο-

395 4681 616 4747 ξάζεται
649 4686 753 4739 ὑπὸ
794 4687 889 4741 τοῦ
924 4688 1158 4759 Πατρδς,
1189 4691 1282 4744 καὶ
1310 4690 1521 4756 δοξάζει
1568 4690 1659 4743 τὸν
1709 4691 1928 4761 Πατέρα
1954 4710 1968 4723 ·

2024 4552 2029 4555 ,
2072 4499 2194 4555 Filii
2235 4502 2512 4556 docemur.
2554 4501 2820 4556 Audimus
2854 4498 2999 4554 enim
3029 4496 3251 4568 698m
3272 4493 3469 4549 Filium
3491 4506 3522 4545 a
3546 4490 3646 4545 Pa-

2072 4602 2153 4648 tre
2173 4594 2483 4658 clariﬁcari,
2504 4593 2853 4662 vicissimque
2873 4606 2904 4646 a
2935 4589 3070 4645 Filio
3088 4588 3306 4642 Patrem
3331 4603 3345 4640 :
3366 4594 3420 4640 et
3450 4583 3643 4639 Filium

2068 4684 2356 4741 clariﬁeari
2384 4702 2413 4739 a
2446 4684 2628 4748 Patre,
2655 4694 2713 4739 et
2735 4699 2859 4739 eum
2888 4680 3048 4737 simul
3075 4678 3379 4735 clariﬁcare
3403 4676 3643 4731 Patrem.

393 4771 477 4826 ὅτι
507 4774 536 4825 6
566 4774 951 4846 δεδοξασμένος
992 4780 1090 4851 οὐχ
1126 4779 1154 4832 6
1205 4780 1279 4851 μή
1327 4776 1474 4850 εἶχεν
1522 4781 1764 4852 εἴληφεν,
1801 4781 1917 4835 ἀλλ’
1944 4783 1972 4836 ὃ

2070 4775 2204 4830 Nam
2239 4778 2331 4846 qui
2360 4776 2688 4832 clariﬁcatns
2718 4785 2820 4838 est,
2853 4788 2957 4827 non
2989 4772 3131 4843 quod
3167 4786 3273 4826 non
3306 4769 3541 4824 habebat
3563 4783 3651 4823 ac-
3710 4802 3713 4803 ν

394 4857 570 4931 εἶχεν·
604 4865 663 4918 ἐν
691 4865 842 4937 αὐτῷ
864 4866 945 4937 τῷ
969 4869 1154 4940 χωρίῳ
1197 4870 1356 4925 τοῦτο
1380 4871 1619 4925 διδάσκει
1641 4889 1655 4904 ·
1675 4891 1707 4924 ·‹
1738 4873 1970 4938 Δόξασόν

397 4974 464 5025 με
490 4957 618 5028 γὰρ,
645 4960 800 5029 φησὶ,
825 4962 975 5032 παρὰ
998 4963 1199 5035 σαυτῷ,
1232 4965 1317 5029 σὺ,
1349 4964 1549 5035 Πάτερ,
1581 4970 1647 5036 τῇ
1680 4966 1805 5038 δόξῃ
1839 4961 1969 5038 ᾖεῖ-

395 5064 510 5116 χον.
543 5049 650 5119 πρὸ
674 5050 770 5104 τοῦ
796 5052 886 5105 τὸν
918 5054 1120 5124 κόσμον
1149 5049 1309 5115 εἶναι,
1342 5054 1489 5125 παρὰ
1515 5056 1616 5111 σοί.
1652 5076 1670 5107 ι
1706 5058 1769 5110 Et
1796 5048 1851 5109 δὲ
1877 5060 1971 5112 καὶ

395 5140 504 5208 πρὸ
525 5142 620 5196 τοῦ
653 5141 745 5197 τὸν
776 5143 981 5214 κόσμον
1004 5145 1276 5213 γενέσθαι,
1303 5146 1505 5217 ταύτην
1528 5148 1639 5219 ἔχοι
1659 5149 1758 5219 τὴν
1788 5150 1964 5216 δόξαν,

394 5232 510 5295 πῶς
548 5237 690 5288 αἰτεῖ
729 5236 914 5289 λαϐεῖν
952 5238 980 5290 ὃ
1017 5234 1159 5308 εἶχεν
1198 5240 1283 5291 ἀεί
1305 5255 1317 5301 ;

2071 4869 2233 4936 cepit,
2273 4868 2367 4923 sed
2406 4868 2549 4937 quod
2603 4880 2789 4935 reapse
2834 4864 2943 4934 jam
2998 4864 3252 4918 habebat.
3309 4860 3481 4927 Quam
3531 4874 3645 4915 rem

2071 4958 2259 5015 eodem
2295 4959 2346 5012 in
2373 4959 2489 5014 loco
2521 4973 2617 5013 nos
2656 4959 2812 5013 docet
2841 4974 2855 5010 :
2885 4975 2903 5007 ι
2947 4955 3194 5009 Clariﬂca
3231 4953 3374 5008 enim
3423 4966 3532 5017 me,
3563 4952 3644 5005 itt-

2073 5051 2212 5118 quit,
2259 5050 2396 5119 apud
2436 5050 2777 5119 temetipsum
2830 5059 2909 5110 tu,
2955 5046 3137 5111 Pater,
3182 5046 3434 5101 claritate
3481 5059 3643 5113 quam

2073 5141 2235 5196 habui
2266 5142 2579 5213 priusquam
2610 5142 2841 5196 mundus
2869 5143 3194 5209 esset,apud
3219 5145 3272 5192 te
3302 5138 3438 5191 ηδ’.
3465 5157 3485 5190 ι
3526 5137 3645 5192 iam

2079 5235 2123 5288 si
2162 5245 2289 5289 ante
2328 5250 2487 5303 quam
2515 5234 2745 5288 mundus
2777 5233 2961 5295 ﬁeret,
2990 5233 3127 5288 hanc
3165 5231 3392 5303 gloriam
3434 5229 3644 5291 habuit,

2078 5328 2349 5393 quomodo
2400 5327 2452 5381 id
2498 5326 2738 5397 postulat
2788 5324 3031 5395 accipere
3089 5324 3230 5395 quod
3282 5337 3496 5395 semper
3549 5320 3651 5377 ha-

2079 5418 2228 5473 buit?

467 5540 687 5597 "Joan.
723 5562 842 5609 xm,
882 5549 968 5602 3|.
1046 5551 1089 5581 ι’
1123 5549 1278 5604 Joan.
1326 5567 1454 5615 xvn,
1492 5552 1537 5604 i.
1617 5550 1899 5607 ‘3'“Joan.
1939 5553 2141 5621 xvn,5.

470 5685 545 5759 (ί)
582 5687 659 5745 ita
686 5689 804 5746 cod.
840 5690 945 5749 Sed
973 5695 1116 5748 malo
1150 5691 1385 5764 ἐμαυτῷ.
