4038 6200
469 258 607 314 H75
1468 260 1526 312 S.
1568 259 1846 315 CYillLLi
1889 251 2356 312 ALEXANDRINI
2396 257 2719 320 ARCHIEP.
3588 259 3715 314 HTE

468 371 653 427 XHil'.
710 368 862 436 Quod
899 389 1006 427 una
1057 381 1132 426 est
1188 372 1363 426 Putris
1410 389 1472 425 ac
1531 370 1663 426 Filii
1716 372 2036 426 dominatio.

2212 372 2319 425 lH‘.
2360 373 2486 427 Ὅει
2513 374 2623 442 μία
2652 375 2885 442 Πατρὶς
2906 373 3005 427 καὶ
3054 375 3189 427 Υἰοῦ
3234 372 3267 439 ἡ
3304 372 3648 427 δεσποτεία.

538 484 744 540 Deinde
775 500 896 539 cum
931 484 1409 539 demonstravisset
1446 498 1505 538 se
1539 501 1647 539 non
1678 484 1847 540 solum
1878 484 2039 539 clari-

469 576 644 642 iicari,
678 592 863 631 verum
913 576 1077 631 etiam
1124 576 1361 630 vicissim
1404 576 1751 640 ciarilicare,
1797 576 2035 632 addidit:

406 668 409 679 ‘
476 688 493 720 ι
531 667 865 722 Manifestavi
898 681 1090 720 nomen
1126 673 1278 720 tuum
1304 667 1699 723 hominibus".
1739 686 1757 719 ι
1791 668 1852 722 Et
1884 668 2041 735 paulo

469 768 612 828 post,
677 758 1053 812 luereticorum
1111 772 1203 811 ora
1241 757 1527 827 oppilans:
1592 778 1612 810 ι
1658 758 1793 823 Mea,
1845 759 2039 831 inquit,

469 851 647 904 omnia
698 858 788 901 tua
836 858 1001 910 sunt,
1048 856 1103 902 et
1142 857 1230 902 tua
1282 864 1398 903 mea
1446 850 1493 882 “
1534 852 1645 920 (i);
1684 871 1702 902 ι
1757 868 1861 905 ηοη
1910 866 2043 907 sane

470 953 810 993 communem
845 939 1092 992 dividens
1119 940 1565 1003 dominationem,
1615 958 1791 1011 neque
1828 943 1929 995 alia
1976 944 2043 996 ad

470 1045 528 1083 se
561 1038 827 1099 spectare,
863 1030 966 1083 alia
1014 1033 1080 1084 ad
1130 1031 1370 1097 Patrem,
1403 1033 1776 1089 demonstrare
1818 1035 2041 1098 volens;

469 1122 561 1175 sed
593 1121 848 1189 quoniam
882 1122 916 1175 ii
947 1123 1037 1192 qui
1074 1123 1278 1177 nullum
1320 1134 1508 1179 contra
1544 1125 1893 1195 Unigenitutn
1926 1127 2044 1181 bla-

470 1214 728 1281 sphemiae
772 1226 942 1281 genus
990 1216 1267 1276 omittunt.
1316 1215 1492 1285 ipsum
1534 1218 1751 1287 quidem
1801 1220 2047 1286 accipere

471 1307 642 1369 aiunt,
668 1307 758 1361 sed
778 1306 992 1362 Patrem
1023 1309 1175 1375 dare,
1204 1312 1543 1365 demonstrat
1570 1312 1753 1381 utique
1775 1327 1833 1366 se
1860 1327 2045 1382 parem

472 1398 618 1452 Patri
671 1399 873 1455 habere
918 1416 1099 1455 rerum
1142 1403 1382 1457 omnium
1428 1403 1867 1458 dominationem.
1910 1402 2044 1459 Nam

477 1512 496 1543 ι
533 1490 667 1558 Mea,
699 1492 895 1561 inquit,
926 1494 1126 1557 omnia,
1166 1503 1251 1546 tua
1285 1503 1428 1557 sunt,
1461 1504 1515 1547 et
1558 1503 1643 1546 tua
1677 1509 1829 1559 mea;
1870 1512 1887 1545 ι
1924 1510 2048 1565 pro-

475 1580 614 1635 fecto
645 1598 749 1637 non
781 1583 1169 1637 dominationis
1195 1582 1539 1650 divisionem,
1580 1584 1673 1639 sed
1702 1586 2048 1642 communio-

475 1690 594 1728 nem
625 1690 725 1731 nos
749 1678 971 1730 docens.
1044 1706 1047 1707 ν

543 1766 650 1821 Sed
679 1768 823 1822 enim
851 1770 1027 1823 sentio
1057 1783 1142 1824 me
1179 1768 1320 1823 hunc
1361 1771 1427 1825 de
1473 1770 1576 1824 title
1615 1785 1924 1827 sermonem
1955 1771 2046 1825 diu

473 1857 832 1925 produxisse;
865 1874 987 1913 cum
1026 1868 1206 1914 tamen
1253 1862 1408 1929 quasi
1445 1877 1551 1915 uno
1581 1862 1818 1930 capitulo
1854 1862 2049 1925 deﬂui-

478 1951 681 2005 tionem
730 1950 850 2018 ejus
904 1965 990 2004 tne
1033 1952 1549 2021 comprehensurnm
1603 1938 1702 2007 sub
1767 1955 1922 2019 initio
1969 1955 2048 2026 (‘2)

476 2042 874 2109 promisissem.
928 2042 1063 2095 Nam
1117 2058 1237 2096 cum
1306 2059 1371 2097 ex
1433 2043 1742 2113 evangelica
1802 2044 2048 2099 doctrina

474 2136 954 2191 demonstrandam
1001 2139 1364 2205 suscepissem
1395 2134 1672 2208 Unigeniti
1704 2137 2045 2207 dignitatem,

426 2260 427 2263 η
482 2227 778 2297 longiorem
805 2240 969 2296 quam
994 2226 1346 2295 promiseram
1375 2225 1476 2282 ieci
1518 2243 1819 2283 sermonem
1838 2268 1853 2290 ,
1880 2243 2050 2298 quan-

473 2332 636 2386 quam
677 2317 729 2371 in
768 2318 898 2385 ipsis
931 2326 1174 2377 textuum
1210 2319 1753 2388 interpretationibus
1796 2319 2047 2374 brevitati

475 2410 675 2464 studui.
724 2408 894 2480 igitur
943 2410 1047 2481 piis
1095 2410 1425 2466 Christianis
1474 2412 1738 2482 ablegatis
1785 2411 1850 2465 ad
1904 2411 2051 2481 ipsos

476 2516 587 2558 tum
618 2503 981 2576 euangelicos,
1010 2512 1119 2558 tum
1149 2504 1495 2575 praphcticos
1527 2503 1713 2569 libros,
1748 2503 1836 2574 qui
1864 2518 2052 2569 omnes

475 2595 742 2667 theologia
771 2595 840 2651 de
870 2594 1007 2650 Filio
1041 2594 1373 2660 redundant,
1405 2610 1504 2667 ego
1533 2595 1749 2664 quidem
1788 2594 2051 2666 propositi

474 2689 542 2741 de
572 2685 839 2753 Trinitate
874 2687 1177 2758 argumenti
1207 2687 1403 2742 seriem
1428 2701 1750 2756 prosequar.

668 2784 669 2787 ¹
758 2797 926 2870 699
950 2816 999 2851 m
1039 2796 1179 2852 XIX.
1212 2797 1288 2852 De
1318 2795 1523 2867 Spiritu
1555 2806 1758 2851 sancto.

547 2910 830 2971 Credimus
856 2926 1007 2982 ergo,
1028 2919 1084 2966 ut
1105 2910 1217 2981 jam
1250 2909 1384 2976 dixi,
1404 2909 1456 2963 in
1487 2909 1654 2963 Deum
1686 2907 1900 2964 Patrem
1931 2909 2054 2963 abs-

478 3017 579 3073 que
629 3002 933 3070 principio,
993 3011 1044 3061 et
1096 3002 1148 3054 in
1184 3000 1351 3055 Deum
1385 3010 1716 3054 coreternum
1749 3000 2049 3055 naturalem

479 3092 696 3157 Filium,
738 3106 802 3146 ex
830 3091 994 3153 Patre
1026 3091 1241 3160 quidem
1270 3088 1535 3158 genitum,
1586 3090 1683 3144 sed
1724 3098 1900 3143 tamen
1930 3103 2050 3144 cum

480 3184 645 3247 Patre
675 3197 891 3251 semper
938 3183 1315 3244 exsistentem,
1347 3180 1504 3251 juxta
1561 3181 1928 3250 evangelicum
1968 3180 2054 3235 di-

479 3289 667 3337 ctum:
724 3296 742 3329 ι
800 3276 861 3333 in
909 3274 1178 3344 principio
1239 3283 1357 3328 erat
1408 3272 1664 3328 Verbum.
1716 3292 1734 3323 ι
1772 3271 2055 3327 Credimus

479 3367 643 3427 etiam
697 3367 749 3421 in
793 3365 1056 3433 Spiritum
1105 3372 1376 3427 sanctum,
1427 3371 1657 3424 rectum.
1695 3362 2055 3432 dirigentem,

482 3460 705 3521 bonum,
749 3454 1169 3522 consolatorem,
1224 3469 1291 3509 ex
1345 3457 1452 3510 Deo
1499 3454 1904 3525 procedentem,
1952 3471 2057 3510 non

483 3550 758 3622 genitum;
797 3563 938 3611 unus
969 3548 1116 3603 enim
1154 3558 1238 3604 est
1283 3547 1646 3618 Unigenitus;
1685 3561 1858 3615 neque
1903 3562 2058 3603 crea-

487 3654 623 3708 tum,
656 3655 922 3712 nusquam
951 3640 1095 3695 enim
1133 3640 1186 3694 in
1224 3639 1405 3694 divina
1443 3639 1725 3709 Scriptura
1759 3655 1881 3693 eum
1908 3654 2059 3695 com-

483 3734 724 3803 perimus
775 3730 851 3787 rei
893 3741 1092 3787 creata:
1139 3740 1576 3797 annumeratum,
1618 3732 1714 3785 sed
1765 3732 1815 3785 in
1869 3732 2058 3787 eodem

484 3840 605 3888 cum
641 3824 802 3885 Patre
831 3839 895 3879 ac
938 3823 1075 3884 Filio
1102 3825 1293 3880 ordine
1337 3826 1599 3892 positum.
1644 3823 1824 3894 Ipsum
1874 3834 2055 3878 autem

483 3918 551 3974 de
609 3918 770 3981 Patre
827 3917 1216 3988 procedentem
1269 3917 1597 3980 audivimus,
1659 3931 1832 3987 neque
1879 3926 2057 3969 tamen

482 4012 752 4080 quomodo
803 4010 1060 4079 procedat
1098 4011 1313 4065 curiose
1357 4021 1690 4076 scrutamur,
1741 4007 1833 4064 sed
1879 4009 1961 4062 his
1995 4007 2060 4063 ii-

485 4103 644 4157 nibus
694 4103 931 4158 contenti
968 4118 1155 4161 sumus
1187 4118 1323 4173 quos
1356 4103 1510 4159 nobis
1544 4101 1775 4171 theologi
1805 4101 2060 4169 beatique

485 4194 584 4247 \‘iri
617 4204 940 4251 statuerunt.

484 4304 603 4369 XX.
656 4306 811 4372 Quod
858 4308 912 4361 in
962 4309 1140 4361 eodem
1195 4308 1379 4360 ordine
1419 4323 1537 4360 cum
1597 4304 1760 4359 Patre
1813 4303 2061 4376 Filioque

981 4378 1216 4447 Spiritus
1243 4378 1558 4431 collocatur.

559 4491 801 4557 Namque
843 4491 911 4544 ab
953 4490 1072 4560 ipso
1117 4489 1407 4544 Servatore
1449 4497 1635 4544 nostro
1673 4489 1799 4546 Jesu
1839 4490 2058 4548 Christo

485 4585 662 4639 edocti
698 4583 897 4638 fuimus
926 4582 1384 4651 complementum
1411 4597 1534 4637 esse
1575 4582 1861 4639 Trinitatis
1887 4584 2060 4655 Spiri-

489 4688 600 4729 tum
632 4686 898 4730 sanctnm.
931 4693 950 4725 ι
984 4673 1188 4727 Euntes
1221 4672 1390 4736 enim,
1422 4673 1619 4743 inquit,
1654 4675 1843 4730 docete
1869 4691 2059 4733 omnes

486 4775 698 4831 gentes,
732 4765 1075 4834 baptizantes
1104 4777 1197 4818 eos
1227 4762 1281 4817 itt
1325 4763 1541 4817 nomine
1561 4762 1739 4819 Patris
1768 4774 1819 4819 et
1854 4765 1974 4821 Filii
2005 4777 2060 4822 et

490 4856 725 4925 Spiritus
757 4856 930 4911 sancti
955 4854 1019 4908 ⁸⁸⁷.
1058 4874 1076 4910 t
1112 4854 1282 4909 Porro
1303 4870 1462 4925 quem
1481 4871 1603 4909 cum
1630 4855 1791 4913 Patre
1815 4858 2059 4931 Filioque

487 4947 832 5011 conﬁtemur,
864 4949 913 5003 is
941 4948 1087 5002 omni
1123 4948 1199 5002 rei
1233 4957 1433 5002 creata!
1463 4949 1715 5017 superior
1744 4960 1845 5004 est.
1876 4951 2057 5017 Quare

487 5050 542 5094 et
573 5038 764 5096 beatus
796 5039 995 5095 Paulus
1033 5056 1153 5096 cum
1204 5038 1368 5093 Patre
1401 5039 1573 5107 ipsum
1610 5040 1859 5110 Filioque
1885 5045 2060 5097 couti-

488 5146 652 5188 nuata
704 5132 849 5188 serie
893 5132 1190 5202 praedicat:
1232 5150 1249 5181 ι
1288 5130 1471 5186 Gratia
1502 5132 1671 5197 enim,
1707 5133 1905 5202 inquit,
1958 5136 2059 5189 Do-

490 5228 622 5291 tnini
650 5226 821 5286 nostri
846 5225 975 5281 Jesu
1010 5223 1235 5285 Christi,
1265 5232 1319 5277 et
1349 5222 1588 5282 charitas
1635 5224 1726 5279 Dei
1770 5224 1967 5290 Patris,
2004 5235 2060 5281 et

565 5389 609 5423 "
636 5387 789 5440 Joan.
819 5401 952 5452 xvu,
987 5385 1039 5439 6.
1119 5385 1162 5415 ⁸⁸
1191 5385 1318 5440 ibid.
1352 5383 1437 5438 10.
1516 5384 1559 5415 ⁸⁷
1590 5384 1777 5441 Matth.
1814 5401 2007 5459 κείνω,
2044 5388 2124 5441 19.

560 5548 634 5613 (i)
675 5546 889 5598 Niectas
928 5546 1312 5609 Aquileiensis.
1346 5562 1371 5596 a
1402 5546 1559 5598 nobis
1582 5546 1781 5608 editus,
1811 5546 1860 5598 in
1888 5544 2051 5597 simili

489 5624 718 5673 tractatu
749 5615 827 5670 sic
854 5616 1083 5683 explicat
1110 5634 1121 5666 :
1156 5616 1284 5678 Qum
1308 5615 1405 5665 illa
1437 5614 1654 5666 omnia?
1684 5617 1857 5680 utique
1885 5616 2049 5667 virtu-

490 5699 610 5754 μνη,
641 5686 812 5757 utique
833 5685 1134 5754 potctttiqm,
1165 5685 1460 5747 bonitatem,
1490 5685 1915 5752 incorruptelrmt,
1937 5685 2050 5753 ρίου

2214 481 2348 539 Εἶτα
2372 486 2589 549 δεικνὺς
2621 486 2697 551 ὡς
2720 489 2782 541 οὑ
2818 488 2976 557 μόνον
3002 487 3305 554 δοξάζεται,
3340 486 3478 542 ἀλλὰ
3514 489 3611 543 καί
3637 488 3716 541 80-

2146 578 2323 643 ξάζει,
2352 579 2635 648 ἐπήγαγεν
2657 597 2671 612 ο
2709 599 2727 631 ε
2766 577 3116 648 Ἐφανέρωσά
3152 595 3245 631 σου
3298 576 3360 630 τὸ
3396 577 3567 648 δνομα
3616 581 3720 640 τοῖς

2143 668 2473 738 ἀνθρώποις.
2510 688 2527 720 ι
2557 669 2667 721 Καὶ
2692 668 2808 739 μετ’
2830 668 2985 735 ὀλίγα
3012 668 3119 721 τῶν
3146 668 3436 739 αἱρετικῶν
3473 667 3721 738 ἐμφράτο

2142 776 2250 813 των
2284 761 2355 815 τὰ
2396 761 2668 831 στόματαο
2718 779 2735 812 ι
2762 761 2840 814 Τὰ
2886 761 3011 831 ἐμὰ,
3044 761 3199 832 φησὶ,
3244 762 3422 815 πάντα
3467 758 3536 812 σά
3585 761 3723 823 ἐστι,

2147 852 2242 907 καὶ
2265 852 2333 907 τὰ
2370 853 2437 907 σὰ
2460 852 2601 923 ἐμά’
2634 872 2652 906 ι
2689 853 2748 906 οὐ
2793 853 2888 923 τὴν
2917 853 3102 923 κοινὴν
3131 850 3354 921 διαιρῶν
3380 850 3723 910 δεσποτείαν,

2145 944 2266 997 οῦδὲ
2288 944 2452 1015 ἕτερα
2481 944 2536 997 δὲ
2568 942 2637 996 τὰ
2662 943 2739 1014 τῷ
2769 943 2941 1015 Πατρὶ
2972 942 3298 1015 διαφέροντα
3341 941 3509 1007 δεῖξαι
3540 940 3723 1003 βουλόο

2152 1053 2311 1105 μενος
2332 1053 2345 1066 ο
2368 1035 2482 1088 ἀλλ’
2505 1035 2691 1105 ἐπειδὴ
2721 1037 2768 1087 οἱ
2795 1036 2974 1088 πᾶσαν
2999 1035 3316 1104 βλάσφημον
3337 1033 3518 1104 φωνὴν
3540 1034 3717 1101 ἀφιένι

2145 1144 2237 1189 τες
2262 1126 2403 1180 κατὰ
2430 1126 2523 1180 τοῦ
2541 1126 2899 1194 Μονογενοῦς,
2924 1126 3085 1179 αὑτὸν
3117 1126 3215 1195 μὲν
3245 1125 3539 1199 λαμϐάνειν
3568 1124 3723 1197 φασὶ,

2148 1218 2237 1272 τὸν
2269 1218 2325 1271 δὲ
2350 1218 2570 1287 Πατέρα
2606 1217 2828 1278 διδόναι,
2863 1218 3137 1271 δείκνυσιν
3168 1218 3251 1269 ὅτι
3281 1216 3379 1285 τήν
3413 1214 3583 1285 αὐτὴν
3613 1213 3725 1290 ἔχει

2148 1308 2226 1378 τῷ
2257 1310 2431 1381 Πατρί
2460 1309 2571 1361 τῶν
2620 1308 2877 1362 ἁπάντων
2907 1308 3223 1361 δεσποτείαν
3244 1323 3257 1335 ·
3289 1325 3307 1356 t
3342 1304 3423 1358 Τὰ
3446 1305 3555 1380 γὰρ
3592 1304 3726 1381 ἐμὰ,

2151 1402 2306 1473 φησὶ,
2334 1401 2510 1454 πάντα
2541 1399 2612 1453 σά
2642 1402 2778 1465 ἐστι,
2808 1400 2903 1453 καὶ
2926 1398 2994 1452 τὰ
3022 1397 3091 1451 σὰ
3127 1398 3269 1467 ἐμά’
3310 1418 3327 1449 ι
3362 1398 3420 1450 οὐ
3462 1397 3557 1469 τὴν
3589 1395 3724 1455 διαί·

2153 1511 2303 1565 ρεσιν
2330 1494 2428 1565 τῆς
2453 1492 2790 1559 δεσποτείας,
2824 1490 2960 1547 ἀλλὰ
2989 1488 3051 1543 τὸ
3088 1490 3266 1544 κοινὸν
3292 1493 3389 1561 τῆς
3409 1491 3725 1553 δεσποτείας

2154 1586 2444 1640 παιδεύων.

2236 1766 2394 1820 Ἀλλὰ
2422 1767 2529 1838 γὰρ
2556 1768 2648 1819 τὸν
2678 1765 2833 1833 λόγον
2872 1765 2951 1828 εἰς
2994 1764 3164 1834 μῆκος
3195 1761 3429 1827 ἐξέτεινα
3474 1761 3561 1814 τὸν
3598 1760 3729 1830 περὶ

2154 1860 2408 1924 πίστεως,
2434 1862 2491 1912 ἐν
2520 1856 2801 1928 κεφαλαίῳ
2844 1855 3130 1923 διεξελθεῖν
3171 1856 3297 1924 ὅρον
3319 1856 3376 1907 ἐν
3397 1853 3506 1916 τοῖς
3538 1869 3729 1922 προοι-

2155 1952 2298 2022 μίοις
2340 1949 2837 2019 ἐπαγγειλάμενος·
2871 1946 3039 2011 δεῖξαι
3070 1945 3175 2015 γὰρ
3210 1944 3490 2015 βουληθεὶς
3526 1946 3589 1996 ἐκ
3626 1942 3731 2012 τῆς

2152 2042 2513 2111 εὐαγγελικῆς
2555 2037 2906 2101 διδασκαλίας
2935 2038 3029 2091 τοῦ
3061 2034 3399 2105 Μονογενοῦς
3427 2036 3524 2105 τὴν
3546 2035 3730 2101 ἀξέαν,

2155 2135 2491 2209 μακρότερον
2521 2134 2617 2204 τῆς
2644 2131 2996 2201 ὑποσχέσεως
3029 2128 3377 2200 εἰργασάμην
3418 2127 3510 2181 τὸν
3534 2126 3694 2195 λόγον
3712 2144 3732 2158 ο

2155 2225 2446 2283 καὶταῦτα
2481 2221 2848 2305 βραχυλογίας
2886 2223 2943 2275 ἐν
2993 2222 3110 2283 ταῖς
3145 2219 3464 2291 ἑρμηνείαις
3494 2235 3734 2288 «seposi-

2149 2317 2338 2381 τικώς.
2367 2317 2461 2380 Εἰς
2489 2313 2660 2377 αὐτὰς
2679 2312 2857 2366 τοίνυν
2888 2310 2989 2374 τὰς
3014 2307 3373 2378 εὐαγγελικὰς
3396 2307 3609 2377 βίϐλους
3634 2308 3739 2361 καὶ

2153 2408 2496 2482 προφητικὰς
2524 2406 2651 2469 τοὺς
2677 2404 2922 2467 εὐσεϐεῖς
2948 2401 3170 2473 πέμψας
3189 2401 3413 2473 (μεσταὶ
3439 2400 3544 2481 γὰρ
3570 2395 3738 2454 αὗται

2151 2502 2249 2570 τῆς
2275 2497 2552 2566 θεολογίας
2573 2493 2670 2548 τοῦ
2703 2493 2883 2566 Υἱοῦ),
2910 2492 3002 2546 ἐπὶ
3046 2492 3145 2564 τὴν
3194 2490 3559 2564 προκειμένην
3598 2490 3735 2545 ἁκο-

2152 2590 2373 2647 λουθίαν
2402 2588 2712 2677 βαδιοῦμαι.

2434 2790 2535 2845 16⁸.
2581 2788 2719 2858 Περὶ
2742 2790 2849 2865 τοῦ
2878 2790 3051 2859 ἁγίου
3084 2791 3448 2858 Πνεύματος.

2154 2932 2157 2935 ν
2230 2906 2563 2977 Πιστεῦομεν
2595 2906 2812 2970 τοίνυν,
2859 2907 2941 2977 ,ὡς
2991 2906 3150 2977 ἔφην,
3196 2905 3276 2967 είς
3331 2901 3464 2957 Θεδν
3518 2900 3741 2971 Πατέρα

2155 3002 2411 3073 ἄναρχον,
2435 3002 2529 3054 καὶ
2560 3002 2638 3064 εἰς
2669 3000 2799 3053 Θεὸν
2833 2998 3110 3057 συναϊδιον
3150 2996 3308 3068 φύσει
3337 2997 3487 3060 Υἱὸν,
3517 2996 3583 3049 ἐκ
3618 2994 3740 3053 Ila-

2155 3095 2285 3167 τρὸς
2316 3093 2415 3164 μὲν
2444 3092 2795 3163 γεννηθέντα,
2820 3092 2908 3147 ἀεὶ
2930 3093 2989 3147 δὲ
3003 3091 3081 3162 τῷ
3113 3091 3285 3162 Πατρὶ
3323 3090 3568 3151 συνόντα.
3592 3089 3741 3142 κατὰ

2155 3186 2251 3257 τὴν
2286 3185 2393 3239 τῶν
2410 3183 2760 3253 Εὐαγγελίων
2794 3185 2978 3255 φωνήν
3004 3198 3017 3212 ’
3052 3204 3071 3235 ι
3109 3184 3199 3236 Ἐν
3223 3183 3364 3253 ἀρχῇ
3394 3181 3521 3250 γὰρ,
3546 3180 3741 3249 φησιν,

2156 3275 2270 3350 ἦνὸ
2297 3277 2491 3345 Λόγος.
2513 3296 2558 3327 ι»
2592 3275 2933 3347 Πιστεὺομεν
2964 3276 3021 3329 δὲ
3068 3275 3162 3329 καὶ
3205 3275 3285 3336 εἰς
3331 3273 3392 3326 τὸ
3425 3270 3647 3341 Πνεῦμα
3675 3270 3743 3321 τὸ

2160 3370 2340 3438 ἅγιον,
2363 3368 2424 3421 τὸ
2450 3368 2626 3432 εὺθὲς,
2662 3367 2722 3420 τὸ
2754 3367 3102 3437 ἡγεμονικὸν,
3135 3365 3197 3417 τὸ
3225 3361 3449 3433 ἀγαθὸν,
3474 3360 3534 3413 τὸ
3558 3359 3744 3429 παρὰο

2160 3462 2377 3532 κλητον,
2410 3461 2470 3514 τὸ
2502 3463 2566 3513 ἐκ
2598 3458 2734 3513 Θεοῦ
2764 3457 3051 3529 προελθὸν,
3086 3456 3147 3509 οὐ
3183 3452 3442 3525 γεννηθέν
3464 3468 3478 3481 ·
3515 3445 3596 3515 εἷς
3628 3451 3744 3521 γὰρ

2160 3556 2490 3624 Μονογενής’
2519 3551 2642 3606 οὔτε
2673 3552 2779 3622 μὴν
2814 3549 3055 3604 κτισθὲν·
3098 3547 3336 3618 οὐδαμοῦ
3362 3547 3470 3617 γὰρ
3492 3543 3745 3615 εὑρίσκο-

2163 3664 2261 3717 μεν
2293 3648 2352 3700 ἐν
2392 3648 2459 3716 τῇ
2502 3644 2623 3715 θείᾳ
2668 3644 2859 3714 Γραφῇ
2887 3644 2955 3713 τῇ
3005 3641 3183 3695 κτίσει
3215 3635 3743 3709 συναριθμούμενον,

2159 3739 2294 3792 ἀλλὰ
2322 3738 2495 3810 Πατρὶ
2523 3737 2617 3791 καὶ
2653 3734 2768 3805 Υίῷ
2813 3731 3274 3802 συνταττόμενον·
3309 3727 3746 3798 ἐκπορευόμενον

2158 3830 2215 3884 δέ
2242 3830 2373 3883 αὐτὸ
2402 3831 2465 3883 ἐκ
2493 3828 2586 3881 τοῦ
2627 3829 2742 3880 Πατ
2753 3826 2842 3898 ρὸς
2863 3824 3202 3895 ἠκούσαμεν,
3230 3822 3327 3876 καὶ
3358 3822 3420 3875 οὐ
3463 3819 3745 3889 πολυπραφ

2160 3919 2473 3992 γμονοῦμεν
2517 3917 2633 3980 πῶς
2685 3914 3068 3987 ἐκπορεύεται,
3094 3912 3232 3968 ἀλλὰ
3283 3910 3586 3983 στέργομεν
3624 3913 3746 3973 τοῖς

2160 3990 2398 4067 τεθεῖσιν
2429 4014 2560 4084 ἡμῖν
2588 4012 2734 4082 ὅροις
2764 4009 2870 4064 ὑπὸ
2894 4007 3004 4063 τῶν
3031 4006 3297 4077 θεολόγων
3326 4006 3423 4061 καὶ
3454 4002 3747 4076 μακαρίων

2161 4101 2396 4176 ἀνδρῶν.

2197 4298 2280 4354 Κ’.
2331 4301 2451 4354 ’Ὁτι
2509 4300 2695 4368 Harp!
2744 4300 2842 4353 καὶ
2881 4300 2990 4365 Υίῷ
3039 4300 3105 4353 τὸ
3148 4298 3391 4368 Πνεῦμα
3445 4296 3705 4352 συντάτ-

2865 4387 2926 4423 τε
2932 4388 3043 4423 ται.

2249 4485 2637 4557 Ἑδιδάχθημεν
2675 4487 2781 4557 γὰρ
2812 4486 2902 4539 ὑπ’
2944 4484 3107 4538 αὑτοῦ
3159 4484 3253 4539 τοῦ
3301 4484 3554 4555 Σωτῆρος
3584 4481 3747 4553 ἡμῶν

2177 4579 2355 4651 Ἰησοῦ
2400 4581 2677 4651 Χριστοῦ,
2735 4582 2832 4652 τῆς
2888 4580 3119 4651 Τριὰδος
3172 4575 3637 4647 συμπληρωτικὸν
3679 4574 3748 4627 τὸ

2166 4676 2391 4747 Πνεῦμα
2428 4675 2487 4728 τὸ
2533 4675 2713 4741 ἅγιονο
2748 4691 2778 4749 ,ι
2818 4670 3182 4741 Πορευθέντες
3213 4668 3344 4738 γὰρ,
3380 4666 3537 4737 φησὶ,
3566 4663 3745 4735 p.an-

2165 4769 2396 4822 τεύσατε
2441 4766 2615 4820 πάντα
2642 4764 2713 4819 τὰ
2756 4764 2905 4834 έθνη,
2947 4762 3296 4832 βαπτίζοντες
3339 4758 3539 4821 αὐτοὺς
3570 4758 3651 4819 εἰς
3680 4754 3749 4809 τὸ

2164 4863 2336 4931 ὄνομα
2371 4859 2462 4913 τοῦ
2498 4857 2731 4927 Πατρδς,
2756 4855 2850 4909 καὶ
2877 4854 3029 4918 Υἱοῦ,
3062 4852 3273 4908 καὶτοῦ
3301 4851 3458 4920 ἁγίου
3491 4847 3748 4917 nmina-

2165 4968 2285 5017 τος*
2324 4973 2341 5003 ι
2377 4951 2453 5022 τῷ
2480 4950 2537 5003 δὲ
2564 4949 2741 5020 Πατρὶ
2765 4948 2858 5001 καὶ
2882 4946 2999 5017 Υἱῷ
3036 4943 3620 5017 συμμαρτυρούμενον,
3647 4940 3745 5009 τῆς

2168 5043 2395 5107 κτίσεως
2430 5045 2545 5095 ἐστι
2579 5041 2760 5110 πάσης
2790 5037 3111 5109 ὑπέρτερον.
3146 5036 3238 5089 Διὸ
3268 5035 3364 5090 καὶ
3406 5037 3436 5087 ό
3473 5032 3745 5104 μακάριος

2167 5136 2378 5200 Παῦλος
2407 5135 2543 5206 μετὰ
2586 5133 2798 5204 Πατρὺς
2830 5131 2963 5185 αὐτὸ
2992 5131 3085 5185 καὶ
3133 5128 3265 5182 Υἱοῦ
3312 5125 3599 5198 κηρύττων
3632 5124 3749 5177 δια-

2166 5230 2337 5283 τελεῖ·
2391 5246 2410 5279 ι
2468 5228 2533 5280 'H
2580 5226 2739 5296 χάρις
2787 5224 2932 5292 γὰρ,
2976 5222 3128 5291 φησὶ,
3179 5217 3274 5272 τοῦ
3325 5216 3535 5288 Κυρίου
3586 5212 3746 5285 ἡμῶν

2158 5550 2289 5601 riam
2332 5558 2376 5601 et
2419 5547 2781 5602 wtcrnitatem.
2825 5544 2957 5594 sicut
2997 5540 3152 5592 habet
3196 5538 3371 5593 Pater.

2228 5620 2304 5687 (Ξ)
2346 5616 2539 5681 Recole
2582 5614 2799 5670 tertium
2840 5611 3158 5681 capitulum.
