4048 6196
320 269 457 327 H77
898 318 909 335 ,
1656 276 1743 333 DE
1783 277 1884 333 ’ΠΝ

1990 277 2183 335 ΓᾹΤΕ.
3429 303 3560 360 1178

330 380 527 451 Ἰησοῦ,
571 381 663 436 καὶ
695 385 726 452 ἡ
757 382 945 452 ἀγάπη
974 383 1069 437 τοῦ
1105 383 1240 437 Θεοῦ
1283 385 1379 437 καὶ⁵
1422 386 1634 456 Πατρὸς
1664 389 1763 458 (i),
1798 389 1884 443 xui

1994 394 2413 451 communicatio
2445 399 2618 454 sancti
2665 398 2900 471 Spiritus
2940 403 3012 460 sit
3039 420 3160 462 cum
3191 411 3441 468 omnibus
3470 431 3562 471 νος

315 475 349 542 ἠ
414 475 665 527 κοινωνία
722 475 814 529 τοῦ
880 476 1034 543 ἁγίου
1096 476 1413 547 Πνεῦματος
1482 478 1620 547 μετὰ
1668 480 1885 535 πάντων
1993 481 2079 536 bis
2114 483 2178 538 “.
2216 504 2236 538 ι

316 581 489 633 υμων.
536 584 554 617 ι

353 679 480 731 KA'.
540 678 862 747 Ἀπόδειξις
913 682 1023 751 τῆς
1076 684 1183 738 τοῦ
1233 687 1579 758 Πνεύματος
1628 688 1850 744 δεσπο-

1087 684 1183 771 ςοῦ
1233 687 1579 758 ηνεύματος
1628 688 1850 744 δεσπο-
2067 681 2207 741 XXI.
2260 686 2666 746 Dentomtrutur
2695 694 2930 764 Spiritus
2970 700 3142 753 sancti
3178 699 3486 759 dominatio.

1087 769 1190 805 παρ.

1010 771 1190 820 τειας.

388 860 495 914 Καὶ
534 860 731 916 πάλιν·
773 883 792 915 ι
817 867 1119 936 Διαιρέσεις
1162 868 1217 922 δὲ
1261 871 1617 940 χαρισμάτων
1652 873 1780 936 εἰσὶ,
1824 873 1884 926 τὸ

2069 856 2278 915 Rursus
2343 862 2583 921 Paulus:
2633 885 2652 919 ι
2723 869 3024 926 Divisiones
3075 888 3204 929 vero
3263 875 3559 946 gratiarum

314 953 371 1006 δέ
404 954 533 1008 αὐτὸ
561 955 815 1026 Πνεῦμα·
841 959 934 1011 καὶ
961 960 1254 1031 διαιρέσεις
1278 961 1563 1016 διακονιῶν
1595 967 1753 1029 εξσιν,
1771 966 1800 1017 6
1828 964 1884 1018 δὲ

1993 960 2140 1012 sunt,
2173 951 2312 1005 idem
2341 962 2521 1009 autem
2549 955 2784 1026 Spiritus
2819 978 2833 1014 :
2868 969 2919 1014 et
2951 960 3249 1019 divisiones
3281 965 3560 1021 ministra-

283 1046 477 1129 quini);
526 1048 755 1119 Κύριος
797 1052 890 1102 καὶ
919 1051 1208 1123 διαιρέσεις
1243 1056 1630 1126 ἐνεργημάτων
1673 1058 1830 1124 εἰσὶν,
1857 1060 1884 1111 6

1995 1040 2197 1095 tionnm
2231 1053 2379 1108 sunt,
2429 1046 2569 1100 idem
2605 1058 2782 1103 autem
2820 1049 2981 1115 Deus,
3026 1053 3115 1121 qui
3163 1065 3420 1125 operatur
3446 1073 3562 1111 om-

312 1135 370 1189 δέ
414 1138 574 1201 αὐτός
603 1141 717 1192 ἐστι
747 1140 876 1203 Θεὸς
907 1143 935 1194 6
966 1143 1205 1213 ἐνεργῶν
1234 1145 1301 1198 τά
1345 1146 1521 1200 πάντα
1563 1149 1620 1200 ἐν
1651 1149 1807 1202 πᾶσι.
1858 1167 1878 1201 ι

1993 1132 2079 1186 nia
2134 1134 2186 1187 in
2253 1137 2505 1195 omnibus
2530 1140 2597 1194 δ’.
2634 1159 2654 1193 ι
2700 1140 2950 1206 Eiusdem
3008 1146 3170 1200 etiam
3234 1156 3561 1216 potestatem

315 1229 493 1283 Αὐτοῦ
518 1230 574 1283 δὲ
623 1230 907 1301 κηρύττων
930 1235 1027 1304 τὴν
1069 1234 1317 1300 ἐξουσίαν
1359 1238 1486 1292 ἐϐόα
1507 1256 1519 1270 ·
1566 1260 1584 1292 ι
1616 1239 1799 1294 Πάντα
1828 1239 1884 1293 δὲ

1997 1223 2163 1294 700
2188 1243 2237 1277 m
2273 1230 2571 1296 praedicans
2596 1231 2861 1287 clamabat
2895 1253 2909 1288 ι
2952 1255 2970 1287 ι
3009 1235 3132 1291 limo
3161 1247 3337 1290 autem
3381 1241 3560 1294 omnia

313 1323 485 1375 ταῦτα
518 1324 728 1391 ἐνεργεῖ
754 1325 814 1377 τὸ
845 1327 975 1380 αὐτὸ
1019 1330 1111 1380 καὶ
1138 1328 1198 1381 τὸ
1243 1330 1299 1382 ἐν
1334 1331 1554 1403 Πνεῦμα
1580 1374 1595 1397 ,
1634 1331 1876 1404 διαιροῦν

1990 1324 2248 1381 operatur
2280 1333 2418 1373 unus
2453 1330 2616 1389 atque
2647 1323 2786 1378 idem
2833 1323 3092 1394 Spiritus.
3121 1327 3370 1381 dividens
3408 1344 3561 1398 sepa-

317 1413 422 1483 ίδία
452 1415 685 1485 ἑκάστῳ,
722 1415 901 1477 καθὼς
956 1417 1203 1487 βούλεται
1240 1421 1482 1492 διανέμει
1521 1424 1595 1491 (2)
1639 1425 1748 1485 τοῖς
1791 1440 1882 1475 πι-

1991 1405 2151 1459 ratim
2193 1408 2431 1477 singulis
2459 1432 2473 1463 :
2506 1423 2663 1480 prout
2701 1414 2817 1468 vult
2846 1416 3121 1470 distribuit
3146 1418 3282 1473 dona
3306 1419 3375 1473 ”.
3409 1438 3427 1471 ι
3464 1419 3564 1475 Per

314 1502 561 1555 στεύουσι
587 1502 655 1557 τά
677 1503 845 1575 δῶρα.
868 1524 886 1556 ι
907 1507 988 1557 Δι’
1017 1507 1181 1560 αὐτοῦ
1208 1508 1317 1579 γάρ
1338 1508 1446 1562 τῶν
1474 1509 1883 1579 ἁμαρτημάτων

1992 1496 2165 1565 ipsum
2196 1500 2399 1569 quippe
2437 1504 2742 1572 recepimus
2770 1518 3115 1575 peccatorum
3147 1510 3560 1578 remissionem;

314 1593 576 1665 ἐλάϐομεν
603 1594 702 1666 τὴν
746 1596 1070 1668 ἀπαλλαγήν
1090 1614 1105 1630 ο
1136 1598 1204 1652 δι’
1247 1600 1411 1653 αὐτοῦ
1440 1599 1541 1669 τῆς
1575 1598 1885 1671 ἐλευθερίας
1989 1602 2088 1657 Ρει·
2108 1590 2282 1660 ipsum
2314 1591 2621 1649 Iiberlaleln
2649 1598 3071 1667 consequimur;
3098 1615 3193 1668 per
3226 1602 3401 1671 ipsum
3430 1603 3563 1658 ado-

312 1687 651 1757 τυγχάνομεν
673 1708 687 1721 ·
720 1690 787 1743 δι’
812 1691 978 1744 αὐτοῦ
1001 1691 1094 1745 τοῦ
1124 1692 1224 1763 τῆς
1251 1692 1522 1756 υἱοθεσίας
1547 1693 1884 1765 χαρίσματος

1992 1682 2192 1752 ptionis
2230 1685 2404 1755 gratia
2437 1687 2687 1742 fruimur.
2731 1708 2750 1741 ι
2790 1688 2907 1745 Νοιι
2942 1692 3084 1746 enim
3120 1696 3447 1764 accepimus,
3478 1697 3560 1751 in-

313 1754 689 1850 ὀπολαῦομενο
747 1802 765 1832 ι
806 1782 880 1835 Οὐ
913 1782 1023 1854 γὰρ
1070 1754 1334 1854 ἐλάθομεν
1374 1754 1635 1855 Πνεῦμα,
1664 1754 1884 1854 φησὶνό

1990 1772 2110 1840 quit
2142 1771 2364 1838 Paulus,
2392 1773 2660 1844 Spiritum
2696 1778 2976 1834 servitutis
3003 1779 3200 1835 iterum
3249 1754 3304 1836 in
3351 1754 3562 1849 timore.

314 1871 545 1937 Παῦλος,
581 1871 826 1936 δουλείας
881 1872 1041 1927 πάλιν
1082 1876 1162 1936 εἰς
1212 1874 1414 1946 φόϐον,
1454 1874 1572 1929 ἀλλ’
1621 1874 1884 1944 ἐλάϐομεν

1990 1864 2080 1918 sed
2112 1866 2423 1934 accepimus
2443 1868 2689 1936 spiritum
2721 1870 3028 1940 adoptionis
3067 1873 3119 1927 in
3154 1874 3314 1939 ﬁlios,
3367 1874 3419 1929 in
3459 1890 3566 1946 quo

315 1963 537 2036 Πνεῦμα
564 1963 855 2029 υἱοθεσίας,
877 1967 936 2018 ἐν
955 1958 998 2033 ᾧ
1030 1942 1322 2038 κράζομεν,
1368 1942 1537 2019 (Αόϐᾶ
1556 1968 1583 2020 6
1611 1942 1825 2037 Πατήρ.
1860 1984 1879 2017 ι

1990 1952 2300 2022 clamamus,
2331 1957 2479 2013 Abba
2510 1957 2673 2014 Pater
2697 1961 2763 2015 “.
2797 1981 2815 2014 ι
2855 1963 2920 2017 Et
2941 1963 3046 2019 alio
3081 1964 3234 2020 loco:
3266 1983 3285 2017 ι
3314 1964 3450 2020 Nam
3475 1942 3565 2021 Iex

312 2058 421 2111 Καὶ
450 2056 716 2128 ἀλλαχοῦ·
772 2076 790 2109 ι
831 2059 891 2112 Ὀ
923 2058 1033 2130 γὰρ
1084 2059 1246 2127 νόμος
1280 2056 1373 2110 τοῦ
1429 2057 1745 2128 Πνεῦματος
1787 2058 1884 2127 τῆς

1990 2044 2211 2112 spiritus
2246 2046 2367 2102 vita:
2415 2047 2668 2105 liberavit
2721 2068 2808 2107 me
2851 2068 2879 2107 a
2930 2054 3047 2124 lege
3092 2056 3301 2125 peccati
3330 2065 3385 2111 et
3415 2072 3566 2111 mor-

314 2145 457 2217 ζωῆς
498 2147 827 2221 ἐλευθέρωσέ
879 2165 946 2218 με
979 2148 1088 2201 ἀπὸ
1138 2147 1230 2201 τοῦ
1266 2148 1431 2219 νόμου
1478 2149 1579 2218 τῆς
1612 2148 1887 2219 ἁμαρτίας

315 2238 409 2290 καὶ
428 2238 520 2290 τοῦ
544 2237 796 2295 θανάτου.
829 2258 846 2291 ι
879 2240 990 2292 Καὶ
1029 2239 1294 2309 ἑτέρωθεν
1319 2257 1332 2269 ο
1359 2258 1375 2290 ι
1417 2239 1476 2292 '0
1506 2239 1561 2293 δέ
1588 2239 1792 2309 Κύριος
1824 2240 1885 2293 τὸ

315 2331 536 2401 Πνεῦμά
570 2336 748 2388 ἐστιν·
785 2326 845 2386 οῦ
874 2332 931 2395 δὲ
963 2333 1022 2386 τὸ
1054 2332 1278 2404 Πνεῦμα
1302 2334 1541 2404 Κυρίου,
1577 2335 1694 2387 ἐκεῖ
1731 2333 1886 2386 ἐλευ-

313 2423 499 2496 θερία·
535 2443 553 2477 ι
595 2425 653 2483 τὸ
676 2424 733 2485 δέ
759 2427 884 2489 τοὺς
916 2426 1109 2489 ἄλλους
1141 2426 1480 2498 ἐλευθεροῦν,
1517 2428 1577 2481 οῦ
1608 2426 1881 2481 δουλεύει’

311 2515 429 2579 ’πῶς
461 2516 567 2587 γάρ
599 2514 665 2580 ᾃν
693 2518 804 2578 τοῖς
826 2516 1138 2589 ὁμοδούλοις
1168 2519 1418 2591 μεταδοίη
1444 2513 1525 2572 ὧν
1555 2519 1615 2572 οὗ
1650 2517 1883 2589 μετέχει,

310 2602 370 2662 οῦ
390 2611 568 2678 τυχεῖν
591 2609 691 2663 οῦκ
726 2608 920 2680 ίσχῦει,
948 2605 1009 2664 οῦ
1035 2610 1339 2665 ἀπολαῦσαι
1362 2612 1611 2682 βούλεται
1654 2611 1773 2682 μὲν,
1806 2611 1883 2673 ὼς

313 2699 479 2765 είκδς,
496 2700 555 2753 οὐ
579 2700 800 2755 δύναται
839 2700 895 2754 δέ
919 2720 932 2767 ;
954 2700 1017 2755 Ei
1042 2702 1099 2755 δέ
1125 2703 1448 2773 μεταδίδωσι
1468 2704 1580 2767 τοῖς
1604 2702 1887 2756 πιστεύου-

313 2809 397 2845 σιν
446 2791 792 2864 ἐλευθερίας,
858 2794 953 2865 καὶ
1019 2792 1295 2865 ἐλευθεροί
1336 2795 1463 2857 τοὺς
1502 2792 1882 2857 δουλεύοντας,

310 2884 371 2937 οὐ
402 2884 640 2938 δουλεύει
667 2884 931 2956 δηλονότι,
964 2885 1100 2938 ἀλλὰ
1125 2883 1398 2950 δεσπόζει,
1428 2885 1523 2939 καὶ
1551 2884 1886 2948 δεσποτικῶς

309 2976 406 3046 τὴν
446 2975 756 3049 ἐλευθερίαν
789 2971 870 3039 οἷς
905 2976 1080 3029 ἐθέλει
1112 2976 1398 3048 χαρίζεται
1422 2992 1434 3007 ³
1463 2974 1545 3029 διὸ
1579 2976 1672 3029 καὶ
1717 2976 1746 3028 6
1783 2993 1886 3044 μα-

310 3068 499 3139 κάριος
539 3066 640 3136 ἐφη
673 3066 904 3129 Παῦλος,
937 3067 1017 3119 ὅτι
1048 3087 1065 3117 ι
1094 3068 1278 3121 Πάντα
1300 3067 1475 3121 ταῦτα
1498 3066 1711 3143 ἐνεργεῖ
1738 3066 1799 3118 τὸ
1828 3064 1884 3118 ἓν

313 3161 407 3214 καὶ
448 3157 509 3211 τὸ
558 3156 689 3211 αὐτὸ
740 3158 984 3228 Πνεῦμα,
1026 3159 1266 3229 διαιροῦν
1317 3161 1423 3234 ίδίᾳ
1456 3161 1668 3231 ἑκάστῳ
1707 3158 1886 3223 καθὼς

314 3249 581 3319 βούλεται.
621 3267 640 3300 ι
677 3248 767 3302 Διὸ
800 3250 892 3302 καὶ
937 3252 965 3302 6
1013 3252 1299 3321 προφήτης
1342 3251 1401 3304 ἐν
1427 3253 1493 3321 τῇ
1541 3251 1753 3320 Παλαιᾷ
1791 3251 1889 3321 τὴν

314 3324 561 3410 ἐξουσίαν
591 3340 753 3395 αὐτοῦ
800 3340 1083 3412 κηρύττων
1121 3342 1252 3394 ἐϐόα
1272 3358 1286 3371 ο
1324 3361 1342 3392 ι
1370 3341 1571 3410 Κύριος
1604 3341 1890 3397 ἀπέστειλὲ

316 3452 407 3506 με,
442 3433 535 3487 καὶ
554 3432 616 3486 τδ
647 3433 873 3504 Πνεῦμα
905 3431 1090 3485 αὐτοῦ.
1122 3449 1141 3482 ι
1169 3433 1277 3486 Kal
1300 3434 1328 3485 6
1353 3431 1486 3495 Θεὸς
1513 3433 1759 3501 ἐγκαλῶν
1778 3436 1891 3496 τοῖς

327 3525 649 3590 Ἰουδαίοιςί
673 3525 1013 3596 Ἐποιήσατο,
1032 3523 1186 3594 φησὶ,
1207 3522 1421 3594 βουλὴν,
1444 3525 1536 3577 καὶ
1559 3525 1619 3577 οὐ
1643 3523 1707 3576 δι’
1730 3523 1885 3593 ἐμοῦ,

313 3619 408 3669 καὶ
442 3614 709 3685 συνθήκας
729 3614 788 3668 οὔ
815 3612 902 3666 διὰ
933 3612 1026 3666 τοῦ
1057 3612 1373 3683 Πνεῦματός
1405 3630 1506 3684 μου
1525 3631 1538 3643 ⁸
1574 3632 1592 3663 ι
1634 3613 1889 3666 κοινωνὸν

311 3705 412 3776 τῆς
450 3705 769 3769 δεσποτείας
819 3704 1035 3768 δεικνὺς
1077 3703 1138 3757 1:6
1177 3702 1400 3775 Πνεῦμα
1437 3704 1497 3757 τὸ
1544 3705 1717 3772 ἅγιον.
1773 3702 1884 3757 Καὶ

316 3798 609 3871 ἑτέρωθενο
648 3818 666 3849 ι
688 3796 801 3860 Διὸ,
839 3796 1024 3869 φησιν,
1053 3797 1163 3866 ἐγὼ
1204 3797 1325 3868 μεθ’
1351 3794 1505 3867 ὑμῶν
1535 3797 1671 3867 είμι,
1704 3795 1798 3849 καὶ
1830 3795 1889 3849 τὸ

315 3891 539 3961 Πνεῦμά
571 3908 671 3961 μου
700 3892 1002 3961 ἐφέστηκεν
1028 3892 1086 3944 ἐν
1120 3890 1270 3961 μέσῳ
1308 3888 1481 3959 ὑμῶν.
1509 3906 1527 3939 ι

508 3997 635 4055 KB'.
669 4000 797 4054 Ὀτι
826 3999 1187 4069 δημιουργὸς
1212 4002 1243 4052 ὁ
1274 3996 1687 4067 Παράκνίητος.

384 4113 494 4167 Καὶ
528 4114 556 4168 6
588 4110 706 4167 Ἰὼϐ
739 4111 1068 4184 δημιουργὸν
1103 4110 1231 4165 αὐτὸ
1259 4111 1353 4164 καὶ
1390 4110 1709 4165 δεσποτικὸν
1740 4104 1880 4165 εἶναι

315 4204 621 4267 πιστεύων.
684 4202 798 4257 ἀλλ’
859 4202 958 4273 οὐχ
1017 4201 1389 4274 ὑπουργικδν,
1454 4201 1575 4254 οὐδὲ
1633 4199 1881 4271 ποίημα’

319 4323 336 4353 ε
362 4298 583 4370 Πνεῦμα
611 4297 771 4362 θεῖον,
797 4296 981 4366 φησὶν,
1007 4295 1069 4348 τὸ
1104 4293 1330 4364 ποιῆσάν
1357 4310 1447 4363 με,
1480 4291 1615 4363 πνοὴ
1655 4289 1710 4344 δὲ
1745 4308 1883 4344 παν-

1989 2136 2059 2191 tis
2078 2137 2144 2190 ⁵³.
2182 2155 2201 2188 ι
2242 2136 2306 2192 Et
2334 2139 2463 2194 alibi
2506 2158 2521 2195 :
2568 2160 2587 2193 ι
2628 2141 2889 2199 Dominus
2932 2156 3110 2200 autem
3158 2146 3395 2217 Spiritus
3434 2159 3560 2205 est:

1991 2227 2082 2283 ubi
2118 2237 2298 2284 autem
2335 2229 2572 2301 Spiritus
2612 2232 2850 2301 Domini,
2903 2235 2975 2289 ibi
3032 2236 3257 2293 libertas
3296 2238 3364 2293 ⁸⁸.
3403 2257 3421 2292 ι
3465 2238 3564 2307 Qui

1988 2327 2169 2374 autem
2199 2320 2334 2377 alios
2374 2323 2587 2390 liberat,
2636 2324 2682 2381 is
2722 2341 2827 2381 non
2886 2328 3076 2383 servit.
3118 2328 3222 2397 Qui
3262 2331 3410 2385 enim
3449 2332 3567 2387 iieri

1987 2422 2170 2481 posset
2200 2422 2259 2467 ut
2293 2417 2575 2472 conservis
2599 2417 2751 2473 daret
2775 2433 2896 2489 qua:
2927 2419 3043 2490 ipse
3066 2435 3173 2475 non
3209 2422 3391 2486 habet,
3415 2423 3563 2493 quod

1988 2499 2103 2569 ipse
2156 2505 2413 2574 consequi
2461 2520 2569 2560 non
2614 2508 2783 2573 valet,
2821 2524 2929 2578 quo
2973 2510 3133 2565 vellet
3168 2512 3383 2582 quidem
3437 2511 3564 2577 frui,

1987 2592 2063 2647 uti
2109 2608 2207 2662 par
2233 2605 2339 2659 est.
2374 2612 2553 2667 neque
2590 2608 2770 2654 tamen
2817 2602 3039 2669 posset?
3083 2601 3238 2669 Quod
3287 2603 3331 2658 si
3379 2618 3566 2659 revera

1986 2685 2336 2753 credentibus
2366 2689 2673 2744 libertatem
2704 2693 3091 2757 communicat,
3120 2702 3175 2749 et
3206 2709 3391 2751 servos
3418 2696 3561 2751 libe-

1986 2784 2090 2841 rat,
2125 2792 2230 2833 non
2279 2780 2468 2848 utique
2506 2782 2620 2850 ipse
2670 2784 2858 2849 servit,
2902 2785 2997 2840 sed
3041 2786 3369 2854 dominatur,
3402 2787 3568 2844 liber-

1989 2873 2259 2935 tatemque
2304 2884 2403 2939 pro
2439 2884 2534 2924 sua
2577 2881 2845 2941 potestate
2885 2875 3085 2943 quibus
3136 2878 3251 2931 vult
3296 2877 3546 2949 largitur.

1987 2953 2171 3021 Quare
2203 2965 2258 3010 et
2288 2958 2478 3012 beatus
2506 2958 2703 3014 Paulus
2730 2962 2810 3031 ait,
2836 2982 2848 3016 :
2880 2980 2901 3014 ι
2934 2961 3125 3019 Omnia
3150 2978 3407 3035 operatur
3433 2984 3571 3023 unus

1997 3055 2160 3115 atque
2187 3046 2326 3103 idem
2359 3049 2613 3119 Spiritus,
2649 3052 2895 3108 dividens
2922 3054 3152 3127 singulis
3180 3066 3340 3126 prout
3372 3059 3506 3114 vult.
3545 3079 3566 3114 ι

1995 3137 2355 3204 Quamobrem
2397 3151 2452 3197 et
2487 3142 2751 3215 propheta
2780 3145 2835 3200 in
2866 3143 3064 3202 Vetere
3092 3148 3442 3206 Testamento
3474 3168 3571 3224 po-

1992 3228 2221 3282 tentiam
2257 3230 2402 3286 illius
2428 3234 2729 3301 prmilicans
2764 3234 3080 3293 clamabat:
3116 3256 3136 3291 ι
3179 3240 3437 3295 Dominus
3470 3243 3570 3298 mi-

1996 3319 2067 3373 sit
2094 3336 2181 3375 me
2210 3332 2266 3376 et
2293 3321 2530 3391 Spiritus
2561 3325 2676 3394 ejus
2702 3327 2769 3382 “.
2809 3346 2831 3381 ι
2865 3328 2932 3384 Et
2977 3329 3239 3387 Dominus
3276 3334 3569 3403 reprehen-

2002 3410 2139 3466 dens
2170 3409 2423 3469 .ludaos:
2461 3434 2480 3467 ι
2520 3415 2840 3481 Consilium,
2863 3420 3056 3489 inquit,
3084 3423 3225 3487 iniit,
3252 3431 3304 3477 et
3344 3440 3449 3479 non
3474 3441 3569 3495 per

1990 3513 2114 3563 me;
2173 3513 2229 3556 et
2301 3509 2734 3574 conventiones,
2794 3511 2888 3565 sed
2962 3527 3067 3566 non
3136 3528 3233 3581 per
3307 3512 3565 3584 Spiritum

2005 3606 2183 3645 meum
2213 3595 2300 3661 ”;
2333 3615 2352 3648 ι
2388 3599 2703 3669 participem
2744 3601 2817 3654 ita
2868 3592 3246 3660 demonstratis
3285 3609 3567 3674 potestatis

1989 3693 2241 3736 sanctum
2283 3685 2567 3755 Spiritum.
2616 3691 2682 3744 Et
2733 3692 2966 3760 denique
3004 3694 3177 3750 alibi:
3225 3715 3244 3748 ι
3302 3697 3443 3763 Ideo,
3481 3699 3565 3752 in-

1989 3774 2127 3842 quit,
2153 3789 2256 3845 ego
2290 3779 2571 3833 vobiscum
2607 3798 2747 3845 sum,
2783 3793 2834 3836 et
2872 3784 3108 3853 Spiritus
3158 3804 3309 3846 meus
3356 3790 3410 3845 in
3453 3806 3563 3847 me-

1989 3866 2079 3920 dio
2113 3875 2353 3921 vestrum
2386 3869 2541 3924 stetit
2572 3871 2643 3925 ⁸⁶.
2681 3890 2699 3923 ι
3260 3892 3263 3893 ν

2239 3974 2403 4033 XXII.
2440 3976 2596 4044 Quod
2627 3979 2948 4039 Paraclctus
2984 3987 3051 4041 sit
3090 4001 3313 4048 creator.

2055 4088 2223 4147 Jobus
2254 4108 2467 4165 quoque
2490 4105 2795 4151 creatorem
2829 4098 3223 4175 Dominumque
3246 4106 3418 4175 ipsum
3449 4109 3567 4179 Spi-

1987 4184 2149 4239 ritum
2209 4187 2459 4251 credeus,
2506 4205 2612 4245 non
2665 4191 2971 4247 ministrum
3020 4210 3193 4266 neque
3233 4209 3557 4269 creaturam,

1994 4294 2012 4327 ι
2046 4275 2283 4348 Spiritus
2316 4279 2555 4345 divinus,
2605 4282 2801 4353 inquit,
2833 4285 2925 4353 qui
2974 4284 3103 4341 fecit
3153 4303 3261 4352 me,
3297 4301 3352 4346 et
3387 4292 3561 4360 spira-

311 4391 638 4460 τοκράτορος
666 4385 1041 4459 ηδιδάσκουσά
1068 4402 1157 4455 με.
1199 4403 1216 4434 ι
1247 4384 1309 4438 Ei
1330 4383 1387 4436 δὲ
1409 4383 1510 4453 τὴν
1535 4381 1882 4452 ἀνθρωπίνην

1990 4385 2111 4424 men
2143 4371 2535 4442 omnipotentis
2576 4375 2721 4445 quod
2751 4377 2932 4432 erudit
2962 4394 3050 4435 me
3076 4380 3145 4436 ⁵⁷.
3182 4400 3201 4434 ι
3241 4380 3361 4438 Jam
3395 4386 3439 4439 si
3464 4386 3599 4440 bu-'

314 4442 474 4549 φύσιν
525 4442 941 4551 ἐδημιούργησε,
980 4442 1081 4548 τὴν
1117 4476 1286 4546 αὐτὴν
1319 4442 1508 4528 οὐσίαν
1550 4442 1663 4545 ἔχει
1711 4442 1884 4545 [Iasz

1992 4478 2208 4517 manam
2243 4474 2492 4521 naturam
2524 4467 2754 4532 creavit,
2787 4472 3036 4540 sequitur
3075 4484 3134 4529 ut
3163 4473 3403 4545 ejusdem
3441 4493 3562 4533 cum

316 4570 408 4621 καὶ
440 4570 554 4638 Υίῷ
576 4584 591 4599 ο
626 4573 683 4622 ἐν
707 4570 814 4641 γὰρ
845 4572 912 4640 τῇ
952 4567 1046 4621 τοῦ
1075 4565 1363 4638 ἀνθρώπου
1410 4568 1627 4636 ποιήσει
1674 4561 1826 4617 εἶπεν
1855 4567 1884 4616 ὁ

313 4659 447 4721 Θεός
464 4677 478 4691 ο
518 4680 535 4711 ι
567 4661 887 4731 Ποιήσωμεν
910 4659 1194 4731 ἄνθρωπον
1216 4661 1335 4713 κατ’
1370 4658 1554 4711 εἰκόνα
1579 4657 1879 4728 ἡμετέραν,

316 4749 409 4804 καὶ
436 4749 554 4802 καθ’
579 4749 852 4819 ὁμοίωσιν.
891 4768 909 4800 ι
926 4744 1025 4800 Ὦν
1046 4749 1103 4802 δὲ
1121 4753 1154 4819 ἡ
1188 4748 1351 4802 εἰκὼν
1389 4749 1508 4820 μία,
1534 4747 1736 4802 τούτων
1783 4746 1879 4816 δη-

319 4839 494 4894 λονότι
531 4840 625 4894 καὶ
656 4841 689 4910 η
717 4840 871 4891 οὐσία
909 4840 1027 4911 μία.

480 5043 606 5097 K1".
646 5042 774 5095 "Ott
803 5039 871 5093 ἐκ
906 5038 1055 5093 Θεοῦ
1088 5038 1153 5091 τὸ
1189 5038 1427 5107 Πνεῦμα
1456 5038 1520 5091 τὸ
1552 5038 1738 5108 ἅγιον.

387 5155 507 5209 Ὅτι
538 5154 594 5209 δέ
631 5153 818 5216 οὐσίας
846 5151 999 5216 θείας
1029 5152 1262 5223 ὑπάρχει
1291 5152 1350 5205 τὸ
1379 5151 1600 5221 Πνεῦμα
1624 5153 1683 5206 τὸ
1706 5152 1880 5222 ἅγιον,

384 5332 429 5363 ⁸⁸
455 5329 492 5384 Il
515 5329 638 5386 Cor.
668 5344 786 5394 xm,
823 5331 909 5386 15.
1011 5329 1057 5361 δ’
1084 5327 1099 5381 I
1129 5328 1254 5383 Cor.
1297 5344 1395 5390 χιι,
1424 5328 1539 5383 4-6.

388 5557 465 5630 (Ι)
506 5557 664 5611 Vides
690 5556 836 5630 apud
868 5553 1123 5630 erillum
1162 5564 1321 5630 recte
1348 5554 1588 5630 additum
1624 5555 1716 5607 καὶ
1764 5555 1875 5630 Πατ

317 5623 617 5703 τρόςζ-ηυαι
651 5623 813 5682 dictio
863 5623 1018 5681 deest
1072 5627 1123 5680 in
1174 5625 1357 5703 multis
1384 5623 1512 5678 Novi
1547 5624 1875 5703 Testgimeiiti

316 5693 611 5766 codicibus,
651 5709 705 5756 ct
738 5708 911 5755 tamen
942 5694 1249 5753 necessaria
1274 5695 1371 5765 hic,
1393 5705 1472 5751 est
1497 5696 1561 5749 ad
1598 5693 1878 5750 Trinitatis

1637 5329 1684 5361 so
1711 5329 1780 5361 ἶιιῖ

384 5332 429 5363 ⁸⁸
455 5329 492 5384 Il
515 5329 638 5386 Cor.
668 5344 786 5394 xm,
823 5331 909 5386 I3.
1011 5329 1057 5361 δ’
1084 5328 1099 5381 Ι
1129 5328 1254 5383 Cor.
1297 5344 1395 5390 tm,
1424 5328 1539 5383 4-6.
1637 5329 1684 5361 ⁸ο
1710 5328 1839 5399 ibid.
1869 5329 1884 5382 l

314 5404 362 5434 "
395 5404 495 5457 Isa.
524 5417 711 5469 aLvtn,
742 5401 827 5455 I6.
898 5402 943 5434 ⁸⁸
968 5401 1223 5472 Isa._x.vx,
1249 5400 1299 5454 I.
1378 5400 1423 5431 "
1446 5401 1581 5472 Agg.
1603 5414 1662 5465 ll,
1694 5401 1745 5455 6.
1819 5400 1861 5431 ⁸⁷

2056 5329 2096 5359 ⁸⁸
2142 5328 2285 5382 Rom.

1990 5434 1991 5441 η
2029 5415 2199 5458 χχιιι.
2231 5398 2285 5452 8.

1992 4551 2153 4609 Patre
2184 4570 2245 4610 ac
2268 4556 2409 4613 Filio
2435 4558 2757 4616 substantia:
2809 4560 2903 4618 sit.
2940 4562 3185 4634 Namque
3228 4568 3282 4623 in
3328 4568 3564 4624 hominis

1991 4649 2276 4705 creatione
2302 4651 2438 4705 dixit
2466 4650 2607 4708 Deus
2634 4670 2649 4707 :
2686 4671 2703 4705 ι
2730 4652 3017 4710 Faciamus
3040 4658 3254 4728 701m
3288 4658 3560 4717 hominem

1988 4739 2056 4794 ad
2081 4741 2367 4813 imaginem
2397 4753 2635 4799 nostram
2654 4761 2720 4801 ac
2743 4746 3149 4803 similitudinem
3181 4748 3249 4806 ⁸⁸.
3276 4770 3294 4803 ι
3330 4751 3567 4820 Quorum

1993 4843 2174 4888 autem
2203 4852 2305 4890 una
2349 4846 2431 4892 est
2462 4838 2663 4908 imago,
2698 4854 2883 4894 eorum
2918 4840 3167 4899 videlicet
3206 4858 3311 4898 una
3358 4858 3570 4916 quoque

1992 4926 2290 4981 substantia
2323 4936 2425 4982 est.

2169 5037 2353 5093 XXIII.
2391 5038 2543 5105 Quod
2582 5055 2646 5092 ex
2688 5039 2791 5094 Deo
2818 5043 2886 5094 sit
2924 5040 3153 5110 Spiritus
3188 5056 3422 5098 sanctus.

2066 5152 2219 5217 Quod
2270 5162 2450 5206 autem
2498 5152 2679 5206 divina
2725 5161 2936 5207 constet
2981 5154 3286 5209 substantia
3324 5153 3563 5224 Spiritus

2056 5329 2096 5359 "
2142 5327 2297 5382 Ilom.
2325 5343 2440 5387 vin.
2474 5329 2559 5383 l5.
2661 5330 2705 5361 "
2742 5329 2869 5383 ibid.
2901 5330 2954 5387 9...

2056 5415 2199 5454 aut.
2231 5398 2285 5452 8.
2392 5398 2437 5432 ⁵⁸
2462 5398 2596 5454 Gcn.
2627 5416 2665 5454 t.
2704 5400 2794 5454 26.

3054 5332 3101 5363 ⁸³
3125 5332 3166 5387 il
3195 5333 3316 5389 Cor.
3351 5351 3433 5391 ιιι.
3471 5335 3559 5391 i7.

1976 5553 2196 5635 plenam
2238 5556 2722 5635 enumerationem.

1987 5623 1998 5706 ὲ
2049 5625 2130 5706 t2)
2171 5623 2244 5677 Ita
2275 5627 2451 5706 codex
2482 5626 2746 5697 διανέμει,
2782 5628 2896 5685 sine
2928 5630 3035 5687 ulla
3063 5641 3221 5691 antea
3257 5634 3336 5690 vel
3375 5642 3556 5703 postea

1987 5702 2435 5764 iuterpunctionc.
