4038 6200
256 274 385 329 1181

253 390 558 464 Κυρίου,δς
583 389 910 460 σομὸιὸάσει
938 388 1338 462 αὑτόνςἩμεῖς
1351 390 1409 444 δὲ
1435 389 1560 444 νοῦν
1584 390 1820 462 Χριστοῦ

1938 390 2189 447 habemus
2228 388 2294 445 ⁸⁸.
2348 408 2367 443 ι
2427 388 2564 445 Dum
2610 388 2687 444 ait
2743 388 2966 458 itaque:
3020 406 3040 439 ι
3102 385 3211 443 Nos
3261 385 3535 458 spiritum}

250 483 471 552 ἔχομεν.
514 501 533 534 ι
570 479 779 535 οὐκοῦν
804 479 881 549 τῷ
902 482 1077 534 εἰπεῖν
1109 482 1192 535 ὅτι
1224 500 1243 533 ι
1277 482 1352 534 Οὐ
1380 481 1441 534 τὸ
1480 481 1700 551 πνεῦμα
1726 480 1822 535 τοῦ

251 582 458 651 κόσμου
491 578 777 648 ἐλάϐομεν,
801 577 938 631 ἀλλά
967 577 1029 630 τὸ
1062 577 1290 646 Πνεῦμα
1317 576 1377 630 τὸ
1399 577 1463 630 ἐκ
1484 576 1578 631 τοῦ
1611 575 1770 641 Θεοῦ,
1799 595 1818 629 ι

250 672 488 737 ἐδίδαξεν
530 672 627 741 οὐχ
658 670 921 741 ὁμογενὲς
945 669 1019 739 (1)
1042 669 1118 740 τῷ
1148 670 1358 740 κόσμῳ,
1393 670 1528 725 ἀλλά
1545 670 1647 741 τῆς
1675 670 1826 734 θείας

251 765 494 834 ὑπάρχον
555 762 747 826 οὐσίας
791 762 855 816 τὺ
902 762 1129 833 Πνεῦμα
1190 761 1252 815 τδ
1301 761 1476 831 ἅγιον.
1526 763 1639 818 Καὶ
1690 762 1824 834 πρὸς

250 856 424 926 τούτῳ
468 853 727 919 ἐδίδαξεν,
764 853 841 916 ὡς
884 854 945 906 οὐ
982 853 1235 924 περὶτοῦ
1279 852 1417 907 Θεοῦ
1465 854 1558 908 καὶ
1610 854 1824 925 Πατρὸς

208 957 229 1043 ’γ
251 948 364 1018 ἔχει
397 948 490 1002 τὸν
523 947 717 1016 Λόγον,
744 946 881 1003 ἀλλά
906 948 1036 1018 περὶ
1061 946 1153 1001 τοῦ
1186 948 1344 1017 ἁγίου
1390 948 1728 1019 Πνεύματος,
1764 945 1826 1006 οῦ

251 1041 351 1110 τὴν
388 1041 546 1111 χάριν
575 1038 942 1110 λαμϐάνουσιν
963 1039 1014 1092 οί
1042 1039 1409 1105 πιστεύοντες.
1449 1042 1542 1095 Διδ
1570 1042 1632 1096 τὸ
1657 1043 1829 1097 Πνεῦ-

256 1147 332 1199 μα
360 1125 482 1183 εἷπε
512 1130 573 1184 τὸ
592 1132 656 1183 ὲκ
676 1129 771 1184 τοῦ
804 1126 960 1194 Θεοῦ,
994 1128 1261 1184 διδάσκων
1296 1130 1372 1193 ὡς
1408 1131 1474 1184 ix
1491 1130 1585 1185 τοῦ
1615 1131 1828 1203 Πατρὺς

253 1220 369 1289 ἔχει
407 1218 661 1293 ὓπαρξιν,
691 1221 950 1291 κάκείνης
983 1221 1221 1292 ὑπάρχει
1262 1220 1363 1292 τῆς
1395 1221 1635 1290 φύσεως,
1666 1223 1728 1278 οὒ
1769 1224 1828 1277 δὲ

253 1311 609 1382 γεννητικῶς,
642 1312 756 1366 ἀλλ’
794 1313 871 1377 ὡς
904 1308 1012 1367 οἶδε
1055 1314 1215 1383 μόνος
1253 1314 1283 1366 6
1316 1316 1407 1368 τὸν
1442 1315 1571 1368 Υίὸν
1600 1316 1827 1370 ἐπιστά-

258 1418 438 1470 μενος,
474 1403 569 1455 καὶ
612 1404 641 1456 6
671 1403 830 1473 μόνος
872 1402 964 1457 τὸν
1007 1402 1226 1475 Πατέρα
1266 1403 1572 1473 γινώσκων,
1627 1407 1722 1459 καὶ
1764 1402 1828 1459 τδ

258 1494 421 1563 μόνον
442 1493 661 1565 Πατέρα
708 1493 784 1564 (2)
827 1495 919 1548 καὶ
955 1494 1085 1548 Υίδν
1114 1497 1477 1567 ἐπιστάμενον
1496 1513 1511 1529 ο
1544 1497 1573 1552 6
1598 1500 1661 1551 ἐκ
1690 1497 1827 1551 Θεοῦ

1586 272 1672 327 DE
1714 268 2107 328 ΤΠΙΜΤΔΤΕ.

3373 272 3515 328 1182

3514 359 3527 398 ί

1923 483 2107 538 mundi
2137 498 2240 538 non
2262 482 2592 551 accepimus,
2618 483 2710 539 sed
2735 484 2825 551 qui
2853 498 2917 538 es
2950 482 3062 539 Deo
3079 493 3161 539 est
3177 482 3460 553 Spiritum,
3488 502 3508 537 ι

1925 574 2319 630 demonstravit
2346 588 2453 628 non
2495 588 2617 630 esse
2648 573 2850 629 mundo
2896 574 3291 645 homogeneum
3337 572 3513 643 Spiri-

1927 672 2038 719 tum
2080 674 2348 728 sanctum,
2376 663 2470 720 sed
2501 663 2685 720 divina
2713 671 2909 718 natura
2946 663 3255 733 praeditum.
3289 662 3514 731 Insuper

1925 756 2324 813 demonstravit
2364 769 2704 826 nequaquam
2743 768 2805 811 se
2856 756 2923 810 de
2972 756 3082 811 Deo
3125 754 3288 810 Patre
3344 751 3510 821 loqui,

1925 850 2022 906 sed
2073 850 2141 905 de
2188 858 2379 904 sancto
2442 849 2684 920 Spiritu,
2743 845 2898 917 cujus
2945 850 3176 920 gratiam
3227 845 3512 903 credentes

1927 940 2219 1011 accipiunt.
2278 940 2402 996 ideo
2434 950 2490 996 et
2533 941 2669 997 dixit
2700 938 2962 1012 Spiritum
3000 940 3093 1011 qui
3143 954 3209 996 es
3241 938 3351 994 Deo
3403 948 3512 1005 est,

1927 1030 2130 1088 docens
2173 1047 2297 1088 eum
2326 1048 2357 1087 a
2386 1031 2545 1088 Patre
2594 1032 2800 1088 habere
2840 1030 3250 1098 exsistentiam,
3274 1038 3332 1087 et
3370 1028 3515 1086 illius

1924 1136 2050 1178 esse
2090 1134 2329 1188 uatum,
2366 1140 2472 1179 non
2528 1123 2774 1195 profecto
2827 1124 3096 1195 genitum,
3124 1122 3219 1177 sed
3257 1134 3323 1177 eo
3354 1118 3514 1175 modo

1927 1229 2089 1285 quem
2119 1214 2266 1271 solus
2294 1214 2383 1270 ille
2405 1216 2510 1272 scit
2537 1217 2626 1287 qui
2657 1215 2854 1271 Filium
2882 1214 3054 1278 novit,
3084 1221 3141 1270 et
3166 1212 3261 1284 qui
3290 1211 3507 1266 Patrem

1928 1306 2078 1362 novit
2110 1305 2298 1372 Filius,
2325 1316 2381 1362 et
2409 1309 2458 1363 is
2492 1309 2726 1378 denique
2748 1309 2840 1380 qui
2869 1306 3017 1366 solus
3043 1304 3261 1361 Patrem
3286 1304 3513 1360 Filima-

1926 1410 2035 1467 que
2087 1397 2237 1452 novit
2270 1415 2288 1465 ;
2320 1413 2479 1467 quam
2533 1400 2749 1468 quidem
2804 1414 2920 1455 rem
2966 1414 2999 1454 a
3044 1399 3157 1454 Deo
3203 1396 3511 1461 didicimus,

1920 1493 2023 1551 sed
2078 1492 2297 1549 modum
2358 1493 2533 1548 edocti
2587 1508 2694 1547 non
2743 1493 2964 1547 fuimus.
3024 1490 3276 1547 Contenti
3329 1488 3515 1558 itaque

258 1584 681 1655 μεμαθήκαμεν,
713 1584 804 1638 τὸν
840 1585 1114 1657 δὲτρόπον
1142 1588 1245 1640 οὐκ
1282 1585 1665 1659 ἐδιδάχθημεν.
1705 1591 1830 1661 Ἀρ-

1938 1584 2100 1640 simus
2129 1583 2257 1645 data
2282 1584 2484 1639 notitize
2520 1599 2793 1648 mensura,
2829 1598 3008 1652 neque
3042 1582 3289 1654 imperite
3310 1589 3517 1639 scrute-

254 1648 501 1744 κούμεθα
530 1648 586 1728 δὲ
615 1648 728 1739 τοῖς
774 1648 975 1730 δοθεῖσί
1021 1675 1241 1749 μέτροις
1271 1677 1372 1749 τῆς
1403 1648 1687 1747 ﬁdem,
1732 1648 1827 1735 καὶ

1938 1690 2051 1730 mur
2078 1691 2200 1746 qua
2228 1675 2611 1745 comprehendi
2634 1690 2743 1731 non
2773 1648 2998 1745 queunt.

251 1768 311 1820 οὐ
352 1767 916 1841 πολυπραγμονοῦμεν
937 1770 1215 1841 ἀγνοήτως
1242 1770 1312 1825 τά
1338 1771 1625 1842 ἀνέφικτα.

289 1922 416 1977 KA'.
468 1922 593 1976 Ὅτι
640 1926 674 1978 ὁ
712 1923 903 1993 μέγας
962 1925 1323 1992 Ἆπόστολος
1370 1925 1518 1980 Θεὸν
1559 1922 1684 1981 οἶδε
1727 1926 1791 1981 τὸ

740 1993 983 2062 Πνεῦμα
1032 1996 1100 2048 τὸ
1149 1993 1340 2065 ἅγιον.
1404 2040 1407 2041 ν

328 2106 450 2160 Ὀτι
482 2105 537 2160 δὲ
588 2106 682 2160 τοῦ
737 2106 872 2162 Θεοῦ
900 2107 962 2161 τὸ
1021 2107 1247 2179 Πνεῦμα
1288 2107 1351 2161 τὸ
1390 2109 1566 2178 ἆγιον,
1609 2109 1772 2163 πάλιν
1802 2112 1831 2164 6

258 2200 470 2264 Παῦλος
497 2202 644 2272 ἡμᾶς
685 2201 954 2255 διδάσκει’
987 2221 1005 2253 r
1045 2202 1466 2268 ’Δπελούσασθε,
1507 2202 1701 2272 λέγων,
1736 2205 1831 2258 καὶ

256 2291 557 2363 ἡγιάσθητε
592 2292 688 2345 καὶ
726 2290 1080 2363 ἐδικαιώθητε
1113 2295 1171 2345 ἐν
1203 2292 1281 2363 τῷ
1317 2291 1539 2363 ὀνόματι
1576 2292 1671 2346 τοῦ
1716 2290 1830 2347 Κυ-

260 2388 375 2460 ρίου
410 2385 568 2457 ἡμῶν
600 2384 774 2456 Ἰησοῦ
801 2386 1060 2456 Χριστοῦ,
1095 2385 1189 2440 καὶ
1234 2386 1293 2439 ὲν
1320 2385 1397 2458 τῷ
1424 2385 1701 2457 Πνεύματι
1735 2382 1830 2440 τοῦ

254 2476 391 2530 Θεοῦ
422 2476 600 2547 ἡμῶν.
630 2495 649 2529 ι
705 2475 863 2540 Τίνος
892 2476 1001 2548 γὰρ
1049 2478 1236 2531 ἕνεκεν
1263 2477 1385 2531 ναοὶ
1432 2478 1835 2550 προσαγορευό-

260 2568 403 2637 μεθα
433 2567 565 2620 Θεοῦ
588 2567 678 2620 διὰ
719 2567 813 2620 τοῦ
846 2567 1224 2638 βαπτίσματος
1253 2569 1353 2640 τὴν
1385 2569 1479 2621 τοῦ
1514 2568 1832 2641 Πνεύματος

257 2655 539 2725 δεχόμενοι
569 2656 751 2728 χάριν,
784 2655 832 2708 εί
868 2655 943 2726 μὴ
972 2655 1104 2719 Θεὸς
1143 2654 1378 2727 ὑπάρχει
1411 2656 1473 2710 τὸ
1515 2657 1738 2730 Πνεῦμα
1770 2659 1833 2712 τὸ

262 2743 453 2811 ἀγιον;
496 2744 576 2798 ὅτι
607 2744 663 2798 δὲ
693 2746 811 2799 ναοὶ
842 2744 938 2799 τοῦ
982 2746 1301 2816 Πνεύματος
1331 2748 1381 2800 oi
1432 2749 1611 2801 πιστοὶ
1665 2766 1833 2821 προσ-

262 2833 634 2907 αγορεύονται,
662 2838 690 2891 6
728 2837 888 2901 αὐτὸς
925 2839 1073 2911 ⁴ἡμᾶς
1119 2839 1437 2903 Ἀπὸστολος
1458 2838 1699 2894 διδάσκει
1741 2840 1831 2894 λέ-

261 2944 374 2996 γων
398 2943 412 2956 ·
445 2945 463 2978 ι
492 2927 606 2981 Οὐκ
631 2926 808 2980 οἴδατε
831 2928 912 2981 ὃτι
937 2928 1007 2981 τὰ
1046 2928 1276 2998 σώματα
1307 2929 1461 3000 ὑμῶν
1486 2930 1612 2993 ναὸς
1646 2928 1740 2983 τοῦ
1774 2932 1832 2984 ὲν

260 3019 391 3090 ὑμῖν
418 3018 574 3086 ἁγίου
610 3017 926 3089 Πνεύματός
956 3022 1090 3085 ἐστι,
1121 3013 1181 3074 οὗ
1211 3019 1363 3090 ἔχετε
1387 3019 1496 3074 ἀπὸ
1546 3019 1641 3073 τοῦ
1673 3019 1830 3086 Θεοῦ,

259 3112 351 3163 καὶ
374 3110 475 3163 οὐκ
500 3110 622 3163 ἐστὲ
651 3109 893 3178 ἐαυτῶν;
923 3109 1263 3181 ἠγοράσθητε
1292 3110 1400 3182 γὰρ
1424 3111 1608 3183 τιμῆς.
1634 3131 1653 3163 ι
1685 3111 1745 3166 Ὀ
1776 3112 1833 3166 δὲ

256 3201 385 3265 ναὸς
411 3200 505 3255 τὸν
523 3200 837 3255 ἐνοικοῦντα
866 3201 1125 3273 κηρύττει
1155 3202 1287 3255 Θεόν
1307 3220 1320 3232 ·
1352 3201 1432 3255 διὸ
1463 3202 1554 3255 καὶ
1579 3202 1835 3273 ἀνωτέρω

259 3294 442 3363 ἔλεγεν
462 3310 475 3322 ·
501 3312 519 3345 ι
549 3295 662 3348 Ούκ
689 3294 865 3347 οἴδατε
896 3295 976 3347 ὅτι
1011 3294 1137 3359 ναὸς
1164 3294 1257 3347 τοῦ
1288 3294 1424 3348 Θεοῦ
1465 3297 1611 3359 ἐστε,
1650 3296 1744 3349 καὶ
1776 3296 1837 3349 τὸ

260 3385 480 3453 Πνεῦμα
511 3385 604 3440 τοῦ
634 3384 768 3439 Θεοῦ
795 3388 936 3439 οἰκεῖ
965 3388 1021 3439 ὲν
1046 3387 1173 3458 ὑμῖν
1198 3404 1211 3452 ;
1261 3386 1327 3439 Εἴ
1346 3400 1428 3446 τις
1461 3385 1551 3438 τὸν
1586 3386 1711 3438 ναδν
1741 3386 1836 3439 τοῦ

260 3478 394 3531 θεοῦ
430 3476 660 3548 φθείρει,
693 3476 883 3549 φθερεῖ
915 3476 1106 3531 τοῦτον
1139 3480 1166 3531 6
1192 3477 1323 3541 Θεὸς
1343 3495 1356 3510 ·
1393 3481 1420 3531 6
1448 3479 1554 3551 γὰρ
1585 3478 1674 3533 τοῦ
1702 3479 1837 3533 Θεοῦ

260 3568 386 3635 ναὲς
410 3568 563 3638 ἅγιός
596 3569 765 3631 ἐστιν,
792 3570 989 3632 οἵτινές
1018 3570 1141 3621 ὲστε
1177 3569 1353 3639 ὑμεῖς.
1389 3588 1407 3620 ι
1436 3570 1499 3622 Εί
1532 3570 1709 3623 τοίνυν
1741 3570 1839 3640 τὴν

260 3661 417 3732 χάριν
458 3658 550 3712 τοῦ
594 3659 915 3731 Πνεύματος
948 3659 1038 3713 διὰ
1064 3660 1159 3714 τοῦ
1211 3660 1584 3731 βαπτίσματος
1625 3662 1839 3732 λαμϐά-

258 3768 442 3807 νουσιν
472 3753 521 3805 οί
558 3751 927 3815 πιστεύοντες,
958 3748 1159 3822 ταύτης
1202 3752 1257 3805 δὲ
1294 3754 1398 3825 τῆς
1424 3753 1631 3823 δωρεᾶς
1664 3750 1843 3816 ἀξιού-

269 3857 439 3911 μενοι,
468 3841 592 3902 ναδς
616 3840 750 3896 Θεοῦ
782 3841 1214 3914 χρηματίζομεν,
1238 3842 1371 3905 Θεὸς
1402 3842 1509 3915 ἀρα
1536 3842 1596 3896 τὸ
1620 3842 1842 3913 Πνεῦμα

266 3931 327 3983 τὸ
348 3932 520 3999 ἆγιον.
543 3932 743 3986 Τούτου
769 3934 947 4005 χάριν,
968 3935 1017 3986 εί
1044 3934 1319 4004 ἐνοίκησις
1343 3936 1436 3988 xui.
1457 3934 1583 3998 ναὸς
1612 3934 1749 3988 Θεοῦ
1789 3936 1837 3988 οί

265 4023 366 4092 τῆς
384 4022 476 4076 τοῦ
509 4022 646 4075 Πνεύ
657 4041 824 4094 ματος
851 4025 1071 4097 χάριτος
1100 4025 1464 4089 ἀπολαύοντες
1487 4026 1592 4081 εἰσὶ
1623 4027 1715 4079 καὶ
1745 4041 1845 4078 κα-

266 4114 507 4181 λοῦνται,
555 4116 654 4186 τῆς
692 4114 838 4179 θείας
874 4116 1087 4187 φύσεως
1118 4117 1275 4188 δῆλον
1314 4118 1396 4171 ὃτι
1427 4117 1487 4169 τὸ
1519 4116 1742 4188 Πνεῦμα
1784 4118 1845 4171 τὸ

266 4207 442 4275 ἅγιον,
476 4206 567 4261 καὶ
594 4208 770 4279 Πατρὶ
802 4209 893 4263 καὶ
928 4208 1043 4282 Υίῷ
1077 4211 1382 4282 ὁμοούσιον.
1422 4210 1485 4266 Εἰ
1517 4209 1573 4263 δὲ
1610 4212 1842 4282 κτίσμα,

2002 1938 2216 2010 703m
2237 1938 2429 1994 XXIV.
2454 1938 2606 2005 Quod
2635 1954 2857 2010 magnus
2879 1937 3155 2010 Apostolus
3181 1937 3444 2009 Spiritum

2380 2020 2621 2064 sanctum
2651 2007 2817 2063 Deum
2850 2024 2960 2062 esse
2988 2008 3162 2063 scivit.

2002 2122 2157 2191 Quod
2210 2131 2389 2176 autem
2454 2121 2547 2183 Dei
2592 2121 2663 2177 sit
2719 2120 2954 2189 Spiritus
3008 2129 3268 2184 sanctus,
3333 2119 3531 2176 denuo

1933 2215 2127 2271 Paulus
2160 2229 2258 2269 nos
2286 2215 2442 2271 docet
2468 2232 2485 2270 ι
2518 2231 2537 2265 ι
2577 2213 2754 2268 Abluti
2792 2214 2950 2279 estis,
2980 2211 3191 2277 dicens,
3223 2218 3280 2266 et
3301 2210 3508 2267 sancti-

1934 2305 2076 2361 ﬁcati
2118 2315 2281 2375 atque
2308 2304 2585 2374 justiiicati
2624 2304 2675 2358 in
2702 2304 2921 2357 nomine
2954 2301 3166 2357 Domini
3195 2302 3364 2357 nostri
3386 2299 3517 2358 Jesu

1935 2393 2152 2458 Christi,
2178 2403 2228 2448 et
2262 2394 2315 2448 in
2339 2394 2540 2464 Spiritu
2569 2392 2659 2449 Dei
2687 2394 2855 2449 nostri
2871 2394 2937 2447 ".
2962 2412 2980 2445 ι
3006 2392 3116 2449 Cur
3142 2395 3288 2448 enim
3321 2393 3520 2465 templa

1934 2486 2026 2542 Dei
2056 2487 2405 2558 appellamur,
2431 2474 2529 2556 qui
2550 2502 2645 2556 per
2666 2487 2992 2557 baptismum
3038 2485 3273 2556 Spiritus
3294 2487 3521 2557 gratiam

1934 2580 2270 2649 recepimus,
2317 2578 2418 2632 nisi
2473 2577 2587 2647 ipse
2631 2587 2853 2633 sanctus
2893 2577 3127 2646 Spiritus
3186 2578 3328 2633 Deus
3374 2586 3459 2635 est
3491 2578 3518 2634 τ

1934 2670 2086 2738 Quod
2131 2680 2311 2725 autem
2358 2670 2593 2739 Spiritus
2649 2670 2845 2738 templa
2905 2669 3094 2725 ﬁdeles
3156 2668 3519 2740 appellentur,

1935 2763 2047 2832 ipse
2076 2778 2174 2818 nos
2208 2761 2365 2818 docet
2417 2761 2706 2832 Apostolus
2754 2762 2940 2818 dicens
2981 2783 2995 2818 :
3046 2780 3066 2814 ι
3107 2759 3343 2819 Nescitis
3380 2774 3523 2833 quo-

1928 2855 2078 2926 niam
2108 2868 2335 2924 corpora
2366 2864 2542 2910 vestra
2568 2855 2821 2923 templum
2856 2865 2981 2909 sunt
3008 2851 3125 2920 eius
3151 2853 3240 2924 qui
3272 2851 3327 2907 in
3370 2850 3525 2907 vobis

1944 2954 2054 3013 est,
2084 2945 2254 2999 sancti
2293 2944 2554 3015 Spiritus,
2584 2958 2744 3012 quem
2774 2957 2803 2997 a
2840 2943 2949 2998 Deo
2978 2942 3189 2998 habetis
3208 2983 3224 3005 ,
3256 2956 3355 2996 nec
3388 2939 3524 2996 estis

1934 3038 2099 3093 vestri
2124 3036 2148 3090 ’ί
2169 3035 2344 3107 Empti
2386 3035 2529 3091 enim
2556 3035 2689 3091 estis
2721 3034 3006 3104 μυθείσθην
3033 3028 3310 3104 Templum
3340 3041 3521 3088 autem

1937 3127 2327 3182 inhabitantetn
2399 3125 2650 3196 praadicat
2701 3121 2892 3180 Deum.
2944 3124 3124 3191 Quare
3165 3132 3222 3177 et
3277 3120 3527 3192 superius

1937 3216 2116 3272 aiebat
2142 3236 2156 3273 :
2199 3237 2217 3269 ι
2249 3214 2482 3272 Nescitis
2508 3231 2600 3271 vos
2624 3214 2879 3284 templum
2912 3213 3003 3267 Dei
3036 3225 3179 3276 esse,
3211 3221 3266 3266 et
3293 3211 3344 3271 in
3373 3207 3528 3264 vobis

1938 3310 2183 3366 habitare
2219 3311 2477 3382 Spiritum
2516 3308 2651 3364 Dei?
2681 3308 2737 3364 Si
2762 3308 2884 3379 quis
2928 3304 3183 3375 templum
3224 3300 3316 3357 Dei
3356 3300 3528 3358 viola-

1938 3403 2110 3464 verit,
2162 3400 2434 3471 disperdet
2485 3399 2633 3455 illum
2687 3398 2847 3455 Deus.
2904 3395 3183 3466 Templum
3231 3393 3374 3449 enim
3429 3390 3525 3448 Dei

1940 3501 2184 3548 sanctum
2214 3502 2317 3559 est,
2356 3493 2501 3563 quod
2550 3491 2683 3547 estis
2716 3506 2811 3547 vos
2849 3489 2918 3543 δ’.
2958 3507 2979 3541 ι
3030 3486 3085 3543 Si
3130 3501 3260 3556 ergo
3292 3483 3528 3557 Spiritus

1940 3582 2165 3653 gratiam
2212 3599 2308 3651 per
2373 3583 2699 3650 baptismum
2764 3580 3033 3650 rccipiunt
3074 3575 3392 3640 credentes,
3433 3574 3525 3643 qui

1941 3683 2068 3722 vero
2096 3668 2198 3722 hoc
2221 3668 2363 3723 dono
2403 3668 2548 3738 digni
2586 3667 2804 3733 fuimus,
2840 3667 3096 3737 templum
3131 3666 3219 3720 Dei
3242 3663 3526 3726 efﬁcimur,

1942 3759 2187 3826 sequitur
2223 3768 2280 3817 ut
2310 3759 2449 3814 Deus
2477 3760 2551 3813 sit
2592 3756 2827 3828 Spiritus
2867 3768 3110 3812 sanctus.
3140 3754 3428 3823 Propterea
3477 3753 3526 3809 si

1943 3847 2307 3905 habitaculum
2334 3848 2697 3919 templumque
2734 3847 2849 3913 Dei,
2880 3846 2917 3902 ii
2948 3847 3037 3917 qui
3064 3846 3239 3916 gratia
3293 3842 3529 3911 Spiritus

1945 3939 2215 4005 fruuntur,
2249 3948 2373 3995 sunt
2401 3948 2454 3993 et
2481 3938 2845 4009 appellantur,
2871 3935 3208 4007 exploratum
3233 3942 3318 3989 est
3343 3930 3524 3986 divina

1946 4044 2133 4088 natura
2167 4048 2290 4089 esse
2340 4033 2621 4103 praeditum
2658 4031 2919 4101 Spiritum
2956 4036 3209 4087 sanctum
3236 4064 3251 4090 ,
3282 4034 3338 4081 et
3377 4021 3528 4078 Patri

1944 4124 2186 4197 Filioque
2217 4123 2753 4181 consubstantialem.
2807 4120 2940 4177 Nam
2968 4123 3012 4177 si
3054 4128 3301 4176 creatura
3350 4116 3532 4172 diver-

1947 4232 2128 4288 szrque
2180 4216 2496 4272 substantiae
2547 4213 2719 4280 foret,
2780 4214 2919 4269 haud
2974 4224 3121 4268 recte
3179 4208 3374 4277 templa
3431 4205 3527 4260 Dei

268 4300 360 4351 mi
384 4297 442 4365 ἐξ
487 4300 679 4372 ἐτέρας
711 4300 899 4365 οὐσίας
937 4302 1216 4373 τυγχάνει,
1249 4303 1347 4357 οὐκ
1374 4303 1599 4366 εἰκότως
1629 4301 1695 4356 ἂν
1723 4302 1842 4356 ναοὶ

1946 4306 2346 4378 appellarentur
2370 4305 2403 4359 ii
2451 4306 2543 4376 qui
2567 4304 2725 4374 hujus
2758 4302 2958 4359 donum
2990 4309 3116 4355 sunt
3143 4298 3340 4369 adepti.
3375 4294 3531 4363 Quod

269 4388 756 4461 τροσαγορευθείεν
813 4389 949 4446 Θεοῦ
995 4394 1046 4446 oi
1092 4393 1191 4464 τῆς
1239 4394 1429 4447 τούτου
1483 4394 1844 4465 τυγχάνοντες

264 4478 508 4549 δωρεᾶς
555 4483 603 4534 εί
650 4483 705 4535 δὲ
745 4483 862 4538 ναοὶ
909 4483 1044 4539 Θεοῦ
1090 4484 1467 4556 ὀνομάζονται,
1508 4489 1556 4541 οί
1612 4487 1857 4559 μερικῆς

268 4568 410 4631 τινὸς
449 4571 540 4623 καὶ
582 4570 842 4643 βραχείας
889 4576 1043 4645 παρὰ
1068 4577 1259 4629 τούτου
1298 4576 1519 4647 χάριτος
1547 4576 1847 4629 ἀπολαύον-

268 4675 378 4722 τες,
413 4662 473 4713 ὲκ
507 4663 603 4734 τῆς
637 4666 1011 4737 προσηγορίας
1043 4668 1309 4738 νοὴσομεν
1354 4667 1450 4739 τὴν
1497 4666 1841 4734 συγγένειαν.

270 4749 438 4803 τοῦτο
470 4752 563 4804 καὶ
590 4753 697 4806 τῶν
722 4755 1036 4811 ἀποστόλων
1068 4760 1095 4812 6
1118 4758 1358 4828 κολοφὼν
1381 4760 1438 4812 ὲν
1460 4760 1578 4818 ταῖς
1607 4758 1650 4810 Π
1657 4757 1824 4830 ράξεσ
1831 4776 1847 4812 ι

268 4840 529 4907 διδάσκει,
562 4843 655 4898 τοῦ
692 4845 935 4902 Ἀνανίου
956 4848 1055 4921 τὴν
1088 4850 1297 4922 κλοπὴν
1324 4850 1633 4920 διελέγχων.

272 4992 400 5047 κεν.
441 4995 569 5049 Ὀτι
610 4998 707 5050 καὶ
748 5003 781 5072 ῤ
831 5002 1157 5068 θεσπέσιος
1197 5001 1419 5069 Πέτρος
1440 5002 1685 5068 συνῳδὰ
1715 5005 1850 5072 περὶ

679 5070 785 5124 τοῦ
822 5073 1168 5141 ιινεύριατος
1192 5072 1449 5141 δέχεται.

348 5194 367 5227 ι
414 5177 652 5247 Ἀνανία,
677 5183 811 5255 γὰρ,
846 5188 1031 5257 φησὶν,
1062 5188 1147 5239 ⁶ἱνα
1182 5187 1235 5240 τί
1263 5189 1543 5261 ἠπάτησεν
1562 5188 1852 5252 smmi;

344 5334 428 5391 “l
459 5338 567 5393 (Zur
590 5354 649 5405 tt,
675 5339 859 5397 1‘2-16.

348 5517 426 5587 (1)
466 5519 598 5575 Cod.
627 5523 885 5577 tttt‘ltdose
915 5523 943 5573 6
980 5522 1296 5593 μονογενής,
1325 5521 1403 5574 vel
1435 5531 1579 5574 certe
1601 5523 1853 5589 ὀμονογε-

274 5604 395 5642 νης.

310 5590 426 5729 ήῗὲ)
475 5658 569 5717 llic
608 5663 658 5718 iu
688 5663 809 5718 cod.
848 5662 1037 5718 iterum
1067 5662 1320 5719 inseritur
1353 5659 1445 5714 καὶ
1476 5661 1532 5713 τὸ
1560 5662 1718 5735 μόνον
1746 5662 1852 5715 Ila-

1949 4399 1993 4453 si
2028 4398 2223 4466 templa
2258 4396 2347 4451 Dei
2389 4396 2726 4467 appellantur
2764 4396 2853 4466 qui
2893 4402 3045 4465 parte
3076 4390 3281 4461 aliqua,
3324 4399 3377 4442 et
3406 4385 3530 4456 qui-

1959 4490 2079 4544 dem
2106 4489 2321 4557 exigua,
2376 4490 2560 4560 gratim
2602 4490 2717 4556 ejus
2769 4496 3013 4551 utuntur,
3065 4484 3131 4539 de
3181 4479 3534 4552 appellatione

1950 4578 2335 4634 aestimabimus
2370 4581 2700 4635 consortium
2730 4579 2867 4648 ejus.
2912 4577 3044 4633 Rem
3090 4564 3228 4631 hanc
3254 4570 3530 4643 apostolo-

1953 4685 2071 4723 rum
2106 4686 2319 4741 quoque
2380 4686 2516 4739 apex
2568 4672 2620 4726 iu
2670 4670 2895 4725 Actibus
2945 4668 3126 4731 docet,
3159 4665 3285 4721 dum
3310 4660 3535 4716 Auauia

1930 4760 1933 4761 ⁷
1954 4759 2153 4816 furtum
2186 4765 2452 4831 coarguit.

1962 5002 2126 5059 XXV.
2155 5004 2308 5070 Quod
2337 5006 2493 5059 etiam
2522 5008 2674 5061 diem
2700 5004 2889 5087 Petrus
2918 5016 3203 5087 consonant
3233 4999 3298 5054 ds
3331 4995 3531 5067 Spiritu

2403 5089 2582 5132 uncto
2611 5084 2744 5147 gerit
2772 5084 3106 5131 sententiam.

2030 5204 2049 5239 ι
2088 5189 2322 5250 Αιιηιιίο,
2360 5188 2739 5258 inquitenim,
2786 5201 2885 5241 cur
2911 5184 3121 5240 seduxit
3157 5182 3389 5237 Satanas
3435 5190 3531 5233 cor

934 5342 1148 5398 "lCor
1175 5358 1249 5409 Vt,
1287 5344 1368 5397 11.
1444 5343 1489 5373 ⁸⁸
1526 5343 1654 5397 ibid.
1696 5344 1780 5407 19,
1812 5342 1900 5398 20.
1987 5344 2030 5375 ⁶⁹
2070 5343 2457 5412 1,Οοτ.ιιι,16,
2486 5341 2571 5399 17.

1947 5526 2077 5652 cfp;
2106 5524 2412 5650 Yt'vu'mxwv,
2455 5526 2594 5596 quod
2632 5524 2943 5582 mendosum
2976 5522 3147 5579 visum
3196 5527 3279 5576 est
3339 5525 3393 5575 ct
3426 5531 3526 5573 cs-

1951 5610 1978 5647 C
2004 5612 2031 5648 ll
2075 5612 2156 5650 Cll‘
2183 5613 2290 5650 Uill.

1951 5610 2290 5650 CIUUCII‘iUill.
