4048 6196
589 260 727 318 “83

1590 257 1650 314 S.
1693 255 1967 312 CYBILLI
2008 251 2477 309 ALEXANDRINI
2519 250 2837 307 ARCHIEP.

3705 250 3848 304 H86

589 392 736 434 tuum
771 390 827 436 ut
855 381 1058 448 Spiritu
1086 391 1276 436 sancto
1300 380 1630 445 rnentireris,
1659 388 1713 432 et
1752 383 1816 433 de
1844 379 1955 450 agri
1989 378 2152 447 pretio

2258 375 2356 444 τὴν
2391 374 2616 444 καρδίαν
2668 391 2761 427 σου
2805 373 3115 443 ψεύσασθαι
3154 374 3215 426 16
3263 375 3418 442 ἀγιον
3458 368 3709 440 Πνεῦμα,
3757 372 3852 422 καὶ

587 475 866 528 ίέαιιότιτεε
888 475 982 526 ὀἳ
1030 492 1048 526 ι
1083 473 1146 526 Et
1173 488 1292 526 mox
1329 493 1341 526 :
1372 471 1533 542 705
1550 489 1648 524 nu
1677 470 1791 526 Non
1820 487 1878 526 es
1911 471 2166 526 mentitus

586 565 920 629 hominibus,
951 565 1043 619 sed
1077 564 1189 618 Deo
1227 565 1292 616 ⁷¹.
1335 582 1354 615 ι
1401 564 1534 616 Nam
1573 565 1697 631 quia
1752 563 1838 616 ille
1884 573 2166 633 putaverat

586 655 752 708 latere
802 653 1069 716 apostolos
1095 694 1110 719 ,
1157 662 1338 722 utpote
1382 653 1656 717 homines,
1698 653 1826 706 dum
1877 654 1942 707 de
1979 652 2164 722 praedii

587 742 758 810 pretio
783 756 943 810 quam
969 742 1124 795 libuit
1164 752 1369 812 partem
1405 743 1766 807 subtraheret,
1795 743 2162 812 apostolorum

585 836 832 902 princeps
865 849 986 888 eum
1014 835 1205 898 docet,
1239 850 1334 890 eos
1383 835 1474 904 qui
1517 835 1751 902 Spiritus
1779 837 1948 905 gratia
1994 834 2164 904 polle-

583 934 725 988 rent,
749 936 939 979 cuncta
966 938 1149 993 aperte
1175 941 1498 993 cognoscere
1515 942 1632 996 qua:
1657 926 1794 981 clam
1827 937 1944 980 acta
1962 935 2158 980 essent.

584 1015 698 1068 Non
723 1016 875 1071 nobis
909 1018 1162 1072 mentitus
1201 1033 1280 1083 es,
1317 1018 1524 1086 inquit,
1563 1019 1654 1074 sed
1691 1017 1915 1087 Spiritui
1950 1027 2154 1073 sancto.

584 1106 661 1162 Ne
715 1109 880 1178 igitur
919 1110 1164 1164 homines
1212 1120 1263 1162 te
1305 1109 1562 1165 fefellisse
1616 1123 1771 1182 putes
1806 1127 1820 1163 :
1863 1111 1972 1164 Deo
2017 1108 2162 1164 enim

585 1208 638 1251 tu
675 1213 788 1253 rem
829 1200 1018 1255 falsam
1067 1203 1248 1258 dixisti
1293 1219 1308 1270 ;
1357 1218 1587 1273 namque
1633 1203 1939 1257 hominibus
1973 1217 2162 1257 nones

584 1291 839 1343 mentitus
860 1329 875 1352 ,
922 1294 1015 1345 sed
1060 1291 1190 1346 Deo.
1241 1291 1394 1347 Haud
1426 1295 1623 1360 quippe
1655 1293 1809 1346 nobis
1837 1301 1889 1345 tu
1924 1291 2158 1356 illusisti,

583 1381 678 1433 sed
712 1380 934 1448 Spiritui
962 1393 1172 1448 sancto,
1204 1386 1293 1452 qui
1334 1385 1474 1438 Deus
1511 1393 1616 1447 est,
1647 1398 1713 1436 ex
1757 1382 1863 1438 Deo
1889 1383 2160 1436 exsisten-

584 1473 711 1524 tiam
751 1474 953 1528 habens
973 1514 986 1540 ,
1016 1484 1070 1528 et
1103 1475 1340 1542 ejusdem
1370 1485 1575 1530 natura
1617 1476 1815 1531 socius.
1857 1474 1970 1530 Hoc
1998 1476 2159 1529 etiam

585 1563 757 1619 Lucas
789 1566 840 1619 in
876 1566 1101 1620 Actibus
1133 1568 1405 1632 ostendit,
1434 1569 1558 1622 dum
1589 1581 1770 1622 narrat
1801 1568 1940 1637 quod
1960 1609 1976 1634 ,
2004 1577 2159 1623 antea

584 1658 1019 1712 ministrantibus
1079 1658 1308 1713 Domino
1371 1669 1426 1714 et
1475 1659 1840 1728 jejunantibtts
1899 1660 2161 1718 fratribus

581 1749 907 1813 Antiochia},
937 1748 1075 1802 dixit
1114 1747 1347 1818 Spiritus
1378 1759 1598 1806 sanctus
1630 1769 1644 1805 :

654 2036 840 2092 XXVI.
897 2038 1253 2106 Multifart'mn
1309 2048 1706 2094 demonstratur
1758 2037 1917 2093 Deum
1970 2056 2085 2096 esse

1073 2109 1331 2178 Spiritum
1364 2120 1626 2164 sanctum.

659 2237 679 2270 c
711 2216 1006 2290 Segregate
1041 2219 1168 2272 mihi
1215 2219 1439 2274 Paulum
1479 2229 1534 2275 et
1573 2220 1878 2278 Barnabam
1923 2223 1976 2278 in
2020 2239 2158 2294 opus

582 2313 648 2366 ad
671 2311 810 2380 quod
829 2325 922 2364 eos
953 2310 1208 2366 advocavi
1237 2313 1336 2367 τ’.)
1373 2312 1553 2382 Pergit
1578 2325 1754 2369 autem
1786 2315 1968 2371 dicere
2010 2317 2155 2386 ipsos

579 2419 608 2456 a
640 2411 829 2458 sancto
873 2403 1078 2470 Spiritu
1125 2404 1319 2460 missos
1357 2406 1554 2461 abiisse
1601 2407 1925 2462 Seleuciam.
1979 2408 2157 2478 Atque

581 2494 671 2548 ubi
714 2496 955 2549 narravit
991 2497 1261 2565 quomodo
1316 2507 1666 2567 peragrantes
1714 2497 1948 2570 Cyprum
1985 2541 2000 2568 ,
2049 2497 2157 2570 Ly-

579 2586 740 2649 ciam,
771 2585 1120 2656 Lycaoniam,
1159 2586 1530 2660 Pamphyliam
1582 2600 1746 2659 atque
1787 2590 2092 2662 Bithyniam
2133 2630 2150 2656 ,

577 2679 912 2746 evangelium
937 2680 1371 2747 praedicaverint,
1399 2683 1676 2753 subjungit
1703 2700 1715 2734 :
1758 2701 1776 2735 ι
1815 2683 1880 2738 Ει
1909 2684 2032 2738 inde
2057 2701 2155 2739 na-

579 2769 827 2838 vigantes
873 2771 1214 2826 Antiochiam
1277 2773 1550 2827 Barnabas
1613 2789 1676 2828 ac
1725 2773 1959 2839 Saulus,
2010 2775 2153 2831 unde

582 2857 798 2912 fuerant
833 2860 1012 2914 traditi
1040 2863 1230 2927 gratiae
1265 2862 1354 2915 Dei
1388 2863 1441 2915 in
1474 2878 1608 2930 opus
1654 2864 1793 2932 quod
1838 2865 2150 2934 compleve-

578 2961 734 3016 rant;
790 2965 911 3004 cum
977 2952 1104 3006 illuc
1166 2953 1482 3017 venissent,
1551 2963 1616 3008 et.
1667 2955 1958 3012 Ecclesium
2024 2971 2153 3012 con-

2270 464 2624 532 νοσφίσασθαί
2674 481 2734 516 σε
2781 465 2887 516 ἀπὸ
2933 463 3032 533 τῆς
3078 463 3244 533 τιμῆς
3279 461 3373 515 τοῦ
3404 461 3642 532 χωρίου;
3684 479 3704 512 ι
3745 462 3851 514 Καὶ

2273 555 2388 626 μετ’
2419 557 2574 623 ὀλίγα
2594 571 2607 585 '
2630 555 2772 607 (Οὐκ
2797 553 3009 622 ἐψεύσω
3040 553 3366 625 ἀνθρώποις,
3382 552 3518 607 ἀλλά
3549 552 3628 620 τῷ
3649 550 3792 619 Θεῷ.
3827 571 3841 600 ι

2280 647 2496 718 Ἐπειδὴ
2519 647 2626 717 γάρ
2653 649 2859 700 ἐκεῖνον
2903 643 3056 715 ᾠήθη
3089 644 3373 699 λανθάνειν
3401 644 3476 706 ώς
3525 641 3846 713 ἀνθρώπους

2267 741 2394 801 τοὺς
2474 738 2804 800 ἀποστόλους
2860 736 3191 806 ὑφελόμενος
3237 737 3335 807 τῆς
3401 735 3494 790 τοῦ
3569 737 3848 805 κτήματος

2266 830 2454 899 τιμῆς,
2492 829 2520 880 ὃ
2567 828 2854 899 ⁴ἢθέλησεν,
2885 828 2913 879 6
2956 827 3248 896 κορυφαῖος
3287 826 3445 878 αὑτὸν
3473 823 3720 878 διδάσκει
3750 823 3850 874 τῶν

2268 921 2604 983 ἀποστόλων,
2628 921 2709 973 ὃτι
2745 917 2838 971 τοῦ
2875 917 3192 988 Πνεῦματος
3223 918 3320 987 τὴν
3346 917 3503 987 χάριν
3530 918 3581 968 οἱ
3609 916 3850 984 ἔχοντες,

2268 1012 2445 1066 πάντα
2473 1011 2657 1081 σαφῶς
2695 1008 3109 1064 ἐπίστανταιτά
3149 1009 3387 1080 κρύϐδην
3414 1008 3700 1078 γινόμενα.
3743 1009 3852 1076 Οὐχ

2268 1101 2415 1171 ἡμᾶς
2443 1101 2571 1172 γάρ,
2607 1101 2792 1170 φησὶν,
2818 1099 3052 1169 ἐψεύσω,
3078 1099 3214 1152 ἀλλά
3238 1100 3298 1151 16
3327 1098 3550 1168 Πνεῦμα
3576 1098 3636 1150 16
3661 1097 3817 1165 ᾶγιον
3834 1113 3847 1124 ·

2269 1195 2344 1263 μὴ
2374 1193 2552 1247 τοίνυν
2596 1192 2916 1264 ἀνθρώπους
2946 1192 3292 1262 ἠπατηκέναι.
3323 1192 3536 1263 νόμιζε·
3569 1191 3710 1255 Θεὸς
3745 1192 3851 1261 γάρ

2263 1285 2461 1336 ὲστινό
2501 1283 2844 1351 διαψευσθεὶς
2879 1283 3031 1355 παρά
3062 1283 3156 1336 σοῦ
3177 1299 3189 1310 ·
3228 1284 3328 1336 οὐκ
3359 1283 3573 1353 ἐψεύσω
3604 1282 3720 1353 γὰρ
3753 1284 3850 1334 ἀνι

2264 1373 2525 1444 θρώποις,
2558 1374 2692 1428 ἀλλά
2721 1373 2798 1444 τῷ
2823 1374 2975 1445 Θεῷο
3016 1375 3116 1445 οὐχ
3161 1378 3324 1445 ἡμεῖς
3352 1374 3479 1445 γάρ,
3519 1373 3710 1443 φησὶν,
3746 1376 3876 1436 ὑπὸ,

2263 1465 2360 1519 σοῦ
2412 1465 2942 1537 παρεκρούσθημεν,
3003 1466 3138 1519 ἀλλά
3179 1469 3240 1522 τὸ
3289 1467 3514 1535 Πνεῦμα
3554 1469 3614 1519 16
3669 1471 3848 1536 ἆγιον,

2262 1557 2400 1628 ὅπερ
2429 1558 2547 1610 ἐστὶ
2577 1558 2729 1622 Θεὸς,
2753 1561 2818 1611 ἐκ
2837 1559 2971 1612 Θεοῦ
3015 1559 3111 1630 τὴν
3137 1559 3373 1630 ὓπαρξιν
3410 1559 3550 1629 ἔχον,
3585 1561 3851 1629 κάκείνης

2268 1649 2511 1720 ὑπάρχον
2534 1649 2635 1719 τῆς
2685 1650 2917 1720 φύσεως.
2971 1649 3142 1704 Τοῦτο
3173 1652 3268 1704 καὶ
3311 1653 3340 1704 6
3383 1653 3597 1715 Λουκᾶς
3640 1655 3701 1706 ἐν
3730 1657 3851 1717 ταῖς

2193 1713 2241 1775 Β
2268 1713 2507 1812 Πράνξεσι
2543 1713 2708 1810 δήλων
2731 1713 2909 1796 ποιεῖ·
2954 1741 3123 1795 εἰπὼν
3163 1748 3270 1814 γάρ
3310 1713 3588 1814 ἀνώτερον
3620 1745 3703 1798 ὅτι
3735 1713 3850 1798 λειί

2263 1830 2636 1902 τουργούντων
2662 1831 2740 1901 τῷ
2769 1831 2979 1902 Κυρίῳ,
3018 1833 3114 1886 καὶ
3143 1833 3515 1903 νηστευόντων
3543 1833 3653 1887 τῶν
3695 1835 3850 1888 ἀδελ-

2262 1923 2378 1992 φῶν
2404 1925 2461 1977 ἐν
2493 1923 2809 1996 Ἀντιοχείᾳ,
2838 1920 2958 1977 εἷπε
2979 1924 3040 1978 16
3071 1924 3295 1995 Πνεῦμα
3322 1926 3384 1978 16
3404 1924 3557 1993 ἅγιον
3577 1941 3594 1956 ο

2332 2036 2480 2103 KG".
2536 2037 2636 2090 Ἐκ
2690 2036 2989 2090 πλειόνων
3035 2036 3344 2102 ἀπόδειξις
3382 2038 3527 2091 Θεὸν
3577 2034 3735 2094 εἶναι
3768 2042 3840 2094 τὸ

2820 2105 2994 2175 ἅγιον
3026 2107 3286 2175 Πνεῦμα.

2335 2240 2354 2273 ι
2391 2221 2712 2293 ’Δφορίσατέ
2739 2239 2830 2292 μοι
2858 2222 2947 2276 16v
2978 2222 3186 2276 Παῦλον
3217 2223 3280 2293 δὴ
3310 2222 3517 2276 καὶτὸν
3554 2223 3848 2294 Βαρνάϐαν

2257 2315 2336 2378 είς
2363 2315 2424 2367 16
2451 2313 2610 2385 ἔργον
2638 2314 2665 2366 6
2710 2315 3124 2386 προσκέκλημαι
3157 2316 3378 2379 αὐτούς.
3426 2334 3444 2367 ι
3494 2317 3601 2369 Καὶ
3632 2318 3846 2385 ἐπαγα-

2255 2405 2368 2476 γὼν
2408 2409 2490 2462 ὅτι
2548 2408 2961 2479 ἐκπεμφθέντες
3013 2409 3116 2462 ὑπὸ
3165 2410 3260 2462 τοῦ
3317 2409 3473 2477 ἁγίου
3525 2411 3843 2480 Πνεῦματος

2257 2499 2523 2569 κατῆλθον
2566 2502 2646 2563 είς
2704 2501 3064 2564 Σελεύκειαν,
3103 2501 3197 2554 καὶ
3247 2502 3646 2571 διηγησάμενος
3695 2503 3844 2562 ὅπως

2256 2590 2748 2659 περινοστήσαντες
2777 2588 2874 2660 τὴν
2905 2588 3130 2659 Κύπρον
3177 2589 3272 2642 καὶ
3319 2588 3416 2659 τὴν
3461 2588 3693 2651 Λυκίαν,
3747 2591 3843 2640 καὶ

2255 2681 2580 2744 Λυκαονίαν,
2625 2680 2717 2733 κα)⁹
2756 2680 3100 2749 Παμφυλίαν,
3133 2682 3227 2734 καὶ
3251 2680 3536 2744 Βυθυνίαν,
3565 2682 3841 2750 ἐκήρυξαν

2254 2773 2314 2826 τὸ
2377 2772 2752 2842 Εὑαγγέλιον,
2823 2773 3079 2843 ἐπιφέρει
3115 2789 3130 2804 ο
3198 2773 3517 2826 «Κάκεῖθεν
3568 2773 3840 2826 ἀποπλεύ-

2259 2882 2453 2927 σαντες
2492 2865 2572 2928 είς
2621 2864 2948 2935 Ἀντιόχειαν
2995 2864 3045 2916 οί
3079 2864 3206 2934 περὶ
3245 2864 3532 2937 Βαρνάϐαν
3565 2866 3656 2918 καὶ
3698 2864 3838 2919 Παῦ-

2252 2957 2373 3023 λον,
2415 2959 2536 3011 ὃθεν
2581 2953 2721 3029 ἦσαν
2763 2957 3188 3029 παραδεδομένοι
3235 2961 3301 3029 τῇ
3339 2957 3523 3027 χάριτι
3566 2958 3657 3010 τοῦ
3704 2958 3840 3011 Θεοῦ

579 3051 917 3109 gregassent,
975 3043 1280 3097 retulerunt
1334 3053 1536 3114 quanta
1602 3045 1816 3103 fecisset
1866 3064 1986 3104 cum
2047 3047 2152 3103 illis

2256 3051 2333 3111 είς
2362 3049 2423 3102 16
2453 3048 2612 3118 ἔργον
2654 3048 2682 3100 6
2719 3048 3042 3118 ἐπλήρωσαν
3067 3062 3083 3080 ·
3135 3047 3570 3117 παραγενόμενοι
3611 3047 3662 3099 δέ
3687 3090 3702 3112 ,
3747 3049 3844 3100 καὶ

579 3129 722 3184 Deus
742 3131 811 3185 ".
841 3149 860 3182 ι
901 3131 966 3187 Ει
999 3133 1214 3202 quidem
1257 3148 1379 3188 cum
1420 3137 1669 3203 superius
1699 3137 1934 3208 Spiritus
1961 3141 2152 3193 memi-

579 3219 770 3286 nisset,
799 3235 895 3274 ceu
930 3223 1019 3292 qui
1051 3221 1276 3276 Paulum
1306 3233 1360 3278 et
1395 3223 1694 3280 Barnabam
1722 3228 1785 3281 ad
1819 3229 2150 3284 destinatum

579 3325 610 3362 a
645 3325 702 3364 se
733 3325 868 3379 Opus
900 3312 1171 3383 elegisset,
1208 3314 1472 3384 Spiritum
1519 3333 1708 3372 rursus
1757 3327 1876 3387 post
1917 3321 2150 3374 reditum

582 3401 847 3469 nominat,
880 3404 1069 3474 bisque
1102 3405 1176 3460 illi
1231 3405 1323 3460 Dei
1376 3423 1572 3462 nomen
1626 3408 1920 3474 attribuit;
1978 3411 2152 3480 primo

581 3492 789 3556 dicens,
826 3495 966 3562 quod
1002 3496 1344 3552 Antiochiam
1397 3499 1770 3568 navigaverint
1813 3501 1952 3554 unde
1996 3509 2153 3556 erant

582 3585 762 3639 traditi
793 3587 981 3656 gratiae
1009 3588 1098 3642 Dei
1136 3599 1352 3658 propter
1384 3605 1518 3658 opus
1562 3592 1704 3660 quod
1758 3607 1948 3661 reapse
2001 3607 2150 3646 com-

582 3675 897 3746 pleverant;
952 3679 1150 3734 iterum
1207 3680 1334 3735 dum
1369 3683 1468 3748 ait,
1496 3684 1636 3752 quod
1680 3694 2018 3754 congregata:
2048 3683 2150 3738 Ec-

582 3769 759 3822 clesim
785 3783 848 3824 ea
877 3773 1244 3838 narraverint,
1277 3790 1394 3842 qua:
1422 3790 1544 3828 cum
1583 3775 1714 3844 ipsis
1745 3775 1885 3830 Deus
1914 3776 2148 3830 fecisset.

582 3861 829 3917 Profecto
851 3880 878 3916 a
921 3863 1124 3935 Spiritu
1154 3879 1342 3921 sancto
1367 3877 1485 3922 erat
1515 3868 1900 3922 miraculorum
1929 3868 2147 3933 donum,

581 3952 697 4020 ipse
721 3955 1044 4024 sapientiam
1097 3959 1552 4030 prudentiamque
1597 3961 2006 4029 suppeditabat,
2038 3960 2152 4029 ipse

579 4045 997 4113 pradicantihus
1027 4047 1240 4118 705m
1270 4049 1374 4103 vim
1427 4051 1730 4118 ingerebat,
1770 4050 1882 4120 ipse
1937 4051 2020 4105 his
2066 4051 2150 4105 in-

582 4135 826 4202 spirabat
852 4139 1148 4208 magisterii
1179 4156 1514 4198 sermonem.
1550 4141 1702 4198 Unde
1725 4152 1779 4197 et
1806 4141 2004 4197 Paulus
2039 4143 2151 4198 aie-

578 4226 674 4282 bat
714 4246 727 4282 :
770 4247 788 4280 ι
826 4228 926 4283 Alii
965 4231 1180 4300 quidem
1211 4249 1306 4302 per
1344 4233 1610 4302 Spiritum
1647 4235 1812 4288 datur
1848 4250 2032 4290 sermo
2055 4249 2148 4289 sa-

578 4319 792 4388 pientia:
810 4338 822 4386 ;
842 4321 928 4374 alii
946 4333 1124 4378 autem
1139 4340 1318 4381 sermo
1330 4327 1572 4381 scientia:
1589 4330 1883 4383 secundum
1900 4329 2146 4384 eumdem

2253 3140 2352 3210 τὴν
2419 3139 2751 3209 Ἐκκλησίαν
2828 3139 3270 3207 συναγαγόντες,
3341 3139 3671 3209 ἀνήγγειλάν
3740 3140 3842 3191 ὅσα

2259 3231 2516 3302 ἐποίησεν
2548 3232 2666 3301 μετ’
2697 3231 2876 3304 αὐτῶν
2905 3231 2933 3282 6
2956 3231 3110 3295 Θεός.
3132 3248 3150 3282 ι
3199 3231 3597 3300 Μνημονεῦσας
3634 3229 3840 3284 ἀνωθεν

2252 3319 2344 3373 τοῦ
2377 3319 2713 3390 Πνεῦματος,
2759 3320 2833 3382 ώς
2864 3319 3223 3388 ἀφορίσαντος
3249 3319 3338 3371 16v
3382 3318 3593 3371 Παῦλον
3633 3320 3726 3371 καὶ
3753 3320 3840 3371 τὸν

2253 3410 2537 3481 Βαρνάϐαν
2582 3411 2662 3472 είς
2717 3409 2744 3461 ὃ
2783 3408 3187 3480 προσεκέκλητο
3230 3409 3425 3472 αὐτοὺς
3466 3409 3644 3480 ἔργον,
3686 3409 3839 3462 τοῦτο

2256 3503 2393 3572 μετὰ
2422 3503 2521 3573 τὴν
2560 3501 2744 3557 ἄνοδον
2778 3501 3070 3555 ἀποκαλεῖο
3122 3502 3216 3554 καὶ
3260 3501 3340 3565 δίς
3382 3501 3564 3571 τίθησι
3613 3502 3713 3572 τὴν
3746 3502 3838 3554 τοῦ

2253 3597 2387 3650 Θεοῦ
2421 3596 2787 3668 προσηγορίαν
2805 3613 2818 3627 ο
2850 3596 3066 3666 πρῶτον
3098 3595 3195 3664 μὲν
3217 3595 3388 3662 λέγων
3414 3596 3494 3647 ὅτι
3520 3598 3603 3658 εἰς
3637 3596 3838 3648 Ἀντιό-

2253 3704 2403 3757 χειαν
2467 3686 2836 3751 ἀπέπλευσαν,
2910 3685 3033 3738 ὅθεν
3086 3679 3227 3754 ἦσαν
3283 3682 3709 3753 παραδεδομένοι
3761 3685 3825 3753 τῇ

2251 3781 2434 3852 χάριτι
2466 3782 2557 3834 τοῦ
2583 3780 2716 3834 Θεοῦ
2747 3782 2825 3842 είς
2850 3779 2911 3832 16
2941 3779 3099 3852 ἔργον
3128 3777 3156 3830 6
3185 3776 3506 3847 ἐπλήρωσαν
3528 3793 3540 3803 ·
3577 3775 3827 3847 δεύτερον

2250 3874 2305 3928 δὲ
2331 3873 2843 3940 ὃτι,συναγαγόντες
2873 3873 2971 3942 τὴν
3007 3869 3354 3941 Ἐκκλησίαν,
3378 3869 3706 3940 ἀνήγγειλαν
3738 3871 3834 3923 ὅσα

2250 3963 2503 4034 ἐποίησεν
2534 3965 2649 4033 μετ’
2679 3963 2856 4016 αὐτῶν
2893 3963 2921 4014 6
2944 3962 3094 4025 Θεός.
3121 3962 3227 4014 Καὶ
3259 3960 3363 4031 μὴν
3397 3960 3456 4012 τὸ
3499 3960 3723 4030 Πνεῦμα
3760 3960 3818 4013 16

2249 4052 2402 4120 ἅγιον
2431 4048 2498 4124 ἦν
2525 4052 2584 4105 16
2615 4048 3083 4122 θαυματουργοῦν,
3117 4048 3177 4102 16
3214 4048 3450 4116 σοφίζον,
3502 4047 3562 4098 16
3611 4045 3826 4099 σύνεσιν

2251 4145 2544 4215 χορηγοῦν,
2620 4147 2680 4198 16
2749 4145 2875 4205 τοὺς
2948 4141 3319 4212 κηρύττοντας
3369 4138 3721 4208 ἐνδυναμοῦν,
3778 4137 3839 4192 16

2261 4235 2495 4304 ἐμπνέον
2538 4234 2720 4298 αὐτοῖς
2763 4233 2851 4286 16v
2885 4233 2985 4302 τῆς
3022 4230 3369 4293 διδασκαλίας
3395 4230 3552 4297 λόγον
3573 4247 3585 4259 ·
3634 4230 3715 4284 διὸ
3747 4232 3841 4284 καὶ

2250 4325 2460 4389 Παῦλος
2492 4325 2676 4393 ἔλεγεν
2702 4341 2714 4353 ·
2748 4342 2765 4375 ι
2801 4319 2874 4395 Ὦ
2915 4323 3013 4393 μὲν
3038 4324 3144 4391 γὰρ
3185 4322 3385 4376 δίδοται
3418 4321 3505 4376 διά
3538 4323 3633 4375 τοῦ
3668 4323 3841 4376 Πνεῦ-

579 4411 838 4479 Spiritum
865 4429 879 4477 ;
909 4413 1062 4468 alteri
1095 4415 1227 4469 fides
1255 4417 1305 4470 in
1341 4419 1529 4472 eodem
1570 4421 1773 4489 Spiritu
1800 4438 1813 4486 ;
1842 4421 1930 4475 alii
1961 4421 2146 4489 gratiae

2255 4433 2422 4487 ματος
2451 4415 2609 4483 λόγος
2652 4415 2864 4483 σοφίας,
2911 4413 3053 4484 ἄλλῳ
3099 4413 3156 4465 δὲ
3198 4411 3354 4481 λόγος
3398 4412 3652 4480 γνώσεως
3696 4415 3839 4467 κατὰ

577 4503 867 4556 sanitatum
895 4504 947 4558 in
976 4521 1082 4561 uno
1116 4506 1345 4576 Spiritu,
1387 4528 1405 4560 ι
1445 4519 1499 4564 et
1546 4512 1754 4581 reliqua
1797 4511 1867 4567 ".
1945 4513 2146 4567 Deinde

576 4594 796 4658 docens,
825 4596 962 4664 quod
998 4612 1104 4650 non
1142 4597 1373 4653 ministri
1405 4601 1519 4654 vice
1548 4601 1662 4656 haec
1703 4602 1979 4658 distribuit
2024 4602 2146 4673 Spi-

576 4688 712 4743 ritus
761 4700 1019 4756 sanctus,
1071 4692 1165 4747 sed
1213 4695 1586 4764 potentialiter
1639 4699 1838 4766 quibus
1891 4699 1999 4754 vult
2031 4699 2141 4754 lar-

575 4782 737 4848 gitur,
771 4783 949 4836 subdit
984 4803 996 4838 :
1038 4804 1055 4836 ι
1096 4785 1218 4842 Haec
1243 4796 1426 4844 autem
1478 4789 1659 4843 omnia
1692 4799 1950 4860 operatur
1998 4806 2139 4845 unus

575 4875 628 4916 et
660 4867 794 4921 idem
826 4868 1062 4938 Spiritus
1091 4913 1106 4938 ,
1156 4876 1401 4931 dividens
1428 4893 1674 4932 seorsum
1729 4880 1954 4948 singulis
1982 4890 2142 4951 prout

576 4958 687 5011 vult
717 4961 816 5015 ⁷⁸.»
843 4961 900 5016 Si
928 4980 1056 5035 ergo
1087 4966 1201 5022 hazc
1229 4969 1465 5036 Spiritus
1491 4981 1714 5028 sanctus
1741 4988 1836 5042 per
1869 4973 2143 5043 apostolos

574 5065 672 5118 pro
703 5068 802 5110 suo
831 5056 982 5110 libito
1014 5062 1322 5129 peragebat,
1378 5061 1575 5118 Paulus
1610 5080 1740 5120 vero
1766 5080 1830 5119 ac
1863 5065 2142 5122 Barnabas

574 5156 911 5214 congregata:
945 5146 1199 5204 Ecclesia:
1231 5153 1577 5218 nuntiabant,
1601 5167 1804 5223 quanta
1841 5171 1962 5210 cum
1995 5155 2134 5225 ipsis

580 5229 796 5290 fecisset
828 5235 966 5293 Deus
992 5279 1006 5303 ,
1052 5242 1238 5310 utique
1277 5242 1419 5299 Deus
1465 5255 1550 5302 est
1599 5246 1835 5317 Spiritus
1875 5257 2096 5302 sanctus
2129 5286 2144 5312 ,

581 5321 728 5387 iuxta
760 5332 1125 5398 apostolorum
1157 5334 1444 5406 loquelam.

2250 4506 2309 4559 16
2335 4505 2464 4558 αὐτὸ
2488 4504 2732 4575 Πνεῦμα,
2764 4504 2934 4575 ἑτέρῳ
2964 4503 3020 4555 δὲ
3059 4502 3242 4565 πίστις
3268 4502 3326 4554 ἐν
3364 4502 3443 4571 τῷ
3471 4501 3620 4574 αὐτῷ
3663 4503 3837 4554 Πνεῦ⁹

2254 4617 2406 4670 ματι,
2460 4597 2603 4668 ἄλλῳ
2647 4597 2704 4650 δέ
2758 4597 3068 4666 χαρίσματα
3132 4594 3374 4664 ἰαμάτων
3440 4596 3497 4646 ἐν
3555 4593 3634 4663 τῷ
3688 4593 3836 4662 αὐτῷ

2250 4690 2560 4761 Πνεύματι,
2595 4709 2612 4739 ι
2651 4689 2744 4741 καὶ
2788 4688 2856 4740 τά
2903 4687 3048 4756 ἐξῆς.
3095 4681 3225 4738 Εἶτα
3280 4685 3545 4738 διδάσκων
3603 4685 3678 4748 ὠς
3739 4685 3832 4752 οὐχ

2247 4779 2550 4850 ὑπουργοῦν
2579 4779 2750 4832 ταῦτα
2779 4779 3019 4848 διανέμει
3055 4780 3113 4829 16
3157 4777 3382 4847 Πνεῦμα
3409 4777 3469 4830 16
3495 4777 3667 4845 ἅγιον,
3697 4777 3830 4830 ἀλλὰ

2245 4871 2578 4934 δεσποτικῶς
2610 4865 2688 4935 οἷς
2721 4870 2861 4923 θέλει
2901 4868 3205 4939 χαρίζεται,
3251 4869 3499 4940 ἐπήγαγε
3527 4885 3540 4898 ·
3603 4889 3620 4920 ι
3651 4869 3828 4921 Πάντα

2245 4963 2304 5016 δὲ
2329 4962 2502 5016 ταῦτα
2533 4964 2744 5032 ἐνεργεῖ
2772 4961 2833 5014 16
2863 4960 2920 5012 ἓν
2944 4961 3039 5012 καὶ
3070 4960 3130 5012 16
3157 4961 3290 5013 αὐτὸ
3312 4959 3556 5029 Πνεῦμα,
3594 4957 3828 5028 διαιροῦν

2251 5057 2356 5128 ἰδίᾳ
2384 5055 2597 5126 ἐκάστῳ
2625 5053 2804 5117 καθὼς
2823 5053 3085 5124 βούλεται.
3110 5071 3128 5102 ι
3165 5051 3421 5103 Είτοίνυν
3449 5049 3508 5101 16
3530 5048 3750 5117 Πνεῦμα
3771 5048 3828 5097 τὸ

2249 5149 2404 5217 ἆγιον
2431 5147 2600 5202 ταῦτα
2631 5147 2719 5201 διὰ
2747 5146 2855 5198 τῶν
2888 5144 3201 5197 ἀποστόλων
3230 5141 3516 5210 εἰργάζετο
3553 5139 3630 5201 ὡς
3663 5139 3826 5206 ἠεούο

2245 5242 2389 5304 λετο,
2431 5238 2824 5307 συναγαγόντες
2852 5236 2907 5288 δὲ
2933 5235 2983 5286 οἱ
3015 5233 3144 5304 περὶ
3181 5231 3391 5285 Παῦλον
3420 5231 3514 5282 καὶ
3545 5231 3832 5300 Βαρνάϐαν

2246 5333 2346 5402 τὴν
2385 5331 2710 5402 Ἐκκλησίαν
2744 5326 3070 5398 ἀνήγγειλαν
3113 5325 3215 5378 ὅσα
3244 5323 3467 5393 ἐποίησε
3505 5325 3623 5390 μετ’
3654 5323 3834 5374 αὐτῶν

2252 5423 2280 5475 6
2303 5421 2454 5486 Θεὸς,
2485 5421 2615 5484 Θεὸς
2640 5420 2746 5490 ἄρα
2777 5418 2839 5472 16
2867 5417 3088 5485 Πνεῦμα
3115 5415 3173 5467 16
3204 5414 3358 5480 ἅγιον
3393 5412 3532 5465 κατά
3566 5413 3666 5483 τὴν
3699 5414 3834 5465 ἀπο-

2254 5515 2453 5568 στόλων
2479 5516 2681 5584 φωνήν.

653 5683 695 5710 "-
721 5680 838 5738 Act.
871 5698 920 5753 v,
950 5684 999 5740 3.
1081 5685 1123 5766 τ]
1159 5685 1287 5741 ibid.
1312 5686 1363 5741 4.
1425 5689 1482 5767 ’τ’
1515 5688 1636 5743 Act.
1669 5703 1784 5754 xm,
1817 5688 1869 5744 2.
1923 5691 1992 5773 ’ξ’
2021 5691 2138 5748 Act.

2255 5708 2280 5758 ν,
2315 5692 2404 5747 2'25.
2453 5693 2509 5773 ς’
2542 5691 2558 5746 I
2587 5690 2690 5747 Cor
2719 5706 2814 5756 xu,
2850 5689 2902 5758 8,
2929 5691 2979 5744 θ.
3058 5691 3098 5719 ⁷⁸
3141 5687 3268 5745 ibid.
3306 5690 3385 5744 ll.
