4038 6200
203 309 375 367 1185-

1563 305 1654 362 DE
1691 303 2095 363 TRINITATE.

284 425 459 481 Τοῦτο
493 423 715 495 γεγονὸς
756 420 850 478 καὶ
893 422 954 475 ἐν
1018 419 1414 494 Ἰεροσολύμοις
1470 423 1498 475 6
1539 421 1817 485 θειότατος

1995 421 2110 477 Hoc
2138 422 2278 476 idem
2307 421 2552 477 evenisse
2578 419 2974 492 Hierosolymis
3004 432 3224 490 quoque
3273 420 3498 487 praecla-

211 517 485 590 διηγεῖται
512 516 748 579 Λουκᾶς.
764 534 784 565 ο
807 513 1061 583 Ἐσίγησε
1078 511 1209 583 γὰρ,
1228 513 1382 583 φησὶ,
1419 512 1563 566 ἅπαν
1592 511 1653 564 τὸ
1670 512 1809 581 πλῆ-

214 611 328 677 θος,
359 610 456 664 καὶ
486 608 651 679 ἤκουε
684 605 778 659 τοῦ
804 604 1063 675 Βαρνάϐα
1088 603 1185 657 καὶ
1212 603 1307 657 τοῦ
1332 603 1547 657 Παύλου
1578 604 1811 675 ἐξηγου-

216 699 420 771 μένων,
455 699 555 751 ὅσα
581 697 610 749 6
652 694 786 759 Θεὸς
825 693 1084 765 ἐποίησεν
1127 696 1330 763 σημεῖα
1375 693 1443 747 δι’
1477 694 1679 759 αὐτῶν,
1716 695 1813 748 καὶ

211 790 422 862 τέρατα
446 790 503 841 ἐν
532 789 649 851 τοῖς
676 784 879 838 ἔθνεσι.
916 803 936 837 ι
970 785 1102 847 Θεὸς
1129 780 1224 838 οῦν
1254 784 1369 856 ἄρα
1400 785 1462 838 τὸ
1491 784 1715 854 Πνεῦμα
1752 783 1815 838 16

212 883 372 951 ἅγιον
397 899 411 912 ·
440 882 503 935 τὸ
530 880 639 949 γάρ
668 878 801 932 αὐτὸ
822 876 1231 949 θαυματουργεῖ
1260 878 1329 931 τὰ
1375 881 1577 949 σημεῖα
1624 877 1719 931 καὶ⁵
1746 876 1816 931 τά

211 975 442 1047 τέρατα.
468 974 560 1025 Διὸ
588 973 684 1025 καὶ
709 974 738 1025 6
766 968 969 1039 Κύριος
994 971 1053 1022 ἐν
1080 972 1191 1033 τοῖς
1215 970 1564 1039 Εὐαγγελίοις
1592 968 1777 1037 ἔλεγεν
1796 983 1811 997 ·

219 1085 243 1117 ε
272 1067 336 1119 El
360 1065 417 1118 δὲ
454 1066 512 1118 ἐν
539 1062 819 1134 Πνεύματι
850 1058 985 1112 Θεοῦ
1018 1059 1129 1129 ἐγὼ
1163 1060 1411 1113 ἐκϐάλλω
1440 1060 1510 1112 τά
1537 1057 1813 1129 δαιμόνια,

214 1157 331 1231 ἄρα
359 1156 595 1226 ἔφθασεν
627 1157 710 1225 ἐφ’
744 1156 889 1227 ὑμᾶς
923 1158 958 1228 ἡ
1008 1152 1254 1225 βασιλεία
1302 1151 1397 1205 τοῦ
1446 1150 1603 1203 Θεοῦ.
1625 1169 1645 1201 ι
1707 1149 1818 1202 Καὶ

215 1248 391 1303 πάλιν
418 1250 477 1303 ἐν
507 1251 627 1312 ταῖς
663 1248 934 1314 Πράξεσιν
971 1248 999 1298 6
1038 1246 1253 1307 Λουκᾶς
1286 1241 1377 1297 τὸν
1407 1239 1618 1294 Πιῦλόν
1652 1257 1817 1312 φησιν

216 1341 617 1412 ἐπιλεξάμενον
644 1340 736 1393 τὸν
772 1342 933 1395 Σίλαν
974 1338 1210 1402 ἐξελθεῖν
1234 1338 1300 1406 τῇ
1341 1334 1528 1407 χάριτι
1556 1332 1651 1387 τοῦ
1680 1332 1816 1386 Θεοῦ

218 1436 333 1491 ὑπὸ
359 1433 467 1487 τῶν
493 1432 739 1502 ἀδελφῶν
768 1430 1175 1504 παραδοθένταο
1220 1427 1353 1482 Θεὸν
1386 1423 1545 1490 αὖθις
1581 1424 1819 1489 καλέσας

217 1529 286 1583 ’.τὸ
314 1524 542 1595 Πνεῦμα
572 1524 633 1577 τὸ
673 1524 851 1594 ἅγιον,
900 1524 962 1576 τὸ
989 1522 1076 1576 διά
1105 1520 1214 1575 τῶν
1237 1518 1483 1588 ἀδελφῶν
1520 1521 1578 1572 ἐν
1617 1518 1821 1571 Ἀντιοο

215 1616 350 1688 xei;
395 1614 666 1685 ἀφορίσαν
717 1613 881 1667 αὑτὸν
925 1613 1006 1676 είς
1066 1612 1094 1665 6
1149 1609 1596 1681 προσεκαλέσατο
1656 1607 1821 1661 αὐτὸν

217 1709 407 1780 ἔργον.
456 1705 627 1760 Πάλιν
676 1707 705 1758 6
748 1705 1021 1776 μακάριος
1070 1702 1281 1764 Παῦλος
1313 1703 1370 1755 ἐν
1417 1701 1514 1772 μέν
1556 1703 1624 1772 τῇ
1682 1700 1821 1770 πρὸς

1918 515 2168 568 rissimus
2188 513 2362 566 Lucas
2392 520 2612 567 narrat:
2640 527 2659 564 t
2686 512 2879 566 Tacuit
2898 513 3068 576 enim,
3095 508 3297 578 inquit,
3320 508 3501 562 onmis

1920 605 2231 668 multitudo,
2248 614 2303 660 et
2320 605 2611 659 audiebant
2628 602 2929 658 Barnabam
2952 612 3007 657 et
3024 600 3250 656 Paulum
3272 613 3504 654 narran-

1914 706 1998 750 tes
2014 706 2212 764 quanta
2240 695 2381 749 Deus
2408 694 2627 750 fecisset
2644 695 2797 766 signa
2825 705 2881 750 et
2899 696 3140 765 prodigia
3172 696 3224 750 in
3250 695 3506 767 gentibus

1915 801 2012 857 per
2028 786 2253 857 ipsos".
2269 806 2287 838 ι
2307 785 2448 841 Deus
2465 802 2594 856 ergo
2608 798 2687 841 est
2705 786 2943 856 Spiritus
2955 798 3176 842 sanctus
3191 804 3206 840 :
3223 792 3336 857 ipse
3357 788 3503 841 enim
3532 780 3533 783 “

1916 882 2070 949 signa
2096 890 2150 935 et
2185 880 2429 950 prodigia
2467 880 2786 935 mirabiliter
2818 891 3097 951 operatur.
3131 880 3290 937 llnde
3333 881 3501 935 etiam

1919 972 2243 1028 Dominusin
2261 972 2569 1041 Evangeliis
2585 972 2771 1027 aiebat
2793 989 2806 1025 :
2834 971 3017 1038 «Quod
3035 974 3078 1027 si
3099 986 3200 1042 ego
3218 972 3271 1026 in
3293 971 3501 1041 Spiritu

1918 1062 2013 1117 Dei
2054 1064 2322 1118 daemonia
2357 1063 2543 1132 ejicio,
2568 1063 2756 1133 utique
2780 1065 3098 1134 pervenitin
3123 1080 3220 1119 vos
3275 1079 3503 1133 regnum

1920 1156 2015 1211 Dei
2037 1157 2103 1210 ".
2145 1174 2165 1208 ι
2201 1156 2517 1226 Rursusque
2552 1157 2605 1210 in
2638 1155 2864 1211 Actibus
2898 1156 3074 1211 Lucas
3108 1157 3184 1211 ait
3219 1156 3268 1190 "
3298 1197 3314 1223 ,
3365 1157 3505 1211 Pau-

1919 1246 2029 1300 lum
2064 1246 2250 1317 electo
2296 1247 2409 1301 Sila
2449 1247 2754 1315 profectum
2809 1261 2952 1313 esse,
3003 1248 3265 1301 traditum
3316 1249 3505 1317 gratia:

1920 1334 2013 1390 Dei
2043 1315 2078 1389 εἶ
2108 1335 2387 1393 fratribus.
2419 1336 2537 1401 Quo
2566 1337 2692 1392 item
2726 1334 2845 1393 loco
2876 1339 3040 1392 Deum
3088 1315 3338 1408 appellat
3376 1335 3506 1407 Spi-

1922 1427 2086 1482 ritum
2117 1436 2403 1491 sanctum,
2436 1428 2527 1497 qui
2584 1444 2781 1498 nempe
2822 1444 2921 1499 per
2948 1414 3147 1523 τέρπεο
3194 1430 3506 1485 Antiochiae

1923 1530 2309 1591 segregaverat
2352 1520 2531 1591 ipsum
2592 1523 2659 1577 ad
2714 1520 3044 1577 destinatum
3103 1540 3261 1595 opus.
3316 1525 3508 1581 Adhuc

1924 1613 2118 1669 beatus
2146 1611 2345 1667 Paulus
2372 1613 2424 1667 in
2467 1613 2705 1683 Epistula
2733 1617 2798 1671 ad
2824 1616 3141 1671 Corinthios
3168 1618 3242 1671 ait
3267 1634 3282 1671 :
3309 1635 3327 1669 ι
3358 1616 3507 1684 Quos

1921 1692 2069 1759 Dens
2110 1707 2289 1775 posuit
2319 1705 2371 1759 in
2403 1705 2646 1762 Ecclesia
2692 1708 2888 1777 partim
2946 1711 3240 1778 preplietas
3276 1721 3331 1765 et
3372 1728 3506 1782 apo-

219 1797 548 1870 Κορινθίους
579 1795 653 1868 (I)
678 1795 863 1868 φησίνο
913 1816 930 1846 ι
962 1794 1069 1859 υῦς
1094 1794 1247 1847 ἔθετο
1280 1794 1308 1845 6
1340 1792 1472 1854 Θεὸς
1502 1794 1559 1845 ἐν
1584 1794 1649 1862 τῇ
1698 1792 1820 1845 Ἐκ-

1927 1794 2116 1859 stolos,
2152 1795 2346 1863 partim
2384 1804 2633 1863 pastores
2654 1807 2710 1851 et
2761 1798 3014 1853 doctores
3062 1809 3227 1868 atque
3263 1815 3505 1869 evange-

221 1892 448 1961 πλησία,
477 1890 603 1950 τοὺς
634 1888 732 1959 μὲν
770 1888 1057 1958 προφήτας
1095 1885 1190 1938 καὶ
1220 1883 1572 1946 ἀποστόλους,
1601 1885 1727 1945 τοὺς
1758 1881 1815 1935 δὲ

221 1984 493 2054 ποιμένας
531 1981 623 2035 καὶ
657 1978 1018 2043 διδασκάλους
1066 1978 1161 2033 καὶ¹
1218 1974 1636 2046 εὐαγγελιστάς,
1677 1973 1815 2045 πρὸς

224 2075 594 2147 καταρτισμὸν
619 2073 727 2127 τῶν
768 2073 971 2142 ἁγίωνο
1011 2091 1030 2125 ι
1073 2074 1130 2127 ἐν
1168 2071 1227 2125 δὲ
1256 2072 1484 2141 Μιλήτῳ
1528 2067 1816 2123 συνταττό-

230 2184 392 2239 μενος
411 2170 521 2230 τοῖς
548 2165 820 2234 ἀδελφοῖς,
849 2164 946 2218 καὶ
975 2163 1075 2233 τῆς
1113 2162 1361 2235 δοθείσης
1382 2160 1816 2233 ἀναμιμνήσκων

226 2260 467 2331 χάριτος·
504 2276 524 2309 ι
555 2258 857 2330 Προσέχετε
890 2252 983 2311 οὖν
1013 2258 1251 2318 ἑαυτοῖς,
1298 2256 1485 2324 φησὶν,
1533 2253 1632 2306 καὶ
1657 2249 1817 2304 παντὶ

225 2351 308 2423 τῷ
351 2352 587 2421 ποιμνίῳ
635 2351 693 2403 ἐν
731 2343 774 2417 ᾧ
807 2350 951 2421 ὑμᾶς
978 2348 1133 2403 ἔθετο
1174 2348 1237 2401 τὸ
1282 2345 1508 2417 Πνεῦμα
1544 2344 1605 2399 τὸ
1650 2343 1812 2411 ἅγιον

1922 1884 2098 1951 listas,
2134 1886 2198 1939 ad
2226 1886 2639 1942 adiﬁcationem
2676 1900 2989 1944 sanctorum
3024 1891 3092 1945 ".
3143 1910 3163 1943 ι
3200 1891 3365 1947 Mileti
3404 1908 3506 1947 au-

1925 1984 2030 2029 tem
2061 1976 2321 2032 fratribus
2350 1978 2469 2033 vale
2504 1980 2713 2045 dicens,
2762 1990 2814 2034 et
2854 1982 3037 2036 datam
3069 1999 3509 2039 commemorans

1924 2068 2194 2137 gratiam:
2235 2086 2255 2121 ι
2301 2069 2581 2126 Altendite
2638 2073 2803 2140 igitur
2835 2075 3267 2146 vobismetipsis,
3306 2078 3505 2149 inquit.

1923 2167 1977 2213 et
2002 2160 2257 2216 universo
2291 2163 2466 2232 gregi,
2495 2164 2547 2217 in
2576 2179 2686 2234 quo
2723 2180 2819 2219 vos
2851 2163 3090 2234 Spiritus
3141 2181 3366 2227 sanctus
3417 2187 3510 2241 po-

1922 2251 2027 2306 suit
2075 2253 2363 2322 episcopos
2401 2269 2592 2327 regere
2640 2256 2857 2329 706m
2900 2258 3197 2316 Ecclesiam
3249 2260 3506 2330 Domini,

1921 2357 2082 2412 quam
2110 2347 2400 2415 acquisivit
2431 2348 2699 2417 sanguine
2730 2364 2829 2403 suo
2861 2349 2929 2406 ".
2966 2368 2985 2404 ι

226 2443 559 2507 ἐπισκόπους
632 2442 943 2512 ποιμαίνειν
995 2439 1094 2512 τὴν
1166 2438 1492 2511 Ἐκκλησίαν
1570 2434 1667 2490 τοῦ
1744 2434 1953 2505 Κυρίου
1999 2435 2101 2507 (2),
2159 2438 2226 2509 ἢν
2306 2440 2737 2511 περιεποιήσατο
2782 2441 2871 2496 διὰ
2923 2441 3019 2497 τοῦ
3098 2444 3334 2516 αἵματος
3410 2444 3506 2500 τοῦ

230 2536 383 2592 ἰδίου.
416 2554 434 2587 ι

311 2630 507 2700 Ὁρᾶτε
554 2629 716 2684 πάλιν
760 2627 1044 2684 κάνταῦθα
1074 2628 1171 2700 τὴν
1202 2625 1486 2696 θεολογίαν
1514 2625 1610 2679 τοῦ
1647 2620 1820 2676 Πνεύ-

239 2738 430 2795 ματος.
446 2721 595 2773 Ἐκεῖ
617 2725 724 2793 γάρ
751 2723 847 2776 τοῦ
873 2721 1011 2775 Θεοῦ
1039 2718 1419 2792 μνημονεύσας
1443 2718 1520 2780 ὼς
1536 2714 1818 2786 ποιμένας,

232 2816 329 2869 καὶ
374 2814 746 2879 διδασκάλους,
782 2816 877 2870 καὶ
924 2812 1317 2884 εύαγγελιστὰς
1360 2809 1819 2883 χειροτονοῦντος,

230 2905 468 2961 ἐνταῦθα
501 2906 629 2978 περὶ
653 2906 744 2960 τοῦ
768 2906 1082 2978 Πνεύματός
1110 2924 1262 2978 φησι·
1313 2906 1401 2960 Ἐν
1504 2906 1647 2976 ὑμᾶς
1670 2901 1822 2956 ἔθετο

229 2997 290 3052 τὸ
317 2995 552 3069 Πνεῦμα
587 2997 648 3050 16
674 2998 826 3067 ἅγιον
858 2999 1189 3062 ἐπισκόπους
1226 2998 1538 3068 ποιμαίνειν
1562 2995 1660 3067 τὴν
1699 2995 1821 3047 Ἐκ-

228 3044 1686 3161 {an};Tilééélli;'ag'6;l}"ééhlﬁlﬁiﬁb,
1715 3044 1823 3141 ἷςᾷι
1848 3044 1891 3102 ο

225 3182 309 3236 ὅτι
335 3182 538 3237 ταύτόν
574 3183 724 3235 ἐστιν
767 3184 944 3235 εἰπεῖν
972 3182 1126 3247 Θεὸν,
1176 3182 1272 3236 καὶ⁹
1312 3179 1560 3251 Πνεῦμα,
1602 3179 1688 3233 διὰ
1721 3179 1821 3250 τὴν

226 3276 517 3329 κοινωνίαν
541 3278 641 3346 τῆς
671 3274 885 3344 φύσεως
908 3291 922 3303 ·
951 3277 1059 3338 τοῖς
1091 3292 1148 3328 τε
1180 3274 1289 3346 γὰρ
1310 3273 1415 3328 ύπὸ
1437 3271 1531 3327 τοῦ
1555 3271 1691 3325 Θεοῦ
1729 3271 1822 3325 καὶ

229 3368 442 3440 Πατρὸς
467 3367 776 3439 γινομένοις
810 3370 1063 3437 συνεργεῖ
1086 3369 1113 3419 6
1140 3367 1267 3431 Υίὸς
1291 3366 1387 3420 καὶ
1414 3365 1476 3418 τὸ
1508 3363 1734 3434 Πνεῦμα
1762 3363 1823 3417 τὸ

234 3459 412 3527 ἆγιον·
450 3461 565 3523 τοῖς
589 3474 649 3510 τε
676 3458 781 3511 ὑπὸ
817 3457 911 3510 τοῦ
956 3456 1088 3510 Υἰοῦ
1123 3457 1201 3528 (ὅ)
1248 3457 1343 3510 καὶ
1372 3456 1466 3509 τοῦ
1506 3456 1824 3526 Πνεῦματος

232 3548 575 3621 τελουμένοις
615 3548 927 3603 συνευδοκεῖ
953 3547 1216 3611 ὡσαύτως
1244 3549 1273 3600 6
1308 3547 1439 3610 Θεὸς
1474 3546 1566 3599 καὶ
1606 3545 1818 3617 Πατήρ.

233 3640 344 3693 Καὶ
379 3640 645 3711 ἑτέρωθεν
681 3639 846 3694 πάλιν
900 3642 929 3693 6
980 3639 1249 3712 μακάριος
1288 3638 1497 3703 Παῦλος
1527 3637 1657 3692 Θεὸν
1685 3632 1822 3691 εἶναι

232 3731 296 3785 τὸ
326 3731 551 3803 Πνεῦμα
578 3731 858 3805 κηρύττειο
892 3752 910 3783 ι
942 3731 1070 3785 Ἐὰν
1098 3734 1227 3802 γὰρ,
1260 3732 1415 3803 φησὶ,
1437 3730 1822 3804 προφητεύωσι

235 3824 458 3887 πάντες,
482 3823 696 3896 είσέλθη
722 3824 781 3879 δέ
810 3842 893 3889 τις
926 3823 1157 3888 ἄπιστος
1186 3825 1219 3895 ἢ
1266 3821 1499 3895 ἰδιώτης,
1541 3824 1822 3893 ἐλέγχεται

239 3915 347 3969 ύπὸ
372 3916 611 3981 πάντων,
640 3916 990 3988 ἀνακρίνεται
1015 3916 1121 3970 ύπὸ
1149 3917 1367 3970 πάντων
1398 3914 1495 3987 (4),
1517 3914 1584 3968 τὰ
1606 3912 1824 3985 κρυπτὰ

237 4007 338 4079 τῆς
369 4007 594 4077 καρδίας
624 4008 788 4062 αὐτοῦ
819 4009 1029 4081 φανερά
1047 4009 1256 4079 γίνεται
1277 4025 1290 4039 °
1324 4009 1420 4062 καὶ
1444 4007 1619 4071 οὕτως
1641 4004 1823 4060 πεσὼν

235 4098 332 4153 ἐπὶ
362 4098 656 4171 πρόσωπον
686 4102 1052 4173 προσκυνήσει
1088 4100 1165 4171 τῷ
1198 4100 1337 4170 Θεῷ,
1363 4098 1720 4168 ἀπαγγέλλων
1742 4099 1824 4152 ὅτι

232 4189 406 4253 ὅντως
435 4191 463 4242 6
484 4188 616 4252 Θεὸς
648 4190 705 4242 ἐν
739 4190 863 4260 ύμῖν
890 4193 1058 4245 ἐστιν.
1094 4211 1113 4244 ι
1155 4189 1374 4262 Ἐπειδὴ
1401 4188 1511 4259 γὰρ
1538 4188 1632 4242 τοῦ
1658 4189 1826 4243 Πνεύ-

235 4298 408 4353 ματος
438 4282 470 4353 ή
497 4283 804 4354 προφητεία
821 4283 1192 4355 χάρισμα,διά
1210 4282 1267 4335 δὲ
1296 4282 1397 4353 τῆς
1425 4282 1824 4354 ἀποκαλύψεως

1998 2614 2189 2672 Videte
2239 2632 2430 2673 rursus
2469 2617 2596 2674 hinc
2633 2619 2820 2687 etiam,
2863 2619 3033 2676 Deum
3074 2621 3333 2681 allirmari
3380 2624 3507 2698 Spi-

1927 2709 2088 2763 ritum
2148 2720 2419 2765 sanctum.
2479 2710 2614 2766 Cum
2670 2712 2816 2766 enim
2875 2712 2987 2767 illic
3054 2714 3286 2771 dixisset
3335 2717 3505 2777 Deum

1925 2800 2276 2857 constituisse
2332 2811 2577 2871 pastores
2608 2843 2624 2867 ,
2678 2804 2932 2860 doctores
2985 2816 3041 2860 et
3092 2809 3504 2881 evangelistas,

1928 2893 2017 2948 llic
2066 2893 2133 2949 de
2182 2891 2387 2963 Spiritu
2422 2893 2499 2948 ait
2535 2912 2549 2949 :
2611 2914 2629 2946 ι
2659 2893 2778 2961 Quo
2810 2896 2863 2950 itt
2896 2909 3062 2965 grege
3094 2911 3192 2952 vos
3219 2899 3508 2957 collocarit

1929 2984 2169 3055 Spiritus
2214 2996 2436 3041 sanctus
2486 2984 2773 3056 episcopos
2801 2987 2870 3040 ob
2923 2989 3213 3056 regendam
3246 2993 3506 3060 pastorali

1926 3091 2053 3131 cura
2093 3074 2389 3131 Ecclesium
2420 3091 2435 3129 :
2474 3094 2493 3127 t
2515 3077 2715 3133 docens
2743 3076 3000 3132 videlicet
3033 3079 3197 3134 Deum
3221 3096 3345 3137 esse
3381 3083 3507 3154 Spi-

1924 3169 2087 3223 ritum
2112 3178 2384 3236 sanctum,
2407 3169 2740 3239 perindeque
2764 3169 2869 3224 dici
2904 3170 3072 3224 Deunt
3113 3186 3178 3227 ac
3211 3170 3504 3244 Spiritum,

1922 3270 2142 3330 propter
2176 3271 2386 3315 natura:
2418 3261 2876 3315 communionem.
2914 3259 3046 3315 Nam
3080 3261 3289 3334 iisquae
3320 3280 3353 3320 a
3398 3267 3510 3323 Deo

1922 3349 2081 3406 Patre
2110 3349 2263 3418 ﬁunt,
2290 3361 2651 3420 c00perantur
2682 3348 2851 3405 Filius
2876 3364 2939 3403 ac
2967 3348 3208 3419 Spiritus
3238 3364 3461 3409 sanctus
3487 3369 3504 3410 :

1922 3442 2271 3511 vicissimque
2300 3443 2389 3508 iis,
2420 3456 2541 3510 quae
2571 3456 2599 3494 a
2636 3439 2778 3495 Filio
2804 3449 2858 3495 et
2893 3439 3096 3511 Spiritu
3126 3445 3503 3512 perﬁciuntur,

1922 3536 2194 3588 consentit
2227 3535 2431 3603 pariter
2462 3532 2609 3589 Deus
2638 3530 2823 3588 Pater.
2852 3532 3175 3606 Rursusque
3211 3536 3335 3592 alibi
3373 3538 3533 3592 bea-'

1925 3636 2012 3682 tus
2048 3625 2249 3681 Paulus
2296 3627 2465 3680 Deum
2509 3639 2633 3680 esse
2669 3624 2933 3693 Spiritum
2983 3626 3277 3695 praedicat:
3315 3647 3335 3680 t
3371 3630 3505 3683 Nam

1924 3717 2004 3781 si,
2046 3715 2242 3783 inquit,
2297 3729 2488 3770 omnes
2533 3717 2883 3785 prophetent,
2940 3715 3105 3770 intret
3156 3727 3335 3771 autem
3386 3721 3509 3789 quis

1925 3806 2156 3863 infidelis
2186 3805 2269 3860 vel
2317 3805 2506 3870 idiota,
2553 3804 2896 3861 convincitur
2931 3806 3000 3861 ab
3023 3808 3315 3874 omnibus,
3368 3811 3505 3880 diju-

1924 3902 2139 3956 di‘catur
2170 3898 2236 3953 ab
2263 3897 2538 3963 omnibus,
2593 3896 2807 3952 occulta
2843 3899 3029 3953 cordis
3061 3896 3179 3967 ejus
3217 3900 3506 3955 manifesta

1928 3989 2062 4044 liunt
2097 4002 2113 4043 :
2141 3997 2195 4045 et
2228 3989 2297 4043 ita
2329 3988 2533 4042 cadens
2562 3986 2615 4041 in
2649 3984 2848 4040 {aciem
2876 3988 3127 4041 adorabit
3157 3988 3347 4053 Deum,
3375 4004 3506 4059 pro-

1928 4082 2186 4138 nuntians
2233 4082 2376 4151 quod
2423 4093 2553 4134 vere
2601 4079 2744 4134 Deus
2794 4079 2847 4133 in
2884 4080 3043 4135 vobis
3086 4081 3158 4135 sit
3181 4080 3251 4136 ⁸¹.
3286 4099 3305 4133 ι
3372 4081 3505 4136 Nam

1926 4176 2052 4247 quia
2082 4175 2363 4246 prophetia
2396 4174 2594 4229 donum
2626 4170 2865 4241 Spiritus
2896 4182 3009 4241 est,
3057 4181 3112 4228 et
3161 4189 3257 4244 per
3291 4176 3505 4230 revela-

1929 4269 2131 4323 tionem
2176 4263 2442 4334 Spiritus,
2481 4264 2772 4318 manifesta
2826 4263 2961 4318 linnt
3017 4264 3200 4319 cordis
3248 4265 3457 4335 occulta
3488 4306 3503 4330 ,

230 4372 330 4426 τοῦ
387 4373 704 4445 Πνεύματος
772 4376 985 4447 φανερά
1037 4376 1107 4431 τὰ
1152 4377 1255 4448 τῆς
1315 4376 1543 4449 καρδίας
1603 4376 1820 4448 κρυπτὰ

1933 4360 2022 4415 Dei
2044 4373 2171 4414 vero
2194 4358 2468 4427 proprium
2485 4365 2569 4413 est
2592 4366 2826 4410 mentem
2846 4355 3125 4410 hominum
3147 4370 3503 4427 cognoscere,

230 4467 467 4537 γίνεται,
514 4467 649 4521 Θεοῦ
692 4468 749 4522 δὲ
792 4469 923 4523 ἴδιον
966 4468 1027 4523 τὸ
1069 4471 1160 4523 τὸν
1206 4470 1330 4524 νοῦν
1374 4469 1481 4523 τῶν
1516 4470 1821 4545 ἀνθρώπων

236 4554 582 4622 ἐπίστασθαι,
603 4557 917 4627 ἀναγκαίως
934 4559 962 4612 6
988 4560 1345 4631 ἐλεγχόμενος
1372 4558 1463 4613 διὰ
1490 4560 1589 4631 τῆς
1611 4580 1823 4633 προφη-

231 4645 403 4714 τείας,
450 4649 878 4721 ἀνακρινόμενος
928 4654 1296 4723 προσκυνήσει
1332 4649 1411 4722 τῷ
1453 4651 1595 4722 Θεῷ,
1638 4653 1819 4721 ἀπαγ-

232 4736 443 4806 γέλλων
467 4740 547 4793 ὃτι
570 4740 738 4807 ὅντως
767 4745 795 4796 6
827 4742 959 4807 Θεὸς
985 4744 1043 4797 ἐν
1072 4743 1198 4816 ὑμῖν
1234 4744 1382 4795 ἐστιν
1407 4759 1419 4772 ’
1452 4736 1599 4814 εἶχον
1629 4744 1686 4797 δὲ
1723 4744 1822 4816 τὴν

231 4832 397 4901 χάριν
442 4832 640 4887 ἐκεῖνοι
698 4832 792 4886 τοῦ
848 4834 1186 4907 Πνεύματος.
1245 4835 1305 4887 Ei
1360 4833 1417 4887 δὲ
1471 4834 1603 4899 Θεὸς
1651 4831 1719 4907 ἦν
1762 4839 1820 4890 ἐν

231 4922 440 4989 αὐτοῖς,
474 4924 663 4991 ἐπειδὴ
696 4926 794 4996 τῆς
815 4924 909 4979 τοῦ
938 4927 1076 4979 Πνεύ
1086 4944 1253 4997 ματος
1274 4927 1558 4999 ἀπήλαυον
1579 4928 1817 5000 χάριτος,

229 5011 368 5078 Θεὸς
387 5015 495 5087 ἄρα
524 5018 616 5070 καὶ
651 5017 716 5070 ἐκ
742 5016 877 5072 Θεοῦ
910 5019 973 5072 τὸ
1004 5019 1229 5090 Πνεῦμα
1258 5019 1318 5075 τὸ
1348 5021 1521 5090 ἅγιον.

306 5128 497 5203 ξ’ᾼΑοι.
528 5147 617 5200 xv,
653 5132 742 5187 12.
834 5134 879 5165 ⁷⁷
910 5133 1095 5191 Matth.
1129 5150 1229 5201 xtl,
1256 5136 1348 5193 28.
1428 5136 1475 5169 ⁷⁸
1506 5136 1627 5192 Act.
1665 5156 1753 5203 XV.
1782 5143 1875 5199 40.

228 5199 277 5233 ⁸⁸
310 5198 327 5254 Ι
350 5198 475 5256 Cor.
504 5198 615 5269 xlv,
641 5203 834 5259 25-25.

303 5316 384 5393 (I)
423 5317 555 5393 Pars
582 5321 801 5390 quidem
830 5322 979 5392 prior
1012 5320 1303 5393 testimonii
1336 5320 1458 5390 ejus
1488 5330 1574 5376 est
1604 5336 1670 5376 ex
1696 5320 1820 5393 Epi-

227 5388 370 5461 stola
402 5389 472 5445 ad
498 5388 844 5458 Corinthios;
890 5407 1018 5461 pars
1051 5391 1223 5461 altera
1262 5388 1440 5446 tamen
1470 5393 1718 5446 adsuitur
1742 5388 1816 5449 ‘rx

228 5460 650 5531 locoparallelo
679 5460 935 5531 Epistolas
974 5461 1042 5515 ad
1083 5460 1369 5531 Ephesios.

307 5528 384 5599 ιι)
425 5530 500 5603 Ita
518 5536 639 5588 cod.
655 5528 965 5603 Kupiou,_ut
988 5528 1226 5586 nonnulli
1242 5530 1334 5587 alii
1361 5530 1813 5603 codic'esAcgnum

231 5610 410 5668 apost.
443 5600 551 5659 Sed
587 5600 767 5659 tamen
798 5600 970 5657 multo
1005 5603 1341 5656 communior
1359 5612 1445 5657 est
1472 5600 1633 5656 lectio
1654 5600 1812 5669 Θεοῦ,

232 5668 368 5742 Dei,
392 5685 554 5742 quam
601 5672 870 5742 interpres
899 5685 1116 5742 quoque
1143 5670 1259 5725 Lat.
1302 5671 1561 5742 vulgatus
1593 5668 1811 5742 retinet.

229 5737 371 5793 Θεοῦ
400 5737 568 5799 babet
616 5737 758 5813 ipse'
778 5737 1011 5813 Cyril’lus
1033 5737 1097 5796 in
1130 5737 1429 5812 opusculo;
1445 5738 1604 5809 Quod
1635 5740 1810 5799 Maria

1930 4447 2239 4502 necessario
2275 4447 2322 4501 is
2376 4446 2469 4516 qui
2514 4446 2863 4501 convincitur
2905 4459 2934 4499 a
2992 4446 3303 4515 prophetia,
3351 4446 3508 4518 diju-

1928 4541 2145 4596 dlcatus
2193 4537 2445 4593 adorabit
2498 4537 2663 4591 Deum
2696 4574 2714 4601 ,
2779 4538 3137 4607 pronuntians
3190 4539 3333 4609 quod
3379 4555 3505 4595 vere

1930 4631 2070 4685 Deus
2100 4629 2155 4685 in
2188 4630 2343 4685 vobis
2376 4630 2464 4685 sit.
2491 4627 2661 4685 Porro
2698 4629 2773 4683 illi
2805 4630 3038 4701 gratiam
3075 4630 3314 4698 Spiritus
3346 4632 3503 4687 habe-

1929 4722 2079 4774 bant.
2113 4719 2265 4787 Quod
2290 4721 2333 4774 si
2369 4718 2509 4774 Dens
2544 4720 2597 4774 in
2627 4719 2756 4788 ipsis
2793 4728 2933 4787 erat,
2965 4721 3092 4789 quia
3117 4719 3351 4792 Spiritus
3382 4741 3505 4792 grn-

1930 4808 2003 4863 tia
2042 4808 2380 4871 lrnebantur,
2413 4815 2664 4878 superest
2705 4818 2763 4861 ut
2804 4805 2947 4862 Deus
2993 4816 3048 4862 et
3085 4822 3152 4862 ex
3188 4806 3300 4863 Deo
3332 4806 3506 4878 Spiri-

1932 4912 2017 4957 tus
2054 4910 2278 4956 sanctus
2304 4900 2397 4956 sit.

1980 5146 2024 5178 "
2055 5143 2073 5198 Ι
2113 5143 2240 5198 Cor.
2268 5157 2367 5207 xu,
2395 5138 2467 5195 28
2499 5139 2743 5209 ;"pres.
2776 5153 2852 5203 tv,
2887 5138 2976 5192 ιε.
3002 5182 3019 5191 ,
3052 5136 3095 5168 '°
3128 5136 3250 5194 Act.
3278 5153 3369 5208 xx,
3408 5136 3499 5195 28.

1925 5329 1995 5382 sit
2046 5327 2293 5392 Deipara,
2330 5339 2480 5378 nttm.
2510 5323 2603 5377 22.
2654 5324 2655 5327 “
2788 5391 2795 5392 7
2935 5356 2938 5360 .

1997 5398 2076 5467 (5)
2116 5391 2244 5452 Cod.
2259 5394 2420 5467 Θεοῦ,
2456 5393 2582 5459 Deo,
2601 5393 2695 5448 sed
2714 5391 2998 5448 videbatur
3015 5393 3238 5449 omnino
3260 5396 3504 5453 scribth

1925 5465 2065 5524 dunt
2088 5466 2241 5532 Υἱοῦ,
2272 5465 2436 5520 Filio.
2580 5496 2583 5501 -

1996 5539 2074 5611 (4)
2112 5537 2237 5611 'l‘ria
2287 5537 2415 5611 baro
2443 5532 2606 5590 verba
2658 5534 3259 5611 desuntmendosein
3311 5537 3507 5593 codice

1922 5603 2143 5678 propter
2183 5603 2590 5680 ὀμοιοτέλευτον
2619 5608 3005 5676 praetermissa,
3038 5604 3133 5663 sed
3165 5605 3306 5661 infra
3335 5620 3502 5675 appa-

1922 5691 2007 5738 ret
2044 5680 2182 5739 lecta
2221 5692 2411 5739 revera
2452 5677 2620 5735 fuisse
2659 5691 2688 5732 a
2726 5675 2952 5749 Cyrillo.
