4048 6196
545 290 682 348 H87

1601 278 1660 334 S.
1700 276 1968 332 CYRIHJ
2008 275 2469 330 ALEXANDRINI
2509 275 2822 328 ARCHIEP.

3659 277 3813 329 “88

545 400 758 461 XXVII.
793 399 944 465 Quod
973 399 1165 467 absque
1204 395 1465 448 rrectioue
1501 408 1565 444 ea:
1599 389 1705 444 Deo
1762 392 1830 444 sit
1879 388 2109 460 Spiritus
2143 403 2158 456 Α

2262 393 2345 444 .Z'.
2386 391 2509 442 Ὅτι
2541 386 3105 467 ἀκςίᾳτωςέέιιϐεοῦ
3142 384 3478 467 τόΔῘζνεῦμα
3507 384 3575 438 τὸ
3610 385 3810 456 ἅγιον,

775 480 1012 530 sanctus,
1050 471 1264 534 ideoque
1293 475 1338 516 et
1380 474 1601 515 a-ternus
1643 471 1868 517 vocetur.

619 581 1084 639 Praeclarissimus
1111 591 1330 648 quoque
1362 574 1557 630 Petrus
1590 575 1641 629 in
1671 573 1961 629 catholicis
1988 573 2117 643 Epi-

547 678 706 733 stolis
735 694 749 729 :
775 692 793 725 ι
829 672 886 727 Si
912 671 1341 742 exprobramini,
1363 669 1556 736 inquit,
1583 668 1634 720 in
1655 669 1872 721 nomine
1893 664 2118 730 Christi,

2606 461 2696 511 διὸ
2728 459 2823 511 καὶ
2850 457 3090 510 αἰώνιον
3122 456 3411 509 καλεῖται.

2292 576 2400 628 Καὶ
2445 577 2474 627 6
2521 573 2796 634 θειότατος
2848 571 2903 623 δὲ
2957 571 3161 640 Πέτρος
3209 571 3266 622 ὲν
3303 571 3424 631 ταῖς
3471 567 3824 630 Καθο).ικα⁴ί;

2235 670 2609 734 Ἐπιστολαῖςο
2650 687 2666 720 ι
2692 669 2753 722 ΕΞ
2778 666 3123 731 ὀνειδίζεσθε,
3159 667 3343 735 φησὶν,
3377 666 3434 718 έν
3464 664 3543 735 τῷ
3583 665 3818 734 ὀνόματι

547 769 688 824 beati
720 766 873 829 estis,
899 763 1154 832 quoniam
1187 759 1391 828 gloriaz,
1432 758 1646 828 707m
1678 758 1889 811 virtutis
1912 797 1925 820 ,
1947 767 2002 811 et
2029 756 2122 810 Dei

2262 760 2317 814 οῦ
2354 759 2614 833 Χριστοῦ,
2663 759 2921 830 μακάριοί
2952 761 3098 819 ἐστε,
3147 759 3227 810 ὃτι
3273 756 3335 809 τὸ
3370 756 3471 827 τῆς
3513 756 3679 826 δόξης
3719 757 3819 808 καὶ

551 858 790 926 Spiritus
816 868 977 922 super
1025 865 1120 906 vos
1149 850 1444 919 requiescit
1491 849 1558 902 ⁸⁸.
1612 867 1630 899 ι
1676 847 1871 902 Beatus
1913 861 2126 917 quoque

2262 851 2506 920 υνάμεως
2547 851 2642 902 καὶ
2678 847 2772 901 τοῦ
2812 846 2946 900 Θεοῦ
2983 845 3209 916 Πνεῦμα
3236 845 3318 914 ἐφ’
3359 845 3501 914 ὑμᾶς
3531 844 3822 897 ἀναπαύε-

548 948 783 1003 Joannes
808 946 862 1002 in
898 941 1139 1013 Epistula
1176 959 1190 996 :
1231 959 1249 992 ι
1281 939 1337 994 lu
1372 941 1500 1003 hoc,
1531 940 1725 1005 inquit,
1752 941 2127 1009 cognoscimus

2262 963 2337 998 αι.
2385 964 2402 995 ι
2459 945 2568 997 Καὶ
2614 944 2642 995 6
2703 943 2973 1014 μακάριος
3020 941 3271 1010 Ἰωάννης
3306 941 3362 991 ὲν
3397 941 3462 1009 τῇ
3492 939 3819 1007 Ἐπιστολῇο

555 1052 654 1093 nos
690 1038 742 1090 in
767 1051 833 1091 eo
866 1049 1124 1096 manere,
1156 1041 1212 1087 et
1238 1032 1412 1102 ipsum
1450 1032 1504 1085 in
1543 1031 1699 1085 nobis
1723 1070 1738 1094 ,
1771 1031 2028 1099 quoniam
2061 1031 2128 1084 de

2290 1037 2377 1089 Ἐν
2415 1036 2608 1105 τούτῳ,
2641 1037 2794 1106 φησὶ,
2832 1035 3173 1104 γινώσκομεν
3213 1035 3294 1086 ὅτι
3334 1033 3394 1084 έν
3427 1031 3577 1100 αύτῷ
3615 1031 3823 1101 μενοῦο

555 1129 760 1199 Spiritu
791 1142 889 1182 suo
927 1125 1083 1180 nobis
1107 1125 1252 1179 dedit
1297 1123 1364 1175 ⁸³.
1402 1141 1421 1174 ι
1475 1121 1627 1188 Quod
1665 1133 1846 1174 autem
1901 1136 1966 1175 ex
2016 1121 2128 1175 Deo

2262 1146 2350 1191 μεν,
2382 1129 2476 1182 καὶ
2508 1128 2670 1191 αὐτὸς
2702 1130 2758 1181 ὲν
2790 1128 2940 1198 ἡμῖν,
2973 1128 3054 1180 ὅτι
3088 1128 3152 1179 ἐκ
3173 1125 3266 1178 τοῦ
3295 1126 3616 1194 Πνεύματος
3646 1121 3823 1175 αὑτοῦ

553 1236 673 1277 esse
706 1218 1051 1291 praedicatur,
1101 1217 1243 1269 haud
1301 1225 1550 1270 creatura
1606 1221 1712 1276 est,
1771 1211 1864 1264 sed
1919 1226 1984 1264 ex
2035 1210 2128 1263 Dei

2262 1221 2458 1274 ἑδωκεν
2492 1222 2643 1291 ἡμῖν.
2669 1239 2687 1272 ι
2732 1194 2888 1273 Τὺ-δὲ
2916 1221 2980 1272 ὲκ
3005 1219 3098 1272 τοῦ
3129 1218 3263 1271 Θεοῦ
3293 1216 3721 1287 κηρυττόμενον,
3753 1215 3824 1265 οὐ
3868 1194 3883 1212 ’

553 1312 879 1368 substantia.
935 1309 1117 1375 Quare
1168 1315 1222 1361 et
1271 1307 1451 1375 ipsum
1505 1305 1698 1359 beatus
1736 1303 1935 1358 Paulus
1969 1313 2130 1356 αξιοι·-

2262 1314 2455 1384 ;τίσμα,
2491 1312 2603 1366 ἀλλ’
2631 1314 2695 1366 ἐκ
2730 1312 2828 1382 τῆς
2857 1313 3005 1376 θείας
3049 1312 3234 1373 οὐσίας
3278 1310 3554 1382 ὑπάρχον·
3600 1307 3686 1360 διὸ
3724 1308 3828 1360 καὶ

556 1421 708 1470 num,
737 1414 791 1458 et
815 1403 904 1472 qui
944 1401 1158 1456 initium
1190 1414 1294 1452 non
1346 1396 1619 1459 habuerit,
1658 1401 1932 1462 nuncupat
1971 1409 1984 1444 :
2020 1412 2038 1444 ε
2072 1392 2129 1446 Si

2262 1406 2446 1460 ,ῑώνιον
2489 1407 2568 1468 εἰς
2593 1405 2767 1476 ἀρχὴν
2798 1405 2856 1458 τὸ
2887 1400 3024 1458 εἶναι
3069 1405 3142 1474 μὴ
3170 1402 3425 1472 εἰληφὼς,
3471 1404 3498 1456 6
3543 1402 3830 1472 μακάριος

554 1498 701 1552 enim
747 1493 990 1564 sanguis,
1043 1493 1246 1561 inquit,
1284 1490 1558 1544 hircorum
1605 1497 1659 1542 et
1717 1497 2038 1549 taurorum,
2079 1493 2134 1540 et

2262 1498 2364 1551 ιὺτὺ
2393 1497 2603 1561 Παῦλος
2633 1497 2898 1551 ἀποκαλεῖ
2916 1515 2929 1528 '
2963 1516 2981 1549 ι
3005 1499 3069 1550 Et
3093 1496 3201 1568 γὰρ
3225 1491 3384 1565 αἷμα,
3419 1496 3571 1566 φησὶ,
3595 1493 3829 1563 τράγων

556 1589 699 1643 cinis
742 1585 927 1641 vitula:
986 1597 1243 1651 aspersus
1275 1620 1292 1645 ,
1350 1580 1659 1649 inquinatos
1708 1577 2014 1633 sanctiﬁcat
2065 1577 2134 1631 ad

2262 1592 2328 1644 ιαὶ
2360 1592 2598 1666 ταύρων,
2633 1594 2726 1647 καὶ
2754 1595 2952 1658 σποδὸς
2991 1594 3282 1666 δαμάλεως
3317 1591 3644 1665 ῥαντίζουσα
3691 1592 3830 1653 τοὺς

558 1679 946 1752 perfectionem
977 1717 991 1741 ,
1029 1685 1233 1744 quanto
1284 1673 1456 1743 magis
1502 1672 1723 1741 sanguis
1755 1671 1993 1734 Christi.
2039 1669 2130 1738 qui

2262 1683 2670 1754 ιεκοινωμένους
2709 1685 2924 1752 ἁγιάζει
2975 1685 3112 1756 πρὸς
3159 1685 3473 1754 τελειότητα
3513 1682 3614 1754 (3),
3667 1683 3832 1751 πόσῳ

568 1733 666 1843 per
699 1770 960 1838 Spiritum
1008 1733 1256 1819 sanetum
1288 1733 1635 1832 semetipsum
1668 1761 1934 1815 obtulit“
1964 1763 1978 1814 ι
2019 1779 2036 1811 ι
2057 1733 2132 1814 Si

2262 1774 2441 1828 ιᾶλλον
2473 1733 2543 1829 ἵιτδ
2576 1733 2714 1846 αἷμα
2757 1733 3116 1848 ἔζρίστοῦῖός
3155 1777 3243 1830 διά
3293 1733 3614 1846 meum};
3661 1733 3827 1842 ἁγίου

561 1879 692 1934 ergo
724 1861 962 1929 Spiritus
991 1867 1218 1912 sanctus
1247 1865 1486 1909 aeternus
1509 1865 1612 1918 est,
1651 1864 1708 1908 et
1738 1854 1880 1908 Deus
1921 1867 2135 1922 quoque

2262 1863 2432 1916 αυτὸν
2489 1868 2864 1938 προσήνεγκεν
2893 1883 2907 1931 ;
2940 1885 2958 1918 ι
3028 1867 3090 1919 Εἰ
3139 1866 3316 1919 τοίνυν
3375 1865 3435 1918 τὸ
3477 1863 3702 1934 Πνεῦμα
3760 1863 3829 1915 τὸ

561 1964 824 2019 mternns,
868 1949 1155 2006 manifesta
1191 1948 1468 2002 conclusio
1491 1957 1595 2001 est.
1628 1945 1734 2001 Sed
1767 1947 1910 2000 enim
1939 1955 2134 2002 cuncta

2262 1955 2396 2022 ίγιον
2441 1955 2680 2024 αἰώνιον,
2737 1957 2831 2010 καὶ
2861 1959 2889 2012 6
2923 1957 3054 2021 Θεὸς
3093 1957 3331 2020 αίώνιος,
3379 1956 3536 2026 δῆλον
3586 1954 3646 2008 τὸ
3696 1972 3828 2008 συν-

565 2047 631 2100 de
660 2054 852 2098 sancto
891 2041 1099 2110 Spiritu
1147 2039 1473 2102 testimoni,
1506 2051 1625 2107 quae
1666 2039 1838 2106 ipsum
1873 2047 1926 2092 et
1972 2038 2138 2092 Deum

2262 2047 2525 2116 ιγόμενον·
2559 2049 2696 2102 ἀλλά
2730 2049 2909 2113 πάσας
2939 2049 3039 2121 μὲν
3068 2050 3167 2112 τὰς
3194 2049 3322 2121 περὶ
3353 2047 3444 2102 τοῦ
3471 2048 3625 2115 ἁγίου
3653 2047 3832 2100 Πνεύ-

563 2145 686 2190 esse
713 2144 768 2188 et
788 2134 1074 2187 Dominum
1104 2130 1424 2201 praedicant,
1451 2129 1811 2198 eumdcmque
1840 2143 1962 2182 cum
1977 2127 2139 2182 Patre

2262 2156 2413 2201 ιατος
2460 2142 2786 2212 μαρτυρίας,
2832 2143 2931 2206 τὰς
2974 2143 3069 2196 καὶ
3117 2143 3250 2196 Θεὸν
3297 2143 3428 2196 αὐτὸ
3478 2143 3571 2196 καὶ
3614 2141 3831 2211 Κύριον

566 2242 629 2280 ac
664 2225 805 2280 Filio
829 2225 942 2292 pari
972 2223 1164 2278 ordine
1189 2222 1481 2286 collocant,
1527 2221 1792 2275 studiosis
1836 2221 2140 2290 colligenda

2262 2229 2640 2300 ιηρυττούσας,
2690 2233 2783 2285 καὶ
2843 2233 3020 2304 Πατρὶ
3068 2234 3161 2287 καὶ
3217 2233 3332 2305 Υίῷ
3393 2234 3832 2301 συντεταγμένον

568 2315 961 2386 relinquimus:
992 2330 1088 2369 nos
1121 2330 1247 2368 vero
1280 2313 1345 2368 ad
1375 2313 1534 2380 hujus
1575 2312 1930 2368 institutionis
1955 2312 2144 2367 termi-

569 2411 695 2463 num
730 2421 1108 2478 properamus.

974 2623 1208 2681 XXVIII.
1243 2623 1320 2696 (l)
1365 2620 1516 2676 Fidei
1545 2638 1772 2676 summa.

643 2747 812 2820 igitur
852 2759 1013 2799 uuam
1057 2737 1341 2794 Trinitatis
1393 2743 1642 2789 naturam
1687 2748 1810 2788 esse
1849 2733 2144 2798 credimus,

572 2855 736 2897 unam
772 2833 1136 2892 substantiam
1193 2831 1244 2883 in
1302 2827 1472 2881 tribus
1505 2826 1751 2896 personis
1804 2833 2104 2893 spectatam
2131 2863 2147 2889 ,

573 2932 867 3008 potentiam
910 2923 1315 2995 impartibilem,
1343 2935 1566 2990 regnum
1606 2916 1933 2980 indivisum,
1985 2929 2150 2970 unam

2243 2321 2529 2389 λεγούσας,
2577 2324 2856 2394 συλλέγειν
2895 2329 3010 2389 τοῖς
3055 2327 3362 2397 φιλοπόνως
3396 2327 3823 2396 καταλίπωμεν·

2247 2411 2408 2480 ἡμεῖς
2435 2413 2490 2466 δὲ
2523 2415 2614 2467 ἐπὶ
2643 2415 2702 2468 τὸ
2735 2416 2888 2480 τέλος
2931 2418 3279 2490 ἐπειγώμεθα
3309 2418 3409 2488 τῆς
3454 2418 3828 2491 προκειμένης

2236 2484 2612 2571 διδασκαλίας.

2424 2601 2558 2656 KH'.
2621 2602 3166 2672 Ἀνακεεραλαίωσις
3207 2603 3318 2672 τῆς
3365 2605 3642 2671 πίστεως.

2320 2712 2512 2766 Τοίνυν
2543 2713 2672 2784 μίαν
2693 2715 2794 2785 τῆς
2838 2715 3065 2788 Τριάδος
3093 2719 3191 2790 τὴν
3223 2719 3382 2789 φύσιν
3404 2717 3542 2774 εἶναι
3573 2722 3824 2775 πιστεύο-

2254 2819 2374 2873 μεν,
2409 2805 2538 2874 μίαν
2565 2807 2754 2861 οὐσίαν
2783 2809 2840 2860 ὲν
2877 2809 3053 2880 τρισὶν
3103 2811 3358 2882 ἰδιότησιν
3396 2812 3822 2884 γνωριζομένην,

2250 2894 2349 2965 τὴν
2399 2895 2647 2961 ἐξουσίαν
2679 2898 2994 2968 ἀμέριστον,
3040 2902 3138 2971 τὴν
3183 2901 3457 2971 βασιλείαν
3499 2905 3822 2976 ἀδιαίρετον,

576 2987 833 3083 :Ieitatetn
866 3035 931 3076 ac
979 3017 1423 3074 don'tinationeur.
1472 3011 1590 3070 Sic-
1606 3011 1752 3067 enim
1777 3018 1832 3063 et
1871 3008 2054 3064 unitas
2095 3007 2148 3065 in

2262 2987 2641 3083 μίανᾼθεότητά
2662 3007 2721 3043 τε
2757 2993 2850 3045 καὶ
2879 2993 3193 3066 κυριότητα.
3230 2996 3386 3050 Οὕτω
3417 2998 3522 3069 γάρ
3548 2999 3641 3051 καὶ
3659 2999 3825 3069 μονὰς

580 3134 684 3173 una
715 3117 1013 3179 eademque
1053 3110 1358 3164 substantia
1389 3109 1820 3167 demonstratur,
1853 3112 1908 3157 et
1939 3101 2153 3156 trinitas

2262 3081 2312 3134 ὲν
2341 3079 2420 3152 τῷ
2447 3082 2628 3154 ταύτῷ
2658 3083 2758 3153 τῆς
2799 3084 2987 3148 οὐσίας
3022 3086 3316 3156 δείκνυται,
3349 3091 3443 3141 καὶ
3470 3092 3503 3161 ἡ
3533 3091 3701 3161 Τριάς
3726 3093 3826 3145 ούκ

581 3232 685 3271 non
717 3215 770 3268 in
803 3210 961 3267 nudis
1000 3206 1328 3268 nominibus,
1362 3201 1457 3256 sed
1487 3202 1539 3254 in
1578 3194 1958 3268 hypostasibus
1984 3206 2152 3261 agno-

580 3309 770 3363 scitur.
827 3303 945 3358 Non
975 3301 1120 3356 enim
1159 3312 1257 3352 nos
1303 3294 1534 3349 dicimus
1580 3303 1742 3343 unum
1786 3286 2112 3355 trionymum
2139 3320 2156 3348 ,

583 3397 736 3465 juxta
787 3389 1032 3452 Sabellii,
1073 3384 1290 3440 Photini
1329 3396 1394 3434 ac
1440 3377 1676 3433 Marcelli
1725 3374 2156 3430 contractionem

583 3497 637 3542 et
669 3483 1062 3540 confusionem.
1111 3476 1300 3546 Neque
1329 3473 1459 3528 item
1501 3471 1602 3524 tria
1636 3467 1868 3522 invicem
1900 3476 2160 3520 extranea

585 3588 639 3631 et
668 3577 876 3630 diversa
914 3569 1217 3628 substantia
1245 3565 1470 3636 praedita
1491 3601 1507 3628 ,
1550 3561 1858 3631 inaequalia,
1909 3574 1972 3613 ac
2001 3559 2162 3613 dissi-

588 3669 759 3734 milia,
791 3677 845 3721 et
877 3664 1023 3719 aliud
1054 3663 1159 3716 alio
1199 3658 1452 3728 superius
1481 3656 1581 3726 (2),
1604 3669 1726 3724 quae
1756 3668 1855 3708 nos
1886 3662 2066 3706 mente
2097 3666 2161 3706 ac

589 3761 767 3831 lingua
797 3759 1086 3812 metiamur
1119 3767 1183 3807 ac
1217 3752 1582 3822 ponderemus
1603 3785 1621 3812 ,
1667 3745 1824 3815 juxta
1858 3745 1976 3799 Arii
2025 3743 2163 3798 divi-

589 3855 824 3916 sionem,
858 3847 1250 3911 diversitatem,
1284 3853 1339 3898 et
1365 3841 1584 3909 impiam
1620 3837 1991 3893 curiositatem
2021 3853 2034 3890 :
2067 3835 2162 3889 sed

590 3957 704 4000 tres
753 3945 1094 4015 hypostases,
1159 3945 1548 3990 unam-autem
1596 3929 1878 3985 Trinitatis
1915 3937 2163 3982 naturam

591 4041 970 4106 incorpoream
1002 4071 1019 4097 ,
1076 4025 1445 4083 invertibilem
1477 4067 1492 4091 ,
1548 4017 1938 4078 immutabilem
1972 4056 1990 4082 ,
2057 4015 2165 4070 line

590 4126 819 4198 708m
877 4131 1178 4182 carentem,
1225 4114 1608 4176 immortalem,
1658 4110 1944 4173 inﬁnitam,
1985 4107 2165 4161 incor-

594 4215 928 4289 ruptibilem,
963 4207 1492 4276 iucircumscriptam
1529 4242 1543 4268 ,
1590 4203 1938 4264 illimitatam,
1982 4198 2166 4254 invisi-

593 4310 780 4376 bilem,
810 4320 1064 4361 arcanam
1095 4344 1112 4371 ,
1171 4299 1522 4361 ineﬂ‘ahilem,
1566 4293 1984 4349 ineuarrabilem
2018 4333 2033 4357 ,
2083 4291 2168 4344 in-

595 4395 1142 4469 comprehensibilem
1179 4431 1193 4456 ,
1235 4400 1380 4446 tactu
1457 4386 1733 4453 mentique
1811 4383 2163 4452 imperviam,

2257 3174 2314 3225 ὲν
2339 3173 2514 3243 ψιλοῖς
2541 3178 2652 3239 τοῖς
2676 3177 2922 3247 ὀνόμασι,
2950 3178 3064 3231 ἀλλ’
3092 3180 3149 3230 ἐν
3177 3183 3296 3244 ταῖς
3328 3181 3656 3235 ὑποστάσεσι
3689 3201 3828 3250 γνω·

2262 3265 2486 3336 ρίζεται.
2519 3268 2593 3319 Οὐ
2628 3267 2736 3339 γάρ
2769 3268 2826 3320 ἓν
2851 3269 3078 3340 λέγομεν
3098 3269 3408 3342 τριώνυμον
3443 3273 3583 3326 κατά
3612 3273 3709 3342 τὴν
3734 3272 3826 3325 τοῦ

2258 3357 2547 3411 Σαϐελλίου
2578 3360 2673 3412 καὶ
2703 3361 2965 3414 Φωτεινοῦ
3024 3362 3120 3414 καὶ
3159 3363 3480 3435 Μαρκέλλου
3523 3365 3829 3435 συναίρεσίν

2257 3466 2318 3502 τε
2342 3451 2435 3503 καὶ
2466 3453 2727 3520 σύγχυσιν
2752 3469 2765 3482 ο
2814 3452 2874 3505 οὐ
2904 3453 3033 3523 τρία
3055 3454 3328 3523 ἀλλόφυλά
3359 3472 3419 3507 τε
3455 3456 3549 3509 καὶ
3588 3457 3829 3527 ὲτεροού-

2263 3558 2370 3606 σια,
2404 3543 2563 3597 ἀνισα
2609 3544 2704 3597 καὶ
2749 3545 2998 3614 ἀνόμοια,
3040 3545 3284 3617 ἀλλήλων
3326 3548 3719 3618 ὑπερκείμενα,
3760 3549 3830 3618 νῷ

2261 3637 2356 3689 καὶ
2418 3636 2631 3708 γλώττῃ
2689 3638 3035 3709 μετρούμενά
3095 3656 3154 3692 τε
3223 3640 3318 3692 καὶ
3373 3640 3827 3711 ταλαντευόμενα.

2261 3727 2405 3782 κατά
2440 3729 2537 3800 τὴν
2577 3729 2785 3800 Ἀρείου
2817 3731 3078 3802 διαίρεσίν
3115 3748 3174 3784 τε
3213 3732 3305 3786 καὶ
3349 3730 3703 3804 ἀλλοτρίωσιν
3744 3734 3832 3786 καὶ

2261 3819 2498 3890 δυσσεὸῆ
2558 3822 3131 3894 πολυπραγμοσύνην·
3194 3823 3328 3876 άλλά
3381 3827 3531 3895 τρεῖς
3591 3825 3688 3895 μὲν
3740 3824 3832 3886 τὰς

2262 3911 2608 3978 ὑποστάσεις,
2645 3913 2772 3980 μίαν
2807 3911 2863 3965 δὲ
2893 3913 2988 3984 τῆς
3021 3913 3252 3985 Τριάδος
3282 3914 3376 3986 τὴν
3412 3914 3572 3983 φύσιν
3613 3914 3832 3985 ἀσώμαο

2263 4019 2376 4067 τον,
2408 4005 2695 4074 ἄτρεπτον,
2725 4003 3102 4069 ἀναλλοίωτον,
3133 4003 3505 4077 ἀτελεύτητον,
3549 4005 3828 4067 ἀθάνατον,

2266 4095 2530 4167 άπειρον,
2598 4095 2898 4165 ἄφθαρτον,
2940 4097 3372 4166 ἀπερίγραπτον,
3443 4096 3832 4166 ἀπερίληπτον,

2265 4189 2513 4259 ἀόρατον,
2549 4189 2752 4258 ἀσαφῆ,
2794 4189 3052 4261 άῤῥητον,
3093 4189 3389 4260 ἄφραστον,
3433 4189 3833 4259 ἀκατάληπτον,

2266 4279 2589 4347 ἀνέφικτον,
2641 4281 3030 4351 ἁπερινόητον,
3080 4279 3392 4352 αὑτοξωὴν,
3447 4280 3562 4349 φῶς
3613 4282 3836 4350 νοερὸν,

2271 4370 2453 4441 πηγὴν
2495 4371 2734 4438 ἀγαθῶν,
2784 4371 3052 4443 θησαυρὸν
3103 4372 3312 4441 σοφίας,
3363 4371 3690 4443 δημιουργὸν
3732 4371 3838 4425 τῶν

591 4463 783 4562 suapte
807 4496 1002 4540 natura
1036 4483 1329 4542 viventem,
1357 4477 1532 4531 lucem
1566 4473 2005 4538 intellectualem,
2038 4471 2158 4526 fou-

2269 4464 2426 4528 ὅλων,
2463 4463 2815 4534 κυϐερνῶσαν
2848 4465 2917 4518 τὰ
2970 4465 3166 4530 πάντα,
3220 4463 3412 4532 σοφίαν
3462 4463 3743 4516 ίθύνουσαν
3782 4463 3836 4514 τὸ

598 4590 704 4632 tem
739 4576 1029 4638 bonorum,
1063 4568 1347 4641 sapientia:
1402 4567 1718 4620 thesaurum
1749 4602 1763 4627 ,
1814 4578 1997 4617 rerutn
2041 4576 2161 4616 om-

594 4671 743 4724 nium
780 4665 1101 4721 creatricem
1136 4672 1190 4717 et
1211 4658 1671 4731 gubernatricem,
1696 4654 2018 4723 sapientiam
2047 4668 2166 4723 quae

596 4762 863 4815 universa:
914 4759 989 4812 rei
1039 4765 1237 4811 creata:
1292 4751 1562 4821 navigium
1627 4748 1832 4817 dirigit.
1880 4746 2028 4801 Hanc
2069 4761 2166 4801 nos

594 4856 753 4908 tidem
778 4861 1056 4906 tenemus:
1087 4849 1226 4902 hanc
1243 4846 1386 4899 enim
1407 4860 1435 4896 a
1457 4841 1719 4911 theologis
1741 4841 1871 4895 viris
1897 4839 2038 4894 docti
2061 4839 2163 4893 l'ui-

597 4962 734 5000 mus.
757 4945 825 4999 Iis
850 4953 1028 4998 autem
1049 4941 1138 5009 qui
1157 4939 1397 4992 humano
1421 4934 1702 4989 ratiocinio
1723 4932 2017 5003 disputant,
2039 4931 2164 4986 dici-

2269 4557 2368 4629 τῆς
2398 4555 2626 4620 κτίσεως
2651 4556 2880 4626 σκάφος.
2915 4556 3133 4625 Ταύτην
3158 4556 3255 4626 τὴν
3292 4556 3474 4608 πίστιν
3500 4555 3799 4625 κατέχομεν
3821 4571 3832 4582 ο

2272 4649 2475 4723 ταύτην
2496 4651 2601 4722 γάρ
2633 4651 2783 4721 παρά
2806 4650 2914 4703 τῶν
2942 4649 3206 4718 θεολόγων
3230 4629 3438 4720 ἀνδρῶν
3465 4648 3830 4718 ἐδιδάχθημεν.

2274 4742 2417 4815 Πρὸς
2458 4743 2512 4796 δὲ
2557 4745 2682 4805 τοὺς
2725 4742 2834 4796 ἀπὸ
2867 4741 3242 4812 συλλογισμῶν
3279 4740 3695 4813 διαλεγομένους
3745 4739 3830 4808 (ι),

2272 4839 2532 4906 εἴπωμεν·
2575 4835 2787 4904 Ἐκείνη
2847 4851 2940 4887 σου
2992 4836 3024 4904 ἠ
3071 4836 3246 4905 μερὶς,
3295 4835 3502 4897 ἐκεῖνος
3549 4836 3578 4888 6
3624 4833 3827 4904 κλῆρος,

2269 4928 2426 4999 ἡμῶν
2457 4929 2513 4981 δὲ
2544 4928 2699 4999 μερὶς
2740 4927 2963 5000 Κύριος,
2992 4919 3036 4993 ᾧ
3066 4925 3504 4990 ἀκολουθοῦντες,
3554 4924 3654 4997 τὴν
3681 4923 3829 4994 ὀρθὴν

658 5120 704 5151 ⁶¹
739 5129 759 5184 ι
793 5130 933 5184 Petr.
969 5143 1040 5190 tv,
1072 5126 1156 5179 14.
1228 5120 1274 5153 ⁸³
1303 5121 1322 5174 l
1349 5118 1506 5173 Joan.
1544 5133 1616 5182 tv,
1653 5117 1737 5170 13.
1807 5115 1852 5148 ⁸⁸
1881 5113 2044 5169 Hebr.
2069 5130 2144 5181 ιι,
2174 5114 2258 5182 15,
2288 5113 2374 5167 Η.

669 5312 746 5379 (ὶ)
786 5311 981 5363 Mirum
1012 5317 1114 5369 est,
1152 5304 1292 5379 quod
1336 5300 1468 5354 illud
1506 5299 1665 5379 etiam
1696 5296 1898 5379 editum
1929 5296 2030 5350 sub
2057 5293 2160 5379 Cy:

599 5365 701 5432 rilli
730 5365 909 5439 Ilalsu,
942 5388 999 5429 ut
1040 5365 1184 5430 πηοί
1216 5377 1476 5432 dicemus,
1503 5371 1743 5428 numine,
1774 5365 2158 5439 diversuut_ab

599 5452 699 5502 ltoc
730 5433 931 5505 nostro,
967 5445 1280 5513 Opusculum
1314 5442 1388 5493 De
1425 5439 1704 5513 Trmitate,
1736 5433 2162 5513 postreuto__Au-

595 5519 819 5573 bertina:
867 5504 1116 5568 editionis
1160 5524 1323 5574 tomo,
1360 5516 1412 5563 in
1456 5509 1683 5573 emunita
1737 5504 1928 5565 sxvttt,
1969 5504 2160 5557 tribui-

598 5601 705 5642 Μὶν.

2270 5307 2405 5351 state
2442 5297 2681 5358 adunati,
2713 5303 2760 5347 et
2792 5309 2928 5346 unus
2960 5292 3116 5346 Deus.

2344 5369 2419 5438 (ὅ)
2462 5367 2641 5438 Ita_est
2665 5354 2802 5433 apud
2822 5364 3118 5438 guttula;
3146 5373 3450 5438 quanquam
3475 5357 3639 5438 etiam
3669 5354 3831 5438 codex

2270 5426 2497 5492 biblictts
2516 5426 2802 5489 Vaticanus
2821 5426 2909 5486 ille
2928 5434 3066 5485 πάνυ
3087 5426 3279 5486 haheat
3301 5426 3423 5484 cum
3446 5427 3688 5481 exteris:
3711 5426 3836 5494 πρὸς

2267 5509 2367 5578 τὴν
2401 5511 2499 5577 τῆς
2539 5505 2756 5578 σαρκὸς,
2776 5504 3140 5578 καθαρότητα.

2339 5580 2418 5646 (4)
2456 5565 2554 5631 ilic
2585 5565 2867 5644 perspicue
2909 5565 3297 5629 ratiéualitatis
3336 5572 3581 5622 humana:
3617 5565 3831 5618 abusum

668 5640 742 5726 (9.)
784 5651 1112 5725 Augustinus
1150 5666 1312 5706 serm.
1344 5647 1468 5726 ῇβ-ί,
1495 5647 1570 5726 ’ἵε
1594 5643 1762 5726 Pater
1798 5653 1845 5724 et
1891 5640 2065 5726 Filius
2095 5655 2160 5722 ,ιι
2267 5640 2501 5719 Cyrinus
2527 5640 2815 5718 vituperat.

596 5713 824 5800 Spiritu:
858 5713 1071 5781 {unctus
1100 5737 1198 5777 non
1231 5718 1473 5796 gradibus
1505 5715 1602 5765 sibi
1631 5714 1844 5778 adjecit,
1871 5713 1959 5765 sed
1997 5713 2159 5780 maje-
