4038 6200
319 188 459 245 H97

1412 184 1500 239 DE
1530 182 2047 242 ‘lNC.\llNA'l‘IONE
2098 181 2467 242 UMG‘ENI’I‘I.

3442 187 3578 245 “98

317 307 434 377 ρδς,
467 308 501 377 ἡ
545 304 630 360 τοῦ
674 305 882 375 κόσμου
927 303 1172 373 σωτηρία
1220 302 1313 356 καὶ
1342 301 1456 373 ζωὴ
1479 341 1495 366 ,
1524 304 1619 356 καὶ
1676 304 1891 356 διόλωλε

2007 300 2210 369 ιυίιιοιιι
2230 310 2310 356 est
2324 316 2422 370 pro
2444 301 2619 366 nobis,
2635 317 2807 368 neque
2824 300 3126 356 resurrexit
3143 301 3410 359 Christus.
3425 306 3576 371 Quo.t

315 398 602 462 παντελῶς
647 400 680 467 ή
717 397 824 449 τῶν
852 398 909 448 ἐν
943 396 1122 449 πίστει
1171 393 1585 465 κεκοιμημένων
1620 394 1795 458 ἐλπίς.
1825 393 1896 448 Εὖ

318 492 427 563 γὰρ
460 484 561 544 ὧδε
588 490 732 560 ἔχειν
765 488 940 542 ἐδόκει
971 487 1065 540 καὶ
1095 487 1173 556 τῷ
1205 488 1461 557 μακαρίῳ
1499 485 1717 556 Παύλῳ,
1753 504 1895 557 παρ-

316 583 495 637 έδωκα
520 582 629 653 γὰρ
651 581 801 650 ὑμῖν,
825 585 1011 649 φησιν,
1033 579 1091 631 ὲν
1118 577 1376 648 πρώτοις,
1395 576 1424 629 ὃ
1447 577 1542 630 καὶ
1567 575 1897 648 παρέλαϐον.

317 675 402 729 ὅτι
434 673 669 745 Χριστὸς
716 670 987 725 ἀπέθανεν
1036 668 1178 740 ὑπὲρ
1224 667 1333 722 τῶν
1381 668 1666 740 ἁμαρτιῶν
1716 667 1896 739 ἡμῶν,

317 768 459 820 κατὰ
485 767 585 829 τὰς
612 763 857 834 Γραφάς,
890 762 984 816 καὶ
1012 761 1093 814 ὅτι
1130 759 1328 830 ἐτάφη,
1361 759 1456 814 καὶ
1485 760 1567 813 ὅτι
1600 759 1899 831 ἐγήγερται

314 862 383 929 τῇ
414 857 597 927 ἡμέρᾳ
624 858 689 926 τῇ
728 854 908 925 τρίτῃ.
951 851 1092 905 κατὰ
1128 851 1224 914 τὰς
1248 850 1491 921 Γραφὰς,
1520 851 1614 903 καὶ
1639 851 1719 903 ότι
1742 849 1894 922 ὧσθη
1938 892 1954 901 .

320 951 509 1020 Κηφᾷ,
544 944 663 1000 εἶτα
681 949 792 1009 τοῖς
815 945 1045 1007 δώδεκα,
1085 943 1273 996 ἔπειτα
1303 941 1459 1011 ὤφθη
1485 941 1670 997 ἐπάνω
1698 958 1893 995 πενταο

322 1040 527 1102 κοσίοις
567 1038 817 1106 ἀδελφοῖς
849 1033 1085 1106 ἐφάπαξ,
1112 1034 1170 1097 ἐξ
1197 1026 1269 1086 ῶν
1296 1034 1344 1085 οἱ
1368 1031 1609 1093 πλείονες
1645 1031 1895 1101 μένουσιν

320 1130 429 1193 ἓως
459 1129 604 1199 ἄρτι.
637 1128 776 1187 τινὲς
811 1124 867 1178 δὲ
908 1126 999 1179 καὶ
1027 1124 1420 1194 ἐκοιμήθησαν·
1469 1123 1699 1176 Ἔπειτα
1739 1122 1893 1194 ὥῖθη

338 1219 596 1288 ’1ακώ6ῳ,
629 1218 820 1270 ἔπειτα
857 1219 969 1279 τοῖς
994 1215 1312 1278 ἀποστόλοις
1361 1215 1547 1279 πᾶσιν,
1589 1214 1813 1284 ἔσχατον
1840 1214 1894 1268 δὲ

324 1311 560 1370 πάντων,
583 1308 824 1378 ὡσπερεί
844 1324 921 1376 τῳ
940 1304 1272 1375 ἐκτρώματι,
1292 1304 1476 1375 φησιν,
1497 1304 1650 1374 diqu
1669 1305 1853 1374 κάμοί.
1870 1324 1888 1357 ι

326 1401 433 1452 Καὶ
464 1399 581 1468 μεθ’
604 1398 766 1468 ἔτερα
807 1397 991 1449 πάλιν·
1027 1414 1044 1446 ι
1087 1397 1147 1447 Εἰ
1174 1394 1229 1448 δὲ
1264 1394 1493 1465 Χριστὸς
1534 1396 1892 1466 κηρύσσεται,

320 1493 403 1544 ὅτι
434 1492 497 1542 ἐκ
535 1487 743 1559 νεκρῶν
778 1488 1095 1557 ἐγήγερται,
1138 1484 1254 1547 πῶς
1294 1482 1544 1553 λέγουσιν
1574 1486 1631 1537 ὲν
1662 1484 1791 1554 ὑμῖν
1816 1503 1895 1538 τιο

319 1597 435 1643 νες,
465 1579 546 1630 ὅτι
573 1574 1108 1645 ἁνάστασις,νεκρῶν
1139 1576 1236 1627 ούκ
1264 1574 1441 1641 ἔστινς
1476 1576 1525 1628 εἰ
1560 1574 1617 1626 δὲ
1648 1575 1895 1628 ἀνάστα-

1998 402 2145 447 certe
2178 394 2221 446 si
2256 402 2314 445 ut
2343 408 2527 447 verum
2555 393 2893 459 admittatur,
2914 392 3071 460 periit
3094 393 3472 456 ﬁdesmrblata
3495 411 3579 450 est

1998 500 2154 548 i-rux.
2175 484 2356 537 mundi
2379 484 2524 539 salus
2546 500 2609 539 ac
2628 486 2735 538 vita
2755 504 2769 551 ;
2789 485 3013 555 atquein
3030 487 3338 540 universum
3373 489 3580 542 interiit

1994 589 2183 630 eorum
2220 576 2310 644 qui
2348 576 2401 630 in
2442 576 2544 630 lide
2572 578 3141 646 obdormieruntspes.
3169 576 3246 633 Ita
3279 580 3424 633 enim
3454 596 3578 634 sese

2002 682 2112 720 rem
2135 666 2353 731 habere,
2372 666 2535 720 etiam
2560 667 2719 724 beato
2741 668 2908 724 Paulo
2945 668 3118 724 visum
3148 678 3233 724 est
3265 688 3280 725 :
3309 688 3328 720 ι
3355 670 3575 725 Tradidi

1997 757 2161 823 enim,
2191 758 2384 827 inquit,
2427 758 2582 814 vobis
2616 760 2667 814 in
2715 761 2905 831 primis
2936 763 3078 828 quod
3108 770 3165 816 et
3191 764 3396 831 accepi,
3445 779 3581 831 quo-

1998 849 2140 903 niam
2168 848 2418 905 Christus
2441 858 2683 907 mortuus
2702 862 2784 908 est
2800 867 2897 923 pro
2922 856 3088 926 682
3112 855 3351 924 peccatis
3378 856 3579 910 uestris

1997 940 2293 995 secundum
2316 939 2624 1009 Scripturas
2652 962 2664 996 :
2699 953 2751 997 et
2783 946 2925 1013 quod
2953 947 3197 1013 sepultus
3222 955 3328 1012 est,
3356 957 3409 1001 et
3435 950 3577 1015 quod

1998 1030 2295 1084 resurrexit
2314 1030 2472 1086 tertia
2491 1031 2576 1085 die
2597 1034 2893 1088 secundum
2918 1033 3248 1106 Scripturas,
3269 1047 3323 1091 et
3348 1038 3489 1105 quod
3507 1039 3580 1091 vi-

1927 1196 1937 1207 .
1994 1135 2089 1175 sus
2108 1123 2427 1194 esthpbzn,
2451 1141 2515 1180 ac
2541 1134 2723 1194 pestes
2751 1127 3053 1183 duodecim.
3088 1130 3288 1184 Deinde
3322 1131 3468 1184 visus
3497 1145 3579 1185 est

1997 1211 2288 1281 plusquam
2311 1216 2621 1285 quingentis
2643 1216 2898 1274 fratribus
2919 1221 3078 1275 simul
3095 1262 3111 1287 ,
3125 1237 3190 1276 ex
3208 1223 3407 1290 quibus
3425 1224 3578 1278 multi

1997 1314 2217 1356 manent
2263 1320 2430 1374 usque
2481 1309 2676 1373 adhuc,
2726 1311 2943 1378 quidam
2989 1322 3169 1367 autem
3215 1313 3570 1369 dormierunt.

2000 1390 2201 1448 Deinde
2248 1396 2395 1450 visus
2416 1408 2501 1451 est
2527 1397 2752 1463 Jacobo,
2784 1402 2979 1457 deinde
3009 1402 3269 1474 apostolis
3291 1408 3576 1472 omnibus,

1997 1484 2291 1542 novissime
2318 1497 2498 1542 autem
2522 1491 2763 1544 omnium
2794 1502 3047 1562 tanquam
3078 1498 3347 1560 abortivo,
3381 1496 3578 1567 inquit,

2000 1576 2143 1631 visus
2159 1588 2243 1632 est
2261 1587 2316 1632 et
2331 1578 2460 1633 mihi
2478 1579 2570 1634 ".r
2591 1580 2655 1634 Et
2673 1584 2829 1650 paulo
2848 1596 2993 1651 post:
3015 1603 3033 1636 ι
3058 1586 3114 1638 Si
3133 1601 3309 1643 autem
3329 1591 3581 1646 Christus

323 1688 404 1732 at;
435 1670 646 1739 νεκρῶν
674 1669 774 1722 οὐκ
801 1669 970 1733 ἐστιν,
1000 1666 1119 1720 οῦδὲ
1149 1664 1382 1736 Χριστὸς
1409 1666 1721 1738 ἐγήγερται.
1750 1667 1814 1719 Εἰ
1838 1666 1896 1719 δὲ

2007 1669 2339 1736 praedicatur,
2358 1672 2498 1741 quod
2516 1676 2813 1729 resurrexit
2832 1691 2862 1729 a
2884 1678 3113 1733 mortuis
3134 1720 3148 1743 ,
3174 1682 3442 1747 quomodo
3463 1699 3578 1750 qni-

322 1759 552 1832 Χριστὸς
574 1759 672 1812 ούκ
702 1759 1020 1827 ἐγήγερται,
1041 1756 1196 1810 κενὸν
1219 1756 1327 1827 ἄρα
1344 1755 1405 1808 τὸ
1433 1756 1693 1825 κήρυγμα
1716 1752 1893 1824 ἡμῶν,

324 1853 456 1924 κενὴ
496 1851 592 1906 καὶ
620 1853 654 1922 ἡ
676 1850 855 1912 πίστις
881 1849 1056 1920 ἡμῶν.
1093 1847 1477 1919 Εύρισκόμεθα
1496 1847 1554 1900 δὲ
1589 1847 1684 1900 καὶ
1707 1846 1898 1916 ψευδο·

328 1945 601 2015 μάρτυρες
638 1941 731 1994 τοῦ
763 1938 919 2001 θεοῦ,
962 1940 1043 1992 ὅτι
1075 1939 1264 2008 ηγειρε
1313 1938 1404 1990 τὸν
1426 1936 1677 2009 Χριστὸν,
1709 1936 1767 1989 ὃν
1799 1936 1900 1989 οὐκ

327 2033 566 2103 ἦγειρεν,
596 2030 753 2101 εἰπερ
777 2030 883 2100 ἄρα
911 2029 1096 2099 νεκροὶ
1124 2028 1224 2081 ούκ
1258 2027 1585 2098 ἐγείρονται.
1623 2046 1641 2077 ι
1665 2024 1900 2097 Τεθναίη

327 2124 434 2194 γὰρ
467 2123 553 2186 ἂν,
585 2122 704 2175 εἰπέ
741 2138 854 2192 μοι,
887 2121 1012 2174 τίνα
1056 2120 1119 2190 δὴ
1154 2118 1355 2191 τρόπον
1389 2120 1611 2190 quid;
1645 2118 1767 2183 Πῶς
1808 2113 1900 2172 οῦν

324 2214 591 2285 ἀνέστησε
617 2214 708 2266 τὸν
746 2213 980 2285 Χριστὸν
1012 2213 1040 2265 ό
1076 2211 1264 2283 Πατὴρ
1285 2250 1299 2272 ,
1349 2210 1507 2263 σκιὰν
1532 2210 1661 2264 ὄντα
1692 2212 1786 2264 καὶ
1818 2209 1904 2263 δό-

326 2321 506 2374 κησιν,
542 2304 639 2356 καὶ
675 2306 785 2366 τοῖς
805 2303 897 2355 τοῦ
935 2302 1164 2356 θανάτου
1200 2303 1417 2373 δεσμοῖς
1451 2303 1549 2372 ούχ
1588 2302 1899 2373 ἁλώσιμον;

325 2398 571 2468 Οῖχέσθω
599 2398 663 2470 δὴ
693 2393 785 2450 οὖν
817 2397 845 2449 ὁ
883 2397 1105 2449 ἐκείνων
1130 2396 1355 2466 ἔμετος,
1399 2394 1566 2465 μῦθον
1603 2396 1662 2449 δὲ
1700 2395 1900 2461 ἄλλως,

328 2492 420 2544 καὶ
449 2490 663 2544 ἀνοσίου
715 2489 912 2560 βουλῆς
961 2488 1399 2558 ἀποὸράσματα,
1452 2488 1519 2541 τὰ
1556 2488 1684 2557 παρ’
1719 2488 1903 2552 αὐτοῖς

329 2582 610 2653 ἡγώμεθα.
643 2584 781 2646 Τοὺς
826 2582 933 2651 γὰρ
966 2579 1238 2643 τοιούτους
1279 2580 1406 2650 ἡμῖν
1452 2579 1904 2651 προκαταμηνύει

330 2674 555 2742 γράφων
594 2673 686 2726 τοῦ
712 2674 963 2743 Σωτῆρος
984 2672 1012 2724 ὁ
1044 2669 1313 2742 μαθητὴς,
1355 2669 1437 2723 ὅτι
1482 2688 1501 2722 ι
1548 2669 1739 2723 Πολλοὶ
1773 2669 1907 2741 ψευ-

332 2764 663 2834 δοπροφῆται
697 2763 1078 2834 ἐξεληλύθασιν
1113 2765 1192 2826 εἰς
1214 2763 1306 2814 τὸν
1348 2762 1574 2832 κόσμον.
1619 2762 1708 2815 Ἐν
1729 2762 1905 2833 τούτῳ

332 2855 663 2924 γινώσκεται
684 2856 743 2908 τὸ
776 2855 1001 2925 Πνεῦμα
1025 2855 1118 2909 τοῦ
1138 2855 1294 2909 Θεοῦ.
1322 2856 1438 2910 Πᾶν
1471 2855 1697 2926 Πνεῦμα
1720 2856 1749 2911 ὃ
1772 2857 1905 2927 ὁμο·-

329 2948 479 3017 λογεῖ
524 2946 732 3018 Ἰησοῦν
778 2947 1008 3018 Χριστὸν
1036 2949 1094 2999 ὲν
1137 2946 1302 3018 σαρκλ⁵
1341 2947 1668 3019 ἐληλυθότα,
1702 2949 1769 3003 ὲκ
1806 2946 1903 3002 τοῦ

330 3039 465 3092 Θεοῦ
495 3040 630 3091 ἐστι.
670 3053 709 3090 ι·
729 3038 836 3091 Καὶ
864 3036 1014 3089 τοῦτό
1060 3038 1177 3088 ἐστι
1208 3037 1269 3090 τὸ
1295 3036 1389 3093 τοῦ
1448 3036 1840 3109 Ἀντιχρίστου,
1874 3036 1904 3091 ὃ

328 3133 604 3200 ἀκηκόατε
635 3132 717 3184 ὅτι
749 3130 1004 3201 ἔρχεται,
1043 3131 1136 3183 καὶ
1160 3130 1254 3183 νῦν
1297 3132 1354 3184 ὲν
1389 3129 1467 3201 τῷ
1520 3131 1711 3202 κόσμῳ
1756 3130 1906 3185 ἐστὶν

330 3226 451 3297 ἤδη.
479 3224 539 3276 Εἰ
568 3225 676 3294 γὰρ
703 3223 779 3296 μὴ
816 3224 1037 3292 γέγονεν
1062 3221 1369 3294 ἄνθρωπος,
1408 3225 1546 3294 μήτε
1581 3224 1688 3294 μὴν
1709 3223 1906 3278 ἀναϐέ-

334 3316 498 3384 ϐηκεν
530 3317 585 3367 ἐν
616 3316 779 3385 σαρκὶ
826 3316 963 3386 πρὸς
1002 3316 1095 3367 τὸν
1125 3318 1181 3368 ὲν
1231 3319 1341 3380 τοῖς
1391 3317 1638 3387 οὐρανοῖς
1684 3315 1905 3387 Πατέρα

335 3402 427 3454 καὶ
459 3404 611 3468 Θεὸν,
663 3402 773 3456 οὐδ’
828 3402 892 3455 ἂν
940 3403 1335 3474 ὑποστρέψειεν
1393 3403 1455 3468 ἐξ
1489 3403 1721 3473 οὐρανοῦ
1782 3402 1905 3457 καθ’

337 3496 501 3565 ἡμᾶς,
523 3496 805 3566 ἄνθρωπος
834 3494 1080 3564 δηλονότι
1114 3496 1206 3548 καὶ
1238 3498 1295 3549 ἐν
1328 3495 1517 3567 σαρκί.
1542 3496 1611 3547 Ἦ
1625 3495 1906 3565 ούκάτρε-

335 3587 406 3656 κῆ
444 3605 525 3640 σοι
556 3589 715 3656 φάναι
746 3586 924 3653 δοκῶ;

1998 1760 2122 1814 dam
2145 1761 2331 1817 dicunt
2358 1762 2410 1816 in
2441 1764 2591 1821 vobis
2615 1767 2869 1836 quoniam
2897 1770 3222 1824 resurrectio
3244 1782 3581 1826 mortuorum

2000 1864 2105 1903 non
2140 1851 2259 1905 est?
2300 1852 2355 1906 Si
2385 1863 2562 1908 autem
2612 1857 2944 1913 resurrectio
2973 1870 3308 1916 mortuorum
3342 1878 3579 1924 nonest.

1999 1953 2175 2009 neque
2195 1940 2442 1997 Christus
2462 1945 2770 2000 resurrexit.
2796 1943 2851 2000 Si
2880 1957 3060 2002 autent
3088 1950 3336 2007 Christus
3361 1969 3465 2007 non
3502 1970 3585 2008 re»

2001 2029 2262 2090 surrexit.
2293 2032 2469 2089 inanis
2500 2044 2582 2089 est
2621 2050 2752 2105 ergo
2797 2036 3109 2106 praedicatio
3151 2050 3356 2107 nostra,
3405 2043 3584 2101 inanis

2001 2130 2085 2173 est
2123 2130 2178 2175 et
2220 2122 2353 2178 lides
2380 2134 2599 2192 nostra;
2640 2126 2945 2182 invenimur
2970 2140 3149 2185 autem
3181 2141 3234 2185 ct
3269 2131 3385 2187 falsi
3417 2144 3586 2190 testes

2004 2210 2123 2277 Dei,
2151 2214 2406 2282 quoniam
2444 2217 2807 2271 testimonium
2833 2219 3071 2275 diximus
3101 2224 3362 2281 adversus
3392 2225 3582 2292 Deum,

2005 2305 2147 2371 quod
2177 2306 2522 2362 snSi-itaverit
2553 2309 2853 2369 Christum.
2880 2327 3040 2381 quem
3072 2330 3177 2368 nou
3202 2318 3509 2385 suscitavit,
3537 2323 3582 2375 si

2006 2394 2204 2448 mortui
2233 2412 2337 2449 non
2373 2408 2659 2467 resurgunt
2684 2399 2749 2453 ⁸⁸.
2781 2418 2800 2451 ι
2830 2402 3075 2466 Quonam
3103 2404 3248 2458 enim
3280 2416 3459 2476 pacto,
3483 2410 3582 2467 ob-

2004 2500 2187 2552 secro,
2217 2486 2485 2544 moriatur
2523 2490 2760 2545 umbra?
2793 2495 3071 2559 Quomodo
3118 2497 3280 2565 igitur
3304 2499 3587 2554 suscitavit

2005 2576 2279 2632 Christum
2316 2578 2500 2647 Pater,
2529 2597 2651 2636 cum
2697 2582 2886 2638 umbra
2931 2596 3138 2639 tantum
3180 2598 3234 2642 et
3265 2588 3585 2661 imaginaria

2007 2668 2251 2738 quaedam
2287 2674 2599 2742 apparentia
2628 2686 2797 2740 esset,
2837 2687 2893 2732 et
2939 2679 3131 2735 mortis
3157 2681 3386 2738 vinculis
3411 2683 3585 2738 obuo-

2008 2761 2133 2817 xius
2178 2778 2284 2818 non
2314 2765 2498 2819 esset?
2540 2765 2736 2821 Procul
2778 2767 2940 2838 igitur
2971 2770 3204 2825 facessat
3240 2772 3454 2828 illorum
3491 2790 3585 2828 vo-

2010 2853 2182 2915 mitio,
2229 2855 2365 2924 quin‘
2391 2856 2569 2926 potius
2620 2858 2854 2912 fabulam
2899 2859 3158 2930 impiique
3187 2863 3352 2918 animi
3392 2866 3581 2921 ebulli-

2013 2945 2184 2998 tiones
2215 2946 2609 3001 existimemus.
2646 2948 2919 3019 Ejusmodi
2951 2951 3094 3006 enim
3122 2953 3278 3007 nobis
3305 2966 3461 3009 antea
3494 2958 3588 3011 de-

2010 3035 2232 3106 scripsit
2281 3034 2586 3092 Servatoris
2630 3039 2799 3093 nostri
2839 3040 3136 3110 discipulus
3185 3061 3197 3097 :
3240 3062 3258 3096 ι
3291 3043 3467 3111 Multi,
3506 3048 3589 3102 in-

2012 3129 2223 3196 quiens,
2275 3130 2758 3201 pseudoprophcta:
2807 3134 3058 3187 exierunt
3105 3139 3156 3188 in
3196 3140 3478 3197 mundum.
3533 3142 3586 3194 In

2011 3223 2113 3275 hoc
2158 3222 2508 3291 cognoscitur
2553 3221 2791 3292 Spiritus
2839 3226 2953 3282 Dei.
3007 3228 3196 3283 Omnis
3230 3232 3454 3298 spiritus
3496 3236 3586 3300 qui

2011 3315 2300 3369 conﬁtetur
2323 3314 2506 3370 Jesum
2537 3316 2811 3372 Christum
2851 3320 2903 3374 in
2929 3337 3094 3377 carne
3126 3325 3360 3388 venisse.
3386 3342 3452 3379 ex
3483 3328 3591 3380 Dro

2010 3414 2117 3461 esr.
2167 3423 2185 3455 ι
2226 3406 2287 3458 Et
2328 3406 2507 3461 omnis
2549 3408 2772 3477 spiritus
2802 3412 2892 3479 qui
2928 3428 3032 3466 non
3060 3417 3348 3470 Conﬁtetnr
3375 3415 3587 3482 Jesum,

2012 3509 2077 3548 ex
2113 3495 2218 3549 Dco
2242 3512 2345 3549 non
2374 3507 2475 3552 est.
2509 3499 2687 3568 Atque
2714 3500 2816 3554 hoc
2851 3513 2927 3556 est
2966 3504 3032 3556 de
3060 3507 3423 3569 Antechristo.
3447 3513 3589 3578 quod

2014 3583 2266 3651 audistis,
2300 3587 2555 3655 quoniam
2610 3588 2808 3651 veniet,
2846 3601 2899 3643 et
2933 3608 3074 3646 nunc
3118 3595 3230 3663 jum
3283 3597 3337 3647 in
3395 3605 3592 3650 nmmln

335 3696 418 3737 cst
451 3684 516 3735 ”.
554 3703 571 3733 ι
608 3684 662 3735 Si
692 3686 833 3737 enim
864 3685 1024 3736 Immo
1056 3681 1231 3737 factus
1261 3698 1367 3737 non
1413 3692 1518 3749 est,
1565 3671 1737 3751 neque
1803 3680 2045 3735 ascendit
2075 3680 2125 3731 in
2196 3696 2358 3734 carne
2394 3681 2445 3733 in
2490 3681 2657 3735 malos
2697 3685 2761 3736 ad
2814 3681 3029 3738 Patrem
3074 3702 3138 3741 ac
3189 3690 3378 3754 Dt‘llm,
3417 3707 3593 3763 neque

339 3782 517 3835 redire
552 3782 734 3847 poterit
770 3796 832 3833 ex
862 3781 1002 3835 ctelo
1030 3780 1186 3835 nobis
1211 3779 1423 3845 similis,
1455 3780 1617 3834 homo
1642 3776 1939 3847 nimirum,
1960 3786 2012 3830 et
2044 3776 2095 3828 in
2126 3790 2309 3828 rarnc.
2344 3775 2500 3830 Anne
2530 3776 2623 3830 tibi
2666 3792 2787 3831 vera
2828 3778 3007 3833 dicere
3041 3782 3265 3836 videor?

410 3876 472 3931 Β.
506 3876 615 3928 Καὶ
644 3876 807 3941 μάλα.

409 3970 477 4020 Δ.
507 3968 581 4019 Τὸ
607 3967 662 4019 δὲ
684 3967 746 4037 δὴ
768 3967 860 4019 mi
889 3967 1106 4041 ἐτέρους
1136 3965 1341 4021 οἴεσθαί
1372 3983 1431 4018 τε
1466 3965 1560 4018 καὶ
1581 3965 1797 4035 φρονεῖν
1850 3961 1911 4027 ἐξ

337 4056 653 4127 ἀμετρήτου
682 4057 924 4121 νωθείας,
953 4058 1165 4125 γένεσιν
1200 4056 1297 4126 μὲν
1344 4053 1643 4125 ἁνῄνασθαι
1680 4053 1780 4125 τὴν
1823 4052 1913 4106 διὰ

338 4147 434 4217 τῆς
473 4147 636 4215 ἁγίας
672 4147 945 4218 Παρθένου
967 4189 983 4213 ,
1013 4148 1104 4201 τὸν
1130 4148 1195 4200 ὲκ
1216 4145 1351 4199 Θεοῦ
1389 4145 1559 4215 φύντα
1595 4146 1786 4214 Λόγον,
1819 4146 1913 4197 καὶ

2083 3867 2145 3924 Β.
2186 3869 2437 3925 Omnino.

2086 3961 2152 4014 A.
2194 3958 2343 4025 Quod
2371 3974 2494 4014 vero
2518 3960 2608 4015 alii
2637 3977 2702 4016 ex
2730 3962 2990 4018 immensa
3021 3968 3254 4036 quadam
3278 3969 3593 4040 stupiditate

2019 4052 2253 4107 Verbum
2288 4068 2350 4107 ex
2404 4051 2514 4106 Deo
2556 4053 2792 4122 genitum
2842 4059 2990 4110 nasci
3036 4075 3100 4112 ex
3150 4071 3334 4115 sancta
3376 4061 3594 4133 Virgine

2022 4144 2277 4205 uoluisse,
2307 4153 2361 4196 ct
2395 4153 2639 4198 naturam
2668 4156 2908 4202 n0stram
2955 4150 3246 4218 respuisse,
3292 4154 3385 4206 sed
3415 4156 3594 4223 potius

338 4209 500 4309 φύσιν
523 4209 800 4309 ⁷ἀτιμάσαι
850 4209 1119 4311 τὴνάαθ*
1162 4240 1328 4310 ἡμᾶς,
1366 4209 1813 4312 τξαρατετράιρθαι
1859 4236 1915 4290 δὲ

2020 4245 2282 4288 mutatmn
2318 4236 2494 4304 ipsum
2526 4234 2579 4290 in
2620 4252 2838 4292 carnem
2888 4248 3161 4295 terrenam
3209 4246 3589 4300 contendunt:

343 4332 540 4402 μᾶλλον
573 4333 737 4385 αὑτὸν
772 4334 851 4395 εἰς
875 4332 972 4403 τὴν
1002 4332 1112 4385 ἀπὸ
1129 4332 1232 4401 γῆς
1258 4332 1457 4402 σάρκα,
1486 4330 1915 4403 ὃυσφημούντων

341 4424 458 4475 ἐστὶ
478 4427 576 4493 τὴν
601 4425 936 4493 οἰκονομίαν,
963 4424 1055 4478 καὶ
1074 4428 1184 4477 τοῖς
1208 4424 1372 4488 θείοις
1402 4425 1716 4496 σκέμμασιν
1738 4427 1916 4478 ἐπιτι-

346 4515 449 4584 μᾷν
477 4516 580 4585 ᾑρη
591 4516 786 4583 μένων.
830 4516 889 4569 ὐ
919 4516 1017 4586 μὲν
1038 4517 1146 4587 γὰρ
1168 4518 1275 4570 τῶν
1295 4518 1435 4570 ὅλων
1458 4516 1806 4588 δημιουργὸς,
1822 4515 1917 4569 καὶ

342 4604 510 4667 πολύς
535 4607 612 4667 εἰς
648 4605 797 4657 ἔλεον
824 4606 920 4659 τοῦ
942 4606 1078 4659 Θεοῦ
1117 4608 1319 4676 Λόγος,
1364 4607 1669 4660 κεκένωκεν
1705 4604 1919 4671 ἑαυτὸν,

341 4695 410 4749 δι’
442 4698 590 4766 ἡμᾶς
627 4699 918 4768 γενόμενος
963 4698 1270 4770 ἄνθρωπος,
1303 4699 1594 4767 γενόμενος
1631 4698 1696 4749 ἐκ
1733 4712 1922 4765 γυναιο

343 4787 458 4850 κὸς,
486 4789 551 4840 ἵν’
582 4789 819 4859 ἐπείπερ
851 4789 1087 4857 αἵματος
1120 4790 1214 4843 καὶ
1240 4789 1440 4861 σαρκὸς
1467 4786 1833 4858 κεκοινώνηκε
1853 4786 1923 4843 τὰ

344 4877 551 4943 παιδία,
590 4878 869 4931 τουτέστιν
930 4880 1089 4948 ἡμεῖς
1115 4919 1130 4944 ,
1175 4880 1269 4930 ml.
1309 4876 1470 4939 αὐτὸς
1524 4874 1922 4946 παραπλησίως

345 4969 594 5039 μετάσχῃ
606 4969 717 5021 τῶν
734 4964 924 5035 όντωιῖ,
947 4991 964 5021 ι
979 4971 1096 5024 ’Ὶνα
1117 4969 1203 5023 διά
1223 4968 1318 5021 τοῦ
1341 4967 1572 5022 θανάτου
1595 4967 1922 5039 καταργήσῃ

342 5059 434 5111 τόν
467 5060 527 5112 τὸ
561 5061 759 5131 κράτος
791 5060 984 5131 ἔχοντα
1011 5060 1108 5113 τοῦ
1137 5060 1389 5125 θανάτου,
1414 5058 1660 5112 τουτέστι
1693 5057 1920 5111 τὸνδιὰ-

344 5149 519 5215 6ολον,
554 5151 648 5203 καὶ
679 5152 966 5223 ἀπαλλάξῃ
986 5151 1226 5218 τούτους,
1255 5152 1368 5205 ὅσοι
1402 5150 1552 5221 φόϐῳ
1582 5149 1814 5203 θανάτου
1834 5148 1923 5201 διὰ

344 5241 550 5305 παντὸς
577 5242 671 5295 τοῦ
713 5241 813 5314 ζῇν
836 5280 853 5307 ,
894 5245 1070 5313 ἔνοχοι
1106 5238 1247 5313 ἦσαν
1284 5241 1545 5305 δουλείας.
1572 5260 1591 5291 ι
1643 5234 1770 5293 Ὧδε
1813 5238 1923 5308 γὰρ

344 5329 451 5401 εφη
480 5331 540 5385 τὸ
588 5333 827 5404 Γραμμα
859 5334 919 5386 τὸ
952 5333 1113 5404 ἱερόν.
1160 5335 1220 5386 οι
1248 5332 1304 5386 δὲ
1336 5333 1433 5403 τῆς
1459 5331 1602 5385 οῦτω
1634 5330 1921 5401 παγκάλης

420 5527 464 5559 ³⁸
494 5532 507 5584 Ι
534 5532 657 5584 Cor.
688 5546 774 5593 xv,
797 5531 907 5588 5-3.

354 5598 392 5627 ⁸⁸
415 5601 597 5657 ιιυυτ..
627 5617 661 5666 ι,
694 5601 776 5665 M,
820 5603 905 5655 15.

988 5534 1030 5565 "
1057 5534 1183 5589 ibid.
1216 5531 1403 5587 12-15.
1484 5527 1529 5561 “
1556 5529 1572 5583 l
1599 5526 1750 5581 Joan.
1794 5540 1864 5587 tv,
1894 5525 2006 5578 ιδ.
2086 5525 2127 5557 ⁸⁸
2153 5524 2380 5595 Philipp.
2417 5541 2474 5591 ιι,
2509 5524 2557 5581 7.

2024 4324 2076 4376 in
2131 4323 2554 4377 incarnationem
2618 4322 2714 4379 Dei
2768 4325 3257 4395 blasphemautium
3305 4330 3596 4401 divinaque

2023 4412 2248 4469 consilia
2282 4413 2703 4484 itnprobantium
2729 4430 2830 4473 est.
2863 4419 3085 4474 Creator
3114 4420 3255 4473 enim
3287 4421 3450 4476 totius
3478 4423 3596 4475 uni-

2025 4506 2188 4565 versi,
2222 4513 2276 4558 et
2307 4504 2513 4575 largum
2546 4505 2598 4561 in
2643 4507 3066 4566 misericordiam
3112 4514 3201 4567 Dei
3236 4512 3465 4567 Verbum
3499 4530 3596 4569 ex-

2024 4593 2253 4647 inanivit
2280 4594 2540 4663 seipsum,
2573 4594 2772 4651 factum
2794 4614 2892 4667 pro
2918 4600 3072 4656 nobis
3102 4603 3261 4658 homo
3290 4604 3354 4664 ",
3385 4614 3600 4658 natum-

2020 4702 2126 4756 que
2154 4702 2184 4742 e
2225 4688 2449 4744 muliere
2472 4689 2540 4754 ¹⁶,
2572 4699 2630 4743 ιιι
2658 4694 3116 4759 quemadmodqu
3151 4697 3430 4766 sanguinis
3468 4715 3596 4767 par-

2025 4776 2215 4847 ticipes
2241 4778 2350 4833 sint
2383 4779 2533 4848 pueri
2561 4779 2625 4846 ",
2658 4779 2762 4836 hoc
2794 4795 2880 4838 est
2918 4800 3038 4850 nos,
3065 4787 3137 4841 ita
3161 4789 3323 4842 etiam
3349 4789 3599 4846 similiter

2024 4869 2139 4939 ipse
2174 4886 2360 4927 eorum
2388 4874 2660 4944 particeps
2696 4884 2873 4931 esset:
2901 4876 3065 4948 683
3102 4896 3120 4929 ι
3153 4878 3221 4934 Ut
3253 4895 3349 4949 per
3371 4895 3596 4937 mortem

2025 4962 2328 5017 destrueret
2363 4981 2484 5018 cum
2519 4966 2609 5034 qui
2657 4967 2888 5022 habebat
2928 4968 3118 5024 mortis
3151 4971 3462 5039 imperium,
3496 4974 3600 5030 hoc

2026 5061 2106 5105 est
2162 5051 2471 5120 diabolum;
2520 5062 2575 5107 et
2622 5055 2814 5109 liberet
2873 5072 2966 5110 eos
3027 5058 3116 5126 qui
3173 5058 3366 5113 timore
3411 5062 3601 5116 mortis

2028 5158 2122 5212 per
2150 5155 2314 5198 totam
2346 5146 2507 5199 vitam
2547 5147 2763 5201 obnoxii
2795 5158 2951 5200 erant
2986 5150 3253 5204 servituti.
3289 5169 3309 5203 ι
3348 5151 3424 5206 Ita
3455 5154 3598 5207 enim

2029 5237 2103 5289 ait
2131 5251 2285 5289 sacra
2332 5235 2609 5304 Scriptura
2659 5238 2722 5290 ¹⁸.
2769 5238 2831 5290 1Ιί
2868 5254 2995 5292 vero
3024 5241 3286 5308 optimum
3329 5242 3429 5298 hoc
3461 5260 3599 5313 pra:-

2028 5326 2532 5394 stantissinnnnque
2561 5327 2650 5382 Dei
2686 5329 2988 5394 consilium,
3021 5340 3275 5401 tauquam
3300 5350 3488 5404 parum
3510 5337 3603 5390 ἀυ-

2641 5527 2682 5557 ¹⁸
2707 5526 2879 5582 Galal.
2917 5544 2988 5593 tv,
3015 5530 3067 5583 4.
3148 5533 3187 5563 ⁸⁷
3221 5530 3383 5587 llebr.
3420 5544 3481 5592 ll,
3522 5529 3603 5584 li.
