4048 6196
459 212 606 273 1139

1445 209 1505 264 Β.
1545 207 1818 265 CYRILLl
1859 206 2321 263 ALEXANDRINI
2360 208 2675 268 ARCIIIEP.

3581 216 3711 273 1200

466 329 1243 395 eorevinstitutumdamnant,
1277 336 1330 384 et
1363 328 1585 399 perinde
1614 343 1677 382 ac.
1711 329 1756 384 si
1786 330 1885 399 ipsi
1931 344 2040 383 me-

2148 331 2239 383 xa‘t
2268 329 2495 402 ἀρίστης
2539 330 2735 401 βουλῆς
2780 332 2841 383 τὸ
2893 332 3139 402 ἀπρεπὲς
3192 332 3569 403 καθορέζουσι,
3626 342 3721 390 καὶ

470 425 969 494 Iioraeacogitare
1018 422 1247 490 possint,
1300 420 1467 490 ipsius
1514 422 1791 491 sapientiae
1825 421 2038 477 decreta

469 520 795 587 improbant.
841 513 1027 585 Neque
1066 516 1210 569 enim
1260 528 1326 567 ex
1373 522 1526 581 partu
1567 513 1804 579 Virginis
1839 514 2039 567 editum

473 610 706 664 Verbum
738 606 1156 663 existimandum
1204 615 1425 659 censent
1468 622 1481 658 :
1518 604 1611 659 sed
1655 607 1832 675 potius
1880 605 2039 659 Verbi

469 712 715 753 naturam
756 698 809 751 in
846 697 1020 752 debile
1059 697 1161 749 hoc
1198 708 1395 763 corpus
1427 692 1867 748 transformatam
1900 700 2037 755 esse,

469 802 523 846 et
559 789 907 844 mutationem
940 788 1299 856 imaginantur
1325 785 1443 853 ejus
1473 785 1525 838 in
1558 799 1714 855 quem
1749 785 1891 838 nulla
1922 800 2041 838 mu-

469 882 599 935 tatio
620 880 785 935 cadit.
818 877 1056 932 Firmata
1083 877 1227 933 enim
1263 886 1428 945 atque
1455 875 1687 930 stabilita
1718 884 1803 931 est
1833 876 1925 929 Dei
1951 891 2042 928 na-

470 982 585 1027 tura
620 971 671 1025 in
702 968 938 1039 propriis
976 969 1090 1024 suis
1128 968 1303 1033 bonis,
1332 976 1385 1021 et
1427 967 1838 1021 immutabiliter
1860 966 1914 1019 in
1946 980 2043 1020 suo

466 1072 608 1118 statu
650 1071 946 1132 permanet.
987 1059 1186 1114 Natura
1221 1059 1364 1112 enim
1397 1065 1600 1122 creata,
1650 1071 1877 1127 quaeque
1911 1068 2045 1111 tem-

466 1169 596 1223 pore
624 1155 690 1209 ad
721 1167 841 1208 esse
877 1153 1119 1207 traducta
1166 1160 1271 1213 est,
1325 1149 1610 1204 mutationi
1656 1148 1887 1203 obnoxia
1937 1156 2041 1215 est,

467 1257 700 1315 vereque
732 1244 785 1298 id
812 1243 877 1297 de
898 1240 1162 1313 ejusmodi
1190 1253 1249 1294 re
1274 1239 1379 1294 dici
1405 1240 1592 1308 possit.
1619 1238 1752 1291 Nam
1786 1238 2043 1308 quidquid

464 1335 760 1391 exsistendi
790 1334 1111 1404 principium
1137 1332 1369 1401 accepit,
1393 1331 1440 1386 ei
1465 1331 1627 1385 etiam
1652 1331 2046 1400 quodammodo

464 1428 912 1494 insitumiestrut
946 1423 1140 1480 mutari
1169 1425 1359 1494 possit.
1387 1423 1526 1477 Deus
1556 1437 1684 1476 vero
1713 1423 1802 1491 qui
1832 1437 2044 1475 omnem

465 1524 790 1579 intellectum
816 1526 1075 1589 superat,
1111 1527 1168 1572 et
1196 1516 1570 1570 exsisteutiam
1608 1516 1675 1568 ab
1719 1523 1839 1569 ortu
1885 1525 2046 1583 atque

464 1616 684 1671 interitu
709 1613 932 1668 liberam
958 1610 1143 1673 habet,
1160 1609 1307 1662 omni
1335 1608 1630 1662 titillatione
1655 1607 1902 1677 superior
1925 1616 2042 1673 est;

463 1716 537 1771 et,
558 1704 735 1761 [veluti
768 1701 997 1772 propria:
1025 1714 1136 1755 sua:
1166 1710 1372 1753 natura:
1418 1699 1626 1753 ratione
1653 1699 1832 1753 omnia
1862 1708 2043 1754 creata

465 1798 621 1863 longe
675 1792 911 1857 excedit,
970 1799 1025 1845 et
1087 1790 1304 1860 quidem
1370 1790 1865 1858 incomparabiliter
1911 1806 1925 1843 :
1973 1792 2042 1845 ita

462 1886 628 1941 etiam
660 1885 718 1939 in
755 1884 823 1937 iis
858 1896 978 1952 qua:
1006 1881 1274 1936 creaturis
1313 1881 1409 1934 abs
1436 1894 1495 1934 se
1525 1879 1762 1933 conditis
1797 1880 2045 1935 accidere

461 1976 657 2043 solent,
691 1974 848 2043 longe
894 1970 1201 2037 antecellit;
1240 1971 1479 2041 nullique
1523 1969 1599 2025 rei
1638 1984 1756 2039 qua:
1787 1972 2041 2026 damnum

464 2068 666 2124 inferre
717 2064 885 2136 possit
930 2062 1198 2119 obnoxius
1246 2071 1347 2117 est.
1401 2061 1623 2117 Deitatis
1676 2063 1857 2132 itaque
1906 2063 2043 2118 bona

464 2171 589 2215 sunt
636 2159 788 2212 lirma
832 2169 895 2210 ac
949 2154 1184 2208 stabilia.
1223 2154 1607 2209 Creaturarum
1665 2170 1813 2221 vero,
1848 2157 2043 2209 altera-

465 2252 701 2307 tionibus
750 2247 1248 2316 mutationibusque
1294 2248 1555 2315 subjecta,
1606 2257 1659 2299 et
1709 2246 2042 2313 corruptioni

463 2344 660 2399 vicina.
687 2340 839 2408 Quod
880 2340 1094 2407 quidem
1135 2339 1337 2407 optime
1372 2339 1680 2407 intelligens
1713 2340 2041 2392 rectissime-

462 2449 566 2504 que
588 2447 768 2489 secum
788 2431 1062 2485 aestimans
1086 2431 1342 2498 propheta
1365 2426 1647 2492 Jeremias,
1672 2429 1747 2482 ita
1780 2429 1843 2480 ad
1879 2426 2042 2481 Deum

463 2525 726 2580 exclamat
755 2541 768 2574 :
797 2522 883 2576 ’l‘u
931 2521 1150 2590 quidem
1195 2517 1437 2575 insidens
1468 2520 1722 2573 saeculum
1757 2539 1768 2573 :
1809 2536 1906 2573 nos
1951 2535 2041 2572 au-

469 2629 574 2671 tem
603 2617 888 2685 perdentcs
923 2613 1199 2669 smculnm.
1249 2608 1414 2663 Sedet
1456 2610 1600 2663 enim
1638 2608 1799 2663 veluti
1834 2610 1883 2661 in
1919 2625 2043 2677 prn-

465 2708 594 2777 priis
622 2709 839 2764 sedibus
861 2704 1258 2775 semperDeus,
1283 2703 1565 2757 deminans
1589 2711 1747 2770 atque
1771 2703 2045 2770 imperans

464 2801 734 2865 omnibus,
771 2800 1021 2866 nullaque
1058 2796 1270 2851 alleclio
1300 2795 1351 2849 iu
1382 2810 1504 2849 eum
1540 2794 1823 2863 imperium
1862 2793 2040 2846 habet.

460 2890 573 2946 Nos
600 2907 728 2945 vero
757 2907 881 2944 cum
918 2901 1105 2943 natura
1147 2889 1352 2958 praediti
1386 2890 1556 2942 simus
1602 2901 1762 2955 quam
1811 2887 2045 2938 maxime

2139 422 2329 493 ὥσπερ
2361 424 2480 477 ἐνὸν
2511 424 2696 486 αὐτοῖς
2724 424 3029 495 ιτάέάμείνω
3058 428 3304 495 φρονεῖν,
3346 428 3441 479 καὶ
3462 430 3591 490 ’τοῖς
3620 430 3723 496 τῆς

2141 514 2330 583 σοφίας
2357 514 2649 585 ἐπιτιμῶσι
2681 515 2981 585 σκέμμασι.
3008 517 3097 584 Μὴ
3133 517 3241 583 γὰρ
3270 517 3333 585 δὴ
3374 519 3574 587 χρῆναι
3629 518 3723 571 λέ-

2124 625 2326 675 ςγουσιν
2355 609 2518 662 ὠδῖνα
2549 611 2641 663 καὶ
2670 610 2827 662 τόκον
2852 610 2943 662 τὸν
2968 611 3031 662 ἐκ
3062 612 3315 677 γυναικὸς
3343 614 3725 682 καταγράφειν

2140 701 2289 770 ἡμᾶς
2315 701 2411 753 τοῦ
2440 700 2794 768 Μονογενοῦς,
2828 700 3035 754 οἴεσθαι
3055 701 3112 753 δὲ
3140 701 3339 772 μᾶλλον
3362 702 3459 772 τὴν
3491 704 3584 756 τοῦ
3613 707 3721 758 Λό-

2142 806 2238 857 γου
2269 790 2430 859 φύσιν
2460 793 2542 855 είς
2575 792 2637 844 τὸ
2682 791 2881 863 σαθρὸν
2922 792 2985 862 δὴ
3014 792 3723 865 τοῦτοεμετεατοιχειῶσθαι

2145 879 2322 950 σῶμα,
2362 879 2452 934 καὶ
2484 879 2690 950 τροπὴν
2712 879 3080 948 φαντάζονται
3107 882 3200 933 τοῦ
3225 882 3430 952 τροπὴν
3454 884 3554 935 οὐκ
3577 884 3723 936 εἰδό-

2141 987 2250 1034 τος.
2304 972 2647 1042 Ἑρήρεισται
2681 971 2789 1043 γὰρ
2817 970 3018 1041 ἠλεοεοῦ
3051 973 3214 1040 φύσις
3268 975 3326 1025 ὲν
3379 974 3529 1032 ίδίοις
3578 976 3725 1042 ἁγα-

2144 1061 2288 1127 θοῖς,
2363 1062 2459 1115 καὶ
2520 1063 2912 1116 ἀκατάσειστον
2978 1063 3091 1133 ἔχει
3154 1065 3253 1135 τὴν
3311 1065 3397 1133 ἐφ’
3466 1060 3549 1128 οἷς
3605 1069 3723 1119 ἐστι

2144 1152 2423 1223 διαμονήν.
2451 1154 2618 1215 Φύσις
2652 1153 2751 1221 μὲν
2783 1152 2946 1223 γὰρὴ
2985 1155 3208 1225 γενητὴ,
3240 1156 3335 1208 καὶ
3367 1157 3543 1226 χρόνῳ
3573 1176 3724 1229 παρ-

2144 1242 2420 1313 ενεχθεῖσα
2442 1243 2576 1313 πρὸς
2602 1242 2853 1313 ὓπαρξιν,
2878 1243 3038 1295 πάθοι
3074 1245 3141 1296 ἂν
3169 1245 3267 1314 τὴν
3297 1244 3602 1309 ἀλλοίωσιν,
3629 1247 3724 1300 καὶ

2143 1333 2243 1385 οὐκ
2284 1332 2390 1399 ἔξω
2444 1333 2607 1400 λόγου
2646 1333 2742 1385 τοῦ
2776 1332 3109 1401 καθήκοντός
3139 1352 3199 1387 τε
3244 1335 3613 1406 καὶάληθοῦς
3662 1339 3723 1389 τὸ

2146 1423 2335 1494 χρῆμα
2363 1424 2621 1479 κείσεται.
2657 1424 2730 1477 Τὸ
2755 1426 2863 1495 γὰρ
2882 1424 3061 1496 ἀρχὴν
3091 1426 3228 1489 ὅλως
3250 1427 3344 1479 τοῦ
3367 1422 3506 1480 εἶναι
3536 1428 3718 1497 λαχὸν,

2144 1516 2309 1569 οίονεί
2344 1533 2461 1579 πως
2492 1515 2590 1587 ἤδη
2618 1516 2710 1569 καὶ
2743 1516 3186 1586 συνεσπαρμένον
3221 1517 3332 1587 ἔχει
3378 1518 3440 1570 τὸ
3468 1518 3721 1571 ἀλλοιού-

2150 1607 2273 1659 σθαι
2311 1607 2441 1660 δεῖν.
2475 1607 2607 1669 Θεὸς
2626 1606 2689 1659 δὲ
2722 1608 2752 1658 ὁ
2778 1607 2978 1671 παντὸς
3006 1608 3264 1661 ἐπέκεινα
3298 1608 3418 1673 νοῦ,
3455 1611 3721 1676 γενέσεως

2078 1681 2119 1735 Β
2149 1700 2243 1753 καὶ
2290 1700 2498 1773 φθορᾶς
2550 1700 2649 1770 τὴν
2685 1700 2916 1773 ὕπαρξιν
2971 1701 3111 1771 ἔχων
3144 1700 3489 1773 ὲξῃρημένην
3532 1719 3589 1753 τε
3628 1701 3723 1756 καί

2149 1788 2566 1864 ὑπερίσχουσαν,
2600 1794 2839 1864 ἀμείνων
2868 1796 3016 1847 ἔσται
3038 1796 3132 1849 καὶ
3155 1794 3383 1864 τροπῆς,
3415 1794 3511 1847 καί⁵
3533 1793 3722 1865 ὥσπερ

2144 1885 2222 1953 τῷ
2264 1884 2363 1954 τῆς
2415 1884 2548 1948 ἰδίας
2577 1885 2789 1954 φύσεως
2846 1886 3009 1957 λόγῳ,
3058 1886 3258 1949 παντὸς
3301 1881 3455 1958 οἶμαί
3485 1904 3586 1940 που
3626 1888 3720 1940 τοῦ

2145 1975 2485 2047 κεκλημένου
2509 1976 2645 2047 πρὸς
2675 1977 2888 2045 γένεσιν
2910 1977 3331 2049 ὑπερανέστηκε
3358 1978 3454 2031 καὶ
3483 1981 3723 2051 ὑπερφέ-

2148 2085 2321 2139 ρεται,
2355 2067 2449 2121 καὶ
2482 2066 2639 2120 τοῦτο
2682 2068 3036 2138 ἀσυγκρίτοις
3087 2068 3403 2139 διαφοραῖς,
3447 2071 3588 2123 οὕτω
3619 2075 3721 2127 κάν

2144 2162 2255 2223 τοῖς
2306 2159 2523 2213 εἰωθόσι
2571 2160 2893 2229 συμϐαίνειν
2949 2163 3061 2223 τοῖς
3096 2159 3164 2212 δι’
3216 2159 3382 2214 αὐτοῦ
3435 2164 3716 2231 γεγονόσι,

2144 2250 2563 2321 ὑπερανεστήξει
2596 2251 2793 2317 πάλιν,
2826 2252 3019 2304 παθεῖν
3044 2252 3144 2304 οὐκ
3182 2250 3341 2317 είδως
3383 2254 3444 2306 τὸ
3480 2257 3720 2322 πεφυκὸς

2145 2342 2368 2395 ἀδικεῖν.
2400 2340 2633 2406 Οὐκοῦν,
2668 2344 2731 2395 ἐν
2757 2342 2980 2411 ἀγαθοῖς
3008 2344 3107 2411 μὲν
3132 2343 3192 2396 τὸ
3215 2342 3357 2396 θεῖον
3385 2346 3717 2415 ἀμεταπτώ-

2143 2450 2254 2495 τοις
2288 2432 2424 2485 ἐστί.
2449 2432 2529 2485 Τὰ
2543 2432 2597 2485 δέ
2627 2450 2689 2501 γε
2712 2434 2810 2504 τῆς
2828 2435 3091 2498 κτίσεως,
3116 2436 3173 2487 ὲν
3194 2435 3475 2489 ἀλλοιώσει
3496 2440 3590 2492 καὶ
3602 2457 3717 2511 τροο

2146 2527 2294 2588 παῖς,
2323 2524 2614 2595 ἀγχίθυρον
2644 2528 2835 2596 ἔχοντα
2857 2527 2954 2598 τὴν
2988 2530 3369 2600 παραφθορὰν.
3420 2533 3529 2585 Καὶ
3561 2533 3719 2588 τοῦτο

2143 2614 2425 2684 γινώσκων
2453 2612 2510 2671 εὖ
2540 2616 2707 2685 μάλα,
2735 2619 2829 2670 καὶ
2851 2619 2926 2683 ὼς
2950 2618 3148 2690 ἄριστα
3182 2622 3545 2691 φιλοσόφωνιό
3590 2643 3721 2696 προ-

2146 2709 2322 2779 φήτης
2339 2708 2605 2779 Ἱερεμίας
2630 2708 2894 2778 ἀνεφώνει
2917 2710 3051 2781 πρὸς
3071 2712 3222 2775 Θεὸν,
3242 2714 3321 2766 ὅτι
3340 2735 3358 2765 ι
3381 2717 3450 2768 Σὺ
3475 2717 3720 2787 καθήμεο

2145 2815 2232 2861 νος
2277 2799 2366 2851 τὸν
2398 2799 2591 2863 αἰῶνα,
2626 2800 2721 2852 καὶ
2750 2802 2910 2871 ἡμεῖς
2939 2802 3300 2874 ἀπολλύμενοι
3337 2805 3429 2858 τὸν
3452 2806 3655 2860 αἰῶνα⁸
3693 2826 3714 2861 ι

2146 2889 2452 2943 καθεδεῖται
2479 2892 2587 2961 γὰρ
2618 2890 2806 2964 ὥσπερ
2829 2893 2889 2945 ἐν
2919 2892 3071 2957 ἰδίοις
3109 2893 3297 2957 θάκοις
3326 2895 3387 2948 τὸ
3423 2896 3563 2949 θεῖον
3610 2898 3716 2961 ἀεὶ,

465 2982 533 3035 ad
577 2980 952 3034 alterationem
998 2978 1460 3043 mutationemque
1495 2975 1735 3044 proclivi,
1769 2975 2040 3043 perdimus

2149 2981 2429 3051 βασιλεῦον
2463 2982 2554 3032 καὶ
2586 2984 2965 3054 κατακρατοῦν
2990 2985 3097 3037 τῶν
3122 2986 3280 3047 ὅλων,
3309 2988 3403 3040 καὶ
3437 2989 3539 3041 ὑπὸ
3592 2990 3716 3059 μηδ-

465 3070 738 3131 srecnlum,
777 3070 875 3121 hoc
905 3075 1008 3130 est,
1060 3069 1109 3119 in
1157 3066 1347 3135 quovis
1387 3078 1629 3136 tempore
1663 3067 2039 3134 corruptibiles

466 3161 858 3227 tutttabilcsque
881 3173 1087 3211 sumus.
1146 3156 1326 3211 licitas
1374 3159 1555 3227 itaque
1606 3158 1754 3211 nullo
1804 3172 2039 3226 unquam

468 3268 705 3321 tempore
752 3252 945 3305 mutari
983 3260 1178 3319 potest,
1215 3265 1392 3319 neque
1419 3252 1523 3304 ulla
1572 3250 1852 3305 aﬂ'ectionc
1885 3266 1912 3302 a
1945 3267 2037 3303 sua

468 3345 721 3397 ﬁrmitate
749 3344 1039 3404 dimoveri;
1063 3359 1093 3395 e
1114 3342 1390 3395 contrario
1410 3340 1781 3408 coquptibilis
1806 3342 2039 3395 mutabi-

468 3439 658 3502 ίίδιιυθ,
707 3437 806 3489 hoc
853 3444 954 3497 est,
993 3444 1173 3487 creata
1214 3442 1429 3495 natura,
1481 3434 1754 3487 essentiali
1793 3435 2036 3489 immuta-

468 3531 673 3582 bilitate
695 3527 916 3598 praedita
940 3540 1063 3581 esse
1085 3542 1191 3580 non
1215 3535 1408 3596 potest,
1427 3540 1600 3595 neque
1624 3527 1816 3580 divina:
1839 3538 2041 3580 natura:

468 3624 729 3674 honorum
760 3619 1100 3687 possessione
1125 3617 1366 3687 gloriari.
1396 3618 1588 3673 Audiet
1620 3618 1765 3673 cnim
1800 3619 1995 3672 merito
2026 3635 2039 3670 :

462 3709 630 3781 684
672 3708 853 3775 «Quid
904 3710 1045 3763 enim
1096 3709 1295 3772 habes,
1345 3709 1486 3779 quod
1542 3725 1649 3763 non
1704 3709 2034 3777 accepisti?»

464 3802 614 3869 Quod
652 3816 779 3855 vero
815 3800 1165 3855 immutabilis
1217 3802 1439 3856 omnino
1497 3802 1570 3856 sit
1614 3800 1775 3855 Verbi
1814 3812 2037 3863 natura,

469 3894 740 3950 mutabilis
779 3906 955 3948 autem
1003 3909 1225 3964 prorsus
1272 3903 1476 3957 creata,
1516 3894 1769 3948 facillime
1808 3896 1929 3960 quis
1961 3893 2041 3946 iu-

471 3989 674 4057 telligat
716 4004 746 4041 e
783 3988 981 4040 Daiide
1026 3988 1076 4039 in
1125 3987 1314 4055 spiritu
1360 3998 1590 4041 canente
1633 4004 1645 4039 :
1689 4004 1709 4035 ‹
1739 3986 1870 4040 Cceli
1917 4000 2040 4053 pcr-

464 4080 640 4141 ibunt,
693 4090 746 4131 tu
786 4090 966 4132 autem
1021 4078 1385 4147 permanebis,
1420 4086 1475 4133 et
1520 4093 1709 4132 omnes
1762 4085 1820 4130 ιιι
1874 4079 2039 4129 vesti-

465 4180 703 4224 mentum
758 4180 1097 4225 t'cterasceut
1155 4186 1167 4221 :
1217 4178 1271 4223 et
1327 4170 1468 4222 sicut
1520 4170 1849 4237 Opertorium
1918 4184 2036 4221 mn-

465 4263 603 4315 tubis
630 4276 747 4327 eos,
782 4270 836 4314 et
880 4262 1249 4313 mutabuntur.
1289 4260 1366 4312 'l‘u
1406 4268 1583 4313 autem
1636 4259 1776 4312 idem
1817 4261 1928 4326 ipse
1956 4274 2034 4322 es,

2147 3071 2259 3134 ενὸς
2293 3071 2398 3124 τῶν
2417 3071 2605 3124 παθῶν
2637 3073 3085 3143 τυραννούμενον.
3143 3076 3328 3144 Ἡμεῖς
3354 3077 3411 3129 δὲ
3443 3078 3540 3148 τὴν
3565 3078 3720 3148 φύσιν

2148 3165 2554 3235 εὑτροχωτάτην
2595 3182 2651 3217 τε
2686 3165 2780 3217 καὶ
2816 3166 3202 3236 εὐπαράφορον
3234 3171 3429 3241 κομιδῇ
3468 3172 3601 3241 πρὸς
3628 3172 3721 3224 ἁλ-

2147 3254 2359 3308 λοίωσιν
2385 3256 2599 3325 ἔχοντες
2631 3258 2724 3309 καὶ
2757 3259 2984 3327 τροπὴν,
3012 3259 3364 3329 ἀπολλύμεθα
3395 3262 3487 3313 τὸν
3531 3264 3718 3328 αίῶνα,

2148 3349 2423 3400 τουτέστιν
2452 3390 2463 3411 ,
2496 3351 2555 3399 ἐν
2588 3349 2749 3402 παντὶ
2798 3349 2974 3418 καιρῷ
3020 3350 3113 3401 καὶ
3162 3352 3359 3422 χρόνῳ.
3396 3353 3624 3424 φθαρτοί
3663 3356 3724 3410 τὲ

2150 3440 2314 3507 ἐσμεν
2338 3439 2430 3491 καὶ
2458 3440 2700 3509 τρεπτοί.
2731 3438 2857 3492 Οὕτ⁹
2878 3436 2970 3492 οὖν
2998 3439 3059 3491 τὸ
3090 3438 3230 3493 θεῖον
3258 3442 3315 3492 ἐν
3341 3447 3721 3511 παρατροπαῖς

2149 3531 2342 3596 γένοιτ’
2366 3531 2430 3583 ἄν
2457 3547 2585 3583 ποτε
2628 3532 2727 3600 τῆς
2779 3531 2913 3591 ίδίας
2957 3531 3297 3602 ὲδραιότητος
3346 3532 3579 3597 ὲξωσθὲν
3613 3536 3716 3589 ὑπό

2148 3636 2240 3671 του
2279 3619 2388 3671 τῶν
2439 3618 2645 3682 παθῶν,
2680 3617 2791 3670 οὔτ’
2823 3618 2889 3670 ἂν
2937 3619 2969 3687 ἡ
3019 3616 3231 3688 φθαρτή
3264 3634 3323 3670 τε
3350 3621 3442 3671 καὶ
3485 3620 3724 3673 ἁλλοιιυο

2153 3712 2287 3779 μένη
2310 3749 2324 3772 ,
2358 3709 2638 3763 τουτέστιν
2687 3711 2718 3777 ἡ
2753 3708 2974 3778 γενητὴ,
3018 3709 3511 3781 καταπλουτήσειεν
3546 3712 3609 3765 ἂν
3634 3713 3726 3765 0'3-

2151 3800 2315 3869 σιώδη
2365 3800 2465 3871 τὴν
2510 3799 2793 3868 ἀτρεψίαν,
2847 3798 3046 3852 οὐδ’ἂν
3099 3800 3429 3871 ὲπαυχήσειε
3477 3806 3589 3867 τοῖς
3626 3806 3725 3874 τῆς

2149 3892 2299 3954 θείας
2335 3891 2545 3961 φύσεως
2578 3891 2799 3957 ἀγαθοῖς
2827 3890 2900 3952 ὡς
2924 3890 3134 3962 ίδίοιςή
3167 3893 3365 3955 κτίσις.
3409 3895 3722 3948 Ἀκούσεται

2147 3985 2255 4054 γὰρ
2283 3983 2542 4051 εὐλόγως·
2583 3999 2601 4032 ι
2643 3981 2707 4033 Τί
2740 3982 2848 4052 γὰρ
2879 3981 3044 4051 ἔχεις,
3076 3982 3105 4034 ὃ
3149 3984 3249 4036 οὐκ
3281 3984 3506 4051 ἑλαϐεςς
3544 4005 3562 4037 ι
3602 3986 3720 4039 Ὀτι

2146 4077 2201 4127 δέ
2233 4078 2379 4126 ἐστιν
2419 4074 2687 4143 ἄτρεπτος
2730 4073 2828 4143 μὲν
2858 4072 2952 4125 καὶ
2989 4072 3345 4137 ἀναλλοίωτος
3374 4076 3650 4140 παντελεῖς
3685 4079 3718 4146 ἡ

2146 4167 2238 4219 τοῦ
2291 4167 2450 4232 λόγου
2491 4165 2673 4235 φύσις,
2727 4162 2990 4234 ἁλλοιωτὴ
3024 4164 3081 4217 δὲ
3111 4165 3388 4230 παντελῶς
3434 4168 3466 4236 ἡ
3501 4168 3718 4239 γενητὴ,

2147 4259 2489 4329 καταθρήσαι
2522 4275 2603 4319 τις
2642 4257 2707 4309 ἂν
2743 4257 2836 4309 καὶ
2876 4256 2992 4309 λίαν
3014 4257 3272 4321 εὐκόλως,
3320 4259 3722 4329 ἀναμελιςΰοῦν-

460 4363 513 4407 el
562 4355 688 4407 anni
742 4355 816 4405 lui
881 4366 985 4406 non
1036 4350 1381 4405 deﬁcient“.
1418 4369 1438 4401 ι
1478 4349 1573 4404 Ubi
1630 4351 1791 4420 igitur
1842 4351 2038 4403 mansit

2148 4368 2235 4413 τος
2271 4351 2329 4402 ὲν
2369 4347 2646 4417 Πνεύματι
2679 4346 2773 4399 τοῦ
2810 4348 3081 4418 μακαρίου
3118 4347 3309 4401 Δαϐίδο
3350 4368 3368 4399 ι
3409 4352 3471 4403 Οί
3508 4351 3720 4421 οὐρανοὶ

462 4444 697 4500 Verbum
753 4445 867 4507 Dei,
908 4445 953 4498 si
1003 4458 1129 4498 rere
1177 4442 1399 4510 dicitur,
1444 4442 1590 4510 quod
1649 4442 1888 4509 deposita
1940 4454 2035 4494 sua

462 4538 722 4592 iirmitate
771 4547 931 4603 atque
976 4534 1300 4597 stabilitate,
1349 4535 1415 4588 ad
1468 4534 1519 4589 id
1568 4533 1708 4602 quod
1774 4547 1878 4586 non
1921 4542 2039 4587 erat

466 4633 744 4685 traductus
778 4639 879 4695 cst,
937 4630 1458 4699 transformatusqne
1490 4635 1573 4683 est
1622 4628 1673 4681 iu
1722 4626 1903 4681 carnis
1937 4642 2038 4680 na-

465 4732 662 4789 turam,
700 4731 754 4777 et
792 4732 990 4775 statum
1033 4719 1480 4790 corruptibilem?
1520 4721 1671 4774 Anne
1711 4720 1888 4789 potius
1940 4718 2042 4772 ltoe

464 4815 712 4869 delirium
744 4827 904 4883 atque
927 4813 1134 4868 insania
1166 4815 1291 4868 est?

2142 4441 2486 4505 ἀπολοῦνται,
2527 4441 2590 4493 σὺ
2615 4440 2671 4493 δὲ
2703 4439 2997 4508 διαμενεῖς,
3038 4438 3131 4493 καὶ
3164 4440 3366 4504 πάντες
3402 4442 3477 4504 ὡς
3511 4443 3720 4511 ἱμάτιον

2143 4518 2646 4603 παλαιωθήσονται,
2690 4532 2784 4584 καὶ
2828 4533 2960 4584 ὡσεὶ
3012 4531 3358 4602 περιϐόλαιον
3393 4533 3587 4599 ἑλίξεις
3624 4534 3720 4585 αὐ-

2142 4628 2291 4693 τοὺς,
2316 4627 2409 4679 καὶ
2431 4624 2849 4695 ἀλλαγήσονται.
2886 4624 2958 4677 Σὺ
2985 4623 3040 4675 δὲ
3071 4626 3099 4676 ό
3126 4624 3288 4687 αὐτὸς
3314 4619 3383 4686 εἷ,
3416 4626 3510 4677 καὶ
3540 4628 3606 4677 τὰ
3628 4626 3719 4693 ἐτη

2148 4737 2240 4772 σου
2277 4721 2378 4773 οὐκ
2420 4717 2750 4786 ἐκλείψουσι.
2788 4735 2806 4767 ι
2845 4716 2952 4768 Ποῦ
2985 4714 3279 4787 τοιγαροῦν
3338 4718 3648 4788 μεμένηκεν
3695 4722 3722 4771 ὁ

2146 4813 2310 4875 αὐτὸς
2334 4813 2361 4862 ὁ
2393 4814 2456 4863 ἐκ
2488 4809 2623 4863 Θεοῦ
2663 4809 2855 4877 Λόγος,
2887 4807 3047 4879 εἴπερ
3078 4810 3224 4861 ἐστὶν
3266 4810 3493 4879 ἀτρεκὲς
3519 4812 3719 4870 εἰπεῖν,

460 4920 543 4972 ὅτι
583 4913 765 4985 μεθεὶς
798 4912 1281 4984 τὺὲρηρεισμένως
1333 4929 1393 4966 τε
1454 4910 1547 4965 καὶ
1573 4911 1879 4981 ἀκλονήτως
1908 4909 2072 4980 ἔχειν,
2112 4908 2549 4978 καταπεφοίτηκε
2615 4905 2713 4975 μὲν
2762 4906 2842 4966 εἰς
2880 4905 3018 4974 ὅπερ
3041 4904 3141 4956 οὐκ
3166 4899 3253 4973 ἦν,
3292 4905 3721 4973 μεταπεποίηται

461 5006 517 5059 δὲ
544 5006 639 5059 καὶ
674 5006 753 5067 είς
784 5005 984 5076 σαρκὸς
1025 5004 1205 5075 φύσιν,
1242 5004 1336 5058 καὶ
1401 5006 1482 5069 εἰς
1542 5003 1603 5056 τὸ
1647 5001 1963 5073 φθείρεσθαι
2028 5001 2303 5071 πεφυκόςς
2337 4995 2462 5071 'Ap‘
2503 4994 2599 5052 οὖν
2639 4997 2759 5067 οὐχί⁹
2808 4996 2974 5067 λῆρός
3044 5012 3104 5048 τε
3141 4995 3236 5047 καὶ
3278 4994 3379 5065 ἤδη
3432 4995 3528 5048 καὶ
3559 4997 3721 5064 μανία

460 5098 649 5165 ταυτί;

536 5191 594 5242 D.
638 5192 729 5245 ESt
760 5205 923 5248 certe.
991 5182 995 5187 ’

534 5281 597 5334 Α.
642 5280 845 5335 Licebit
871 5284 1011 5337 enim
1046 5300 1160 5353 part
1194 5285 1496 5339 temeritate
1527 5283 1728 5350 dicere,
1757 5285 1896 5354 quod
1928 5299 2034 5338 non

465 5383 547 5427 est
589 5372 1031 5441 dissentaneum‘,
1086 5387 1352 5430 terrenam
1403 5392 1616 5447 queque
1667 5388 1910 5431 naturam
1971 5376 2034 5429 ad

470 5463 690 5520 Deitatis
722 5470 965 5517 naturam
989 5469 1353 5524 conscendere
1386 5484 1562 5539 posse,
1592 5480 1750 5540 atque
1795 5471 1844 5525 in
1876 5486 2033 5525 unam

542 5640 582 5674 "
609 5639 750 5697 Psal.
784 5653 853 5712 Cl,
882 5638 968 5707 ‘27,
1010 5640 1097 5696 28.

2216 5189 2276 5241 Β.
2308 5188 2456 5241 Πάνυ
2482 5187 2580 5258 μὲν
2609 5182 2721 5239 οὖν.

2215 5282 2278 5334 Α.
2313 5278 2580 5350 Ὥριγάρ
2609 5279 2780 5331 εἰπεῖν
2806 5279 2924 5336 ταῖς
2944 5276 3170 5328 ἐκείνων
3202 5278 3465 5346 ἀμαθίαις
3497 5277 3722 5331 ἀντιτεί-

2146 5391 2332 5436 νοντας
2353 5371 2741 5443 ἀμαθέστερον,
2773 5370 2845 5429 ὡς
2890 5370 3035 5422 ἐστιν
3067 5369 3167 5423 οὐκ
3204 5370 3428 5431 ἀπεικὸς
3453 5409 3466 5432 ,
3502 5370 3597 5422 καὶ
3627 5367 3720 5437 τὴν

2144 5466 2249 5519 ἀπὸ
2276 5466 2377 5535 γῆς
2403 5465 2580 5536 σάρκα
2603 5463 2735 5534 πρὸς
2762 5461 2857 5532 τὴν
2885 5462 2979 5530 τῆς
3009 5460 3270 5531 Θεότητος
3309 5462 3471 5529 φύσιν
3499 5462 3718 5529 niveam:-
