4048 6196
338 356 467 416 1301

1443 368 1530 424 DE
1571 369 1721 426 INCA
1734 369 2100 429 RNATIONE'
2131 373 2503 435 UNIGENlTl.

3050 299 3141 318 ""“\

3478 391 3617 447 1202

330 476 427 544 τᾷν
459 474 719 529 δύνασθαί
753 495 903 545 ποτε,
942 481 1035 533 καὶ
1060 483 1159 553 τῆς
1201 484 1464 539 ἀνωτάτω
1508 489 1698 541 πασῶν
1735 489 1919 555 οὐσίας

2025 511 2147 550 cuiu
2192 511 2444 566 suprema
2487 514 2729 553 omnium
2762 501 2996 557 essentia
3037 504 3484 562 constitutionem
3520 523 3616 564 νο-
3648 506 3664 518 “

330 564 583 630 γενέσθαι
610 565 888 622 σύστασιν.
924 572 985 624 Et
1026 574 1135 643 γὰρ
1164 574 1305 643 αὑτὴ
1335 576 1437 646 τῆς
1465 578 1721 649 θεότητος
1755 581 1786 649 ὴ
1821 580 1922 648 φύ-

330 672 434 718 σις,
464 658 607 710 κατά
638 675 702 725 γε
727 660 829 731 τὴν
852 663 1075 717 ἐκείνων
1124 666 1548 739 ἐμϐροντησίαν,
1580 671 1663 731 είς
1690 672 1791 742 τὴν
1823 675 1922 742 τῆς

330 749 533 818 σαρκὸς
557 753 984 824 μετακεχώρηκε
1020 755 1203 824 φύσιν,
1250 759 1402 811 οὐδὲν
1430 760 1491 812 τὸ
1520 763 1786 832 ἀπεῖργον
1817 762 1919 828 ἔτι,

329 839 425 910 τὴν
457 841 556 911 μὲν
589 843 741 896 κάτω
771 861 829 897 τε
858 847 953 899 καὶ
988 848 1123 900 ἰδίαν
1153 849 1316 916 φύσιν
1341 891 1354 914 ,
1387 852 1804 923 ὑπερπετασθαι
1825 855 1922 925 τὴν

332 932 530 1001 σάρκα,
567 935 1038 1003 μεταπλάττεσθαι
1062 941 1117 993 δὲ
1142 942 1278 1008 πρὸς
1313 943 1561 1015 θεότητα,
1597 946 1691 999 καὶ
1720 948 1801 1010 είς
1834 948 1923 1000 οὐ·

330 1023 452 1076 σίαν
476 1025 577 1096 τὴν
616 1027 899 1085 ἀνωτάτω.
941 1032 1080 1085 Ἀλλ’
1110 1033 1173 1086 οὐ
1200 1038 1323 1098 ταῖς
1349 1037 1581 1090 ἐκείνων
1609 1039 1923 1104 ἀσυνεσίαις

328 1116 388 1167 τὸ
434 1118 688 1181 εὐπειθὲς
730 1121 1071 1192 χαριούμεθα
1094 1143 1107 1156 ο
1140 1128 1583 1199 προσκεισόμεθα
1624 1128 1687 1182 ὁὶ
1720 1131 1923 1201 μᾶλλον

327 1212 449 1273 ταῖς
479 1209 654 1274 θείαις
705 1213 973 1283 Γραφαῖς,
1023 1218 1118 1270 καὶ
1172 1221 1459 1290 προφήτου
1493 1222 1874 1292 μὲνηλὲγοντσς
1904 1242 1918 1256 °

335 1310 359 1348 r
392 1299 524 1351 Ἰδοὺ
572 1302 603 1367 ἡ
639 1300 917 1370 Παρθένος
948 1304 1006 1356 ὲν
1034 1309 1236 1379 γαστρὶ
1274 1308 1507 1379 λήψεται
1535 1354 1550 1376 ,
1585 1314 1679 1366 xui.
1708 1314 1923 1381 τέξεται

332 1386 479 1445 Υίὸν,
516 1387 611 1439 καὶ
652 1389 905 1455 καλέσεις
947 1392 1010 1444 τὸ
1062 1394 1234 1465 ϐνομα
1274 1397 1441 1450 αὐτοῦ
1488 1400 1857 1474 Ἐμμανουήλ·
1898 1422 1916 1455 ι

328 1479 874 1549 κατασφραγίζοντος
917 1484 1098 1556 δὲτὴν
1129 1490 1589 1563 προαναφὼνησιν
1623 1495 1718 1546 τοῦ
1746 1511 1924 1565 μακα-

328 1573 448 1642 ρίου
473 1574 717 1644 Γαϐριὴλ
740 1616 755 1639 ,
811 1577 905 1630 καὶ
949 1581 1050 1648 τὴν
1100 1581 1306 1634 ἄνωθεν
1335 1584 1517 1653 ψῆφον
1549 1589 1615 1657 τῇ
1654 1588 1922 1660 Παρθένῳ

323 1664 778 1736 διερμηνεὺοντος
800 1685 815 1698 ·
852 1687 871 1719 ί
901 1671 992 1740 Μὴ
1026 1671 1196 1740 φοϐοῦ
1233 1673 1362 1745 γάρ,
1396 1676 1524 1744 ἔφη,
1553 1680 1806 1749 Μαριὰμ,
1839 1683 1922 1736 ὅτι

328 1755 438 1808 ἰδοὺ
461 1754 705 1827 συλλήψῃ
734 1760 793 1809 ἐν
826 1762 1046 1831 γαστρὶ,
1084 1763 1178 1816 καὶ
1206 1764 1334 1836 τέξῃ
1367 1768 1513 1831 Υίὸν,
1552 1770 1642 1821 καὶ
1674 1771 1923 1836 καλέσεις

324 1848 387 1899 τὸ
416 1847 589 1935 ὄνομα
618 1851 782 1902 αὐτοῦ
821 1853 1031 1921 Ἰησοῦν
1056 1871 1068 1883 ο
1101 1877 1120 1905 ι
1160 1857 1224 1909 ἐκ
1264 1858 1523 1926 γυναικὸς
1569 1862 1788 1935 ἀληθῶς
1831 1883 1921 1933 γε-
1956 1842 1998 1896 Β

326 1930 616 2012 γεννῆσθαι
657 1943 986 2015 πιστεύομεν
1016 1946 1108 2001 τὸν
1152 1950 1247 2020 Ἐμ
1262 1953 1522 2023 μανουὴλ,
1560 1930 1674 2008 καὶ.⁷
1699 1957 1758 2009 τὸ
1780 1930 1921 2028 λαμ-

330 2032 469 2104 πρόν
498 2051 557 2086 τε
595 2036 689 2087 καὶ
722 2036 1055 2104 ἀξιάγαστον
1078 2040 1175 2108 τῆς
1212 2043 1423 2097 ἑαυτῶν
1450 2045 1667 2113 φύσεως
1700 2048 1761 2101 οὐ
1794 2049 1921 2103 διωο

328 2125 536 2196 σόμεθα
558 2128 844 2199 καύχημα,
873 2130 1201 2200 φρονοῦντες
1231 2133 1429 2205 ὀρθῶςι

399 2219 457 2271 Β.
493 2219 727 2289 Ἀριστα
769 2220 927 2290 ἔφης.
992 2222 1358 2295 Ἐπεδράξατο
1390 2229 1497 2301 γὰρ
1532 2232 1561 2284 ὁ
1584 2232 1917 2304 Μονογενὴς,

323 2310 447 2380 οὐχὶ
479 2310 577 2380 τῆς
605 2310 740 2372 ἰδίας
766 2311 982 2381 φύσεως
1014 2309 1069 2384 (ἦ
1102 2315 1211 2386 γὰρ
1252 2318 1318 2371 ἂν
1339 2320 1497 2373 οὐδέν
1530 2338 1584 2375 τι
1617 2325 1819 2394 μᾶλλον
1852 2326 1921 2378 τὰ

326 2402 448 2455 καθ’
478 2405 625 2474 ἡμᾶς
645 2405 702 2455 ὲν
733 2404 837 2474 ἁμε
849 2406 1194 2477 ίνοσιν),ἁλλ⁹
1223 2410 1342 2464 οὐδὲ
1365 2413 1462 2482 τῆς
1484 2415 1755 2483 ἀγγέλων,
1786 2418 1921 2470 ἀλλὰ

326 2493 639 2565 σπέρματος
675 2496 946 2564 Ἀϐραὰμ,
976 2498 1119 2550 καθὰ
1151 2500 1601 2573 γέγραπταιῘΗν
1621 2507 1729 2578 γὰρ
1752 2507 1917 2571 οὓτω,

324 2587 419 2638 καὶ
448 2587 544 2656 οὐχ
574 2588 796 2658 ἑτέρως,
832 2589 894 2641 τὸ
931 2590 1283 2663 διολισθῆσαν
1330 2598 1411 2659 είς
1465 2596 1675 2669 φθορὰν
1703 2600 1917 2654 ἀνασώ-

326 2678 521 2731 σασθαι
561 2681 737 2747 γένος.

394 2770 457 2821 Α.
478 2771 543 2823 Τί
566 2771 621 2824 δέ
643 2790 655 2835 ;
690 2774 825 2845 Οὐχὶ
849 2775 1071 2831 κάκεῖνο
1097 2780 1235 2849 προς
1264 2782 1440 2835 τοῖσδε
1472 2784 1918 2852 καταθαυμάζειν

323 2862 493 2926 ἄξιον,
528 2858 573 2916 ὦ
616 2865 846 2935 Ἑρμεία
867 2888 879 2935 ;

394 2955 453 3009 Β.
496 2957 568 3008 Τὸ
598 2957 750 3010 ποῖόν
771 2976 823 3011 τι
857 2964 997 3032 φής;

395 3048 456 3100 Α.
482 3047 661 3102 Μόνον
690 3049 797 3121 γὰρ
826 3054 947 3123 οὐχὶ
970 3057 1062 3108 καὶ
1084 3058 1144 3110 τὸ
1188 3060 1462 3130 ἐρρῶσθαι
1512 3067 1815 3135 φράσαντες
1850 3070 1915 3139 τῇ

323 3139 670 3212 θεοπνεύστῳ
692 3143 906 3215 Γραφῇ,
930 3147 1023 3199 καὶ
1043 3149 1321 3220 πνεύμασι
1357 3154 1582 3222 πλάνοις
1604 3158 1694 3212 τὸν
1718 3161 1917 3214 οἰκεῖόν

322 3249 467 3295 τινες
506 3233 877 3303 ἀπονέμοντες
901 3234 1049 3303 νοῦν,
1082 3242 1161 3303 εἰς
1190 3244 1351 3297 τοῦτο
1378 3246 1667 3303 καθίκοντο
1692 3251 1917 3305 δυσϐου-

324 3323 442 3386 λίας
489 3325 585 3377 καὶ
622 3327 1019 3396 μειρακιώδους
1068 3332 1417 3402 ἀϐελτηρίας,
1459 3337 1534 3398 ὡς
1568 3341 1777 3394 οἴεσθαι
1810 3343 1918 3397 δεῖν

323 3415 415 3467 τὸν
445 3414 552 3467 τῶν
574 3415 784 3470 αἰώνων
804 3419 1155 3490 δημιουργὸν,
1176 3423 1266 3475 τὸν
1284 3426 1554 3481 συναῖδιον
1573 3429 1651 3499 τῷ
1677 3432 1796 3502 Θεῷ
1824 3436 1918 3488 καὶ

327 3507 504 3579 Πατρὶ
532 3508 726 3577 Λόγον,
753 3513 819 3584 τῇ
860 3513 959 3582 ’τῆς
1017 3513 1221 3584 σαρκὸς
1255 3516 1471 3585 γενέσει
1517 3514 1919 3595 συμπαρομαρ-

326 3598 532 3652 τοῦτον
555 3600 699 3671 ἔχειν
735 3603 833 3674 τῆς
862 3605 1152 3675 ὑπάρξεως
1178 3606 1279 3678 τὴν
1303 3609 1479 3680 ἀρχὴν
1501 3651 1515 3675 ,
1561 3614 1653 3665 καὶ
1682 3613 1913 3687 ὀψιγενῆ

325 3693 696 3759 φαντάζεσθαι
719 3694 809 3747 τὸν
843 3696 1102 3751 ἐπέκεινα
1125 3700 1327 3763 παντὸς
1350 3700 1546 3767 αἰῶνος
1580 3704 1671 3757 καὶ
1689 3706 1878 3776 χρόνου
1899 3750 1913 3773 ,

324 3782 399 3847 ὡς
430 3786 485 3838 ἐν
517 3786 766 3855 ἐσχάτοις
814 3788 908 3841 καὶ
960 3789 1116 3860 μόλις
1158 3793 1269 3857 τοῖς
1298 3794 1397 3865 τῆς
1449 3796 1917 3869 ὲνανθρωπήησεως

325 3880 555 3947 καιροῖς,
588 3879 810 3950 Πατέρα
844 3881 943 3949 μὲν
964 3882 1217 3951 γενέσθαι
1243 3885 1334 3939 τὸν
1363 3886 1520 3954 Θεὸν,
1546 3890 1916 3945 συνεισϐαλεῖν

322 3968 377 4024 δὲ
404 3969 593 4042 ὥσπερ
626 3974 704 4035 εἱς
734 3972 795 4025 τὸ
826 3969 967 4027 εἶναί
1002 3991 1062 4027 τε
1108 3978 1202 4030 καὶ
1250 3980 1548 4048 ὑφεστάναι
1600 3983 1679 4053 τῷ
1717 3986 1780 4038 ὲκ
1819 3987 1917 4056 τῆς

324 4062 602 4134 Παρθένον
659 4064 771 4135 ναῷ
796 4108 809 4131 ,
859 4067 950 4120 τὸν
1001 4068 1071 4121 δι’
1096 4065 1156 4125 οὗ
1198 4070 1264 4123 τὰ
1290 4071 1489 4139 πάντα,
1526 4076 1620 4128 καὶ
1673 4077 1730 4129 ὲν
1776 4069 1820 4144 ᾧ
1849 4079 1916 4130 τὰ

323 4157 522 4212 πάντα.
551 4153 681 4231 ’Ἆρ’
727 4156 819 4214 οὗν
852 4162 972 4231 οὐχί
1020 4163 1155 4235 πρὸς
1202 4164 1356 4234 λῆξιν
1383 4167 1483 4238 ἤδη
1527 4169 1625 4239 τὴν
1657 4170 1917 4224 ἀνωτάτω

321 4250 669 4323 διεληλάκασι
703 4254 811 4306 τῶν
835 4255 1052 4319 κακῶν,
1083 4258 1130 4308 οἱ
1172 4256 1341 4327 μῦθον
1373 4259 1516 4313 οὕτω
1554 4261 1645 4314 τον
1694 4262 1913 4335 γραώδη

325 4342 416 4394 καὶ
451 4343 705 4417 βδελυρὸν
738 4347 1137 4418 προχειρότατα
1173 4354 1584 4420 προσηκάμενοι
1610 4392 1625 4416 ,
1688 4356 1783 4407 καὶ
1816 4358 1914 4426 τῆς

322 4435 565 4503 ἀκράτου
618 4438 848 4501 νωθείας
902 4438 995 4491 τὸν
1037 4442 1237 4494 οἰκεῖον
1290 4443 1700 4514 ἀναπλήσαντες
1750 4446 1911 4511 νοῦν;

2027 588 2164 643 nire.
2198 587 2255 644 Si
2288 604 2521 660 namque
2554 591 2665 660 ipsa
2707 592 3007 650 divinitatis
3043 608 3234 651 natura
3268 599 3453 670 (juxta
3497 600 3617 658 illo-

2027 698 2145 736 rum
2192 684 2647 759 dcliramenlmn)
2703 687 2756 743 in
2809 691 2990 745 carnis
3047 699 3296 748 naturam
3340 696 3616 763 transivit,

2026 774 2454 831 nihil'obstiterit
2482 770 2775 848 quominus
2807 780 3036 836 inferior
3060 782 3175 838 hac
3205 792 3391 839 nostra
3425 796 3631 840 natura

2027 870 2295 925 transiliat
2325 886 2569 936 carnem,
2597 882 2671 939 et,
2699 873 2751 927 in
2804 873 3068 930 Deitatem
3116 885 3279 946 atque
3309 892 3617 946 supremam

2027 961 2171 1015 illam
2200 965 2492 1019 essentiam
2534 965 2971 1022 transformctur.
3013 969 3082 1021 At
3126 983 3223 1023 nos
3271 968 3480 1024 illorum
3533 970 3617 1023 in-

2025 1053 2186 1123 eptiis
2219 1055 2375 1111 fidem
2403 1073 2738 1128 nequaquam
2771 1058 3295 1116 adliibebimus:sed
3330 1062 3510 1131 potius
3538 1061 3618 1116 di-

2025 1146 2171 1203 vinis
2212 1148 2515 1220 Scripturis
2558 1152 2992 1220 acquiescemus,
3025 1155 3285 1225 propheta
3320 1153 3483 1208 etiam
3533 1155 3619 1209 di-

2025 1249 2183 1292 cente
2224 1257 2237 1292 :
2285 1259 2303 1291 ι
2334 1241 2470 1295 Ecce
2504 1240 2663 1310 Virgo
2712 1242 2763 1296 in
2801 1254 2956 1298 utero
3003 1243 3295 1313 concipiet,
3340 1252 3395 1299 et
3445 1246 3623 1313 pariet

2026 1325 2245 1390 Filium,
2273 1339 2328 1384 et
2357 1331 2625 1386 vocabunt
2657 1348 2854 1388 nomen
2894 1335 3014 1404 ejus
3041 1332 3356 1390 Emmanuel
3398 1336 3476 1403 ²⁰;
3512 1354 3533 1388 ι
3567 1346 3623 1391 et

2028 1421 2186 1476 beato
2207 1421 2459 1478 Gabriele
2479 1425 2616 1479 hanc
2639 1425 3042 1495 praedictionem
3067 1426 3465 1494 conlirmante,’
3483 1428 3622 1483 divi-

2028 1528 2259 1584 namque
2287 1514 2621 1570 voluntatem
2662 1517 2859 1587 virgini
2895 1519 3204 1574 declarante
3233 1539 3246 1575 :
3280 1538 3298 1571 ι
3324 1519 3402 1577 Ne
3427 1522 3620 1577 timeas

2025 1604 2193 1667 enim,
2246 1604 2442 1673 inquit,
2495 1604 2686 1671 Maria,
2738 1607 2995 1677 quoniam
3054 1623 3184 1666 ecce
3234 1611 3510 1680 concipies
3563 1611 3617 1666 in

2027 1701 2209 1753 utero,
2237 1701 2292 1745 et
2321 1693 2503 1761 paries
2545 1693 2764 1759 Filium,
2811 1705 2865 1750 et
2899 1697 3119 1753 vocabis
3152 1714 3347 1754 nomen
3379 1702 3498 1769 ejus
3526 1699 3617 1756 leo

2026 1798 2145 1836 sum
2184 1784 2253 1835 ἰ.
2288 1803 2304 1834 ι
2342 1784 2418 1838 Ex
2455 1785 2686 1842 muliere
2718 1796 2904 1843 natum
2942 1802 3132 1843 revera
3187 1791 3459 1847 credimus
3493 1792 3620 1847 Em-

2031 1877 2367 1940 manuelem;
2406 1888 2459 1933 ct
2500 1880 2838 1949 Splendidam
2885 1883 3369 1955 admirabilemque
3415 1892 3621 1940 natura:

2029 1978 2229 2023 nostra:
2257 1970 2572 2040 dignitatem
2602 1987 2706 2028 non
2736 1974 3063 2043 rejiciemus.
3478 1982 3481 1985 ⁷

2100 2236 2159 2289 Β.
2208 2237 2422 2306 Optime
2466 2238 2626 2293 dicis.
2673 2239 3044 2309 A'pprehcndit
3095 2242 3239 2295 enim
3295 2242 3456 2307 Deus,
3512 2260 3616 2297 non

2026 2331 2299 2401 propriam
2327 2347 2390 2385 ac
2418 2332 2741 2401 peculiarem
2780 2342 3030 2387 naturam
3057 2336 3268 2404 (neque
3289 2337 3432 2389 enim
3456 2337 3617 2407 quid-

2025 2440 2184 2492 quam
2219 2423 2283 2475 ad
2320 2440 2416 2476 nos
2447 2424 2691 2479 utilitatis
2723 2426 3102 2497 pervenisset),
3123 2427 3217 2480 sed
3249 2442 3422 2495 neque
3446 2442 3614 2498 ange-

2027 2514 2228 2577 lorum,
2279 2516 2370 2568 sed
2405 2526 2587 2569 semen
2623 2516 2877 2583 Abrahae,
2920 2516 3058 2570 sicut
3108 2516 3367 2585 scriptum
3422 2526 3504 2571 cst
3539 2520 3605 2570 “.

2024 2603 2099 2657 ita
2136 2604 2302 2668 enim,
2340 2617 2391 2659 et
2426 2622 2529 2659 non
2566 2606 2725 2660 aliter
2755 2623 2925 2676 genus
2954 2608 3017 2661 ad
3065 2606 3360 2677 perniciem
3398 2607 3616 2664 devolu-

2025 2706 2135 2751 tum
2165 2697 2572 2752 instaurandum
2608 2708 2746 2753 erat.
3210 2744 3211 2747 η

2097 2788 2159 2840 Α.
2205 2786 2343 2851 Quid
2370 2802 2499 2841 vero
2521 2786 2544 2841 τ’
2566 2787 2719 2843 Anne
2749 2790 2849 2843 hoc
2875 2788 3039 2843 etiam
3070 2789 3449 2847 admirandum
3482 2805 3613 2847 cen-

2021 2891 2134 2940 ses,
2162 2874 2379 2931 llermia
2405 2875 2433 2928 ’ἓ

2092 2966 2152 3020 Β.
2198 2966 2515 3033 Quidnam?
2603 2994 2614 3004 -

2095 3061 2160 3114 A.
2218 3058 2402 3113 Sacrae
2450 3056 2595 3113 enim
2657 3055 2953 3125 Scriptura:
3016 3056 3170 3126 quasi
3229 3060 3613 3131 valcdicentes,

2020 3161 2075 3208 et
2123 3151 2405 3221 spiritibus
2444 3150 2645 3207 erroris
2687 3160 2920 3205 mentem
2968 3149 3304 3216 addicentes,
3347 3151 3512 3224 685
3550 3171 3617 3209 eo

2023 3245 2306 3316 imperitiae
2356 3255 2410 3300 et
2454 3242 2709 3313 juvenilis
2759 3244 3084 3300 temeritatis
3132 3246 3497 3313 devenerunt,
3559 3258 3617 3303 ut

2021 3337 2386 3392 existimarint
2418 3351 2541 3390 eum
2579 3334 2670 3405 qui
2729 3336 2982 3390 conditor
3031 3344 3115 3401 est
3176 3337 3498 3392 sa'culorum
3562 3350 3618 3397 et

2012 3428 2326 3483 'co:eternus
2353 3428 2466 3484 Deo
2494 3440 2547 3483 et
2569 3427 2737 3493 Patri,
2764 3426 3004 3483 Verbum
3049 3429 3331 3495 nimirum,
3364 3442 3473 3486 tum
3506 3433 3612 3503 pri-

2023 3536 2164 3573 mum
2202 3522 2494 3575 exsistcndi
2547 3522 2757 3575 initium
2796 3524 3100 3591 accepisse,
3151 3539 3273 3576 cum
3317 3528 3614 3581 secundum

2021 3625 2240 3664 carnem
2280 3624 2438 3666 natus
2472 3624 2583 3680 est,
2606 3626 2659 3667 et
2692 3615 2843 3668 tarde
2872 3614 3109 3682 genitum
3143 3629 3282 3675 esse.
3319 3618 3406 3684 qui
3434 3618 3613 3672 omnia

2020 3700 2213 3753 δῖοςυιει
2253 3709 2305 3754 ct
2352 3709 2590 3768 tempora
2624 3704 2911 3766 antecedit,
2950 3701 3022 3754 ita
3054 3711 3112 3756 ut
3144 3703 3367 3756 ultinms
3401 3705 3613 3760 tandem

2019 3792 2413 3847 incarnationis
2455 3794 2787 3859 temporibus
2814 3793 2975 3861 Deus
3009 3796 3186 3850 lactus
3218 3796 3287 3849 sit
3337 3796 3519 3863 Pater,
3559 3810 3615 3852 et

2020 3886 2416 3956 quodammodo
2447 3885 2745 3939 immissum
2780 3889 2831 3941 in
2862 3900 3074 3943 uterum
3107 3890 3345 3961 Virginis
3382 3900 3438 3943 ut
3470 3900 3617 3945 esset

2020 3989 2181 4048 atque
2229 3977 2573 4043 subsisteret,
2618 3995 2739 4031 cum
2780 3994 2874 4048 per
2908 3997 3067 4051 quem
3120 3993 3171 4036 ct
3226 3983 3277 4035 in
3332 3997 3440 4052 quo
3487 3995 3610 4038 sunt

2019 4073 2220 4126 omnia.
2255 4073 2409 4125 Anne
2442 4086 2535 4127 eos
2564 4073 2631 4125 ad
2668 4081 2865 4126 metam
2898 4075 3139 4127 onminm
3184 4075 3454 4129 malorum
3489 4089 3611 4144 per-

2019 4165 2232 4219 venisse
2264 4179 2473 4231 censes,
2512 4166 2603 4235 qni
2640 4158 3037 4222 adm‘anilibns
3066 4179 3228 4237 atque
3261 4167 3610 4224 cxsecrandis

2020 4255 2213 4310 fabulis
2234 4257 2471 4309 animum
2494 4256 2799 4326 adjiciunt?
2820 4276 2839 4309 ι
2868 4258 3211 4328 Sepulcrum,
3231 4273 3397 4322 certe,
3416 4269 3609 4328 patens

2018 4355 2101 4401 est
2147 4354 2332 4413 guttur
2369 4360 2581 4413 eormn,
2632 4347 2830 4416 linguis
2863 4350 2977 4404 suis
3005 4350 3189 4405 dolose
3230 4352 3484 4421 agebant,
3513 4365 3605 4405 ve-

2021 4456 2214 4495 nenum
2252 4441 2495 4511 aspidum
2520 4442 2620 4496 sub
2656 4442 2812 4496 labiis
2846 4458 3058 4508 eorum,
3093 4457 3320 4513 quorum
3349 4459 3411 4499 os
3436 4443 3607 4513 male-

331 4546 349 4574 σ
373 4526 577 4596 Τάφος,
605 4530 842 4599 ἀληθῶς,
871 4531 1218 4602 ἀνεῳγμένος
1253 4536 1279 4586 ὁ
1325 4535 1537 4605 λάρυγξ
1564 4538 1765 4601 αὐτῶν,
1800 4543 1914 4602 ταῖς

2024 4533 2259 4588 dictione
2290 4543 2344 4589 ct
2381 4533 2743 4589 amaritudine
2775 4536 2991 4607 plenum
3017 4546 3098 4590 est
3125 4536 3191 4591 ³³.
3224 4555 3245 4590 ι

326 4615 596 4683 γλώσσαις
613 4619 790 4671 αὐτῶν
816 4621 1143 4686 ἐδολιοῦσαν,
1172 4624 1246 4687 ib;
1270 4625 1512 4679 ἀσπίδων
1531 4627 1635 4679 ὑπὸ
1665 4628 1730 4679 τὰ
1762 4630 1912 4700 χείλη

325 4705 527 4770 αλῖιτῶν,
558 4700 631 4759 ὧν
656 4708 714 4759 τὸ
752 4710 925 4778 στόμα
954 4712 1093 4781 ἀρᾶς
1128 4714 1221 4766 καὶ
1254 4715 1478 4784 πικρίας
1507 4715 1686 4785 γέμει.
1732 4736 1748 4767 ο

397 4799 456 4851 Β.
499 4799 762 4871 Σύμφημι
793 4817 803 4830 ·
835 4804 928 4854 καὶ
966 4803 1073 4874 γάρ
1102 4807 1251 4858 ἐστιν
1286 4806 1519 4877 ἀτρεκὴς
1552 4810 1579 4860 ὁ
1624 4808 1719 4862 τοῦ
1761 4811 1911 4865 Ψάλ-

326 4890 512 4954 λοντος
549 4891 729 4959 λόγος.

398 4983 459 5037 Α,
499 4979 576 5035 Ἶι
604 4983 714 5055 γὰρ
749 4984 868 5054 οὐχὶ
898 4985 987 5040 τὸν
1031 4986 1097 5037 δι’
1126 4982 1187 5038 οὗ
1222 4990 1289 5041 τὰ
1326 4990 1521 5051 πάντα,
1566 4993 1659 5045 καὶ
1703 5000 1911 5067 7:900:3-

325 5076 548 5133 εστὰναι
573 5075 681 5130 τῶν
712 5077 931 5132 πάντων
955 5080 1198 5152 ἀνάγκῃ

396 5257 458 5310 Β.
501 5253 573 5311 Εὖ
607 5258 806 5326 λέγεις.

400 5349 463 5403 Α.
505 5349 569 5401 Τί
603 5349 658 5402 δὲ
686 5350 749 5419 δὴ
778 5350 872 5403 καὶ
902 5350 1073 5420 δρῷεν
1108 5353 1195 5415 ἂν,
1240 5353 1485 5408 Ἰωάννου
1536 5355 1634 5424 μὲν
1667 5359 1907 5429 γράφον-

326 5456 441 5505 τος,
475 5459 491 5490 ι
515 5440 602 5495 Ἐν
630 5440 773 5512 ἀρχῇ
799 5438 867 5512 ἦν
904 5444 931 5495 ὁ
949 5443 1141 5512 Λόγος,
1172 5445 1346 5498 πάντα
1375 5448 1440 5499 δι’
1468 5447 1636 5502 αὑτοῦ
1669 5451 1907 5520 ἐγένετο,

330 5532 423 5584 καὶ
446 5534 613 5604 χωρὶς
640 5533 802 5587 αὑτοῦ
839 5535 1055 5603 ἐγένετο
1086 5536 1206 5588 οὐδὲ
1247 5538 1326 5590 ἓν.
1363 5558 1381 5590 ι
1418 5539 1526 5592 Καὶ
1558 5542 1742 5606 πάλιν,
1782 5563 1800 5595 ι
1840 5546 1907 5598 Ὀ

329 5619 396 5695 ἦν
449 5626 544 5679 ἀπ’
592 5627 804 5696 ἀρχῆς,
850 5627 878 5679 ὃ
932 5628 1283 5700 ἀκηκόαμεν,
1340 5631 1367 5684 ὃ
1418 5634 1744 5705 ἑωράκαμεν
1799 5639 1905 5700 τοῖς

396 5806 452 5881 *⁸⁸
490 5808 588 5863 lsa.
630 5809 812 5876 vn,li.
893 5810 931 5839 ¹¹
962 5808 1095 5868 Luc.
1133 5825 1169 5881 ι,
1212 5810 1300 5880 50,
1336 5811 1423 5868 51.

1504 5813 1725 5871 "llcbr.
1754 5832 1789 5883 ι,
1829 5816 1912 5870 16.
1989 5818 2033 5850 ³³
2062 5816 2202 5874 Psal.
2241 5836 2356 5893 xm,
2389 5821 2439 5878 5.

2097 4807 2159 4862 B.
2191 4809 2489 4863 Assentior.
2558 4807 2731 4865 Verus
2762 4825 2907 4864 enim
2938 4819 3023 4866 est
3053 4810 3352 4868 l’salmistaz
3402 4827 3603 4868 sermo.

2086 4984 2149 5039 Α.
2214 4985 2350 5052 Quid
2409 4988 2588 5054 enim,
2657 5002 2835 5042 nonne
2886 5005 3008 5044 cum
3065 5006 3159 5060 per
3205 5006 3363 5061 quem
3423 4993 3603 5048 omnia

2016 5082 2153 5135 facta
2207 5090 2351 5147 sunt,
2402 5082 2655 5137 omnibus
2697 5083 2863 5138 etiam
2915 5084 3305 5154 praeexstitisse
3364 5100 3595 5143 necesse

2016 5184 2097 5229 est
2131 5173 2156 5228 ?

2089 5266 2148 5321 Β.
2186 5267 2352 5323 liccte
2388 5268 2542 5324 dicis.

2088 5362 2153 5416 A.
2205 5362 2340 5428 Quid
2397 5377 2525 5417 vero
2582 5370 2761 5434 agant,
2830 5365 3100 5420 scribente
3160 5364 3366 5422 Joanne
3406 5387 3419 5423 :
3462 5387 3479 5421 ι
3546 5369 3600 5425 lu

2018 5456 2282 5527 principio
2328 5467 2447 5512 erat
2499 5457 2756 5527 Verbum,
2820 5460 2999 5513 mrmia
3060 5474 3158 5530 per
3218 5462 3391 5531 ipsum
3452 5462 3597 5516 facta

2018 5558 2162 5617 sunt,
2195 5560 2247 5603 et
2280 5549 2398 5604 sine
2434 5548 2551 5619 ipso
2584 5549 2780 5605 factum
2813 5561 2894 5606 est
2919 5552 3050 5608 nihil
3084 5554 3148 5609 “.
3194 5574 3211 5608 ι
3247 5553 3311 5609 Et
3336 5568 3549 5609 rursum
3580 5572 3594 5608 :

2024 5660 2041 5691 ι
2065 5640 2214 5707 Quod
2236 5647 2354 5695 crat
2380 5639 2447 5695 ab
2480 5639 2653 5708 initio,
2678 5643 2820 5712 quod
2845 5644 3169 5712 audivimus,
3193 5646 3335 5716 quod
3364 5644 3598 5699 Vidimus

2522 5821 2565 5855 ²”
2591 5821 2748 5878 Joan.
2778 5841 2816 5892 ι,
2852 5824 2964 5880 ινδ.
