  <div class='ocr_page' id='page_1' title='image "/cluster/home/n/w/nwhite01/storage/ocr_20150623/75/hvd.32044073502031/618.png"; bbox 0 0 4038 6200; ppageno 0'>
   <div class='ocr_carea' id='block_1_1' title="bbox 284 315 426 369">
    <p class='ocr_par' dir='ltr' id='par_1_1' title="bbox 284 315 426 369">
     <span class='ocr_line' id='line_1_1' title="bbox 284 315 426 369; baseline 0 0"><span class='ocrx_word' id='word_1_1' title='bbox 284 315 426 369; x_wconf 68' lang='grc'><strong>1225</strong></span> 
     </span>
    </p>
   </div>
   <div class='ocr_carea' id='block_1_2' title="bbox 278 496 1874 573">
    <p class='ocr_par' dir='ltr' id='par_1_2' title="bbox 278 496 1874 573">
     <span class='ocr_line' id='line_1_2' title="bbox 278 496 1874 573; baseline 0.003 -21"><span class='ocrx_word' id='word_1_2' title='bbox 278 496 808 569; x_wconf 80' lang='grc' dir='ltr'>ἀποκεκρυμμένην,</span> <span class='ocrx_word' id='word_1_3' title='bbox 832 498 899 568; x_wconf 76' lang='grc' dir='ltr'>ἢν</span> <span class='ocrx_word' id='word_1_4' title='bbox 936 497 1242 569; x_wconf 78' lang='grc' dir='ltr'><strong>προώρισεν</strong></span> <span class='ocrx_word' id='word_1_5' title='bbox 1264 501 1292 552; x_wconf 99' lang='lat'><strong>6</strong></span> <span class='ocrx_word' id='word_1_6' title='bbox 1315 498 1448 563; x_wconf 75' lang='grc' dir='ltr'>Θεὸς</span> <span class='ocrx_word' id='word_1_7' title='bbox 1478 501 1584 573; x_wconf 83' lang='grc' dir='ltr'><strong>πρὸ</strong></span> <span class='ocrx_word' id='word_1_8' title='bbox 1616 504 1723 555; x_wconf 83' lang='grc' dir='ltr'>τῶν</span> <span class='ocrx_word' id='word_1_9' title='bbox 1745 504 1874 557; x_wconf 84' lang='grc' dir='ltr'><strong>αίώ-</strong></span> 
     </span>
    </p>
   </div>
   <div class='ocr_carea' id='block_1_3' title="bbox 280 590 1870 666">
    <p class='ocr_par' dir='ltr' id='par_1_3' title="bbox 280 590 1870 666">
     <span class='ocr_line' id='line_1_3' title="bbox 280 590 1870 666; baseline 0.004 -21"><span class='ocrx_word' id='word_1_10' title='bbox 280 610 389 646; x_wconf 88' lang='grc' dir='ltr'><strong>νων</strong></span> <span class='ocrx_word' id='word_1_11' title='bbox 436 594 514 654; x_wconf 86' lang='grc' dir='ltr'><strong>είς</strong></span> <span class='ocrx_word' id='word_1_12' title='bbox 553 590 707 655; x_wconf 82' lang='grc' dir='ltr'>δόξαν</span> <span class='ocrx_word' id='word_1_13' title='bbox 740 590 918 660; x_wconf 81' lang='grc' dir='ltr'>ὑμῶν,</span> <span class='ocrx_word' id='word_1_14' title='bbox 964 591 1032 661; x_wconf 79' lang='grc' dir='ltr'>ἢν</span> <span class='ocrx_word' id='word_1_15' title='bbox 1078 591 1254 656; x_wconf 73' lang='grc' dir='ltr'>οὐδεὶς</span> <span class='ocrx_word' id='word_1_16' title='bbox 1290 593 1397 646; x_wconf 79' lang='grc' dir='ltr'><strong>τῶν</strong></span> <span class='ocrx_word' id='word_1_17' title='bbox 1445 594 1724 666; x_wconf 84' lang='grc' dir='ltr'>ἀρχόντων</span> <span class='ocrx_word' id='word_1_18' title='bbox 1773 597 1870 651; x_wconf 87' lang='grc' dir='ltr'><strong>τοῦ</strong></span> 
     </span>
    </p>
   </div>
   <div class='ocr_carea' id='block_1_4' title="bbox 278 682 1871 757">
    <p class='ocr_par' dir='ltr' id='par_1_4' title="bbox 278 682 1871 757">
     <span class='ocr_line' id='line_1_4' title="bbox 278 682 1871 757; baseline 0.004 -19"><span class='ocrx_word' id='word_1_19' title='bbox 278 683 478 746; x_wconf 75' lang='grc' dir='ltr'>αἰῶνος</span> <span class='ocrx_word' id='word_1_20' title='bbox 501 682 690 736; x_wconf 76' lang='grc' dir='ltr'>τούτου</span> <span class='ocrx_word' id='word_1_21' title='bbox 720 683 979 750; x_wconf 77' lang='grc' dir='ltr'>ἔγνωκεν.</span> <span class='ocrx_word' id='word_1_22' title='bbox 1012 703 1028 735; x_wconf 76' lang='grc' dir='ltr'><strong>ι</strong></span> <span class='ocrx_word' id='word_1_23' title='bbox 1053 683 1116 736; x_wconf 76' lang='lat' dir='ltr'><strong>EE</strong></span> <span class='ocrx_word' id='word_1_24' title='bbox 1142 685 1250 757; x_wconf 75' lang='grc' dir='ltr'>γὰρ</span> <span class='ocrx_word' id='word_1_25' title='bbox 1267 685 1530 754; x_wconf 73' lang='grc' dir='ltr'>ἔγνωσαν,</span> <span class='ocrx_word' id='word_1_26' title='bbox 1552 689 1650 743; x_wconf 82' lang='grc' dir='ltr'><strong>οὐκ</strong></span> <span class='ocrx_word' id='word_1_27' title='bbox 1682 689 1748 744; x_wconf 81' lang='grc' dir='ltr'><strong>ἂν</strong></span> <span class='ocrx_word' id='word_1_28' title='bbox 1779 690 1871 745; x_wconf 82' lang='grc' dir='ltr'><strong>τὸν</strong></span> 
     </span>
    </p>
   </div>
   <div class='ocr_carea' id='block_1_5' title="bbox 277 774 1869 853">
    <p class='ocr_par' dir='ltr' id='par_1_5' title="bbox 277 774 1869 853">
     <span class='ocr_line' id='line_1_5' title="bbox 277 774 1869 853; baseline 0.006 -24"><span class='ocrx_word' id='word_1_29' title='bbox 277 774 485 847; x_wconf 83' lang='grc' dir='ltr'>Κύριον</span> <span class='ocrx_word' id='word_1_30' title='bbox 516 775 619 846; x_wconf 79' lang='grc' dir='ltr'>τῆς</span> <span class='ocrx_word' id='word_1_31' title='bbox 652 776 809 847; x_wconf 81' lang='grc' dir='ltr'>δόξης</span> <span class='ocrx_word' id='word_1_32' title='bbox 844 777 1219 848; x_wconf 76' lang='grc' dir='ltr'>ἐσταύρωσαν.</span> <span class='ocrx_word' id='word_1_33' title='bbox 1250 780 1359 833; x_wconf 78' lang='grc' dir='ltr'>Καὶ</span> <span class='ocrx_word' id='word_1_34' title='bbox 1377 781 1489 853; x_wconf 85' lang='grc' dir='ltr'>μὴν</span> <span class='ocrx_word' id='word_1_35' title='bbox 1517 782 1609 838; x_wconf 72' lang='grc' dir='ltr'><strong>ἐπὶ</strong></span> <span class='ocrx_word' id='word_1_36' title='bbox 1638 783 1869 850; x_wconf 80' lang='grc' dir='ltr'><strong>τούτοις,</strong></span> 
     </span>
    </p>
   </div>
   <div class='ocr_carea' id='block_1_6' title="bbox 282 864 1870 947">
    <p class='ocr_par' dir='ltr' id='par_1_6' title="bbox 282 864 1870 947">
     <span class='ocr_line' id='line_1_6' title="bbox 282 864 1870 947; baseline 0.008 -28"><span class='ocrx_word' id='word_1_37' title='bbox 282 887 300 919; x_wconf 78' lang='grc' dir='ltr'><strong>ι</strong></span> <span class='ocrx_word' id='word_1_38' title='bbox 320 866 416 932; x_wconf 66' lang='lat'><strong>&#39;0;</strong></span> <span class='ocrx_word' id='word_1_39' title='bbox 439 864 516 921; x_wconf 78' lang='grc' dir='ltr'><strong>ὢν</strong></span> <span class='ocrx_word' id='word_1_40' title='bbox 537 868 881 939; x_wconf 75' lang='grc' dir='ltr'>ἀπαύγασμα</span> <span class='ocrx_word' id='word_1_41' title='bbox 904 870 1003 941; x_wconf 83' lang='grc' dir='ltr'><strong>τῆς</strong></span> <span class='ocrx_word' id='word_1_42' title='bbox 1021 870 1177 940; x_wconf 79' lang='grc' dir='ltr'>δόξης</span> <span class='ocrx_word' id='word_1_43' title='bbox 1198 872 1292 925; x_wconf 69' lang='grc' dir='ltr'><strong>καὶ</strong></span> <span class='ocrx_word' id='word_1_44' title='bbox 1309 876 1596 946; x_wconf 77' lang='grc' dir='ltr'>χαρακτὴρ</span> <span class='ocrx_word' id='word_1_45' title='bbox 1617 880 1716 947; x_wconf 81' lang='grc' dir='ltr'><strong>τῆς</strong></span> <span class='ocrx_word' id='word_1_46' title='bbox 1737 877 1870 930; x_wconf 84' lang='grc' dir='ltr'>ύπο-</span> 
     </span>
    </p>
   </div>
   <div class='ocr_carea' id='block_1_7' title="bbox 281 961 1869 1041">
    <p class='ocr_par' dir='ltr' id='par_1_7' title="bbox 281 961 1869 1041">
     <span class='ocr_line' id='line_1_7' title="bbox 281 961 1869 1041; baseline 0.005 -25"><span class='ocrx_word' id='word_1_47' title='bbox 281 962 526 1025; x_wconf 85' lang='grc' dir='ltr'>στάσεως</span> <span class='ocrx_word' id='word_1_48' title='bbox 569 961 756 1026; x_wconf 80' lang='grc' dir='ltr'>αὑτοῦ,</span> <span class='ocrx_word' id='word_1_49' title='bbox 792 964 973 1033; x_wconf 77' lang='grc' dir='ltr'>φέρων</span> <span class='ocrx_word' id='word_1_50' title='bbox 1003 981 1062 1017; x_wconf 84' lang='grc' dir='ltr'><strong>τε</strong></span> <span class='ocrx_word' id='word_1_51' title='bbox 1095 966 1163 1018; x_wconf 79' lang='grc' dir='ltr'>τὰ</span> <span class='ocrx_word' id='word_1_52' title='bbox 1193 966 1369 1019; x_wconf 82' lang='grc' dir='ltr'>πάντα</span> <span class='ocrx_word' id='word_1_53' title='bbox 1419 967 1495 1039; x_wconf 83' lang='grc' dir='ltr'><strong>τῷ</strong></span> <span class='ocrx_word' id='word_1_54' title='bbox 1540 971 1744 1039; x_wconf 77' lang='grc' dir='ltr'>ῥήματι</span> <span class='ocrx_word' id='word_1_55' title='bbox 1770 971 1869 1041; x_wconf 84' lang='grc' dir='ltr'>τῆς</span> 
     </span>
    </p>
   </div>
   <div class='ocr_carea' id='block_1_8' title="bbox 278 1052 1867 1132">
    <p class='ocr_par' dir='ltr' id='par_1_8' title="bbox 278 1052 1867 1132">
     <span class='ocr_line' id='line_1_8' title="bbox 278 1052 1867 1132; baseline 0.006 -24"><span class='ocrx_word' id='word_1_56' title='bbox 278 1052 565 1126; x_wconf 82' lang='grc' dir='ltr'>δυνάμεως</span> <span class='ocrx_word' id='word_1_57' title='bbox 598 1055 782 1115; x_wconf 80' lang='grc' dir='ltr'>αὑτοῦ,</span> <span class='ocrx_word' id='word_1_58' title='bbox 817 1056 1160 1128; x_wconf 79' lang='grc' dir='ltr'>καθαρισμὸν</span> <span class='ocrx_word' id='word_1_59' title='bbox 1187 1058 1294 1111; x_wconf 82' lang='grc' dir='ltr'><strong>τῶν</strong></span> <span class='ocrx_word' id='word_1_60' title='bbox 1322 1059 1605 1131; x_wconf 79' lang='grc' dir='ltr'>ἁμαρτιῶν</span> <span class='ocrx_word' id='word_1_61' title='bbox 1639 1064 1867 1132; x_wconf 83' lang='grc' dir='ltr'>ποιησά-</span> 
     </span>
    </p>
   </div>
   <div class='ocr_carea' id='block_1_9' title="bbox 286 1148 1869 1227">
    <p class='ocr_par' dir='ltr' id='par_1_9' title="bbox 286 1148 1869 1227">
     <span class='ocr_line' id='line_1_9' title="bbox 286 1148 1869 1227; baseline -0.004 -25"><span class='ocrx_word' id='word_1_62' title='bbox 286 1165 469 1219; x_wconf 82' lang='grc' dir='ltr'>μενος,</span> <span class='ocrx_word' id='word_1_63' title='bbox 497 1148 747 1201; x_wconf 77' lang='grc' dir='ltr'>ἐκάθισεν</span> <span class='ocrx_word' id='word_1_64' title='bbox 781 1150 837 1201; x_wconf 81' lang='grc' dir='ltr'><strong>ἐν</strong></span> <span class='ocrx_word' id='word_1_65' title='bbox 868 1149 1018 1219; x_wconf 79' lang='grc' dir='ltr'>δεξιᾷ</span> <span class='ocrx_word' id='word_1_66' title='bbox 1044 1150 1143 1220; x_wconf 76' lang='grc' dir='ltr'>τῆς</span> <span class='ocrx_word' id='word_1_67' title='bbox 1188 1152 1578 1223; x_wconf 83' lang='grc' dir='ltr'>μεγαλωσύνης</span> <span class='ocrx_word' id='word_1_68' title='bbox 1626 1156 1684 1208; x_wconf 82' lang='grc' dir='ltr'><strong>ὲν</strong></span> <span class='ocrx_word' id='word_1_69' title='bbox 1732 1156 1869 1227; x_wconf 62' lang='grc' dir='ltr'>ὑψη-</span> 
     </span>
    </p>
   </div>
   <div class='ocr_carea' id='block_1_10' title="bbox 282 1236 1869 1317">
    <p class='ocr_par' dir='ltr' id='par_1_10' title="bbox 282 1236 1869 1317">
     <span class='ocr_line' id='line_1_10' title="bbox 282 1236 1869 1317; baseline 0.006 -27"><span class='ocrx_word' id='word_1_70' title='bbox 282 1236 416 1301; x_wconf 90' lang='grc' dir='ltr'>λοῖς,</span> <span class='ocrx_word' id='word_1_71' title='bbox 450 1238 686 1308; x_wconf 84' lang='grc' dir='ltr'>τοσούτῳ</span> <span class='ocrx_word' id='word_1_72' title='bbox 715 1238 977 1307; x_wconf 82' lang='grc' dir='ltr'>κρείττων</span> <span class='ocrx_word' id='word_1_73' title='bbox 1006 1240 1294 1310; x_wconf 86' lang='grc' dir='ltr'>γενόμενος</span> <span class='ocrx_word' id='word_1_74' title='bbox 1330 1242 1441 1296; x_wconf 85' lang='grc' dir='ltr'><strong>τῶν</strong></span> <span class='ocrx_word' id='word_1_75' title='bbox 1465 1242 1732 1312; x_wconf 82' lang='grc' dir='ltr'>ἀγγέλων,</span> <span class='ocrx_word' id='word_1_76' title='bbox 1758 1247 1869 1317; x_wconf 83' lang='grc' dir='ltr'>ὅσῳ</span> 
     </span>
    </p>
   </div>
   <div class='ocr_carea' id='block_1_11' title="bbox 279 1329 1860 1408">
    <p class='ocr_par' dir='ltr' id='par_1_11' title="bbox 279 1329 1860 1408">
     <span class='ocr_line' id='line_1_11' title="bbox 279 1329 1860 1408; baseline 0.004 -25"><span class='ocrx_word' id='word_1_77' title='bbox 279 1329 683 1400; x_wconf 80' lang='grc' dir='ltr'>διαφορώτερον</span> <span class='ocrx_word' id='word_1_78' title='bbox 713 1332 843 1398; x_wconf 77' lang='grc' dir='ltr'>παρ’</span> <span class='ocrx_word' id='word_1_79' title='bbox 877 1332 1074 1408; x_wconf 71' lang='grc' dir='ltr'>αὐτοὺς</span> <span class='ocrx_word' id='word_1_80' title='bbox 1100 1332 1576 1406; x_wconf 76' lang='grc' dir='ltr'>κεκληρονόμηκεν</span> <span class='ocrx_word' id='word_1_81' title='bbox 1616 1337 1805 1407; x_wconf 83' lang='grc' dir='ltr'>ὄνομα.</span> <span class='ocrx_word' id='word_1_82' title='bbox 1841 1358 1860 1390; x_wconf 75' lang='grc' dir='ltr'><strong>ι</strong></span> 
     </span>
    </p>
   </div>
   <div class='ocr_carea' id='block_1_12' title="bbox 280 1417 1868 1500">
    <p class='ocr_par' dir='ltr' id='par_1_12' title="bbox 280 1417 1868 1500">
     <span class='ocr_line' id='line_1_12' title="bbox 280 1417 1868 1500; baseline 0.005 -25"><span class='ocrx_word' id='word_1_83' title='bbox 280 1421 476 1476; x_wconf 83' lang='grc' dir='ltr'>Καίτοι</span> <span class='ocrx_word' id='word_1_84' title='bbox 526 1422 584 1473; x_wconf 69' lang='grc' dir='ltr'><strong>τό</strong></span> <span class='ocrx_word' id='word_1_85' title='bbox 631 1438 694 1489; x_wconf 87' lang='grc' dir='ltr'><strong>γε</strong></span> <span class='ocrx_word' id='word_1_86' title='bbox 732 1417 868 1474; x_wconf 82' lang='grc' dir='ltr'>εἷναί</span> <span class='ocrx_word' id='word_1_87' title='bbox 918 1439 975 1475; x_wconf 86' lang='grc' dir='ltr'><strong>τε</strong></span> <span class='ocrx_word' id='word_1_88' title='bbox 1027 1423 1120 1476; x_wconf 61' lang='grc' dir='ltr'><strong>καλ⁵</strong></span> <span class='ocrx_word' id='word_1_89' title='bbox 1165 1423 1527 1494; x_wconf 80' lang='grc' dir='ltr'>ὀνομάζεσθαι</span> <span class='ocrx_word' id='word_1_90' title='bbox 1566 1428 1668 1497; x_wconf 82' lang='grc' dir='ltr'>τῆς</span> <span class='ocrx_word' id='word_1_91' title='bbox 1711 1429 1868 1500; x_wconf 81' lang='grc' dir='ltr'>δόξης</span> 
     </span>
    </p>
   </div>
   <div class='ocr_carea' id='block_1_13' title="bbox 278 1513 1865 1586">
    <p class='ocr_par' dir='ltr' id='par_1_13' title="bbox 278 1513 1865 1586">
     <span class='ocr_line' id='line_1_13' title="bbox 278 1513 1865 1586; baseline 0.003 -16"><span class='ocrx_word' id='word_1_92' title='bbox 278 1514 507 1585; x_wconf 79' lang='grc' dir='ltr'>Κύριον,</span> <span class='ocrx_word' id='word_1_93' title='bbox 528 1513 645 1576; x_wconf 83' lang='grc' dir='ltr'>πῶς</span> <span class='ocrx_word' id='word_1_94' title='bbox 668 1514 791 1585; x_wconf 70' lang='grc' dir='ltr'>οὐχὶ</span> <span class='ocrx_word' id='word_1_95' title='bbox 814 1513 933 1566; x_wconf 83' lang='grc' dir='ltr'>λίαν</span> <span class='ocrx_word' id='word_1_96' title='bbox 960 1516 1250 1586; x_wconf 80' lang='grc' dir='ltr'>ύπερτενὲς</span> <span class='ocrx_word' id='word_1_97' title='bbox 1273 1517 1366 1571; x_wconf 69' lang='grc' dir='ltr'>καὶ</span> <span class='ocrx_word' id='word_1_98' title='bbox 1389 1519 1589 1582; x_wconf 84' lang='grc' dir='ltr'>παντὸς</span> <span class='ocrx_word' id='word_1_99' title='bbox 1612 1520 1865 1575; x_wconf 74' lang='grc' dir='ltr'>ἐπέκεινα</span> 
     </span>
    </p>
   </div>
   <div class='ocr_carea' id='block_1_14' title="bbox 275 1606 1863 1683">
    <p class='ocr_par' dir='ltr' id='par_1_14' title="bbox 275 1606 1863 1683">
     <span class='ocr_line' id='line_1_14' title="bbox 275 1606 1863 1683; baseline 0.006 -24"><span class='ocrx_word' id='word_1_100' title='bbox 275 1606 508 1677; x_wconf 77' lang='grc' dir='ltr'>γενητοῦ</span> <span class='ocrx_word' id='word_1_101' title='bbox 546 1607 638 1660; x_wconf 82' lang='grc' dir='ltr'><strong>καὶ</strong></span> <span class='ocrx_word' id='word_1_102' title='bbox 671 1608 1025 1676; x_wconf 81' lang='grc' dir='ltr'>παρηγμένου</span> <span class='ocrx_word' id='word_1_103' title='bbox 1058 1608 1195 1677; x_wconf 78' lang='grc' dir='ltr'>πρὸς</span> <span class='ocrx_word' id='word_1_104' title='bbox 1219 1609 1464 1677; x_wconf 81' lang='grc' dir='ltr'>γένεσιν;</span> <span class='ocrx_word' id='word_1_105' title='bbox 1486 1612 1596 1666; x_wconf 81' lang='grc' dir='ltr'>Καὶ</span> <span class='ocrx_word' id='word_1_106' title='bbox 1625 1612 1863 1683; x_wconf 80' lang='grc' dir='ltr'>παρίημι</span> 
     </span>
    </p>
   </div>
   <div class='ocr_carea' id='block_1_15' title="bbox 276 1697 1863 1773">
    <p class='ocr_par' dir='ltr' id='par_1_15' title="bbox 276 1697 1863 1773">
     <span class='ocr_line' id='line_1_15' title="bbox 276 1697 1863 1773; baseline 0.005 -22"><span class='ocrx_word' id='word_1_107' title='bbox 276 1699 379 1770; x_wconf 81' lang='grc' dir='ltr'><strong>μὲν</strong></span> <span class='ocrx_word' id='word_1_108' title='bbox 416 1698 485 1753; x_wconf 78' lang='grc' dir='ltr'>τὰ</span> <span class='ocrx_word' id='word_1_109' title='bbox 526 1697 861 1769; x_wconf 82' lang='grc' dir='ltr'>ἀνθρώπινα·</span> <span class='ocrx_word' id='word_1_110' title='bbox 895 1698 1105 1769; x_wconf 78' lang='grc' dir='ltr'>σμικρὰ</span> <span class='ocrx_word' id='word_1_111' title='bbox 1131 1699 1238 1771; x_wconf 79' lang='grc' dir='ltr'>γὰρ</span> <span class='ocrx_word' id='word_1_112' title='bbox 1284 1699 1349 1772; x_wconf 82' lang='grc' dir='ltr'>δὴ</span> <span class='ocrx_word' id='word_1_113' title='bbox 1393 1700 1535 1755; x_wconf 79' lang='grc' dir='ltr'>λίανο</span> <span class='ocrx_word' id='word_1_114' title='bbox 1568 1704 1679 1773; x_wconf 83' lang='grc' dir='ltr'><strong>ὲρῶ</strong></span> <span class='ocrx_word' id='word_1_115' title='bbox 1703 1704 1747 1757; x_wconf 88' lang='grc' dir='ltr'>δ’</span> <span class='ocrx_word' id='word_1_116' title='bbox 1769 1702 1863 1759; x_wconf 76' lang='grc' dir='ltr'><strong>οὖν</strong></span> 
     </span>
    </p>
   </div>
   <div class='ocr_carea' id='block_1_16' title="bbox 1380 319 2876 387">
    <p class='ocr_par' dir='ltr' id='par_1_16' title="bbox 1380 319 2876 387">
     <span class='ocr_line' id='line_1_16' title="bbox 1380 319 2876 387; baseline 0.008 -12"><span class='ocrx_word' id='word_1_117' title='bbox 1380 323 1468 377; x_wconf 72' lang='grc' dir='ltr'>ΜΣ</span> <span class='ocrx_word' id='word_1_118' title='bbox 1516 319 2036 380; x_wconf 64' lang='grc' dir='ltr'>ιΝοΑιιΝΑτιοΝΙῖ</span> <span class='ocrx_word' id='word_1_119' title='bbox 2080 330 2115 384; x_wconf 88' lang='lat' dir='ltr'>U</span> <span class='ocrx_word' id='word_1_120' title='bbox 2129 331 2453 387; x_wconf 74' lang='lat' dir='ltr'><strong>MGENITI.</strong></span> <span class='ocrx_word' id='word_1_121' title='bbox 2868 371 2876 379; x_wconf 57' lang='grc' dir='ltr'><em>μ</em></span> 
     </span>
    </p>
   </div>
   <div class='ocr_carea' id='block_1_17' title="bbox 283 405 1860 519">
    <p class='ocr_par' dir='ltr' id='par_1_17' title="bbox 283 405 1860 487">
     <span class='ocr_line' id='line_1_17' title="bbox 283 405 1860 487; baseline 0.004 -26"><span class='ocrx_word' id='word_1_122' title='bbox 283 412 489 479; x_wconf 76' lang='grc' dir='ltr'>μένων,</span> <span class='ocrx_word' id='word_1_123' title='bbox 521 407 658 461; x_wconf 75' lang='grc' dir='ltr'>ἀλλὰ</span> <span class='ocrx_word' id='word_1_124' title='bbox 688 406 958 477; x_wconf 75' lang='grc' dir='ltr'>λαλοῦμεν</span> <span class='ocrx_word' id='word_1_125' title='bbox 982 405 1116 460; x_wconf 85' lang='grc' dir='ltr'>Θεοῦ</span> <span class='ocrx_word' id='word_1_126' title='bbox 1144 408 1336 477; x_wconf 67' lang='grc' dir='ltr'>σοφίαν</span> <span class='ocrx_word' id='word_1_127' title='bbox 1367 412 1425 463; x_wconf 81' lang='grc' dir='ltr'>ὲν</span> <span class='ocrx_word' id='word_1_128' title='bbox 1460 414 1747 485; x_wconf 78' lang='grc' dir='ltr'>μυστηρίῳ</span> <span class='ocrx_word' id='word_1_129' title='bbox 1774 416 1860 487; x_wconf 63' lang='grc' dir='ltr'>τὴπ</span> 
     </span>
    </p>
   </div>
   <div class='ocr_carea' id='block_1_18' title="bbox 1966 405 3556 519">
    <p class='ocr_par' dir='ltr' id='par_1_18' title="bbox 1978 421 3556 519">
     <span class='ocr_line' id='line_1_18' title="bbox 1978 421 3556 519; baseline 0.015 -46"><span class='ocrx_word' id='word_1_130' title='bbox 1978 421 2073 475; x_wconf 89' lang='lat' dir='ltr'><strong>sed</strong></span> <span class='ocrx_word' id='word_1_131' title='bbox 2132 422 2404 493; x_wconf 81' lang='lat' dir='ltr'><strong>loquimur</strong></span> <span class='ocrx_word' id='word_1_132' title='bbox 2473 426 2565 482; x_wconf 89' lang='lat' dir='ltr'><strong>Dei</strong></span> <span class='ocrx_word' id='word_1_133' title='bbox 2621 430 2942 500; x_wconf 75' lang='lat' dir='ltr'><strong>sapientiam</strong></span> <span class='ocrx_word' id='word_1_134' title='bbox 2998 437 3049 491; x_wconf 93' lang='lat' dir='ltr'><strong>in</strong></span> <span class='ocrx_word' id='word_1_135' title='bbox 3104 445 3385 511; x_wconf 77' lang='lat' dir='ltr'><strong>mysterio,</strong></span> <span class='ocrx_word' id='word_1_136' title='bbox 3439 465 3556 519; x_wconf 60' lang='grc' dir='ltr'>(μιαν</span> 
     </span>
    </p>
   </div>
   <div class='ocr_carea' id='block_1_19' title="bbox 3420 358 3556 415">
    <p class='ocr_par' dir='ltr' id='par_1_19' title="bbox 3420 358 3556 415">
     <span class='ocr_line' id='line_1_19' title="bbox 3420 358 3556 415; baseline 0.037 -4"><span class='ocrx_word' id='word_1_137' title='bbox 3420 358 3556 415; x_wconf 67' lang='grc'>1226</span> 
     </span>
    </p>
   </div>
   <div class='ocr_carea' id='block_1_20' title="bbox 1978 512 3554 597">
    <p class='ocr_par' dir='ltr' id='par_1_20' title="bbox 1978 512 3554 597">
     <span class='ocr_line' id='line_1_20' title="bbox 1978 512 3554 597; baseline 0.022 -34"><span class='ocrx_word' id='word_1_138' title='bbox 1978 512 2290 571; x_wconf 88' lang='lat' dir='ltr'><strong>abscondita</strong></span> <span class='ocrx_word' id='word_1_139' title='bbox 2325 527 2441 584; x_wconf 91' lang='lat' dir='ltr'><strong>est,</strong></span> <span class='ocrx_word' id='word_1_140' title='bbox 2468 535 2628 589; x_wconf 91' lang='lat' dir='ltr'><strong>quam</strong></span> <span class='ocrx_word' id='word_1_141' title='bbox 2671 526 3078 591; x_wconf 67' lang='lat' dir='ltr'><strong>praedestinavit</strong></span> <span class='ocrx_word' id='word_1_142' title='bbox 3116 531 3256 589; x_wconf 87' lang='lat' dir='ltr'><strong>Deus</strong></span> <span class='ocrx_word' id='word_1_143' title='bbox 3288 547 3414 592; x_wconf 90' lang='lat' dir='ltr'><strong>ante</strong></span> 
     </span>
    </p>
   </div>
   <div class='ocr_carea' id='block_1_21' title="bbox 1974 602 3556 700">
    <p class='ocr_par' dir='ltr' id='par_1_21' title="bbox 1974 602 3556 700">
     <span class='ocr_line' id='line_1_21' title="bbox 1974 602 3556 700; baseline 0.02 -45"><span class='ocrx_word' id='word_1_144' title='bbox 1974 602 2093 658; x_wconf 86' lang='lat' dir='ltr'><strong>cnla</strong></span> <span class='ocrx_word' id='word_1_145' title='bbox 2125 605 2177 660; x_wconf 90' lang='lat' dir='ltr'><strong>in</strong></span> <span class='ocrx_word' id='word_1_146' title='bbox 2220 608 2448 678; x_wconf 79' lang='lat' dir='ltr'><strong>gloriam</strong></span> <span class='ocrx_word' id='word_1_147' title='bbox 2503 623 2768 678; x_wconf 85' lang='lat' dir='ltr'><strong>nostram,</strong></span> <span class='ocrx_word' id='word_1_148' title='bbox 2824 633 2986 686; x_wconf 89' lang='lat' dir='ltr'><strong>quam</strong></span> <span class='ocrx_word' id='word_1_149' title='bbox 3041 636 3202 679; x_wconf 86' lang='lat' dir='ltr'><strong>nemo</strong></span> <span class='ocrx_word' id='word_1_150' title='bbox 3251 630 3556 700; x_wconf 84' lang='lat' dir='ltr'><strong>principum</strong></span> 
     </span>
    </p>
   </div>
   <div class='ocr_carea' id='block_1_22' title="bbox 1975 695 3555 787">
    <p class='ocr_par' dir='ltr' id='par_1_22' title="bbox 1975 695 3555 787">
     <span class='ocr_line' id='line_1_22' title="bbox 1975 695 3555 787; baseline 0.019 -38"><span class='ocrx_word' id='word_1_151' title='bbox 1975 695 2133 763; x_wconf 86' lang='lat' dir='ltr'><strong>hujus</strong></span> <span class='ocrx_word' id='word_1_152' title='bbox 2156 700 2343 755; x_wconf 84' lang='lat' dir='ltr'><strong>saeculi</strong></span> <span class='ocrx_word' id='word_1_153' title='bbox 2378 706 2649 773; x_wconf 76' lang='lat' dir='ltr'><strong>cognovit.</strong></span> <span class='ocrx_word' id='word_1_154' title='bbox 2683 706 2741 763; x_wconf 90' lang='lat' dir='ltr'><strong>Si</strong></span> <span class='ocrx_word' id='word_1_155' title='bbox 2773 711 2919 766; x_wconf 92' lang='lat' dir='ltr'><strong>enim</strong></span> <span class='ocrx_word' id='word_1_156' title='bbox 2955 695 3376 787; x_wconf 78' lang='lat' dir='ltr'><strong>cognovissent,</strong></span> <span class='ocrx_word' id='word_1_157' title='bbox 3415 739 3555 779; x_wconf 80' lang='lat' dir='ltr'><strong>nun~</strong></span> 
     </span>
    </p>
   </div>
   <div class='ocr_carea' id='block_1_23' title="bbox 1972 792 3553 871">
    <p class='ocr_par' dir='ltr' id='par_1_23' title="bbox 1972 792 3553 871">
     <span class='ocr_line' id='line_1_23' title="bbox 1972 792 3553 871; baseline 0.02 -31"><span class='ocrx_word' id='word_1_158' title='bbox 1972 802 2131 856; x_wconf 88' lang='lat' dir='ltr'><strong>quam</strong></span> <span class='ocrx_word' id='word_1_159' title='bbox 2186 792 2470 848; x_wconf 90' lang='lat' dir='ltr'><strong>Dominum</strong></span> <span class='ocrx_word' id='word_1_160' title='bbox 2511 797 2696 867; x_wconf 67' lang='lat' dir='ltr'><strong>gloriae</strong></span> <span class='ocrx_word' id='word_1_161' title='bbox 2722 803 3208 863; x_wconf 75' lang='lat' dir='ltr'><strong>cruciﬁxissent“.</strong></span> <span class='ocrx_word' id='word_1_162' title='bbox 3259 830 3278 862; x_wconf 76' lang='grc' dir='ltr'><strong>ι</strong></span> <span class='ocrx_word' id='word_1_163' title='bbox 3323 812 3553 871; x_wconf 77' lang='lat' dir='ltr'><strong>Praeter-</strong></span> 
     </span>
    </p>
   </div>
   <div class='ocr_carea' id='block_1_24' title="bbox 1971 879 3546 969">
    <p class='ocr_par' dir='ltr' id='par_1_24' title="bbox 1971 879 3546 969">
     <span class='ocr_line' id='line_1_24' title="bbox 1971 879 3546 969; baseline 0.017 -37"><span class='ocrx_word' id='word_1_164' title='bbox 1971 892 2076 933; x_wconf 87' lang='lat' dir='ltr'><strong>ea:</strong></span> <span class='ocrx_word' id='word_1_165' title='bbox 2141 898 2158 932; x_wconf 79' lang='grc' dir='ltr'><strong>ι</strong></span> <span class='ocrx_word' id='word_1_166' title='bbox 2187 879 2288 948; x_wconf 86' lang='lat' dir='ltr'><strong>Qui</strong></span> <span class='ocrx_word' id='word_1_167' title='bbox 2338 897 2458 938; x_wconf 92' lang='lat' dir='ltr'><strong>cum</strong></span> <span class='ocrx_word' id='word_1_168' title='bbox 2502 887 2574 941; x_wconf 90' lang='lat' dir='ltr'><strong>sit</strong></span> <span class='ocrx_word' id='word_1_169' title='bbox 2615 888 2870 957; x_wconf 78' lang='lat' dir='ltr'><strong>splendor</strong></span> <span class='ocrx_word' id='word_1_170' title='bbox 2899 892 3087 962; x_wconf 78' lang='lat' dir='ltr'><strong>gloria:</strong></span> <span class='ocrx_word' id='word_1_171' title='bbox 3126 905 3181 952; x_wconf 89' lang='lat' dir='ltr'><strong>ct</strong></span> <span class='ocrx_word' id='word_1_172' title='bbox 3219 899 3388 969; x_wconf 81' lang='lat' dir='ltr'><strong>ﬁgura</strong></span> <span class='ocrx_word' id='word_1_173' title='bbox 3426 903 3546 958; x_wconf 89' lang='lat' dir='ltr'><strong>sub-</strong></span> 
     </span>
    </p>
   </div>
   <div class='ocr_carea' id='block_1_25' title="bbox 1970 974 3551 1061">
    <p class='ocr_par' dir='ltr' id='par_1_25' title="bbox 1970 974 3551 1061">
     <span class='ocr_line' id='line_1_25' title="bbox 1970 974 3551 1061; baseline 0.017 -36"><span class='ocrx_word' id='word_1_174' title='bbox 1970 974 2187 1029; x_wconf 79' lang='lat' dir='ltr'><strong>stantia:</strong></span> <span class='ocrx_word' id='word_1_175' title='bbox 2219 974 2357 1043; x_wconf 87' lang='lat' dir='ltr'><strong>ejus,</strong></span> <span class='ocrx_word' id='word_1_176' title='bbox 2392 987 2727 1051; x_wconf 88' lang='lat' dir='ltr'><strong>portansque</strong></span> <span class='ocrx_word' id='word_1_177' title='bbox 2754 987 2939 1041; x_wconf 84' lang='lat' dir='ltr'><strong>omnia</strong></span> <span class='ocrx_word' id='word_1_178' title='bbox 2971 990 3137 1045; x_wconf 88' lang='lat' dir='ltr'><strong>verbo</strong></span> <span class='ocrx_word' id='word_1_179' title='bbox 3172 993 3388 1050; x_wconf 89' lang='lat' dir='ltr'><strong>virtutis</strong></span> <span class='ocrx_word' id='word_1_180' title='bbox 3418 1011 3551 1061; x_wconf 64' lang='lat' dir='ltr'><strong>suae,</strong></span> 
     </span>
    </p>
   </div>
   <div class='ocr_carea' id='block_1_26' title="bbox 1973 1066 3551 1147">
    <p class='ocr_par' dir='ltr' id='par_1_26' title="bbox 1973 1066 3551 1147">
     <span class='ocr_line' id='line_1_26' title="bbox 1973 1066 3551 1147; baseline 0.022 -33"><span class='ocrx_word' id='word_1_181' title='bbox 1973 1066 2347 1136; x_wconf 80' lang='lat' dir='ltr'><strong>purgationem</strong></span> <span class='ocrx_word' id='word_1_182' title='bbox 2380 1080 2722 1138; x_wconf 87' lang='lat' dir='ltr'><strong>peccatorum</strong></span> <span class='ocrx_word' id='word_1_183' title='bbox 2747 1074 2974 1145; x_wconf 79' lang='lat' dir='ltr'><strong>faciens,</strong></span> <span class='ocrx_word' id='word_1_184' title='bbox 2997 1084 3151 1138; x_wconf 81' lang='lat' dir='ltr'><strong>sedet</strong></span> <span class='ocrx_word' id='word_1_185' title='bbox 3174 1085 3241 1139; x_wconf 89' lang='lat' dir='ltr'><strong>ad</strong></span> <span class='ocrx_word' id='word_1_186' title='bbox 3270 1088 3551 1147; x_wconf 82' lang='lat' dir='ltr'><strong>dexteram</strong></span> 
     </span>
    </p>
   </div>
   <div class='ocr_carea' id='block_1_27' title="bbox 1974 1163 3553 1247">
    <p class='ocr_par' dir='ltr' id='par_1_27' title="bbox 1974 1163 3553 1247">
     <span class='ocr_line' id='line_1_27' title="bbox 1974 1163 3553 1247; baseline 0.015 -31"><span class='ocrx_word' id='word_1_187' title='bbox 1974 1163 2269 1232; x_wconf 84' lang='lat' dir='ltr'><strong>majestatis</strong></span> <span class='ocrx_word' id='word_1_188' title='bbox 2312 1166 2365 1220; x_wconf 90' lang='lat' dir='ltr'><strong>in</strong></span> <span class='ocrx_word' id='word_1_189' title='bbox 2412 1168 2682 1237; x_wconf 80' lang='lat' dir='ltr'><strong>excelsis;</strong></span> <span class='ocrx_word' id='word_1_190' title='bbox 2737 1180 2885 1227; x_wconf 91' lang='lat' dir='ltr'><strong>tanto</strong></span> <span class='ocrx_word' id='word_1_191' title='bbox 2935 1175 3124 1231; x_wconf 85' lang='lat' dir='ltr'><strong>melior</strong></span> <span class='ocrx_word' id='word_1_192' title='bbox 3169 1181 3379 1247; x_wconf 73' lang='lat' dir='ltr'><strong>angelis</strong></span> <span class='ocrx_word' id='word_1_193' title='bbox 3421 1182 3553 1239; x_wconf 60' lang='lat' dir='ltr'><strong>ele-</strong></span> 
     </span>
    </p>
   </div>
   <div class='ocr_carea' id='block_1_28' title="bbox 1971 1259 3553 1333">
    <p class='ocr_par' dir='ltr' id='par_1_28' title="bbox 1971 1259 3553 1333">
     <span class='ocr_line' id='line_1_28' title="bbox 1971 1259 3553 1333; baseline 0.016 -28"><span class='ocrx_word' id='word_1_194' title='bbox 1971 1263 2115 1315; x_wconf 89' lang='lat' dir='ltr'><strong>ctus,</strong></span> <span class='ocrx_word' id='word_1_195' title='bbox 2151 1265 2356 1321; x_wconf 89' lang='lat' dir='ltr'><strong>quanto</strong></span> <span class='ocrx_word' id='word_1_196' title='bbox 2394 1259 2730 1333; x_wconf 68' lang='lat' dir='ltr'><strong>differentius</strong></span> <span class='ocrx_word' id='word_1_197' title='bbox 2778 1280 2891 1333; x_wconf 75' lang='lat' dir='ltr'><strong>pra:</strong></span> <span class='ocrx_word' id='word_1_198' title='bbox 2940 1266 3044 1322; x_wconf 87' lang='lat' dir='ltr'><strong>illis</strong></span> <span class='ocrx_word' id='word_1_199' title='bbox 3094 1285 3288 1327; x_wconf 87' lang='lat' dir='ltr'><strong>nomen</strong></span> <span class='ocrx_word' id='word_1_200' title='bbox 3331 1274 3553 1330; x_wconf 64' lang='lat' dir='ltr'><strong>Incredi-</strong></span> 
     </span>
    </p>
   </div>
   <div class='ocr_carea' id='block_1_29' title="bbox 1973 1344 3552 1435">
    <p class='ocr_par' dir='ltr' id='par_1_29' title="bbox 1973 1344 3552 1435">
     <span class='ocr_line' id='line_1_29' title="bbox 1973 1344 3552 1435; baseline 0.017 -40"><span class='ocrx_word' id='word_1_201' title='bbox 1973 1344 2103 1396; x_wconf 87' lang='lat' dir='ltr'><strong>tavit</strong></span> <span class='ocrx_word' id='word_1_202' title='bbox 2128 1344 2192 1397; x_wconf 78' lang='grc'><strong>⁸⁸.</strong></span> <span class='ocrx_word' id='word_1_203' title='bbox 2225 1363 2243 1397; x_wconf 86' lang='grc'>›</span> <span class='ocrx_word' id='word_1_204' title='bbox 2279 1347 2443 1403; x_wconf 86' lang='lat' dir='ltr'><strong>Porro</strong></span> <span class='ocrx_word' id='word_1_205' title='bbox 2467 1367 2588 1406; x_wconf 90' lang='lat' dir='ltr'><strong>cum</strong></span> <span class='ocrx_word' id='word_1_206' title='bbox 2625 1355 2699 1407; x_wconf 89' lang='lat' dir='ltr'><strong>sit</strong></span> <span class='ocrx_word' id='word_1_207' title='bbox 2726 1364 2781 1409; x_wconf 89' lang='lat' dir='ltr'><strong>et</strong></span> <span class='ocrx_word' id='word_1_208' title='bbox 2821 1359 3119 1427; x_wconf 83' lang='lat' dir='ltr'><strong>appelletur</strong></span> <span class='ocrx_word' id='word_1_209' title='bbox 3143 1362 3400 1420; x_wconf 81' lang='lat' dir='ltr'><strong>Dominus</strong></span> <span class='ocrx_word' id='word_1_210' title='bbox 3432 1368 3552 1435; x_wconf 72' lang='lat' dir='ltr'><strong>glo-</strong></span> 
     </span>
    </p>
   </div>
   <div class='ocr_carea' id='block_1_30' title="bbox 1971 1435 3550 1515">
    <p class='ocr_par' dir='ltr' id='par_1_30' title="bbox 1971 1435 3550 1515">
     <span class='ocr_line' id='line_1_30' title="bbox 1971 1435 3550 1515; baseline 0.018 -28"><span class='ocrx_word' id='word_1_211' title='bbox 1971 1435 2084 1501; x_wconf 76' lang='lat' dir='ltr'><strong>rizc,</strong></span> <span class='ocrx_word' id='word_1_212' title='bbox 2136 1440 2407 1505; x_wconf 90' lang='lat' dir='ltr'><strong>quomodo</strong></span> <span class='ocrx_word' id='word_1_213' title='bbox 2457 1459 2561 1496; x_wconf 92' lang='lat' dir='ltr'><strong>non</strong></span> <span class='ocrx_word' id='word_1_214' title='bbox 2610 1448 2862 1502; x_wconf 83' lang='lat' dir='ltr'><strong>omnibus</strong></span> <span class='ocrx_word' id='word_1_215' title='bbox 2918 1454 3119 1508; x_wconf 85' lang='lat' dir='ltr'><strong>creatis</strong></span> <span class='ocrx_word' id='word_1_216' title='bbox 3168 1464 3222 1509; x_wconf 91' lang='lat' dir='ltr'><strong>et</strong></span> <span class='ocrx_word' id='word_1_217' title='bbox 3272 1458 3339 1510; x_wconf 90' lang='lat' dir='ltr'><strong>ad</strong></span> <span class='ocrx_word' id='word_1_218' title='bbox 3373 1467 3550 1515; x_wconf 85' lang='lat' dir='ltr'><strong>ortum</strong></span> 
     </span>
    </p>
   </div>
   <div class='ocr_carea' id='block_1_31' title="bbox 1971 1527 3552 1617">
    <p class='ocr_par' dir='ltr' id='par_1_31' title="bbox 1971 1527 3552 1617">
     <span class='ocr_line' id='line_1_31' title="bbox 1971 1527 3552 1617; baseline 0.016 -37"><span class='ocrx_word' id='word_1_219' title='bbox 1971 1527 2231 1584; x_wconf 82' lang='lat' dir='ltr'><strong>traductis</strong></span> <span class='ocrx_word' id='word_1_220' title='bbox 2255 1531 2326 1586; x_wconf 93' lang='lat' dir='ltr'><strong>sit</strong></span> <span class='ocrx_word' id='word_1_221' title='bbox 2351 1534 2936 1609; x_wconf 79' lang='lat' dir='ltr'><strong>excellentior?Atque</strong></span> <span class='ocrx_word' id='word_1_222' title='bbox 2969 1554 3029 1595; x_wconf 90' lang='lat' dir='ltr'><strong>ut</strong></span> <span class='ocrx_word' id='word_1_223' title='bbox 3054 1545 3287 1601; x_wconf 84' lang='lat' dir='ltr'><strong>humana</strong></span> <span class='ocrx_word' id='word_1_224' title='bbox 3320 1559 3552 1617; x_wconf 69' lang='lat' dir='ltr'><strong>praeter-</strong></span> 
     </span>
    </p>
   </div>
   <div class='ocr_carea' id='block_1_32' title="bbox 1966 1623 3553 1709">
    <p class='ocr_par' dir='ltr' id='par_1_32' title="bbox 1966 1623 3553 1709">
     <span class='ocr_line' id='line_1_32' title="bbox 1966 1623 3553 1709; baseline 0.012 -34"><span class='ocrx_word' id='word_1_225' title='bbox 1966 1634 2126 1684; x_wconf 85' lang='lat' dir='ltr'><strong>eam,</strong></span> <span class='ocrx_word' id='word_1_226' title='bbox 2168 1635 2287 1689; x_wconf 74' lang='lat' dir='ltr'><strong>quze</strong></span> <span class='ocrx_word' id='word_1_227' title='bbox 2315 1623 2476 1677; x_wconf 78' lang='lat' dir='ltr'><strong>exilia</strong></span> <span class='ocrx_word' id='word_1_228' title='bbox 2515 1626 2749 1695; x_wconf 84' lang='lat' dir='ltr'><strong>viliaque</strong></span> <span class='ocrx_word' id='word_1_229' title='bbox 2783 1639 2928 1696; x_wconf 89' lang='lat' dir='ltr'><strong>sunt,</strong></span> <span class='ocrx_word' id='word_1_230' title='bbox 2959 1633 3003 1686; x_wconf 93' lang='lat' dir='ltr'><strong>si</strong></span> <span class='ocrx_word' id='word_1_231' title='bbox 3050 1637 3169 1701; x_wconf 85' lang='lat' dir='ltr'><strong>quis</strong></span> <span class='ocrx_word' id='word_1_232' title='bbox 3207 1639 3443 1709; x_wconf 66' lang='lat' dir='ltr'><strong>Angelos</strong></span> <span class='ocrx_word' id='word_1_233' title='bbox 3496 1649 3553 1693; x_wconf 83' lang='lat' dir='ltr'><strong>et</strong></span> 
     </span>
    </p>
   </div>
   <div class='ocr_carea' id='block_1_33' title="bbox 1971 1709 3551 1793">
    <p class='ocr_par' dir='ltr' id='par_1_33' title="bbox 1971 1709 3551 1793">
     <span class='ocr_line' id='line_1_33' title="bbox 1971 1709 3551 1793; baseline 0.012 -30"><span class='ocrx_word' id='word_1_234' title='bbox 1971 1709 2333 1781; x_wconf 83' lang='lat' dir='ltr'><strong>Priucipatus,</strong></span> <span class='ocrx_word' id='word_1_235' title='bbox 2361 1723 2415 1768; x_wconf 90' lang='lat' dir='ltr'><strong>et</strong></span> <span class='ocrx_word' id='word_1_236' title='bbox 2447 1715 2694 1772; x_wconf 83' lang='lat' dir='ltr'><strong>Thronos</strong></span> <span class='ocrx_word' id='word_1_237' title='bbox 2721 1733 2785 1773; x_wconf 92' lang='lat' dir='ltr'><strong>ac</strong></span> <span class='ocrx_word' id='word_1_238' title='bbox 2808 1719 3218 1780; x_wconf 86' lang='lat' dir='ltr'><strong>Duminationes</strong></span> <span class='ocrx_word' id='word_1_239' title='bbox 3242 1740 3551 1793; x_wconf 82' lang='lat' dir='ltr'><strong>recenseat,</strong></span> 
     </span>
    </p>
   </div>
   <div class='ocr_carea' id='block_1_34' title="bbox 272 1770 1860 1881">
    <p class='ocr_par' dir='ltr' id='par_1_34' title="bbox 272 1770 1860 1869">
     <span class='ocr_line' id='line_1_34' title="bbox 272 1770 1860 1869; baseline 0.004 -23"><span class='ocrx_word' id='word_1_240' title='bbox 272 1794 356 1845; x_wconf 78' lang='grc' dir='ltr'><strong>ὅτι</strong></span> <span class='ocrx_word' id='word_1_241' title='bbox 393 1791 493 1845; x_wconf 78' lang='grc' dir='ltr'><strong>κᾶν</strong></span> <span class='ocrx_word' id='word_1_242' title='bbox 534 1790 825 1859; x_wconf 80' lang='grc' dir='ltr'>Ἀγγέλους</span> <span class='ocrx_word' id='word_1_243' title='bbox 859 1792 1145 1861; x_wconf 81' lang='grc' dir='ltr'>ὀνομάσαι,</span> <span class='ocrx_word' id='word_1_244' title='bbox 1176 1770 1270 1846; x_wconf 77' lang='grc' dir='ltr'><strong>καὶ</strong></span> <span class='ocrx_word' id='word_1_245' title='bbox 1300 1770 1499 1866; x_wconf 79' lang='grc' dir='ltr'>Ἀρχὰς</span> <span class='ocrx_word' id='word_1_246' title='bbox 1521 1770 1615 1848; x_wconf 63' lang='grc' dir='ltr'><strong>καί</strong></span> <span class='ocrx_word' id='word_1_247' title='bbox 1634 1797 1860 1869; x_wconf 81' lang='grc' dir='ltr'>Θρόνους</span> 
     </span>
    </p>
   </div>
   <div class='ocr_carea' id='block_1_35' title="bbox 1966 1770 3554 1881">
    <p class='ocr_par' dir='ltr' id='par_1_35' title="bbox 1969 1770 3554 1881">
     <span class='ocr_line' id='line_1_35' title="bbox 2157 1770 3551 1793; baseline 0.012 -26"><span class='ocrx_word' id='word_1_248' title='bbox 2157 1770 2170 1781; x_wconf 90' lang='lat'>_</span> <span class='ocrx_word' id='word_1_249' title='bbox 2321 1770 2332 1778; x_wconf 71' lang='lat'><strong>,</strong></span> <span class='ocrx_word' id='word_1_250' title='bbox 2676 1770 2689 1772; x_wconf 17' lang='grc' dir='ltr'>ἡ</span> <span class='ocrx_word' id='word_1_251' title='bbox 2744 1770 2779 1773; x_wconf 32' lang='grc' dir='ltr'>κ-</span> <span class='ocrx_word' id='word_1_252' title='bbox 2810 1770 2831 1771; x_wconf 33' lang='grc' dir='ltr'><em>κ</em></span> <span class='ocrx_word' id='word_1_253' title='bbox 3244 1770 3551 1793; x_wconf 73' lang='lat'><strong>.....-.....,...,</strong></span> 
     </span>
     <span class='ocr_line' id='line_1_36' title="bbox 1969 1801 3554 1881; baseline 0.014 -28"><span class='ocrx_word' id='word_1_254' title='bbox 1969 1801 2102 1871; x_wconf 85' lang='lat' dir='ltr'><strong>quin</strong></span> <span class='ocrx_word' id='word_1_255' title='bbox 2133 1812 2187 1855; x_wconf 91' lang='lat' dir='ltr'><strong>et</strong></span> <span class='ocrx_word' id='word_1_256' title='bbox 2210 1818 2478 1872; x_wconf 68' lang='lat' dir='ltr'><strong>suprema:</strong></span> <span class='ocrx_word' id='word_1_257' title='bbox 2510 1807 2789 1877; x_wconf 82' lang='lat' dir='ltr'><strong>dignitatis</strong></span> <span class='ocrx_word' id='word_1_258' title='bbox 2834 1809 3142 1881; x_wconf 85' lang='lat' dir='ltr'><strong>Seraphim,</strong></span> <span class='ocrx_word' id='word_1_259' title='bbox 3177 1816 3442 1874; x_wconf 89' lang='lat' dir='ltr'><strong>immenso</strong></span> <span class='ocrx_word' id='word_1_260' title='bbox 3479 1832 3554 1874; x_wconf 42' lang='lat' dir='ltr'><strong>ta.</strong></span> 
     </span>
    </p>
   </div>
   <div class='ocr_carea' id='block_1_36' title="bbox 275 1883 1866 1960">
    <p class='ocr_par' dir='ltr' id='par_1_36' title="bbox 275 1883 1866 1960">
     <span class='ocr_line' id='line_1_37' title="bbox 275 1883 1866 1960; baseline 0.004 -23"><span class='ocrx_word' id='word_1_261' title='bbox 275 1885 374 1939; x_wconf 76' lang='grc' dir='ltr'>καὶ</span> <span class='ocrx_word' id='word_1_262' title='bbox 408 1883 749 1955; x_wconf 80' lang='grc' dir='ltr'>Κυριότητας</span> <span class='ocrx_word' id='word_1_263' title='bbox 796 1884 1249 1955; x_wconf 76' lang='grc' dir='ltr'>ἀπαριθμῆσαιτό</span> <span class='ocrx_word' id='word_1_264' title='bbox 1278 1904 1381 1951; x_wconf 81' lang='grc' dir='ltr'>τις,</span> <span class='ocrx_word' id='word_1_265' title='bbox 1415 1889 1508 1941; x_wconf 74' lang='grc' dir='ltr'><strong>καὶ</strong></span> <span class='ocrx_word' id='word_1_266' title='bbox 1543 1888 1649 1960; x_wconf 77' lang='grc' dir='ltr'>μὴν</span> <span class='ocrx_word' id='word_1_267' title='bbox 1691 1892 1784 1943; x_wconf 68' lang='grc' dir='ltr'><strong>καὶ</strong></span> <span class='ocrx_word' id='word_1_268' title='bbox 1816 1893 1866 1945; x_wconf 83' lang='grc' dir='ltr'><strong>εί</strong></span> 
     </span>
    </p>
   </div>
   <div class='ocr_carea' id='block_1_37' title="bbox 274 1975 1867 2049">
    <p class='ocr_par' dir='ltr' id='par_1_37' title="bbox 274 1975 1867 2049">
     <span class='ocr_line' id='line_1_38' title="bbox 274 1975 1867 2049; baseline 0.006 -21"><span class='ocrx_word' id='word_1_269' title='bbox 274 1976 386 2029; x_wconf 84' lang='grc' dir='ltr'><strong>τῶν</strong></span> <span class='ocrx_word' id='word_1_270' title='bbox 416 1975 675 2029; x_wconf 82' lang='grc' dir='ltr'>ἀνωτάτω</span> <span class='ocrx_word' id='word_1_271' title='bbox 703 1976 1132 2047; x_wconf 82' lang='grc' dir='ltr'>διαμεμνήσεται</span> <span class='ocrx_word' id='word_1_272' title='bbox 1161 1978 1434 2049; x_wconf 75' lang='grc' dir='ltr'>Σεραφὶμ,</span> <span class='ocrx_word' id='word_1_273' title='bbox 1456 1981 1688 2035; x_wconf 79' lang='grc' dir='ltr'>κατόπιν</span> <span class='ocrx_word' id='word_1_274' title='bbox 1718 1983 1867 2037; x_wconf 80' lang='grc' dir='ltr'>ίόντα</span> 
     </span>
    </p>
   </div>
   <div class='ocr_carea' id='block_1_38' title="bbox 278 2062 1863 2143">
    <p class='ocr_par' dir='ltr' id='par_1_38' title="bbox 278 2062 1863 2143">
     <span class='ocr_line' id='line_1_39' title="bbox 278 2062 1863 2143; baseline 0.006 -25"><span class='ocrx_word' id='word_1_275' title='bbox 278 2066 378 2137; x_wconf 77' lang='grc' dir='ltr'>τῆς</span> <span class='ocrx_word' id='word_1_276' title='bbox 395 2062 569 2132; x_wconf 78' lang='grc' dir='ltr'>οὕτως</span> <span class='ocrx_word' id='word_1_277' title='bbox 596 2067 922 2138; x_wconf 80' lang='grc' dir='ltr'>ὑπερτενοῦς</span> <span class='ocrx_word' id='word_1_278' title='bbox 944 2067 1329 2139; x_wconf 78' lang='grc' dir='ltr'>ὁμολογήσειεν</span> <span class='ocrx_word' id='word_1_279' title='bbox 1354 2069 1419 2124; x_wconf 81' lang='grc' dir='ltr'>ἂν</span> <span class='ocrx_word' id='word_1_280' title='bbox 1438 2071 1707 2137; x_wconf 77' lang='grc' dir='ltr'>εὐκλείας,</span> <span class='ocrx_word' id='word_1_281' title='bbox 1730 2074 1784 2125; x_wconf 81' lang='grc' dir='ltr'>εἷ</span> <span class='ocrx_word' id='word_1_282' title='bbox 1801 2090 1863 2143; x_wconf 83' lang='grc' dir='ltr'><strong>γε</strong></span> 
     </span>
    </p>
   </div>
   <div class='ocr_carea' id='block_1_39' title="bbox 277 2155 1865 2235">
    <p class='ocr_par' dir='ltr' id='par_1_39' title="bbox 277 2155 1865 2235">
     <span class='ocr_line' id='line_1_40' title="bbox 277 2155 1865 2235; baseline 0.004 -23"><span class='ocrx_word' id='word_1_283' title='bbox 277 2159 403 2213; x_wconf 84' lang='grc' dir='ltr'>νοῦν</span> <span class='ocrx_word' id='word_1_284' title='bbox 431 2160 544 2229; x_wconf 79' lang='grc' dir='ltr'>ἔχοι</span> <span class='ocrx_word' id='word_1_285' title='bbox 574 2160 647 2229; x_wconf 81' lang='grc' dir='ltr'>μὴ</span> <span class='ocrx_word' id='word_1_286' title='bbox 680 2155 1462 2233; x_wconf 78' lang='grc' dir='ltr'>παρεφθαρμένον.Ἕκκριτον</span> <span class='ocrx_word' id='word_1_287' title='bbox 1491 2164 1599 2235; x_wconf 78' lang='grc' dir='ltr'>γὰρ</span> <span class='ocrx_word' id='word_1_288' title='bbox 1637 2161 1775 2219; x_wconf 81' lang='grc' dir='ltr'>εἶναι</span> <span class='ocrx_word' id='word_1_289' title='bbox 1804 2166 1865 2219; x_wconf 78' lang='grc' dir='ltr'><strong>τὸ</strong></span> 
     </span>
    </p>
   </div>
   <div class='ocr_carea' id='block_1_40' title="bbox 280 2250 1864 2326">
    <p class='ocr_par' dir='ltr' id='par_1_40' title="bbox 280 2250 1864 2326">
     <span class='ocr_line' id='line_1_41' title="bbox 280 2250 1864 2326; baseline 0.006 -24"><span class='ocrx_word' id='word_1_290' title='bbox 280 2250 449 2321; x_wconf 80' lang='grc' dir='ltr'>γέρας</span> <span class='ocrx_word' id='word_1_291' title='bbox 486 2251 651 2321; x_wconf 75' lang='grc' dir='ltr'>φημὶ,</span> <span class='ocrx_word' id='word_1_292' title='bbox 691 2252 784 2304; x_wconf 77' lang='grc' dir='ltr'><strong>καὶ</strong></span> <span class='ocrx_word' id='word_1_293' title='bbox 820 2251 927 2304; x_wconf 85' lang='grc' dir='ltr'>δεῖν</span> <span class='ocrx_word' id='word_1_294' title='bbox 960 2253 1281 2306; x_wconf 83' lang='grc' dir='ltr'>ἀνακεῖσθαι</span> <span class='ocrx_word' id='word_1_295' title='bbox 1314 2254 1450 2325; x_wconf 79' lang='grc' dir='ltr'>μόνῃ</span> <span class='ocrx_word' id='word_1_296' title='bbox 1480 2257 1546 2326; x_wconf 79' lang='grc' dir='ltr'>τῇ</span> <span class='ocrx_word' id='word_1_297' title='bbox 1582 2256 1691 2308; x_wconf 80' lang='grc' dir='ltr'><strong>τῶν</strong></span> <span class='ocrx_word' id='word_1_298' title='bbox 1725 2258 1864 2312; x_wconf 85' lang='grc' dir='ltr'>ὅλων</span> 
     </span>
    </p>
   </div>
   <div class='ocr_carea' id='block_1_41' title="bbox 277 2342 1865 2421">
    <p class='ocr_par' dir='ltr' id='par_1_41' title="bbox 277 2342 1865 2421">
     <span class='ocr_line' id='line_1_42' title="bbox 277 2342 1865 2421; baseline 0.004 -24"><span class='ocrx_word' id='word_1_299' title='bbox 277 2343 636 2414; x_wconf 76' lang='grc' dir='ltr'>παμϐασιλίδι</span> <span class='ocrx_word' id='word_1_300' title='bbox 683 2342 857 2414; x_wconf 85' lang='grc' dir='ltr'>φύσει.</span> <span class='ocrx_word' id='word_1_301' title='bbox 894 2345 1016 2407; x_wconf 83' lang='grc' dir='ltr'><strong>Πῶς</strong></span> <span class='ocrx_word' id='word_1_302' title='bbox 1045 2342 1138 2399; x_wconf 82' lang='grc' dir='ltr'><strong>οῦν</strong></span> <span class='ocrx_word' id='word_1_303' title='bbox 1184 2345 1251 2398; x_wconf 85' lang='grc' dir='ltr'>ἂν</span> <span class='ocrx_word' id='word_1_304' title='bbox 1303 2348 1512 2415; x_wconf 82' lang='grc' dir='ltr'>γένοιτο</span> <span class='ocrx_word' id='word_1_305' title='bbox 1564 2352 1664 2421; x_wconf 79' lang='grc' dir='ltr'><strong>τῆς</strong></span> <span class='ocrx_word' id='word_1_306' title='bbox 1706 2349 1865 2421; x_wconf 75' lang='grc' dir='ltr'>δόξης</span> 
     </span>
    </p>
   </div>
   <div class='ocr_carea' id='block_1_42' title="bbox 272 2433 1860 2517">
    <p class='ocr_par' dir='ltr' id='par_1_42' title="bbox 272 2433 1860 2517">
     <span class='ocr_line' id='line_1_43' title="bbox 272 2433 1860 2517; baseline 0.003 -28"><span class='ocrx_word' id='word_1_307' title='bbox 272 2433 481 2507; x_wconf 82' lang='grc' dir='ltr'>Κύριος</span> <span class='ocrx_word' id='word_1_308' title='bbox 518 2436 546 2488; x_wconf 91' lang='lat'><strong>6</strong></span> <span class='ocrx_word' id='word_1_309' title='bbox 574 2434 1017 2517; x_wconf 61' lang='grc' dir='ltr'>ἐσταύρωμένοςς</span> <span class='ocrx_word' id='word_1_310' title='bbox 1058 2435 1130 2487; x_wconf 85' lang='grc' dir='ltr'><strong>Τὸ</strong></span> <span class='ocrx_word' id='word_1_311' title='bbox 1162 2436 1218 2489; x_wconf 84' lang='grc' dir='ltr'>δὲ</span> <span class='ocrx_word' id='word_1_312' title='bbox 1250 2436 1591 2510; x_wconf 78' lang='grc' dir='ltr'>ἀπαύγασμα</span> <span class='ocrx_word' id='word_1_313' title='bbox 1623 2439 1714 2492; x_wconf 88' lang='grc' dir='ltr'><strong>τοῦ</strong></span> <span class='ocrx_word' id='word_1_314' title='bbox 1747 2441 1860 2494; x_wconf 76' lang='grc' dir='ltr'><strong>Πα-</strong></span> 
     </span>
    </p>
   </div>
   <div class='ocr_carea' id='block_1_43' title="bbox 269 2526 1861 2601">
    <p class='ocr_par' dir='ltr' id='par_1_43' title="bbox 269 2526 1861 2601">
     <span class='ocr_line' id='line_1_44' title="bbox 269 2526 1861 2601; baseline 0.004 -22"><span class='ocrx_word' id='word_1_315' title='bbox 269 2526 418 2597; x_wconf 84' lang='grc' dir='ltr'>τρὸς,</span> <span class='ocrx_word' id='word_1_316' title='bbox 449 2526 544 2580; x_wconf 79' lang='grc' dir='ltr'><strong>καὶ</strong></span> <span class='ocrx_word' id='word_1_317' title='bbox 574 2527 671 2596; x_wconf 82' lang='grc' dir='ltr'>τῆς</span> <span class='ocrx_word' id='word_1_318' title='bbox 698 2526 885 2592; x_wconf 81' lang='grc' dir='ltr'>οὐσίας</span> <span class='ocrx_word' id='word_1_319' title='bbox 918 2528 947 2579; x_wconf 90' lang='grc' dir='ltr'>ὁ</span> <span class='ocrx_word' id='word_1_320' title='bbox 980 2527 1287 2599; x_wconf 81' lang='grc' dir='ltr'>χαρακτὴρ,</span> <span class='ocrx_word' id='word_1_321' title='bbox 1317 2531 1344 2581; x_wconf 88' lang='lat'><strong>6</strong></span> <span class='ocrx_word' id='word_1_322' title='bbox 1372 2530 1554 2601; x_wconf 84' lang='grc' dir='ltr'>φέρων</span> <span class='ocrx_word' id='word_1_323' title='bbox 1584 2531 1651 2584; x_wconf 78' lang='grc' dir='ltr'>τὰ</span> <span class='ocrx_word' id='word_1_324' title='bbox 1682 2532 1861 2586; x_wconf 79' lang='grc' dir='ltr'>πάντα</span> 
     </span>
    </p>
   </div>
   <div class='ocr_carea' id='block_1_44' title="bbox 272 2617 1861 2692">
    <p class='ocr_par' dir='ltr' id='par_1_44' title="bbox 272 2617 1861 2692">
     <span class='ocr_line' id='line_1_45' title="bbox 272 2617 1861 2692; baseline 0.006 -23"><span class='ocrx_word' id='word_1_325' title='bbox 272 2617 352 2688; x_wconf 81' lang='grc' dir='ltr'>τῷ</span> <span class='ocrx_word' id='word_1_326' title='bbox 398 2618 602 2688; x_wconf 76' lang='grc' dir='ltr'>ῥήματι</span> <span class='ocrx_word' id='word_1_327' title='bbox 650 2619 748 2690; x_wconf 77' lang='grc' dir='ltr'><strong>τῆς</strong></span> <span class='ocrx_word' id='word_1_328' title='bbox 780 2618 1063 2689; x_wconf 78' lang='grc' dir='ltr'>δυνάμεως</span> <span class='ocrx_word' id='word_1_329' title='bbox 1090 2620 1278 2685; x_wconf 77' lang='grc' dir='ltr'>αὐτοῦ,</span> <span class='ocrx_word' id='word_1_330' title='bbox 1312 2621 1575 2691; x_wconf 84' lang='grc' dir='ltr'>κρείττων</span> <span class='ocrx_word' id='word_1_331' title='bbox 1611 2623 1861 2692; x_wconf 77' lang='grc' dir='ltr'>ἀγγέλων</span> 
     </span>
    </p>
   </div>
   <div class='ocr_carea' id='block_1_45' title="bbox 274 2710 1876 2788">
    <p class='ocr_par' dir='ltr' id='par_1_45' title="bbox 274 2710 1876 2788">
     <span class='ocr_line' id='line_1_46' title="bbox 274 2710 1876 2788; baseline 0.006 -27"><span class='ocrx_word' id='word_1_332' title='bbox 274 2710 599 2780; x_wconf 80' lang='grc' dir='ltr'>γεγενῆσθαι</span> <span class='ocrx_word' id='word_1_333' title='bbox 615 2710 854 2779; x_wconf 76' lang='grc' dir='ltr'>λέγεται,</span> <span class='ocrx_word' id='word_1_334' title='bbox 872 2712 1013 2782; x_wconf 81' lang='grc' dir='ltr'>τάχα</span> <span class='ocrx_word' id='word_1_335' title='bbox 1033 2728 1135 2766; x_wconf 78' lang='grc' dir='ltr'>που</span> <span class='ocrx_word' id='word_1_336' title='bbox 1164 2711 1225 2766; x_wconf 84' lang='grc' dir='ltr'><strong>τὸ</strong></span> <span class='ocrx_word' id='word_1_337' title='bbox 1251 2713 1490 2777; x_wconf 76' lang='grc' dir='ltr'>ἔλαττον,</span> <span class='ocrx_word' id='word_1_338' title='bbox 1513 2715 1587 2779; x_wconf 87' lang='grc' dir='ltr'><strong>ὡς</strong></span> <span class='ocrx_word' id='word_1_339' title='bbox 1620 2710 1876 2788; x_wconf 52' lang='grc' dir='ltr'>ἐγῷμαι..</span> 
     </span>
    </p>
   </div>
   <div class='ocr_carea' id='block_1_46' title="bbox 273 2799 1857 2883">
    <p class='ocr_par' dir='ltr' id='par_1_46' title="bbox 273 2799 1857 2883">
     <span class='ocr_line' id='line_1_47' title="bbox 273 2799 1857 2883; baseline 0.005 -27"><span class='ocrx_word' id='word_1_340' title='bbox 273 2799 480 2869; x_wconf 74' lang='grc' dir='ltr'>λαϐὼν,</span> <span class='ocrx_word' id='word_1_341' title='bbox 513 2806 601 2858; x_wconf 83' lang='grc' dir='ltr'>ὅτε</span> <span class='ocrx_word' id='word_1_342' title='bbox 633 2806 870 2876; x_wconf 79' lang='grc' dir='ltr'>πέφηνεν</span> <span class='ocrx_word' id='word_1_343' title='bbox 900 2806 1205 2877; x_wconf 86' lang='grc' dir='ltr'>ἄνθρωπος.</span> <span class='ocrx_word' id='word_1_344' title='bbox 1240 2806 1552 2880; x_wconf 84' lang='grc' dir='ltr'>Γέγραπται</span> <span class='ocrx_word' id='word_1_345' title='bbox 1598 2808 1725 2883; x_wconf 77' lang='grc' dir='ltr'>γὰρ,</span> <span class='ocrx_word' id='word_1_346' title='bbox 1774 2812 1857 2864; x_wconf 84' lang='grc' dir='ltr'>ὅτι</span> 
     </span>
    </p>
   </div>
   <div class='ocr_carea' id='block_1_47' title="bbox 277 2897 1857 2973">
    <p class='ocr_par' dir='ltr' id='par_1_47' title="bbox 277 2897 1857 2973">
     <span class='ocr_line' id='line_1_48' title="bbox 277 2897 1857 2973; baseline 0.004 -22"><span class='ocrx_word' id='word_1_347' title='bbox 277 2918 296 2951; x_wconf 85' lang='grc'><strong><em>‹</em></strong></span> <span class='ocrx_word' id='word_1_348' title='bbox 330 2899 434 2953; x_wconf 84' lang='grc' dir='ltr'>Τὸν</span> <span class='ocrx_word' id='word_1_349' title='bbox 469 2897 525 2950; x_wconf 79' lang='grc' dir='ltr'><strong>δὲ</strong></span> <span class='ocrx_word' id='word_1_350' title='bbox 561 2898 733 2971; x_wconf 84' lang='grc' dir='ltr'>βραχύ</span> <span class='ocrx_word' id='word_1_351' title='bbox 764 2917 815 2951; x_wconf 88' lang='grc' dir='ltr'><strong>τι</strong></span> <span class='ocrx_word' id='word_1_352' title='bbox 840 2901 969 2971; x_wconf 77' lang='grc' dir='ltr'>παρ’</span> <span class='ocrx_word' id='word_1_353' title='bbox 1001 2899 1265 2968; x_wconf 80' lang='grc' dir='ltr'>ἀγγέλους</span> <span class='ocrx_word' id='word_1_354' title='bbox 1310 2901 1691 2973; x_wconf 76' lang='grc' dir='ltr'>ἠλαττωμένον</span> <span class='ocrx_word' id='word_1_355' title='bbox 1735 2904 1857 2973; x_wconf 84' lang='grc' dir='ltr'><strong>βλέ-</strong></span> 
     </span>
    </p>
   </div>
   <div class='ocr_carea' id='block_1_48' title="bbox 273 2991 1856 3067">
    <p class='ocr_par' dir='ltr' id='par_1_48' title="bbox 273 2991 1856 3067">
     <span class='ocr_line' id='line_1_49' title="bbox 273 2991 1856 3067; baseline 0.005 -24"><span class='ocrx_word' id='word_1_356' title='bbox 273 3006 452 3060; x_wconf 85' lang='grc' dir='ltr'>πομεν</span> <span class='ocrx_word' id='word_1_357' title='bbox 494 2991 725 3059; x_wconf 84' lang='grc' dir='ltr'>Ἰησοῦν,</span> <span class='ocrx_word' id='word_1_358' title='bbox 754 2991 841 3044; x_wconf 74' lang='grc' dir='ltr'>διὰ</span> <span class='ocrx_word' id='word_1_359' title='bbox 869 2992 930 3045; x_wconf 85' lang='grc' dir='ltr'>τὸ</span> <span class='ocrx_word' id='word_1_360' title='bbox 956 2992 1182 3063; x_wconf 80' lang='grc' dir='ltr'>πάθημα</span> <span class='ocrx_word' id='word_1_361' title='bbox 1212 2994 1307 3047; x_wconf 87' lang='grc' dir='ltr'><strong>τοῦ</strong></span> <span class='ocrx_word' id='word_1_362' title='bbox 1345 2994 1573 3049; x_wconf 80' lang='grc' dir='ltr'>θανάτου</span> <span class='ocrx_word' id='word_1_363' title='bbox 1609 2996 1733 3067; x_wconf 75' lang='grc' dir='ltr'>δόξῃ</span> <span class='ocrx_word' id='word_1_364' title='bbox 1762 2998 1856 3051; x_wconf 65' lang='grc' dir='ltr'><strong>καὶ</strong></span> 
     </span>
    </p>
   </div>
   <div class='ocr_carea' id='block_1_49' title="bbox 1968 1895 3553 1979">
    <p class='ocr_par' dir='ltr' id='par_1_49' title="bbox 1968 1895 3553 1979">
     <span class='ocr_line' id='line_1_50' title="bbox 1968 1895 3553 1979; baseline 0.013 -32"><span class='ocrx_word' id='word_1_365' title='bbox 1968 1908 2089 1948; x_wconf 90' lang='lat' dir='ltr'><strong>men</strong></span> <span class='ocrx_word' id='word_1_366' title='bbox 2116 1895 2429 1952; x_wconf 89' lang='lat' dir='ltr'><strong>discrimine</strong></span> <span class='ocrx_word' id='word_1_367' title='bbox 2460 1914 2490 1952; x_wconf 91' lang='lat' dir='ltr'><strong>a</strong></span> <span class='ocrx_word' id='word_1_368' title='bbox 2518 1915 2729 1956; x_wconf 88' lang='lat' dir='ltr'><strong>summa</strong></span> <span class='ocrx_word' id='word_1_369' title='bbox 2758 1904 2860 1959; x_wconf 87' lang='lat' dir='ltr'><strong>hac</strong></span> <span class='ocrx_word' id='word_1_370' title='bbox 2891 1905 3058 1974; x_wconf 80' lang='lat' dir='ltr'><strong>gloria</strong></span> <span class='ocrx_word' id='word_1_371' title='bbox 3091 1908 3312 1965; x_wconf 77' lang='lat' dir='ltr'><strong>dill‘crre</strong></span> <span class='ocrx_word' id='word_1_372' title='bbox 3338 1910 3553 1979; x_wconf 84' lang='lat' dir='ltr'><strong>judica-</strong></span> 
     </span>
    </p>
   </div>
   <div class='ocr_carea' id='block_1_50' title="bbox 1968 1988 3552 2061">
    <p class='ocr_par' dir='ltr' id='par_1_50' title="bbox 1968 1988 3552 2061">
     <span class='ocr_line' id='line_1_51' title="bbox 1968 1988 3552 2061; baseline 0.012 -20"><span class='ocrx_word' id='word_1_373' title='bbox 1968 1988 2063 2053; x_wconf 90' lang='lat' dir='ltr'><strong>bit,</strong></span> <span class='ocrx_word' id='word_1_374' title='bbox 2122 1989 2165 2043; x_wconf 88' lang='lat' dir='ltr'><strong>si</strong></span> <span class='ocrx_word' id='word_1_375' title='bbox 2222 1999 2453 2045; x_wconf 86' lang='lat' dir='ltr'><strong>mentem</strong></span> <span class='ocrx_word' id='word_1_376' title='bbox 2505 2004 2820 2061; x_wconf 86' lang='lat' dir='ltr'><strong>corruptam</strong></span> <span class='ocrx_word' id='word_1_377' title='bbox 2875 2012 2980 2051; x_wconf 89' lang='lat' dir='ltr'><strong>non</strong></span> <span class='ocrx_word' id='word_1_378' title='bbox 3048 2000 3264 2056; x_wconf 90' lang='lat' dir='ltr'><strong>haheat.</strong></span> <span class='ocrx_word' id='word_1_379' title='bbox 3304 2003 3552 2059; x_wconf 80' lang='lat' dir='ltr'><strong>Eximius</strong></span> 
     </span>
    </p>
   </div>
   <div class='ocr_carea' id='block_1_51' title="bbox 1966 2080 3549 2165">
    <p class='ocr_par' dir='ltr' id='par_1_51' title="bbox 1966 2080 3549 2165">
     <span class='ocr_line' id='line_1_52' title="bbox 1966 2080 3549 2165; baseline 0.013 -34"><span class='ocrx_word' id='word_1_380' title='bbox 1966 2080 2109 2133; x_wconf 88' lang='lat' dir='ltr'><strong>enim</strong></span> <span class='ocrx_word' id='word_1_381' title='bbox 2140 2080 2313 2137; x_wconf 86' lang='lat' dir='ltr'><strong>honor</strong></span> <span class='ocrx_word' id='word_1_382' title='bbox 2333 2092 2436 2150; x_wconf 89' lang='lat' dir='ltr'><strong>est,</strong></span> <span class='ocrx_word' id='word_1_383' title='bbox 2462 2085 2662 2155; x_wconf 85' lang='lat' dir='ltr'><strong>quique</strong></span> <span class='ocrx_word' id='word_1_384' title='bbox 2694 2089 2793 2143; x_wconf 79' lang='lat' dir='ltr'><strong>soli</strong></span> <span class='ocrx_word' id='word_1_385' title='bbox 2832 2090 3029 2145; x_wconf 67' lang='lat' dir='ltr'><strong>divina:</strong></span> <span class='ocrx_word' id='word_1_386' title='bbox 3054 2104 3265 2149; x_wconf 63' lang='lat' dir='ltr'><strong>naturae</strong></span> <span class='ocrx_word' id='word_1_387' title='bbox 3305 2112 3425 2165; x_wconf 65' lang='lat' dir='ltr'><strong>quae</strong></span> <span class='ocrx_word' id='word_1_388' title='bbox 3452 2100 3549 2154; x_wconf 89' lang='lat' dir='ltr'><strong>toti</strong></span> 
     </span>
    </p>
   </div>
   <div class='ocr_carea' id='block_1_52' title="bbox 1966 2174 3541 2253">
    <p class='ocr_par' dir='ltr' id='par_1_52' title="bbox 1966 2174 3541 2253">
     <span class='ocr_line' id='line_1_53' title="bbox 1966 2174 3541 2253; baseline 0.012 -28"><span class='ocrx_word' id='word_1_389' title='bbox 1966 2174 2216 2228; x_wconf 86' lang='lat' dir='ltr'><strong>universo</strong></span> <span class='ocrx_word' id='word_1_390' title='bbox 2251 2176 2481 2246; x_wconf 87' lang='lat' dir='ltr'><strong>imperat</strong></span> <span class='ocrx_word' id='word_1_391' title='bbox 2501 2180 2774 2236; x_wconf 79' lang='lat' dir='ltr'><strong>convenit.</strong></span> <span class='ocrx_word' id='word_1_392' title='bbox 2804 2182 2876 2237; x_wconf 90' lang='lat' dir='ltr'><strong>At</strong></span> <span class='ocrx_word' id='word_1_393' title='bbox 2896 2198 3006 2252; x_wconf 89' lang='lat' dir='ltr'><strong>quo</strong></span> <span class='ocrx_word' id='word_1_394' title='bbox 3032 2196 3188 2253; x_wconf 84' lang='lat' dir='ltr'><strong>pacto</strong></span> <span class='ocrx_word' id='word_1_395' title='bbox 3217 2186 3382 2243; x_wconf 77' lang='lat' dir='ltr'><strong>fuerit</strong></span> <span class='ocrx_word' id='word_1_396' title='bbox 3428 2190 3541 2243; x_wconf 36' lang='lat' dir='ltr'><strong>Bov-</strong></span> 
     </span>
    </p>
   </div>
   <div class='ocr_carea' id='block_1_53' title="bbox 1967 2265 3546 2355">
    <p class='ocr_par' dir='ltr' id='par_1_53' title="bbox 1967 2265 3546 2355">
     <span class='ocr_line' id='line_1_54' title="bbox 1967 2265 3546 2355; baseline 0.015 -39"><span class='ocrx_word' id='word_1_397' title='bbox 1967 2265 2144 2319; x_wconf 88' lang='lat' dir='ltr'><strong>minus</strong></span> <span class='ocrx_word' id='word_1_398' title='bbox 2170 2266 2374 2335; x_wconf 71' lang='lat' dir='ltr'><strong>gloriae,</strong></span> <span class='ocrx_word' id='word_1_399' title='bbox 2410 2270 2453 2324; x_wconf 93' lang='lat' dir='ltr'><strong>is</strong></span> <span class='ocrx_word' id='word_1_400' title='bbox 2475 2271 2564 2339; x_wconf 86' lang='lat' dir='ltr'><strong>qui</strong></span> <span class='ocrx_word' id='word_1_401' title='bbox 2589 2274 2738 2326; x_wconf 89' lang='lat' dir='ltr'><strong>cruci</strong></span> <span class='ocrx_word' id='word_1_402' title='bbox 2766 2273 2954 2332; x_wconf 76' lang='lat' dir='ltr'><strong>aliixus</strong></span> <span class='ocrx_word' id='word_1_403' title='bbox 2983 2277 3101 2332; x_wconf 86' lang='lat' dir='ltr'><strong>est?</strong></span> <span class='ocrx_word' id='word_1_404' title='bbox 3120 2277 3389 2348; x_wconf 87' lang='lat' dir='ltr'><strong>Splendor</strong></span> <span class='ocrx_word' id='word_1_405' title='bbox 3415 2298 3546 2355; x_wconf 84' lang='lat' dir='ltr'><strong>vero</strong></span> 
     </span>
    </p>
   </div>
   <div class='ocr_carea' id='block_1_54' title="bbox 1965 2355 3550 2443">
    <p class='ocr_par' dir='ltr' id='par_1_54' title="bbox 1965 2355 3550 2443">
     <span class='ocr_line' id='line_1_55' title="bbox 1965 2355 3550 2443; baseline 0.013 -34"><span class='ocrx_word' id='word_1_406' title='bbox 1965 2355 2163 2424; x_wconf 83' lang='lat' dir='ltr'><strong>Patris,</strong></span> <span class='ocrx_word' id='word_1_407' title='bbox 2212 2367 2267 2413; x_wconf 91' lang='lat' dir='ltr'><strong>et</strong></span> <span class='ocrx_word' id='word_1_408' title='bbox 2319 2360 2604 2417; x_wconf 78' lang='lat' dir='ltr'><strong>character</strong></span> <span class='ocrx_word' id='word_1_409' title='bbox 2666 2366 2921 2421; x_wconf 84' lang='lat' dir='ltr'><strong>essentiae</strong></span> <span class='ocrx_word' id='word_1_410' title='bbox 2973 2368 3162 2438; x_wconf 87' lang='lat' dir='ltr'><strong>ipsius,</strong></span> <span class='ocrx_word' id='word_1_411' title='bbox 3216 2381 3550 2443; x_wconf 86' lang='lat' dir='ltr'><strong>portansque</strong></span> 
     </span>
    </p>
   </div>
   <div class='ocr_carea' id='block_1_55' title="bbox 1964 2450 3550 2532">
    <p class='ocr_par' dir='ltr' id='par_1_55' title="bbox 1964 2450 3550 2532">
     <span class='ocr_line' id='line_1_56' title="bbox 1964 2450 3550 2532; baseline 0.012 -27"><span class='ocrx_word' id='word_1_412' title='bbox 1964 2450 2147 2506; x_wconf 87' lang='lat' dir='ltr'><strong>omnia</strong></span> <span class='ocrx_word' id='word_1_413' title='bbox 2194 2452 2359 2508; x_wconf 84' lang='lat' dir='ltr'><strong>verbo</strong></span> <span class='ocrx_word' id='word_1_414' title='bbox 2405 2455 2618 2511; x_wconf 82' lang='lat' dir='ltr'><strong>virtutis</strong></span> <span class='ocrx_word' id='word_1_415' title='bbox 2669 2473 2817 2522; x_wconf 80' lang='lat' dir='ltr'><strong>suae,</strong></span> <span class='ocrx_word' id='word_1_416' title='bbox 2874 2461 3065 2517; x_wconf 89' lang='lat' dir='ltr'><strong>melior</strong></span> <span class='ocrx_word' id='word_1_417' title='bbox 3113 2464 3321 2532; x_wconf 78' lang='lat' dir='ltr'><strong>angelis</strong></span> <span class='ocrx_word' id='word_1_418' title='bbox 3371 2466 3550 2524; x_wconf 81' lang='lat' dir='ltr'><strong>factus</strong></span> 
     </span>
    </p>
   </div>
   <div class='ocr_carea' id='block_1_56' title="bbox 1962 2546 3546 2624">
    <p class='ocr_par' dir='ltr' id='par_1_56' title="bbox 1962 2546 3546 2624">
     <span class='ocr_line' id='line_1_57' title="bbox 1962 2546 3546 2624; baseline 0.011 -26"><span class='ocrx_word' id='word_1_419' title='bbox 1962 2557 2081 2599; x_wconf 84' lang='lat' dir='ltr'><strong>esse</strong></span> <span class='ocrx_word' id='word_1_420' title='bbox 2108 2546 2323 2612; x_wconf 89' lang='lat' dir='ltr'><strong>dicitur,</strong></span> <span class='ocrx_word' id='word_1_421' title='bbox 2355 2548 2533 2603; x_wconf 90' lang='lat' dir='ltr'><strong>minor</strong></span> <span class='ocrx_word' id='word_1_422' title='bbox 2567 2550 2843 2620; x_wconf 90' lang='lat' dir='ltr'><strong>nimirum,</strong></span> <span class='ocrx_word' id='word_1_423' title='bbox 2876 2561 2936 2607; x_wconf 90' lang='lat' dir='ltr'><strong>ut</strong></span> <span class='ocrx_word' id='word_1_424' title='bbox 2974 2554 3231 2624; x_wconf 83' lang='lat' dir='ltr'><strong>arbitror,</strong></span> <span class='ocrx_word' id='word_1_425' title='bbox 3257 2558 3338 2613; x_wconf 90' lang='lat' dir='ltr'><strong>eis</strong></span> <span class='ocrx_word' id='word_1_426' title='bbox 3368 2559 3546 2614; x_wconf 88' lang='lat' dir='ltr'><strong>decla-</strong></span> 
     </span>
    </p>
   </div>
   <div class='ocr_carea' id='block_1_57' title="bbox 1962 2640 3540 2714">
    <p class='ocr_par' dir='ltr' id='par_1_57' title="bbox 1962 2640 3540 2714">
     <span class='ocr_line' id='line_1_58' title="bbox 1962 2640 3540 2714; baseline 0.011 -25"><span class='ocrx_word' id='word_1_427' title='bbox 1962 2646 2135 2702; x_wconf 86' lang='lat' dir='ltr'><strong>ratus,</strong></span> <span class='ocrx_word' id='word_1_428' title='bbox 2180 2652 2301 2692; x_wconf 88' lang='lat' dir='ltr'><strong>cum</strong></span> <span class='ocrx_word' id='word_1_429' title='bbox 2353 2640 2601 2709; x_wconf 86' lang='lat' dir='ltr'><strong>apparuit</strong></span> <span class='ocrx_word' id='word_1_430' title='bbox 2645 2642 2826 2700; x_wconf 90' lang='lat' dir='ltr'><strong>homo.</strong></span> <span class='ocrx_word' id='word_1_431' title='bbox 2884 2644 3159 2714; x_wconf 87' lang='lat' dir='ltr'><strong>Scriptum</strong></span> <span class='ocrx_word' id='word_1_432' title='bbox 3214 2658 3295 2704; x_wconf 86' lang='lat' dir='ltr'><strong>est</strong></span> <span class='ocrx_word' id='word_1_433' title='bbox 3340 2650 3483 2706; x_wconf 90' lang='lat' dir='ltr'><strong>enim</strong></span> <span class='ocrx_word' id='word_1_434' title='bbox 3526 2670 3540 2706; x_wconf 91' lang='lat'><strong>:</strong></span> 
     </span>
    </p>
   </div>
   <div class='ocr_carea' id='block_1_58' title="bbox 1970 2727 3540 2803">
    <p class='ocr_par' dir='ltr' id='par_1_58' title="bbox 1970 2727 3540 2803">
     <span class='ocr_line' id='line_1_59' title="bbox 1970 2727 3540 2803; baseline 0.011 -24"><span class='ocrx_word' id='word_1_435' title='bbox 1970 2747 1988 2779; x_wconf 74' lang='grc' dir='ltr'><strong>ε</strong></span> <span class='ocrx_word' id='word_1_436' title='bbox 2028 2727 2193 2784; x_wconf 79' lang='lat' dir='ltr'><strong>Paulo</strong></span> <span class='ocrx_word' id='word_1_437' title='bbox 2228 2731 2403 2785; x_wconf 90' lang='lat' dir='ltr'><strong>minus</strong></span> <span class='ocrx_word' id='word_1_438' title='bbox 2433 2732 2502 2785; x_wconf 88' lang='lat' dir='ltr'><strong>ab</strong></span> <span class='ocrx_word' id='word_1_439' title='bbox 2531 2734 2737 2803; x_wconf 84' lang='lat' dir='ltr'><strong>angelis</strong></span> <span class='ocrx_word' id='word_1_440' title='bbox 2779 2735 3046 2792; x_wconf 87' lang='lat' dir='ltr'><strong>minutum</strong></span> <span class='ocrx_word' id='word_1_441' title='bbox 3078 2738 3324 2797; x_wconf 80' lang='lat' dir='ltr'><strong>videmus</strong></span> <span class='ocrx_word' id='word_1_442' title='bbox 3354 2740 3540 2796; x_wconf 78' lang='lat' dir='ltr'><strong>Jesum</strong></span> 
     </span>
    </p>
   </div>
   <div class='ocr_carea' id='block_1_59' title="bbox 1962 2821 3538 2889">
    <p class='ocr_par' dir='ltr' id='par_1_59' title="bbox 1962 2821 3538 2889">
     <span class='ocr_line' id='line_1_60' title="bbox 1962 2821 3538 2889; baseline 0.008 -17"><span class='ocrx_word' id='word_1_443' title='bbox 1962 2828 2182 2889; x_wconf 89' lang='lat' dir='ltr'><strong>propter</strong></span> <span class='ocrx_word' id='word_1_444' title='bbox 2206 2821 2512 2889; x_wconf 83' lang='lat' dir='ltr'><strong>passionem</strong></span> <span class='ocrx_word' id='word_1_445' title='bbox 2547 2827 2738 2881; x_wconf 91' lang='lat' dir='ltr'><strong>mortis</strong></span> <span class='ocrx_word' id='word_1_446' title='bbox 2762 2834 2815 2881; x_wconf 89' lang='lat' dir='ltr'><strong>et</strong></span> <span class='ocrx_word' id='word_1_447' title='bbox 2842 2827 3045 2884; x_wconf 87' lang='lat' dir='ltr'><strong>honore</strong></span> <span class='ocrx_word' id='word_1_448' title='bbox 3078 2843 3397 2886; x_wconf 76' lang='lat' dir='ltr'><strong>comitatum</strong></span> <span class='ocrx_word' id='word_1_449' title='bbox 3425 2834 3490 2889; x_wconf 75' lang='grc'><strong>⁸³.</strong></span> <span class='ocrx_word' id='word_1_450' title='bbox 3518 2851 3538 2884; x_wconf 74' lang='grc' dir='ltr'><strong>ι</strong></span> 
     </span>
    </p>
   </div>
   <div class='ocr_carea' id='block_1_60' title="bbox 1961 2911 3545 2989">
    <p class='ocr_par' dir='ltr' id='par_1_60' title="bbox 1961 2911 3545 2989">
     <span class='ocr_line' id='line_1_61' title="bbox 1961 2911 3545 2989; baseline 0.011 -26"><span class='ocrx_word' id='word_1_451' title='bbox 1961 2911 2100 2978; x_wconf 87' lang='lat' dir='ltr'><strong>Quid</strong></span> <span class='ocrx_word' id='word_1_452' title='bbox 2134 2912 2339 2980; x_wconf 79' lang='lat' dir='ltr'><strong>igitur?</strong></span> <span class='ocrx_word' id='word_1_453' title='bbox 2382 2912 2797 2972; x_wconf 83' lang='lat' dir='ltr'><strong>Privahimusne</strong></span> <span class='ocrx_word' id='word_1_454' title='bbox 2843 2917 3077 2975; x_wconf 80' lang='lat' dir='ltr'><strong>Verbum</strong></span> <span class='ocrx_word' id='word_1_455' title='bbox 3130 2924 3272 2989; x_wconf 87' lang='lat' dir='ltr'><strong>quod</strong></span> <span class='ocrx_word' id='word_1_456' title='bbox 3319 2939 3387 2979; x_wconf 76' lang='lat' dir='ltr'><strong>ex</strong></span> <span class='ocrx_word' id='word_1_457' title='bbox 3430 2924 3545 2981; x_wconf 89' lang='lat' dir='ltr'><strong>Deo</strong></span> 
     </span>
    </p>
   </div>
   <div class='ocr_carea' id='block_1_61' title="bbox 1960 3004 3547 3084">
    <p class='ocr_par' dir='ltr' id='par_1_61' title="bbox 1960 3004 3547 3084">
     <span class='ocr_line' id='line_1_62' title="bbox 1960 3004 3547 3084; baseline 0.011 -29"><span class='ocrx_word' id='word_1_458' title='bbox 1960 3019 2023 3058; x_wconf 89' lang='lat' dir='ltr'><strong>ac</strong></span> <span class='ocrx_word' id='word_1_459' title='bbox 2054 3004 2214 3059; x_wconf 84' lang='lat' dir='ltr'><strong>Patre</strong></span> <span class='ocrx_word' id='word_1_460' title='bbox 2244 3006 2505 3072; x_wconf 88' lang='lat' dir='ltr'><strong>processit</strong></span> <span class='ocrx_word' id='word_1_461' title='bbox 2537 3008 2855 3063; x_wconf 85' lang='lat' dir='ltr'><strong>excellentia</strong></span> <span class='ocrx_word' id='word_1_462' title='bbox 2894 3010 2976 3064; x_wconf 89' lang='lat' dir='ltr'><strong>illa</strong></span> <span class='ocrx_word' id='word_1_463' title='bbox 3010 3012 3181 3084; x_wconf 76' lang='lat'><strong>698</strong></span> <span class='ocrx_word' id='word_1_464' title='bbox 3207 3030 3327 3084; x_wconf 70' lang='lat' dir='ltr'><strong>quae</strong></span> <span class='ocrx_word' id='word_1_465' title='bbox 3353 3032 3547 3072; x_wconf 78' lang='lat' dir='ltr'><strong>essen-</strong></span> 
     </span>
    </p>
   </div>
   <div class='ocr_carea' id='block_1_62' title="bbox 269 3079 1860 3167">
    <p class='ocr_par' dir='ltr' id='par_1_62' title="bbox 269 3079 1854 3154">
     <span class='ocr_line' id='line_1_63' title="bbox 269 3079 1854 3154; baseline 0.003 -16"><span class='ocrx_word' id='word_1_466' title='bbox 269 3087 405 3153; x_wconf 82' lang='grc' dir='ltr'>τιμῇ</span> <span class='ocrx_word' id='word_1_467' title='bbox 437 3083 903 3153; x_wconf 76' lang='grc' dir='ltr'>ἐστεφανωμένον.</span> <span class='ocrx_word' id='word_1_468' title='bbox 930 3079 1079 3153; x_wconf 68' lang='grc' dir='ltr'>»Ἆρ’</span> <span class='ocrx_word' id='word_1_469' title='bbox 1100 3081 1193 3137; x_wconf 81' lang='grc' dir='ltr'><strong>οῦν</strong></span> <span class='ocrx_word' id='word_1_470' title='bbox 1217 3082 1490 3154; x_wconf 79' lang='grc' dir='ltr'>ὲξώσομεν</span> <span class='ocrx_word' id='word_1_471' title='bbox 1517 3086 1605 3141; x_wconf 76' lang='grc' dir='ltr'><strong>τὸν</strong></span> <span class='ocrx_word' id='word_1_472' title='bbox 1633 3089 1695 3141; x_wconf 77' lang='grc' dir='ltr'>ὲκ</span> <span class='ocrx_word' id='word_1_473' title='bbox 1718 3089 1854 3143; x_wconf 84' lang='grc' dir='ltr'>Θεοῦ</span> 
     </span>
    </p>
   </div>
   <div class='ocr_carea' id='block_1_63' title="bbox 1966 3079 3543 3167">
    <p class='ocr_par' dir='ltr' id='par_1_63' title="bbox 1966 3079 3543 3167">
     <span class='ocr_line' id='line_1_64' title="bbox 1966 3079 3543 3167; baseline 0.008 -21"><span class='ocrx_word' id='word_1_474' title='bbox 1966 3093 2162 3148; x_wconf 86' lang='lat' dir='ltr'><strong>tialiter</strong></span> <span class='ocrx_word' id='word_1_475' title='bbox 2191 3094 2291 3164; x_wconf 90' lang='lat' dir='ltr'><strong>ipsi</strong></span> <span class='ocrx_word' id='word_1_476' title='bbox 2328 3097 2490 3161; x_wconf 90' lang='lat' dir='ltr'><strong>inest,</strong></span> <span class='ocrx_word' id='word_1_477' title='bbox 2514 3106 2569 3151; x_wconf 92' lang='lat' dir='ltr'><strong>et</strong></span> <span class='ocrx_word' id='word_1_478' title='bbox 2599 3113 2626 3150; x_wconf 90' lang='lat' dir='ltr'><strong>a</strong></span> <span class='ocrx_word' id='word_1_479' title='bbox 2657 3098 2899 3167; x_wconf 77' lang='lat' dir='ltr'><strong>perfecta</strong></span> <span class='ocrx_word' id='word_1_480' title='bbox 2934 3079 3057 3154; x_wconf 76' lang='lat' dir='ltr'><strong>cum</strong></span> <span class='ocrx_word' id='word_1_481' title='bbox 3081 3079 3250 3159; x_wconf 62' lang='lat' dir='ltr'><strong>Patre</strong></span> <span class='ocrx_word' id='word_1_482' title='bbox 3282 3105 3543 3163; x_wconf 78' lang='lat' dir='ltr'><strong>similitu-</strong></span> 
     </span>
    </p>
   </div>
   <div class='ocr_carea' id='block_1_64' title="bbox 271 3174 1855 3247">
    <p class='ocr_par' dir='ltr' id='par_1_64' title="bbox 271 3174 1855 3247">
     <span class='ocr_line' id='line_1_65' title="bbox 271 3174 1855 3247; baseline 0.002 -19"><span class='ocrx_word' id='word_1_483' title='bbox 271 3174 487 3247; x_wconf 71' lang='grc' dir='ltr'>Πατρός</span> <span class='ocrx_word' id='word_1_484' title='bbox 513 3174 796 3244; x_wconf 62' lang='grc' dir='ltr'>πεφηνότα</span> <span class='ocrx_word' id='word_1_485' title='bbox 819 3174 1009 3243; x_wconf 79' lang='grc' dir='ltr'>Λόγον,</span> <span class='ocrx_word' id='word_1_486' title='bbox 1035 3175 1133 3245; x_wconf 77' lang='grc' dir='ltr'>τῆς</span> <span class='ocrx_word' id='word_1_487' title='bbox 1161 3175 1309 3246; x_wconf 74' lang='grc' dir='ltr'>αὐτῷ</span> <span class='ocrx_word' id='word_1_488' title='bbox 1334 3177 1644 3247; x_wconf 81' lang='grc' dir='ltr'>προσούσης</span> <span class='ocrx_word' id='word_1_489' title='bbox 1665 3179 1855 3232; x_wconf 67' lang='grc' dir='ltr'>ούσιώο</span> 
     </span>
    </p>
   </div>
   <div class='ocr_carea' id='block_1_65' title="bbox 268 3266 1859 3338">
    <p class='ocr_par' dir='ltr' id='par_1_65' title="bbox 268 3266 1859 3338">
     <span class='ocr_line' id='line_1_66' title="bbox 268 3266 1859 3338; baseline -0.004 -17"><span class='ocrx_word' id='word_1_490' title='bbox 268 3268 392 3330; x_wconf 70' lang='grc' dir='ltr'>ἰούς</span> <span class='ocrx_word' id='word_1_491' title='bbox 441 3267 736 3337; x_wconf 76' lang='grc' dir='ltr'>ὑπεροχῆς,</span> <span class='ocrx_word' id='word_1_492' title='bbox 772 3267 865 3318; x_wconf 79' lang='grc' dir='ltr'><strong>καὶ</strong></span> <span class='ocrx_word' id='word_1_493' title='bbox 894 3266 993 3334; x_wconf 79' lang='grc' dir='ltr'>τῆς</span> <span class='ocrx_word' id='word_1_494' title='bbox 1022 3266 1159 3337; x_wconf 83' lang='grc' dir='ltr'>πρὸς</span> <span class='ocrx_word' id='word_1_495' title='bbox 1185 3266 1345 3319; x_wconf 81' lang='grc' dir='ltr'>αὐτὸν</span> <span class='ocrx_word' id='word_1_496' title='bbox 1382 3267 1644 3338; x_wconf 73' lang='grc' dir='ltr'>ἀκριϐοῦς</span> <span class='ocrx_word' id='word_1_497' title='bbox 1691 3270 1859 3338; x_wconf 77' lang='grc' dir='ltr'>ὲμφε.</span> 
     </span>
    </p>
   </div>
   <div class='ocr_carea' id='block_1_66' title="bbox 273 3358 1858 3433">
    <p class='ocr_par' dir='ltr' id='par_1_66' title="bbox 273 3358 1858 3433">
     <span class='ocr_line' id='line_1_67' title="bbox 273 3358 1858 3433; baseline -0.001 -20"><span class='ocrx_word' id='word_1_498' title='bbox 273 3360 445 3433; x_wconf 84' lang='grc' dir='ltr'>ρείας,</span> <span class='ocrx_word' id='word_1_499' title='bbox 476 3360 572 3413; x_wconf 75' lang='grc' dir='ltr'><strong>καὶ</strong></span> <span class='ocrx_word' id='word_1_500' title='bbox 614 3361 711 3430; x_wconf 77' lang='grc' dir='ltr'><strong>τῆς</strong></span> <span class='ocrx_word' id='word_1_501' title='bbox 743 3359 990 3429; x_wconf 82' lang='grc' dir='ltr'>ἀγγέλων</span> <span class='ocrx_word' id='word_1_502' title='bbox 1023 3358 1272 3423; x_wconf 81' lang='grc' dir='ltr'>εὐκλείας</span> <span class='ocrx_word' id='word_1_503' title='bbox 1303 3359 1611 3430; x_wconf 80' lang='grc' dir='ltr'>ἡττώμενον</span> <span class='ocrx_word' id='word_1_504' title='bbox 1638 3358 1858 3429; x_wconf 82' lang='grc' dir='ltr'>βλέπον-</span> 
     </span>
    </p>
   </div>
   <div class='ocr_carea' id='block_1_67' title="bbox 271 3449 1500 3521">
    <p class='ocr_par' dir='ltr' id='par_1_67' title="bbox 271 3449 1500 3521">
     <span class='ocr_line' id='line_1_68' title="bbox 271 3449 1500 3521; baseline -0.005 -16"><span class='ocrx_word' id='word_1_505' title='bbox 271 3469 361 3515; x_wconf 72' lang='grc' dir='ltr'><strong>τες</strong></span> <span class='ocrx_word' id='word_1_506' title='bbox 388 3451 479 3505; x_wconf 72' lang='grc' dir='ltr'><strong>διὰ</strong></span> <span class='ocrx_word' id='word_1_507' title='bbox 501 3452 561 3504; x_wconf 81' lang='grc' dir='ltr'><strong>τὸ</strong></span> <span class='ocrx_word' id='word_1_508' title='bbox 587 3451 688 3521; x_wconf 70' lang='grc' dir='ltr'>τῆς</span> <span class='ocrx_word' id='word_1_509' title='bbox 714 3450 1026 3519; x_wconf 80' lang='grc' dir='ltr'>οἰκονομίας</span> <span class='ocrx_word' id='word_1_510' title='bbox 1056 3449 1500 3520; x_wconf 77' lang='grc' dir='ltr'>σμικροπρεπέςς</span> 
     </span>
    </p>
   </div>
   <div class='ocr_carea' id='block_1_68' title="bbox 342 3537 1857 3614">
    <p class='ocr_par' dir='ltr' id='par_1_68' title="bbox 342 3537 1857 3614">
     <span class='ocr_line' id='line_1_69' title="bbox 342 3537 1857 3614; baseline -0.002 -17"><span class='ocrx_word' id='word_1_511' title='bbox 342 3545 401 3597; x_wconf 83' lang='grc' dir='ltr'><strong>Β.</strong></span> <span class='ocrx_word' id='word_1_512' title='bbox 445 3542 743 3614; x_wconf 82' lang='grc' dir='ltr'>Ούμενοῦν.</span> <span class='ocrx_word' id='word_1_513' title='bbox 775 3537 944 3613; x_wconf 78' lang='grc' dir='ltr'>Οἶμαι</span> <span class='ocrx_word' id='word_1_514' title='bbox 977 3541 1086 3612; x_wconf 67' lang='grc' dir='ltr'>γὰρ</span> <span class='ocrx_word' id='word_1_515' title='bbox 1116 3541 1247 3605; x_wconf 83' lang='grc' dir='ltr'>δεῖν,</span> <span class='ocrx_word' id='word_1_516' title='bbox 1276 3540 1399 3595; x_wconf 74' lang='grc' dir='ltr'>οὗτε</span> <span class='ocrx_word' id='word_1_517' title='bbox 1437 3540 1546 3594; x_wconf 83' lang='grc' dir='ltr'><strong>τῶν</strong></span> <span class='ocrx_word' id='word_1_518' title='bbox 1580 3542 1857 3613; x_wconf 64' lang='grc' dir='ltr'>ἀνθρωπίκ</span> 
     </span>
    </p>
   </div>
   <div class='ocr_carea' id='block_1_69' title="bbox 274 3630 1856 3702">
    <p class='ocr_par' dir='ltr' id='par_1_69' title="bbox 274 3630 1856 3702">
     <span class='ocr_line' id='line_1_70' title="bbox 274 3630 1856 3702; baseline -0.004 -12"><span class='ocrx_word' id='word_1_519' title='bbox 274 3654 377 3690; x_wconf 88' lang='grc' dir='ltr'><strong>νων</strong></span> <span class='ocrx_word' id='word_1_520' title='bbox 410 3633 773 3688; x_wconf 81' lang='grc' dir='ltr'>ἀπαλλάττειν</span> <span class='ocrx_word' id='word_1_521' title='bbox 819 3630 1101 3695; x_wconf 82' lang='grc' dir='ltr'>παντελῶς</span> <span class='ocrx_word' id='word_1_522' title='bbox 1142 3631 1232 3684; x_wconf 86' lang='grc' dir='ltr'><strong>τὸν</strong></span> <span class='ocrx_word' id='word_1_523' title='bbox 1262 3633 1326 3683; x_wconf 76' lang='grc' dir='ltr'>ἐκ</span> <span class='ocrx_word' id='word_1_524' title='bbox 1355 3630 1489 3684; x_wconf 83' lang='grc' dir='ltr'>Θεοῦ</span> <span class='ocrx_word' id='word_1_525' title='bbox 1517 3632 1687 3700; x_wconf 85' lang='grc' dir='ltr'>Λόγον</span> <span class='ocrx_word' id='word_1_526' title='bbox 1720 3631 1856 3702; x_wconf 88' lang='grc' dir='ltr'><strong>μετά</strong></span> 
     </span>
    </p>
   </div>
   <div class='ocr_carea' id='block_1_70' title="bbox 272 3723 1858 3798">
    <p class='ocr_par' dir='ltr' id='par_1_70' title="bbox 272 3723 1858 3798">
     <span class='ocr_line' id='line_1_71' title="bbox 272 3723 1858 3798; baseline -0.003 -17"><span class='ocrx_word' id='word_1_527' title='bbox 272 3728 369 3798; x_wconf 81' lang='grc' dir='ltr'>τὴν</span> <span class='ocrx_word' id='word_1_528' title='bbox 402 3726 537 3796; x_wconf 73' lang='grc' dir='ltr'>πρὸς</span> <span class='ocrx_word' id='word_1_529' title='bbox 560 3726 741 3797; x_wconf 79' lang='grc' dir='ltr'>σάρκα</span> <span class='ocrx_word' id='word_1_530' title='bbox 768 3724 1005 3787; x_wconf 84' lang='grc' dir='ltr'>σύνοδον,</span> <span class='ocrx_word' id='word_1_531' title='bbox 1032 3723 1159 3778; x_wconf 72' lang='grc' dir='ltr'>οὔτε</span> <span class='ocrx_word' id='word_1_532' title='bbox 1183 3724 1288 3794; x_wconf 84' lang='grc' dir='ltr'>μὴν</span> <span class='ocrx_word' id='word_1_533' title='bbox 1313 3724 1470 3795; x_wconf 75' lang='grc' dir='ltr'>δόξης</span> <span class='ocrx_word' id='word_1_534' title='bbox 1495 3725 1597 3791; x_wconf 77' lang='grc' dir='ltr'>τῆς</span> <span class='ocrx_word' id='word_1_535' title='bbox 1631 3725 1858 3796; x_wconf 86' lang='grc' dir='ltr'>θεοπρε-</span> 
     </span>
    </p>
   </div>
   <div class='ocr_carea' id='block_1_71' title="bbox 276 3815 1857 3890">
    <p class='ocr_par' dir='ltr' id='par_1_71' title="bbox 276 3815 1857 3890">
     <span class='ocr_line' id='line_1_72' title="bbox 276 3815 1857 3890; baseline 0.001 -18"><span class='ocrx_word' id='word_1_536' title='bbox 276 3818 410 3883; x_wconf 87' lang='grc' dir='ltr'>ποῦς</span> <span class='ocrx_word' id='word_1_537' title='bbox 441 3820 763 3890; x_wconf 74' lang='grc' dir='ltr'>ἀποστερεῖν</span> <span class='ocrx_word' id='word_1_538' title='bbox 790 3817 851 3871; x_wconf 60' lang='lat' dir='ltr'><strong>ab</strong></span> <span class='ocrx_word' id='word_1_539' title='bbox 882 3815 1241 3885; x_wconf 82' lang='grc' dir='ltr'>ἀνθρώπινον,</span> <span class='ocrx_word' id='word_1_540' title='bbox 1272 3820 1321 3870; x_wconf 75' lang='grc' dir='ltr'><strong>εί</strong></span> <span class='ocrx_word' id='word_1_541' title='bbox 1348 3820 1407 3871; x_wconf 82' lang='grc' dir='ltr'><strong>ἑν</strong></span> <span class='ocrx_word' id='word_1_542' title='bbox 1439 3817 1661 3888; x_wconf 87' lang='grc' dir='ltr'>Χριστῷ</span> <span class='ocrx_word' id='word_1_543' title='bbox 1687 3822 1857 3873; x_wconf 83' lang='grc' dir='ltr'>νοοῖτο</span> 
     </span>
    </p>
   </div>
   <div class='ocr_carea' id='block_1_72' title="bbox 277 3909 1857 3982">
    <p class='ocr_par' dir='ltr' id='par_1_72' title="bbox 277 3909 1857 3982">
     <span class='ocr_line' id='line_1_73' title="bbox 277 3909 1857 3982; baseline -0.001 -17"><span class='ocrx_word' id='word_1_544' title='bbox 277 3912 372 3965; x_wconf 73' lang='grc' dir='ltr'><strong>καὶ</strong></span> <span class='ocrx_word' id='word_1_545' title='bbox 399 3910 628 3979; x_wconf 78' lang='grc' dir='ltr'>λέγοιτο.</span> <span class='ocrx_word' id='word_1_546' title='bbox 663 3911 807 3982; x_wconf 76' lang='grc' dir='ltr'>Πλὴν</span> <span class='ocrx_word' id='word_1_547' title='bbox 837 3911 1131 3982; x_wconf 82' lang='grc' dir='ltr'>ἑρομένους</span> <span class='ocrx_word' id='word_1_548' title='bbox 1186 3910 1293 3962; x_wconf 78' lang='grc' dir='ltr'>ἴσθι</span> <span class='ocrx_word' id='word_1_549' title='bbox 1318 3909 1400 3963; x_wconf 89' lang='grc' dir='ltr'><strong>τοί</strong></span> <span class='ocrx_word' id='word_1_550' title='bbox 1439 3927 1590 3973; x_wconf 85' lang='grc' dir='ltr'>τινας</span> <span class='ocrx_word' id='word_1_551' title='bbox 1612 3927 1625 3939; x_wconf 80' lang='grc'><em>’</em></span> <span class='ocrx_word' id='word_1_552' title='bbox 1660 3909 1755 3974; x_wconf 85' lang='grc' dir='ltr'><strong>Τίς</strong></span> <span class='ocrx_word' id='word_1_553' title='bbox 1793 3910 1857 3982; x_wconf 80' lang='grc' dir='ltr'>δὴ</span> 
     </span>
    </p>
   </div>
   <div class='ocr_carea' id='block_1_73' title="bbox 275 4002 1856 4075">
    <p class='ocr_par' dir='ltr' id='par_1_73' title="bbox 275 4002 1856 4075">
     <span class='ocr_line' id='line_1_74' title="bbox 275 4002 1856 4075; baseline -0.003 -16"><span class='ocrx_word' id='word_1_554' title='bbox 275 4005 384 4075; x_wconf 74' lang='grc' dir='ltr'>ἄρα</span> <span class='ocrx_word' id='word_1_555' title='bbox 412 4005 559 4059; x_wconf 67' lang='grc' dir='ltr'>ἐστὶν</span> <span class='ocrx_word' id='word_1_556' title='bbox 583 4004 795 4073; x_wconf 76' lang='grc' dir='ltr'>ἀληθῶς</span> <span class='ocrx_word' id='word_1_557' title='bbox 832 4003 1037 4073; x_wconf 83' lang='grc' dir='ltr'>Ἰησοῦς</span> <span class='ocrx_word' id='word_1_558' title='bbox 1062 4005 1090 4056; x_wconf 86' lang='grc' dir='ltr'><strong>ὀ</strong></span> <span class='ocrx_word' id='word_1_559' title='bbox 1114 4002 1380 4073; x_wconf 82' lang='grc' dir='ltr'>Χριστός;</span> <span class='ocrx_word' id='word_1_560' title='bbox 1426 4002 1481 4055; x_wconf 84' lang='lat'><strong>&#39;0</strong></span> <span class='ocrx_word' id='word_1_561' title='bbox 1513 4004 1575 4055; x_wconf 72' lang='grc' dir='ltr'>ἐκ</span> <span class='ocrx_word' id='word_1_562' title='bbox 1600 4004 1856 4070; x_wconf 72' lang='grc' dir='ltr'>γυναικὸς</span> 
     </span>
    </p>
   </div>
   <div class='ocr_carea' id='block_1_74' title="bbox 276 4093 1334 4167">
    <p class='ocr_par' dir='ltr' id='par_1_74' title="bbox 276 4093 1334 4167">
     <span class='ocr_line' id='line_1_75' title="bbox 276 4093 1334 4167; baseline -0.005 -16"><span class='ocrx_word' id='word_1_563' title='bbox 276 4096 585 4167; x_wconf 80' lang='grc' dir='ltr'>ἄνθρωπος,</span> <span class='ocrx_word' id='word_1_564' title='bbox 612 4097 783 4166; x_wconf 74' lang='grc' dir='ltr'>’ἤγουν</span> <span class='ocrx_word' id='word_1_565' title='bbox 815 4096 842 4147; x_wconf 89' lang='lat'><strong>6</strong></span> <span class='ocrx_word' id='word_1_566' title='bbox 872 4097 935 4147; x_wconf 81' lang='grc' dir='ltr'><strong>ἐκ</strong></span> <span class='ocrx_word' id='word_1_567' title='bbox 963 4093 1098 4146; x_wconf 85' lang='grc' dir='ltr'>Θεοῦ</span> <span class='ocrx_word' id='word_1_568' title='bbox 1124 4093 1334 4162; x_wconf 86' lang='grc' dir='ltr'>Λόγος;</span> 
     </span>
    </p>
   </div>
   <div class='ocr_carea' id='block_1_75' title="bbox 340 4182 1852 4256">
    <p class='ocr_par' dir='ltr' id='par_1_75' title="bbox 340 4182 1852 4256">
     <span class='ocr_line' id='line_1_76' title="bbox 340 4182 1852 4256; baseline -0.001 -15"><span class='ocrx_word' id='word_1_569' title='bbox 340 4193 406 4243; x_wconf 76' lang='grc' dir='ltr'><strong>Α.</strong></span> <span class='ocrx_word' id='word_1_570' title='bbox 439 4186 675 4241; x_wconf 80' lang='grc' dir='ltr'>Ἦλίθιον</span> <span class='ocrx_word' id='word_1_571' title='bbox 724 4186 822 4256; x_wconf 80' lang='grc' dir='ltr'><strong>μὲν</strong></span> <span class='ocrx_word' id='word_1_572' title='bbox 872 4184 1070 4254; x_wconf 77' lang='grc' dir='ltr'>κομιδῇ</span> <span class='ocrx_word' id='word_1_573' title='bbox 1117 4182 1176 4236; x_wconf 77' lang='grc' dir='ltr'>τὸ</span> <span class='ocrx_word' id='word_1_574' title='bbox 1203 4183 1563 4237; x_wconf 81' lang='grc' dir='ltr'>διατείνεσθαι</span> <span class='ocrx_word' id='word_1_575' title='bbox 1603 4184 1852 4256; x_wconf 80' lang='grc' dir='ltr'>περιττὰ,</span> 
     </span>
    </p>
   </div>
   <div class='ocr_carea' id='block_1_76' title="bbox 274 4275 1854 4348">
    <p class='ocr_par' dir='ltr' id='par_1_76' title="bbox 274 4275 1854 4348">
     <span class='ocr_line' id='line_1_77' title="bbox 274 4275 1854 4348; baseline -0.003 -15"><span class='ocrx_word' id='word_1_576' title='bbox 274 4280 367 4333; x_wconf 77' lang='grc' dir='ltr'>καὶ</span> <span class='ocrx_word' id='word_1_577' title='bbox 408 4277 710 4348; x_wconf 78' lang='grc' dir='ltr'>φληνάφοις</span> <span class='ocrx_word' id='word_1_578' title='bbox 740 4275 1143 4344; x_wconf 81' lang='grc' dir='ltr'>είκαιομυθίαις</span> <span class='ocrx_word' id='word_1_579' title='bbox 1182 4275 1768 4345; x_wconf 81' lang='grc' dir='ltr'>ἀνταναφωνεῖν.Ἐρῶ</span> <span class='ocrx_word' id='word_1_580' title='bbox 1809 4276 1854 4329; x_wconf 72' lang='grc' dir='ltr'>δ’</span> 
     </span>
    </p>
   </div>
   <div class='ocr_carea' id='block_1_77' title="bbox 271 4366 1853 4441">
    <p class='ocr_par' dir='ltr' id='par_1_77' title="bbox 271 4366 1853 4441">
     <span class='ocr_line' id='line_1_78' title="bbox 271 4366 1853 4441; baseline -0.003 -16"><span class='ocrx_word' id='word_1_581' title='bbox 271 4368 385 4433; x_wconf 83' lang='grc' dir='ltr'>οῦν,</span> <span class='ocrx_word' id='word_1_582' title='bbox 416 4373 496 4425; x_wconf 80' lang='grc' dir='ltr'>ὅτι</span> <span class='ocrx_word' id='word_1_583' title='bbox 534 4369 803 4441; x_wconf 77' lang='grc' dir='ltr'>σφαλερόν</span> <span class='ocrx_word' id='word_1_584' title='bbox 828 4384 885 4421; x_wconf 85' lang='grc' dir='ltr'><strong>τε</strong></span> <span class='ocrx_word' id='word_1_585' title='bbox 927 4367 1017 4420; x_wconf 73' lang='grc' dir='ltr'><strong>καὶ</strong></span> <span class='ocrx_word' id='word_1_586' title='bbox 1051 4367 1151 4420; x_wconf 79' lang='grc' dir='ltr'><strong>οὐκ</strong></span> <span class='ocrx_word' id='word_1_587' title='bbox 1182 4366 1416 4437; x_wconf 77' lang='grc' dir='ltr'>ἀζήμιον</span> <span class='ocrx_word' id='word_1_588' title='bbox 1449 4367 1509 4420; x_wconf 79' lang='grc' dir='ltr'>τὸ</span> <span class='ocrx_word' id='word_1_589' title='bbox 1546 4368 1853 4439; x_wconf 83' lang='grc' dir='ltr'>διατέμνειν</span> 
     </span>
    </p>
   </div>
   <div class='ocr_carea' id='block_1_78' title="bbox 1960 3186 3539 3254">
    <p class='ocr_par' dir='ltr' id='par_1_78' title="bbox 1960 3186 3539 3254">
     <span class='ocr_line' id='line_1_79' title="bbox 1960 3186 3539 3254; baseline 0.008 -14"><span class='ocrx_word' id='word_1_590' title='bbox 1960 3186 2104 3254; x_wconf 88' lang='lat' dir='ltr'><strong>dine,</strong></span> <span class='ocrx_word' id='word_1_591' title='bbox 2133 3201 2255 3242; x_wconf 89' lang='lat' dir='ltr'><strong>cum</strong></span> <span class='ocrx_word' id='word_1_592' title='bbox 2293 3188 2442 3243; x_wconf 88' lang='lat' dir='ltr'><strong>illum</strong></span> <span class='ocrx_word' id='word_1_593' title='bbox 2482 3189 2550 3244; x_wconf 91' lang='lat' dir='ltr'><strong>ob</strong></span> <span class='ocrx_word' id='word_1_594' title='bbox 2577 3190 2970 3246; x_wconf 82' lang='lat' dir='ltr'><strong>incarnationis</strong></span> <span class='ocrx_word' id='word_1_595' title='bbox 2997 3193 3363 3252; x_wconf 84' lang='lat' dir='ltr'><strong>humilitatem</strong></span> <span class='ocrx_word' id='word_1_596' title='bbox 3397 3196 3539 3252; x_wconf 78' lang='lat' dir='ltr'><strong>infe-</strong></span> 
     </span>
    </p>
   </div>
   <div class='ocr_carea' id='block_1_79' title="bbox 1962 3279 2954 3348">
    <p class='ocr_par' dir='ltr' id='par_1_79' title="bbox 1962 3279 2954 3348">
     <span class='ocr_line' id='line_1_80' title="bbox 1962 3279 2954 3348; baseline 0.006 -18"><span class='ocrx_word' id='word_1_597' title='bbox 1962 3279 2161 3333; x_wconf 86' lang='lat' dir='ltr'><strong>riorem</strong></span> <span class='ocrx_word' id='word_1_598' title='bbox 2195 3280 2400 3348; x_wconf 73' lang='lat' dir='ltr'><strong>angelis</strong></span> <span class='ocrx_word' id='word_1_599' title='bbox 2428 3280 2629 3335; x_wconf 82' lang='lat' dir='ltr'><strong>factum</strong></span> <span class='ocrx_word' id='word_1_600' title='bbox 2666 3282 2954 3338; x_wconf 80' lang='lat' dir='ltr'><strong>videmus?</strong></span> 
     </span>
    </p>
   </div>
   <div class='ocr_carea' id='block_1_80' title="bbox 2029 3535 3542 3619">
    <p class='ocr_par' dir='ltr' id='par_1_80' title="bbox 2029 3535 3542 3619">
     <span class='ocr_line' id='line_1_81' title="bbox 2029 3535 3542 3619; baseline 0.012 -32"><span class='ocrx_word' id='word_1_601' title='bbox 2029 3535 2090 3587; x_wconf 86' lang='grc' dir='ltr'><strong>Β.</strong></span> <span class='ocrx_word' id='word_1_602' title='bbox 2135 3536 2507 3609; x_wconf 82' lang='lat' dir='ltr'><strong>Nequaquam.</strong></span> <span class='ocrx_word' id='word_1_603' title='bbox 2543 3541 2808 3600; x_wconf 80' lang='lat' dir='ltr'><strong>Existimo</strong></span> <span class='ocrx_word' id='word_1_604' title='bbox 2838 3546 2981 3600; x_wconf 89' lang='lat' dir='ltr'><strong>enim</strong></span> <span class='ocrx_word' id='word_1_605' title='bbox 3007 3556 3259 3616; x_wconf 88' lang='lat' dir='ltr'><strong>oportere</strong></span> <span class='ocrx_word' id='word_1_606' title='bbox 3287 3563 3463 3619; x_wconf 89' lang='lat' dir='ltr'><strong>neque</strong></span> <span class='ocrx_word' id='word_1_607' title='bbox 3488 3550 3542 3606; x_wconf 92' lang='lat' dir='ltr'><strong>in</strong></span> 
     </span>
    </p>
   </div>
   <div class='ocr_carea' id='block_1_81' title="bbox 1960 3627 3540 3706">
    <p class='ocr_par' dir='ltr' id='par_1_81' title="bbox 1960 3627 3540 3706">
     <span class='ocr_line' id='line_1_82' title="bbox 1960 3627 3540 3706; baseline 0.011 -27"><span class='ocrx_word' id='word_1_608' title='bbox 1960 3627 2271 3685; x_wconf 86' lang='lat' dir='ltr'><strong>universum</strong></span> <span class='ocrx_word' id='word_1_609' title='bbox 2300 3632 2652 3688; x_wconf 87' lang='lat' dir='ltr'><strong>humanitatis</strong></span> <span class='ocrx_word' id='word_1_610' title='bbox 2679 3638 3105 3705; x_wconf 87' lang='lat' dir='ltr'><strong>proprietatibus</strong></span> <span class='ocrx_word' id='word_1_611' title='bbox 3147 3640 3362 3706; x_wconf 86' lang='lat' dir='ltr'><strong>privare</strong></span> <span class='ocrx_word' id='word_1_612' title='bbox 3405 3641 3540 3695; x_wconf 85' lang='lat' dir='ltr'><strong>Ver-</strong></span> 
     </span>
    </p>
   </div>
   <div class='ocr_carea' id='block_1_82' title="bbox 1958 3718 3545 3801">
    <p class='ocr_par' dir='ltr' id='par_1_82' title="bbox 1958 3718 3545 3801">
     <span class='ocr_line' id='line_1_83' title="bbox 1958 3718 3545 3801; baseline 0.009 -30"><span class='ocrx_word' id='word_1_613' title='bbox 1958 3718 2083 3772; x_wconf 89' lang='lat' dir='ltr'><strong>bum</strong></span> <span class='ocrx_word' id='word_1_614' title='bbox 2123 3733 2188 3774; x_wconf 83' lang='lat' dir='ltr'><strong>ex</strong></span> <span class='ocrx_word' id='word_1_615' title='bbox 2226 3721 2362 3784; x_wconf 88' lang='lat' dir='ltr'><strong>Deo,</strong></span> <span class='ocrx_word' id='word_1_616' title='bbox 2401 3733 2687 3792; x_wconf 88' lang='lat' dir='ltr'><strong>postquam</strong></span> <span class='ocrx_word' id='word_1_617' title='bbox 2732 3738 2957 3780; x_wconf 79' lang='lat' dir='ltr'><strong>carnem</strong></span> <span class='ocrx_word' id='word_1_618' title='bbox 2997 3729 3332 3798; x_wconf 86' lang='lat' dir='ltr'><strong>assumpsit:</strong></span> <span class='ocrx_word' id='word_1_619' title='bbox 3369 3746 3545 3801; x_wconf 85' lang='lat' dir='ltr'><strong>neque</strong></span> 
     </span>
    </p>
   </div>
   <div class='ocr_carea' id='block_1_83' title="bbox 1960 3809 3542 3886">
    <p class='ocr_par' dir='ltr' id='par_1_83' title="bbox 1960 3809 3542 3886">
     <span class='ocr_line' id='line_1_84' title="bbox 1960 3809 3542 3886; baseline 0.006 -24"><span class='ocrx_word' id='word_1_620' title='bbox 1960 3823 2149 3864; x_wconf 88' lang='lat' dir='ltr'><strong>rursus</strong></span> <span class='ocrx_word' id='word_1_621' title='bbox 2196 3809 2589 3865; x_wconf 86' lang='lat' dir='ltr'><strong>humanitatem</strong></span> <span class='ocrx_word' id='word_1_622' title='bbox 2639 3814 2818 3867; x_wconf 87' lang='lat' dir='ltr'><strong>divina</strong></span> <span class='ocrx_word' id='word_1_623' title='bbox 2872 3815 3041 3885; x_wconf 81' lang='lat' dir='ltr'><strong>gloria</strong></span> <span class='ocrx_word' id='word_1_624' title='bbox 3088 3816 3345 3886; x_wconf 89' lang='lat' dir='ltr'><strong>spoliare,</strong></span> <span class='ocrx_word' id='word_1_625' title='bbox 3401 3820 3446 3872; x_wconf 90' lang='lat' dir='ltr'><strong>si</strong></span> <span class='ocrx_word' id='word_1_626' title='bbox 3486 3818 3542 3873; x_wconf 91' lang='lat' dir='ltr'><strong>in</strong></span> 
     </span>
    </p>
   </div>
   <div class='ocr_carea' id='block_1_84' title="bbox 1957 3904 3533 3974">
    <p class='ocr_par' dir='ltr' id='par_1_84' title="bbox 1957 3904 3533 3974">
     <span class='ocr_line' id='line_1_85' title="bbox 1957 3904 3533 3974; baseline 0.006 -15"><span class='ocrx_word' id='word_1_627' title='bbox 1957 3905 2173 3960; x_wconf 79' lang='lat' dir='ltr'><strong>Christo</strong></span> <span class='ocrx_word' id='word_1_628' title='bbox 2202 3904 2534 3974; x_wconf 79' lang='lat' dir='ltr'><strong>intelligatur</strong></span> <span class='ocrx_word' id='word_1_629' title='bbox 2564 3917 2617 3961; x_wconf 90' lang='lat' dir='ltr'><strong>et</strong></span> <span class='ocrx_word' id='word_1_630' title='bbox 2650 3908 2881 3963; x_wconf 88' lang='lat' dir='ltr'><strong>dicatur.</strong></span> <span class='ocrx_word' id='word_1_631' title='bbox 2911 3914 2984 3964; x_wconf 86' lang='lat' dir='ltr'><strong>At</strong></span> <span class='ocrx_word' id='word_1_632' title='bbox 3023 3910 3208 3965; x_wconf 89' lang='lat' dir='ltr'><strong>dicunt</strong></span> <span class='ocrx_word' id='word_1_633' title='bbox 3243 3911 3489 3967; x_wconf 90' lang='lat' dir='ltr'><strong>nonnulli</strong></span> <span class='ocrx_word' id='word_1_634' title='bbox 3518 3934 3533 3967; x_wconf 88' lang='lat'><strong>:</strong></span> 
     </span>
    </p>
   </div>
   <div class='ocr_carea' id='block_1_85' title="bbox 1958 3997 3543 4065">
    <p class='ocr_par' dir='ltr' id='par_1_85' title="bbox 1958 3997 3543 4065">
     <span class='ocr_line' id='line_1_86' title="bbox 1958 3997 3543 4065; baseline 0.003 -12"><span class='ocrx_word' id='word_1_635' title='bbox 1958 3999 2219 4065; x_wconf 80' lang='lat' dir='ltr'><strong>Quisnam</strong></span> <span class='ocrx_word' id='word_1_636' title='bbox 2256 4014 2379 4051; x_wconf 89' lang='lat' dir='ltr'><strong>vere</strong></span> <span class='ocrx_word' id='word_1_637' title='bbox 2410 4008 2491 4051; x_wconf 83' lang='lat' dir='ltr'><strong>est</strong></span> <span class='ocrx_word' id='word_1_638' title='bbox 2513 3997 2672 4055; x_wconf 81' lang='lat' dir='ltr'><strong>Jesus</strong></span> <span class='ocrx_word' id='word_1_639' title='bbox 2698 4001 2988 4055; x_wconf 85' lang='lat' dir='ltr'><strong>Christus?</strong></span> <span class='ocrx_word' id='word_1_640' title='bbox 3029 4001 3274 4057; x_wconf 77' lang='lat' dir='ltr'><strong>llomonc</strong></span> <span class='ocrx_word' id='word_1_641' title='bbox 3308 4019 3377 4058; x_wconf 82' lang='lat' dir='ltr'><strong>ex</strong></span> <span class='ocrx_word' id='word_1_642' title='bbox 3421 4022 3543 4058; x_wconf 89' lang='lat' dir='ltr'><strong>mu-</strong></span> 
     </span>
    </p>
   </div>
   <div class='ocr_carea' id='block_1_86' title="bbox 1957 4091 2956 4159">
    <p class='ocr_par' dir='ltr' id='par_1_86' title="bbox 1957 4091 2956 4159">
     <span class='ocr_line' id='line_1_87' title="bbox 1957 4091 2956 4159; baseline -0.001 -11"><span class='ocrx_word' id='word_1_643' title='bbox 1957 4093 2090 4149; x_wconf 85' lang='lat' dir='ltr'><strong>liere</strong></span> <span class='ocrx_word' id='word_1_644' title='bbox 2125 4103 2306 4159; x_wconf 86' lang='lat' dir='ltr'><strong>natus,</strong></span> <span class='ocrx_word' id='word_1_645' title='bbox 2335 4107 2402 4146; x_wconf 87' lang='lat' dir='ltr'><strong>an</strong></span> <span class='ocrx_word' id='word_1_646' title='bbox 2432 4091 2663 4147; x_wconf 87' lang='lat' dir='ltr'><strong>Verbum</strong></span> <span class='ocrx_word' id='word_1_647' title='bbox 2696 4108 2760 4148; x_wconf 78' lang='lat' dir='ltr'><strong>ex</strong></span> <span class='ocrx_word' id='word_1_648' title='bbox 2805 4093 2956 4149; x_wconf 88' lang='lat' dir='ltr'><strong>Deo?</strong></span> 
     </span>
    </p>
   </div>
   <div class='ocr_carea' id='block_1_87' title="bbox 2026 4183 3545 4257">
    <p class='ocr_par' dir='ltr' id='par_1_87' title="bbox 2026 4183 3545 4257">
     <span class='ocr_line' id='line_1_88' title="bbox 2026 4183 3545 4257; baseline 0.003 -18"><span class='ocrx_word' id='word_1_649' title='bbox 2026 4185 2093 4241; x_wconf 76' lang='grc' dir='ltr'><strong>Α.</strong></span> <span class='ocrx_word' id='word_1_650' title='bbox 2138 4185 2346 4241; x_wconf 89' lang='lat' dir='ltr'><strong>Stolida</strong></span> <span class='ocrx_word' id='word_1_651' title='bbox 2382 4183 2627 4254; x_wconf 74' lang='lat' dir='ltr'><strong>profecto</strong></span> <span class='ocrx_word' id='word_1_652' title='bbox 2671 4200 2756 4240; x_wconf 90' lang='lat' dir='ltr'><strong>res</strong></span> <span class='ocrx_word' id='word_1_653' title='bbox 2797 4197 2880 4240; x_wconf 88' lang='lat' dir='ltr'><strong>est</strong></span> <span class='ocrx_word' id='word_1_654' title='bbox 2914 4187 2977 4240; x_wconf 88' lang='lat' dir='ltr'><strong>de</strong></span> <span class='ocrx_word' id='word_1_655' title='bbox 3006 4187 3166 4241; x_wconf 83' lang='lat' dir='ltr'><strong>rebus</strong></span> <span class='ocrx_word' id='word_1_656' title='bbox 3191 4189 3545 4257; x_wconf 83' lang='lat' dir='ltr'><strong>supervacuis</strong></span> 
     </span>
    </p>
   </div>
   <div class='ocr_carea' id='block_1_88' title="bbox 1956 4276 3543 4346">
    <p class='ocr_par' dir='ltr' id='par_1_88' title="bbox 1956 4276 3543 4346">
     <span class='ocr_line' id='line_1_89' title="bbox 1956 4276 3543 4346; baseline 0.003 -14"><span class='ocrx_word' id='word_1_657' title='bbox 1956 4278 2158 4332; x_wconf 88' lang='lat' dir='ltr'><strong>acriter</strong></span> <span class='ocrx_word' id='word_1_658' title='bbox 2191 4276 2555 4341; x_wconf 85' lang='lat' dir='ltr'><strong>contendere,</strong></span> <span class='ocrx_word' id='word_1_659' title='bbox 2596 4278 3001 4346; x_wconf 80' lang='lat' dir='ltr'><strong>nugacihusque</strong></span> <span class='ocrx_word' id='word_1_660' title='bbox 3048 4294 3110 4332; x_wconf 88' lang='lat' dir='ltr'><strong>ac</strong></span> <span class='ocrx_word' id='word_1_661' title='bbox 3150 4279 3302 4333; x_wconf 92' lang='lat' dir='ltr'><strong>vanis</strong></span> <span class='ocrx_word' id='word_1_662' title='bbox 3348 4280 3543 4336; x_wconf 81' lang='lat' dir='ltr'><strong>verbo--</strong></span> 
     </span>
    </p>
   </div>
   <div class='ocr_carea' id='block_1_89' title="bbox 1961 4366 3543 4439">
    <p class='ocr_par' dir='ltr' id='par_1_89' title="bbox 1961 4366 3543 4439">
     <span class='ocr_line' id='line_1_90' title="bbox 1961 4366 3543 4439; baseline 0.003 -18"><span class='ocrx_word' id='word_1_663' title='bbox 1961 4384 2078 4421; x_wconf 83' lang='lat' dir='ltr'><strong>runt</strong></span> <span class='ocrx_word' id='word_1_664' title='bbox 2112 4367 2435 4422; x_wconf 84' lang='lat' dir='ltr'><strong>commentis</strong></span> <span class='ocrx_word' id='word_1_665' title='bbox 2478 4366 2819 4431; x_wconf 87' lang='lat' dir='ltr'><strong>occlamare,</strong></span> <span class='ocrx_word' id='word_1_666' title='bbox 2876 4369 3003 4436; x_wconf 92' lang='lat' dir='ltr'><strong>quin</strong></span> <span class='ocrx_word' id='word_1_667' title='bbox 3046 4370 3225 4438; x_wconf 87' lang='lat' dir='ltr'><strong>potius</strong></span> <span class='ocrx_word' id='word_1_668' title='bbox 3270 4370 3543 4439; x_wconf 82' lang='lat' dir='ltr'><strong>periculo—</strong></span> 
     </span>
    </p>
   </div>
   <div class='ocr_carea' id='block_1_90' title="bbox 274 4442 1860 4529">
    <p class='ocr_par' dir='ltr' id='par_1_90' title="bbox 274 4454 1850 4527">
     <span class='ocr_line' id='line_1_91' title="bbox 274 4454 1850 4527; baseline 0.001 -17"><span class='ocrx_word' id='word_1_669' title='bbox 274 4459 350 4521; x_wconf 78' lang='grc' dir='ltr'><strong>είς</strong></span> <span class='ocrx_word' id='word_1_670' title='bbox 377 4459 470 4513; x_wconf 90' lang='grc' dir='ltr'><strong>δύο</strong></span> <span class='ocrx_word' id='word_1_671' title='bbox 498 4458 590 4511; x_wconf 72' lang='grc' dir='ltr'>καὶ</span> <span class='ocrx_word' id='word_1_672' title='bbox 636 4457 908 4527; x_wconf 80' lang='grc' dir='ltr'>ἀναμὲρος</span> <span class='ocrx_word' id='word_1_673' title='bbox 938 4456 1088 4525; x_wconf 79' lang='grc' dir='ltr'>ίστᾷν</span> <span class='ocrx_word' id='word_1_674' title='bbox 1137 4454 1423 4526; x_wconf 80' lang='grc' dir='ltr'>ἄνθρωπόν</span> <span class='ocrx_word' id='word_1_675' title='bbox 1450 4474 1508 4510; x_wconf 81' lang='grc' dir='ltr'><strong>τε</strong></span> <span class='ocrx_word' id='word_1_676' title='bbox 1538 4457 1631 4510; x_wconf 74' lang='grc' dir='ltr'>καὶ</span> <span class='ocrx_word' id='word_1_677' title='bbox 1657 4458 1850 4527; x_wconf 88' lang='grc' dir='ltr'>Λόγον,</span> 
     </span>
    </p>
   </div>
   <div class='ocr_carea' id='block_1_91' title="bbox 1966 4442 3544 4529">
    <p class='ocr_par' dir='ltr' id='par_1_91' title="bbox 1966 4459 3544 4529">
     <span class='ocr_line' id='line_1_92' title="bbox 1966 4459 3544 4529; baseline -0.001 -11"><span class='ocrx_word' id='word_1_678' title='bbox 1966 4476 2075 4519; x_wconf 77' lang='lat' dir='ltr'><strong>sum</strong></span> <span class='ocrx_word' id='word_1_679' title='bbox 2118 4461 2449 4529; x_wconf 74' lang='lat' dir='ltr'><strong>noxiumque</strong></span> <span class='ocrx_word' id='word_1_680' title='bbox 2488 4474 2609 4515; x_wconf 84' lang='lat' dir='ltr'><strong>esse</strong></span> <span class='ocrx_word' id='word_1_681' title='bbox 2651 4459 2964 4529; x_wconf 83' lang='lat' dir='ltr'><strong>judicarim,</strong></span> <span class='ocrx_word' id='word_1_682' title='bbox 3013 4476 3199 4518; x_wconf 87' lang='lat' dir='ltr'><strong>seeare</strong></span> <span class='ocrx_word' id='word_1_683' title='bbox 3246 4464 3298 4518; x_wconf 93' lang='lat' dir='ltr'><strong>in</strong></span> <span class='ocrx_word' id='word_1_684' title='bbox 3342 4465 3448 4519; x_wconf 92' lang='lat' dir='ltr'><strong>duo</strong></span> <span class='ocrx_word' id='word_1_685' title='bbox 3487 4476 3544 4520; x_wconf 82' lang='lat' dir='ltr'><strong>et</strong></span> 
     </span>
    </p>
   </div>
   <div class='ocr_carea' id='block_1_92' title="bbox 271 4546 1853 4619">
    <p class='ocr_par' dir='ltr' id='par_1_92' title="bbox 271 4546 1853 4619">
     <span class='ocr_line' id='line_1_93' title="bbox 271 4546 1853 4619; baseline 0 -16"><span class='ocrx_word' id='word_1_686' title='bbox 271 4551 369 4603; x_wconf 69' lang='grc' dir='ltr'>οὑκ</span> <span class='ocrx_word' id='word_1_687' title='bbox 419 4550 753 4619; x_wconf 78' lang='grc' dir='ltr'>ἀνεχομένης</span> <span class='ocrx_word' id='word_1_688' title='bbox 803 4548 901 4616; x_wconf 77' lang='grc' dir='ltr'>τῆς</span> <span class='ocrx_word' id='word_1_689' title='bbox 949 4546 1279 4617; x_wconf 81' lang='grc' dir='ltr'>οἰκονομίας,</span> <span class='ocrx_word' id='word_1_690' title='bbox 1328 4548 1421 4602; x_wconf 75' lang='grc' dir='ltr'>καὶ</span> <span class='ocrx_word' id='word_1_691' title='bbox 1474 4548 1706 4619; x_wconf 71' lang='grc' dir='ltr'>Χριστὸν</span> <span class='ocrx_word' id='word_1_692' title='bbox 1756 4550 1853 4603; x_wconf 74' lang='grc' dir='ltr'><strong>ἕνα</strong></span> 
     </span>
    </p>
   </div>
   <div class='ocr_carea' id='block_1_93' title="bbox 276 4638 1852 4711">
    <p class='ocr_par' dir='ltr' id='par_1_93' title="bbox 276 4638 1852 4711">
     <span class='ocr_line' id='line_1_94' title="bbox 276 4638 1852 4711; baseline -0.001 -17"><span class='ocrx_word' id='word_1_693' title='bbox 276 4641 484 4711; x_wconf 76' lang='grc' dir='ltr'>βοιίισης</span> <span class='ocrx_word' id='word_1_694' title='bbox 512 4640 610 4709; x_wconf 78' lang='grc' dir='ltr'>τῆς</span> <span class='ocrx_word' id='word_1_695' title='bbox 646 4640 1000 4694; x_wconf 78' lang='grc' dir='ltr'>θεοπνεύστου</span> <span class='ocrx_word' id='word_1_696' title='bbox 1030 4638 1273 4709; x_wconf 79' lang='grc' dir='ltr'>Γραφῆς.</span> <span class='ocrx_word' id='word_1_697' title='bbox 1304 4640 1515 4709; x_wconf 78' lang='grc' dir='ltr'>Χρῆναι</span> <span class='ocrx_word' id='word_1_698' title='bbox 1545 4639 1654 4708; x_wconf 84' lang='grc' dir='ltr'>γὰρ</span> <span class='ocrx_word' id='word_1_699' title='bbox 1677 4638 1852 4707; x_wconf 75' lang='grc' dir='ltr'>ἔγωγέ</span> 
     </span>
    </p>
   </div>
   <div class='ocr_carea' id='block_1_94' title="bbox 272 4730 1851 4804">
    <p class='ocr_par' dir='ltr' id='par_1_94' title="bbox 272 4730 1851 4804">
     <span class='ocr_line' id='line_1_95' title="bbox 272 4730 1851 4804; baseline -0.003 -18"><span class='ocrx_word' id='word_1_700' title='bbox 272 4750 433 4804; x_wconf 82' lang='grc' dir='ltr'>φημι,</span> <span class='ocrx_word' id='word_1_701' title='bbox 473 4734 611 4802; x_wconf 82' lang='grc' dir='ltr'>μήτε</span> <span class='ocrx_word' id='word_1_702' title='bbox 647 4732 740 4786; x_wconf 78' lang='grc' dir='ltr'><strong>τὸν</strong></span> <span class='ocrx_word' id='word_1_703' title='bbox 784 4735 849 4785; x_wconf 82' lang='grc' dir='ltr'><strong>ἐκ</strong></span> <span class='ocrx_word' id='word_1_704' title='bbox 887 4731 1023 4785; x_wconf 74' lang='grc' dir='ltr'>Θεοῦ</span> <span class='ocrx_word' id='word_1_705' title='bbox 1053 4731 1225 4802; x_wconf 83' lang='grc' dir='ltr'>Λόγον</span> <span class='ocrx_word' id='word_1_706' title='bbox 1257 4730 1677 4801; x_wconf 81' lang='grc' dir='ltr'>ἁνθρωπότητος</span> <span class='ocrx_word' id='word_1_707' title='bbox 1706 4730 1851 4800; x_wconf 79' lang='grc' dir='ltr'>δίχα,</span> 
     </span>
    </p>
   </div>
   <div class='ocr_carea' id='block_1_95' title="bbox 275 4821 1858 4896">
    <p class='ocr_par' dir='ltr' id='par_1_95' title="bbox 275 4821 1858 4896">
     <span class='ocr_line' id='line_1_96' title="bbox 275 4821 1858 4896; baseline 0 -18"><span class='ocrx_word' id='word_1_708' title='bbox 275 4828 409 4896; x_wconf 74' lang='grc' dir='ltr'>μήτε</span> <span class='ocrx_word' id='word_1_709' title='bbox 432 4824 522 4878; x_wconf 75' lang='grc' dir='ltr'>τὸν</span> <span class='ocrx_word' id='word_1_710' title='bbox 545 4826 608 4877; x_wconf 81' lang='grc' dir='ltr'>ὲκ</span> <span class='ocrx_word' id='word_1_711' title='bbox 630 4824 884 4891; x_wconf 70' lang='grc' dir='ltr'>γυναικὸς</span> <span class='ocrx_word' id='word_1_712' title='bbox 908 4824 1278 4892; x_wconf 80' lang='grc' dir='ltr'>ἁποτεχθέντα</span> <span class='ocrx_word' id='word_1_713' title='bbox 1307 4822 1456 4885; x_wconf 75' lang='grc' dir='ltr'>ναὸν,</span> <span class='ocrx_word' id='word_1_714' title='bbox 1471 4822 1569 4892; x_wconf 76' lang='grc' dir='ltr'><strong>οὐχ</strong></span> <span class='ocrx_word' id='word_1_715' title='bbox 1590 4821 1858 4878; x_wconf 61' lang='grc' dir='ltr'>ξενωθέντα</span> 
     </span>
    </p>
   </div>
   <div class='ocr_carea' id='block_1_96' title="bbox 268 4915 1859 4989">
    <p class='ocr_par' dir='ltr' id='par_1_96' title="bbox 268 4915 1859 4989">
     <span class='ocr_line' id='line_1_97' title="bbox 268 4915 1859 4989; baseline -0.001 -18"><span class='ocrx_word' id='word_1_716' title='bbox 268 4917 346 4987; x_wconf 84' lang='grc' dir='ltr'>τῷ</span> <span class='ocrx_word' id='word_1_717' title='bbox 362 4918 540 4987; x_wconf 83' lang='grc' dir='ltr'>Λόγῳ,</span> <span class='ocrx_word' id='word_1_718' title='bbox 561 4917 796 4989; x_wconf 78' lang='grc' dir='ltr'>Χριστὸν</span> <span class='ocrx_word' id='word_1_719' title='bbox 820 4915 1027 4988; x_wconf 76' lang='grc' dir='ltr'>Ἰησοῦν</span> <span class='ocrx_word' id='word_1_720' title='bbox 1049 4916 1434 4987; x_wconf 71' lang='grc' dir='ltr'>ὀνομάζεσθαι.</span> <span class='ocrx_word' id='word_1_721' title='bbox 1454 4915 1859 4987; x_wconf 70' lang='grc' dir='ltr'>Ἀνθρωπότητι</span> 
     </span>
    </p>
   </div>
   <div class='ocr_carea' id='block_1_97' title="bbox 271 5008 1861 5081">
    <p class='ocr_par' dir='ltr' id='par_1_97' title="bbox 271 5008 1861 5081">
     <span class='ocr_line' id='line_1_98' title="bbox 271 5008 1861 5081; baseline 0.001 -20"><span class='ocrx_word' id='word_1_722' title='bbox 271 5009 378 5080; x_wconf 76' lang='grc' dir='ltr'>γὰρ</span> <span class='ocrx_word' id='word_1_723' title='bbox 402 5009 523 5061; x_wconf 79' lang='grc' dir='ltr'>καθ’</span> <span class='ocrx_word' id='word_1_724' title='bbox 542 5009 735 5063; x_wconf 66' lang='grc' dir='ltr'>ἕνωσιν</span> <span class='ocrx_word' id='word_1_725' title='bbox 755 5008 1104 5078; x_wconf 71' lang='grc' dir='ltr'>οἰκονομικὴν</span> <span class='ocrx_word' id='word_1_726' title='bbox 1122 5009 1451 5081; x_wconf 69' lang='grc' dir='ltr'>ἀπορρήτως</span> <span class='ocrx_word' id='word_1_727' title='bbox 1473 5008 1861 5078; x_wconf 73' lang='grc' dir='ltr'>συνενηνεγμέ-</span> 
     </span>
    </p>
   </div>
   <div class='ocr_carea' id='block_1_98' title="bbox 269 5080 1860 5170">
    <p class='ocr_par' dir='ltr' id='par_1_98' title="bbox 269 5080 1860 5170">
     <span class='ocr_line' id='line_1_99' title="bbox 269 5080 1860 5170; baseline -0.001 -17"><span class='ocrx_word' id='word_1_728' title='bbox 269 5117 357 5162; x_wconf 84' lang='grc' dir='ltr'><strong>νος</strong></span> <span class='ocrx_word' id='word_1_729' title='bbox 396 5103 424 5154; x_wconf 89' lang='lat'><strong>6</strong></span> <span class='ocrx_word' id='word_1_730' title='bbox 467 5102 531 5153; x_wconf 83' lang='grc' dir='ltr'>ὲκ</span> <span class='ocrx_word' id='word_1_731' title='bbox 573 5080 709 5155; x_wconf 67' lang='grc' dir='ltr'>ῧεοῦ</span> <span class='ocrx_word' id='word_1_732' title='bbox 751 5101 923 5169; x_wconf 87' lang='grc' dir='ltr'>Λόγος</span> <span class='ocrx_word' id='word_1_733' title='bbox 951 5102 1152 5153; x_wconf 79' lang='grc' dir='ltr'>νοεῖται</span> <span class='ocrx_word' id='word_1_734' title='bbox 1186 5080 1439 5170; x_wconf 76' lang='grc' dir='ltr'>Χριστὸς,</span> <span class='ocrx_word' id='word_1_735' title='bbox 1471 5099 1731 5169; x_wconf 83' lang='grc' dir='ltr'>ἀνωτέρω</span> <span class='ocrx_word' id='word_1_736' title='bbox 1763 5100 1860 5170; x_wconf 81' lang='grc' dir='ltr'>μὲν</span> 
     </span>
    </p>
   </div>
   <div class='ocr_carea' id='block_1_99' title="bbox 270 5191 1855 5265">
    <p class='ocr_par' dir='ltr' id='par_1_99' title="bbox 270 5191 1855 5265">
     <span class='ocr_line' id='line_1_100' title="bbox 270 5191 1855 5265; baseline 0 -19"><span class='ocrx_word' id='word_1_737' title='bbox 270 5194 705 5265; x_wconf 72' lang='grc' dir='ltr'>ἀνθρωπότητος,</span> <span class='ocrx_word' id='word_1_738' title='bbox 736 5194 810 5258; x_wconf 79' lang='grc' dir='ltr'><strong>ὡς</strong></span> <span class='ocrx_word' id='word_1_739' title='bbox 841 5192 1002 5264; x_wconf 77' lang='grc' dir='ltr'>φύσει</span> <span class='ocrx_word' id='word_1_740' title='bbox 1028 5192 1160 5257; x_wconf 75' lang='grc' dir='ltr'>Θεὸς</span> <span class='ocrx_word' id='word_1_741' title='bbox 1190 5193 1283 5245; x_wconf 82' lang='grc' dir='ltr'>καὶ</span> <span class='ocrx_word' id='word_1_742' title='bbox 1314 5191 1461 5255; x_wconf 70' lang='grc' dir='ltr'>Υἱὸς,</span> <span class='ocrx_word' id='word_1_743' title='bbox 1492 5192 1773 5262; x_wconf 74' lang='grc' dir='ltr'>ὑῳιςάνων</span> <span class='ocrx_word' id='word_1_744' title='bbox 1798 5192 1855 5246; x_wconf 77' lang='grc' dir='ltr'>δέ</span> 
     </span>
    </p>
   </div>
   <div class='ocr_carea' id='block_1_100' title="bbox 268 5281 1851 5355">
    <p class='ocr_par' dir='ltr' id='par_1_100' title="bbox 268 5281 1851 5355">
     <span class='ocr_line' id='line_1_101' title="bbox 268 5281 1851 5355; baseline -0.001 -20"><span class='ocrx_word' id='word_1_745' title='bbox 268 5300 319 5335; x_wconf 84' lang='grc' dir='ltr'><strong>τι</strong></span> <span class='ocrx_word' id='word_1_746' title='bbox 371 5283 547 5353; x_wconf 72' lang='grc' dir='ltr'>βραχὺ</span> <span class='ocrx_word' id='word_1_747' title='bbox 596 5283 694 5337; x_wconf 81' lang='grc' dir='ltr'><strong>τοῦ</strong></span> <span class='ocrx_word' id='word_1_748' title='bbox 738 5286 795 5338; x_wconf 72' lang='grc' dir='ltr'><strong>ιν</strong></span> <span class='ocrx_word' id='word_1_749' title='bbox 845 5284 977 5355; x_wconf 73' lang='grc' dir='ltr'>δόξῃ</span> <span class='ocrx_word' id='word_1_750' title='bbox 1018 5281 1375 5354; x_wconf 73' lang='grc' dir='ltr'>θεοπρεποῦς,</span> <span class='ocrx_word' id='word_1_751' title='bbox 1424 5281 1498 5345; x_wconf 79' lang='grc' dir='ltr'>ὡς</span> <span class='ocrx_word' id='word_1_752' title='bbox 1546 5282 1851 5353; x_wconf 77' lang='grc' dir='ltr'>ἄνθρωπος.</span> 
     </span>
    </p>
   </div>
   <div class='ocr_carea' id='block_1_101' title="bbox 270 5374 1854 5448">
    <p class='ocr_par' dir='ltr' id='par_1_101' title="bbox 270 5374 1854 5448">
     <span class='ocr_line' id='line_1_102' title="bbox 270 5374 1854 5448; baseline -0.001 -19"><span class='ocrx_word' id='word_1_753' title='bbox 270 5376 579 5448; x_wconf 75' lang='grc' dir='ltr'>Τοιγάρτοι,</span> <span class='ocrx_word' id='word_1_754' title='bbox 611 5377 741 5430; x_wconf 74' lang='grc' dir='ltr'>ποτὶ</span> <span class='ocrx_word' id='word_1_755' title='bbox 795 5378 892 5447; x_wconf 68' lang='grc' dir='ltr'><strong>μὲν</strong></span> <span class='ocrx_word' id='word_1_756' title='bbox 950 5378 1187 5448; x_wconf 72' lang='grc' dir='ltr'>εφασκεν</span> <span class='ocrx_word' id='word_1_757' title='bbox 1218 5393 1231 5407; x_wconf 92' lang='grc'><strong>·</strong></span> <span class='ocrx_word' id='word_1_758' title='bbox 1262 5376 1362 5429; x_wconf 77' lang='grc' dir='ltr'><strong>«Ὅ</strong></span> <span class='ocrx_word' id='word_1_759' title='bbox 1412 5374 1675 5446; x_wconf 67' lang='grc' dir='ltr'>ἑωρακὼς</span> <span class='ocrx_word' id='word_1_760' title='bbox 1733 5374 1854 5443; x_wconf 68' lang='grc' dir='ltr'><strong>ὲμᾶ,</strong></span> 
     </span>
    </p>
   </div>
   <div class='ocr_carea' id='block_1_102' title="bbox 268 5468 1849 5541">
    <p class='ocr_par' dir='ltr' id='par_1_102' title="bbox 268 5468 1849 5541">
     <span class='ocr_line' id='line_1_103' title="bbox 268 5468 1849 5541; baseline -0.002 -20"><span class='ocrx_word' id='word_1_761' title='bbox 268 5468 481 5538; x_wconf 67' lang='grc' dir='ltr'>ἑώρακε</span> <span class='ocrx_word' id='word_1_762' title='bbox 513 5468 604 5522; x_wconf 78' lang='grc' dir='ltr'><strong>τὸν</strong></span> <span class='ocrx_word' id='word_1_763' title='bbox 636 5469 1039 5541; x_wconf 79' lang='grc' dir='ltr'>Πατέρα.Ἑγὼ</span> <span class='ocrx_word' id='word_1_764' title='bbox 1082 5470 1174 5521; x_wconf 73' lang='grc' dir='ltr'><strong>καὶ</strong></span> <span class='ocrx_word' id='word_1_765' title='bbox 1201 5472 1229 5523; x_wconf 90' lang='lat'><strong>6</strong></span> <span class='ocrx_word' id='word_1_766' title='bbox 1260 5468 1447 5541; x_wconf 79' lang='grc' dir='ltr'>Πατὴρ</span> <span class='ocrx_word' id='word_1_767' title='bbox 1485 5469 1544 5521; x_wconf 74' lang='grc' dir='ltr'>ἓν</span> <span class='ocrx_word' id='word_1_768' title='bbox 1592 5468 1758 5536; x_wconf 67' lang='grc' dir='ltr'>ἐσμεν</span> <span class='ocrx_word' id='word_1_769' title='bbox 1784 5486 1795 5496; x_wconf 67' lang='grc' dir='ltr'>θ</span> <span class='ocrx_word' id='word_1_770' title='bbox 1832 5488 1849 5517; x_wconf 74' lang='grc' dir='ltr'><strong>ι</strong></span> 
     </span>
    </p>
   </div>
   <div class='ocr_carea' id='block_1_103' title="bbox 266 5558 1851 5631">
    <p class='ocr_par' dir='ltr' id='par_1_103' title="bbox 266 5558 1851 5631">
     <span class='ocr_line' id='line_1_104' title="bbox 266 5558 1851 5631; baseline -0.001 -18"><span class='ocrx_word' id='word_1_771' title='bbox 266 5560 356 5615; x_wconf 67' lang='grc' dir='ltr'>ὸτίε</span> <span class='ocrx_word' id='word_1_772' title='bbox 387 5564 443 5617; x_wconf 79' lang='grc' dir='ltr'>δὲ</span> <span class='ocrx_word' id='word_1_773' title='bbox 473 5561 539 5619; x_wconf 80' lang='grc' dir='ltr'><strong>αὖ</strong></span> <span class='ocrx_word' id='word_1_774' title='bbox 578 5562 738 5615; x_wconf 82' lang='grc' dir='ltr'>πάλιν</span> <span class='ocrx_word' id='word_1_775' title='bbox 759 5579 774 5593; x_wconf 75' lang='grc' dir='ltr'><strong><em>ο</em></strong></span> <span class='ocrx_word' id='word_1_776' title='bbox 811 5582 828 5613; x_wconf 86' lang='grc'><strong>‹</strong></span> <span class='ocrx_word' id='word_1_777' title='bbox 851 5563 908 5614; x_wconf 87' lang='grc'><strong>’0</strong></span> <span class='ocrx_word' id='word_1_778' title='bbox 939 5563 1125 5631; x_wconf 73' lang='grc' dir='ltr'>Πατήρ</span> <span class='ocrx_word' id='word_1_779' title='bbox 1158 5577 1257 5630; x_wconf 75' lang='grc' dir='ltr'><strong>μου</strong></span> <span class='ocrx_word' id='word_1_780' title='bbox 1288 5558 1487 5629; x_wconf 77' lang='grc' dir='ltr'>μείζων</span> <span class='ocrx_word' id='word_1_781' title='bbox 1522 5558 1622 5629; x_wconf 85' lang='grc' dir='ltr'><strong>μού</strong></span> <span class='ocrx_word' id='word_1_782' title='bbox 1651 5560 1851 5611; x_wconf 46' lang='grc' dir='ltr'>ἐστιν»</span> 
     </span>
    </p>
   </div>
   <div class='ocr_carea' id='block_1_104' title="bbox 342 5736 1388 5801">
    <p class='ocr_par' dir='ltr' id='par_1_104' title="bbox 342 5736 1388 5801">
     <span class='ocr_line' id='line_1_105' title="bbox 342 5736 1388 5801; baseline -0.004 -7"><span class='ocrx_word' id='word_1_783' title='bbox 342 5738 426 5793; x_wconf 78' lang='grc'><strong>⁸⁷1</strong></span> <span class='ocrx_word' id='word_1_784' title='bbox 460 5740 582 5794; x_wconf 82' lang='lat' dir='ltr'><strong>Cor.</strong></span> <span class='ocrx_word' id='word_1_785' title='bbox 615 5755 675 5801; x_wconf 89' lang='lat' dir='ltr'><strong>ll,</strong></span> <span class='ocrx_word' id='word_1_786' title='bbox 712 5738 823 5792; x_wconf 73' lang='lat'><strong>6—8.</strong></span> <span class='ocrx_word' id='word_1_787' title='bbox 904 5736 949 5768; x_wconf 78' lang='grc'><strong>⁸⁸</strong></span> <span class='ocrx_word' id='word_1_788' title='bbox 976 5737 1140 5791; x_wconf 72' lang='lat' dir='ltr'><strong>&quot;chr.</strong></span> <span class='ocrx_word' id='word_1_789' title='bbox 1181 5754 1216 5798; x_wconf 89' lang='grc' dir='ltr'><strong>ι,</strong></span> <span class='ocrx_word' id='word_1_790' title='bbox 1255 5736 1306 5798; x_wconf 79' lang='grc'>5,</span> <span class='ocrx_word' id='word_1_791' title='bbox 1338 5739 1388 5790; x_wconf 66' lang='grc' dir='ltr'><strong>οἱ.</strong></span> 
     </span>
    </p>
   </div>
   <div class='ocr_carea' id='block_1_105' title="bbox 592 5830 1310 5895">
    <p class='ocr_par' dir='ltr' id='par_1_105' title="bbox 592 5830 1310 5895">
     <span class='ocr_line' id='line_1_106' title="bbox 592 5830 1310 5895; baseline -0.008 -4"><span class='ocrx_word' id='word_1_792' title='bbox 592 5834 862 5895; x_wconf 59' lang='lat' dir='ltr'><strong>Parnm,</strong></span> <span class='ocrx_word' id='word_1_793' title='bbox 911 5832 1030 5893; x_wconf 77' lang='lat' dir='ltr'><strong>(3n.</strong></span> <span class='ocrx_word' id='word_1_794' title='bbox 1068 5831 1160 5891; x_wconf 70' lang='lat' dir='ltr'><strong>LX</strong></span> <span class='ocrx_word' id='word_1_795' title='bbox 1186 5830 1310 5887; x_wconf 71' lang='lat' dir='ltr'><strong>XV.</strong></span> 
     </span>
    </p>
   </div>
   <div class='ocr_carea' id='block_1_106' title="bbox 1470 5736 1881 5803">
    <p class='ocr_par' dir='ltr' id='par_1_106' title="bbox 1470 5736 1881 5803">
     <span class='ocr_line' id='line_1_107' title="bbox 1470 5736 1881 5803; baseline 0.01 -15"><span class='ocrx_word' id='word_1_796' title='bbox 1470 5739 1514 5769; x_wconf 60' lang='grc' dir='ltr'><strong>δί’</strong></span> <span class='ocrx_word' id='word_1_797' title='bbox 1542 5736 1701 5791; x_wconf 82' lang='lat' dir='ltr'><strong>llebr.</strong></span> <span class='ocrx_word' id='word_1_798' title='bbox 1741 5753 1797 5803; x_wconf 89' lang='lat' dir='ltr'><strong>tt,</strong></span> <span class='ocrx_word' id='word_1_799' title='bbox 1829 5740 1881 5792; x_wconf 82' lang='lat'><strong>9.</strong></span> 
     </span>
    </p>
   </div>
   <div class='ocr_carea' id='block_1_107' title="bbox 1958 4553 3543 4624">
    <p class='ocr_par' dir='ltr' id='par_1_107' title="bbox 1958 4553 3543 4624">
     <span class='ocr_line' id='line_1_108' title="bbox 1958 4553 3543 4624; baseline 0.001 -14"><span class='ocrx_word' id='word_1_800' title='bbox 1958 4556 2247 4624; x_wconf 78' lang='lat' dir='ltr'><strong>separatim</strong></span> <span class='ocrx_word' id='word_1_801' title='bbox 2294 4562 2538 4609; x_wconf 85' lang='lat' dir='ltr'><strong>statuere</strong></span> <span class='ocrx_word' id='word_1_802' title='bbox 2576 4553 2847 4609; x_wconf 83' lang='lat' dir='ltr'><strong>hominem</strong></span> <span class='ocrx_word' id='word_1_803' title='bbox 2902 4564 2957 4607; x_wconf 88' lang='lat' dir='ltr'><strong>et</strong></span> <span class='ocrx_word' id='word_1_804' title='bbox 2988 4553 3219 4609; x_wconf 85' lang='lat' dir='ltr'><strong>Verbum</strong></span> <span class='ocrx_word' id='word_1_805' title='bbox 3242 4594 3258 4621; x_wconf 88' lang='lat'><strong>,</strong></span> <span class='ocrx_word' id='word_1_806' title='bbox 3297 4571 3417 4609; x_wconf 89' lang='lat' dir='ltr'><strong>cum</strong></span> <span class='ocrx_word' id='word_1_807' title='bbox 3454 4557 3543 4611; x_wconf 88' lang='lat' dir='ltr'><strong>in-</strong></span> 
     </span>
    </p>
   </div>
   <div class='ocr_carea' id='block_1_108' title="bbox 1960 4644 3539 4715">
    <p class='ocr_par' dir='ltr' id='par_1_108' title="bbox 1960 4644 3539 4715">
     <span class='ocr_line' id='line_1_109' title="bbox 1960 4644 3539 4715; baseline 0.001 -16"><span class='ocrx_word' id='word_1_808' title='bbox 1960 4647 2295 4702; x_wconf 82' lang='lat' dir='ltr'><strong>carnationis</strong></span> <span class='ocrx_word' id='word_1_809' title='bbox 2333 4644 2470 4700; x_wconf 90' lang='lat' dir='ltr'><strong>ratio</strong></span> <span class='ocrx_word' id='word_1_810' title='bbox 2518 4645 2569 4698; x_wconf 90' lang='lat' dir='ltr'><strong>id</strong></span> <span class='ocrx_word' id='word_1_811' title='bbox 2617 4659 2721 4698; x_wconf 92' lang='lat' dir='ltr'><strong>non</strong></span> <span class='ocrx_word' id='word_1_812' title='bbox 2776 4646 3035 4713; x_wconf 85' lang='lat' dir='ltr'><strong>patiatur,</strong></span> <span class='ocrx_word' id='word_1_813' title='bbox 3092 4662 3326 4715; x_wconf 88' lang='lat' dir='ltr'><strong>cumque</strong></span> <span class='ocrx_word' id='word_1_814' title='bbox 3380 4661 3539 4703; x_wconf 87' lang='lat' dir='ltr'><strong>sacra</strong></span> 
     </span>
    </p>
   </div>
   <div class='ocr_carea' id='block_1_109' title="bbox 1964 4734 3537 4809">
    <p class='ocr_par' dir='ltr' id='par_1_109' title="bbox 1964 4734 3537 4809">
     <span class='ocr_line' id='line_1_110' title="bbox 1964 4734 3537 4809; baseline 0 -16"><span class='ocrx_word' id='word_1_815' title='bbox 1964 4736 2241 4806; x_wconf 77' lang='lat' dir='ltr'><strong>Scriptura</strong></span> <span class='ocrx_word' id='word_1_816' title='bbox 2274 4752 2439 4792; x_wconf 88' lang='lat' dir='ltr'><strong>unum</strong></span> <span class='ocrx_word' id='word_1_817' title='bbox 2477 4749 2601 4791; x_wconf 86' lang='lat' dir='ltr'><strong>csse</strong></span> <span class='ocrx_word' id='word_1_818' title='bbox 2637 4734 2913 4791; x_wconf 85' lang='lat' dir='ltr'><strong>Christum</strong></span> <span class='ocrx_word' id='word_1_819' title='bbox 2944 4738 3221 4806; x_wconf 79' lang='lat' dir='ltr'><strong>praedicet.</strong></span> <span class='ocrx_word' id='word_1_820' title='bbox 3252 4738 3365 4809; x_wconf 76' lang='lat' dir='ltr'><strong>Ego</strong></span> <span class='ocrx_word' id='word_1_821' title='bbox 3394 4740 3537 4793; x_wconf 89' lang='lat' dir='ltr'><strong>enim</strong></span> 
     </span>
    </p>
   </div>
   <div class='ocr_carea' id='block_1_110' title="bbox 1960 4827 3540 4899">
    <p class='ocr_par' dir='ltr' id='par_1_110' title="bbox 1960 4827 3540 4899">
     <span class='ocr_line' id='line_1_111' title="bbox 1960 4827 3540 4899; baseline 0.003 -19"><span class='ocrx_word' id='word_1_822' title='bbox 1960 4828 2033 4881; x_wconf 91' lang='lat' dir='ltr'><strong>ita</strong></span> <span class='ocrx_word' id='word_1_823' title='bbox 2065 4837 2247 4883; x_wconf 77' lang='lat' dir='ltr'><strong>statuo</strong></span> <span class='ocrx_word' id='word_1_824' title='bbox 2274 4836 2564 4893; x_wconf 88' lang='lat' dir='ltr'><strong>oportere,</strong></span> <span class='ocrx_word' id='word_1_825' title='bbox 2598 4841 2772 4895; x_wconf 84' lang='lat' dir='ltr'><strong>neque</strong></span> <span class='ocrx_word' id='word_1_826' title='bbox 2804 4827 3039 4884; x_wconf 79' lang='lat' dir='ltr'><strong>Verbum</strong></span> <span class='ocrx_word' id='word_1_827' title='bbox 3087 4843 3153 4884; x_wconf 70' lang='lat' dir='ltr'><strong>ex</strong></span> <span class='ocrx_word' id='word_1_828' title='bbox 3196 4829 3304 4884; x_wconf 92' lang='lat' dir='ltr'><strong>Deo</strong></span> <span class='ocrx_word' id='word_1_829' title='bbox 3334 4828 3540 4899; x_wconf 84' lang='lat' dir='ltr'><strong>absque</strong></span> 
     </span>
    </p>
   </div>
   <div class='ocr_carea' id='block_1_111' title="bbox 1957 4916 3536 4990">
    <p class='ocr_par' dir='ltr' id='par_1_111' title="bbox 1957 4916 3536 4990">
     <span class='ocr_line' id='line_1_112' title="bbox 1957 4916 3536 4990; baseline 0.001 -20"><span class='ocrx_word' id='word_1_830' title='bbox 1957 4916 2316 4981; x_wconf 78' lang='lat' dir='ltr'><strong>humanitate,</strong></span> <span class='ocrx_word' id='word_1_831' title='bbox 2348 4930 2521 4985; x_wconf 85' lang='lat' dir='ltr'><strong>neque</strong></span> <span class='ocrx_word' id='word_1_832' title='bbox 2542 4917 2799 4985; x_wconf 87' lang='lat' dir='ltr'><strong>templum</strong></span> <span class='ocrx_word' id='word_1_833' title='bbox 2836 4919 2978 4987; x_wconf 87' lang='lat' dir='ltr'><strong>quod</strong></span> <span class='ocrx_word' id='word_1_834' title='bbox 3005 4933 3072 4973; x_wconf 74' lang='lat' dir='ltr'><strong>ex</strong></span> <span class='ocrx_word' id='word_1_835' title='bbox 3104 4918 3322 4990; x_wconf 76' lang='lat' dir='ltr'><strong>Virgine</strong></span> <span class='ocrx_word' id='word_1_836' title='bbox 3352 4929 3536 4973; x_wconf 87' lang='lat' dir='ltr'><strong>natum</strong></span> 
     </span>
    </p>
   </div>
   <div class='ocr_carea' id='block_1_112' title="bbox 1955 5006 3558 5077">
    <p class='ocr_par' dir='ltr' id='par_1_112' title="bbox 1955 5006 3558 5077">
     <span class='ocr_line' id='line_1_113' title="bbox 1955 5006 3558 5077; baseline 0 -12"><span class='ocrx_word' id='word_1_837' title='bbox 1955 5019 2041 5065; x_wconf 81' lang='lat' dir='ltr'><strong>est</strong></span> <span class='ocrx_word' id='word_1_838' title='bbox 2067 5023 2179 5065; x_wconf 89' lang='lat' dir='ltr'><strong>non</strong></span> <span class='ocrx_word' id='word_1_839' title='bbox 2211 5008 2417 5063; x_wconf 91' lang='lat' dir='ltr'><strong>unitum</strong></span> <span class='ocrx_word' id='word_1_840' title='bbox 2454 5007 2652 5073; x_wconf 83' lang='lat' dir='ltr'><strong>Verbo,</strong></span> <span class='ocrx_word' id='word_1_841' title='bbox 2677 5006 2859 5065; x_wconf 78' lang='lat' dir='ltr'><strong>Jesum</strong></span> <span class='ocrx_word' id='word_1_842' title='bbox 2885 5010 3161 5065; x_wconf 88' lang='lat' dir='ltr'><strong>Christum</strong></span> <span class='ocrx_word' id='word_1_843' title='bbox 3190 5012 3394 5068; x_wconf 87' lang='lat' dir='ltr'><strong>vocari.</strong></span> <span class='ocrx_word' id='word_1_844' title='bbox 3426 5010 3558 5077; x_wconf 42' lang='lat' dir='ltr'><strong>Hns</strong></span> 
     </span>
    </p>
   </div>
   <div class='ocr_carea' id='block_1_113' title="bbox 1959 5100 3539 5171">
    <p class='ocr_par' dir='ltr' id='par_1_113' title="bbox 1959 5100 3539 5171">
     <span class='ocr_line' id='line_1_114' title="bbox 1959 5100 3539 5171; baseline 0.002 -16"><span class='ocrx_word' id='word_1_845' title='bbox 1959 5100 2208 5155; x_wconf 83' lang='lat' dir='ltr'><strong>manitati</strong></span> <span class='ocrx_word' id='word_1_846' title='bbox 2238 5100 2381 5155; x_wconf 91' lang='lat' dir='ltr'><strong>enim</strong></span> <span class='ocrx_word' id='word_1_847' title='bbox 2418 5100 2717 5155; x_wconf 89' lang='lat' dir='ltr'><strong>secundum</strong></span> <span class='ocrx_word' id='word_1_848' title='bbox 2764 5100 3025 5155; x_wconf 87' lang='lat' dir='ltr'><strong>unitatem</strong></span> <span class='ocrx_word' id='word_1_849' title='bbox 3069 5116 3166 5171; x_wconf 87' lang='lat' dir='ltr'><strong>per</strong></span> <span class='ocrx_word' id='word_1_850' title='bbox 3202 5103 3539 5158; x_wconf 79' lang='lat' dir='ltr'><strong>incarnatio-</strong></span> 
     </span>
    </p>
   </div>
   <div class='ocr_carea' id='block_1_114' title="bbox 1959 5189 3540 5262">
    <p class='ocr_par' dir='ltr' id='par_1_114' title="bbox 1959 5189 3540 5262">
     <span class='ocr_line' id='line_1_115' title="bbox 1959 5189 3540 5262; baseline 0.001 -15"><span class='ocrx_word' id='word_1_851' title='bbox 1959 5207 2081 5247; x_wconf 81' lang='lat' dir='ltr'><strong>nem</strong></span> <span class='ocrx_word' id='word_1_852' title='bbox 2112 5191 2310 5247; x_wconf 79' lang='lat' dir='ltr'><strong>factam</strong></span> <span class='ocrx_word' id='word_1_853' title='bbox 2343 5189 2690 5246; x_wconf 78' lang='lat' dir='ltr'><strong>ineﬂ‘abiliter</strong></span> <span class='ocrx_word' id='word_1_854' title='bbox 2713 5190 3024 5260; x_wconf 79' lang='lat' dir='ltr'><strong>COpulatum</strong></span> <span class='ocrx_word' id='word_1_855' title='bbox 3054 5190 3290 5246; x_wconf 85' lang='lat' dir='ltr'><strong>Verbum</strong></span> <span class='ocrx_word' id='word_1_856' title='bbox 3313 5209 3379 5247; x_wconf 80' lang='lat' dir='ltr'><strong>ex</strong></span> <span class='ocrx_word' id='word_1_857' title='bbox 3408 5194 3540 5262; x_wconf 88' lang='lat' dir='ltr'><strong>Deo,</strong></span> 
     </span>
    </p>
   </div>
   <div class='ocr_carea' id='block_1_115' title="bbox 1961 5283 3537 5354">
    <p class='ocr_par' dir='ltr' id='par_1_115' title="bbox 1961 5283 3537 5354">
     <span class='ocr_line' id='line_1_116' title="bbox 1961 5283 3537 5354; baseline 0.004 -18"><span class='ocrx_word' id='word_1_858' title='bbox 1961 5285 2159 5340; x_wconf 76' lang='lat' dir='ltr'><strong>dicitur</strong></span> <span class='ocrx_word' id='word_1_859' title='bbox 2187 5283 2457 5351; x_wconf 80' lang='lat' dir='ltr'><strong>Christus,</strong></span> <span class='ocrx_word' id='word_1_860' title='bbox 2490 5284 2742 5353; x_wconf 87' lang='lat' dir='ltr'><strong>superior</strong></span> <span class='ocrx_word' id='word_1_861' title='bbox 2770 5284 2985 5353; x_wconf 88' lang='lat' dir='ltr'><strong>quidem</strong></span> <span class='ocrx_word' id='word_1_862' title='bbox 3023 5300 3189 5354; x_wconf 89' lang='lat' dir='ltr'><strong>quam</strong></span> <span class='ocrx_word' id='word_1_863' title='bbox 3230 5294 3311 5340; x_wconf 87' lang='lat' dir='ltr'><strong>est</strong></span> <span class='ocrx_word' id='word_1_864' title='bbox 3345 5287 3537 5342; x_wconf 89' lang='lat' dir='ltr'><strong>huma-</strong></span> 
     </span>
    </p>
   </div>
   <div class='ocr_carea' id='block_1_116' title="bbox 1963 5373 3543 5441">
    <p class='ocr_par' dir='ltr' id='par_1_116' title="bbox 1963 5373 3543 5441">
     <span class='ocr_line' id='line_1_117' title="bbox 1963 5373 3543 5441; baseline 0.003 -13"><span class='ocrx_word' id='word_1_865' title='bbox 1963 5375 2129 5441; x_wconf 84' lang='lat' dir='ltr'><strong>nitas,</strong></span> <span class='ocrx_word' id='word_1_866' title='bbox 2161 5384 2219 5430; x_wconf 89' lang='lat' dir='ltr'><strong>ut</strong></span> <span class='ocrx_word' id='word_1_867' title='bbox 2255 5382 2447 5430; x_wconf 79' lang='lat' dir='ltr'><strong>natura</strong></span> <span class='ocrx_word' id='word_1_868' title='bbox 2478 5374 2622 5430; x_wconf 84' lang='lat' dir='ltr'><strong>Deus</strong></span> <span class='ocrx_word' id='word_1_869' title='bbox 2647 5385 2702 5428; x_wconf 88' lang='lat' dir='ltr'><strong>et</strong></span> <span class='ocrx_word' id='word_1_870' title='bbox 2723 5374 2892 5428; x_wconf 79' lang='lat' dir='ltr'><strong>Filius</strong></span> <span class='ocrx_word' id='word_1_871' title='bbox 2920 5388 2935 5428; x_wconf 90' lang='lat'><strong>:</strong></span> <span class='ocrx_word' id='word_1_872' title='bbox 2962 5373 3193 5431; x_wconf 74' lang='lat' dir='ltr'><strong>inferior</strong></span> <span class='ocrx_word' id='word_1_873' title='bbox 3238 5392 3364 5434; x_wconf 87' lang='lat' dir='ltr'><strong>vero</strong></span> <span class='ocrx_word' id='word_1_874' title='bbox 3408 5396 3543 5435; x_wconf 85' lang='lat' dir='ltr'><strong>non-</strong></span> 
     </span>
    </p>
   </div>
   <div class='ocr_carea' id='block_1_117' title="bbox 1962 5467 3540 5543">
    <p class='ocr_par' dir='ltr' id='par_1_117' title="bbox 1962 5467 3540 5543">
     <span class='ocr_line' id='line_1_118' title="bbox 1962 5467 3540 5543; baseline 0 -20"><span class='ocrx_word' id='word_1_875' title='bbox 1962 5468 2095 5523; x_wconf 81' lang='lat' dir='ltr'><strong>nihil</strong></span> <span class='ocrx_word' id='word_1_876' title='bbox 2127 5468 2294 5541; x_wconf 69' lang='lat' dir='ltr'><strong>gloria</strong></span> <span class='ocrx_word' id='word_1_877' title='bbox 2322 5468 2539 5532; x_wconf 80' lang='lat' dir='ltr'><strong>divina,</strong></span> <span class='ocrx_word' id='word_1_878' title='bbox 2575 5476 2632 5521; x_wconf 92' lang='lat' dir='ltr'><strong>ut</strong></span> <span class='ocrx_word' id='word_1_879' title='bbox 2673 5469 2856 5523; x_wconf 90' lang='lat' dir='ltr'><strong>homo.</strong></span> <span class='ocrx_word' id='word_1_880' title='bbox 2910 5467 3123 5526; x_wconf 87' lang='lat' dir='ltr'><strong>Idcirco</strong></span> <span class='ocrx_word' id='word_1_881' title='bbox 3160 5480 3217 5527; x_wconf 85' lang='lat' dir='ltr'><strong>et</strong></span> <span class='ocrx_word' id='word_1_882' title='bbox 3255 5473 3369 5543; x_wconf 86' lang='lat' dir='ltr'><strong>ipse</strong></span> <span class='ocrx_word' id='word_1_883' title='bbox 3413 5473 3540 5527; x_wconf 89' lang='lat' dir='ltr'><strong>alihi</strong></span> 
     </span>
    </p>
   </div>
   <div class='ocr_carea' id='block_1_118' title="bbox 1964 5559 3544 5633">
    <p class='ocr_par' dir='ltr' id='par_1_118' title="bbox 1964 5559 3544 5633">
     <span class='ocr_line' id='line_1_119' title="bbox 1964 5559 3544 5633; baseline -0.001 -19"><span class='ocrx_word' id='word_1_884' title='bbox 1964 5560 2138 5614; x_wconf 78' lang='lat' dir='ltr'><strong>dixit:</strong></span> <span class='ocrx_word' id='word_1_885' title='bbox 2182 5579 2198 5610; x_wconf 73' lang='grc' dir='ltr'><strong>ι</strong></span> <span class='ocrx_word' id='word_1_886' title='bbox 2231 5559 2332 5626; x_wconf 85' lang='lat' dir='ltr'><strong>Qui</strong></span> <span class='ocrx_word' id='word_1_887' title='bbox 2382 5560 2516 5614; x_wconf 80' lang='lat' dir='ltr'><strong>vidit</strong></span> <span class='ocrx_word' id='word_1_888' title='bbox 2561 5575 2679 5625; x_wconf 88' lang='lat' dir='ltr'><strong>me,</strong></span> <span class='ocrx_word' id='word_1_889' title='bbox 2715 5562 2847 5616; x_wconf 83' lang='lat' dir='ltr'><strong>vidit</strong></span> <span class='ocrx_word' id='word_1_890' title='bbox 2887 5571 2941 5617; x_wconf 88' lang='lat' dir='ltr'><strong>et</strong></span> <span class='ocrx_word' id='word_1_891' title='bbox 2984 5562 3198 5618; x_wconf 81' lang='lat' dir='ltr'><strong>Patrem</strong></span> <span class='ocrx_word' id='word_1_892' title='bbox 3233 5566 3296 5619; x_wconf 75' lang='lat'><strong>“.</strong></span> <span class='ocrx_word' id='word_1_893' title='bbox 3334 5563 3445 5633; x_wconf 70' lang='lat' dir='ltr'><strong>Ego</strong></span> <span class='ocrx_word' id='word_1_894' title='bbox 3490 5571 3544 5614; x_wconf 87' lang='lat' dir='ltr'><strong>et</strong></span> 
     </span>
    </p>
   </div>
   <div class='ocr_carea' id='block_1_119' title="bbox 1962 5738 2419 5807">
    <p class='ocr_par' dir='ltr' id='par_1_119' title="bbox 1962 5738 2419 5807">
     <span class='ocr_line' id='line_1_120' title="bbox 1962 5738 2419 5807; baseline 0.004 -14"><span class='ocrx_word' id='word_1_895' title='bbox 1962 5740 2005 5771; x_wconf 83' lang='grc'><strong>⁶⁰</strong></span> <span class='ocrx_word' id='word_1_896' title='bbox 2028 5738 2182 5794; x_wconf 68' lang='lat' dir='ltr'><strong>Jt‘tatt.</strong></span> <span class='ocrx_word' id='word_1_897' title='bbox 2224 5756 2331 5807; x_wconf 62' lang='grc' dir='ltr'>ιιι,</span> <span class='ocrx_word' id='word_1_898' title='bbox 2367 5740 2419 5795; x_wconf 88' lang='grc'><strong>9.</strong></span> 
     </span>
    </p>
   </div>
   <div class='ocr_carea' id='block_1_120' title="bbox 3131 5831 3204 5892">
    <p class='ocr_par' dir='ltr' id='par_1_120' title="bbox 3131 5831 3204 5892">
     <span class='ocr_line' id='line_1_121' title="bbox 3131 5831 3204 5892; baseline 0.041 -3"><span class='ocrx_word' id='word_1_899' title='bbox 3131 5831 3204 5892; x_wconf 82' lang='grc'><strong>39</strong></span> 
     </span>
    </p>
   </div>
  </div>
