4048 6196
548 308 685 363 1227

1633 298 1903 354 CYRiLLl
1946 299 2412 356 ALEXAMJlilNI
2455 300 2769 359 AHCiilL'P.

3676 299 3865 357 ιὶειε

542 426 707 476 i’ater
750 435 911 474 unum
970 431 1155 471 smnus
1181 415 1245 468 ⁶¹.
1294 433 1311 466 ι
1348 416 1478 469 Cum
1532 431 1657 471 vero
1700 416 1831 490 digit
1865 433 1875 470 :
1910 437 1927 469 ι
1963 418 2113 473 Pater

2225 420 2299 471 υύ
2342 420 2509 490 μείων
2554 422 2661 490 γὰρ
2704 421 2779 472 ὢν
2813 420 2904 473 τοῦ
2942 419 3153 488 Harpe;
3189 417 3328 471 κατά
3356 434 3417 486 γι
3453 416 3511 470 τὸ
3555 415 3617 469 ἐν
3650 415 3865 486 οὐσίᾳ

548 434 707 476 Pater
750 435 911 474 unum
970 434 1155 471 sumus
1181 434 1245 468 υ.
1294 434 1311 466 ι
1348 434 1478 469 cum
1532 434 1657 471 vero
1700 434 1731 471 ιι
1793 434 1831 472 ιι
1865 434 1875 470 :
1910 437 1927 469 ι
1963 434 2116 473 rater

548 513 721 580 major
754 525 837 563 me
862 507 1003 562 est"
1035 523 1047 559 :
1088 526 1104 557 ι
1129 522 1250 558 cum
1277 519 1385 559 non
1419 505 1490 559 sit
1514 505 1690 561 minor
1716 434 1878 563 ἕπε
1908 509 2116 563 ratione

547 602 847 657 identitatis
898 599 1187 662 essentiae,
1240 606 1293 651 et
1343 597 1671 651 omnimodae
1722 599 2112 664 similitudinis,

545 695 806 747 minorem
848 704 905 744 se
937 702 1055 741 esse
1096 687 1224 741 dicit
1264 686 1475 741 ratione
1506 687 1878 743 humanitatis.
1909 687 2115 743 Praedi-

545 794 699 837 catur
720 795 847 835 vero
866 779 1027 834 etiam
1056 778 1109 832 in
1145 777 1316 833 sacris
1339 775 1580 842 Litteris,
1601 778 1867 834 interdum
1897 780 2114 850 quidem

545 882 602 926 nt
631 875 840 941 integre
867 868 1136 922 exsistens
1166 868 1347 931 homo,
1375 882 1481 921 non
1505 881 1761 937 expressa
1786 867 1955 939 ipsius
1979 868 2117 923 divi-

544 965 744 1027 nitate,
797 961 1006 1015 ratione
1060 958 1496 1014 incarnationis:
1552 958 1819 1013 interdum
1869 973 2001 1014 vero
2056 967 2115 1014 ut

546 1055 707 1115 Deus,
739 1067 842 1106 non
866 1063 1123 1119 expressa
1171 1048 1506 1103 humanitate
1535 1064 1549 1102 :
1578 1057 1767 1102 neutra
1811 1058 1989 1102 tamen
2031 1064 2117 1103 ra-

546 1146 693 1200 tione
723 1144 822 1213 ipsi
856 1141 1053 1212 injuria
1101 1140 1177 1205 lit,
1212 1148 1434 1210 propter
1476 1141 1761 1209 utriusque
1801 1139 2117 1210 appellatio-

544 1237 630 1290 nis
655 1237 706 1289 in
730 1249 895 1289 unum
921 1246 1269 1287 concursum.

615 1330 674 1384 Β.
709 1330 990 1395 Quomodo
1020 1327 1143 1382 ais?
1178 1338 1352 1395 neque
1378 1326 1523 1381 enim
1547 1325 1680 1381 satis
1704 1338 1966 1396 assequar
1989 1326 2114 1395 quid

544 1425 700 1480 velis.

615 1517 675 1570 Α.
722 1514 980 1570 Hebraeus
1021 1528 1086 1568 ex
1126 1511 1368 1567 ilehmis
1407 1519 1463 1566 et
1508 1510 1648 1566 tribu
1688 1510 1984 1584 Beniamin,
2020 1527 2117 1568 vo-

541 1620 697 1666 catus
722 1608 1019 1678 apostolus,
1048 1605 1241 1661 scribit
1272 1604 1338 1658 iis
1385 1604 1477 1672 qni
1520 1618 1618 1673 per
1643 1604 1802 1659 ﬁdem
1837 1604 2116 1675 iustiﬁcati

2221 508 2436 571 ταυτὸν,
2468 510 2562 589 καὶ
2596 509 2736 563 κατά
2773 512 2879 563 πᾶν
2910 508 3086 563 ὁτιοῦν
3113 508 3174 562 τὸ
3208 506 3541 572 ίσοστατοῦν,
3575 508 3638 559 ἐν
3669 506 3865 561 ἐλάτ-

2221 616 2369 654 τοσιν
2415 596 2554 655 εἷναί
2587 619 2719 673 φησι
2762 601 2849 655 διὰ
2880 601 2939 654 τὸ
2968 599 3324 672 ἀνθρώπινον.
3356 598 3733 671 Κηρύττεται
3785 598 3860 650 δὶ

2224 690 2317 742 καὶ
2348 688 2435 742 διὰ
2464 689 2572 742 τῶν
2607 690 2768 762 ἱερῶν
2798 692 3170 763 Γραμμάτων,
3201 690 3331 745 ποτέ
3356 691 3453 761 μὲν
3482 689 3558 751 ὡς
3590 688 3736 751 ὀλο(ι
3762 687 3858 740 ὣν

2222 778 2526 849 ἄνθρωπος,
2564 780 2984 851 σεσιωπημένης
3014 780 3182 834 αὑτοῦ
3227 781 3325 851 τῆς
3368 780 3629 851 θεότητος
3670 780 3856 832 οἱκο-

2223 871 2488 940 νομικῶς·
2530 871 2663 924 ποτὲ
2710 872 2765 925 δέ
2812 868 2879 926 αὖ
2935 871 3095 927 πάλιν
3127 873 3217 927 καί
3245 872 3398 937 Θεὸς,
3435 870 3853 942 σεσιγημὲνης

2223 961 2387 1015 αὑτοῦ
2434 962 2533 1030 τῆς
2569 962 3022 1033 ἀνθρωπότητος·
3057 962 3322 1017 ἀδικεῖται
3366 963 3423 1016 δέ
3464 963 3589 1016 κατ’
3617 961 3854 1017 οὐδένα

2222 1052 2421 1120 τρόπον
2453 1052 2541 1106 διὰ
2573 1053 2667 1106 καὶ⁵
2699 1054 2899 1123 ἀμφοῖν
2927 1056 3008 1118 είς
3043 1055 3271 1126 ἑνότητα
3300 1055 3596 1127 σύμϐασιν.

2293 1319 2351 1372 Β.
2397 1318 2518 1383 Πῶς
2556 1320 2766 1390 λέγειςς
2805 1322 3029 1393 συνίημι
3061 1323 3170 1394 γὰρ
3201 1324 3263 1378 οὐ
3299 1326 3530 1398 σφόδρα.

2294 1499 2358 1549 Α.
2389 1496 2448 1550 ’0
2485 1495 2736 1567 Ἐδραῖος
2774 1498 2833 1563 ἐξ
2864 1474 3134 1570 Ἑδραίων
3169 1501 3263 1555 καὶ
3302 1501 3479 1572 φυλῆς
3518 1502 3832 1578 Βενιαμὶν,

2222 1590 2250 1641 ὁ
2282 1588 2478 1659 κλητὸς
2504 1590 2819 1655 ἀπόστολος,
2848 1593 3150 1659 ἐπιστέλλει
3188 1598 3300 1659 τοῖς
3325 1596 3410 1651 6ιά
3443 1598 3692 1665 πίστεως
3728 1601 3829 1654 δε-

544 1712 698 1768 sunt,
738 1710 793 1756 et
836 1699 1231 1754 mortiﬂcarunt
1270 1697 1509 1751 membra
1552 1696 1757 1761 carnis,
1801 1695 2113 1752 fornicatio-

2221 1679 2620 1751 δικαιωμένοις,
2657 1682 2751 1736 καὶ
2782 1683 3228 1754 κατανεκρὼσασι
3271 1687 3337 1740 τὰ
3374 1689 3509 1761 μέλη
3537 1690 3641 1762 τῆς
3672 1708 3831 1763 σαρ-

544 1772 669 1847 nem
724 1789 991 1853 videlicet,
1040 1787 1466 1852 immunditiam,
1515 1786 1819 1851 libidinem,
1870 1788 2113 1857 concupi-

2219 1772 2335 1835 κὸς,
2368 1773 2624 1843 πορνείαν
2655 1774 2719 1844 δὴ
2750 1773 2894 1843 λέγω
2927 1777 3021 1829 καὶ
3048 1776 3240 1843 πάθος,
3272 1779 3565 1850 ἐπιθυμίαν
3603 1783 3823 1855 κακὴν,

543 1883 803 1938 sccntiam
859 1881 1052 1935 malam
1096 1891 1150 1934 et
1194 1878 1518 1933 avaritiam:
1558 1896 1575 1929 ι
1611 1875 1919 1933 Martilicati
1969 1871 2114 1934 enim

542 1973 694 2034 estis,
731 1980 783 2025 et
814 1972 919 2025 vita
945 1980 1126 2024 vestra
1170 1966 1487 2022 abscondita
1528 1976 1611 2020 est
1644 1982 1766 2020 cum
1811 1966 2029 2022 Christo
2062 1970 2114 2023 in

545 2064 656 2119 Deo
678 2064 745 2117 “.
785 2082 804 2114 ι
837 2063 953 2132 ipse
982 2060 1145 2115 etiam
1179 2058 1243 2113 de
1275 2057 1552 2125 discipulis
1583 2057 1695 2111 suis
1725 2057 1851 2114 alibi
1894 2058 2069 2129 inquit
2098 2077 2111 2114 :

549 2175 568 2209 ι
605 2153 766 2210 Pater
791 2161 1003 2215 sancte,
1038 2165 1194 2204 serva
1226 2164 1320 2203 eos
1365 2149 1417 2201 in
1461 2147 1677 2203 nomine
1720 2155 1812 2203 tua
1855 2164 1992 2219 quas
2023 2150 2115 2205 de-

543 2248 671 2303 disti
704 2246 854 2310 mihi,
882 2242 1050 2315 699
1079 2251 1138 2296 ut
1164 2241 1275 2294 sint
1314 2254 1475 2294 unum
1495 2279 1511 2305 ,
1542 2239 1682 2293 sicut
1713 2249 1767 2294 et
1805 2256 1923 2296 nos.
1980 2240 2112 2295 Cum

543 2353 719 2393 essent
754 2350 875 2390 cum
901 2335 1004 2396 eis,
1033 2347 1132 2400 ego
1170 2332 1454 2384 servabam
1502 2342 1595 2381 eos
1639 2328 1690 2381 in
1736 2330 1951 2384 nomine
1999 2339 2111 2384 tuo.

540 2434 690 2498 Quos
717 2429 909 2485 dedisti
940 2427 1073 2481 mihi
1099 2440 1198 2496 ego
1217 2424 1583 2489 custodivi,'et
1615 2438 1772 2477 nemo
1794 2436 1858 2475 ex
1891 2422 1956 2476 iis
1985 2436 2112 2491 pero

539 2525 621 2587 iit,
666 2522 769 2577 nisi
809 2520 951 2574 ﬁlius
993 2518 1332 2587 perditionis,
1374 2525 1431 2569 ut
1466 2514 1749 2583 Scriptura
1798 2513 2109 2583 impleatur.

538 2612 692 2667 Nunc
718 2621 898 2665 autem
933 2609 999 2663 ad
1027 2619 1079 2663 te
1107 2608 1282 2668 venio,
1318 2616 1371 2659 et
1413 2606 1526 2659 hmo
1566 2606 1761 2673 loquar
1794 2605 1846 2657 in
1893 2604 2109 2669 mundo,

535 2716 600 2760 ut
640 2704 875 2760 habeant
933 2700 1187 2772 gaudium
1247 2713 1423 2753 meum
1470 2696 1742 2765 impletum
1814 2696 1866 2749 in
1913 2705 2112 2751 semet-

542 2797 675 2867 ipsis
696 2795 766 2849 “.
803 2812 822 2845 ι
861 2790 1120 2859 lntelligis
1149 2790 1353 2858 itaque,
1392 2800 1500 2856 qua
1533 2795 1688 2854 pacta
1715 2785 1764 2836 in
1799 2786 1881 2837 his
1904 2800 1969 2838 ex
2001 2784 2111 2839 sola

532 2883 937 2957 quodammodo
994 2881 1328 2937 humanitate
1386 2877 1540 2931 nobis
1589 2874 1879 2945 signiﬁcari
1933 2875 2114 2929 vidca-

536 2989 624 3032 tur
645 2978 668 3031 ?

605 3068 670 3122 Β.
712 3065 879 3122 Recte
908 3065 1011 3119 ais.

2217 1862 2311 1914 xei.
2352 1862 2452 1933 τὴν
2501 1861 2833 1929 πλεονεξίαν.
2889 1865 3255 1921 ιἈπεθάνετε
3305 1870 3434 1941 γὰρ,
3463 1872 3557 1925 καὶ
3609 1875 3642 1944 η
3691 1872 3821 1943 ζωὴ

2218 1953 2370 2023 ὑμῶν
2398 1955 2702 2025 κέκρυπται
2734 1958 2828 2010 σὺν
2856 1957 2933 2028 τῷ
2961 1959 3183 2030 Χριστῷ
3210 1961 3269 2013 ἐν
3302 1962 3380 2033 τῷ
3401 1964 3541 2033 Θεῷ.
3565 1982 3584 2016 ι
3629 1966 3821 2030 Αὐτός

2214 2059 2278 2113 γε
2304 2044 2409 2114 μὴν
2438 2044 2544 2115 ἔφη
2565 2046 2695 2117 περὶ
2725 2046 2833 2100 τῶν
2862 2048 3057 2101 ἑαυτοῦ
3092 2049 3372 2121 μαθητῶν·
3404 2071 3423 2103 ι
3447 2053 3628 2124 Πάτερ
3655 2055 3814 2123 ἅγιε,

2214 2134 2454 2204 τήρησον
2484 2135 2682 2198 αὐτοὺς
2721 2138 2777 2189 ἐν
2809 2136 2885 2207 τῷ
2923 2138 3148 2208 ὀνόματί
3186 2157 3301 2205 σου,
3334 2136 3378 2211 ᾧ
3409 2143 3647 2208 δέδωκάς
3686 2162 3813 2215 μοι,

2216 2224 2304 2279 ἴνα
2333 2219 2468 2279 ὦσιν
2497 2226 2575 2291 ἓν,
2594 2226 3108 2299 καθὼςήμεῖς.Ὄτε
3138 2233 3287 2304 ἤμην
3318 2234 3436 2304 μετ’
3463 2235 3663 2302 αὐτῶν,
3692 2236 3815 2306 ἐγὼ

2213 2315 2441 2387 ἐτήρουν
2472 2317 2670 2381 αὐτοὺς
2699 2319 2757 2372 ἐν
2783 2318 2860 2390 τῷ
2890 2321 3113 2391 ὀνόματί
3148 2340 3261 2389 σου,
3293 2325 3383 2388 οὓς
3411 2326 3645 2391 δέδωκάς
3686 2346 3809 2398 μοι,

2215 2410 2309 2462 καὶ
2348 2409 2591 2479 ἐφύλαξα
2618 2412 2834 2475 αὐτοὺς,
2867 2413 2961 2466 καὶ
2998 2414 3175 2478 οὐδεὶς
3218 2416 3275 2482 ἐξ
3318 2418 3495 2470 αὐτῶν
3525 2420 3805 2484 ἀπώλετο,

2215 2503 2263 2553 εί
2305 2501 2380 2573 μὴ
2408 2504 2436 2555 ό
2464 2502 2577 2566 υίὸς
2622 2502 2722 2572 τῆς
2762 2503 3063 2570 ἀπωλείας,
3110 2506 3198 2560 ἴνα
3226 2509 3258 2577 η
3292 2508 3475 2579 Γραφὴ
3510 2510 3802 2582 πληρωθῇ.

2214 2592 2328 2646 Νῦν
2383 2594 2439 2647 δὲ
2486 2594 2621 2667 πρὸς
2671 2595 2731 2647 σέ
2780 2593 3033 2665 ἔρχομαι,
3065 2597 3160 2650 καὶ
3205 2597 3378 2653 ταῦτα
3429 2600 3578 2653 λαλῶ
3623 2604 3679 2654 ἐν
3724 2604 3803 2673 τῷ

2215 2689 2423 2760 κόσμῳ,
2462 2688 2549 2743 ἵνα
2588 2689 2753 2759 ἔχωσι
2793 2690 2894 2760 τὴν
2929 2690 3104 2763 χαρὰν
3130 2692 3229 2762 τὴν
3258 2695 3397 2764 ἐμὴν
3427 2695 3798 2768 πεπληρωμέ-

2215 2796 2313 2851 νην
2343 2782 2399 2834 ἐν
2428 2782 2657 2845 ἑαυτοῖς.
2694 2802 2712 2833 ι
2746 2782 2940 2853 Συνίης
2970 2779 3083 2850 οὖν,
3109 2785 3256 2848 ὅπως
3286 2787 3393 2839 ἀπὸ
3426 2787 3592 2859 μόνης
3610 2789 3797 2860 ὥσπερ

2213 2875 2346 2943 ημῖν
2379 2873 2480 2943 τῆς
2510 2873 2932 2947 ἀνθρωπότητος
2969 2876 3026 2929 ἐν
3072 2893 3136 2946 γε
3181 2881 3421 2933 τουτοισὶ
3455 2880 3796 2952 κατασημσί-

2214 2964 2397 3019 νεσθαι
2435 2965 2584 3018 δοκεί
2603 2984 2617 3032 ;

2287 3055 2349 3107 Β.
2385 3055 2680 3127 Ὀρθότατα
2719 3056 2875 3128 ἔφης.

608 3164 674 3214 Α.
716 3157 1070 3215 Censebimus
1093 3156 1237 3211 enim
1282 3155 1516 3209 nondum
1553 3152 1929 3207 absconditum
1969 3163 2110 3216 esse,

2286 3153 2349 3199 Α.
2391 3148 2701 3219 υἰησόμεθα
2757 3127 2865 3220 γάρ
2918 3149 3033 3202 οῦτι
3089 3168 3192 3204 που
3242 3153 3549 3224 κεκρύφθαι
3596 3173 3654 3209 τε
3699 3157 3794 3213 καὶ

540 3267 714 3319 neque
776 3264 808 3303 e
851 3247 1050 3302 mundo
1095 3245 1434 3307 excessisse,
1479 3258 1604 3298 cum
1671 3252 1858 3311 aperte
1906 3241 2052 3296 dicat
2096 3258 2109 3293 :

543 3359 566 3393 ιι
610 3340 804 3403 Amen,
841 3350 1001 3392 amen
1040 3336 1161 3390 dico
1188 3333 1361 3405 vobis,
1391 3333 1532 3403 quod
1574 3333 1661 3386 ubi
1702 3330 1810 3386 dua
1866 3341 1960 3385 aut
2003 3341 2115 3387 tres

537 3429 849 3502 congregati
892 3425 1095 3481 fuerint
1152 3426 1205 3478 in
1252 3423 1470 3478 nomine
1527 3439 1679 3486 meo,
1731 3422 1839 3476 illic
1889 3436 2008 3477 sum
2060 3422 2115 3477 in

538 3523 719 3579 medio
749 3534 937 3576 earnm
959 3518 1024 3572 ".
1067 3537 1085 3571 ι
1124 3516 1189 3572 Ει
1218 3529 1404 3571 rursus
1434 3531 1449 3569 :
1491 3532 1509 3565 t
1547 3514 1684 3569 Ecce
1712 3528 1813 3583 ego
1840 3513 2114 3568 vobiscum

537 3630 657 3670 sum
700 3610 952 3669 omnibus
1006 3609 1216 3674 diebus,
1263 3622 1433 3676 usque
1482 3607 1548 3661 ad
1595 3606 2113 3661 consummationem

536 3706 718 3764 saeculi
745 3704 810 3758 “.
840 3723 860 3757 ι
892 3702 1030 3769 Quin
1053 3710 1110 3757 et
1135 3686 1562 3757 sacratissimum
1606 3698 1832 3753 Paulum
1874 3712 2115 3768 smpenu-

534 3812 689 3854 mero
722 3796 909 3851 videas
945 3802 1233 3863 negantem
1260 3790 1455 3846 debere
1484 3789 1661 3862 ipsum
1702 3789 1984 3858 praedicari
2012 3788 2114 3843 ha-

533 3890 780 3943 minem:
823 3905 842 3939 ι
880 3878 1083 3940 Paulus
1114 3883 1281 3945 enim,
1316 3882 1511 3952 inquit,
1552 3881 1856 3951 apostolus,
1898 3894 2006 3935 non
2045 3881 2113 3935 ab

538 3978 871 4041 hominibus,
923 3992 1098 4047 neque
1153 3990 1249 4046 per
1302 3974 1571 4040 homines,
1626 3973 1723 4028 sed
1781 3986 1877 4042 per
1928 3970 2112 4027 .lesum

538 4068 896 4125 Christum".
920 4086 939 4119 ι
959 4068 1023 4121 Ει
1050 4067 1210 4137 paulo
1233 4075 1354 4135 post
1378 4081 1390 4117 :
1417 4085 1435 4117 ι
1461 4064 1656 4120 Notum
1687 4063 1833 4117 enim
1857 4063 2007 4118 vobis
2042 4063 2120 4117 ia-

539 4161 648 4226 cio,
678 4161 895 4226 fratres,
931 4157 1281 4228 Evangelium
1306 4156 1449 4226 quod
1493 4154 1920 4226 evangelizatum
1963 4164 2048 4211 est
2083 4171 2115 4210 a

538 4264 649 4315 me,
678 4250 804 4320 quia
832 4257 1042 4304 nonest
1075 4248 1370 4303 secundum
1413 4245 1707 4301 hominem.
1741 4243 1924 4316 Neque
1968 4246 2112 4302 enim

540 4356 642 4409 ego
665 4340 733 4395 ab
766 4338 985 4395 homine
1015 4336 1198 4407 accepi
1226 4336 1373 4398 illud.
1422 4349 1595 4403 neque
1636 4334 1797 4390 didici
1830 4350 1845 4388 :
1888 4336 1982 4391 sed
2019 4349 2115 4405 per

540 4429 929 4485 revelationem
951 4425 1078 4482 .lesu
1104 4425 1310 4481 Christi
1340 4424 1407 4477 ⁸⁸.
1449 4442 1468 4476 ι
1503 4423 1643 4491 Quin
1673 4434 1730 4481 et
1761 4423 1872 4480 alia
1909 4424 1962 4480 in
1994 4426 2115 4481 loco

540 4523 615 4575 ait
648 4538 662 4575 :
716 4537 740 4572 ι
780 4519 837 4574 Si
887 4531 1017 4573 vero
1066 4516 1231 4573 etiam
1270 4514 1624 4587 cognovimus
1664 4516 1959 4570 secundum
1993 4532 2115 4572 car-

542 4628 665 4669 nem
701 4611 997 4675 Christum,
1053 4609 1147 4665 sed
1197 4621 1343 4662 nunc
1385 4607 1498 4675 jam
1549 4620 1657 4661 non
1707 4606 1955 4662 novimus
1978 4606 2046 4661 ”.
2088 4625 2109 4659 ι

540 4705 801 4773 Quisnam
831 4702 995 4772 igitur
1040 4709 1123 4755 est
1154 4697 1311 4755 Jesus
1352 4696 1622 4763 Christus,
1666 4697 1760 4768 qui
1806 4696 1941 4753 adeo
1978 4697 2117 4754 inei-

542 4796 759 4851 faliilcm
808 4802 1126 4864 certamque
1170 4802 1226 4848 et
1273 4791 1509 4847 divinam
1560 4789 1941 4862 mysteriorum
1984 4804 2113 4845 suo-

540 4905 662 4944 rum
688 4886 1072 4944 revelationem
1098 4884 1200 4954 ipsi
1220 4882 1500 4939 immittit?
1522 4897 1703 4938 nonne
1727 4879 1960 4937 Verbum
1985 4895 2115 4937 cara

543 4983 766 5041 factum,
805 4975 1056 5047 quodque
1079 4983 1298 5045 propter
1335 4986 1432 5028 nos
1459 4986 1525 5028 ex
1553 4969 1773 5041 Virgine
1819 4972 1970 5028 nasci
2008 4984 2114 5026 non

542 5079 626 5123 est
656 5067 1004 5139 dedignatum
1026 5065 1050 5120 ?

614 5158 675 5211 Β.
716 5159 971 5213 Omnino.
1011 5154 1226 5211 Memini
1260 5155 1403 5210 enim
1450 5154 1592 5210 beati
1628 5152 1897 5210 Gabrielis
1937 5152 2006 5207 ita
2049 5153 2114 5207 ad

545 5260 789 5302 sanctam
853 5248 1125 5317 Virginem
1152 5248 1430 5304 dicentis:
1472 5264 1491 5298 ι
1555 5244 1631 5301 Ne
1676 5246 1889 5309 timeas,
1916 5243 2115 5310 Maria;

544 5352 673 5394 ecce
710 5338 857 5391 enim
899 5339 1176 5406 concipias
1207 5338 1261 5393 in
1309 5349 1482 5405 utero,
1514 5346 1568 5392 et
1611 5330 1789 5407 paries
1825 5335 2014 5400 illium,
2061 5345 2116 5388 et

534 5425 766 5485 vacabis
798 5440 992 5482 nomen
1020 5429 1136 5497 ejus
1166 5427 1351 5483 Jesum
1377 5430 1444 5482 "°.
1481 5448 1499 5481 ι
1550 5427 1754 5483 Novum
1800 5438 1979 5484 autem
2015 5427 2115 5480 hac

615 5634 656 5664 “
678 5630 836 5687 Joan.
865 5645 919 5695 ι,
954 5627 1042 5682 50.
1119 5628 1337 5684 “Joan.
1370 5639 1480 5693 xlv,
1507 5631 1599 5685 28.

1704 5632 1748 5663 “
1775 5629 1983 5685 Colass.
2025 5645 2106 5694 ιιι,
2142 5628 2259 5682 5-5.

2214 3240 2515 3311 ἀποδημεῖν
2531 3240 2623 3293 τοῦ
2648 3240 2874 3311 κόσμου,
2895 3244 3068 3295 καίτοι
3090 3243 3315 3311 λέγοντα
3333 3246 3540 3314 σαφῶς·
3560 3266 3578 3299 ι
3602 3248 3791 3321 Ἀμην,

2215 3332 2366 3402 ἀμὴν
2388 3332 2530 3401 λέγω
2553 3334 2703 3403 ύμῖν,
2727 3334 2807 3387 ὃτι
2837 3334 2971 3388 ὅπου
3015 3335 3109 3389 ἐὰν
3149 3336 3454 3408 πναχθῶσι
3475 3338 3568 3393 δύο
3590 3341 3622 3412 ἢ
3647 3345 3803 3412 τρεῖς·

2215 3424 2296 3488 είς
2333 3423 2394 3476 τὸ
2427 3424 2561 3495 ἐμὸν
2600 3424 2795 3495 ὄνομα,
2830 3428 2947 3479 ἐκεῖ
2977 3427 3092 3497 είμι
3132 3429 3189 3483 ἐν
3226 3428 3374 3499 μέσῳ
3404 3430 3603 3485 αὐτῶν.
3634 3449 3651 3483 ι
3682 3433 3790 3487 Καὶ

2216 3512 2398 3567 πάλιν·
2431 3533 2449 3565 ι
2475 3514 2604 3567 ’ἰδοῦ
2637 3514 2750 3584 ἐγὼ
2772 3515 2891 3586 μεθ’
2921 3517 3075 3587 ὑμῶν
3102 3520 3214 3588 είμι
3239 3520 3417 3585 πάσας
3442 3520 3540 3585 τὰς
3562 3523 3786 3593 ἡμέρας,

2215 3605 2319 3669 ἕως
2346 3605 2446 3675 τῆς
2481 3607 2790 3671 συντελείας
2821 3607 2915 3662 τοῦ
2949 3608 3164 3673 αίῶνος.
3194 3611 3384 3676 »Ἰδοις
3407 3612 3452 3665 δ’
3481 3614 3546 3667 ἃν
3575 3615 3665 3669 καὶ
3693 3617 3789 3669 αύ-

2214 3693 2306 3746 τδν
2347 3694 2444 3749 τὸν
2491 3695 2782 3767 ἱερώτατον
2842 3696 3054 3751 Παῦλον
3086 3700 3616 3772 καταρῤᾳθυμοῦντα
3666 3704 3788 3756 πολ·

2217 3786 2374 3849 λάκις
2428 3787 2523 3841 τοῦ
2579 3788 2672 3841 καὶ
2703 3788 2991 3859 ἄνθρωπον
3033 3789 3142 3844 δεῖν
3182 3791 3581 3862 ἀνακηρύττειν
3612 3795 3784 3848 αὐτόν.

2223 3897 2241 3929 ι
2271 3877 2481 3942 Παῦλος
2525 3877 2655 3949 γὰρ,
2685 3879 2870 3950 φησὶν.
2903 3880 2933 3931 ὁ
2971 3880 3287 3946 ἀπόστολος,
3319 3883 3417 3935 οὐκ
3462 3885 3557 3937 ἀπ’
3590 3885 3787 3957 ἀνθρώ-

2216 3987 2355 4035 πων,
2391 3971 2509 4024 οὐδὲ
2533 3971 2601 4024 δι’
2629 3970 2957 4042 ἀνθρώπων,
2988 3972 3123 4025 ἀλλά
3149 3972 3238 4026 διὰ
3276 3972 3449 4044 Ἰησοῦ
3480 3975 3727 4047 Χριστοῦ.
3762 3996 3779 4027 ι

2214 4061 2324 4114 Kal
2343 4056 2410 4115 αὖ
2433 4061 2524 4114 ἐπὶ
2540 4061 2773 4125 τούτοις·
2800 4080 2818 4113 ι
2841 4062 3100 4133 Γνωρίζω
3126 4063 3180 4117 δέ
3207 4064 3333 4134 ὑμῖν
3358 4065 3420 4118 τὸ
3443 4066 3781 4135 Εὐαγγέλιον,

2214 4153 2366 4221 φησι,
2399 4152 2461 4204 τὸ
2489 4152 2871 4221 εὐαγγελισθὲν
2915 4154 3008 4206 ὑπ’
3031 4154 3188 4223 ἐμοῦ,
3217 4156 3297 4208 ὅτι
3347 4156 3446 4209 οὐκ
3488 4157 3602 4210 ἐστι
3649 4161 3786 4213 κατά

2213 4242 2518 4313 ἄνθρωπον.
2563 4241 2699 4295 Οὐδὲ
2745 4243 2854 4313 γὰρ
2897 4242 3008 4312 ἐγὼ
3042 4244 3193 4312 παρά
3224 4245 3504 4317 ἀνθρώπου
3544 4247 3781 4318 παρέλα-

2215 4333 2309 4388 δον
2356 4334 2488 4387 αὐτὸ
2508 4373 2522 4397 ,
2576 4332 2698 4386 οὐδὲ
2754 4333 3036 4405 ἐδιδάχθην
3065 4375 3079 4401 ,
3134 4336 3272 4391 ἀλλὰ
3311 4339 3373 4391 δι’
3398 4338 3782 4408 ἀποκαλύψεως

2230 4424 2405 4498 Ἰησοῦ
2434 4425 2689 4497 Χριστοῦ.
2716 4445 2735 4477 ι
2774 4427 2886 4480 Καὶ
2916 4426 3022 4499 μὴν
3049 4428 3142 4482 καὶ
3171 4430 3397 4502 ἑτέρωθί
3439 4446 3631 4501 φησιν·
3671 4451 3686 4481 ι
3723 4433 3777 4486 Ei

2218 4514 2277 4570 δέ
2321 4517 2419 4571 καὶ
2449 4515 2767 4589 ἐγνώκαμεν
2813 4520 2954 4573 κατά
3003 4519 3183 4592 σάρκα
3228 4521 3485 4592 Χριστὸν,
3524 4522 3654 4575 ἀλλὰ
3692 4522 3777 4575 νῦν

2220 4608 2320 4664 οὐκ
2343 4609 2425 4664 ἔτι
2460 4608 2820 4681 γινώσκομεν.
2855 4628 2874 4662 ι
2905 4610 3003 4674 Τίς
3029 4607 3123 4665 οῦν
3156 4614 3304 4666 ἐστιν
3347 4613 3555 4683 Ἰησοῦς
3597 4614 3624 4665 ό
3658 4614 3775 4683 Χρι-

2221 4699 2366 4763 στὸς,
2397 4700 2428 4753 ό
2452 4699 2552 4771 τὴν
2592 4698 2766 4764 οὕτως
2797 4701 3108 4774 ἀπόρρητον
3137 4702 3349 4774 ἀπλανῆ
3401 4721 3459 4757 τε
3510 4705 3602 4759 καὶ
3646 4704 3775 4758 θείαν

2220 4789 2565 4859 ἀποκάλυψιν
2628 4788 2739 4844 τῶν
2807 4790 3002 4846 ἐαυτοῦ
3055 4794 3367 4865 μυστηρίων
3411 4796 3773 4867 ἐναστράπτων

2221 4878 2433 4950 ἐαυτῷς
2480 4874 2570 4952 ἄρ’
2605 4880 2727 4952 οὐχὶ
2771 4881 3061 4953 γενόμενος
3096 4882 3234 4956 σὰρξ
3269 4886 3299 4937 ό
3322 4886 3514 4955 Λόγος,
3567 4887 3654 4940 καὶ
3686 4886 3778 4957 τὴν

2223 4974 2287 5025 ἐκ
2321 4971 2578 5040 γυναικὸς
2606 4972 2673 5026 δι’
2700 4974 2849 5044 ἡμᾶς
2873 4974 2973 5027 οὐκ
3003 4976 3277 5046 ἀτιμάσας
3301 4977 3585 5048 γέννησιν;

2296 5149 2354 5203 Β.
2397 5148 2545 5203 Πάνυ
2592 5149 2692 5219 μὲν
2720 5145 2834 5204 οὖν.
2864 5154 3317 5225 Διαμεμνήσομαι
3344 5155 3453 5227 γὰρ
3494 5155 3586 5210 τοῦ
3621 5175 3775 5228 μακα-

2228 5242 2343 5311 ρίου
2388 5240 2636 5308 λέγοντος
2684 5241 2922 5315 Γαϐριὴλ
2966 5244 3099 5317 πρὸς
3142 5246 3241 5317 τὴν
3284 5248 3448 5317 ἁγίαν
3496 5248 3772 5320 Παρθένον·

2229 5353 2247 5385 ι
2280 5334 2370 5406 Μὴ
2394 5333 2582 5404 φοϐοῦ,
2612 5335 2867 5406 Μαριάμ·
2900 5337 3008 5390 ἰδοῦ
3040 5338 3149 5407 γὰρ
3184 5339 3430 5412 συλλήψῃ
3477 5342 3535 5394 ἐν
3579 5340 3774 5410 γαστρὶ,

2222 5426 2315 5478 καὶ
2345 5425 2473 5499 τέξῃ
2499 5427 2637 5489 υἱὸν,
2672 5428 2766 5479 xa‘t
2798 5427 3045 5491 καλέσεις
3071 5430 3132 5482 τὸ
3162 5429 3331 5501 δνομα
3357 5431 3522 5484 αὑτοῦ
3542 5430 3771 5504 Ἰησοῦν.»

2364 5629 2409 5660 ⁸⁸
2456 5628 2612 5683 Joan.
2672 5630 3034 5701 anuli-15.
3146 5632 3190 5663 "
3245 5631 3432 5689 Matth.
3501 5649 3644 5701 xt'tll,
3690 5633 3773 5694 20.

538 5704 591 5737 ⁸⁸
615 5703 795 5759 Matth.
828 5715 1013 5769 xxvm,
1041 5696 1129 5753 20.
1207 5699 1250 5730 ⁸⁷
1273 5696 1448 5754 Galat.
1486 5716 1521 5766 ι,
1558 5702 1606 5753 1.
1686 5702 1728 5731 ⁸⁸
1757 5702 1887 5757 ibid.
1922 5701 2009 5777 ll,
2043 5700 2110 5753 12

2219 5701 2251 5731 ⁵⁹
2276 5699 2313 5754 ll
2345 5700 2469 5755 Cor.
2513 5701 2675 5761 v.16.
2753 5700 2954 5756 "Luc.
2993 5718 3029 5768 l,
3061 5702 3151 5769 30,
3186 5704 3273 5757 5i.
