4048 6196
589 259 719 312 1231

1573 272 1627 325 S.
1671 273 1943 330 CYBlLLl
1991 277 2452 337 ALEXANDRINI
2494 284 2814 341 ARCHIEP.

3726 298 3887 350 i232

591 397 610 432 ι
640 379 867 445 Quando
895 382 1253 439 introduxerit
1289 386 1707 459 Primogenitum
1742 396 1793 449 in
1832 398 2016 452 orbem
2042 408 2137 454 ter-

2252 419 2342 464 τες
2370 403 2590 474 ἄγγελοι
2630 407 2785 463 Θεοῦ.
2818 427 2837 459 ο
2882 408 2937 459 ’0
2974 408 3081 478 γὰρ
3119 410 3339 480 ἰδιότητι
3388 416 3591 483 φυςικῇ
3647 415 3763 484 τῆς
3804 419 3882 469 0i-

587 486 681 535 ναξ,
708 472 843 531 dixit
872 491 886 527 :
938 473 1002 533 Et
1040 476 1264 535 adorent
1306 495 1431 535 eum
1466 496 1655 539 clunes
1689 488 1864 548 angeli
1910 489 2003 543 Dei
2027 491 2096 546 ".
2131 508 2149 543 ι

589 558 719 617 Nam
750 563 1080 633 proprietate
1109 575 1317 624 natura:
1341 569 1411 625 ab
1439 572 1692 628 universo
1725 576 1855 631 orbe
1886 584 2155 634 terrarum

582 651 787 717 diil’ert,
829 663 1088 723 extraque
1115 657 1286 727 ipsum
1337 662 1570 729 exsistit,
1600 675 1661 721 ut
1690 665 1863 731 Deus;
1901 684 2024 726 eum
2067 671 2151 725 in-

584 756 803 812 gressus
830 754 931 809 est,
971 761 1095 814 pars
1141 750 1323 803 mundi
1357 752 1687 819 declaratus,
1731 767 1787 811 ut
1840 760 2032 827 homo,
2062 763 2155 816 sed

588 850 691 891 non
714 835 918 893 idcirco
951 852 980 891 a
1011 838 1190 895 divina
1234 840 1401 910 gloria
1438 846 1663 899 excidit.
1697 846 1970 903 Aderatur
2008 852 2152 906 enim

584 932 644 981 ut
670 924 998 994 unigenitus,
1039 932 1255 989 tametsi
1295 945 1515 991 vocetur
1558 937 1965 1006 primogenitae.
2000 942 2154 1008 Quod

580 1017 800 1085 quidem
830 1026 913 1081 est
944 1019 1230 1079 manifeste
1276 1022 1626 1082 humanitatis
1661 1030 1953 1086 conditioni
1990 1047 2153 1101 quam

580 1107 819 1167 maxime
852 1111 1201 1171 conveniens.

651 1197 712 1257 Β.
755 1199 895 1271 Ergo
933 1212 987 1261 ut
1018 1204 1290 1263 hominem
1331 1206 1676 1265 adorabimus
1724 1211 2149 1271 Emmanuelem.

650 1400 718 1454 Α.
761 1398 935 1459 Absit.
967 1399 1330 1457 Vanissimum
1368 1402 1515 1455 enim
1562 1403 1661 1456 hoc
1704 1412 1807 1467 est,
1850 1414 1907 1458 et
1945 1405 2151 1461 fraudis

575 1503 740 1559 atque
792 1491 995 1544 erroris
1043 1490 1436 1557 plenissimum.
1492 1491 1620 1544 Nam
1668 1494 1767 1545 hoc
1810 1505 1968 1563 pacto
2017 1498 2148 1551 nihil

578 1581 887 1635 differemus
920 1581 985 1634 ab
1018 1581 1082 1633 iis
1112 1582 1201 1648 qui
1233 1590 1535 1634 creaturam
1576 1584 1752 1651 potius
1797 1600 1957 1653 quam
1992 1588 2152 1642 Crea-

578 1684 747 1727 torem
779 1672 983 1735 colunt,
1017 1672 1107 1739 qui
1155 1672 1371 1740 quidem
1413 1685 1819 1729 commutaruut
1866 1679 2147 1733 veritatem

2259 493 2526 565 κουμένης
2554 496 2773 565 ἁπάσης
2797 496 3110 565 διενεγκὼν,
3140 498 3248 565 ἔξω
3280 517 3340 552 τε
3381 502 3551 572 αὐτῆς
3580 503 3881 577 ὑπάρχων
3914 538 3915 541 η

2253 584 2330 648 ὡς
2350 586 2507 650 Θεὸς,
2538 588 2858 657 εἰσ-ϐέϐηκεν
2893 591 2971 652 εἰς
2996 591 3188 659 αὐτὴν,
3222 591 3388 663 μέρος
3418 593 3632 663 κόσμου
3670 605 3877 666 πεφη-

2255 673 2361 737 νὼς
2409 675 2480 738 ὡς
2526 676 2840 748 ἄνθρωπος,
2892 680 3033 751 πλὴν
3085 682 3146 733 οὺ
3200 682 3288 735 διὰ
3338 683 3497 737 τοῦτο
3543 685 3655 755 τῆς
3704 688 3877 752 θείας

2255 767 2531 821 ἀπώλισθε
2572 770 2749 841 δόξης.
2787 774 3182 842 Προσκυνεῖται
3227 776 3336 845 γὰρ
3383 777 3459 840 ὡς
3514 781 3867 848 μονογενὴς,

2254 857 2349 910 καὶ
2374 859 2421 910 εἰ
2452 859 2669 914 καλοῖτο
2702 863 3069 932 πρωτότοκος,
3103 867 3241 936 ὅπερ
3270 868 3419 920 ἐστὶν
3458 870 3723 942 ἐναργῶς
3750 877 3869 937 cui;

2254 946 2352 1015 τῆς
2384 946 2799 1019 ἀνθρωπότητος
2828 950 3053 1021 μέτροις
3078 952 3161 1005 ὅτι
3194 954 3433 1023 μάλιστα
3464 958 3713 1027 πρέπον.

2324 1206 2385 1261 Β.
2411 1208 2531 1279 'Ap'
2564 1204 2657 1261 οὖν
2678 1208 2753 1273 ὡς
2780 1210 3063 1279 ἄνθρωπον
3091 1219 3547 1289 προσκυνήσομεν
3580 1221 3681 1277 τὸν
3722 1224 3860 1295 ’ἱμο

2252 1298 2514 1368 μανουὴλ.

2319 1391 2383 1442 Λ.
2424 1391 2513 1461 Μὴ
2548 1390 2774 1459 γένοιτο.
2808 1394 2984 1464 Λῆρος
3018 1396 3117 1467 ἤδη
3152 1400 3321 1463 τουτὶ,
3355 1404 3447 1456 καί
3489 1405 3707 1476 ἀπάτη,
3752 1411 3856 1462 καὶ

2251 1481 2532 1551 πλάνησις.
2575 1485 2856 1555 Διοίσομεν
2906 1487 2963 1541 δὲ
3009 1493 3131 1543 κατ’
3162 1492 3314 1546 οὐδὲν
3373 1494 3483 1549 τῶν
3552 1501 3619 1568 τῇ
3662 1501 3855 1557 κτίσει

2249 1572 2684 1643 λελατρευκὸτων
2735 1578 2886 1647 παρά
2929 1579 3021 1632 τὸν
3054 1582 3294 1653 Κτίστην
3340 1587 3431 1637 καὶ
3463 1588 3729 1659 Ποιητὴν,
3768 1595 3853 1645 οἷ-

2248 1679 2391 1727 τινες
2441 1666 2780 1736 μετήλλαξαν
2830 1668 2927 1740 τὴν
2988 1672 3244 1742 ἀλήθειαν
3293 1675 3386 1729 τοῦ
3439 1678 3575 1732 Θεοῦ
3644 1682 3710 1733 ὲν
3766 1686 3852 1753 τῷ

578 1765 669 1820 Dei
707 1765 757 1817 in
795 1763 1157 1827 mendacium,
1204 1763 1347 1817 sicut
1387 1765 1643 1832 sei-iptum
1686 1766 1858 1819 est".
1907 1768 2137 1835 Quorum

2249 1754 2458 1823 ψεύδει,
2495 1758 2634 1811 κατὰ
2683 1760 2744 1812 τὸ
2787 1764 3193 1832 γεγραμμένον,
3224 1761 3305 1829 οἷς
3359 1770 3407 1820 εἱ
3458 1773 3849 1844 φρονήσαιμεν

572 1856 897 1912 sententiam
946 1857 1124 1909 sinos
1189 1869 1500 1924 sequamur,
1545 1871 1649 1910 una
1695 1858 1858 1910 etiam
1904 1875 2024 1912 cum
2068 1865 2147 1916 eis

575 1947 856 2002 audiemus
882 1960 897 1997 :
937 1964 956 1996 ι
997 1946 1245 2000 Dicentes
1271 1960 1328 1999 se
1357 1959 1479 1999 esse
1506 1946 1798 2014 sapientes,
1829 1948 1978 2003 stulti
2018 1950 2143 2005 facti

575 2046 718 2101 sunt,
752 2045 811 2091 et
838 2043 1180 2089 mutaverunt
1225 2033 1452 2103 gloriam
1498 2035 1926 2106 incorruptibilis
1961 2040 2053 2095 Dei
2092 2040 2146 2095 in

572 2128 979 2195 similitudinem
1045 2127 1293 2195 imaginis
1343 2128 1707 2195 corruptibilis
1768 2129 2038 2195 hominis,
2094 2142 2147 2187 et

574 2220 1016 2291 quadrupedum,
1042 2226 1098 2274 et
1130 2218 1460 2287 serpentium
1487 2219 1554 2274 ".
1588 2237 1607 2270 ι
1644 2221 1798 2292 701
1841 2220 1956 2277 Non
1998 2223 2142 2278 enim

570 2315 730 2367 etiam
750 2327 844 2365 nos
861 2310 1185 2379 ejuscemodi
1204 2311 1429 2375 erimus,
1446 2311 1631 2366 eadem
1649 2329 1766 2381 qum
1784 2315 1857 2368 illi
1885 2315 2144 2372 facientes

569 2418 633 2457 ac
649 2401 982 2456 sentientes?
1008 2411 1055 2453 et
1078 2400 1300 2469 gloriam
1316 2401 1409 2456 Dei
1440 2400 1493 2455 in
1520 2404 1853 2459 mendacium
1875 2416 2142 2463 mutantes

572 2494 625 2549 in
673 2494 1080 2548 similitudinem
1136 2494 1387 2562 imaginis
1447 2496 1815 2563 corruptibilis
1867 2498 2134 2564 hominis,

571 2594 826 2653 tanquam
856 2582 999 2636 nudo
1027 2580 1253 2645 homini,
1284 2590 1444 2648 atque
1468 2581 1555 2635 uni
1589 2596 1653 2635 ex
1686 2583 1838 2637 nobis
1869 2586 2141 2641 adoratio-

569 2688 692 2726 nem
728 2670 1033 2726 deferemus
1061 2669 1394 2727 Emntauueli
1418 2670 1441 2727 ’ἔ

635 2760 696 2817 Β.
727 2760 977 2819 Omnino.

636 2856 701 2908 Α.
743 2852 936 2911 Nonne
969 2867 1094 2907 vero
1125 2851 1289 2913 etiam
1342 2852 1578 2909 caelestis
1618 2854 1929 2927 angelorum
1968 2868 2139 2915 cintus

565 2946 754 3003 eadem
797 2961 900 3014 qua
943 2944 1015 3001 illi
1045 2944 1251 3000 insania
1283 2946 1528 3002 laborare
1567 2948 1774 3003 dicetur
1810 2949 1833 3001 ?

637 3032 697 3086 Β.
739 3035 818 3089 Ita
859 3035 1124 3103 profecto.

2246 1841 2472 1926 ἀδελφὰ,
2517 1845 2612 1897 καὶ
2659 1850 3103 1920 συνακουσόμεθα
3153 1854 3369 1918 πάντως
3395 1873 3408 1886 ·
3465 1876 3484 1909 ι
3525 1841 3847 1926 Φάσκοντες

2248 1925 2387 1985 εἶναι
2412 1934 2585 2001 σοφοὶ,
2617 1936 3034 2009 ἐμωράνθησαν,
3053 1942 3149 1995 καὶ
3173 1943 3407 2013 ἤλλαξαν
3433 1947 3528 2018 τὴν
3553 1949 3717 2016 δόξαν
3742 1925 3843 2007 τοῦ

2246 2022 2524 2094 ἀφθάρτου
2571 2026 2707 2080 Θεοῦ
2759 2030 2815 2082 ὲν
2861 2032 3164 2103 ὁμοιώματι
3207 2037 3416 2103 εἰκόνος
3459 2040 3706 2113 φθαρτοῦ
3734 2048 3842 2099 ἀνα

2247 2112 2484 2184 θρώπου,
2502 2118 2596 2171 καὶ
2614 2122 2891 2187 πετεινῶν,
2913 2124 3006 2176 καὶ
3025 2127 3389 2196 τετραπόδων,
3414 2132 3506 2184 καὶ
3523 2135 3801 2203 ἑρπετῶν.
3818 2157 3836 2188 ι

2245 2203 2321 2260 Ἦ
2350 2209 2458 2279 γὰρ
2487 2210 2606 2281 ούχὶ
2636 2212 2728 2265 καὶ
2754 2214 2912 2284 ἡμεῖς
2937 2216 3109 2283 αὐτοὶ,
3136 2219 3230 2273 καὶ
3277 2223 3515 2294 ίτουργοὶ
3564 2228 3657 2281 καὶ
3693 2229 3841 2299 σύμ.-

2246 2314 2441 2367 φρονες
2481 2303 2594 2364 τοῖς
2643 2305 3093 2375 μνημονευθεῖσιν
3124 2309 3395 2380 ἐσόμεθα,
3437 2318 3534 2385 τὴν
3562 2318 3657 2371 τοῦ
3695 2319 3837 2375 Θεοῦ

2242 2391 2399 2461 δόξαν
2446 2396 2505 2447 ὲν
2553 2396 2630 2465 τῷ
2675 2395 2859 2466 ψεύδει
2911 2400 3382 2470 μεταλλάττοντες,
3417 2410 3473 2462 ὲν
3514 2411 3836 2482 ὁμοιώματι

2244 2482 2447 2547 εἰκόνος
2483 2484 2721 2555 φθαρτοῦ
2750 2488 3057 2562 ἀνθρώπου,
3088 2494 3135 2545 εί
3164 2495 3239 2559 ὠς
3271 2496 3537 2570 ἀνθρώπῳ
3563 2501 3717 2573 ψιλῷ
3736 2506 3833 2560 καὶ

2245 2572 2324 2625 ἑνὶ
2349 2573 2457 2627 τῶν
2489 2575 2609 2629 καθ’
2638 2578 2787 2648 ἡμᾶς
2830 2581 3190 2653 προσοίσομεν
3219 2583 3318 2655 τὴν
3350 2572 3722 2662 προσκύνησιν
3753 2595 3832 2665 τῷ

2258 2663 2607 2737 Ἐμμανουήλ
2627 2683 2642 2733 ;

2314 2757 2373 2813 Β.
2416 2760 2526 2812 Καὶ
2568 2760 2734 2829 μάλα.

2312 2850 2377 2901 Λ.
2419 2849 2484 2902 Τί
2522 2850 2612 2915 se;
2653 2852 2774 2923 ούχὶ
2810 2853 2900 2906 καὶ
2931 2856 3068 2927 αὑτὴ
3102 2858 3210 2915 τῶν
3253 2862 3503 2931 ἀγγέλων
3535 2866 3566 2935 ἡ
3616 2866 3826 2921 ἄνωθεν

2242 2938 2471 3011 πληθὺς,
2489 2944 2601 3008 τοῖς
2628 2945 2707 3008 είς
2736 2945 2892 2999 τοῦτο
2917 2948 3111 3018 μανίας
3139 2951 3333 3021 ἥκουσι
3367 2958 3772 3026 πντετάξεταις

2313 3034 2372 3086 Β.
2406 3032 2666 3107 Ἀνάγκη.

636 3124 702 3179 Δ.
745 3099 884 3191 Quin
940 3135 995 3179 et
1074 3125 1310 3195 gentium
1390 3126 1544 3180 turba
1625 3126 2018 3195 inevitabilem,
2082 3142 2137 3186 ut

2310 3126 2373 3178 Α.
2406 3126 2740 3198 Ἀνεξίτητον
2768 3128 2846 3195 δὲ,
2874 3126 3025 3200 οἶμαί
3060 3151 3183 3198 που,
3215 3136 3313 3206 τὴν
3341 3140 3434 3191 ἐπὶ
3447 3139 3524 3211 τῷ
3544 3142 3824 3211 πεπλανῆ-

564 3215 819 3280 arbitror,
844 3215 1045 3275 erroris
1076 3217 1467 3273 accusationem
1499 3219 1757 3285 incurret,
1788 3228 1842 3274 et
1874 3221 2134 3277 ineluibili

561 3309 760 3367 veteris
798 3307 965 3377 culpa
995 3307 1114 3362 labe
1143 3307 1339 3363 infecta
1368 3311 1486 3362 erit.
1544 3308 1758 3379 Erravit
1793 3317 1934 3367 enim
1972 3316 2134 3373 etiam

564 3417 726 3467 nunc,
758 3410 811 3457 et
838 3400 1051 3470 quidem
1097 3400 1263 3454 uibilu
1296 3401 1470 3457 secius
1516 3417 1673 3471 quam
1710 3404 1861 3471 olim,
1895 3416 1949 3463 et
1998 3408 2135 3463 viam

561 3508 681 3564 quae
733 3494 799 3548 ad
862 3494 1138 3549 vetitatcm
1203 3492 1346 3546 ducit
1381 3494 1663 3561 ignoravit.
1714 3496 1865 3562 Quod
1916 3501 2135 3568 quidem

561 3584 774 3643 abunde
822 3592 1079 3643 testatur,
1107 3591 1164 3643 ut
1201 3592 1455 3651 apparet,
1492 3582 1725 3652 Paulus,
1761 3587 1833 3645 ita
1863 3604 1954 3642 cas
1986 3606 2133 3645 com.

559 3675 763 3745 pellens
796 3689 861 3730 ac
913 3674 1098 3731 dicens
1146 3692 1160 3726 ι
1206 3691 1225 3725 ι
1259 3674 1363 3730 Sed
1396 3684 1520 3732 tunc
1565 3679 1779 3748 quidem
1827 3680 2136 3749 ignorantes

558 3765 759 3831 Deum,
801 3765 866 3821 iis
916 3767 1006 3835 qui
1068 3773 1259 3821 natura
1316 3782 1422 3822 non
1473 3776 1599 3823 sunt
1656 3770 1728 3823 dii
1791 3774 2132 3833 serviebatis.

554 3858 709 3915 Nunc
763 3868 941 3915 autem
992 3874 1114 3913 cum
1153 3859 1513 3928 cognoveritis
1547 3858 1750 3925 Deum,
1787 3862 1894 3916 imo
1936 3867 2131 3930 cogniti

554 3951 675 4006 sitis
698 3965 727 4003 a
751 3948 861 4005 Deo
891 3964 908 4002 :
935 3952 1203 4021 quomodo
1220 3951 1589 4007 convertimini
1609 3952 1799 4008 iterum
1820 3954 1886 4009 ad
1921 3958 2129 4011 inﬁrina

552 4054 610 4099 et
641 4058 808 4114 egena
841 4043 1126 4108 eleiuenta,
1152 4042 1347 4111 quibus
1367 4043 1540 4098 denuo
1566 4044 1768 4102 servire
1796 4048 1955 4101 vultis
1975 4048 2022 4078 ⁷⁸
2054 4050 2076 4102 ?
2104 4068 2125 4102 ι

554 4133 779 4198 Qualem
809 4132 954 4187 enim
989 4132 1155 4186 Deum
1210 4142 1539 4199 cognorunt,
1583 4135 1625 4187 si
1677 4150 1781 4189 non
1811 4145 1894 4191 est
1941 4147 2130 4194 natura

551 4222 697 4279 Deus
714 4222 984 4287 Christus,
1014 4222 1066 4276 in
1090 4236 1248 4291 quem
1273 4223 1653 4277 crediderunt?
1685 4235 1738 4280 et
1765 4226 1807 4281 si
1830 4230 2131 4284 servierunt

549 4315 785 4380 bomini,
855 4316 907 4369 in
962 4314 1216 4383 pristinos
1266 4316 1468 4369 erroris
1523 4314 1742 4385 laqueos
1802 4320 2122 4378 inciderunt.

549 4409 705 4462 Anne
735 4421 859 4461 vere
889 4407 981 4460 tibi
1018 4406 1199 4461 dicere
1226 4406 1409 4461 videor
1435 4406 1458 4458 ?
1538 4407 1545 4417 '
1872 4420 1880 4431 ·

616 4498 678 4552 Β.
718 4496 968 4552 Prorsus.

617 4590 685 4646 Α.
721 4590 855 4645 Vide
888 4591 1091 4658 itaque,
1137 4590 1405 4660 quomodo
1443 4589 1556 4658 jam
1603 4595 1922 4651 necessariis
1961 4606 2122 4667 atque

549 4682 893 4739 evidentibus
925 4682 1286 4750 argumentis,
1323 4690 1377 4737 et
1411 4692 1617 4739 tantum
1652 4698 1758 4738 non
1788 4684 2028 4743 nolentes
2056 4703 2121 4744 eo

545 4773 959 4844 compellamur,
993 4785 1049 4828 ut
1078 4772 1363 4828 debeamus
1397 4776 1666 4849 sapienter
1694 4785 1942 4850 tanquam
1974 4794 2123 4837 natu-

546 4868 733 4922 raliter
764 4864 934 4925 Deum
963 4867 1184 4923 adorare
1212 4864 1428 4933 Filium,
1452 4869 1614 4923 etiam
1648 4868 1699 4924 in
1729 4880 1917 4927 nostra
1948 4871 2120 4931 forma

544 4967 928 5027 apparentem,
977 4971 1098 5012 cum
1144 4959 1506 5015 coalescentia
1559 4961 1673 5016 sive
1723 4971 2017 5021 concursus
2067 4967 2119 5021 in

542 5046 801 5100 unitatem
829 5059 934 5099 non
968 5044 1145 5114 inepte
1174 5046 1343 5115 possit
1369 5046 1510 5103 illam
1544 5063 1661 5117 quae
1686 5048 1749 5103 de
1775 5049 2121 5111 humanitatis

538 5136 846 5205 suspicione
878 5134 1112 5191 incidere
1153 5146 1331 5203 posset
1364 5137 1727 5201 diliicultatem
1770 5142 1975 5201 tollere.

614 5226 675 5282 Β.
712 5226 828 5293 Quo
861 5238 1020 5297 pacto
1046 5228 1171 5283 ais?

608 5315 676 5369 Α.
716 5314 918 5370 Natura
950 5317 1093 5371 enim
1117 5317 1300 5385 Verbi,
1335 5331 1605 5391 assumpta
1632 5324 1985 5393 humanitate,
2015 5341 2117 5382 non

532 5417 621 5464 est
656 5405 796 5463 nuda
826 5406 1156 5476 humanitas,
1181 5413 1273 5471 sed
1304 5415 1481 5484 potius
1508 5417 1726 5475 vincens
1765 5420 1981 5490 proiiria
2022 5436 2117 5475 sua

528 5499 705 5575 gloria
756 5497 810 5553 id
853 5502 995 5568 quod
1035 5514 1365 5573 assumptum
1415 5518 1519 5575 est,
1573 5510 1907 5569 divinitatem
1964 5528 2115 5570 suam

2243 3215 2363 3270 σθαι
2397 3218 2615 3290 γραφὴν
2643 3219 2736 3274 καὶ
2785 3223 2852 3292 τῇ
2890 3223 2996 3276 τῶν
3040 3224 3209 3279 ἐθνῶν
3236 3228 3405 3301 ἀγέλῃ
3429 3232 3818 3303 περιθήσομεν,

2241 3308 2333 3362 καὶ
2366 3309 2763 3364 δυσαπόνιπτον
2813 3314 2922 3378 ἕξει
2966 3315 3072 3368 τῶν
3121 3318 3366 3388 ἀρχαίων
3393 3325 3731 3393 αἱτιαμάτων
3758 3328 3820 3380 τὸ

2240 3398 2455 3467 βλάϐος.
2475 3401 2745 3456 Πλανᾶται
2768 3403 2894 3473 γὰρ,
2924 3398 3101 3476 οἶμαι,
3120 3410 3211 3460 καὶ
3239 3408 3353 3478 νῦν,
3371 3414 3461 3465 καὶ
3486 3415 3637 3467 οὐδὲν
3658 3411 3817 3487 ἦττον

2238 3491 2270 3561 ἢ
2324 3492 2513 3557 πάλαι,
2560 3495 2653 3548 καὶ
2701 3494 2797 3565 τὴν
2847 3494 2927 3561 είς
2975 3499 3104 3552 εὐθὺ
3140 3500 3549 3574 διαστείχουσαν
3582 3508 3814 3578 ἠγνόηκε

2237 3583 2441 3653 τρίὸον.
2475 3586 2584 3643 Καὶ
2615 3588 2884 3658 περιττὸς,
2908 3588 2982 3652 ὡς
3008 3592 3203 3657 ἔοικεν,
3232 3593 3260 3645 ό
3283 3599 3554 3666 μακάριος
3585 3598 3812 3664 Παῦλος,

2238 3676 2574 3746 προσφωνῶν
2595 3694 2653 3729 τε
2675 3680 2853 3743 αὐτοῖς
2884 3681 2977 3734 καὶ
3008 3680 3230 3751 λέγων’(
3255 3684 3413 3743 Ἀλλά
3440 3687 3560 3741 τότε
3593 3691 3691 3760 μὲν
3717 3693 3813 3747 οὐκ

2235 3766 2435 3832 εἰδότες
2456 3767 2606 3834 Θεὸν,
2631 3769 2975 3824 ἐδουλεύσατε
3019 3775 3132 3836 τοῖς
3184 3775 3259 3846 μὴ
3310 3777 3467 3845 φύσει
3499 3780 3659 3845 θεοῖς.
3677 3783 3811 3835 Νυνὶ

2234 3859 2293 3912 δὲ
2318 3860 2535 3927 γνόντες
2565 3859 2717 3927 Θεὸν,
2745 3861 2943 3931 μᾶλλον
2968 3862 3024 3916 δὲ
3052 3865 3381 3931 γνωσθέντες
3410 3870 3514 3922 ὑπὸ
3536 3870 3631 3923 τοῦ
3652 3870 3805 3937 Θεοῦ,

2236 3952 2351 4015 πῶς
2382 3952 2738 4024 ἐπιστρέφετε
2768 3954 2929 4007 πάλιν
2974 3957 3067 4008 ἐπὶ
3112 3957 3182 4009 τὰ
3225 3958 3428 4030 ἀσθενῆ
3482 3965 3575 4017 καὶ
3621 3966 3805 4036 πτωχὰ

2235 4049 2495 4115 στοιχεῖα,
2524 4040 2603 4110 οἷς
2634 4047 2795 4100 πάλιν
2823 4049 3027 4103 ἄνωθεν
3055 4050 3323 4108 δουλεύειν
3355 4054 3538 4110 θέλετε
3559 4075 3573 4123 ;
3595 4077 3615 4110 ι
3653 4060 3805 4115 Ποῖον

2233 4136 2341 4207 γὰρ
2364 4137 2443 4189 ἔτι
2471 4137 2602 4191 Θεὸν
2631 4138 2953 4207 ἐγνώκασιν,
2985 4145 3033 4195 εἰ
3065 4144 3137 4214 μὴ
3171 4144 3327 4236 ﬁt
3352 4147 3485 4211 Θεὸς
3503 4152 3531 4203 ὁ
3552 4152 3801 4221 Χριστὸς,

2231 4229 2311 4290 εἰς
2334 4228 2393 4280 ὃν
2425 4229 2858 4301 πεπιστεύκασι;
2888 4234 2998 4287 Καὶ
3015 4236 3063 4286 εί
3082 4228 3498 4308 λελαῖρὲύκασιν
3511 4239 3798 4312 ἀνθρώπῳ,

2229 4318 2342 4379 τοῖς
2374 4317 2472 4386 τῆς
2516 4319 2749 4388 ἀρχαίας
2802 4321 3120 4393 πλανήσεως
3160 4327 3433 4397 ἐνέχονται
3460 4328 3688 4401 βρόχοις.
3730 4334 3798 4385 Ἦ

2159 4428 2204 4482 D
2232 4412 2330 4464 οὐκ
2368 4411 2565 4482 ἀληθὲς
2601 4414 2628 4465 ὃ
2667 4431 2842 4483 φημι;

2305 4502 2367 4556 Β.
2408 4503 2557 4557 Πάνυ
2603 4505 2701 4574 μὲν
2740 4502 2851 4559 οὖν.

2301 4596 2366 4647 Α.
2392 4593 2580 4665 ’Ἅθρει
2608 4594 2672 4665 δὴ
2700 4593 2813 4664 οὖν,
2855 4599 3001 4663 ὅπως
3045 4599 3103 4667 ἐξ
3150 4601 3466 4672 ἀναγκαίων
3492 4607 3591 4678 ἤδη
3624 4607 3795 4661 συλλοο

2230 4684 2442 4755 γισμῶν
2498 4687 2778 4756 μονονουχὶ
2836 4690 2929 4741 καὶ
2993 4690 3089 4759 ούχ
3143 4693 3358 4758 ἑκόντες
3414 4699 3789 4769 συνωθούμεθσ

2230 4774 2368 4846 πρός
2394 4792 2457 4844 γε
2487 4775 2547 4828 τὸ
2569 4776 2677 4829 δεῖν
2704 4778 2990 4848 ἐμφρόνως
3015 4780 3088 4844 ὡς
3120 4780 3239 4854 Θεῷ
3281 4786 3420 4839 κατὰ
3454 4787 3617 4857 φύσιν
3640 4806 3794 4859 ’προσ⁴

2229 4868 2411 4923 κυνεῖν
2441 4865 2519 4936 τῷ
2548 4866 2684 4937 Υίῷ,
2720 4871 2814 4922 καὶ
2856 4871 2912 4923 ἐν
2943 4869 3019 4940 τῷ
3050 4870 3170 4924 καθ’
3197 4874 3343 4945 ἡμᾶς
3382 4878 3645 4949 πεφηνότι
3680 4880 3794 4951 σχή-

2231 4975 2397 5027 ματι,
2439 4958 2541 5027 τῆς
2583 4962 2661 5022 εἰς
2710 4961 2935 5030 ἑνότητα
3010 4964 3315 5038 συνδρομῆς
3384 4971 3486 5023 ούκ
3538 4972 3794 5035 ἀνικάνως

2227 5048 2457 5119 ἐχούσης
2478 5052 2557 5112 είς
2576 5049 2636 5103 τὸ
2663 5052 2923 5121 ἀφανίσαι
2951 5054 3110 5124 τυχὸν
3130 5056 3191 5108 τὸ
3220 5058 3315 5110 καὶ
3361 5058 3472 5112 ἔσθ’
3493 5061 3581 5114 ὅτε
3603 5061 3792 5117 λυποῦν

2228 5144 2307 5206 εἰς
2338 5140 2755 5213 ἀνθρωπότητος
2788 5144 3042 5213 ὑποψίαν.

2297 5230 2357 5289 Β.
2400 5232 2525 5296 Πῶς
2566 5232 2735 5303 εφηςς

2296 5325 2359 5377 Α.
2402 5324 2788 5395 Προσλαῦοῦσα
2811 5327 2917 5398 γὰρ
2946 5330 2979 5398 ἡ
3007 5329 3099 5382 τοῦ
3118 5330 3288 5399 Λόγου
3320 5332 3481 5402 φύσις
3506 5333 3567 5386 τὸ
3592 5334 3796 5404 ἀνθρώ·

2228 5434 2401 5481 πινον,
2436 5418 2535 5471 οὐκ
2568 5419 2923 5492 ὰνθρωπότης
2952 5423 3066 5475 ἐστὶ
3098 5422 3250 5496 ψιλὴ,
3279 5426 3483 5480 νικῶσα
3512 5426 3570 5483 δὲ
3603 5427 3795 5498 μᾶλλον

2227 5510 2335 5581 ἰδίᾳ.
2366 5510 2492 5584 δόξῃ
2533 5513 2592 5565 τὸ
2626 5515 2992 5585 προσληφθὲν,
3025 5518 3081 5571 ὲν
3116 5517 3394 5594 ἀκλονήτῳ
3424 5519 3653 5584 σώζεται
3679 5521 3795 5578 διας

606 5673 856 5735 "Hebr.
889 5689 927 5745 ι,
958 5675 1012 5735 s.
1090 5677 1512 5753 “Ramnes.
1589 5688 1788 5745 "ibid.
1827 5689 2042 5756 21,25.
2125 5692 2137 5722 τ

2244 5690 2369 5746 alat.
2407 5708 2480 5759 tv,
2510 5694 2562 5759 8,
2596 5693 2649 5750 9.
