4038 6200
230 317 371 372 ωδε

1332 314 1421 368 DE
1459 313 1976 370 iNCUlNATiONE
2017 312 2393 371 UNIGENITI.

3370 318 3508 373 1:236

228 442 371 511 μονῇ
401 438 498 510 τῆς
534 433 871 504 θεοπρεποῦς
901 433 1175 498 εὐκλείας.
1208 434 1377 487 Ταυτὶ
1413 437 1734 506 φρονοῦντες
1772 438 1820 489 οἱ

1929 436 2194 507 integram
2234 446 2394 505 atque
2424 436 2798 491 inconcussam
2833 412 3048 492 retinet.
3092 434 3243 501 Quod
3288 435 3508 503 quidem

227 530 492 601 μαθηταὶ,
521 526 890 598 προσεκύνουν
913 524 1182 593 λέγοντες
1219 544 1236 577 ι
1262 527 1498 596 ’Δληθῶς
1529 526 1664 579 Θεοῦ
1693 527 1818 590 Υἱὸς

222 618 295 675 εῐ·
331 641 351 674 ι
387 621 564 674 καίτοι
596 619 761 688 βάδην
800 618 945 671 ἰόντα
979 615 1287 686 βλέποντες,
1308 619 1401 670 καὶ
1426 619 1484 669 ὲν
1510 619 1673 689 σαρκὶ
1697 618 1817 673 καθ’

218 713 399 782 ἡμᾶς’
436 711 520 762 ἐπ’
548 709 718 779 άκρου
754 708 864 779 γὰρ
908 706 973 777 δὴ
1012 706 1177 760 διέθει
1206 707 1445 778 κύματος
1476 708 1817 780 παραδόξως,

219 801 300 867 ὡς
336 802 487 864 Θεό-ς.

302 983 363 1034 Β.
404 982 516 1034 Καὶ
546 981 630 1043 τίς
660 976 727 1049 ἦν
753 978 781 1030 ὁ
810 979 986 1047 λέγων
1023 978 1160 1048 πρὸς
1194 977 1294 1047 τὴν
1340 982 1396 1033 ἐν
1421 983 1484 1050 τῇ
1531 980 1815 1054 Σαμαρείᾳ

226 1076 491 1141 γυναῖκαο
537 1070 766 1141 ι’Υμεῖς
817 1072 1177 1142 προσκυνεῖτε
1213 1069 1241 1122 ὃ
1286 1071 1385 1123 οὐκ
1425 1071 1627 1135 οἴδατε,
1659 1074 1819 1142 ἡμεῖς

226 1162 647 1233 προσκυνοῦμεν
672 1162 700 1214 ὃ
726 1161 982 1231 οἴδαμεν;
1018 1181 1037 1214 ι
1072 1157 1205 1215 Εἶτα
1236 1164 1354 1226 πῶς
1383 1163 1535 1216 ἔσται
1573 1182 1817 1235 προσκυ-

230 1255 415 1325 νητὸς,
444 1256 473 1307 6
498 1257 609 1317 τοῖς
632 1252 1000 1325 προσκυνοῦσι
1030 1255 1497 1326 συντεταγμένος;

301 1348 367 1398 Δ.
410 1348 519 1400 Καὶ
544 1340 729 1416 μὴν,ὧ
746 1346 989 1417 φιλότης,
1020 1346 1081 1399 τὸ
1111 1347 1206 1412 Τίς
1231 1347 1294 1417 δὴ
1316 1346 1475 1400 τοῦτο
1498 1348 1820 1412 πλειστάκις

228 1440 532 1505 άναφωνεῖς
569 1438 629 1491 τὸ
659 1436 933 1503 λεξείδιον,
964 1438 1062 1492 οὐκ
1092 1433 1189 1493 οἶδ’
1218 1441 1366 1504 ὅπως
1396 1444 1509 1505 τοῖς
1540 1442 1819 1507 ἀσυνέτοις

227 1530 617 1603 ἐξευρημένον.
662 1531 1010 1601 Μεμέρισται
1044 1532 1153 1603 γὰρ
1188 1533 1439 1603 οὐδαμῶς
1486 1536 1514 1589 6
1559 1534 1815 1607 Χριστός.

242 1621 301 1674 '0
325 1620 380 1674 δὲ
400 1619 480 1690 τῷ
504 1621 715 1691 γυναίῳ
745 1621 1084 1692 προσλαλῶν,
1110 1624 1139 1675 6
1172 1617 1252 1686 εἷς
1287 1640 1347 1677 τε
1378 1623 1472 1677 καὶ
1505 1624 1666 1695 μόνος
1700 1625 1818 1680 Κύ-

228 1729 344 1784 ριος
392 1706 461 1784 ἦν
498 1712 705 1783 Ἰησοῦς
737 1716 764 1767 6
792 1714 1048 1785 Χριστὸς,
1083 1713 1145 1768 ἔκ
1182 1732 1239 1768 τε
1278 1716 1374 1796 τῇς
1406 1718 1818 1794 προσκυνούσης

1923 529 2215 582 sentientes
2275 527 2556 598 discipuli,
2601 528 2894 582 adorarunt
2938 527 3178 583 dicentes
3221 544 3234 580 :
3288 544 3307 578 ι
3370 518 3512 581 Vere

1923 617 2089 673 Filius
2135 617 2231 673 Dei
2285 633 2375 682 es,
2415 638 2433 670 ι
2496 618 2807 695 ευιιιηίιιυηι
2868 617 3288 672 inambulantem
3355 614 3512 685 aquis

1922 720 2226 785 cernerent,
2256 707 2468 763 tametsi
2497 709 2548 762 in
2576 723 2738 763 carne
2770 718 3080 764 versaretur
3115 718 3171 761 ut
3201 722 3295 761 nos
3322 724 3337 761 :
3360 721 3510 762 suun

1923 815 2043 853 mos
2099 801 2241 854 enim
2305 800 2500 858 ﬂuctus
2559 800 2908 872 percurrebat
2971 796 3400 861 admirabiliter,
3452 805 3509 849 ut

1925 891 2088 944 Deus.

1992 976 2052 1038 Β.
2084 983 2246 1054 Atqui
2282 984 2526 1053 quisnam
2560 994 2677 1038 erat
2707 983 2894 1037 dicens
2918 983 2982 1037 ad
3008 983 3287 1036 mulierem
3321 978 3515 1035 Sama-

1922 1076 2152 1131 ritanam
2198 1095 2212 1133 :
2267 1096 2287 1129 ι
2342 1077 2450 1132 Vos
2494 1079 2731 1134 adoratis
2767 1078 2911 1147 quod
2953 1077 3221 1132 nescitis:
3266 1089 3363 1128 nos
3412 1073 3510 1128 ad-

1922 1184 2142 1224 oramus
2170 1172 2314 1238 quod
2355 1170 2557 1226 scimus
2602 1169 2649 1202 '"
2678 1171 2702 1223 ?
2736 1189 2755 1224 ι
2790 1171 3058 1227 Praeterea
3105 1165 3373 1238 quomodo
3408 1165 3512 1219 erit

1923 1260 2252 1327 adorandus,
2287 1263 2377 1331 qui
2417 1273 2500 1319 est
2531 1264 2582 1317 in
2622 1278 2850 1319 numero
2876 1277 3061 1319 eorum
3093 1260 3183 1331 qui
3233 1258 3513 1314 adorant?

1990 1352 2057 1405 A.
2093 1346 2458 1423 Frequenter,
2497 1368 2529 1408 ο
2551 1354 2754 1418 amice,
2782 1354 2923 1409 banc
2952 1367 3161 1414 vocem,
3195 1348 3350 1418 Quis,
3380 1350 3508 1404 mihi

1921 1442 2149 1505 occinis,
2204 1444 2384 1498 nescio
2423 1444 2692 1514 quomodo
2757 1447 2827 1500 ab
2874 1445 3139 1515 imperitis
3208 1444 3506 1498 inventam.

1922 1532 2075 1588 Nulla
2104 1533 2264 1604 702
2295 1534 2438 1587 enim
2470 1536 2675 1589 ratione
2721 1536 2923 1590 divisus
2964 1544 3047 1589 est
3084 1533 3354 1589 Christus.
3405 1531 3507 1598 Qui

1920 1630 2058 1678 vero
2096 1624 2377 1677 mulierem
2424 1622 2746 1693 alloquitur,
2777 1639 2916 1678 unus
2949 1638 3013 1677 ac
3060 1621 3207 1678 solus
3247 1621 3508 1677 Dominus

1921 1726 2039 1781 erat
2070 1714 2227 1771 Iesus
2273 1714 2544 1783 Christus,
2593 1731 2657 1771 ex
2691 1717 3025 1770 humanitate
3057 1728 3174 1784 quae
3207 1716 3424 1779 adorat,
3455 1724 3511 1769 et

228 1801 898 1883 {voewrrdtqroigﬁlf}
926 1802 1025 1883 ei:
1056 1789 1818 1883 ancg

1927 1810 2207 1865 divinitate
2238 1823 2357 1878 qua:
2382 1808 2635 1862 aduratur
2666 1806 2922 1863 ineﬂabili
2959 1807 3116 1860 modo
3150 1808 3503 1874 compositus.

231 1983 325 2036 καὶ
355 1984 554 2054 ἑτέρως
589 1986 716 2057 περ)⁵
746 1980 1014 2059 αὐτοῦ.ᾝ
1044 1989 1142 2058 μὲν
1180 1987 1290 2059 γάρ
1331 1991 1447 2043 ἐστι
1479 1988 1633 2055 Θεὸς,
1662 1994 1819 2045 νοοῖτ’

230 2075 297 2128 ἂν
346 2074 606 2146 ὑπάρχων
636 2077 797 2141 αὐτὸς
824 2079 853 2131 6
888 2079 987 2148 τῆς
1032 2078 1191 2150 δόξης
1229 2079 1454 2151 Κύριος·
1544 2082 1600 2136 δὲ
1628 2084 1819 2153 γέγονε

230 2167 373 2220 κατὰ
406 2167 621 2238 μέθεξιν
661 2168 760 2240 τὴν
786 2171 937 2240 παρὰ
963 2169 1096 2223 Θεοῦ
1126 2170 1480 2244 δοξαζόμενος
1510 2173 1818 2246 ἄνθρωπος,

232 2256 404 2309 ἐδεῖτο
449 2257 545 2310 καὶ
588 2258 766 2327 δόξης,
795 2258 970 2326 λέγων
992 2275 1005 2289 ⁸
1057 2279 1075 2310 ι
1106 2260 1310 2332 Πάτερ,
1350 2262 1575 2329 δόξασόν
1604 2281 1697 2317 σου
1726 2266 1820 2319 τὸν

232 2348 380 2402 Υἱόν.
410 2368 430 2400 ι
452 2348 614 2414 Ἀλλ’,
639 2369 656 2401 ‹
682 2340 773 2411 Εἷς
794 2350 1016 2419 Κύριος,
1044 2351 1141 2422 μία
1165 2353 1367 2419 πίστις,
1393 2353 1451 2407 ἒν
1475 2354 1813 2428 βάπτισμα.»

229 2438 373 2492 κατὰ
397 2439 460 2492 τὸ
487 2439 1111 2512 γεγραμμένον.Ὤσπερ
1138 2437 1229 2495 οῦν
1263 2444 1378 2496 ἐστι
1405 2444 1504 2515 μία
1543 2445 1748 2513 πίστις,
1785 2450 1819 2518 ἡ

228 2533 306 2594 είς
337 2532 593 2603 Χριστὸν,
635 2533 729 2585 καὶ
760 2532 817 2585 ἓν
848 2533 1066 2603 άληθῶς
1089 2535 1148 2587 τὸ
1174 2534 1480 2606 βάπτισμα,
1515 2539 1692 2591 καίτοι
1729 2536 1821 2609 βα-

229 2622 571 2693 πτιζομένων
596 2626 691 2677 καὶ
723 2625 1167 2679 πεπιστευκότων
1192 2627 1349 2698 ἡμῶν
1370 2631 1449 2691 εἰς
1479 2630 1699 2700 Πατέρα
1725 2632 1820 2684 καὶ

236 2715 365 2768 Υἱὸν
390 2717 485 2768 καὶ
508 2717 660 2784 ἆγιον
682 2719 909 2788 Πνεῦμα
926 2736 937 2749 ·
970 2720 1113 2772 κατὰ
1134 2719 1224 2773 τὸν
1245 2719 1821 2795 αύτὸν.οἷμαι,τρόπον

235 2822 293 2857 τε
313 2808 408 2858 καὶ
432 2806 587 2873 λόγον
609 2809 702 2878 μία
719 2810 1088 2882 προσκύνησις
1106 2813 1334 2884 Πατρὸς,
1356 2815 1445 2867 καὶ
1465 2815 1822 2887 ἐνανορωπή-

240 2915 431 2962 σαντυς
453 2898 606 2965 Υίοῦ,
627 2918 719 2953 και
738 2901 895 2969 ἁγίου
921 2902 1257 2973 Πνεύματος.
1292 2905 1693 2977 Ἐξωσθήσεται
1713 2908 1820 2981 γὰρ

234 2989 491 3060 οὐδαμῶς
516 2991 612 3045 τοῦ
642 2994 1059 3062 προσκυνεῖσθαι
1080 2994 1208 3061 δεῖν,
1250 2998 1387 3069 πρός
1428 3016 1486 3051 τε
1526 2999 1683 3069 ήμῶν
1724 3002 1820 3055 αύ-

233 3080 344 3136 τῶν
371 3084 464 3135 καὶ
492 3081 602 3137 τῶν
635 3084 807 3152 ἁγίων
837 3085 1080 3155 ἀγγέλων
1106 3088 1131 3141 6
1165 3089 1496 3162 Μονογενὴς,
1530 3092 1623 3145 καὶ
1653 3095 1701 3146 εί
1729 3093 1820 3163 γέ·
1847 3128 1889 3185 C

235 3188 359 3241 γονε
410 3173 567 3245 σὰρξ,
596 3176 690 3227 καὶ
731 3177 1040 3246 ἐσκήνωσεν
1076 3179 1133 3230 ὲν
1175 3181 1327 3250 ἡμῖν,
1356 3183 1729 3253 κεχρημάτικέ
1759 3201 1819 3238 τε

236 3266 580 3337 πρωτότοκος
610 3269 666 3321 ὲν
695 3268 907 3333 πολλοῖς
935 3269 1200 3339 ἀδελφοῖς.
1222 3272 1373 3327 Ἐπεὶ
1404 3275 1485 3337 τίς
1524 3277 1589 3328 ἂν
1612 3277 1822 3345 γένοιτο

238 3357 421 3411 λοιπὸν
447 3360 474 3411 ό
503 3359 602 3428 τῆς
632 3362 719 3412 ἐπ’
745 3360 893 3432 αὐτῷ
918 3363 1152 3427 πίστεως
1182 3363 1358 3431 λόγος,
1388 3365 1504 3431 πῶς
1534 3368 1634 3421 οὐκ
1672 3370 1821 3434 ἄξιον

242 3449 368 3502 ἰδεῖν
388 3468 400 3515 ;
422 3450 555 3502 Οὐδὲ
581 3450 711 3523 γὰρ,
735 3449 908 3524 οἶμαι,
929 3458 1086 3522 φαῖεν
1109 3454 1174 3509 ἂν
1199 3456 1354 3527 οἵπερ
1380 3456 1446 3511 ἂν
1471 3458 1673 3512 ἕλοιντο
1697 3479 1826 3532 φρο-

244 3542 347 3593 νεῖν
378 3538 572 3610 ὀρθῶς,
601 3540 674 3604 ὡς
707 3543 787 3606 είς
829 3544 987 3614 μόνον
1012 3543 1459 3616 πεπιστεύκαμεν
1485 3547 1574 3601 τὸν
1600 3550 1661 3601 ὲκ
1683 3550 1819 3604 Θεοῦ

242 3632 414 3699 φύντα
440 3633 634 3702 Λόγον,
660 3636 1103 3705 άπογυμνοῦντες
1137 3639 1298 3691 αὐτὸν
1331 3639 1431 3708 τῆς
1470 3642 1686 3713 σαρκός·
1712 3642 1821 3695 οὐδ’

242 3717 304 3774 αὖ
346 3724 521 3775 ἐκεῖνο
563 3725 885 3795 παρήσομεν
923 3728 1118 3779 εἰπεῖν’
1153 3726 1427 3794 λελέξεται
1467 3731 1631 3802 rip.“

311 3813 370 3867 Β.
411 3814 485 3866 T6
521 3815 574 3866 τί
610 3814 672 3884 δὴ
714 3818 853 3886 φὴς;
991 3884 997 3891 ο

312 3906 377 3958 Α.
420 3903 492 3957 Οὐ
534 3906 641 3976 γὰρ
680 3908 754 3972 ὡς
799 3910 879 3971 εἰς
910 3908 1005 3963 ἕνα
1050 3910 1155 3963 τῶν
1200 3912 1323 3965 καθ’
1353 3913 1520 3982 ἡμᾶς,
1549 3911 1671 3965 οὔτε
1716 3914 1823 3985 μὴν

243 3995 318 4059 ὡς
361 3997 441 4057 εἰς
482 3996 764 4067 ἄνθρωπον
800 4002 829 4071 ή
865 4001 1062 4067 πίστις,
1093 4003 1207 4056 ἀλλ’
1236 4007 1315 4068 εἰς
1358 4005 1490 4058 Θεὸν
1528 4005 1824 4077 πράττεται

244 4088 333 4142 τον
373 4088 530 4157 φύσει
573 4091 667 4143 καὶ
711 4092 923 4163 άληθῶς
954 4095 1011 4147 ὲν
1039 4095 1321 4170 προσώπω
1343 4097 1601 4167 Χριστοῦ⁶
1632 4098 1825 4170 συλλή-

240 4181 401 4251 ψεται
437 4181 493 4236 δὲ
519 4181 596 4253 τῷ
632 4184 773 4256 λόγῳ
806 4186 900 4239 καὶ
931 4188 959 4239 6
988 4187 1148 4256 σοφὸς
1176 4181 1401 4259 γρῖφων
1429 4190 1661 4254 Παῦλος·
1697 4211 1714 4243 ι
1747 4192 1821 4245 Οὐ

242 4276 349 4345 γὰρ
396 4274 623 4339 ἑαυτοὺς
673 4277 1089 4349 ὲκηρύσσομεν,
1156 4279 1291 4334 ἀλλὰ
1340 4283 1570 4352 Χριστὸν
1616 4284 1824 4353 Ἰησοῦν

246 4365 467 4437 Κύριον·
504 4368 732 4432 ἑαυτοὺς
772 4368 827 4421 δὲ
865 4368 1082 4433 δούλους
1127 4370 1281 4441 ὑμῶν
1319 4372 1405 4426 διὰ
1443 4373 1700 4445 Χριστοῦ,
1743 4366 1825 4430 ὅτι

1922 1900 2383 1968 Quemadmodum
2407 1899 2637 1954 fortasse
2679 1898 2945 1970 quispiam
2989 1898 3146 1951 aliter
3187 1909 3398 1965 quoque
3445 1896 3512 1949 de

1923 1993 2040 2061 ipso
2075 1990 2290 2047 dixerit.
2322 1991 2598 2057 Quatenus
2619 1990 2761 2044 enim
2792 1998 2875 2044 est
2899 1989 3059 2054 Deus,
3082 1997 3368 2043 censeatur
3391 2001 3512 2043 esse

1922 2084 2181 2137 Dominus
2227 2083 2458 2150 gloriae:
2512 2092 2778 2151 quatenus
2822 2096 2953 2136 vero
2999 2080 3171 2135 factus
3219 2088 3301 2134 est
3349 2082 3510 2134 homo

1922 2178 2217 2230 secundum
2248 2173 2717 2244 participationem
2752 2187 2781 2226 a
2813 2166 2921 2226 Deo
2950 2170 3303 2239 gloriﬁcatus,
3333 2170 3507 2241 gloria

1923 2264 2133 2334 egebat,
2169 2264 2392 2319 dicens:
2428 2283 2445 2315 ι
2478 2262 2658 2326 Pater,
2697 2263 2936 2333 gloriliea
2971 2258 3164 2315 Filium
3202 2271 3350 2315 tuum
3378 2259 3444 2313 τ’.
3484 2276 3504 2311 ι

1922 2357 2211 2424 Cancrum,
2250 2374 2267 2407 ι
2309 2352 2458 2413 Unus
2488 2366 2567 2409 est
2602 2355 2881 2415 Dominus.
2906 2370 3009 2408 una
3032 2354 3185 2420 ﬁdes,
3220 2369 3381 2407 unum
3415 2351 3509 2404 ba.

1922 2450 2145 2520 ptisma,
2172 2468 2189 2500 ι
2214 2450 2352 2504 sicut
2374 2451 2633 2520 scriptum
2651 2458 2734 2504 est
2762 2449 2827 2504 ⁷⁹.
2852 2447 3311 2514 Quemadmodum
3349 2447 3509 2516 igitur

1925 2556 2028 2595 una
2090 2550 2173 2595 est
2231 2542 2361 2596 lides
2414 2541 2468 2595 in
2525 2540 2835 2605 Christum,
2873 2550 3033 2608 atque
3091 2555 3254 2592 unum
3319 2550 3507 2591 revera

1924 2634 2221 2703 baptisma,
2263 2633 2475 2687 tametsi
2511 2632 2768 2701 baptizati
2806 2632 2974 2686 simus
3017 2638 3073 2684 et
3120 2631 3404 2685 credamus
3452 2628 3509 2682 in

1924 2724 2161 2793 Patrem,
2198 2725 2415 2788 Filium,
2442 2734 2493 2779 et
2522 2723 2783 2792 Spiritum
2810 2734 3056 2777 sanctum
3086 2740 3100 2777 :
3134 2721 3323 2775 eadam
3352 2721 3509 2789 plane

1924 2818 2136 2872 ratione
2172 2832 2236 2871 ac
2298 2817 2456 2869 modo
2521 2830 2626 2870 una
2666 2825 2748 2870 est
2810 2814 3052 2870 adoratio
3099 2811 3273 2868 Patris
3303 2820 3356 2867 et
3386 2810 3513 2866 Filii

1926 2906 2215 2972 ineat-nati,
2259 2915 2312 2960 et
2344 2903 2577 2976 Spiritus
2606 2904 2804 2960 sancti.
2837 2902 3019 2972 Neque
3047 2904 3189 2959 enim
3220 2901 3327 2956 ullo
3350 2911 3508 2970 pacto

1924 3013 1954 3051 a
2007 2996 2161 3051 nobis
2196 2999 2402 3065 pariter
2449 3007 2503 3053 et
2558 2996 2759 3052 sanctis
2815 2998 3019 3065 angelis
3077 2998 3143 3050 ab
3196 2993 3509 3048 adorationo

1925 3088 2287 3145 excludendus
2315 3098 2400 3145 est
2427 3089 2775 3161 Unigenitus,
2811 3092 3021 3145 tametd
3054 3090 3229 3143 factus
3252 3087 3322 3142 sit
3352 3102 3505 3148 caro,

1922 3192 1977 3237 et
2005 3181 2264 3236 habitarit
2300 3183 2351 3236 in
2375 3183 2552 3249 nobis,
2573 3193 2904 3252 vocatusque
2933 3182 3002 3237 sit
3034 3178 3423 3251 primogenitus
3448 3176 3505 3230 in

1921 3274 2105 3329 multis
2132 3272 2386 3328 fratribus
2406 3274 2472 3328 '°.
2495 3273 2575 3328 Ad
2595 3274 2709 3329 haec
2737 3289 2983 3344 qnmnatn
3015 3273 3081 3327 sit
3115 3271 3234 3324 fidei
3259 3271 3308 3322 in
3333 3270 3504 3337 ipsum

1921 3365 2093 3430 ratio,
2124 3368 2394 3436 quomodo
2437 3381 2541 3421 non
2583 3366 2652 3420 sit
2681 3380 2859 3435 opera:
2901 3364 3132 3434 pretium
3180 3360 3507 3431 inquirere?

1920 3453 2038 3510 Non
2093 3459 2235 3512 enim
2292 3459 2557 3523 dixerint,
2590 3467 2648 3510 ut
2693 3459 2911 3527 Opinor,
2966 3457 3056 3525 qui
3110 3467 3253 3510 recte
3307 3452 3510 3508 sentire

1921 3545 2126 3609 velint,
2164 3561 2261 3601 nos
2296 3546 2348 3600 in
2381 3547 2552 3601 solam
2592 3543 2823 3598 Verbum
2853 3548 2995 3614 quod
3028 3561 3090 3598 ex
3122 3543 3229 3597 Deo
3268 3542 3508 3611 procedit

1924 3636 2254 3701 credidisse,
2284 3638 2549 3690 nudantes
2588 3636 2763 3705 ipsum
2804 3650 2987 3689 carne.
3022 3634 3127 3688 Sed
3158 3648 3332 3700 neque
3377 3633 3507 3685 illud

1925 3743 2138 3783 rursum
2170 3728 2347 3781 dicere
2373 3730 2705 3781 omittemus.
2738 3727 2957 3781 Dicetur
2979 3728 3122 3781 enim
3152 3727 3357 3780 statim.

1995 3820 2056 3874 Β.
2087 3819 2353 3885 Quidnam
2383 3820 2551 3875 dicis?

1994 3907 2059 3961 A.
2089 3908 2275 3977 Neque
2302 3908 2446 3961 enim
2480 3915 2734 3978 tanquam
2771 3907 2823 3961 in
2849 3922 3010 3960 unum
3041 3921 3106 3962 ex
3137 3904 3312 3971 nobis,
3334 3919 3507 3974 neque

1925 4009 1984 4056 ut
2022 4003 2075 4055 in
2109 4001 2309 4055 nudum
2358 3999 2630 4054 hominem
2664 4000 2969 4063 credimus,
3004 4000 3095 4054 sed
3131 3999 3183 4052 in
3225 3996 3388 4052 Deum
3414 3997 3508 4066 qui

1926 4093 2245 4148 naturaliter
2306 4107 2369 4147 ac
2424 4105 2551 4146 vere
2605 4101 2688 4146 est
2734 4091 2785 4145 in
2834 4104 3061 4161 persona
3124 4090 3322 4146 Christi
3375 4089 3506 4143 ﬁdes

1927 4194 2115 4240 nostra
2165 4184 2359 4251 vergit.
2423 4182 2520 4239 Cui
2576 4182 2788 4253 quidem
2846 4182 3128 4237 sententiae
3185 4182 3505 4251 astipulatur

1927 4275 2141 4345 sapiens
2169 4275 2255 4329 ille
2280 4274 2479 4329 Paulus
2505 4275 2574 4328 ita
2600 4275 2846 4329 scribens
2877 4292 2929 4328 ε(
2950 4272 3064 4328 Non
3094 4276 3240 4329 enim
3266 4285 3503 4329 uosmet-

1928 4366 2073 4434 ipsos
2100 4364 2523 4433 prmdicabamus
2545 4404 2559 4426 ,
2591 4362 2682 4417 scd
2706 4360 2888 4417 Jesum
2919 4361 3190 4416 Christum
3220 4359 3503 4414 Dominum

243 4456 372 4521 Θεὸς
396 4460 422 4510 ό
447 4457 614 4511 εἰπὼν
652 4460 715 4512 ἐκ
756 4459 977 4523 σκότους
1004 4460 1114 4530 φῶς
1147 4461 1377 4533 λάμψαι,
1400 4464 1458 4528 ὃς
1494 4465 1733 4536 ἔλαμψεν
1768 4468 1822 4521 ὲν

1930 4461 2220 4515 ηοειηιιης
2268 4467 2366 4505 ηυε
2424 4459 2601 4503 autem
2652 4465 2837 4506 δεῖνος
2887 4460 3093 4505 VCSU‘OS
3151 4464 3244 4519 μοι·
3297 4448 3499 4503 δεδυιιι.

245 4550 361 4612 ταῖς
396 4549 646 4619 καρδίαις
686 4550 845 4621 ἡμῶν
876 4554 1011 4622 πρὸς
1031 4554 1309 4624 φωτισμὸν
1334 4556 1429 4626 τῆς
1451 4557 1705 4625 γνώσεως
1729 4558 1829 4627 τῆς

243 4637 401 4711 δόξης
442 4640 607 4694 αὑτοῦ
651 4643 708 4693 ὲν
759 4641 1037 4713 προσώπῳ
1073 4644 1327 4716 Χριστοῦ.
1360 4664 1376 4694 ι
1399 4645 1528 4697 Ἰδοὺ
1553 4645 1614 4715 δὴ
1646 4644 1832 4714 σαφῶς

243 4748 302 4783 τε
343 4732 436 4784 καὶ
477 4732 723 4804 ἐναργῶς
769 4734 796 4786 6
821 4735 1100 4805 φωτισμδς
1139 4736 1237 4804 τῆς
1276 4734 1527 4803 γνώσεως
1563 4735 1656 4789 τοῦ
1693 4735 1827 4789 Θεοῦ

245 4825 337 4878 καὶ
372 4826 588 4897 Πατρδς
623 4828 680 4879 ὲν
716 4827 993 4899 τρσώπῳ
1026 4827 1287 4899 διέλαμψε
1308 4827 1401 4881 τοῦ
1424 4828 1681 4899 Χριστοῦ.
1708 4830 1829 4883 Τοι-

244 4918 435 4985 γάρτοι
472 4918 566 4970 καὶ
611 4917 848 4987 ἔφασκεν
877 4935 889 4948 ’
911 4917 1019 4971 ΤὊ
1065 4919 1324 4989 ἑωρακὼς
1348 4919 1468 4988 ἐμὲ,
1496 4917 1707 4991 ἑώρακε
1730 4920 1823 4974 τὸν

244 5010 481 5081 Πατέραο
510 5009 619 5075 ἐγὼ
645 5011 740 5064 καὶ
761 5011 787 5061 6
810 5008 995 5080 Πατὴρ
1024 5008 1079 5061 ἓν
1103 5011 1290 5079 ἐσμεν.
1328 5028 1345 5061 t
1392 5009 1694 5081 Χαρακτὴρ
1716 5011 1771 5063 δὲ
1796 5013 1822 5063 ὁ

245 5101 386 5166 Θείος
421 5103 479 5155 ού
525 5103 855 5173 σωματικὸς,
880 5101 995 5154 ἀλλ’
1021 5102 1078 5152 ὲν
1100 5100 1327 5169 δυνάμει
1349 5102 1439 5153 καὶ
1459 5100 1587 5175 δόξῃ
1609 5105 1673 5173 τῇ
1702 5103 1821 5155 θεο-

245 5196 620 5268 πρεπεστάτῃ,
641 5196 799 5250 τοῦτο
830 5195 886 5248 δὲ
918 5190 985 5265 ἦν
1018 5194 1316 5265 ἀκραιφνὲς
1342 5195 1397 5247 ἐν
1419 5194 1656 5265 Χριστῷ·
1683 5212 1825 5263 Τέω·-

246 5285 492 5358 ρίζεσθαί
527 5304 587 5339 τε
632 5287 724 5341 καὶ
764 5286 851 5339 διὰ
888 5286 1091 5339 τούτων
1132 5284 1305 5355 ἠξίου,
1331 5284 1425 5336 καὶ
1456 5283 1545 5337 διὰ
1582 5285 1678 5355 τῆς
1716 5285 1822 5337 τῶν

243 5379 538 5450 δρωμένων
579 5379 887 5450 ὑπεροχῆς,
936 5380 1017 5441 είς
1070 5377 1277 5439 ἐννοίας
1317 5376 1692 5448 ἀναῦριὶισκειν
1732 5378 1827 5439 τὰς

245 5472 331 5523 ἐπ’
362 5469 510 5541 αὑτῷ
534 5471 660 5534 τοὺς
682 5469 1062 5541 ἀκροωμένους
1085 5467 1261 5538 ἤθελε,
1277 5468 1826 5538 κατασμικρυνούτης

246 5562 407 5616 αὐτὸν
430 5565 617 5635 ἡρέμα
648 5564 744 5633 τῆς
771 5560 1055 5633 ὁρωμένης
1083 5559 1302 5628 σαρκός.
1337 5577 1353 5611 ‹
1386 5559 1446 5611 Ei
1470 5559 1577 5629 γὰρ
1600 5558 1658 5610 οὐ
1686 5558 1822 5610 ποιῶ

325 5742 371 5774 ’³⁷
397 5740 551 5798 Joan.
595 5757 669 5809 tv,
705 5742 794 5796 Ἡ..
894 5740 937 5771 ⁷⁸
962 5736 1115 5792 Joan.
1149 5752 1279 5801 xvtt,
1320 5737 1363 5791 Ι.

1444 5740 1485 5767 ’ν
1514 5739 1707 5807 liplres.
1746 5753 1818 5803 tv,

1928 4541 2191 4608 Quoniam
2243 4540 2384 4597 Dens
2418 4543 2509 4611 qui
2559 4544 2694 4597 dixit
2723 4544 2791 4598 de
2838 4543 3081 4598 tenebris
3115 4542 3286 4597 lucem
3320 4542 3504 4610 splen-

1932 4635 2305 4704 descere,ipse
2338 4635 2511 4688 illuxit
2546 4635 2597 4689 in
2619 4636 2869 4689 cordibus
2897 4637 3098 4690 nostris
3134 4637 3198 4688 ad
3235 4632 3505 4687 “luminae

1927 4727 2126 4782 tionem
2177 4728 2415 4782 scientia:
2450 4728 2712 4784 claritatis
2742 4728 2866 4796 Dei,
2902 4729 2953 4782 in
2986 4727 3124 4782 facie
3177 4726 3307 4781 J‘esu
3347 4725 3505 4779 Chri-

1927 4818 1993 4873 sti
2021 4818 2087 4871 ⁸⁸.
2128 4837 2148 4871 ι
2202 4816 2339 4885 Ecce
2361 4834 2522 4889 quam
2568 4828 2752 4887 aperte
2775 4834 2839 4874 ac
2873 4818 3154 4874 manifeste
3186 4818 3506 4872 illuminatio

1929 4911 2174 4966 scientiae
2211 4909 2303 4965 Dei
2336 4927 2399 4965 ac
2451 4911 2625 4967 Patris
2680 4914 2733 4966 in
2783 4927 3010 4982 persona
3058 4912 3257 4966 Christi
3311 4913 3504 4966 illuxit.

1932 5003 2134 5059 Idcirco
2160 5006 2320 5059 etiam
2350 5007 2483 5060 dixit
2515 5020 2528 5059 :
2561 5023 2578 5057 t
2616 5005 2714 5071 Qui
2747 5006 2879 5061 vidit
2900 5021 3004 5074 me,
3033 5006 3165 5061 vidit
3191 5015 3241 5059 et
3268 5006 3502 5059 Patrem.

1933 5092 2045 5164 Ego
2062 5104 2115 5148 et
2138 5093 2296 5148 Pater
2326 5111 2488 5149 unum
2509 5110 2745 5151 sumus.»
2778 5097 3069 5152 Character
3090 5107 3268 5152 autem
3293 5098 3506 5152 divinus

1932 5205 2038 5243 non
2068 5197 2150 5241 est
2179 5203 2490 5257 corporeus,
2519 5188 2610 5241 sed
2650 5189 2702 5241 in
2736 5189 2934 5243 virtute
2959 5204 3023 5243 ac
3054 5189 3222 5259 gloria
3251 5204 3372 5259 quas
3396 5190 3506 5245 Deo

1934 5280 2164 5334 maxime
2194 5279 2510 5343 conveniat,
2549 5280 2648 5333 hoc
2673 5290 2755 5334 est
2786 5282 2834 5333 in
2877 5280 3092 5335 Christo
3123 5299 3134 5343 ;
3171 5291 3222 5335 et
3261 5298 3355 5350 per
3392 5283 3503 5337 haec

1932 5373 2268 5427 innotescere
2319 5373 2515 5436 voluit,
2569 5382 2624 5428 et
2677 5389 2774 5443 per
2832 5376 3093 5429 factorum
3126 5378 3499 5432 excellentiam

1930 5464 2205 5520 auditores
2246 5464 2310 5518 ad
2343 5464 2422 5520 sui
2452 5466 2696 5519 notitiam
2737 5467 2911 5532 evehi,
2942 5485 3060 5522 cum
3095 5469 3287 5539 alioqui
3320 5470 3501 5526 carnis

1926 5569 2176 5628 aqiecttts
2234 5558 2405 5625 ipsum
2466 5558 2705 5612 tmnnihil
2752 5561 3084 5617 obscuraret.
3145 5581 3162 5615 ι
3222 5564 3276 5617 Si
3331 5564 3497 5626 enim,

1990 5734 2033 5767 "-‘
2060 5735 2216 5793 Rom.
2257 5753 2370 5805 \‘lll,
2404 5737 2492 5794 29.
2571 5738 2611 5769 ‘”
2638 5738 2677 5795 ll
2711 5738 2838 5797 Cor.
2877 5756 2949 5807 tv,
2978 5740 3034 5805 5,
3071 5740 3123 5792 6.
