4048 6196
549 304 688 359 £235

1545 301 1600 355 S.
1643 300 1921 356 CYIHLLI
1958 299 2427 357 ALEXANDIHNI
2466 302 2784 360 ARCHIEP.

3700 307 3860 362 1236

542 426 753 497 inquit,
804 442 906 482 non
964 426 1102 482 facio
1133 440 1296 495 opera
1351 425 1528 480 Patris
1555 426 1693 492 mei,
1747 425 1906 500 703
1965 427 2121 480 nolite

2229 428 2295 482 τά
2319 426 2454 500 ἔργα
2483 429 2576 483 τοῦ
2618 429 2828 499 Πατρός
2855 445 2978 499 μου,
3006 429 3161 499 φησὶ,
3189 426 3264 500 μὴ
3290 426 3578 480 πιστεύετέ
3621 443 3752 496 μοι.
3785 429 3855 480 ΕΞ

541 520 767 576 credere
795 519 944 574 mihi.
975 519 1029 574 Si
1058 529 1237 575 autem
1269 517 1440 582 facio,
1478 527 1534 572 et
1562 518 1607 572 si
1641 519 1767 572 mihi
1810 533 1914 572 non
1965 517 2124 571 vultis

541 609 798 676 credere,
843 609 1094 679 operibus
1130 609 1264 664 meis
1311 608 1516 662 credite
1546 607 1612 660 ⁸³.
1647 627 1666 660 ι
1699 607 1870 662 Porro
1897 623 2125 664 censue-

541 705 644 759 rim
683 703 954 758 Christum
1001 711 1111 756 tum
1159 701 1415 770 temporis
1444 700 1547 756 hoc
1577 701 1814 766 dixisse,
1848 701 1988 770 quod
2020 715 2124 754 non

543 795 735 851 inutile
775 795 826 848 id
871 796 984 848 fore
1017 793 1197 848 sciret.
1237 794 1372 848 Cum
1416 792 1558 847 enim
1597 794 1970 848 existimarent
2021 808 2126 846 non

542 899 668 942 esse
715 885 1035 940 naturaliter
1095 882 1297 947 Deum.
1333 885 1427 954 qui
1475 900 1574 955 pro
1623 885 1775 940 nobis
1816 885 2128 940 incarnatus

543 989 661 1036 erat
697 998 711 1033 :
748 980 840 1034 sed
868 979 1186 1047 simpliciter
1222 979 1423 1033 nudum
1469 978 1738 1033 hominem
1763 1019 1777 1043 ,
1806 978 1946 1033 sicut
1983 993 2124 1044 nos;

541 1088 773 1143 eamque
823 1072 894 1128 ob
943 1087 1160 1127 causam
1218 1070 1458 1126 nonnulli
1500 1070 1656 1124 ﬁdem
1695 1071 1742 1124 ei
1784 1071 2124 1140 derogarent,

545 1165 748 1222 utiliter
782 1177 847 1219 ac
887 1164 1195 1219 necessario
1229 1169 1429 1216 metum
1469 1161 1681 1218 illorum
1711 1162 2128 1229 tarditatemque

544 1257 611 1311 ad
687 1257 1014 1312 credendum
1083 1269 1424 1326 praesecans,
1469 1266 1523 1309 et
1565 1263 1770 1309 naturae
1833 1255 2129 1311 divinitatis

543 1347 702 1403 ﬁdem
737 1349 1006 1413 tribuens,
1049 1357 1300 1417 tanquam
1335 1348 1386 1401 in
1410 1361 1637 1418 persona
1683 1346 1860 1401 Patris
1892 1365 1908 1413 ;
1939 1355 1991 1401 et
2020 1360 2124 1401 non

545 1450 746 1495 nostrae
773 1440 1062 1495 humilitati
1109 1439 1418 1502 ascribens,
1451 1439 1629 1493 dixit:
1661 1457 1679 1489 ι
1723 1438 1822 1505 Qui
1864 1439 2033 1494 credit
2073 1439 2124 1492 in

545 1547 652 1594 me,
681 1546 783 1586 non
818 1531 870 1585 in
907 1545 993 1585 me
1019 1530 1212 1594 credit,
1245 1528 1337 1583 sed
1371 1531 1422 1584 in
1448 1544 1570 1583 eum
1597 1530 1684 1597 qui
1722 1529 1866 1584 misit
1895 1545 1978 1581 me
1999 1530 2065 1583 ⁸³.
2102 1547 2120 1581 ι

543 1621 733 1678 Nonne
771 1623 874 1678 hoc
898 1621 1122 1692 perinde
1144 1629 1226 1676 est
1251 1636 1316 1675 ac
1341 1622 1387 1676 si
1417 1620 1563 1676 dicat
1591 1637 1603 1672 :
1636 1620 1679 1675 Ο
1706 1636 1802 1675 vos
1829 1621 1919 1689 qui
1946 1620 2123 1676 verbis

544 1715 679 1769 meis
738 1713 896 1768 ﬁdem
951 1712 1252 1775 adhibetis,
1291 1727 1395 1766 non
1457 1711 1658 1765 humile
1702 1718 1795 1764 aut
1856 1708 2122 1778 abjectum

543 1803 742 1873 aliquid
778 1804 844 1858 de
873 1816 956 1856 me
987 1802 1220 1872 cogitate
1251 1820 1263 1855 :
1295 1801 1422 1872 quin
1465 1801 1641 1871 potius
1678 1801 1774 1853 hoc
1804 1815 2124 1869 persuasum

544 1894 765 1959 habete,
809 1893 952 1962 quod
999 1894 1092 1962 qui
1135 1891 1265 1946 mihi
1313 1907 1472 1960 quem
1518 1891 1570 1944 in
1605 1905 1766 1944 carne
1818 1889 2129 1960 conspicitis

540 1986 904 2051 credideritis,
936 2001 1039 2040 non
1075 1986 1126 2040 in
1160 1985 1432 2040 hominem
1479 1982 1796 2053 simpliciter
1842 1983 2128 2037 credentes

539 2078 729 2143 eritis,
773 2082 865 2132 sed
911 2077 962 2131 in
1021 2077 1194 2146 ipsum
1236 2075 1484 2140 Patrem,
1542 2091 1638 2144 per
1674 2090 1757 2128 me
1799 2071 1993 2129 Filium
2035 2076 2126 2144 qui

538 2169 905 2225 omnimodam
958 2167 1319 2238 aequalitatem
1378 2167 1903 2236 similitudinemque
1957 2168 2127 2222 habeo

541 2280 664 2318 cum
697 2263 857 2318 Patre
891 2281 904 2318 :
938 2273 1097 2331 atque
1134 2262 1446 2317 incarnatus
1493 2261 1708 2330 quidem
1739 2276 1856 2316 sum
1909 2275 2128 2331 propter

449 2372 468 2385 -
541 2371 658 2422 vos,
697 2355 1063 2424 humilemque
1093 2353 1351 2408 amictum
1393 2353 1524 2407 mihi
1591 2353 1783 2418 ascivi,
1815 2353 2128 2407 immanita-

539 2456 648 2501 tem
681 2449 972 2514 nimirum,
997 2446 1303 2515 :cqualitate
1333 2455 1508 2500 tamen
1552 2455 1756 2500 natura:
1779 2453 1830 2501 et
1855 2446 2126 2515 operatio-

543 2539 647 2606 nis,
678 2549 837 2610 atque
868 2541 1148 2597 identitate
1173 2539 1356 2612 gloria
1387 2538 1778 2609 perfectissime
1811 2537 1955 2592 Patri
1977 2538 2127 2592 simi-

541 2630 612 2686 lis
639 2647 757 2687 sum
788 2647 852 2688 ac
891 2648 1004 2701 par.

613 2721 676 2778 Β.
713 2724 787 2778 Ita
822 2725 1055 2779 videtur.

611 2812 678 2864 A.
708 2811 867 2878 Atqui
902 2811 1008 2866 alio
1032 2811 1195 2866 etiam
1221 2812 1380 2866 modo
1407 2812 1710 2884 intelligere
1738 2813 1913 2882 possis
1945 2813 2119 2884 ipsum

541 2903 700 2958 tidem
731 2919 837 2957 non
870 2902 1219 2974 repellentem
1244 2923 1256 2958 :
1283 2904 1376 2959 sed
1401 2906 1607 2973 absque
1631 2906 1812 2975 aliqua
1851 2906 2120 2960 divisione

541 3005 703 3064 atque
727 2992 1030 3048 dili'erentia
1069 2995 1418 3065 recipientem
1454 2995 1625 3065 ipsam
1663 2995 1715 3050 in
1745 2997 1964 3067 propria
2003 3012 2119 3066 per-

2229 520 2284 572 δὲ
2308 521 2467 586 ποιῶ,
2494 521 2597 576 κᾶν
2620 524 2744 592 ἐμοὶ
2783 521 2859 593 μὴ
2893 520 3215 591 πιστεύητε,
3239 521 3352 582 τοῖς
3375 518 3564 590 ἔργοις
3596 535 3716 588 μου
3754 536 3858 572 ττι-

2235 611 2475 666 στεύετε.
2498 632 2516 664 ι
2541 614 2710 668 Φάναι
2747 614 2803 668 δὲ
2840 609 2994 684 οἶμαι
3019 614 3176 666 ταυτὶ
3199 612 3259 666 τὸ
3276 610 3530 683 τηνικάδε
3563 611 3606 663 Χ
3616 611 3852 681 ριστῇν,

2230 705 2327 756 οὐκ
2371 703 2660 768 ἀσυντελὲς
2705 707 2785 768 είς
2824 704 3010 774 ὄνησιν
3052 703 3230 757 εἰδότα
3263 701 3325 755 τὸ
3370 701 3584 772 χρῆμα.
3604 700 3853 769 Ἐπειδὴ

2229 793 2337 863 γάρ
2367 793 2532 865 ᾧοντο
2559 794 2690 850 Θεδν
2719 797 2816 866 μὲν
2837 796 2937 849 οὐκ
2955 792 3096 850 εἶναι
3121 793 3442 866 affigit}
3464 792 3555 846 τὸν
3581 792 3655 845 δι’
3682 794 3850 862 ἡμᾶς

2235 887 2718 958 ὲνηνθρωπηκότα,
2733 887 2888 956 ψιλὸν
2912 888 2968 940 δὲ
2995 887 3181 951 ἁπλῶς
3201 886 3486 957 ἄνθρωπον
3509 883 3640 938 καθ’
3656 886 3845 954 ἡμᾶς,

2229 977 2605 1046 ἀπαράδεκτὸν
2657 995 2717 1032 τε
2768 977 2858 1032 διὰ
2901 979 3060 1032 τοῦτο
3121 977 3222 1047 τὴν
3285 977 3371 1029 ἐπ’
3427 974 3578 1044 αύτῷ
3638 976 3849 1027 πίστιν

2229 1068 2680 1132 ἐποιοῦντότινες·
2695 1070 3008 1138 ἀναγκαίως
3027 1070 3085 1122 τὺ
3098 1069 3256 1138 δεῖμα
3281 1069 3372 1120 καὶ
3395 1067 3484 1120 τον
3506 1066 3849 1132 ἐπὶ-τούτοις

2230 1157 2386 1212 ὄκνον
2418 1160 2875 1230 ὑποτεμνόμενος,
2900 1164 2965 1232 τῇ
3001 1153 3098 1230 τῆς
3133 1159 3388 1228 θεότητος
3600 1157 3709 1230 τὴν
3741 1158 3844 1212 πί-

2231 1266 2346 1303 στιν
2382 1252 2673 1315 ἀνατιθεὶς,
2697 1251 2772 1315 ὡς
2809 1254 2868 1306 ὲν
2908 1251 3186 1330 meum
3223 1251 3457 1323 Πατρδς,
3481 1251 3578 1304 καὶ
3602 1252 3739 1322 οὐχὶ
3766 1255 3840 1322 τῇ

2229 1341 2351 1394 καθ’
2373 1343 2521 1412 ἡμᾶς
2563 1345 3006 1416 σμικροπρεπεῐᾳ
3047 1341 3391 1418 προσνέμων,
3413 1346 3660 1416 ἔφασκεν
3685 1361 3703 1376 ο
3731 1364 3752 1396 ι
3780 1345 3843 1400 ’0

2230 1431 2504 1486 πιστεύων
2541 1436 2620 1497 είς
2663 1435 2786 1504 ἐμὲ,
2810 1436 2871 1488 ού
2915 1436 3162 1490 πιστεύει
3206 1437 3286 1500 εἰς
3328 1435 3447 1505 ἐμὲ.
3474 1435 3700 1498 ἁλλέίς
3738 1437 3844 1489 τὸν

2228 1524 2524 1594 πέμψαντά
2556 1541 2645 1594 με.
2675 1546 2692 1577 ι
2717 1522 2844 1598 Ἆρ’
2881 1527 2980 1581 οὐκ
3023 1529 3136 1582 ἴσον
3180 1529 3385 1581 εἰπεῖν·
3410 1523 3480 1580 Ὦ
3524 1526 3635 1580 τῶν
3677 1527 3842 1598 ἐμῶν

2231 1617 2489 1687 κατήκοοι
2515 1618 2711 1686 λόγων,
2741 1619 2816 1689 μὴ
2843 1619 3015 1690 μικρά
3037 1621 3129 1672 καὶ
3155 1619 3504 1692 χαμαιρῤιφῆ
3527 1618 3597 1671 τά
3619 1621 3707 1682 εἰς
3729 1619 3840 1690 ἐμὲ

2228 1709 2477 1776 δοξάζετε
2496 1728 2508 1740 ’
2537 1710 2652 1765 ἴστε
2682 1711 2737 1764 δὲ
2783 1714 2864 1764 ὅτι
2900 1711 3000 1784 τὴν
3023 1714 3104 1776 είς
3125 1713 3288 1766 αὑτὸν
3311 1711 3409 1782 ἐμὲ
3429 1710 3519 1764 τὸν
3541 1711 3840 1782 ὁρώμενον

2229 1802 2287 1853 ἐν
2313 1802 2478 1874 σαρκὶ
2500 1801 2814 1873 προϊέμενοι
2839 1804 3042 1869 πίστιν,
3067 1804 3168 1858 οὐκ
3201 1805 3281 1867 εἰς
3316 1803 3600 1876 ἄνθρωπον
3629 1801 3837 1867 ἁπλῶς

2230 1895 2419 1949 ἔσεσθε
2448 1896 2898 1959 πεπιστευκότες,
2923 1896 3038 1949 ἀλλ’
3062 1897 3141 1960 εῑς
3177 1895 3339 1949 αὐτὸν
3363 1895 3455 1948 τὸν
3486 1895 3733 1964 Πατέρα,
3755 1893 3835 1946 δι’

2228 1986 2366 2058 ἐμοῦ
2390 1987 2484 2040 τοῦ
2509 1989 2647 2042 κατά
2669 1990 2776 2041 πᾶν
2811 1987 2992 2042 ὁτιοῦν
3024 1989 3153 2052 ἴσως
3177 2005 3234 2042 τε
3262 1988 3356 2042 καὶ
3379 1984 3833 2058 ἀπαραλλάκτως

2229 2080 2445 2150 ἔχοντος
2471 2079 2602 2133 Tia-3
2620 2122 2634 2145 ,
2661 2079 3034 2152 σαρκωθέντος
3072 2078 3170 2148 μὲν
3207 2077 3273 2130 δι’
3299 2079 3442 2148 ὑμᾶς
3463 2119 3475 2136 ,
3518 2077 3612 2130 καὶ
3656 2075 3828 2148 περί-

2229 2175 2416 2248 ϐλημα
2468 2171 2881 2246 σμικροπρεπὲς
2933 2169 3306 2242 οἰκειουμένου
3335 2208 3348 2232 ,
3392 2167 3489 2240 τὴν
3525 2167 3826 2238 ἀνθρωπό-

2227 2281 2366 2335 τητα
2387 2305 2400 2330 ,
2423 2266 2484 2318 τό
2509 2282 2572 2334 γε
2593 2265 2698 2336 μὴν
2728 2263 2948 2335 ίσοφυές
2969 2280 3025 2316 τε
3053 2264 3144 2318 καὶ
3170 2263 3439 2332 ίσουργδν,
3467 2261 3561 2318 καὶ
3594 2262 3653 2315 ὲν
3683 2277 3826 2313 ταυ-

2227 2357 2412 2427 τότητι
2452 2356 2609 2428 δόξης
2653 2354 3026 2427 ἀδιαλώϐητον
3074 2355 3352 2420 παντελῶς
3406 2355 3620 2426 ἔχοντος
3679 2351 3826 2426 πρὸς

2227 2446 2410 2508 αὐτόν.

3132 860 3434 877 ιω...

2299 2719 2361 2770 Β.
2406 2719 2643 2770 Ἔοικεν.

2299 2812 2366 2867 Α.
2420 2809 2746 2882 Ἀναμὰθοις
2768 2810 2809 2863 δ’
2844 2810 2908 2864 ἂν
2932 2812 3028 2866 καὶ
3060 2808 3261 2880 ἑτέρως
3291 2809 3453 2863 αὑτὸν
3493 2809 3590 2880 τὴν
3632 2808 3820 2862 πίστιν

2227 2905 2288 2959 ού
2325 2904 2709 2974 διωθούμενον,
2747 2905 2901 2968 ἀλλὰ,
2942 2904 3116 2975 τομῆς
3144 2921 3289 2967 τινος
3323 2903 3445 2974 δίχα
3479 2903 3574 2957 καὶ
3622 2903 3818 2972 διαιρο-

2233 2993 2358 3062 ρᾶςν-
2386 2992 2788 3063 εἰσδεδεγμένον
2819 2993 2988 3064 αὐτὴν
3029 2993 3104 3056 ὡς
3147 2993 3204 3046 ἐν
3241 2993 3354 3064 ἰδίῳ
3389 2992 3819 3068 προσώπῳκκαὶ

539 3101 697 3150 sona,
722 3088 936 3142 tametsi
965 3087 1138 3144 factus
1165 3089 1234 3144 sit
1258 3103 1406 3143 caro.
1437 3087 1728 3158 Postquam
1751 3091 1895 3142 enim
1919 3104 2119 3144 caecum

2230 3087 2278 3140 εἰ
2315 3086 2505 3154 γέγονε
2539 3086 2694 3153 σάρξ.
2743 3084 2959 3154 Ἐπειδὴ
2994 3085 3101 3158 γὰρ
3124 3086 3214 3138 τὸν
3241 3087 3306 3138 ἐκ
3336 3085 3604 3155 γεννητῆς
3632 3084 3818 3150 satam

543 3177 693 3232 illum
724 3195 753 3232 a
791 3179 1076 3234 nativitate
1107 3183 1320 3236 sanavit
1349 3178 1421 3248 “,
1453 3190 1509 3236 et
1542 3180 1699 3237 dulce
1738 3180 2122 3250 insolitumque

542 3273 722 3326 lumen
794 3274 840 3327 ei
899 3274 1166 3338 immisit,
1224 3275 1476 3329 omnibus
1533 3275 1729 3329 merito
1775 3274 2118 3328 admirationi

538 3373 679 3418 crat.
720 3365 898 3434 Atque
943 3365 1031 3420 hic
1075 3365 1292 3435 quidem
1341 3365 1470 3419 vitio
1510 3366 1600 3420 illo
1644 3366 1902 3421 liberatus
1952 3382 1979 3420 a
2027 3364 2123 3420 Ju-

539 3456 672 3511 ιΙιΒὶε
703 3456 1074 3527 judicabatur,
1121 3465 1178 3512 et
1214 3457 1482 3512 medicum
1527 3459 1920 3528 proﬁtebatur:
1963 3460 2121 3515 Chri-

540 3560 658 3605 stus
691 3565 819 3604 vero
854 3565 976 3604 eum
1033 3549 1338 3606 accedens:
1383 3570 1400 3602 ι
1449 3549 1530 3606 Tu
1572 3553 1846 3620 credisne,
1920 3552 2117 3624 inquit,

542 3641 593 3694 in
626 3640 822 3695 Filium
861 3638 996 3695 Dei?
1032 3660 1052 3694 ι
1084 3640 1184 3708 Qui
1229 3656 1351 3695 cum
1380 3641 1749 3697 exclamaret:
1785 3661 1802 3694 ι
1843 3642 1978 3711 Quis
2015 3652 2118 3704 est,

540 3725 790 3796 Domine,
821 3743 879 3787 ut
923 3734 1142 3789 credam
1195 3735 1246 3786 in
1283 3733 1503 3802 ipsum?
1527 3753 1546 3786 ι
1578 3735 1860 3804 respondit
1890 3735 2115 3790 dicens:

545 3841 566 3874 ι
602 3822 666 3877 Et
699 3823 880 3878 vidisti
909 3822 1109 3894 ipsum,
1135 3832 1189 3877 et
1218 3825 1307 3893 qui
1344 3824 1584 3892 loquitur
1612 3833 1814 3890 tecum,
1845 3824 1933 3879 ille
1957 3836 2060 3880 est.
2094 3844 2112 3878 ι

538 3914 638 3984 Qui
665 3917 970 3984 respondit:
997 3934 1014 3966 ι
1039 3914 1235 3982 Credo,
1259 3916 1504 3972 Domine.
1528 3917 1593 3972 Et
1613 3918 1858 3972 adoravit
1875 3920 2113 3973 eum".:

539 4007 824 4076 Quomodo
853 4007 1016 4078 igitur
1047 4024 1153 4063 non
1200 4011 1270 4065 sit
1298 4010 1550 4065 omnibus
1583 4011 1953 4074 manifestum,
1980 4011 2119 4066 divi-

542 4116 666 4154 nam
696 4115 759 4156 ac
781 4116 1091 4172 sopremam
1128 4112 1377 4156 naturam
1401 4102 1576 4158 oculis
1605 4103 1755 4157 cerni
1790 4120 1817 4157 a
1844 4118 2116 4174 quoquam

541 4207 646 4248 non
681 4195 876 4264 posse?
914 4213 932 4247 ι
979 4195 1144 4248 Deum
1174 4195 1318 4248 enim
1350 4210 1510 4250 nemo
1549 4195 1684 4249 vidit
1710 4211 1970 4266 unquam,
2010 4216 2027 4248 ι
2059 4203 2118 4252 ut

537 4287 800 4357 scriptum
829 4297 916 4342 est
951 4285 1017 4341 ⁸⁸.
1066 4287 1120 4342 Si
1156 4303 1285 4358 ergo
1317 4287 1656 4356 distinguens
1681 4303 1834 4342 suam
1865 4288 2116 4342 humani-

539 4389 725 4444 tatem,
760 4390 815 4432 ut
852 4379 953 4433 hoc
990 4379 1166 4448 ipsum
1205 4393 1474 4448 apparens
1511 4394 1575 4432 cx
1626 4377 1735 4432 Deo
1773 4377 1933 4434 Patre
1986 4380 2116 4432 Ver-

2227 3177 2446 3245 τυφλὸν,
2485 3179 2577 3230 καὶ
2607 3177 2667 3229 τὸ
2695 3177 2868 3245 γλυκὺ
2903 3176 3022 3247 μὲν,
3050 3175 3217 3246 ἄηθες
3259 3176 3301 3228 δ’
3331 3175 3446 3243 οῦν,
3477 3175 3816 3246 ὲπειρύτευσε

2229 3269 2345 3339 φῶς
2376 3268 2547 3340 αὐτῷ,
2581 3269 2731 3340 παρὰ
2757 3269 2974 3323 πάντων
3008 3269 3234 3332 εἰκότως
3265 3269 3626 3340 ἐθαυμάζετο.
3673 3270 3814 3324 Ἀλλ’

2225 3364 2252 3416 ὁ
2301 3363 2401 3432 μὲν
2451 3361 2544 3416 τοῦ
2588 3363 2795 3426 πάθους
2848 3363 3270 3433 ἀπηλλαγμένος
3325 3363 3477 3432 παρὰ
3517 3367 3629 3427 τοῖς
3683 3365 3814 3418 Ἰου-

2223 3453 2396 3515 δαίοις
2442 3452 2711 3527 ἐκρίνετο,
2753 3453 2848 3505 καὶ
2885 3451 3157 3523 ὡμολόγει
3200 3452 3293 3504 τὸν
3334 3453 3538 3522 ἰατρόν·
3579 3453 3813 3520 Χριστὸς

2223 3545 2279 3598 δὲ
2314 3544 2458 3614 αὐτῷ
2506 3543 2844 3615 περιτυχὼν,
2894 3563 2911 3594 ι
2957 3545 3028 3597 Σὺ
3087 3542 3385 3608 πιστεύεις,
3442 3543 3702 3614 ἔφασκεν,
3737 3549 3814 3608 εἰς

2224 3643 2315 3696 τὸν
2345 3642 2476 3696 Υξδν
2507 3641 2600 3695 τοῦ
2619 3641 2754 3695 Θεοῦ
2781 3657 2796 3704 ;
2838 3660 2855 3692 ι
2891 3640 2997 3694 Τοῦ
3021 3640 3098 3708 δὲ,
3128 3641 3209 3708 τὸ,
3234 3661 3252 3694 ι
3281 3642 3377 3706 Τίς
3406 3641 3544 3707 ἐστι,
3566 3643 3760 3713 Κύριε,
3787 3663 3806 3695 ι

2222 3733 2668 3806 διακεκραγότος,
2700 3753 2717 3786 ι
2759 3734 2845 3787 ἴνα
2879 3734 3155 3787 πιστεύσω
3181 3736 3260 3797 εἰς
3283 3734 3484 3799 αὐτόν;
3518 3754 3536 3785 ι
3568 3736 3811 3805 ἀντεφώ-

2222 3845 2303 3881 νει
2337 3827 2532 3896 λέγων·
2575 3846 2593 3878 ι
2642 3826 2752 3880 Καὶ
2787 3825 3040 3896 ἑώρακας
3077 3827 3260 3892 αὑτὸν,
3290 3827 3382 3880 καὶ
3411 3827 3440 3878 ό
3472 3827 3648 3880 λαλῶν
3676 3829 3811 3898 μετᾶ

2222 3917 2339 3982 σοῦ,
2371 3917 2573 3980 ἐκεῖνός
2606 3919 2772 3970 ἔστιν.
2814 3935 2832 3967 ι
2879 3916 2938 3968 '0
2969 3915 3025 3968 δὲ
3083 3914 3208 3986 ἔφη’
3247 3935 3263 3967 ι
3315 3916 3586 3980 Πιστεύω,
3617 3916 3806 3986 Κύριε.

2221 4009 2332 4064 Καὶ
2366 4008 2770 4080 προσεκύνησεν
2815 4006 2982 4078 αὐτῷ.
3028 4026 3048 4058 ι
3093 4007 3283 4060 Καίτοι
3326 4005 3440 4072 πῶς
3494 4009 3593 4077 οὐχ
3639 4007 3808 4062 ἅπασι

2225 4103 2526 4171 συμφανὲς,
2556 4100 2632 4165 ὡς
2678 4102 2878 4162 ἄοπτος
2909 4099 3248 4170 παντελῶςὴ
3284 4098 3403 4152 Θεία
3433 4116 3492 4152 τε
3538 4100 3633 4152 καὶ
3667 4101 3807 4154 ἀνω·
3856 4090 3864 4095 ’

2222 4193 2369 4246 τάτω
2418 4193 2616 4274 ερύσις;
2669 4211 2687 4244 ι
2740 4193 2872 4246 Θεὺν
2901 4192 3009 4264 γὰρ
3050 4192 3221 4257 οὐδεὶς
3256 4191 3463 4264 ἑώρακε
3503 4192 3741 4257 πώποτε,
3779 4211 3798 4243 ι

2219 4283 2362 4339 κατὰ
2390 4285 2450 4337 τὸ
2483 4286 2888 4356 γεγραμμένον.
2921 4285 3092 4356 Εἴπερ
3141 4281 3234 4339 οὖν
3279 4287 3483 4348 διιστὰς
3519 4284 3710 4338 ἑαυτοῦ
3747 4285 3811 4339 τὸ

2222 4375 2587 4450 ἀνθρώπινον,
2622 4377 2697 4440 ὼς
2737 4377 2870 4430 αὐτὸ
2917 4377 2981 4446 δὴ
3029 4376 3188 4430 τοῦτο
3222 4377 3477 4448 πεφηνὼς
3507 4378 3536 4429 ὁ
3568 4377 3633 4428 ὲκ
3669 4375 3806 4429 Θεοῦ

533 4470 686 4536 bum,
719 4471 894 4524 nudus
939 4485 1004 4524 ac
1047 4469 1194 4525 solus
1237 4469 1384 4524 credi
1433 4469 1620 4534 voluit,
1658 4479 1711 4522 et
1753 4486 1956 4525 caecum
1999 4469 2112 4540 jam

2228 4467 2442 4538 [ἰατρὸς
2467 4466 2660 4535 Λόγος,
2693 4467 2901 4538 γυμνὸς
2930 4468 3024 4522 καὶ
3055 4469 3212 4538 μόνος
3246 4468 3398 4538 ἠξίου
3435 4467 3802 4532 πιστεύεσθαι,

535 4569 784 4618 curatum
832 4561 1114 4627 hortatur,
1159 4578 1225 4616 ne
1274 4561 1452 4630 potius
1485 4575 1734 4629 quamam
1795 4561 1866 4615 sit
1921 4573 2114 4618 natura

537 4653 631 4706 Dei
681 4665 864 4706 secum
907 4652 1147 4722 cogitet:
1175 4651 1269 4706 sed
1304 4652 1485 4720 potius
1530 4650 1894 4718 corporaliter
1934 4664 2117 4708 osten-

535 4745 634 4810 dit,
661 4744 732 4798 ita
754 4742 1002 4800 utoculis
1027 4744 1157 4814 ipsis
1181 4743 1498 4814 conspicere
1523 4742 1712 4797 liceret
1750 4742 1903 4812 (dixit
1933 4745 2114 4801 enim:

537 4837 700 4911 704
730 4839 796 4892 Ει
829 4837 978 4895 vides
1012 4837 1214 4907 ipsum,
1267 4847 1322 4894 et
1361 4837 1452 4908 qui
1499 4836 1738 4907 loquitur
1775 4848 1982 4906 tecum,
2029 4841 2117 4896 ille

536 4930 640 4998 νει)
671 4948 684 4984 :
714 4947 894 4986 nonne
925 4947 1142 4987 carnem
1175 4931 1479 4988 ostendisse
1502 4930 1889 4987 censebimus?

609 5109 668 5166 Β.
695 5111 950 5168 Omnino.

609 5203 674 5254 Α.
714 5202 878 5270 Atqui
917 5202 1188 5273 quomodo
1225 5203 1479 5274 deinceps
1521 5202 1638 5273 ipse
1697 5206 1767 5259 sit
1811 5221 1974 5270 caro,
2016 5202 2119 5258 nisi

539 5291 870 5362 intelligatur
895 5294 1192 5348 secundum
1223 5298 1501 5362 unionem,
1532 5285 1791 5364 tanquam
1829 5296 1943 5364 ipse
1971 5295 2120 5348 exsi-

539 5394 690 5438 stens
733 5386 1006 5454 proprium
1043 5387 1213 5454 ipsius
1249 5404 1264 5440 :
1300 5388 1754 5456 quemadmodum
1806 5385 1918 5442 fere
1949 5387 2116 5441 etiam

541 5476 597 5532 in
642 5471 798 5530 nobis
831 5475 1068 5530 accidit?
1117 5476 1302 5548 Neque
1351 5478 1496 5533 enim
1540 5479 1826 5549 quisquam
1862 5479 2118 5533 ostendat

537 5567 830 5642 separatim
857 5608 874 5636 ,
906 5583 1080 5641 neque
1111 5569 1428 5642 imperfecte
1460 5575 1734 5630 hominem
1768 5574 1924 5629 nobis
1958 5573 2113 5627 simi-

607 5746 830 5806 "Juan.
868 5765 920 5815 x,
954 5747 1041 5816 57,
1075 5743 1164 5803 38.
1241 5744 1284 5776 "
1309 5743 1461 5801 Joan.
1499 5763 1595 5812 xn,
1644 5748 1722 5802 Η.

1801 5749 1844 5779 ⁸⁸
1868 5746 2021 5807 Joau.
2053 5764 2126 5818 lx,
2169 5749 2280 5804 1-7.

2224 4558 2285 4610 τὸ
2336 4558 2410 4629 μὴ
2467 4558 2666 4628 μᾶλλον
2714 4560 2813 4629 τὴν
2858 4558 2951 4612 τοῦ
3003 4558 3139 4612 Θεοῦ
3398 4558 3804 4627 ἀναλογίζεσθαι

2223 4649 2354 4713 δεῖν,
2402 4650 2524 4718 ἣτις
2569 4648 2699 4703 ποτέ
2739 4651 2878 4715 ἐστι,
2922 4651 3012 4703 τὸν
3059 4647 3118 4705 εὖ
3162 4651 3409 4704 παθόντα
3453 4650 3800 4716 διεκελεύετο,

2226 4742 2511 4811 παρέδειξε
2563 4742 2618 4795 δὲ
2670 4742 3032 4812 σωματικῶς,
3092 4744 3168 4806 ὡς
3218 4743 3310 4796 καὶ
3359 4743 3544 4806 αὐτοῖς
3599 4742 3802 4814 δμμασι

2222 4833 2593 4888 καταθεᾶσθαι
2641 4833 2814 4904 παρὸν
2855 4833 2982 4905 (ἔφη
3015 4836 3151 4906 γὰρ,
3184 4837 3267 4890 ὅτι
3295 4838 3408 4890 Καὶ
3437 4835 3804 4908 ἑώρακας-αὺ-

2219 4924 2334 4991 τὸν,
2374 4925 2466 4978 καὶ
2513 4926 2541 4978 ὁ
2588 4925 2764 4980 λαλῶν
2798 4927 2935 4997 μετὰ
2971 4928 3088 4992 σοῦ,
3133 4930 3339 4992 ἐκεῖνός
3387 4930 3581 5003 ἐστιν)·
3613 4927 3651 5002 ἦ
3691 4933 3805 5004 οὐχὶ

2223 5017 2322 5090 τὴν
2358 5018 2539 5090 σάρκα
2568 5015 2892 5089 παραδεῖξαι
2920 5021 3169 5092 φήσομεν
3193 5039 3208 5087 ;

2295 5111 2356 5164 Β.
2396 5112 2506 5164 Καὶ
2539 5112 2701 5168 πάνυ.

2293 5207 2358 5258 Α.
2401 5200 2534 5257 Εἶτα
2579 5204 2695 5268 πῶς
2727 5206 2889 5270 αὐτὸς
2921 5206 2986 5260 ἂν
3017 5205 3103 5278 εἴη
3157 5208 3343 5262 λοιπὸν
3376 5213 3408 5282 ἡ
3451 5213 3608 5282 σὰρξ,
3645 5214 3691 5263 εἰ
3735 5212 3805 5280 μὴ

2221 5297 2392 5349 νοοῖτο
2428 5296 2548 5350 καθ’
2572 5295 2763 5350 ἕνωσιν
2787 5297 2861 5362 ὡς
2899 5299 3058 5363 αὐτὸς
3082 5300 3342 5375 ὑπάρχων
3370 5305 3431 5357 τὸ
3462 5305 3594 5359 ἴδιον
3621 5307 3803 5370 αὑτοῦ,

2229 5390 2480 5461 καθάπερ
2511 5391 2701 5460 ἀμέλει
2750 5393 2845 5446 καὶ
2891 5395 2976 5463 ἐφ’
3028 5395 3185 5464 ἡμῶν
3231 5396 3430 5464 γένοιτ’
3475 5398 3576 5464 ἄν;
3639 5418 3808 5454 καταο

2226 5480 2416 5550 δείξειε
2451 5479 2558 5553 γὰρ
2594 5483 2658 5536 ἄν
2696 5498 2779 5546 τις
2840 5485 2898 5536 οὐ
2960 5486 3376 5557 μεμερισμένως
3420 5489 3538 5542 οῦδὲ
3602 5489 3808 5555 ἀτελῶς

2225 5574 2316 5627 τόν
2363 5574 2483 5634 καθ’
2522 5576 2671 5644 ἡμᾶς
2709 5573 3014 5646 ἄνθρωπον,
3075 5577 3168 5630 τὸν
3223 5582 3286 5632 ἐκ
3331 5580 3510 5651 ψυχῆς
3555 5579 3618 5652 δὴ
3668 5583 3810 5652 λέγω

2361 5750 2404 5780 "
2429 5749 2559 5807 ibid.
2591 5750 2778 5808 35-58.
2859 5752 3080 5810 "Joan.
3126 5774 3162 5824 I,
3207 5757 3287 5813 18.
