4048 6196
291 198 437 257 1357

1405 200 1492 254 DE
1531 196 2044 256 [NCARNATIONE
2089 201 2464 267 UNIGENITI.

3431 204 3570 264 1258

290 320 396 377 καὶ
447 319 719 396 σώματος,
772 322 863 376 καὶ
912 320 1021 376 ἀπὸ
1068 321 1239 394 μόνης
1269 322 1438 377 αὑτοῦ
1498 325 1596 395 τῆς
1659 324 1880 395 σαρκός.

1994 327 2116 393 lem,
2158 345 2223 385 ex
2265 332 2469 398 anima,
2501 333 2738 403 inquam,
2769 339 2821 388 et
2855 344 3087 400 corpore
3126 337 3487 395 constantem,
3513 340 3567 385 et

370 501 431 556 Β.
475 501 761 572 Σύμιρημιο
795 503 974 570 λέγεις
1000 504 1109 575 γὰρ
1139 503 1334 576 ὀρθῶς.

367 594 434 649 Δ.
476 593 727 665 Γέγραφε
761 596 818 649 δέ
853 612 958 650 που
1006 597 1100 650 καὶ
1150 600 1178 650 6
1227 598 1390 667 σοφὸς
1430 601 1561 671 ἡμῖν
1610 599 1883 673 Ἰωάννης,

293 686 380 737 δτι
426 702 445 736 ι
487 685 667 739 Πολλὰ
717 687 816 757 μὲν
875 683 969 741 οῦν
1012 689 1105 742 καὶ
1145 687 1280 742 ἄλλα
1314 694 1518 762 σημεῖα
1552 694 1811 765 ἐποίησεν
1857 696 1886 747 6

310 775 522 846 Ἰησοῦς
565 776 798 833 ἐνώπιον
846 778 955 832 τῶν
1003 779 1261 850 μαθητῶν
1298 783 1486 846 αὐτοῦ,
1534 784 1571 838 ἃ.
1620 786 1719 839 οὐκ
1766 785 1886 839 ἔστι

296 867 667 939 γεγραμμένα
704 870 761 922 ἑν
804 870 884 940 τῷ
918 870 1111 943 βιϐλίῳ
1141 871 1335 944 τούτῳ.
1369 873 1556 927 Ταῦτα
1584 875 1639 928 δὲ
1679 876 1885 947 γέγρα-

294 973 453 1021 πται,
490 957 578 1012 ἵνα
642 958 930 1031 πιστεύητε
971 960 1053 1013 ὅτι
1104 960 1309 1033 Ἰησοῦς
1357 963 1505 1015 ἔστιν
1534 964 1563 1015 6
1591 964 1826 1034 Χριστὸς
1858 965 1887 1018 6

297 1048 432 1114 Υἱὸς
478 1050 573 1105 τοῦ
620 1049 756 1105 Θεοῦ
796 1052 890 1106 τοῦ
942 1053 1165 1117 ζῶντος,
1212 1055 1305 1107 καὶ
1352 1055 1440 1108 ἴνα
1493 1055 1885 1122 πιστεύσαντες

295 1138 447 1210 ζωὴν
480 1138 639 1212 ἔχητε
673 1141 736 1195 ὲν
761 1141 839 1212 τῷ
866 1142 1094 1215 ὀνόματι
1130 1145 1321 1200 αὐτοῦ.
1368 1165 1387 1199 ι
1424 1148 1808 1219 Κατατεθήποι
1841 1149 1889 1202 δ’

295 1230 368 1284 ἄν
398 1248 483 1296 τις
530 1232 589 1286 οὐ
655 1234 808 1303 μεῖον
864 1237 959 1289 καὶ
1008 1237 1099 1290 τὸν
1154 1237 1441 1294 Θεσπέσιον
1492 1242 1697 1312 Πέτρον
1759 1242 1889 1295 Ἰου-

294 1314 467 1383 δαίοις
500 1324 1007 1395 προσπεφωνηκότα
1040 1327 1231 1396 σαφῶς
1262 1329 1356 1382 καὶ
1371 1330 1699 1400 ἀναφανδόν·
1722 1332 1889 1405 «Ἀρι

296 1427 486 1482 χοντες
510 1412 606 1468 τοῦ
635 1414 766 1469 λαοῦ
805 1417 902 1470 καὶ
941 1418 1326 1491 πρεσϐύτεροι,
1363 1424 1412 1475 εί
1444 1425 1604 1494 ἡμεῖς
1645 1425 1887 1496 σήμερον

298 1510 711 1582 ἀνακρινόμεθα
762 1514 855 1567 ἐπὶ
904 1514 1226 1585 εὐεργεσίαν
1265 1516 1556 1587 ἀνθρώπου
1602 1519 1887 1587 ἀσθενοῦς,

298 1604 359 1656 ιν
390 1604 502 1658 τίνι
547 1598 701 1670 οὗτος
756 1607 1045 1675 σέσωσται,
1078 1610 1321 1678 γνωστὸν
1353 1611 1493 1665 ἔστω
1535 1614 1701 1667 πᾶσιν
1732 1615 1884 1683 ὑμῖν,

299 1695 396 1749 καὶ
431 1698 592 1752 παντὶ
618 1698 698 1769 τῷ
735 1698 850 1770 λαῷ
894 1700 1133 1773 Ἰσραὴλ,
1167 1703 1247 1755 ὅτι
1293 1704 1351 1756 ὲν
1387 1703 1465 1774 τῷ
1493 1703 1720 1775 ὀνόματι
1783 1706 1885 1776 Ἰη-
1916 1685 1961 1746 Β

300 1787 399 1841 σοῦ
455 1789 692 1860 Χριστοῦ
741 1792 836 1846 τοῦ
890 1791 1235 1865 Ναζωραίου,
1277 1795 1338 1848 ὃν
1396 1796 1553 1866 ὑμεῖς
1605 1797 1885 1868 ἐσταυρώ-

302 1896 455 1944 σατε,
487 1880 546 1934 δν
577 1882 607 1935 6
642 1882 776 1947 Θεὸς
802 1885 1026 1957 ἤγειρεν
1057 1888 1119 1939 ὲκ
1160 1890 1390 1960 νεκρῶν,
1433 1893 1492 1943 ὲν
1523 1888 1700 1960 τούτῳ
1730 1879 1885 1955 οὗτος

299 1974 647 2045 παρέστηκεν
674 1975 903 2030 ἐνώπιον
945 1978 1098 2049 ὑμῶν
1128 1981 1307 2050 ὑγιής.
1350 2000 1367 2030 ι
1408 1982 1518 2036 Καὶ
1561 1980 1679 2052 μεθ’
1722 1981 1885 2052 ἓτερα

299 2062 464 2117 πάλιν
488 2080 501 2093 '
540 2083 558 2117 ι
597 2066 707 2120 Καὶ
736 2068 835 2122 οὐκ
872 2068 1022 2123 ἐστιν
1055 2074 1114 2125 ὲν
1142 2071 1285 2143 ἄλλῳ
1316 2074 1490 2129 οὐδενὶ
1534 2076 1567 2145 ἠ
1618 2074 1881 2145 σωτηρία.

300 2156 441 2211 Οὐδὲ
488 2159 595 2231 γὰρ
644 2159 815 2232 ὄνομα
855 2161 1047 2235 ἕτερον
1090 2166 1237 2218 ἐστιν
1282 2166 1386 2219 ὑπὸ
1430 2167 1522 2220 τὸν
1568 2168 1797 2238 οὐρανὸν
1826 2165 1886 2222 τὸ

297 2249 580 2321 δεδομένον
625 2254 683 2306 ὲν
716 2253 1043 2326 ἀνθρώποις.
1078 2256 1136 2309 ἐν
1167 2250 1211 2325 ᾧ
1252 2258 1333 2311 δεῖ
1379 2260 1617 2329 σωθῆναι
1651 2262 1818 2331 ἡμᾶς.
1861 2279 1879 2312 ›

300 2342 397 2407 Τίς
428 2340 520 2398 οὖν
562 2346 670 2416 ἄρα
701 2348 870 2414 ἐστὶν,
901 2351 929 2401 6
972 2351 1067 2403 καὶ
1100 2349 1331 2406 θάνατον
1368 2354 1583 2419 ὑποδὺς,
1622 2355 1716 2408 καὶ
1753 2357 1886 2425 ἐγη-

299 2435 563 2507 γερμένος
601 2439 658 2490 ὲν
686 2438 833 2510 δόξῃ,
864 2441 959 2494 καὶ
1004 2442 1068 2495 ὲκ
1115 2441 1389 2514 Ναζαρὲτ,
1441 2447 1486 2499 εξ
1534 2446 1609 2515 μὴ
1672 2445 1882 2517 Ἰησοῦς

301 2528 552 2598 Χριστὸς,
585 2531 886 2599 τουτέστιν,
938 2534 965 2585 6
1019 2534 1126 2605 πρὸ
1180 2536 1382 2599 παντὸς
1431 2537 1530 2604 μὲν
1577 2536 1773 2601 αἰῶνος
1821 2539 1886 2592 ἐκ

301 2619 514 2690 Πατρὸς
540 2621 865 2695 ἀπορρήτως
902 2628 1296 2698 γεγεννημένος
1331 2668 1345 2691 ,
1392 2630 1448 2680 ἐν
1477 2628 1532 2681 δέ
1563 2646 1625 2697 γε
1667 2628 1745 2700 τῷ
1773 2630 1883 2683 λοί-

300 2708 411 2780 σθῳ
447 2711 540 2763 καὶ
586 2713 665 2775 είς
716 2713 887 2784 πέρας
930 2714 1118 2784 ἥκοντι
1164 2714 1254 2767 τοῦ
1306 2716 1500 2779 αἰῶνος
1558 2716 1755 2785 καιρῷ,
1791 2718 1884 2769 καὶ

301 2803 627 2872 σωματικῶς
663 2806 727 2858 ἐκ
756 2807 1035 2875 γυναικός
1078 2808 1135 2860 Ὀ
1177 2807 1358 2860 πίστιν
1399 2805 1492 2861 οὖν
1532 2808 1641 2879 ἄρα
1671 2810 1769 2879 τὴν
1804 2810 1884 2872 είς

299 2893 461 2947 αὐτὸν
490 2896 869 2967 προσιέμενος,
916 2900 1084 2969 γέρας
1132 2901 1419 2954 ἀποίσεται
1476 2902 1536 2955 τὸ
1580 2902 1884 2973 ἐξαίρετονο

299 2986 716 3057 διακεκλήσεται
760 2989 868 3060 γὰρ
909 2990 1023 3054 υἱὸς
1068 2992 1242 3045 Θεοῦο
1294 3013 1312 3043 ι
1348 2995 1500 3046 Ὅσοι
1541 2993 1647 3067 γὰρ
1693 2992 1884 3048 ἔλαϐον

300 3078 484 3138 αὐτον,
523 3078 720 3133 ἔδωκεν
754 3082 934 3144 αὐτοῖς
963 3083 1233 3149 ἐξουσίαν,
1268 3088 1424 3157 φησὶ,
1447 3087 1767 3157 τέκναΑΘεοῦ
1795 3103 1888 3156 γε·

301 3171 508 3237 νέσθαι,
541 3174 591 3225 οἳ
619 3174 719 3227 οὐκ
750 3176 808 3240 ἐξ
840 3176 1107 3245 αἱμάτων,
1151 3179 1272 3230 οὐδὲ
1310 3182 1373 3232 ὲκ
1420 3154 1721 3251 θελήματος
1755 3199 1887 3251 σαρ-

303 3267 418 3330 κὸς,
457 3266 579 3319 οὐδὲ
625 3268 689 3321 ὲκ
732 3268 1035 3339 θελήματος
1074 3270 1283 3340 ἀνδρὸς,
1313 3271 1426 3323 ἀλλ’
1467 3275 1530 3326 ὲκ
1559 3272 1692 3326 Θεοῦ
1736 3276 1888 3342 εγεν⁹

302 3358 565 3430 νήθησαν.
625 3379 643 3412 ι
705 3361 822 3414 Ἵνα
860 3360 967 3434 γὰρ
1012 3362 1236 3432 γένηται
1278 3363 1573 3433 πρωτεύων
1626 3366 1683 3419 ἐν
1723 3368 1887 3419 πᾶσιν

302 3450 485 3517 αὐτὸς,
518 3451 663 3506 καθὰ
695 3453 1028 3525 γέγραπται,
1064 3455 1389 3525 γεγέννηται
1444 3455 1540 3525 μὲν
1583 3455 1670 3509 διὰ
1699 3473 1889 3525 γυναι-

304 3542 419 3608 κός.
463 3544 679 3616 Ἐπειδὴ
709 3546 766 3599 δέ
797 3547 944 3600 ἐστιν
994 3545 1218 3617 ἀπαρχὴ
1262 3547 1360 3614 τῆς
1394 3534 1891 3619 ἀναμορφουμένης

304 3636 536 3701 κτίσεως
564 3637 629 3691 δι’
658 3638 931 3710 ἁγιασμοῦ
964 3638 1098 3712 πρὸς
1125 3638 1279 3705 Θεὸν,
1299 3641 1396 3694 καὶ
1430 3641 1533 3710 πρό
1564 3657 1625 3709 γε
1661 3639 1769 3694 τῶν
1793 3640 1887 3695 ἆλ-

305 3727 412 3780 λων
460 3729 623 3793 αὐτὸς
656 3732 881 3800 γενητὸς
913 3731 1127 3803 ἐδείχθη
1176 3731 1517 3803 Πνεύματος,
1554 3733 1652 3803 τὴν
1697 3731 1892 3802 ἀνδρός

305 3836 365 3873 τε
396 3820 492 3874 xui.
519 3822 777 3890 γυναικὸς
820 3822 1228 3895 ύπερθρώσκων
1261 3824 1496 3890 σύνοδον,
1530 3824 1622 3878 καὶ
1651 3825 1751 3878 οὐκ
1776 3824 1893 3879 ἀτι-

311 3914 409 3986 μίᾳ
438 3917 532 3968 καὶ
565 3918 741 3987 μώμῳ
786 3916 1165 3983 καταδικάζων
1194 3916 1293 3985 τὴν
1336 3917 1497 3987 φύσιν
1546 3917 1746 3987 (τίμιος
1784 3917 1893 3989 γὰρ

306 4003 336 4055 ὸ
364 4004 562 4074 γάμος,
595 4006 689 4058 καὶ
721 4006 749 4057 ὁ
782 4005 996 4070 πλάσας
1029 4007 1302 4078 ἀπαρχῆς,
1338 4007 1503 4079 ἄρσεν
1529 4008 1623 4061 καὶ
1640 4006 1773 4077 θῆλυ
1800 4024 1894 4061 πε-

310 4096 537 4169 ποίηκεν
583 4099 825 4165 αὐτοὺς),
865 4099 1003 4155 ἀλλὰ
1030 4100 1107 4172 τῷ
1158 4100 1366 4171 μείζονι
1405 4101 1500 4153 καὶ
1547 4100 1896 4172 ἀσυγκρίτως

310 4190 691 4263 ύπερκειμένῳ
749 4193 1071 4264 προσνέμων
1121 4194 1220 4264 ἤδη
1277 4212 1394 4258 πως
1438 4193 1506 4247 τὰ
1551 4191 1894 4263 ἀνθρώπινα.

310 4282 605 4355 Γεννητοὺς
658 4285 764 4356 γὰρ
811 4285 1152 4357 Πνεύματος,
1206 4288 1305 4340 οὐκ
1359 4285 1590 4358 ἀνδρῶν,
1641 4286 1789 4357 ἡμᾶς
1813 4285 1895 4339 ἔτι

1990 437 2053 476 ex
2084 421 2197 476 sola
2238 422 2414 491 ipsius
2455 437 2640 479 carne.

2060 512 2117 567 Β.
2165 515 2464 571 Assentior.
2501 516 2667 570 Recte
2698 515 2841 570 enim
2876 515 3033 570 dicis.

2056 606 2124 660 A.
2152 605 2355 662 Scribit
2387 622 2517 663 vero
2548 607 2711 662 etiam
2744 606 2870 661 alibi
2900 607 3119 674 sapiens
3154 603 3245 659 ille
3285 603 3565 659 Joannes:

1992 716 2013 751 ι
2046 698 2210 753 Multa
2250 700 2465 769 quidem
2512 708 2567 755 et
2611 700 2712 755 alia
2757 699 2908 769 signa
2955 697 3082 753 fecit
3120 695 3279 753 Jesus
3336 698 3387 752 in
3438 710 3571 753 con-

1988 800 2178 862 spectu
2207 792 2593 863 discipulorum
2627 806 2877 857 suorum,
2906 806 3026 861 quae.
3061 805 3169 845 non
3205 799 3333 845 sunt
3363 789 3570 858 scripta

1990 884 2043 940 in
2077 884 2216 941 libro
2243 885 2366 939 hoc.
2406 883 2529 939 Hzec
2562 893 2743 938 autem
2790 883 2990 952 scripta
3044 891 3194 945 sunt,
3224 889 3283 935 ut
3329 880 3566 936 credatis

1990 972 2119 1041 quia
2150 971 2307 1028 Jesus
2332 981 2415 1028 est
2436 972 2608 1027 Filius
2634 972 2725 1027 Dei
2753 971 2884 1038 vivi,
2913 982 2967 1026 et
2996 980 3053 1025 ut
3079 972 3368 1027 credentes
3399 971 3566 1025 vitam

1991 1064 2235 1121 habeatis
2270 1066 2320 1120 in
2356 1066 2576 1120 nomine
2608 1064 2780 1134 ipsius
2808 1064 2872 1119 θ’.
2918 1083 2936 1116 ι
2969 1063 3287 1117 Admiretur
3319 1077 3446 1118 vero
3480 1062 3576 1116 ali-

1990 1154 2112 1223 quis
2152 1169 2257 1209 non
2285 1156 2464 1211 minus
2501 1155 2743 1211 divinum
2779 1154 3020 1220 Petrum,
3051 1155 3118 1208 ad
3156 1153 3375 1209 Judmos
3408 1168 3570 1222 aper-

1993 1257 2045 1303 te
2084 1248 2158 1303 ita
2195 1249 2540 1319 loquentem:
2573 1269 2592 1303 ι
2630 1250 2913 1320 Principes
2945 1249 3155 1321 populi,
3193 1257 3249 1303 et
3279 1246 3524 1304 seniores
3554 1290 3569 1312 ,

1990 1340 2035 1393 si
2078 1353 2174 1394 nos
2233 1340 2393 1395 hodie
2439 1340 2752 1410 judicamur
2798 1342 2851 1395 in
2889 1340 3177 1396 benefacto
3211 1339 3449 1395 hominis
3487 1338 3574 1393 in-

1991 1430 2159 1495 firmi,
2210 1431 2261 1485 in
2298 1446 2406 1501 quo
2443 1433 2546 1487 iste
2573 1433 2755 1487 salvus
2797 1432 2971 1487 factus
2996 1442 3101 1499 est,
3133 1442 3319 1487 notum
3354 1432 3424 1486 sit
3456 1438 3574 1485 om-

1993 1522 2156 1579 nibus
2189 1525 2364 1591 vobis,
2408 1533 2462 1580 et
2492 1524 2638 1580 omni
2674 1524 2818 1595 plebi
2856 1524 3047 1589 Israel,
3093 1525 3219 1594 quia
3266 1524 3318 1578 in
3354 1522 3574 1579 nomine

1992 1615 2208 1671 Domini
2254 1618 2429 1671 nostri
2481 1615 2608 1673 Jesu
2660 1616 2868 1673 Christi
2929 1615 3219 1683 Nazareni,
3264 1632 3425 1686 quem
3476 1630 3572 1671 vos

1990 1705 2374 1773 cruciﬁxistis,
2404 1721 2566 1776 quem
2615 1704 2758 1762 Deus
2804 1706 3091 1762 suscitavit
3137 1720 3169 1759 a
3216 1705 3466 1771 mortuis,
3515 1708 3570 1761 tu

1991 1797 2093 1853 hoc
2118 1798 2221 1852 iste
2243 1808 2385 1852 astat
2421 1798 2573 1852 vobis
2605 1812 2771 1853 sanus
2803 1798 2872 1853 ⁸⁸.
2910 1816 2928 1851 ι
2964 1796 3030 1852 Et
3062 1795 3223 1867 paulo
3249 1804 3370 1867 post
3401 1813 3415 1852 :
3453 1815 3473 1849 ι
3503 1795 3572 1853 Et

1991 1904 2095 1945 non
2125 1897 2212 1944 est
2239 1890 2291 1943 in
2330 1888 2436 1944 alio
2462 1889 2645 1960 aliquo
2689 1889 2860 1945 salus.
2905 1888 3093 1960 Neque
3125 1892 3271 1945 enim
3305 1899 3392 1945 est
3424 1888 3574 1946 aliud

1989 1997 2186 2037 nomen
2218 1981 2319 2037 sub
2349 1985 2490 2037 coelo
2522 1983 2710 2037 datum
2744 1981 3076 2048 hominibus,
3115 1983 3167 2037 in
3187 1997 3293 2052 quo
3322 1990 3575 2053 oporteat

1989 2089 2089 2130 nos
2131 2073 2311 2130 salvos
2360 2073 2475 2129 lieri
2522 2075 2589 2130 ⁸⁸.
2646 2095 2663 2127 ι
2702 2074 2966 2141 Quisnam
3019 2075 3184 2144 igitur
3227 2083 3330 2140 est,
3378 2076 3468 2143 qui
3519 2081 3575 2130 et

1990 2176 2222 2221 mortem
2267 2166 2403 2221 obiit
2439 2174 2494 2220 et
2527 2166 2825 2220 resurrexit
2858 2165 2913 2219 in
2946 2164 3141 2233 gloria,
3172 2173 3335 2235 atque
3370 2180 3436 2219 ex
3464 2162 3574 2219 Νε-

1996 2258 2211 2323 zareth,
2237 2257 2338 2312 nisi
2372 2256 2531 2313 Jcsns
2562 2256 2831 2323 Christus,
2861 2255 2963 2312 hoc
2986 2267 3088 2323 est,
3122 2260 3212 2328 qui
3242 2268 3369 2313 ante
3391 2260 3572 2313 omnia

1988 2350 2182 2406 saecula
2240 2366 2306 2405 ex
2356 2348 2517 2405 Patre
2560 2347 2906 2405 ineﬂ‘abiliter
2960 2351 3177 2417 genitus
3210 2352 3328 2405 est?
3369 2350 3574 2407 Ultimo

1988 2457 2117 2498 vero
2161 2453 2216 2498 et
2267 2445 2334 2499 ad
2388 2446 2593 2499 exitum
2644 2453 2904 2513 vergente
2936 2444 3254 2499 saeculorum
3309 2455 3573 2513 tempore,

1988 2536 2349 2603 corporaliter
2393 2537 2556 2591 etiam
2609 2552 2674 2591 ex
2728 2536 2948 2608 Virgine
2991 2546 3151 2590 natus
3186 2547 3289 2591 est.
3343 2536 3575 2591 Proinde

1987 2630 2078 2698 qui
2113 2630 2165 2682 in
2195 2628 2369 2698 ipsum
2399 2629 2592 2696 credit,
2620 2629 2878 2685 eximium
2903 2629 3185 2699 prmtnium
3218 2627 3447 2694 auferet;
3478 2643 3573 2681 vn-

1988 2718 2199 2772 cabitur
2249 2722 2394 2774 enim
2457 2720 2596 2775 [ilius
2638 2721 2753 2775 Dei.
2786 2742 2803 2772 ι
2840 2721 3115 2790 Quotquot
3157 2721 3302 2776 enim
3348 2735 3576 2788 accepe-

1990 2819 2114 2865 runt
2153 2826 2300 2875 eum,
2332 2813 2483 2866 dedit
2526 2814 2608 2868 eis
2655 2811 2999 2881 petestal'em,
3053 2813 3253 2883 inquit,
3303 2812 3440 2867 ﬁlios
3480 2812 3571 2865 Dei

1990 2901 2127 2966 ﬁeri,
2143 2905 2233 2971 qui
2255 2919 2358 2959 non
2378 2920 2444 2960 ex
2462 2904 2840 2973 sanguinibus,
2866 2920 3041 2975 neque
3066 2919 3131 2960 ex
3160 2906 3434 2959 voluntate
3454 2919 3574 2958 car-

1991 2994 2096 3057 nis,
2126 3009 2299 3062 ueque
2319 3009 2387 3050 ex
2407 2995 2681 3050 voluntate
2700 2996 2821 3062 viri,
2847 2996 2941 3051 sed
2965 3011 3030 3050 ex
3051 2998 3159 3051 Deo
3187 2996 3295 3049 itali
3318 3005 3445 3050 sunt
3465 2993 3568 3049 ".1

1990 3086 2122 3142 Nam
2199 3098 2257 3143 ut
2334 3087 2428 3144 ﬂat
2504 3089 2796 3159 primatum
2877 3099 3070 3145 tenens
3159 3090 3212 3143 in
3281 3089 3573 3152 omnibus,

1989 3180 2127 3235 sicut
2157 3178 2420 3250 scriptum
2445 3179 2612 3245 est“,
2635 3189 2791 3235 natus
2815 3181 3031 3249 quidem
3062 3191 3145 3236 est
3167 3196 3233 3236 ex
3260 3180 3486 3235 muliere
3503 3181 3573 3236 ".

1988 3273 2122 3329 Cum
2158 3289 2288 3329 vero
2340 3274 2410 3329 sit
2465 3274 2716 3343 pritnitize
2747 3274 2797 3306 "
2830 3283 3095 3329 creaturae
3145 3273 3453 3328 reformata:
3508 3272 3576 3325 ad

1990 3364 2156 3419 Deum
2191 3381 2289 3435 per
2336 3365 2853 3431 sanetiilcationem,
2892 3366 3010 3434 ipse
3055 3366 3220 3420 etiam
3268 3373 3397 3418 ante
3439 3362 3577 3418 alios

1993 3468 2150 3510 natus
2187 3471 2254 3510 ex
2315 3456 2523 3526 Spiritu
2570 3457 2882 3512 declaratus
2929 3468 3034 3521 est,
3084 3456 3183 3510 viri
3234 3465 3289 3510 et
3336 3454 3578 3508 mulieris

1992 3559 2342 3614 congressum
2372 3548 2690 3614 excedens;
2724 3563 2829 3601 non
2879 3548 3025 3617 quod
3060 3560 3309 3600 naturam
3343 3546 3577 3614 alicujus

1994 3635 2276 3691 dedecoris
2305 3646 2399 3690 aut
2423 3636 2559 3690 labis
2584 3647 2797 3692 notaret
2832 3652 2893 3691 ac
2924 3639 3206 3691 damnaret
3231 3636 3572 3705 (honoranda

1994 3728 2141 3782 enim
2211 3742 2299 3782 res
2337 3735 2426 3783 est
2473 3726 2807 3798 conjugium,
2854 3737 2909 3782 et
2956 3728 3049 3796 qui
3103 3728 3375 3782 hominem
3427 3729 3579 3782 initio

1994 3818 2221 3885 creavit,
2250 3818 2551 3873 masculum
2600 3828 2655 3875 ct
2697 3819 2952 3875 feminam
2985 3819 3115 3875 fecit
3141 3818 3261 3873 illos
3282 3819 3373 3888 "),
3414 3818 3576 3890 705

1996 3909 2091 3965 sed
2122 3912 2266 3979 quod
2288 3910 2401 3979 jam
2437 3910 2672 3966 humana
2717 3912 2976 3979 majorem
3027 3923 3190 3983 atque
3236 3914 3579 3984 incompara-

1998 4006 2180 4061 biliter
2203 4004 2647 4061 excellentiorem
2673 4005 2721 4060 ei
2765 4005 3050 4060 tribueret.
3090 4004 3258 4060 Natos
3288 4007 3432 4061 enim
3484 4021 3581 4060 nos

1998 4112 2061 4153 ex
2097 4098 2316 4168 spiritu,
2355 4112 2462 4153 non
2488 4113 2553 4152 ex
2586 4097 2719 4152 viris
2738 4112 3053 4168 nuncupare
3080 4096 3265 4153 voluit.
3303 4115 3321 4149 ι
3348 4097 3579 4162 idcirco,

1999 4188 2237 4258 Patrem,
2278 4190 2474 4262 inquit,
2509 4189 2677 4245 nolite
2709 4203 2905 4245 vocare
2947 4188 3099 4245 vobis
3142 4204 3306 4261 super
3338 4200 3576 4245 terram:

1998 4297 2139 4337 unus
2178 4292 2263 4337 est
2306 4281 2451 4338 enim
2499 4281 2663 4337 Pater
2707 4291 2908 4345 vester,
2960 4282 3050 4349 qui
3091 4281 3146 4335 in
3193 4282 3348 4336 caelis
3383 4290 3467 4335 est
3509 4280 3576 4333 ”.

310 4379 667 4449 χρηματίζειν
705 4379 886 4449 ἤθελε.
935 4399 952 4431 ι
1012 4379 1121 4433 Καὶ
1153 4377 1304 4449 γοῦν,
1339 4380 1579 4451 Πατέρα,
1617 4382 1771 4451 φησὶ,
1820 4381 1891 4452 μὴ

2001 4374 2203 4431 Omnes
2232 4385 2415 4430 autem
2456 4389 2553 4430 vos
2603 4373 2804 4429 fratres
2835 4373 2969 4430 estis
3015 4371 3083 4429 ".
3120 4392 3139 4425 ι
3181 4371 3581 4441 lrreprehensi-

314 4468 577 4540 καλέσητε
609 4470 763 4540 ὑμῶν
807 4471 899 4524 ἐπὶ
925 4471 1018 4542 τῆς
1045 4471 1147 4541 γῆς
1169 4487 1181 4500 ⁸
1220 4465 1301 4535 εἷς
1334 4471 1441 4543 γάρ
1470 4473 1619 4524 ἐστιν
1645 4475 1672 4525 6
1706 4473 1898 4545 Πατὴρ

316 4560 444 4629 ὑμῖν
475 4563 503 4613 6
548 4562 836 4632 οὐράνιος·
875 4564 1076 4627 πάντες
1123 4563 1181 4617 δὲ
1225 4565 1382 4635 ὑμεῖς
1436 4563 1654 4632 ἀδελφοί
1688 4565 1831 4619 ἐστε.
1875 4585 1894 4619 ο

316 4650 524 4704 Οὐκοῦν
553 4652 853 4723 ἀμώμητον
888 4654 1164 4718 παντελῶς
1206 4655 1268 4708 τὸ
1296 4654 1575 4709 πιστεύειν
1606 4657 1684 4720 είς
1713 4656 1896 4723 αὑτὸν,

320 4744 519 4815 μᾶλλον
549 4745 605 4799 δὲ
630 4746 726 4799 καὶ
756 4749 822 4819 τῇ
848 4747 957 4801 τῶν
993 4748 1484 4820 πλημμελημάτων
1510 4750 1786 4823 ἀμνηστίᾳ
1815 4768 1901 4805 τε-

314 4837 561 4910 τίμηται.
609 4840 818 4910 Γράφει
846 4839 954 4911 γὰρ
985 4836 1084 4893 ὧδε
1126 4840 1287 4893 πάλιν
1317 4843 1344 4893 ὁ
1371 4840 1620 4911 ἔκκριτος
1653 4842 1862 4906 Παῦλος
1882 4860 1895 4873 ·

320 4916 341 4985 ἓ
384 4931 600 4997 Είδότες
643 4933 699 4986 δὲ
727 4934 810 4986 ὅτι
844 4933 903 4985 οὐ
935 4932 1235 4985 δικαιοῦται
1290 4932 1572 5005 ἄνθρωπος
1616 4934 1675 5000 ἐξ
1723 4935 1899 5007 ἔργων

318 5027 501 5099 νόμον,
525 5028 619 5081 ἐὰν
646 5028 719 5099 μὴ
747 5027 836 5080 διὰ
866 5027 1101 5090 πίστεως
1136 5028 1307 5097 Ἰησοῦ
1339 5027 1594 5098 Χριστοῦ,
1619 5030 1713 5082 καὶ
1740 5031 1901 5100 ἡμεῖς

319 5122 398 5185 εἰς
437 5121 671 5192 Χριστὸν
713 5118 917 5191 Ἰησοῦν
958 5117 1377 5189 ἐπιστεύσαμεν.
1419 5139 1436 5170 ι
1478 5122 1815 5191 Κατοκνήσω
1842 5120 1900 5172 δὲ

320 5213 590 5285 οὐδαμῶς,
619 5215 757 5284 ὅπερ
797 5213 898 5283 ἤδη
945 5212 1157 5281 φθάσας
1198 5210 1353 5284 ἔφην,
1396 5212 1779 5283 ἀνακυκλήσας
1823 5215 1900 5267 εί-

320 5304 461 5373 πεῖν,
493 5309 573 5361 ὃτι
601 5306 834 5377 Χριστὸς
878 5305 1085 5377 Ἰησοῦς
1110 5305 1169 5357 ού
1201 5305 1408 5376 γυμνὸς
1437 5306 1533 5359 καὶ
1564 5305 1683 5359 καθ’
1711 5307 1901 5360 ἑαυτὸν

319 5398 347 5455 ὁ
372 5400 436 5455 ὲκ
467 5398 602 5453 Θεοῦ
634 5400 833 5453 νοεῖται
880 5399 1069 5466 Λόγος,
1103 5397 1215 5450 ἀλλ’
1257 5400 1343 5451 ὅτε
1378 5397 1679 5469 προσέλαϐε
1710 5399 1767 5451 τὸ
1808 5401 1900 5452 άν-

2001 4468 2109 4523 blle
2142 4468 2325 4536 itaque
2355 4481 2579 4535 prorsus
2614 4476 2700 4521 est
2729 4468 2782 4519 in
2816 4467 2991 4534 ipsum
3018 4465 3269 4520 credere.
3320 4463 3434 4518 lmo
3481 4478 3582 4533 po-

2001 4560 2106 4613 tius
2139 4567 2486 4629 peccatorum
2520 4556 2798 4611 oblivione
2854 4554 2989 4611 iides
3037 4554 3090 4610 in
3143 4556 3317 4624 ipsum
3354 4553 3581 4608 decora-

2001 4661 2087 4705 tur
2114 4661 2278 4719 atque
2326 4648 2664 4720 rependitur.
2694 4647 2772 4702 lta
2819 4648 2966 4702 enim
3014 4648 3172 4703 nobis
3218 4646 3453 4702 eximius
3495 4646 3585 4703 ille

2002 4742 2201 4797 Paulus
2230 4742 2458 4796 scribit:
2492 4758 2510 4791 ι
2550 4738 2795 4795 Seientes
2822 4741 2964 4809 quod
2996 4755 3103 4793 non
3128 4739 3458 4808 justiﬁcatur
3490 4742 3588 4795 ho-

2007 4850 2094 4888 mo
2132 4850 2195 4888 ex
2226 4833 2483 4903 operibus
2528 4832 2684 4900 legis,
2726 4831 2831 4886 nisi
2873 4846 2969 4901 per
3004 4830 3165 4886 tidem
3199 4830 3326 4887 Jesu
3353 4831 3583 4897 Christi.

2002 4939 2054 4982 et
2099 4943 2199 4981 uos
2236 4927 2288 4980 in
2325 4926 2544 4981 Christo
2581 4924 2710 4980 Jesu
2744 4924 3073 4979 credidimus
3114 4922 3205 4977 “'.
3246 4942 3265 4974 ι
3312 4925 3580 4979 Caeterum

2005 5036 2347 5091 nequaquam
2376 5020 2641 5090 gravabor
2670 5032 2732 5073 ea
2760 5033 2879 5086 quae
2913 5016 3086 5074 fusius
3114 5032 3146 5072 a
3176 5032 3261 5072 me
3296 5017 3442 5072 dicta
3461 5026 3593 5071 sunt

2007 5114 2058 5167 in
2088 5128 2355 5168 summam
2384 5112 2637 5180 colligere
2674 5128 2687 5164 :
2724 5110 2981 5165 nimirum
3017 5112 3159 5179 quod
3202 5111 3451 5164 Christus
3481 5124 3593 5164 non

2006 5207 2077 5260 sit
2117 5207 2319 5261 nudum
2357 5221 2421 5259 ac
2448 5220 2541 5273 per
2585 5218 2644 5258 se
2671 5219 2736 5259 ex
2779 5203 2937 5258 Patre
2975 5203 3274 5273 procedens
3310 5201 3539 5258 Verbum
3571 5220 3581 5254 :

2008 5300 2104 5355 sed
2130 5297 2426 5366 assumpsit
2462 5295 2857 5349 humanitatem
2909 5303 2963 5347 et
3009 5308 3176 5348 carne
3206 5293 3451 5347 indutum
3482 5303 3587 5354 est,

2010 5402 2174 5461 atque
2202 5388 2273 5442 ita
2303 5404 2360 5442 se
2389 5388 2674 5441 habentem
2705 5395 2866 5453 atque
2909 5393 3280 5454 apparentem,
3330 5381 3589 5437 formam-

402 5603 754 5663 ⁸⁷1ι)τιιι.κιι,
781 5602 870 5661 ὅθ,
908 5602 995 5653 51.
1074 5600 1118 5631 ⁸⁸
1146 5602 1262 5652 Art.
1300 5617 1369 5657 tv,
1404 5599 1551 5653 S-ill.
1635 5599 1676 5627 ’ν’
1706 5597 1886 5650 Ιιιίι1.1

1998 5556 2077 5649 ιι.
2159 5592 2452 5663 ’°10:3ll._l.
2492 5588 2724 5663 12,15.“
2771 5586 2812 5663 ξι
2843 5581 3048 5663 Colossi:
3085 5597 3122 5646 l,
3165 5582 3248 5636 ιδ.
3341 5574 3587 5629 ονρυιιι.

308 5675 469 5752 _tv,t,
554 5675 639 5728 ’λι
676 5661 798 5727 Cur.
839 5673 1042 5737 “1,20.
1123 5671 1322 5727 ελιςςιι.
1361 5688 1396 5738 ι,
1434 5671 1519 5723 ~27.
1600 5670 1857 5724 "Matth.

1994 5686 2047 5739 tt,
2081 5672 2131 5724 9.
2210 5666 2254 5697 ’⁸
2284 5661 2413 5717 Ibid.
2442 5663 2494 5718 8.

2590 5659 2658 5692 ’θ’
2686 5656 2861 5714 Galat.
2893 5669 2951 5720 il,
2990 5652 3070 5706 16.
