4038 6200
484 178 622 235 {239

1467 182 1522 237 S.
1565 182 1838 238 CYRILLI
1872 184 2342 240 ALEXANDHINI
2376 188 2692 246 ARCUIEP.

3609 208 3773 264 1240

484 313 594 367 que
646 304 887 351 nostram
938 304 1263 363 gestantem,
1322 295 1482 350 Pater
1536 300 1748 353 sanctis
1798 299 2052 368 apostolis

2163 299 2455 370 θρὼπινον,
2499 305 2770 377 ἐνεπλάκη
2799 308 2981 378 σαρκία
3016 309 3201 374 ὀὕτως
3245 312 3435 383 Exorata
3471 318 3571 373 καὶ
3602 322 3781 390 ὁρώ-

485 388 755 455 ostendit,
806 387 1173 457 hujuscemodi
1219 402 1346 441 voce
1398 387 1611 443 coalitus
1640 389 1782 445 edita
1837 407 1849 443 :
1897 409 1915 441 ς
1961 388 2059 444 Hic

487 490 567 533 est
597 478 768 534 Filius
799 494 953 533 meus
990 479 1239 543 dilectus,
1272 480 1323 534 in
1356 495 1463 548 quo
1497 482 1629 536 mihi
1661 482 1795 539 bene
1820 484 2059 553 compla-

487 572 612 627 cui:
647 572 820 641 ipsum
866 571 1049 626 audite
1078 573 1147 627 ³⁷.
1186 591 1205 625 ι
1246 571 1508 643 lttlelligis
1543 576 1747 646 itaque,
1788 580 2058 647 quomodo

486 679 595 718 non
632 664 811 719 dicat:
847 664 899 717 In
925 666 1027 718 hoc
1055 673 1137 718 est
1167 664 1335 718 Filius
1367 680 1538 732 meus,
1574 682 1640 722 ue
1671 669 1907 727 vicissim
1940 680 2057 725 tan.

485 767 645 823 quam
680 754 816 807 alter
864 753 914 808 in
946 755 1116 808 altero
1142 769 1263 809 esse
1289 767 1629 821 censeretur,
1668 759 1762 813 sed
1802 776 1941 816 unus
1970 771 2056 817 at-

483 860 590 913 que
636 844 783 898 idem
826 844 1124 898 secundum
1156 847 1415 902 unitatem
1462 849 1868 904 incarnationis.
1903 852 2057 918 Quod

483 951 613 990 vero
638 935 1002 1005 periculosum
1052 936 1477 1008 damnosumque
1519 941 1785 1010 imprimis
1815 942 1886 997 sit
1931 944 2057 999 huic

484 1026 769 1081 sententia:
802 1026 1081 1093 reluctari,
1122 1024 1360 1084 Joannes
1395 1028 1555 1085 facile
1586 1034 1937 1101 persuaserit,
1980 1034 2055 1089 ita

482 1118 690 1180 dicens,
723 1117 865 1185 quod
899 1117 1038 1169 idem
1070 1117 1141 1171 sit
1174 1120 1550 1175 testimonium
1600 1122 1690 1177 Dei
1716 1123 1863 1192 quod
1896 1133 2056 1178 testa-

483 1222 567 1263 tus
603 1219 688 1264 est
723 1211 788 1266 de
835 1209 973 1267 Filio
1016 1227 1154 1271 suo:
1183 1232 1200 1263 ι
1235 1210 1339 1277 Qui
1393 1212 1565 1269 credit
1606 1212 1658 1267 in
1704 1213 1897 1267 Filiqu
1936 1215 2055 1282 Dei,

481 1309 647 1365 habet
691 1308 1055 1365 testimonium
1090 1307 1181 1363 Dei
1217 1309 1267 1362 in
1321 1324 1399 1364 sc.
1449 1309 1548 1375 Qui
1581 1324 1688 1363 nou
1718 1310 1891 1363 credit
1924 1311 2053 1376 Deo,

483 1401 801 1454 mendacem
832 1399 964 1453 facit
1002 1414 1124 1454 eum
1153 1417 1167 1466 ;
1206 1399 1335 1469 quia
1373 1414 1477 1453 non
1523 1401 1696 1455 credit
1728 1400 1781 1461 in
1815 1402 2056 1456 testimo-

481 1492 627 1547 nium
650 1491 793 1561 quod
811 1491 1129 1545 testiﬁcatus
1143 1501 1225 1546 est
1243 1492 1381 1545 Deus
1398 1492 1462 1543 de
1480 1489 1615 1543 Filio
1630 1506 1746 1544 suo.
1764 1510 1781 1540 ι
1804 1490 2056 1549 Testatus

480 1594 659 1637 autem
700 1590 783 1637 est
823 1582 967 1652 quod
994 1581 1092 1635 llic
1117 1582 1206 1649 qui
1262 1582 1312 1635 in
1345 1596 1509 1639 carne
1550 1592 1603 1636 et
1651 1585 1707 1636 in
1738 1584 1913 1637 forma
1939 1600 2053 1639 ser-

480 1676 534 1728 vi
559 1673 916 1742 conspicitur,
951 1680 1035 1725 est
1063 1671 1416 1742 singulariter
1438 1685 1501 1727 ac
1530 1672 1873 1739 peculiariter
1897 1687 2055 1727 verus

480 1778 632 1819 meus
662 1762 851 1818 Filius.
887 1762 1023 1829 Quid
1052 1762 1217 1819 vero?
1246 1776 1425 1817 nonne
1462 1771 1517 1815 et
1551 1764 1779 1832 gratiam
1810 1780 1929 1833 quae
1959 1781 2057 1835 per

478 1871 692 1910 sacrum
719 1856 1041 1926 baptismum
1089 1854 1382 1922 confertur,
1409 1864 1462 1910 et
1497 1856 1911 1911 vivilicationem
1937 1873 2057 1925 qua:

480 1950 532 2003 iu
571 1948 691 2017 ipso
734 1958 839 2012 est,
878 1955 934 2002 et
980 1946 1453 2018 participationem
1488 1944 1582 2001 Dei
1615 1961 1711 2016 per
1747 1948 2055 2002 sanctiﬁca—

481 2042 681 2096 tionem
721 2039 774 2093 in
810 2039 1040 2107 Spiritu,
1073 2054 1170 2111 per
1211 2037 1397 2093 Jesum
1442 2039 1714 2095 Christum
1763 2040 1902 2095 facta
1934 2055 2055 2097 esse

478 2133 759 2191 dicemus?

550 2314 611 2371 Β.
632 2313 889 2371 Omnino.
921 2310 1143 2367 Memini
1180 2310 1324 2367 enim
1349 2309 1574 2366 Joannis
1598 2311 1824 2368 dicentis
1852 2330 1864 2365 :
1901 2329 1919 2365 ι
1952 2312 2053 2378 Qui

479 2416 602 2477 post
631 2423 716 2463 me
750 2407 915 2472 venit,
952 2408 1146 2462 fortior
1193 2421 1278 2460 me
1316 2415 1438 2469 est,
1484 2406 1638 2475 cujus
1682 2420 1787 2458 nou
1824 2419 1941 2458 sum
1973 2406 2055 2459 di-

479 2517 615 2570 gnus
651 2500 1021 2555 calceamenta
1066 2508 1285 2568 portare
1328 2518 1339 2551 :
1388 2497 1501 2565 ipse
1547 2511 1640 2551 vos
1673 2495 1967 2564 baptizahit
1999 2499 2051 2550 ln

478 2592 679 2659 Spiritu
717 2600 906 2647 saneto
935 2599 989 2647 et
1026 2589 1149 2661 igne
1181 2589 1245 2642 ⁸³.
1286 2607 1303 2640 ›

550 2777 616 2831 A.
653 2772 1089 2829 llumanitatisne
1131 2771 1295 2843 igitur
1335 2781 1533 2826 nostrae
1588 2784 1723 2838 Opus
1760 2781 1882 2823 esse
1924 2782 2052 2822 cen-

477 2870 768 2934 sebimus,
828 2867 885 2922 in
964 2865 1173 2937 Spiritu
1231 2874 1422 2920 saneto
1489 2873 1541 2917 et
1596 2863 1716 2931 igne
1775 2861 2053 2929 baptizare

476 2975 631 3031 posse
646 2958 668 3011 ?

550 3054 611 3107 Β.
641 3051 758 3118 Quo
782 3058 937 3120 pacto
970 3049 1020 3102 id
1053 3047 1171 3102 ﬁeri
1194 3045 1394 3114 possit?

547 3147 787 3219 706A.
811 3146 971 3213 Atqui
1008 3144 1178 3197 virum
1203 3139 1423 3210 jamjam
1454 3150 1736 3194 venturum
1766 3150 1927 3209 atque
1955 3155 2050 3208 ap-

476 3243 772 3311 pariturum
829 3238 1035 3303 dit-ens,
1071 3236 1242 3303 ipsum
1296 3234 1348 3287 in
1386 3234 1505 3305 igne
1540 3240 1594 3286 et
1632 3232 1832 3299 Spiritu
1864 3241 2053 3285 sancto

477 3334 754 3403 baptizare
786 3329 1230 3393 aiiirmat,neque
1271 3327 1503 3381 alienum
1553 3326 1841 3395 baptizatis
1876 3323 2053 3393 Spiri-

479 3439 592 3482 tum
624 3425 918 3480 immittere
944 3419 1121 3478 servili
1144 3434 1206 3474 ac
1225 3418 1618 3476 ministratorio
1653 3416 1834 3479 modo,
1872 3416 1967 3469 sed
1997 3424 2053 3469 ut

479 3519 647 3573 Deum
701 3512 995 3569 secundum
1057 3521 1303 3565 naturam
1350 3525 1471 3565 cntn
1512 3512 1722 3562 summa
1762 3514 2047 3576 potestate,

478 3607 741 3679 Spiritqu
767 3620 834 3660 ex
862 3619 921 3660 se
950 3604 1158 3673 sibique
1198 3600 1475 3671 preprium
1518 3599 1725 3670 largiri.
1753 3613 1851 3668 per
1887 3613 2049 3668 quem

476 3698 636 3754 etiam
681 3694 897 3750 divinus
934 3694 1222 3749 character
1269 3692 1423 3747 nobis
1470 3691 1814 3759 insigniatur.
1853 3690 2047 3746 Refor-

477 3803 686 3842 mamur
729 3787 873 3841 enim
923 3785 989 3839 ad
1039 3784 1329 3857 imaginem
1374 3783 1609 3841 divinam
1660 3783 1712 3836 in
1771 3782 2049 3837 Christum

475 3875 683 3941 Jcsum,
724 3889 833 3930 non
881 3874 1216 3952 corporalem
1271 3873 1712 3927 reformationem
1757 3873 2051 3927 subeuntes

477 3971 624 4040 (nam
682 3968 734 4022 id
790 3966 1139 4031 vehementer
1182 3964 1472 4020 absurdum
1518 3964 1661 4020 dicttt
1702 3964 1908 4033 fuerit),
1957 3963 2050 4019 sed

476 4076 571 4129 per
602 4058 1075 4131 participationem
1108 4058 1281 4114 sancti
1309 4057 1544 4127 Spiritus
1594 4057 1764 4125 ipsum
1801 4057 1851 4111 in
1897 4057 2051 4112 nobis

474 4154 607 4223 ipsis
658 4153 923 4210 trahentes
961 4166 975 4205 :
1029 4153 1164 4207 adeo
1212 4159 1270 4205 ut
1298 4150 1544 4205 laniantes
1573 4150 1700 4203 illud
1743 4149 2052 4204 exclamare

475 4245 746 4315 possimus
796 4264 810 4302 :
862 4264 880 4296 ‹
936 4243 1245 4309 Exsultabit
1292 4241 1473 4297 anima
1522 4259 1636 4296 mea
1692 4243 1742 4296 iu
1797 4243 2047 4309 Domino,

2162 410 2341 460 μενον,
2373 396 2463 448 καὶ
2499 397 2556 449 ἐν
2592 397 2720 450 εῖδει
2768 399 2845 468 τῷ
2890 400 3011 453 καθ’
3038 403 3183 471 ἡμᾶς
3214 408 3585 476 τυγχάνοντα,
3626 415 3772 474 τοῖς

2158 484 2333 551 ἁγίοις
2358 487 2677 551 ἀποστόλοις
2700 490 3016 561 παρέδειξεν
3037 494 3065 544 6
3090 495 3299 566 Πατὴρ,
3327 500 3510 567 φωνῆς
3532 500 3779 555 ἄνωθεν

2157 575 2597 648 ὲκπεποιημένης
2645 581 2857 634 τοιᾶσδε
2881 597 2895 611 ·
2933 601 2950 633 ι
2991 578 3158 647 Οὗτός
3186 586 3338 639 ἐστιν
3362 590 3390 641 ὁ
3423 589 3551 652 Υἱός
3585 610 3705 660 μου
3734 594 3762 644 ὁ

2156 669 2459 739 ἀγαπητὸς,
2491 670 2549 723 ὲν
2578 664 2621 737 ᾧ
2668 673 2965 743 ηὐδόκησα,
3008 676 3169 731 αὑτοῦ
3214 678 3459 733 ἀκούετε.
3516 701 3535 734 ι
3572 683 3763 749 Σύνες

2157 757 2249 819 οὖν
2306 762 2450 823 ὅπως
2480 763 2579 816 οὐκ
2626 765 2684 816 ὲν
2712 765 2908 837 τούτῳ,
2941 769 3123 837 φησὶν,
3171 770 3321 823 ἐστὶν
3351 772 3381 822 6
3433 772 3563 835 Υίὸς
3615 793 3761 842 μου,

2160 850 2245 903 ἵνα
2276 852 2350 921 μὴ
2386 853 2661 923 ἀναμέρος
2706 855 2780 918 ὡς
2807 856 2993 924 ἕτερος
3019 859 3078 911 ὲν
3108 860 3278 930 ἑτέρῳ
3307 861 3486 931 τυχὸν,
3516 863 3642 922 ἀλλ’
3666 862 3761 930 εἷς

2157 943 2343 1012 νοῆται
2383 945 2475 997 καί
2504 947 2532 996 6
2572 946 2729 1009 αὐτὸς
2764 948 2895 1025 ,καθ’
2924 949 3115 1003 ἕνωσιν
3149 953 3514 1022 οἰκονομικήν.
3550 956 3757 1026 Πλημ-

2161 1036 2317 1105 peis;
2342 1037 2399 1090 δὲ
2435 1039 2517 1091 ὅτι
2539 1040 2600 1091 τὸ
2628 1041 2944 1093 ἀντιτείνειν
2975 1044 3110 1109 ἐστὶ,
3139 1045 3230 1096 καί
3259 1045 3369 1097 τῶν
3388 1047 3467 1099 ὅτι
3501 1048 3765 1116 μάλιστα

2158 1127 2626 1198 σφαλερωτάτων,
2681 1131 2966 1184 ἀναπείσει
3013 1133 3239 1204 γράφων
3309 1136 3565 1205 Ἰωάννης
3621 1138 3759 1198 ὡδὶ,

2156 1218 2235 1272 ὅτι
2271 1219 2408 1289 αῦτη
2445 1220 2652 1291 ὲστὶνή
2697 1223 2967 1293 μαρτυρία
2998 1224 3089 1277 τοῦ
3138 1224 3293 1288 Θεοῦ,
3333 1227 3414 1283 ὅτι
3460 1228 3773 1297 μεμαρτύ-

2160 1327 2290 1380 ρηκε
2322 1310 2450 1382 περὶ
2481 1312 2573 1366 τοῦ
2597 1312 2725 1366 nos
2749 1315 2933 1368 αὐτοῦ·
2960 1334 2979 1367 ι
3004 1317 3065 1368 'U
3081 1316 3351 1370 πιστεύων
3380 1320 3457 1381 είς
3492 1319 3586 1371 τὸν
3614 1320 3759 1371 Υἱὸν

2155 1401 2247 1455 τοῦ
2292 1401 2449 1467 Θεοῦ,
2487 1402 2600 1473 ἔχει
2638 1404 2735 1475 τὴν
2788 1408 3093 1477 μαρτυρίαν
3133 1407 3225 1459 τοῦ
3257 1408 3390 1461 Θεοῦ
3434 1410 3494 1460 ὲν
3532 1410 3752 1479 ἑαυτῷ.

2167 1492 2226 1545 Ὀ
2270 1491 2345 1562 μὴ
2397 1492 2669 1547 πιστεύων
2706 1494 2784 1564 τῷ
2818 1494 2955 1567 Θεῷ,
3006 1495 3245 1566 ψεύστην
3290 1498 3593 1568 πεποίηκεν
3644 1500 3759 1551 αὑ·

2155 1581 2265 1647 τὸν,
2305 1583 2387 1637 ὅτι
2430 1585 2528 1637 οὐκ
2565 1584 2883 1639 ἐπίστευσεν
2915 1588 2993 1648 είς
3034 1586 3134 1657 τὴν
3171 1588 3495 1657 μαρτυρίαν,
3540 1591 3611 1660 ἣν
3653 1607 3757 1660 με·

2161 1675 2511 1747 μαρτύρηκεν
2546 1677 2575 1729 6
2607 1677 2738 1740 Θεὸς
2769 1680 2895 1749 περὶ
2924 1678 3017 1731 τοῦ
3050 1678 3176 1732 Υίοῦ
3208 1679 3391 1734 αὑτοῦ.
3435 1699 3451 1730 ι
3498 1682 3754 1752 Μεμαρ-

2156 1765 2363 1836 τύρηκε
2401 1766 2477 1831 δὲ,
2516 1767 2598 1820 ὅτι
2631 1760 2817 1831 Οὗτος,
2850 1771 2879 1822 ό
2909 1769 3044 1839 μετά
3092 1770 3293 1839 σαρκὸς
3324 1770 3415 1822 καὶ
3456 1771 3511 1823 ἓν
3538 1772 3604 1840 τῇ
3641 1771 3749 1825 τςιῦ

2155 1859 2341 1913 δούλου
2373 1863 2577 1931 μορφῇ,
2607 1861 2905 1931 μοναδικῶς
2933 1878 2991 1914 τε
3024 1861 3117 1913 καὶ
3151 1860 3330 1923 ίδικῶς
3352 1862 3479 1931 ἐμὸς
3516 1861 3749 1932 ἀληθῶς

2158 1949 2303 2013 Υἱός.
2338 1950 2401 2001 Τί
2433 1950 2523 2014 δέ;
2559 1951 2677 2019 οὐχί
2697 1952 2789 2004 καὶ
2807 1950 2906 2021 τὴν
2935 1949 3022 2002 διὰ
3048 1949 3142 2001 τοῦ
3172 1949 3327 2017 ἁγίου
3359 1950 3748 2019 βαπτίσματος

2155 2040 2355 2095 εὐκλεᾶ
2391 2042 2569 2111 χάριν,
2604 2041 2698 2109 καὶ
2726 2039 2823 2111 τὴν
2851 2042 2906 2092 ὲν
2928 2038 3076 2108 αὐτῷ
3119 2039 3463 2108 ζωοποίησιν,
3505 2040 3598 2091 καὶ
3632 2042 3743 2110 τὴν

2153 2132 2291 2187 Θεοῦ
2325 2132 2538 2202 μέθεξιν
2577 2132 2643 2185 δι’
2676 2132 2949 2202 ἀγιασμοῦ
2991 2132 3049 2191 ὲν
3094 2129 3391 2201 Πνεῦματι,
3421 2130 3506 2183 διὰ
3549 2130 3739 2202 Ἰησοῦ

2154 2224 2390 2296 Χριστοῦ
2426 2225 2740 2296 πεπρᾶχθαι
2780 2223 3058 2293 δώσομεν;

2224 2317 2283 2368 Β.
2348 2317 2715 2383 Ἀναγκαίως·
2772 2318 3122 2386 μεμνήσομαι
3174 2315 3283 2385 γάρ
3337 2316 3576 2370 Ἰωάννου
3634 2318 3733 2368 λέο

2153 2425 2372 2477 γοντος·
2421 2428 2437 2458 ι
2486 2408 2543 2461 Ὀ
2591 2408 2647 2460 δὲ
2680 2408 2855 2459 ὀπίσω
2889 2425 2989 2478 μου
3040 2408 3349 2478 ἐρχόμενος,
3384 2407 3733 2479 ἰσχυρότερός

2157 2498 2257 2569 μού
2292 2500 2456 2560 ἐστιν,
2491 2493 2550 2552 οὗ
2575 2484 2675 2551 οὐκ
2704 2498 2823 2568 εἰμὶ
2859 2497 3040 2562 ἱκανὸς
3069 2499 3135 2552 τὰ
3163 2499 3477 2569 ὑποδήματα
3519 2498 3733 2567 βαστά-

2156 2609 2276 2644 σαιο
2320 2593 2525 2655 ἐκεῖνος
2559 2592 2701 2663 ὑμᾶς
2741 2591 2991 2667 βαπτίσει
3038 2594 3095 2643 ἐν
3142 2590 3414 2662 Πνεῦματι
3454 2591 3594 2661 ἁγίῳ
3635 2592 3730 2643 καὶ

2154 2684 2306 2755 πυρί.
2353 2703 2369 2735 ι

2223 2777 2287 2829 Δ.
2308 2772 2429 2845 Ἆρ’
2460 2770 2572 2839 οὖν,
2592 2769 2636 2827 ὦ
2663 2775 2863 2845 ἑταῖρε,
2883 2778 2980 2844 τῆς
3010 2775 3128 2829 καθ’
3152 2775 3295 2845 ἡμᾶς
3314 2773 3726 2847 ἀνθρωπότητος

2153 2867 2311 2936 ἔργον
2352 2861 2489 2916 εἶναι
2530 2862 2742 2932 φῶμεν,
2778 2864 2837 2915 τὺ
2873 2866 2930 2915 ἐν
2973 2863 3248 2934 Πνεῦματι
3278 2864 3419 2933 ἁγίῳ
3448 2863 3724 2933 βαπτίζειν

2079 2987 2126 3049 C
2155 2956 2413 3011 δύνασθαι
2446 2956 2537 3008 καὶ
2585 2955 2751 3025 πυρί;

2227 3048 2285 3101 Β.
2327 3048 2437 3101 Καὶ
2469 3046 2584 3110 πῶς
2611 3046 2676 3099 ἂν
2716 3046 2799 3116 εἴη
2840 3046 2994 3100 τοῦτὸ
3029 3064 3130 3115 γε;

2225 3142 2289 3194 Α.
2331 3142 2441 3195 Καὶ
2470 3140 2574 3211 μὴν
2601 3139 2767 3211 ἄνδρα
2797 3141 2988 3208 λέγων,
3030 3139 3117 3193 τὸν
3150 3141 3273 3194 ὅσον
3330 3140 3539 3207 οὐδέπω
3594 3156 3729 3209 παρ-

2155 3232 2409 3304 εσόμενόν
2450 3249 2509 3285 τε
2531 3233 2625 3286 καὶ
2668 3232 3058 3304 ὀφθησόμενον,
3092 3234 3253 3286 αὑτὸν
3300 3234 3400 3303 ἔφη
3450 3234 3726 3301 βαπτίζειν

2154 3329 2210 3380 ὲν
2264 3327 2396 3396 πυρὶ
2450 3326 2543 3381 καὶ
2584 3326 2722 3397 ἁγίῳ
2772 3324 3068 3395 Πνεῦματι,
3117 3324 3239 3378 οὔτε
3286 3326 3563 3397 ἀλλότριον
3611 3327 3725 3387 τοῖς

2151 3419 2574 3489 βαπτιζομένοις
2635 3420 2843 3472 ἐνιέντα
2900 3417 3123 3488 Πνεῦμα
3176 3417 3557 3488 oculei-rgenti);
3630 3418 3728 3471 καὶ

2155 3510 2525 3582 ὑπουργικῶς,
2556 3509 2667 3563 ἀλλ’
2697 3510 2769 3574 ὡς
2810 3510 2940 3563 Θεὸν
2972 3509 3109 3563 κατὰ
3143 3510 3301 3578 φύσιν
3337 3512 3453 3579 μετ’
3480 3509 3727 3576 ἐξουσίας

2153 3601 2252 3670 τῆς
2280 3602 2558 3666 ἀνωτάτω,
2592 3601 2650 3654 τὸ
2685 3602 2741 3668 ἐξ
2780 3602 2944 3655 αὐτοῦ
2977 3620 3035 3655 τε
3077 3603 3169 3656 καὶ
3199 3601 3328 3654 ίδιον
3359 3601 3541 3662 αὑτοῦ,
3570 3601 3635 3653 δι’
3665 3596 3727 3656 οὗ

2154 3693 2246 3745 καὶ
2284 3695 2310 3746 6
2346 3693 2486 3756 θεῖος
2527 3695 2657 3763 ἡμῖν
2700 3694 3085 3763 ἐνσημαίνεται
3113 3695 3417 3765 χαρακτήρ.
3465 3694 3763 3765 Ἀναμορ-ς·

2155 3783 2402 3855 φούμεθα
2432 3750 2649 3856 γάρηὼς
2692 3786 2772 3847 εἰς
2804 3750 2987 3839 είκόνα
3169 3750 3457 3851 θείαν,ηείς
3494 3750 3753 3865 Χρίστθνί

2167 3877 2393 3948 Ἰησοῦν,
2419 3878 2477 3931 οὐ
2506 3877 2815 3946 σωματικὸν
2857 3878 3219 3948 ὑπομένοντες
3262 3878 3351 3931 τὸν
3371 3876 3723 3946 ἀναπλασμὸν

2157 3968 2373 4039 (κομιδῇ
2404 3968 2509 4038 γὰρ
2534 3968 2727 4039 εῠηθες
2764 3968 2969 4023 οἴεσθαι
3006 3969 3307 4039 τουτ“ι),διὰ
3341 3970 3395 4022 δὲ
3427 3969 3520 4023 τοῦ
3556 3987 3723 4039 μετα-

2154 4059 2337 4130 λαχεῖν
2364 4060 2518 4127 ἁγίου
2546 4060 2881 4132 Πνεῦματος,
2913 4062 3074 4115 αὐτὸν
3105 4063 3161 4115 ἐν
3192 4064 3401 4125 ἑαυτοῖς
3433 4062 3721 4115 πλουτοῦν-

2152 4170 2241 4216 τες
2298 4153 2564 4224 Χριστὸν,
2621 4153 2695 4216 ὡς
2752 4154 2852 4224 ἤδη
2912 4155 3198 4226 χαίροντας
3257 4156 3431 4207 ἐκεῖνο
3493 4153 3744 4229 φωνεῖνῆ

2160 4266 2176 4298 ι
2236 4245 2606 4315 Ἀγαλλιάσθω
2648 4244 2853 4316 ἠφυχή
2897 4263 2995 4315 μου
3027 4247 3118 4298 ἐπὶ
3146 4246 3224 4316 τῷ
3269 4246 3475 4316 Κυρίῳ⁸
3513 4245 3719 4298 ἐνέδυσε

3738 3996 3750 4176 l

474 4342 601 4411 quia
640 4341 815 4395 induit
856 4352 941 4393 me
990 4334 1331 4391 vestimentis
1378 4336 1589 4400 Salutis,
1638 4344 1692 4389 ct
1733 4335 2047 4388 indumento

2156 4339 2263 4409 γάρ
2295 4356 2360 4409 με
2397 4339 2611 4409 ίμάτιον
2640 4339 2928 4409 σωτηρίου,
2962 4339 3055 4392 καὶ
3086 4338 3286 4411 χιτῶνα
3310 4339 3659 4410 εὐφροσύνης.
3694 4359 3713 4389 ι

468 4431 691 4501 iustitiae
718 4426 1076 4484 circumdedit
1104 4441 1191 4483 me
1219 4426 1255 4479 ¹.
1296 4445 1314 4476 ι
1340 4424 1614 4492 Quotquot
1646 4426 1786 4479 cnim
1816 4425 1866 4478 in
1892 4424 2046 4479 Chrio

473 4533 615 4579 stum
644 4520 903 4590 haptizati
929 4518 1086 4588 estis,
1117 4517 1391 4573 Christum
1423 4516 1672 4570 induistis
1704 4517 1744 4568 '.

543 4616 603 4670 Β.
632 4616 688 4670 In
725 4614 996 4670 hominem
1025 4628 1154 4683 ergo
1200 4608 1458 4681 haptizati
1485 4624 1703 4673 sumus,
1746 4610 1905 4679 idque
1957 4625 2045 4665 re:
2078 4640 2085 4647 -

472 4724 587 4764 rum
624 4722 745 4764 esse
776 4703 1060 4762 dicemus?

537 4801 605 4858 Α.
640 4800 787 4855 Bona
845 4799 1047 4865 verba,
1111 4796 1304 4852 amice.
1356 4794 1492 4867 Quid
1539 4794 1697 4865 agis?
1757 4794 2046 4849 Transfers

471 4893 614 4948 enim
646 4901 887 4949 nostram
929 4905 1079 4960 spem
1108 4889 1161 4943 in
1207 4899 1428 4944 terram.
1470 4886 1738 4957 Baptizati
1781 4888 2045 4957 siquidem

469 4999 677 5050 sumus,
712 5000 819 5039 non
853 4983 904 5038 in
942 4982 1214 5037 hominem
1264 4979 1603 5050 simpliciter,
1646 4981 1739 5033 sed
1778 4980 1830 5033 in
1881 4980 2045 5036 Deum

476 5078 852 5136 incarnatum,
911 5082 967 5129 et
1013 5076 1375 5129 remittentem
1430 5086 1642 5140 pmnam
1702 5083 2046 5140 veteremque

473 5160 687 5229 culpam
717 5162 782 5216 iis
812 5164 901 5233 qui
945 5164 996 5217 in
1027 5163 1199 5233 ipsum
1234 5160 1599 5217 crediderunt.
1638 5160 1793 5217 Unde
1823 5172 1877 5215 et
1910 5162 2045 5216 divi-

476 5266 576 5306 nus
602 5250 691 5304 ille
721 5250 914 5311 Petrus
940 5251 1155 5307 Judteos
1182 5252 1463 5323 alloquens
1493 5250 1629 5304 dixit
1654 5265 1669 5305 :
1710 5270 1729 5302 ‹
1767 5250 2045 5305 l‘mniteu-

476 5341 609 5403 tiam
654 5340 818 5411 agite,
859 5351 915 5396 et
951 5342 1254 5413 baptizetur
1286 5343 1659 5414 unusquisque
1696 5351 1935 5397 vestrum
1989 5342 2041 5395 in

479 5434 694 5491 nomine
734 5430 858 5488 Jesu
904 5434 1105 5492 Christi
1162 5439 1215 5492 in
1268 5437 1641 5494 remissionem
1698 5446 2040 5505 peccatorum

548 5616 807 5675 "Matth.
845 5631 975 5679 xvn,
1148 5614 1235 5670 "1
1264 5614 1414 5672 Joan.
1454 5635 1504 5684 γ,
1541 5621 1590 5684 9,
1636 5620 1716 5671 to.

1794 5619 1838 5649 ⁵³
1860 5618 2049 5674 Matth.
2087 5634 2167 5679 ιιι.
2207 5620 2283 5674 ll.

2158 4431 2313 4484 Ὅσοι
2358 4429 2466 4499 γὰρ
2514 4430 2593 4490 εἰς
2641 4429 2874 4499 Χριστὸν
2941 4429 3324 4499 ἐϐαπτίσθητε,
3370 4430 3601 4499 Χριστὸν
3645 4430 3719 4481 ὲν-

2155 4523 2438 4588 εδύσασθε,
2487 4523 2668 4591 φησίν.

2181 4616 2285 4674 ,Β.
2326 4611 2452 4685 'Ap‘
2508 4609 2598 4666 οὗν
2660 4615 2736 4676 είς
2792 4612 3077 4682 ἄνθρωπον
3131 4610 3575 4683 βεϐαπτίσμεθα,
3631 4611 3718 4665 καὶ

2141 4707 2308 4760 ,τοῦτο
2339 4701 2475 4759 εἶναι
2504 4707 2747 4775 φήσομεν
2783 4703 3014 4774 ἁ).ηοἐς;

2220 4799 2284 4849 Α.
2328 4795 2598 4864 Εὐφήμει,
2635 4793 2906 4863 ἄνθρωπε.
2947 4793 3013 4846 Τί
3044 4792 3195 4864 δρᾷς,
3223 4785 3267 4846 ὦ
3310 4788 3494 4859 οὗτος
3543 4793 3715 4846 Κατα-

2152 4885 2397 4955 κομίζεις
2439 4885 2595 4954 ἡμῶν
2648 4884 2726 4946 εἰς
2771 4885 2869 4954 γῆν
2916 4882 3012 4953 τὴν
3057 4882 3264 4936 ἐλπίδα.
3306 4880 3713 4949 Βεόαπτίσμεθα

2152 4978 2260 5049 γὰρ
2290 4978 2389 5031 οῦκ
2412 4979 2491 5040 είς
2520 4976 2803 5047 ἄνθρωπον
2832 4974 3037 5040 ἁπλῶς,
3063 4975 3176 5028 ἀλλ’
3200 4977 3279 5037 εἰς
3306 4973 3437 5026 Θεὸν
3463 4973 3710 5043 ὲνηνθρω-

2150 5067 2384 5136 πηκότα,
2416 5066 2509 5119 καὶ
2540 5066 2758 5119 ἀνιέντα
2787 5066 2977 5135 ποινῆς
3017 5065 3111 5119 καὶ
3152 5064 3260 5118 τῶν
3289 5062 3530 5135 ἀρχαίων
3554 5062 3710 5115 αἰτιαο

2153 5160 2337 5230 μάτων
2397 5160 2522 5221 τοὺς
2562 5158 2659 5229 τὴν
2701 5160 2782 5220 είς
2826 5156 2986 5211 αὐτὸν
3029 5156 3211 5210 πίστιν
3258 5154 3706 5224 είσδεδεγμένονς.

2148 5251 2257 5303 Καὶ
2303 5248 2432 5317 γοῦν
2479 5251 2506 5301 ὁ
2547 5249 2828 5311 θεσπέσιος
2866 5248 3067 5319 Πέτρος
3108 5246 3381 5309 Ἰουδαίοις
3425 5246 3527 5317 ἔφη
3566 5260 3706 5315 προσι

2148 5346 2323 5399 λαλῶν
2345 5364 2357 5377 ·
2397 5366 2414 5397 ι
2450 5346 2831 5415 Μετανοήσατε
2860 5339 2971 5406 οὖν,
3006 5343 3097 5396 καὶ
3123 5342 3473 5412 βαπτισθήτω
3493 5338 3706 5401 ἕκαστος

2149 5438 2303 5508 ὑμῶν
2345 5438 2436 5490 ἐπὶ
2480 5436 2557 5508 τῷ
2595 5437 2819 5507 ὀνόματι
2861 5435 3033 5507 Ἰησοῦ
3078 5432 3336 5503 Χριστοῦ,
3387 5432 3465 5494 εἰς
3527 5429 3705 5497 apem

2367 5617 2644 5682 'lsa.t.x1,
2686 5617 2771 5671 10.
2849 5618 2867 5647 ⁸
2891 5614 3064 5669 Calat.
3103 5629 3181 5679 ιιι,
3208 5613 3293 5665 ‘27.
