4038 6200
508 290 650 354 I263
1537 285 1594 339 S.
1636 281 1909 341 CYRILLI
1946 284 2415 340 ALEXANDRINI
2454 283 2775 343 ARCHIEP.
3644 289 3801 347 li“

507 408 657 464 dedit
712 403 863 461 vobis
909 402 1122 474 Moyses
1172 413 1368 472 panem
1406 415 1471 455 ex
1501 400 1642 456 coelo
1691 415 1901 456 verum.
1952 400 2086 455 Nam

2197 420 2215 453 ι
2264 402 2456 474 Ἀμὴν,
2488 403 2637 475 ἀμὴν
2668 403 2812 472 λέγω
2850 403 3001 472 ὑμῖν,
3048 401 3116 455 οὗ
3142 401 3347 474 Μωσῆς
3373 402 3607 456 δέδωκεν
3653 405 3799 473 ὑμῖν

508 502 665 573 panis
699 500 789 555 Dei
833 510 917 556 est
944 500 1035 568 qui
1071 498 1135 552 de
1169 495 1310 553 caelo
1342 495 1643 560 descendit,
1680 505 1734 552 et
1786 498 1878 552 dat
1924 498 2090 553 vitam

510 594 713 649 mundo
743 593 785 646 ⁸.
824 610 843 643 ι
887 591 951 645 Et
979 589 1137 659 paulo
1188 597 1309 657 post
1338 598 1549 643 tantum
1578 602 1683 643 non
1715 589 1907 659 digito,
1943 589 2090 660 quod

513 688 688 750 aiunt,
743 690 1179 738 eommonstrans
1205 680 1440 747 seipsum
1493 680 1834 735 incarnatum
1860 700 1875 737 :
1905 700 1924 733 ι
1957 682 2090 751 Ego,

516 777 712 846 inquit,
740 788 857 827 sum
886 772 1041 841 panis
1066 772 1239 836 vivus,
1267 772 1357 842 qui
1408 771 1476 825 de
1531 771 1669 826 ecelo
1701 772 1976 827 descendi.
2030 770 2092 827 Si

510 870 635 937 quis
662 866 1073 922 manducaverit
1102 879 1167 920 ex
1203 865 1305 920 hoc
1339 879 1498 934 pane,
1535 864 1676 918 vivet
1708 865 1760 919 in
1791 873 2088 941 :eternqm:

509 970 561 1015 et
598 960 750 1029 panis
791 973 953 1028 quem
978 972 1079 1025 ego
1119 957 1280 1020 dabo,
1309 972 1438 1012 caro
1476 971 1593 1011 mea
1634 965 1716 1011 est
1762 973 1859 1027 pro
1908 956 2093 1011 mundi

509 1051 617 1104 vita
643 1051 687 1105 '.
733 1048 834 1116 Qui
878 1050 1169 1103 manducat
1192 1062 1365 1104 meam
1398 1062 1640 1112 carnem,
1675 1057 1730 1102 et
1756 1048 1887 1102 bibit
1914 1063 2092 1103 meum

509 1143 850 1212 sanguinem,
892 1142 943 1195 in
988 1155 1076 1195 me
1108 1149 1315 1204 manet,
1375 1149 1431 1196 et
1464 1156 1563 1210 ego
1599 1142 1651 1195 in
1678 1140 1786 1194 illo.
1845 1140 1910 1195 Et
1952 1141 2094 1195 sicut

510 1233 658 1289 misit
689 1247 773 1287 me
811 1234 999 1287 vivens
1018 1231 1201 1298 Pater,
1230 1239 1400 1301 etego
1427 1230 1549 1285 vivo
1596 1240 1813 1302 propter
1850 1230 2089 1285 Patrem.

511 1325 579 1381 Et
607 1327 697 1396 qui
733 1325 1030 1380 manducat
1073 1339 1181 1388 me,
1229 1332 1287 1379 et
1333 1324 1447 1395 ipse
1488 1324 1633 1379 vivet
1679 1333 1901 1392 propter
1929 1322 2095 1393 708

514 1432 599 1474 me
628 1418 690 1472 ¹⁰.
733 1435 753 1469 ι
812 1416 975 1484 Atqui
1008 1415 1282 1485 quomodo
1334 1431 1441 1471 non
1505 1430 1633 1469 vere
1682 1416 1898 1469 dicatur
1949 1412 2093 1484 quod

512 1524 618 1564 non
668 1506 1008 1563 descenderit
1055 1520 1085 1560 e
1134 1506 1273 1561 coelo
1338 1521 1487 1569 caro,
1538 1504 1633 1560 sed
1674 1506 1818 1575 quod
1853 1513 1970 1561 erat
2025 1519 2092 1561 ex

510 1600 753 1670 Virgine,
791 1600 933 1655 sicut
959 1597 1218 1667 scriptum
1243 1605 1327 1652 est
1359 1596 1398 1629 "
1431 1598 1454 1650 ?
1511 1595 1665 1665 Quod
1692 1610 1815 1652 vero
1845 1613 1949 1652 non
1984 1597 2094 1652 sint

510 1701 795 1762 τερατεία),
861 1691 952 1746 sed
1004 1691 1054 1744 in
1121 1705 1287 1745 unum
1318 1700 1532 1757 coeant,
1588 1698 1642 1745 et
1694 1692 2092 1775 quodammodo

2193 493 2284 547 τὸν
2311 494 2473 566 ἀρτον
2502 498 2566 549 ὲκ
2592 494 2687 549 τοῦ
2723 493 2956 567 οὐρανοῦ
2996 492 3090 547 τὸν
3118 492 3391 565 ἀληθινόν.
3439 493 3499 547 '0
3537 492 3651 564 γάρ
3687 495 3799 566 ἆρ-

2192 603 2284 651 τος
2312 587 2407 642 τοῦ
2449 587 2584 642 Θεοῦ
2617 590 2764 641 ἐστιν
2815 588 2844 641 6
2896 585 3242 641 καταϐαίνων
3273 588 3336 638 ὲκ
3381 585 3473 639 τοῦ
3525 586 3796 658 οὐρανοῦ,

2194 682 2293 734 καὶ
2331 680 2476 750 ζωὴν
2506 680 2687 743 διδοὺς
2714 678 2795 751 τῷ
2825 680 3038 750 κόσμῳ.
3091 696 3111 729 r
3148 677 3257 732 Καὶ
3285 676 3422 748 πρός
3457 693 3520 744 γε
3544 676 3799 728 τουτοισὶ

2194 772 2378 838 πάλιν,
2427 772 2707 842 μονονουχὶ
2752 771 2845 824 καὶ
2882 769 3134 840 δακτύλῳ
3178 769 3539 831 καταδεικνῦς
3586 766 3799 821 ἑαυτὸν

2194 864 2543 935 ινσώματον,
2580 881 2599 915 r
2650 863 2793 933 Ἐγώ
2840 864 2978 933 ειμι,
3027 862 3214 932 φησὶν,
3261 862 3290 913 6
3322 862 3486 931 ἄρτος
3522 861 3551 913 6
3595 859 3737 925 ζῶν,
3768 863 3797 912 6

2195 955 2262 1008 ἐκ
2291 956 2387 1009 τοῦ
2413 954 2640 1024 οὐρανοῦ
2683 954 2952 1018 καταϐάς.
2999 954 3125 1008 Ἐάν
3152 968 3235 1017 τις
3264 952 3416 1024 φάγῃ
3444 952 3508 1003 ἐκ
3548 948 3647 1003 τοῦ
3687 948 3796 1019 ἆρ-

2194 1066 2287 1103 του
2318 1049 2529 1113 τούτου,
2563 1049 2788 1120 ζήσεται
2831 1048 2912 1111 είς
2949 1046 3041 1100 τὸν
3074 1044 3280 1100 αἰῶνα⁶
3313 1044 3407 1098 καὶ
3453 1045 3481 1096 6
3510 1044 3676 1113 ἄρτος
3706 1043 3793 1107 δὲ,

2195 1138 2255 1194 ὃν
2279 1138 2389 1209 ἐγὼ
2412 1139 2588 1204 δώσω,
2622 1140 2655 1208 ἠ
2687 1138 2823 1209 σάρξ
2858 1137 2958 1207 μού
2991 1140 3142 1192 ἐστιν
3166 1137 3307 1208 ὑπὲρ
3332 1138 3432 1207 τῆς
3452 1133 3547 1188 τοῦ
3575 1133 3794 1204 κόσμου

2197 1231 2375 1302 ζωῆςο
2416 1233 2444 1285 6
2470 1229 2700 1303 τρώγων
2740 1247 2845 1301 μου
2874 1230 2973 1301 τὴν
3010 1229 3210 1300 σάρκα,
3241 1228 3334 1281 καὶ
3377 1226 3549 1279 πίνων
3589 1242 3695 1296 μου
3729 1224 3795 1277 τὸ

2195 1317 2354 1392 αἷμα,
2400 1322 2457 1375 ὲν
2507 1320 2634 1392 ἐμοὶ
2682 1321 2858 1391 μένει,
2909 1318 3065 1388 κάγὼ
3108 1320 3165 1372 ὲν
3215 1316 3382 1387 αὐτῷ.
3437 1317 3545 1369 Καὶ
3596 1313 3791 1379 καθὼς

2195 1411 2481 1466 ἀπέστειλέ
2517 1429 2583 1482 με
2628 1413 2657 1465 6
2686 1409 2796 1474 ζῶν
2843 1411 3051 1481 Πατὴρ.
3086 1408 3241 1477 κάγὼ
3283 1406 3361 1473 ζῶ
3402 1406 3488 1461 διά
3535 1406 3631 1460 τὸν
3672 1407 3794 1461 Ila-

2194 1504 2359 1577 τέρα·
2409 1505 2503 1558 καὶ
2530 1505 2559 1557 6
2581 1502 2811 1575 τρώγων
2836 1512 2926 1575 με,
2979 1504 3230 1566 κάκεῖνος
3276 1500 3431 1572 ζήσει
3456 1498 3547 1574 ’δι’
3580 1498 3705 1569 ἐμὲ.
3768 1517 3791 1550 ι

2194 1599 2389 1653 Καίτοι
2416 1598 2532 1663 πῶς
2558 1599 2659 1651 οὐκ
2690 1597 2922 1669 ἀτρεκὲς
2947 1598 3143 1661 εἰπεῖν,
3174 1595 3251 1658 ὡς
3287 1594 3350 1647 οὐ
3380 1593 3800 1663 καταπεφοίτη-

2194 1710 2289 1747 κεν
2317 1691 2377 1757 ἐξ
2409 1690 2655 1763 οὐρανῶν
2692 1692 2727 1761 ἡ
2761 1689 2919 1762 σάρξ,
2950 1689 3067 1744 ἀλλ’
3103 1685 3172 1761 ἦν
3202 1691 3266 1743 ἐκ
3292 1686 3593 1758 Παρθένου,
3645 1686 3798 1740 κατὰ

512 1786 656 1859 “tm?
707 1797 767 1836 ευ
813 1779 1657 1865 οοπηπηὶξσεὲεέιιελξωῑξ[ωτι
1686 1784 2090 1867 Mitridates.

2196 1785 2291 1847 τὰς
2326 1762 2581 1852 Γραφάς;
2625 1783 2779 1836 Ἔστι
2808 1782 2865 1836 δὲ
2896 1783 2979 1835 ὅτι
3025 1782 3086 1836 οῦ
3131 1780 3340 1844 διιστὰς
3380 1781 3408 1833 6
3438 1779 3633 1847 Λόγος.
3671 1777 3796 1832 ἀλλ’

478 1862 645 1877 *ψ

509 1856 1193 1943 ῖεῑιῑιίίςιηδέίιιίῖῑιοεῖῖ
1208 1856 1459 1928 statim.“
1478 1856 1778 1928 simiam
1798 1856 1953 1928 enim
1978 1864 2095 1928 non

512 1964 834 2032 intelligeuti
888 1964 1229 2036 mysterium,
1283 1965 1376 2020 sed
1426 1966 1678 2032 imperite
1724 1965 2093 2021 reclamanti:

514 2074 537 2109 ε
574 2058 854 2124 Quomodo
896 2064 1121 2126 possunt
1151 2054 1270 2111 ﬁeri
1316 2058 1429 2109 haec
1456 2056 1480 2110 ?
1511 2055 1566 2110 Si
1606 2067 1842 2122 terrena,
1899 2056 2095 2126 inquit,

509 2149 623 2204 dixi
656 2149 829 2213 vobis,
867 2156 921 2203 et
960 2163 1065 2202 non
1115 2147 1340 2202 creditis
1374 2164 1388 2201 :
1426 2163 1532 2218 quo
1579 2159 1738 2217 pacto
1796 2150 1841 2202 si
1904 2148 2094 2203 dixero

509 2240 666 2295 vobis
726 2238 988 2305 cmlesﬁa,
1033 2238 1337 2294 credetis?
1395 2238 1461 2293 Et
1518 2254 1678 2293 nemo
1732 2239 1975 2294 ascendit
2038 2242 2091 2293 in

508 2334 728 2398 coelum,
779 2331 883 2388 nisi
915 2332 1005 2401 qui
1048 2345 1079 2387 e
1116 2330 1256 2387 caelo
1294 2330 1579 2386 descendit
1621 2330 1792 2386 Filius
1826 2331 1919 2385 Dei
1958 2332 2025 2388 ".
2067 2352 2087 2384 ι

505 2423 706 2479 Iudaeis
743 2437 869 2479 vero
915 2439 1066 2494 aeque
1112 2432 1270 2493 atque
1320 2423 1407 2479 ille
1456 2423 1740 2491 imperitis,
1809 2424 2093 2495 ipsumque

511 2514 862 2571 irridentibus
915 2533 929 2571 :
973 2516 1016 2571 si
1079 2515 1360 2570 viviticaus
1430 2525 1595 2585 atque
1647 2530 1712 2569 ex
1771 2514 1908 2571 coelo
1960 2532 2088 2585 pro-

507 2609 684 2679 prium
712 2623 929 2678 corpus,
956 2627 974 2660 ι
1007 2608 1115 2663 lloc
1146 2622 1243 2662 vos
1258 2607 1611 2671 scandalizat,
1641 2608 1836 2677 inquit,
1893 2608 1935 2662 si
1961 2624 2090 2678 ergo

510 2699 756 2754 videritis
810 2699 1003 2755 Filium
1078 2700 1313 2755 hominis
1388 2700 1769 2754 ascendentem
1828 2701 1916 2755 ubi
1975 2710 2094 2755 erat

511 2792 657 2860 prius
689 2791 785 2845 υἷ’
853 2810 871 2843 ι
933 2790 1127 2856 Annon
1204 2800 1391 2845 natum
1446 2806 1512 2845 ex
1574 2790 1797 2847 muliere
1848 2792 2092 2847 dicemus

512 2884 908 2940 Emmanuelem
937 2884 959 2938 ’ἒ

2197 1877 2277 1939 είς
2304 1875 2363 1930 ἓν
2394 1875 2563 1946 ἄμφω
2596 1874 2894 1944 συλλέγων,
2930 1871 3530 1959 κρῃῶσπεράλλὴλοις
3562 1872 3798 1957 ἀνακέ

2174 1956 2293 2047 “νάς
2331 1966 2400 2019 τὰ
2432 1966 2540 2019 τῶν
2574 1965 2787 2035 φύσεων
3136 1950 3463 2037 δι’ὲῖᾖυρίων
3491 1965 3631 2016 ὅσων
3652 1946 3798 2032 ηεξ.ῗῖ

2197 2040 3105 2130 όρξῖιτᾶἶ
3152 2058 3282 2129 γὰρ,
3332 2058 3393 2111 οὐ
3447 2055 3683 2109 συνιέντι
3726 2055 3799 2107 τὸ

2200 2151 2520 2221 μυστήριον,
2552 2151 2950 2222 ἀνακεκραγότι
2978 2149 3034 2204 δὲ
3064 2148 3312 2220 ἀμαθῶς·
3351 2167 3369 2199 ι
3412 2148 3535 2211 Πῶς
3562 2147 3799 2199 δύναται

2196 2242 2367 2297 ταῦτα
2409 2241 2701 2311 γενέσθαι;
2746 2243 2809 2297 Εἰ
2836 2243 2905 2296 τὰ
2935 2242 3173 2311 ἐπίγεια,
3229 2241 3415 2311 φησιν,
3449 2234 3599 2292 εἷπον
3629 2238 3795 2306 ὑμῖν,

2197 2334 2289 2388 καὶ
2327 2336 2386 2388 οὐ
2417 2335 2725 2399 πιστεύετε,
2759 2334 2877 2399 πῶς
2905 2334 3000 2389 ὲάν
3034 2335 3171 2387 είπω
3204 2335 3335 2403 ὑμῖν
3365 2332 3433 2385 τά
3463 2330 3796 2400 ἐπουράνια,

2196 2425 2517 2491 πιστεύετε;
2563 2425 2673 2479 Καὶ⁵
2719 2425 2896 2489 οὐδεὶς
2931 2423 3273 2494 ἀναϐέϐηκεν
3302 2424 3382 2486 είς
3412 2422 3502 2475 τὸν
3531 2418 3795 2489 οὐρανὸν,

2150 2522 2153 2525 ’
2195 2520 2244 2571 εί
2274 2519 2347 2589 μὴ
2387 2520 2414 2571 6
2442 2518 2505 2571 ἐκ
2531 2517 2626 2571 τοῦ
2657 2517 2892 2590 οὐρανοῦ
2922 2516 3189 2582 καταϐὰς,
3220 2519 3249 2570 6
3278 2516 3402 2578 Υίὺς
3448 2514 3542 2566 τοῦ
3569 2510 3736 2566 Θεοῦ.
3767 2531 3790 2563 ι

2210 2608 2485 2673 Ἰουδαίοις
2512 2608 2570 2663 δὲ
2612 2609 2797 2676 πάλιν,
2831 2609 2927 2680 τὴν
2956 2610 3081 2680 ῐσην
3111 2608 3303 2679 ὲκείνῳ
3330 2604 3576 2660 νοσοῦσιν
3615 2605 3794 2657 ἀπαι-

2196 2702 2435 2766 δευσίαν,
2484 2703 2579 2756 καὶ
2605 2704 2890 2776 have/4v,
2923 2704 3023 2757 οὐκ
3053 2698 3147 2757 οἷδ’
3175 2705 3343 2768 ὅπως,
3383 2701 3665 2769 ἑλομένοις
3686 2698 3795 2752 αὖα

2193 2794 2319 2859 τὸν,
2373 2797 2601 2872 ἐπείπερ
2676 2797 2777 2868 ἔφη
2849 2797 3112 2862 ξωοποιὸν
3183 2797 3278 2850 καὶ
3322 2795 3380 2863 ἐξ
3425 2789 3659 2864 οὐρανοῦ
3725 2792 3794 2843 τὸ

2201 2887 2331 2941 ἴδιον
2362 2890 2541 2959 σῶμα,
2569 2908 2587 2942 ι
2606 2889 2774 2944 Τοῦτο
2792 2891 2935 2962 ὑμᾶς
2963 2889 3328 2955 σκανδαλίζει,
3364 2885 3663 2959 (sancientem:
3691 2879 3793 2937 οὖν

508 2978 749 3049 θεωρῆτε
784 2979 877 3032 τὸν
924 2978 1050 3032 Υίὸν
1082 2978 1173 3032 τοῦ
1220 2977 1508 3049 ἀνθρώπου
1576 2979 1938 3034 ἀναϐαίνοντα
1985 2981 2119 3036 ὅπου
2157 2978 2225 3056 ἦν
2255 2984 2315 3038 τὸ
2346 2985 2648 3058 πρότερον;
2694 3005 2711 3038 ι
2744 2981 2821 3040 Ἦ
2851 2987 2972 3057 οὐχὶ
3030 2986 3288 3056 τετάχθαι
3320 2986 3567 3055 φήσομεν
3596 2984 3659 3035 ὲκ
3683 2997 3791 3047 γυο

506 3074 692 3139 ναικὸς
726 3074 815 3127 τὸν
863 3073 1213 3147 Ἐμμανουήλ
1230 3091 1244 3142 ς

575 3165 637 3221 Β.
681 3167 935 3222 Omnino.

578 3259 645 3313 Δ.
696 3256 929 3313 Ubinam
986 3258 1147 3328 igitur
1199 3263 1352 3331 prius
1411 3263 1579 3318 erat?
1625 3274 1717 3318 aut
1779 3279 1885 3333 quo
1938 3274 2097 3334 pacto

507 3349 799 3417 ascendit,
842 3365 962 3405 eum
1009 3366 1070 3405 se
1120 3352 1190 3406 ibi
1248 3368 1366 3408 esse
1416 3354 1582 3419 dicat,
1629 3354 1792 3408 etiam
1852 3367 1978 3411 nato
2030 3372 2096 3412 ex

509 3450 698 3495 sancta
744 3441 967 3510 Virgine
1007 3457 1236 3512 corpore
1271 3446 1375 3501 sibi
1426 3446 1625 3502 unito?
1662 3445 1854 3503 Nonne
1916 3457 2096 3503 autern

509 3548 728 3589 carnem
755 3550 876 3606 qua:
915 3550 983 3590 ex
1022 3543 1165 3592 terra
1201 3547 1436 3605 constat,
1466 3537 1745 3594 vivificare
1774 3553 1877 3593 non
1914 3553 2094 3607 posse,

509 3635 778 3697 quatenus
852 3630 919 3684 ad
994 3629 1266 3701 propriam
1312 3644 1466 3687 suam
1538 3640 1787 3687 naturam
1880 3631 2095 3697 attinet,

508 3719 795 3777 dicemus?

576 3806 639 3864 Β.
675 3807 773 3865 Ita.

578 3904 645 3955 Α.
705 3900 990 3968 Quomodo
1050 3902 1215 3973 igitur
1270 3912 1353 3960 est
1409 3903 1736 3960 viviﬁcatrix
1793 3905 2098 3961 caro?aut

507 3994 779 4063 quomodo
849 4004 1138 4051 censeatur
1214 4011 1283 4053 ex
1348 3998 1489 4054 cmlo
1548 4011 1690 4064 esse,
1744 4010 1867 4051 cum
1907 3998 1981 4053 sit
2030 4013 2095 4056 ex

508 4095 650 4138 terra
671 4085 699 4138 ‘l

584 4173 647 4230 Β.
677 4175 907 4235 Ratione
958 4181 1206 4246 unitatis,
1262 4191 1322 4237 ut
1366 4182 1624 4253 arbitror,
1682 4200 1803 4240 cum
1861 4186 1984 4243 vivo
2040 4194 2097 4243 et

504 4266 726 4324 cmlitus
747 4271 983 4327 demisso
1017 4270 1214 4327 Verbo.

582 4362 651 4419 Α.
694 4363 862 4421 Recte
883 4365 1172 4421 admodum
1202 4367 1397 4430 sentis,
1421 4374 1476 4421 et
1509 4368 1899 4423 convenienter
1920 4368 2095 4423 sacris

505 4455 827 4525 Scripturis.
885 4455 1069 4526 Neque
1118 4460 1263 4513 enim
1313 4458 1477 4513 aliter
1524 4457 1714 4524 fuerit,
1775 4467 1829 4513 et
1878 4467 2093 4514 creator

2123 3176 2167 3233 C
2272 3169 2330 3223 Β.
2378 3169 2502 3234 Πῶς
2536 3170 2643 3242 γάρ
2676 3169 2773 3238 οὕς

2270 3263 2335 3315 Α.
2379 3262 2488 3316 Ποῦ
2520 3262 2806 3335 τοιγαροῦν
2834 3263 2896 3316 τὸ
2928 3262 3194 3335 πρότερον
3226 3258 3318 3335 ἦνς
3354 3261 3386 3330 ἢ
3434 3261 3552 3325 πῶς
3586 3262 3791 3316 ἀναδέ-

2201 3354 2368 3425 σηκεν
2414 3354 2651 3424 ἔνθαπερ
2679 3351 2819 3407 εἷναί
2866 3370 3030 3424 φησιν
3060 3354 3242 3417 αὐτὸς,
3272 3354 3454 3407 καίτοι
3502 3353 3789 3423 τεχθέντος

2199 3445 2286 3499 διά
2314 3445 2414 3517 τῆς
2444 3446 2604 3513 ἁγίας
2638 3445 2914 3518 Παρθένου
2948 3446 3045 3500 τοῦ
3086 3446 3379 3510 ἑνωθέντος
3411 3445 3559 3517 αὐτῷ
3599 3444 3790 3517 σώμα-

2197 3555 2323 3605 τος;
2366 3538 2501 3609 Οὐχὶ
2532 3538 2590 3591 δὲ
2638 3538 2732 3592 καὶ
2780 3541 3083 3610 ἀπρακτεῖν
3120 3538 3556 3609 ὁμολογήσαιμεν
3587 3537 3654 3592 ἀν
3686 3538 3788 3609 τὴν

2200 3631 2309 3685 ἀπὸ
2346 3629 2450 3699 γῆς
2499 3631 2678 3702 σάρκα
2735 3630 2871 3700 πρὸς
2913 3629 2974 3684 τὸ
3022 3628 3283 3684 δύνασθαι
3326 3629 3626 3695 ζωοποιεῖν,
3661 3630 3790 3684 ὅσον

2197 3718 2333 3797 ἧκεν
2367 3725 2445 3786 είς
2484 3723 2621 3777 ίδίαν
2663 3722 2864 3797 ερὲς-Ἠ

2272 3816 2333 3870 Β.
2388 3815 2631 3885 Ἀληθές.

2271 3912 2336 3964 Α.
2381 3909 2506 3973 Πῶς
2533 3904 2647 3974 οὖν,
2684 3909 2806 3963 είπέ
2850 3927 2957 3980 μοι,
2990 3908 3249 3973 ζωοποιὸς
3279 3910 3310 3979 ἡ
3349 3908 3519 3978 σάρξ;
3560 3908 3631 3961 Ἦ
3667 3907 3785 3972 πῶς

2197 4001 2265 4058 ἂν
2291 4005 2462 4059 νοοῖτο
2490 4002 2586 4057 καὶ
2628 4001 2689 4068 ἐξ
2714 4001 2943 4076 οὐρανοῦ
2973 4001 3031 4055 τὸ
3053 4001 3162 4056 ἀπὸ
3190 4001 3289 4071 τῆς
3327 4000 3465 4072 γῆς;

2269 4185 2330 4238 Β.
2370 4183 2507 4238 Καθ’
2528 4184 2741 4248 ἕνωσιν,
2770 4177 2944 4253 οἶμαι,
2966 4182 3062 4254 τὴν
3092 4180 3230 4253 πρὸς
3260 4181 3350 4234 τὸν
3385 4179 3563 4244 ζῶντά
3599 4198 3656 4234 τι
3693 4183 3783 4237 καὶ

2195 4276 2487 4350 οὐρανόθεν
2531 4276 2725 4346 Λόγον.

2268 4369 2333 4427 Α.
2369 4367 2741 4440 Πεφρονηκὼς
2788 4366 2898 4421 ῖσθι
2927 4366 2997 4421 τά
3031 4364 3151 4420 λίαν
3172 4364 3329 4438 όρθά,
3360 4364 3453 4418 καὶ
3478 4366 3591 4428 τοῖς
3621 4365 3782 4435 ἱεροῖς

2198 4460 2565 4534 συμϐαίνοντα
2608 4459 2807 4529 λόγοις.
2859 4458 2957 4528 Ετη
3012 4456 3121 4527 γὰρ
3171 4457 3239 4511 ἀν
3288 4456 3387 4527 οὐχ
3433 4456 3655 4527 ἑτέρως,
3692 4457 3783 4510 καὶ

506 4548 720 4604 ratione
759 4548 1079 4618 divinitatis,
1109 4559 1322 4606 etcum
1373 4565 1478 4606 non
1532 4551 1741 4622 absque
1793 4566 1959 4606 carne
2009 4552 2090 4606 in-

2196 4553 2529 4625 δημιουργὸς
2565 4551 2783 4617 θεῖκῶς,
2820 4551 2914 4605 καὶ
2946 4550 3034 4604 ὅτε
3068 4548 3143 4620 μὴ
3175 4548 3298 4618 δίχα
3343 4551 3516 4602 νοοῖτο
3563 4547 3781 4619 σαρκός.

507 4640 783 4710 telligitur.
816 4640 950 4696 Nam
973 4651 1025 4699 et
1068 4642 1281 4699 divinus
1314 4642 1509 4721 Paulus
1544 4661 1638 4713 pro
1683 4644 1782 4699 hac
1819 4644 2087 4700 sententia

505 4731 659 4797 facit,
712 4732 785 4788 ita
839 4734 1137 4790 scribens:
1214 4753 1233 4787 ι
1303 4732 1519 4791 Gratias
1584 4744 1805 4804 agentes
1866 4735 1976 4791 Deo
2026 4751 2091 4792 ac

506 4823 678 4889 Patri,
719 4827 808 4897 qni
835 4828 1025 4898 dignos
1072 4843 1169 4884 uos
1196 4828 1322 4883 fecit
1355 4830 1407 4883 in
1438 4837 1646 4900 partem
1676 4828 1839 4884 sortis
1876 4839 2093 4885 sancto-

507 4929 652 4979 rum,
686 4916 739 4971 in
770 4917 993 4973 lumine.
1025 4916 1126 4986 Qui
1157 4920 1356 4989 eripuit
1387 4936 1484 4975 nos
1520 4920 1585 4975 de
1629 4930 1903 4989 potestate
1937 4930 2093 4977 tene-

507 5007 753 5077 brarum,
820 5018 875 5065 et
926 5012 1205 5066 transtulit
1235 5012 1285 5067 in
1334 5028 1559 5084 regnum
1613 5011 1735 5068 Filii
1789 5015 2094 5070 dilectionis

506 5113 639 5153 sum.
696 5100 755 5155 ln
792 5117 896 5172 quo
938 5104 1196 5159 habemus
1227 5105 1674 5175 redemptionem,
1721 5114 1774 5160 et
1820 5107 2095 5161 remissio-

507 5204 629 5244 nem
684 5205 1032 5261 peccatorum
1076 5212 1091 5250 :
1128 5198 1219 5267 qui
1273 5207 1358 5254 est
1399 5199 1575 5268 imago
1636 5196 1729 5253 Dei
1780 5199 2093 5263 invisibilis,

508 5283 898 5354 primogenitus
948 5289 1123 5344 omnis
1182 5302 1465 5345 creaturae.
1522 5291 1791 5358 Quoniam
1847 5291 1899 5346 in
1977 5291 2092 5358 ipso

507 5375 725 5431 condita
755 5388 880 5432 sunt
914 5380 1188 5448 universa,
1217 5384 1270 5437 iu
1304 5384 1455 5440 cmlis
1476 5394 1529 5437 et
1564 5386 1616 5438 in
1650 5395 1817 5449 terra,
1856 5382 2089 5437 visibilia

506 5476 564 5523 et
600 5467 912 5535 invisibilia,
953 5473 1068 5527 sive
1095 5472 1320 5540 'l'lironi,
1360 5477 1474 5532 sive
1507 5476 1938 5540 Domiuationes,
1976 5473 2091 5529 sive

2200 4646 2555 4717 Συλλήπτορα
2583 4644 2640 4698 δὲ
2678 4642 2772 4697 τοῦ
2816 4642 2978 4710 λόγου
3014 4642 3309 4712 ποιήσομαι
3344 4641 3507 4695 πάλιν
3552 4640 3649 4693 ὡδὶ
3695 4658 3784 4710 γε.

2199 4740 2449 4811 γραφότα
2498 4738 2590 4791 τὸν
2637 4736 2923 4790 θεσπέσιον
2957 4733 3206 4788 Παῦλον⁹
3249 4752 3267 4786 t
3323 4734 3785 4805 Εὐχαριστοῦντες

2196 4831 2276 4903 τῷ
2308 4832 2427 4903 Θεῷ
2465 4831 2560 4886 καὶ
2588 4831 2785 4900 Πατρὶ,
2817 4829 2894 4899 τῷ
2929 4827 3255 4883 ἱκανώσαντι
3288 4829 3435 4898 ἡμᾶς
3462 4830 3543 4891 εἰς
3565 4827 3663 4899 τὴν
3692 4846 3785 4899 μευ

2200 4924 2321 4998 ρίδα
2349 4923 2445 4977 τοῦ
2476 4923 2679 4996 κλήρου
2706 4921 2815 4975 τῶν
2846 4920 3015 4990 ἀγίων
3046 4922 3102 4973 ὲν
3131 4920 3208 4990 τῷ
3236 4922 3394 4991 φωτὶ,
3424 4920 3484 4982 ὃς
3514 4922 3783 4991 ἐρρύσατο

2195 5018 2347 5090 ἡμᾶς
2380 5017 2443 5070 ὲκ
2480 5016 2576 5086 τῆς
2620 5014 2868 5080 ἐξουσίας
2899 5011 2993 5065 τοῦ
3039 5012 3286 5076 σκότους,
3323 5013 3417 5065 καὶ
3450 5014 3781 5082 μετέστησεν

2198 5109 2278 5171 είς
2305 5107 2403 5178 τὴν
2434 5104 2712 5177 βασιλείαν
2745 5102 2839 5157 τοῦ
2886 5100 3016 5156 Υἱοῦ
3050 5102 3148 5172 τῆς
3182 5102 3401 5173 ἀγάπης
3434 5103 3625 5165 αὐτοῦ,
3656 5105 3712 5155 ἐν
3741 5097 3785 5171 ᾧ

2198 5198 2395 5269 ἔχομεν
2421 5196 2520 5268 τὴν
2550 5195 2945 5268 ἀπολύτρωσιν,
2977 5193 3072 5266 τὴν
3102 5192 3297 5262 ἄφεσιν
3325 5194 3434 5248 τῶν
3473 5195 3781 5266 ἁμαρτιῶν.

2197 5291 2255 5352 ὃς
2291 5292 2436 5343 ὲστιν
2470 5289 2633 5341 εἰκὼν
2680 5286 2773 5339 τοῦ
2807 5284 2943 5339 Θεοῦ
2988 5284 3079 5338 τοῦ
3129 5286 3386 5356 ἀοράτου,
3442 5286 3781 5357 πρωτότοκος

2198 5383 2380 5451 πάσης
2423 5381 2676 5443 κτίσεως.
2712 5379 2795 5431 ὅτι
2829 5379 2887 5431 ἐν
2918 5377 3068 5448 αὐτῷ
3113 5379 3335 5448 ἐκτίσθη
3379 5377 3448 5430 τά
3483 5378 3680 5436 πάντα,
3715 5380 3781 5432 τά

2197 5489 2255 5525 τε
2303 5474 2359 5524 ἐν
2398 5474 2507 5534 τοῖς
2541 5471 2788 5542 οὐρανοῖς
2818 5471 2913 5526 καὶ
2944 5454 3012 5524 τά
3045 5470 3136 5523 ἐπὶ
3188 5470 3286 5540 τῆς
3333 5473 3457 5539 γῆς,
3493 5469 3561 5523 τὰ
3607 5472 3776 5539 ὁρατὰ

580 5664 779 5741 Ἶοαῐι.
810 5687 882 5741 vr,
906 5674 993 5741 52,
1025 5675 1114 5731 35.
1193 5677 1211 5707 ’
1240 5675 1367 5729 ibid.
1403 5677 1489 5741 5|,
1522 5675 1606 5730 5!.
1690 5678 1730 5707 '°
1765 5676 1894 5730 ibid.
1932 5676 2020 5735 57.
2052 5675 2139 5730 58.
2221 5675 2257 5708 “
2288 5674 2416 5728 Luc.
2452 5687 2487 5736 ι,
2520 5672 2607 5726 3|.
2728 5669 2942 5726 "Juan.
2992 5685 3070 5737 tn,
3109 5669 3162 5736 θ,
3206 5669 3291 5739 12,
3350 5671 3429 5725 15.
3548 5667 3774 5726 "Joan.

517 5752 590 5804 vt,
623 5738 710 5805 ϐξ,
735 5741 823 5795 63.
