4048 6196
343 281 497 339 1245

1489 293 1577 348 DE
1617 295 2126 354 INCARNATIONE
2165 296 2538 356 UNIGENlTI.

3512 300 3659 357 ηισ

339 406 448 457 καὶ
500 408 576 459 τὰ
629 407 998 478 ἁόρατα,ιττε
1033 411 1246 483 Θρόνοι,
1286 414 1395 467 εῐτι
1448 415 1807 488 Κυριότητες,
1859 421 1949 473 ιῐτε

2072 419 2435 491 Principatus,
2473 420 2588 476 sive
2645 418 2971 482 Potestatcs,
3022 413 3206 469 omnia
3244 427 3341 485 per
3397 414 3651 485 ipsumet

339 494 581 566 Ἀρχαὶ,
606 500 1025 569 εἷτεἘξουσίαι,
1051 505 1120 557 τὰ
1151 505 1330 560 πάντα
1354 507 1420 560 δι’
1454 508 1619 562 αὑτοῦ
1646 512 1737 563 καὶ
1764 511 1843 575 εἰς
1868 512 1964 565 αὖ·

334 587 439 640 τὸν
468 589 760 658 ἔκτισται,
796 595 890 648 καὶ
940 596 1104 661 αὐτός
1142 597 1260 651 ἐστι
1308 599 1416 669 πρὸ
1463 602 1704 669 πάντων,
1757 604 1849 656 καὶ
1892 603 1964 657 τὰ

330 678 541 753 πάντα
573 684 637 735 ὲν
670 683 817 756 αὑτῷ
846 687 1161 758 συνέστηκε,
1193 690 1289 741 καὶ
1317 690 1480 753 αὐτός
1509 692 1659 745 ἐστιν
1683 694 1716 764 ἡ
1752 692 1961 765 κεφαλὴ

335 771 442 824 τοῦ
483 773 756 846 σώματος
815 779 914 849 τῆς
954 779 1303 851 Ἐκκλησίας,
1337 782 1395 845 ὃς
1428 783 1577 836 ἐστιν
1610 785 1775 857 ἀρχὴ.
1804 802 1959 856 πρω-

332 863 584 927 τότοκος
624 868 690 921 ὲκ
719 868 826 923 τῶν
862 870 1093 940 νεκρῶν,
1129 872 1214 925 ἵνα
1246 872 1470 943 γένηται
1511 876 1568 927 ὲν
1604 877 1768 928 πᾶσιν
1797 877 1961 941 αὐτὸς

338 958 697 1025 πρωτεύων,
744 961 827 1013 ὅτι
858 962 914 1015 ὲν
948 962 1095 1033 αὐτῷ
1130 964 1424 1033 ηὑδόκησε·
1449 967 1554 1017 πᾶν
1581 966 1642 1019 τὸ
1682 968 1958 1038 πλήρωμα

335 1045 413 1099 δι’
453 1048 640 1103 αὐτοῦ
690 1055 1034 1123 κατοικῆσαι,
1083 1054 1178 1107 καὶ
1210 1056 1277 1108 δι’
1305 1055 1471 1110 αὑτοῦ
1514 1058 1958 1124 ἀποκαταλλάξαι

337 1137 413 1191 τὰ
450 1139 645 1194 πάντα
681 1145 759 1206 εἰς
804 1144 986 1209 αὑτὸν,
1021 1148 1439 1219 εἰρηνοποιήσας
1472 1147 1559 1205 διὰ
1598 1148 1693 1201 τοῦ
1724 1149 1955 1219 αἵματος

338 1229 446 1283 τοῦ
489 1233 735 1304 σταυροῦ
767 1233 953 1299 αὑτοῦ,
989 1237 1097 1289 εἴτε
1124 1237 1191 1290 τὰ
1225 1238 1315 1291 ἐπὶ
1343 1237 1443 1306 τῆς
1481 1238 1607 1308 γῆς.
1650 1238 1761 1292 εἴτε
1790 1240 1859 1293 τὰ
1898 1242 1953 1293 ὲν

335 1322 466 1384 τοῖς
499 1322 778 1391 οὐρανοῖς.
814 1343 834 1377 ›
881 1325 1012 1379 Ἰδοὺ
1044 1325 1108 1397 δὴ
1138 1328 1299 1381 πάλιν
1352 1329 1653 1397 ἀναφανδὸν
1684 1330 1750 1382 δι’
1785 1330 1949 1383 αὑτοῦ

335 1429 488 1482 φησι
546 1415 649 1467 καὶ
683 1416 761 1480 εἰς
788 1416 948 1468 αὑτὸν
980 1417 1221 1472 ἐκτίσθαι
1250 1419 1316 1471 τὰ
1346 1419 1557 1473 πάντασ
1590 1421 1683 1472 καὶ
1719 1419 1843 1491 μὴν,
1871 1421 1952 1473 ὅτι

333 1504 454 1571 πρὸ
503 1503 736 1557 πάντων
769 1506 906 1571 ἐστι,
951 1506 1046 1573 κα)⁹
1091 1507 1172 1560 ὅτι
1202 1509 1271 1562 τὰ
1304 1509 1480 1562 πάντα
1521 1511 1848 1579 συνέστηκεν
1894 1512 1952 1563 ὲν

333 1591 534 1662 αὐτῷ’
577 1595 676 1647 καὶ
705 1595 866 1648 αὑτὸν
892 1590 1029 1649 εἷναί
1076 1614 1207 1667 φησι
1254 1599 1597 1667 πρωτότοκον
1628 1599 1693 1651 ὲκ
1721 1598 1948 1670 νεκρῶν,

335 1683 861 1755 εἰρηνοποιήσαντα
908 1686 997 1740 διὰ
1045 1688 1134 1740 τοῦ
1189 1689 1419 1759 αἵματος
1473 1689 1755 1755 αὑτοῦ,τά
1783 1707 1844 1743 τε
1890 1691 1949 1743 ὲν

2074 515 2129 568 in
2155 513 2272 583 ipso
2295 520 2478 568 creata
2512 519 2658 567 sunt.
2688 510 2756 566 Et
2784 509 2898 579 ipse
2932 520 3016 565 est
3049 518 3176 565 ante
3218 523 3427 573 omnes,
3451 516 3507 563 et
3530 522 3655 563 om-

2068 605 2159 660 nia
2216 604 2269 659 in
2327 603 2453 674 ipso
2484 610 2758 658 constant.
2790 601 2853 656 Et
2890 600 3003 669 ipse
3054 608 3139 656 est
3189 607 3350 668 caput
3401 598 3650 666 corporis

2064 691 2341 757 Ecclesia,
2367 691 2457 761 qui
2486 700 2568 745 est
2594 689 2944 761 principium,
2969 689 3361 759 primogenitus
3393 687 3558 757 709
3575 701 3643 742 ex

2066 785 2321 849 mortuis,
2367 794 2423 837 ut
2449 784 2520 838 sit
2569 786 2622 837 in
2663 784 2914 838 omnibus
2955 784 3069 852 ipse
3102 782 3395 850 primatum
3428 790 3646 834 tenens.

2063 877 2196 944 Quia
2225 877 2276 930 in
2310 877 2425 947 ipso
2445 876 2771 946 complacuit
2794 889 3006 929 omnem
3039 873 3423 942 plenitudinem
3460 871 3648 924 divini-

2061 969 2190 1024 tatis
2223 968 2545 1031 inhabitare,
2593 978 2647 1021 et
2693 982 2788 1036 per
2813 981 2935 1019 eum
2985 963 3323 1019 reconciliari
3364 960 3544 1015 omnia
3590 961 3646 1015 in

2060 1059 2196 1127 ipso,
2232 1057 2610 1127 pacilicantem
2663 1072 2760 1127 per
2814 1055 3130 1126 sanguinem
3162 1054 3339 1108 crucis
3382 1052 3499 1120 ejus
3534 1051 3648 1105 sive

2059 1164 2178 1218 qua
2219 1150 2270 1203 in
2323 1148 2504 1214 terris,
2565 1148 2679 1202 sive
2739 1163 2859 1217 quae
2905 1148 2957 1201 in
2983 1146 3137 1201 caelis
3189 1154 3316 1199 sunt
3347 1143 3412 1197 “.
3453 1162 3472 1194 ι
3508 1140 3647 1196 Ecce

2058 1255 2216 1309 quam
2251 1248 2437 1309 aperte
2467 1239 2628 1299 dicat.
2658 1254 2755 1310 per
2784 1240 2959 1308 ipsum
2989 1246 3043 1291 et
3078 1237 3130 1291 in
3163 1237 3280 1304 ipso
3310 1243 3489 1289 creata
3525 1246 3648 1287 esse

2055 1331 2234 1385 omnia
2267 1348 2281 1384 :
2308 1331 2558 1399 quodque
2579 1343 2706 1384 ante
2731 1344 2923 1385 omnes
2945 1330 3035 1394 sit,
3060 1337 3113 1383 et
3142 1329 3283 1397 quod
3303 1326 3483 1379 omnia
3517 1340 3646 1378 cono

2054 1428 2201 1475 stant
2236 1421 2288 1473 in
2320 1420 2455 1488 ipso.
2490 1419 2759 1474 Praeterea
2805 1421 2936 1475 dicit
2965 1420 3136 1488 ipsum
3171 1431 3291 1472 esse
3312 1416 3642 1487 primogeni-

2056 1521 2165 1567 tum
2199 1527 2265 1566 ex
2308 1512 2558 1573 mortuis,
2596 1512 2842 1581 quodque
2877 1510 3181 1580 paeilicarit
3214 1524 3308 1579 per
3326 1508 3642 1577 sanguinem

2055 1618 2211 1657 suum
2262 1616 2593 1672 quaecunque
2623 1602 2677 1655 in
2707 1600 2860 1654 caelis
2900 1608 3046 1663 sunt,
3098 1607 3153 1653 et
3203 1612 3535 1668 quaecunque
3588 1598 3643 1651 in

2055 1695 2238 1749 terris.
2300 1695 2462 1763 Atqui
2510 1694 2633 1764 quis
2689 1702 2774 1747 est
2830 1692 3220 1762 primogenitus
3277 1705 3343 1746 ex
3386 1690 3640 1752 mortuis,

334 1777 462 1839 τοῖς
491 1777 773 1847 οὐρανοῖς,
809 1781 901 1833 καὶ
932 1780 1001 1833 τὰ
1032 1783 1122 1834 ἐπὶ
1146 1783 1245 1851 τῆς
1274 1782 1397 1853 γῆς.
1432 1779 1565 1835 Εἶτα
1590 1783 1673 1845 τίς
1703 1785 1731 1835 6
1771 1785 1832 1836 ἐκ
1862 1799 1949 1836 νε-

2058 1786 2162 1839 nisi
2214 1784 2461 1841 Christus
2491 1784 2667 1849 Jesus,
2706 1784 2809 1839 hoc
2855 1793 2957 1849 est,
3020 1783 3254 1839 Verbum
3305 1784 3358 1837 in
3391 1796 3555 1835 carne
3587 1792 3644 1835 et

337 1866 507 1937 κρῶν
537 1869 908 1937 πρωτότοκος,
939 1874 987 1923 εἰ
1016 1872 1090 1942 μὴ
1122 1872 1354 1947 Χριστὸς
1394 1871 1621 1942 Ἰησοῦς,
1649 1872 1948 1937 τουτέστιν,

340 1957 406 2009 ιν
448 1958 628 2028 σαρκὶ
661 1959 757 2011 καὶ
806 1960 943 2029 μετὰ
992 1961 1195 2033 σαρκὸς
1243 1963 1271 2015 6
1302 1963 1508 2030 Λόγος;
1566 1962 1795 2033 Τεθναίη
1843 1961 1951 2035 γὰρ

338 2046 416 2101 ἂν
446 2047 578 2102 οὔτι
607 2068 709 2102 που
735 2050 867 2114 Θεὸς
896 2050 970 2104 ὢν
996 2055 1024 2105 6
1052 2053 1241 2121 Λόγος,
1275 2054 1381 2107 οὐδ’
1407 2052 1471 2107 ἂν
1495 2057 1665 2108 νοοῖτο
1686 2055 1795 2107 τῶν
1817 2055 1952 2108 ὅλων

339 2138 699 2210 δημιουργὸς
738 2142 861 2195 καθ’
909 2145 1057 2214 ἡμᾶς
1099 2142 1174 2197 ὢν
1226 2145 1533 2215 ἄνθρωπος.
1582 2148 1628 2198 εξ
1679 2145 1752 2218 μὴ
1801 2146 1952 2217 δεδη-

345 2231 672 2304 μιούργηκε
725 2234 825 2303 μὲν
873 2235 949 2299 ὡς
995 2237 1145 2300 Θεὸς.
1194 2238 1289 2290 καὶ
1340 2241 1388 2290 εἰ
1445 2238 1519 2308 μὴ
1566 2238 1689 2307 δίχα
1744 2239 1953 2310 σαρκὸς

342 2324 535 2374 νοοῖτο
574 2322 713 2393 μετὰ
746 2324 845 2395 τὴν
877 2326 1092 2380 ἕνωσιν.
1127 2328 1476 2398 Πρωτότοκος
1523 2330 1716 2383 δὲκαὶ
1757 2332 1820 2384 ὲκ
1864 2348 1952 2385 νε-

342 2409 532 2479 κρῶν,
588 2414 722 2466 καθὸ
762 2417 1001 2487 πέφηνεν
1052 2418 1357 2489 ἅνθρωπος,
1413 2420 1514 2473 οὐκ
1564 2421 1853 2475 ἀποϐαλὼν
1891 2424 1952 2476 τὸ

341 2498 497 2555 εἶναι
545 2503 701 2570 Θεὸς,
750 2506 837 2560 διὰ
867 2506 968 2578 τὴν
1012 2510 1442 2582 ὲνανθρώπησιν.
1491 2513 1604 2565 Οἴει
1650 2530 1705 2566 τι
1756 2515 1951 2585 χρῆναι

344 2592 570 2657 τούτοις
602 2597 862 2669 ἐπιτιμᾷν
888 2616 902 2664 ;

421 2708 487 2765 Β.
535 2709 660 2763 Οὐδ’
693 2713 1017 2767 ὁπωστιοῦν.

413 2825 495 2878 Δ-
540 2823 696 2888 Ἰδοις
737 2825 782 2877 δ’
811 2825 875 2879 ἂν
906 2827 999 2879 καὶ
1029 2827 1256 2898 ἑτέρωθι
1290 2829 1377 2883 διὰ
1420 2831 1528 2884 τῶν
1562 2832 1739 2886 αὐτῶν
1775 2834 1955 2898 ἰόντας

338 2916 535 2985 λόγων
563 2916 687 2980 τοὺς
718 2920 1211 2992 πνευματοφόρους.
1257 2923 1507 2993 Ἰωάννης
1541 2924 1638 2995 μὲν
1664 2928 1792 2995 γὰρ,
1824 2946 1841 2978 ι
1865 2927 1954 2981 Ἐν

346 3009 526 3078 ἀρχῇ,
559 3008 744 3077 φησιν,
778 3011 806 3060 6
846 3010 1018 3078 Λόγος
1049 3007 1135 3082 ἦν,
1175 3014 1267 3066 καὶ
1308 3017 1335 3067 6
1378 3016 1548 3084 Λόγος
1596 3013 1662 3089 ἦν
1697 3018 1832 3089 πρὸς
1863 3019 1954 3071 τὸν

2053 1893 2174 1932 cum
2204 1878 2412 1931 carne?
2436 1876 2620 1945 Neque
2649 1878 2793 1931 enim
2843 1876 2981 1930 mori
3012 1885 3176 1945 queat
3208 1873 3348 1928 Dens
3376 1874 3643 1926 exsistens

2058 1967 2290 2021 Verbum
2330 1986 2341 2021 :
2381 1982 2554 2036 neque
2594 1976 2809 2021 creator
2839 1968 3003 2020 totius
3042 1965 3280 2019 ttlIin‘l‘si
3313 1963 3416 2018 dici
3471 1962 3644 2030 possit

2056 2056 2218 2111 homo
2248 2058 2413 2111 nostri
2447 2056 2659 2120 similis,
2696 2057 2795 2110 nisi
2821 2056 3089 2110 creaverit
3123 2055 3362 2124 quidem,
3394 2062 3451 2104 ut
3477 2051 3636 2117 Deus,

2057 2149 2271 2204 tametsi
2299 2166 2403 2204 non
2456 2149 2660 2217 absque
2683 2163 2845 2201 carne
2893 2147 3116 2215 intelligi
3148 2154 3341 2215 potest,
3370 2153 3490 2214 post
3517 2143 3644 2197 uni-

2056 2251 2242 2296 tatem.
2281 2241 2672 2308 Primogenitus
2697 2255 2826 2295 vero
2863 2255 2925 2295 ex
2982 2240 3211 2293 mortuis
3233 2245 3337 2301 est,
3373 2245 3645 2307 quatenus

2056 2332 2508 2401 apparuithomn,
2543 2330 2752 2384 tametsi
2778 2338 2998 2399 propter
3046 2326 3476 2381 incarnationem
3534 2339 3638 2379 non

2056 2422 2275 2475 desierit
2312 2436 2432 2475 esse
2482 2418 2643 2477 Deus.
2707 2419 2999 2474 Videturne
3056 2416 3150 2471 tibi
3201 2414 3402 2483 aliquid
3452 2414 3504 2466 in
3551 2413 3639 2467 his

2055 2510 2557 2577 reprehendendum
2585 2509 2607 2561 ?

2127 2714 2185 2768 Β.
2219 2712 2589 2783 Nequaquam.

2125 2828 2192 2882 A.
2232 2826 2339 2880 Sed
2372 2836 2427 2881 et
2459 2825 2583 2901 alibi
2609 2826 2711 2879 hoc
2743 2824 2916 2894 ipsum
2953 2831 3258 2877 asserentes
3308 2820 3491 2874 videas
3544 2833 3641 2875 eos

2056 2920 2145 2990 qui
2179 2920 2360 2973 divino
2411 2920 2613 2987 Spiritu
2661 2917 2822 2970 amati
2875 2916 3116 2969 fuerunt.
3167 2913 3413 2981 Joannes,
3451 2913 3635 2967 enim:

2064 3027 2081 3060 ι
2126 3010 2178 3062 In
2204 3009 2485 3079 principio,
2524 3009 2715 3077 inquit,
2740 3018 2858 3062 erat
2884 3004 3138 3067 Verbum,
3174 3016 3226 3058 et
3256 3003 3488 3058 Verbum
3522 3011 3640 3056 erat

348 3101 513 3163 Θεὸν,
561 3101 655 3153 καὶ
689 3100 821 3163 Θεὸς
849 3098 915 3170 ἦν
948 3104 976 3155 ό
1010 3104 1199 3171 Λόγος.
1248 3102 1416 3171 Οὗτος
1445 3109 1513 3181 ἦν
1551 3112 1607 3163 ἐν
1650 3113 1789 3183 ἀρχῇ
1820 3112 1949 3183 πρὸς

2060 3103 2198 3169 apud
2235 3101 2421 3164 Deum,
2482 3110 2536 3153 et
2583 3101 2721 3154 Dens
2766 3108 2884 3152 erat
2942 3096 3193 3152 Verbum.
3251 3094 3364 3148 lloc
3417 3104 3535 3149 erat
3585 3096 3638 3148 in

349 3191 451 3243 τὸν
489 3189 640 3243 Θεόν.
672 3191 854 3243 Πάντα
898 3191 963 3243 δι’
1002 3194 1163 3245 αὑτοῦ
1195 3196 1430 3263 ἐγένετο,
1464 3202 1557 3251 καὶ
1585 3204 1752 3271 χωρίς
1789 3201 1953 3254 αὐτοῦ

356 3280 578 3347 ἐγένετο
633 3280 753 3332 οὐδὲ
780 3280 856 3333 ἓν.
891 3300 910 3331 ι
944 3282 1153 3345 Παῦλος
1177 3283 1233 3334 δὲ
1261 3281 1352 3337 αὖ·
1389 3283 1510 3348 «Εἷς
1534 3288 1662 3351 Θεὸς
1686 3290 1713 3340 6
1744 3290 1953 3360 Πατὴρ,

354 3371 420 3435 ἐξ
451 3365 510 3424 οὗ
544 3371 611 3424 τὰ
644 3372 819 3425 πάντα
842 3388 855 3401 ·
888 3369 968 3436 εἷς
1008 3371 1209 3443 Κύριος
1255 3375 1459 3443 Ἰησοῦς
1495 3377 1747 3444 Χριστὸς,
1783 3380 1851 3431 δι’
1894 3373 1955 3432 οὗ

355 3467 430 3519 τὰ
465 3465 661 3519 πάντα.
692 3483 710 3517 ι
759 3466 900 3517 Ἀλλ’
927 3466 1084 3536 εἴπερ
1125 3462 1192 3536 ἦν
1234 3467 1295 3519 τὸ
1343 3468 1674 3536 μεσολαϐοῦν
1723 3471 1860 3539 μετὰ
1893 3470 1956 3523 τὸ

356 3557 601 3630 ⁴ἡνῶσθαι
636 3559 798 3630 σαρκὶ
834 3559 925 3611 τὸν
970 3558 1157 3627 Λόγον,
1204 3558 1297 3612 καὶ
1328 3561 1406 3622 εἱς
1440 3561 1733 3631 ἑτερότητα
1779 3578 1953 3615 κατα-

356 3651 624 3722 διαιροῦν,
643 3650 739 3722 τὴν
764 3652 839 3725 ὡς
857 3651 989 3705 υἱῶν
1014 3651 1178 3705 δυάδα
1202 3670 1274 3721 φη
1284 3654 1364 3722 μὶ,
1391 3653 1531 3706 κατὰ
1555 3653 1613 3705 τὸ
1638 3655 1717 3706 σοι
1737 3653 1949 3718 δοκοῦν,

361 3742 480 3807 πῶς
515 3744 579 3797 ἂν
610 3744 831 3813 ἐκτίσθη
860 3744 927 3797 τὰ
954 3744 1131 3798 πάντα
1154 3744 1241 3799 διὰ
1281 3744 1453 3815 Ἰησοῦ
1475 3745 1709 3817 Χριστοῦ
1736 3763 1750 3811 ;
1791 3745 1951 3801 Ἀλλὰ

364 3835 472 3905 μὴν
504 3834 724 3905 ἐκτίσθη
760 3836 825 3888 δι’
871 3837 1035 3890 αὐτοῦ
1066 3837 1132 3890 τὰ
1182 3839 1381 3891 πάντα.
1417 3837 1691 3910 Πρόδηλον
1746 3834 1839 3892 οὖν
1867 3840 1949 3892 ὅτι

357 3927 428 3979 τὰ
461 3925 619 4001 Mt
649 3943 706 3979 τε
736 3926 828 3979 καὶ
859 3926 1040 3990 ἱδικώς
1086 3929 1459 3999 ἐνυπάρχοντα
1504 3928 1583 3999 τῷ
1623 3931 1687 3981 ὲκ
1735 3930 1950 4001 Πατρὸς

357 4016 472 4070 ὄντι
521 4019 701 4087 Λόγῳ,
748 4019 1045 4089 τετήρηται
1104 4021 1265 4074 πάλιν
1308 4021 1454 4091 αὐτῷ
1499 4023 1591 4075 καὶ
1632 4022 1718 4075 ὅτε
1758 4023 1947 4091 γέγονε

360 4110 519 4182 σάρξ.
557 4110 885 4179 Ἐπισφαλὲς
912 4106 1003 4163 οὖν
1031 4111 1161 4182 ἄρα,
1188 4112 1250 4164 τὸ
1277 4112 1586 4184 διατέμνειν
1608 4115 1941 4187 ἀποτολμᾷν.

358 4199 452 4267 Εἷς
477 4203 585 4276 γὰρ
617 4202 821 4275 Κύριος
880 4202 1086 4274 Ἰησοῦς
1125 4205 1378 4275 Χριστὸς,
1429 4207 1523 4261 καὶ
1564 4207 1631 4261 δι’
1664 4207 1829 4263 αὐτοῦ
1875 4207 1946 4262 τὰ

359 4296 534 4352 πάντα
568 4297 1040 4370 δεδημιούργηκεν
1066 4298 1094 4350 6
1124 4298 1335 4370 Πατήρ.

428 4588 489 4642 Β.
536 4588 775 4657 Ἀληθές.

424 4701 489 4753 Δ.
522 4700 679 4753 Ἔστι
724 4699 1011 4770 τοιγαροῦν
1059 4700 1155 4755 καὶ
1204 4697 1557 4771 δημιουργὸς,
1599 4698 1817 4767 θεῖκῶς,
1847 4704 1940 4757 καὶ

355 4792 636 4857 ζωοποιὸς,
681 4792 754 4854 ὡς
798 4791 932 4862 ζωὴ,
976 4792 1394 4865 ἐνανθρωπίνως
1446 4792 1502 4845 δὲ
1572 4788 1639 4847 αὖ
1687 4795 1780 4847 καὶ
1827 4798 1942 4858 τοῖς

351 4886 493 4957 ὑπὲρ
547 4884 833 4956 ἄνθρωπον
895 4884 1181 4954 ἰδιώμασιν
1246 4887 1325 4949 εἰς
1376 4886 1433 4938 ἓν
1495 4903 1546 4939 τι
1611 4887 1671 4940 τὸ
1731 4888 1932 4959 μεταξὺ

358 4977 726 5047 συγκείμενος.
755 4976 998 5046 Macith
1026 4977 1133 5047 γάρ
1161 4978 1274 5030 ἐστι
1312 4977 1447 5030 Θεοῦ
1476 4979 1569 5032 καὶ
1611 4980 1930 5051 ἀνθρώπων,

350 5070 492 5122 κατὰ
516 5068 615 5131 τὰς
652 5067 899 5139 Γραφᾶς,
945 5066 1106 5136 φύσει
1152 5068 1250 5137 μὲν
1278 5070 1536 5141 ὑπάρχων
1566 5071 1717 5136 Θεὸς,
1750 5072 1841 5125 καὶ
1872 5074 1932 5125 οὐ

347 5161 471 5232 δίχα
506 5162 729 5234 σαρκὸς,
800 5161 1089 5233 ἄνθρωπος
1144 5161 1199 5215 δὲ
1246 5162 1481 5233 ἀληθῶς,
1531 5165 1621 5217 καὶ
1670 5165 1730 5217 οῦ
1779 5165 1933 5235 ψιλὸς

349 5254 472 5307 καθ’
505 5255 672 5323 ἡμᾶς.
733 5254 848 5307 ἀλλ’
907 5254 981 5306 ὢν
1010 5255 1148 5324 ὅπερ
1191 5249 1278 5325 ἦν,
1316 5256 1409 5309 καὶ
1437 5259 1485 5310 εἰ
1534 5257 1729 5325 γέγονε
1776 5257 1932 5329 σάρξ,

354 5347 666 5416 Γέγραπται
728 5345 856 5416 γὰρ,
908 5346 989 5400 ὅτι
1031 5365 1049 5398 ι
1112 5343 1314 5417 Ἰησοῦς
1381 5350 1616 5419 Χριστὸς
1668 5349 1792 5419 χθὲς
1845 5350 1936 5402 καὶ

2060 3193 2324 3260 principio
2350 3194 2487 3260 apud
2521 3193 2707 3245 Deum.
2733 3191 2927 3245 Omnia
2956 3204 3052 3257 per
3086 3189 3260 3257 ipsum
3297 3186 3436 3240 facta
3488 3196 3636 3248 sunt,

2058 3294 2113 3339 et
2156 3286 2277 3340 sine
2327 3286 2443 3353 ipso
2473 3284 2674 3339 factum
2732 3292 2815 3337 est
2868 3282 3000 3334 nihil
3030 3282 3094 3334 ".
3140 3300 3159 3332 ι
3204 3280 3401 3334 l’aulns
3453 3292 3635 3332 vero:

2063 3394 2082 3426 ι
2126 3375 2302 3443 Unus,
2362 3378 2558 3445 inquit,
2598 3378 2742 3431 Dens
2786 3377 2966 3440 Pater,
3008 3389 3073 3429 ex
3110 3388 3216 3443 quo
3240 3371 3461 3437 omnia;
3497 3383 3638 3423 unus

2059 3466 2316 3523 Dominus
2368 3468 2528 3524 Jesus
2584 3470 2858 3531 Christus,
2919 3484 3017 3538 per
3082 3481 3242 3535 quem
3301 3464 3481 3519 omnia
3507 3463 3573 3517 “.
3610 3480 3635 3516 ι

2055 3559 2219 3627 Atqui
2242 3562 2286 3614 si
2319 3572 2438 3615 erat
2467 3562 2670 3630 aliquid
2693 3561 3044 3623 discriminis,
3075 3570 3358 3629 postquam
3392 3558 3628 3611 Verbum

2056 3652 2263 3705 unitum
2293 3661 2377 3706 est
2426 3640 2601 3717 carni,
2654 3652 2905 3723 quodque
2963 3650 3109 3704 illum
3161 3652 3213 3704 in
3263 3648 3634 3703 diversitatem

2053 3746 2344 3814 quamdam
2378 3744 2597 3809 dividat,
2622 3744 2696 3797 ita
2734 3753 2790 3796 ut
2817 3741 3130 3797 dualitatem
3165 3740 3454 3810 quamdam
3493 3740 3634 3792 illio-

2054 3851 2171 3889 rutn
2195 3837 2508 3897 constituat,
2558 3836 2696 3888 sicut
2721 3834 2815 3887 tibi
2849 3834 3059 3888 videtur
3092 3850 3106 3887 :
3145 3833 3414 3898 quomodo
3450 3831 3631 3884 omnia

2050 3938 2232 3985 creata
2264 3937 2387 3981 sunt
2430 3941 2527 3997 per
2571 3925 2753 3981 Jesum
2786 3924 3061 3980 Christum
3090 3924 3299 3994 ?Atqui
3333 3921 3512 3977 omnia
3537 3934 3635 3989 per

2050 4022 2226 4092 ipsum
2255 4028 2438 4074 creata
2470 4029 2613 4073 sunt.
2640 4017 2981 4072 Manifestum
3017 4016 3177 4086 igitur
3207 4026 3289 4070 est
3322 4002 3629 4083 (ιιιοιιάηεε

2049 4123 2241 4169 natura
2272 4122 2325 4167 et
2358 4111 2705 4180 peculiariter
2759 4110 2942 4163 insunt
2998 4109 3172 4163 Verbo
3202 4108 3343 4176 quod
3372 4121 3437 4161 ex
3467 4103 3633 4158 Patro

2048 4206 2311 4283 procedit,
2341 4217 2559 4260 manent
2584 4206 2744 4259 etiam
2775 4204 2827 4257 in
2854 4204 2970 4272 ipso
3004 4216 3128 4258 cum
3149 4201 3347 4255 factum
3373 4207 3456 4253 est
3481 4212 3630 4254 caro.

2045 4299 2417 4355 Periculosum
2475 4302 2656 4369 itaque
2715 4306 2798 4353 est
2853 4298 2965 4352 [uec
3003 4296 3189 4366 partiri
3236 4309 3300 4349 ac
3352 4304 3627 4361 separare.

2043 4392 2201 4451 Unus
2223 4393 2367 4447 enim
2400 4392 2663 4445 Dominus
2690 4388 2848 4446 Jesus
2883 4388 3153 4452 Christus,
3208 4396 3262 4441 et
3301 4399 3397 4456 per
3449 4383 3627 4453 ipsum

1974 4462 2021 4521 θ
2047 4486 2227 4542 omnia
2260 4486 2463 4540 creavit
2491 4483 2673 4540 Pater.

2118 4602 2179 4657 Β.
2210 4601 2284 4656 Ita
2311 4610 2415 4657 est.

2117 4715 2183 4770 Α.
2226 4713 2324 4768 Est
2378 4714 2543 4783 igitur
2581 4722 2636 4768 et
2678 4723 2915 4776 creator,
2950 4708 3252 4766 divinitatis
3310 4707 3629 4775 ratione;et

2045 4801 2349 4868 vivillcans,
2401 4812 2586 4872 utpote
2640 4803 2792 4856 vita:
2850 4801 3084 4855 humana
3148 4810 3329 4854 autem
3386 4797 3626 4853 vicissim

2047 4894 2280 4957 ratione,
2325 4910 2388 4948 ex
2422 4891 2843 4963 proprietatibus
2895 4907 3014 4962 quae
3049 4890 3319 4946 hominem
3353 4890 3625 4943 excedunt

2044 4982 2097 5036 in
2139 4998 2303 5037 unum
2337 4984 2464 5051 quid
2507 4983 2883 5036 intermedium
2929 4980 3279 5049 compositus.
3361 4977 3624 5034 Mediator

2042 5071 2187 5124 enim
2223 5080 2307 5125 est
2335 5071 2425 5125 Dei
2460 5079 2513 5126 et
2540 5072 2838 5136 hominum,
2880 5072 3174 5126 secundum
3207 5069 3519 5138 Scripturas
3551 5068 3621 5136 ",

2043 5173 2232 5217 natura
2266 5163 2483 5232 quidem
2516 5164 2788 5217 exsistens
2814 5161 2973 5224 Dens,
3000 5170 3053 5215 et
3079 5176 3182 5214 non
3206 5161 3411 5229 absque
3434 5174 3618 5223 carne,

2040 5255 2201 5309 homo
2236 5266 2414 5309 autem
2452 5271 2598 5322 vere,
2635 5270 2739 5309 non
2782 5254 2925 5309 unde
2972 5263 3134 5322 atque
3185 5252 3521 5320 simpliciter,
3559 5263 3621 5307 ut

2039 5362 2157 5410 nos,
2187 5346 2279 5401 sed
2308 5346 2576 5400 exsistens
2621 5347 2671 5399 id
2704 5347 2846 5415 quod
2882 5357 3019 5413 erat,
3073 5344 3285 5398 etiamsi
3336 5342 3513 5397 lactus
3551 5345 3620 5396 sit

349 5440 608 5503 σήμερον,
649 5434 862 5497 ὁαῦτὸς
911 5435 1005 5489 καὶ
1067 5437 1145 5499 εἰς
1203 5438 1328 5501 τοὺς
1382 5439 1604 5502 αἰῶνας.
1644 5459 1658 5489 ι
1692 5435 1762 5492 Ἦ
1827 5441 1933 5510 γὰρ

2054 5454 2186 5494 :aro.
2241 5438 2515 5508 Scriptum
2563 5447 2645 5493 est
2689 5442 2856 5502 enim,
2912 5438 3055 5509 quod
3099 5455 3117 5489 t
3170 5435 3327 5492 Jesns
3368 5436 3619 5491 Christus

342 5526 463 5596 οὔχ).
512 5526 600 5580 διὰ
650 5528 747 5597 τῆς
804 5528 964 5595 ἁγίας
992 5529 1269 5600 Παρθένου
1308 5531 1556 5600 τετέχθαι
1604 5532 1931 5603 πιστεύομεν

441 5728 691 5785 ‘Colnss.
728 5746 765 5791 ι.
807 5732 992 5787 ιῖοὶυ.
1077 5733 1293 5789 "Joan.
1328 5750 1364 5793 ι,
1408 5735 1519 5791 1-5.

1605 5739 1644 5769 ¹⁶
1671 5738 1685 5792 Ι
1717 5739 1838 5794 Cur.
1871 5755 1987 5799 \‘tll.
2020 5742 2070 5795 6.

2038 5532 2149 5588 heri
2190 5540 2243 5587 et
2274 5531 2435 5586 hodie
2465 5548 2478 5597 ;
2510 5530 2650 5585 idem
2696 5531 2809 5602 ipse
2858 5540 2911 5584 et
2962 5530 3125 5600 710
3170 5530 3224 5586 in
3263 5529 3457 5586 saecula
3491 5524 3555 5578 η.
3586 5539 3613 5576 a

2168 5738 2249 5794 ⁸⁷1
2284 5737 2422 5794 Tim.
2459 5754 2516 5800 tl,
2548 5738 2599 5791 5.
2684 5737 2724 5768 ’⁸
2752 5735 2914 5792 llebr.
2948 5750 3065 5799 xm,
3099 5732 3149 5790 8.
