4038 6200
313 339 380 397 ιε
400 343 462 397 1‘9

1420 343 1506 396 DE
1549 345 1699 398 INCA
1714 342 2070 400 RNATlOIa‘E
2112 345 2482 401 UNICENITI.

3452 357 3473 408 1
3485 355 3589 409 ἢ.Ἷῦ

310 459 372 511 τὸ
402 456 713 529 ἔμπροσθεν
745 457 824 518 εἰς
859 454 918 508 τὸ
944 455 1167 526 ἄμεινον
1207 458 1263 509 ὲν
1311 459 1458 532 δόξῃ,
1490 460 1631 513 κατὰ
1670 461 1760 514 τὸν
1786 463 1903 515 ἴσον

2016 464 2080 517 de
2111 464 2418 534 praestantia
2454 464 2639 533 glorise
2671 483 2683 518 :
2714 464 2904 519 eadem
2938 480 3152 534 quoque
3185 465 3394 519 ratione
3425 468 3588 522 etiam

311 566 417 602 που
447 548 607 616 λόγον
635 548 730 600 καὶ
763 547 823 599 τὸ
855 545 1034 600 ὀπίσω
1074 548 1342 619 φήσομεν,
1378 552 1441 603 τὸ
1475 550 1551 615 ὼς
1584 552 1640 603 ὲν
1666 552 1896 622 εὐκλείᾳ

309 640 565 710 δεύτερον
598 635 657 693 εὖ
692 640 838 709 μάλα
868 640 1228 708 καταδηλοῦν.

380 732 441 785 Β.
477 730 747 802 Περιέστη
770 729 834 800 δὴ
869 725 984 795 οὖν,
1016 730 1091 793 ὡς
1129 729 1297 799 ἔοικε,
1327 732 1427 803 τῆς
1470 734 1716 790 Ἰωάννου
1747 737 1909 807 δόξης

306 824 577 894 ἡττᾶσθαι
640 823 895 895 Χριστὸν,
958 823 1054 875 καὶ
1120 822 1295 875 ὀπίσω
1348 824 1577 895 δραμεῖν
1632 826 1911 891 ἀσυνέτως

310 917 583 971 ὑπονοεῖν·
612 916 716 985 ἔφη
741 916 873 986 γὰρ,
896 916 978 968 ὅτι
1017 913 1221 968 Ὀπίσω
1251 932 1350 985 μου
1385 916 1603 987 ἔρχεται
1637 919 1799 987 ἀνὴρ.

342 1004 355 1013 κ
385 1010 450 1062 Α.
498 1007 605 1061 Φεῦ
658 1008 758 1077 τῆς
810 1005 1061 1069 ἁτοπίαςῐ
1121 1006 1430 1077 Οἰησόμεθα
1488 1007 1597 1079 γὰρ
1657 1009 1753 1079 οὑχ
1804 1002 1907 1063 ὧδε

312 1100 483 1172 ἔχειν,
514 1101 892 1171 ὲννενοηκότες
923 1099 1101 1172 ὀρθῶς
1147 1100 1206 1153 τὸ
1255 1102 1313 1153 ἐν
1355 1100 1612 1172 Ψαλμοῖς
1658 1118 1906 1173 γεγραμ-

319 1193 505 1262 μένον,
545 1193 627 1245 δτι
663 1210 681 1242 ι
708 1192 802 1253 Τίς
826 1191 885 1243 ὲν
913 1190 1164 1258 νεφέλαις
1215 1190 1546 1261 ίσωθήσεται
1576 1191 1655 1263 τῷ
1681 1194 1905 1264 Κυρίῳς

315 1285 411 1338 καὶ
439 1284 520 1349 τίς
551 1282 951 1352 ὁμοιωθήσεται
978 1281 1055 1352 τῷ
1085 1282 1204 1352 Θεῷ
1239 1286 1296 1337 ἐν
1326 1286 1467 1349 υἱοῖς
1490 1284 1625 1337 Θεοῦ
1649 1302 1663 1350 ;
1690 1305 1707 1337 ι
1750 1288 1905 1339 Ἀνα-

314 1374 498 1429 θετέον
541 1370 633 1426 οὖν
670 1373 778 1444 ἄρα
820 1374 914 1426 καὶ
952 1373 1089 1443 μετά
1139 1375 1340 1444 σαρκὸς
1387 1373 1539 1446 αὑτῷ
1576 1375 1638 1428 τὸ
1671 1376 1910 1448 πρεσϐύ-

316 1481 502 1526 τατον,
544 1464 620 1527 ὠς
659 1464 777 1534 Θεῷ
822 1464 964 1518 κατὰ
1004 1463 1165 1533 φύσιν
1195 1464 1451 1517 ἐνωθέντι
1482 1465 1666 1535 σαρκὶ,
1711 1467 1803 1517 καὶ
1841 1467 1908 1518 τὰ

312 1555 417 1625 τῆς
444 1554 581 1615 ἰδίας
612 1554 827 1623 φύσεως
880 1555 1063 1623 ἀγαθὰ
1092 1560 1419 1611 κοινοποῖειν
1450 1555 1662 1609 εἰωθότι
1683 1557 1761 1628 τῷ
1793 1557 1908 1628 ἰδίῳ

318 1644 553 1717 σώματι.

387 1739 445 1792 Β.
479 1740 708 1809 Ἀριστα
742 1737 901 1807 ἔφης.

386 1831 451 1882 Δ.
485 1830 653 1883 Τοῦτο
681 1829 725 1881 δ’
762 1829 827 1883 ἂν
868 1829 1080 1900 μάθοις,
1112 1823 1214 1883 ὦδέ
1243 1847 1306 1883 τε
1342 1829 1462 1901 ἔχον
1498 1829 1595 1884 καὶ
1616 1831 1908 1902 εἰρημένον

310 1921 513 1992 ὀρθῶς,
546 1922 637 1974 καὶ
665 1921 724 1985 ἐξ
752 1922 971 1991 ἑτέρων,
990 1916 1034 1974 ὦ
1058 1924 1177 1988 τᾶν,
1202 1923 1364 1993 εἴπερ
1383 1923 1542 1986 ἕλοιο,
1571 1923 1906 1995 μαρτυριῶν.

322 2013 468 2085 Ἔφη
527 2014 625 2085 μὲν
664 2014 773 2083 γάρ
823 2029 928 2066 που
981 2014 1113 2077 Θεὸς
1161 2016 1296 2084 περὶ
1345 2013 1440 2066 τοῦ
1490 2016 1553 2067 ὲκ
1594 2015 1909 2085 σπέρματος

314 2103 504 2166 Δαϐὶδ,
543 2103 606 2157 τὸ
633 2104 773 2156 κατὰ
805 2105 984 2175 σάρκα
1018 2105 1284 2175 Χριστοῦ,
1329 2105 1397 2158 δι’
1432 2107 1549 2169 ἑνὸς
1594 2108 1702 2160 τῶν
1736 2108 1907 2176 ἁγίων

320 2196 637 2268 προφητῶν
679 2216 694 2245 ι
721 2198 828 2249 Καὶ
864 2199 948 2262 σὺ,
984 2198 1250 2269 Βηθλεὲμ,
1299 2193 1449 2260 οἶκος
1489 2199 1583 2252 τοῦ
1640 2201 1901 2271 Ἐφραθᾶ,

316 2288 597 2356 ὀλιγοστὸς
644 2286 693 2339 εἴ
740 2288 832 2342 τοῦ
876 2285 1013 2342 εἶναι
1056 2292 1119 2342 ἐν
1173 2290 1415 2359 χιλιάσιν
1470 2291 1658 2344 Ἰούδαο
1707 2294 1771 2345 ὲκ
1808 2292 1903 2346 σοῦ

321 2395 414 2448 μοι
442 2378 783 2445 ἐξελεύσεται
802 2379 896 2432 τοῦ
927 2376 1064 2434 εἶναι
1094 2383 1173 2458 εἰς
1199 2382 1442 2452 ἄρχοντα
1473 2384 1530 2434 ἐν
1560 2382 1635 2453 τῷ
1667 2385 1900 2455 Ἰσραὴλ,

318 2472 413 2525 καὶ
450 2473 505 2524 αἱ
545 2471 709 2535 ἔξοδοι
757 2472 922 2526 αὐτοῦ
967 2475 1220 2544 ἀπαρχῆς
1262 2473 1324 2538 ὲε
1374 2475 1597 2545 ἡμερῶν
1638 2476 1853 2539 αἰῶνος.
1881 2496 1899 2528 ι

319 2566 455 2637 Περὶ
482 2565 538 2619 δέ
567 2583 630 2633 γε
677 2565 789 2619 τῶν
825 2566 959 2618 υἱῶν
1004 2565 1240 2636 Ἰσραὴλ,
1276 2569 1309 2619 6
1348 2566 1637 2637 ἱερώτατος
1674 2567 1901 2631 Παῦλος·

322 2676 346 2708 4
377 2659 496 2711 Ὅτι
546 2659 745 2722 πάντες
787 2659 866 2721 εἰς
918 2659 1008 2711 τὸν
1056 2659 1265 2728 Μωσῆν
1309 2658 1718 2729 ἐϐαπτίσθησαν
1753 2661 1810 2712 ἐν
1836 2662 1903 2731 τῇ

323 2750 520 2821 νεφέλῃ
560 2751 656 2803 καὶ
703 2754 760 2803 ὲν
804 2753 870 2821 τῇ
913 2750 1180 2821 θαλάσσῃ,
1224 2749 1317 2803 καὶ
1363 2750 1563 2812 πάντες
1598 2751 1794 2821 βρῶμα
1844 2752 1906 2803 τὸ

326 2839 691 2908 πνευματικὸν
743 2839 965 2908 ἔφαγον,
1016 2841 1113 2891 καὶ
1162 2842 1366 2902 πάντες
1407 2839 1468 2892 τὸ
1500 2839 1631 2892 αὐτὸ
1664 2858 1907 2911 πνευμα-

321 2930 474 2984 τικὸν
512 2930 661 2984 ἔπιον
692 2932 864 3001 πόμα.
904 2933 1127 2985 Ἔπινον
1154 2934 1260 3003 γάρ
1284 2933 1349 2985 ἐκ
1371 2934 1747 3003 πνευματικῆς
1771 2934 1903 2987 ἀκο-

320 3020 620 3089 λουθούσης
675 3023 900 3093 πέτρας,
963 3023 1029 3074 Ἦ
1080 3024 1252 3094 πέτρα
1300 3023 1360 3076 δὲ
1408 3018 1477 3094 ἧν
1518 3024 1547 3075 6
1593 3025 1846 3096 Χριστός.
1878 3043 1897 3076 ι

324 3110 517 3184 Ἀθρει
549 3112 613 3183 δὴ
648 3108 740 3165 οὖν
764 3114 819 3164 ὲν
845 3112 1064 3184 Χριστῷ
1100 3112 1274 3183 Ἰησοῦ
1312 3112 1435 3166 καθ’
1470 3113 1663 3168 ἕνωσιν
1696 3117 1903 3169 οἱκονο-
1932 3139 1973 3195 c

323 3204 491 3275 μικήν
533 3203 595 3256 τὸ
646 3203 829 3267 ξδικῶς
868 3205 962 3257 τοῦ
1006 3204 1178 3277 Λόγου
1234 3204 1627 3276 πρεσϐύτατον.
1683 3202 1758 3260 Ἦ
1807 3209 1906 3261 οὐκ

318 3299 556 3370 ἐναργὴς
617 3300 645 3351 ὁ
695 3298 890 3366 λόγος;
941 3298 1043 3351 Τὸν
1093 3299 1202 3370 γάρ
1253 3316 1337 3350 τοι
1398 3299 1775 3370 Βηθλεεμίτην
1831 3300 1907 3365 ὡς

317 3388 604 3460 ἄνθρωπον
637 3390 732 3443 καὶ
763 3392 826 3442 ἐκ
854 3389 1137 3458 γυναικὸς,
1171 3390 1425 3459 ἀπαρχῆς
1472 3391 1665 3450 αἰῶνος
1690 3391 1788 3455 τὰς
1817 3391 1907 3458 ἐξ-

312 3481 471 3545 όδους
501 3481 643 3552 ἔχειν
672 3480 731 3535 εὖ
759 3482 903 3552 μάλα
934 3483 1115 3552 φησιν.
1135 3483 1224 3536 Ἐν
1253 3484 1394 3554 ἀρχῇ
1425 3482 1532 3552 γὰρ
1560 3479 1647 3554 ἦν,
1685 3485 1778 3536 καὶ
1803 3486 1909 3556 πρὸ

316 3574 524 3639 παντὸς
556 3575 773 3639 αἰῶνος,
810 3577 838 3628 6
864 3575 1290 3645 ἐνανθρωπήσας
1321 3575 1512 3643 Λόγος,
1532 3578 1625 3630 καὶ
1653 3577 1814 3639 αὐτὸς
1839 3574 1908 3648 ἦν

318 3666 353 3734 ἠ
389 3664 599 3734 πέτρα,
640 3664 965 3733 δεδιψηκότα
1004 3665 1096 3717 τὸν
1140 3663 1357 3735 Ἰσραὴλ
1406 3667 1518 3727 τοῖς
1549 3666 1679 3737 παρ’
1719 3667 1909 3721 ἐλπίδα

320 3758 415 3811 καὶ
443 3757 727 3829 ἀδοκήτοις
752 3757 1108 3828 ὲκμεθύσκων
1146 3755 1372 3826 νάμασι,
1405 3757 1583 3811 καίτοι
1625 3759 1908 3829 γεννηθεὶς

320 3847 467 3902 κατά
503 3864 567 3915 γε
601 3848 700 3919 τὴν
729 3849 908 3919 σάρκα
949 3850 1041 3901 καὶ
1084 3849 1144 3902 τὸ
1173 3848 1514 3920 ἀνθρώπινον
1557 3852 1613 3903 ἐν
1657 3852 1908 3921 ἐσχάτοις

321 3940 555 4009 καιροῖς,
587 3940 678 3991 καὶ
707 3940 1063 4010 κεχρισμένος
1092 3940 1170 4000 εἰς
1202 3939 1303 4010 τὴν
1333 3942 1410 4005 εις
1444 3939 1650 4009 κόσμον
1676 3942 1909 3996 ἀποστο-

319 4028 420 4101 λὴν
450 4031 600 4102 παρὰ
631 4031 724 4084 τοῦ
750 4032 883 4085 Θεοῦ
914 4033 1009 4085 καὶ
1041 4031 1271 4101 Πατρός.
1321 4031 1759 4097 Κατωνόμασται
1798 4035 1906 4105 γὰρ

316 4123 419 4195 οὐχ
473 4124 659 4195 ἑτέρου
709 4143 803 4179 του
852 4124 1033 4197 χάριν,
1082 4123 1198 4178 ἀλλ’
1239 4124 1269 4194 ἢ
1322 4124 1409 4179 διά
1458 4128 1617 4181 τοῦτο
1649 4128 1902 4198 Χριστός’

320 4216 557 4288 Χριστὸς
620 4216 676 4269 δὲ
714 4212 780 4286 ἦν
828 4219 861 4286 η
912 4218 1108 4288 πέτρα,
1136 4217 1276 4270 κατὰ
1314 4217 1405 4273 τὸν
1444 4219 1673 4275 Παῦλον.
1702 4216 1778 4272 Ἦ
1815 4221 1904 4273 ὲν-

312 4308 563 4362 δοιαστὸν
586 4308 647 4361 τὸ
680 4309 869 4380 χρῆμα
892 4311 1037 4381 ἐρεῖς
1058 4326 1071 4375 ;

391 4401 450 4453 Β.
485 4400 772 4470 Οὐδαμῶς.

2016 554 2163 619 illud,
2192 567 2331 623 post,
2362 557 2602 611 dicemus
2629 556 2934 625 signiﬁcare
2964 557 3274 611 inferiorem
3304 557 3497 627 gloria.

2085 753 2143 805 Β.
2189 754 2541 808 Statuendum
2572 756 2753 824 itaque
2776 755 2900 820 erit,
2925 772 3045 810 meo
3065 755 3289 823 judicio,
3316 756 3588 814 Christum

2010 843 2216 899 Joanne
2243 844 2553 900 inferiorem
2583 849 2751 918 gloria
2776 864 2922 903 esse.
2956 849 3103 903 Dixit
3129 850 3270 904 enim
3302 868 3315 903 :
3346 851 3475 906 Post
3504 869 3591 909 me

2010 940 2188 993 veniet
2219 938 2317 993 vir.

2082 1028 2148 1085 A.
2189 1030 2343 1083 Absit
2380 1037 2524 1083 tanta
2560 1031 2902 1086 absurditas!
2935 1032 3113 1087 Facile
3143 1035 3287 1088 enim
3324 1035 3587 1105 indicabi-

2013 1135 2131 1175 mus
2163 1136 2270 1175 rem
2300 1122 2371 1176 ita
2402 1137 2459 1175 se
2492 1139 2593 1177 non
2626 1124 2845 1188 habere,
2873 1126 2915 1180 si
2950 1127 3157 1179 illud'in
3187 1127 3418 1182 Psalmis
3446 1129 3585 1184 εστὶ-

2009 1218 2157 1277 ptum
2196 1223 2340 1265 recte
2375 1213 2738 1283 intelligamus
2771 1232 2783 1267 :
2823 1232 2842 1265 ι
2882 1214 3146 1280 Quoniam
3183 1220 3303 1285 quis
3336 1220 3387 1269 in
3425 1219 3585 1271 nubi-

2011 1302 2110 1354 bus
2142 1304 2446 1369 mquahitur
2479 1304 2749 1358 Domino?
2782 1315 2834 1358 ct
2868 1306 2991 1374 quis
3025 1306 3218 1361 similis
3251 1309 3353 1362 erit
3390 1309 3500 1363 Deo
3532 1311 3584 1363 in

2012 1392 2134 1446 ﬁliis
2166 1395 2255 1447 Dei
2275 1395 2358 1446 "?
2395 1414 2413 1445 ι
2450 1395 2758 1449 Tribueoda
2793 1397 2970 1464 itaque
3000 1409 3085 1452 est
3114 1399 3237 1465 ipsi,
3271 1403 3431 1451 etiam
3465 1415 3588 1454 cum

2011 1498 2197 1549 carne,
2232 1485 2571 1553 antiquitatis
2589 1489 2972 1556 praerogativa,
3004 1492 3255 1543 nimirum
3280 1503 3335 1544 ut
3358 1492 3466 1546 Deo
3497 1507 3591 1545 na-

2013 1577 2257 1629 turaliter
2301 1579 2453 1630 unito
2499 1580 2672 1638 carui,
2713 1582 2912 1649 quique
2961 1583 3190 1650 propriae
3232 1599 3341 1637 sum
3391 1593 3592 1638 natura!

2010 1666 2149 1719 bona
2180 1668 2391 1736 corpori
2425 1669 2587 1722 etiam
2619 1685 2716 1723 suo
2747 1672 3149 1726 communicare
3176 1676 3482 1737 consuevit.

2084 1756 2143 1809 Β.
2186 1757 2398 1826 Optime
2429 1760 2586 1812 dicis.

2083 1850 2148 1903 A.
2192 1847 2303 1901 Hoc
2330 1864 2455 1903 vero
2484 1851 2553 1903 ita
2583 1867 2639 1903 se
2667 1852 2886 1917 habere,
2919 1862 3170 1920 recteque
3197 1855 3300 1909 dici
3331 1857 3493 1909 etiam
3523 1872 3590 1912 es

2012 1938 2130 1993 aliis
2162 1940 2483 1993 teStimoniis
2512 1941 2723 1993 discere
2753 1943 2969 2009 poteris.
3000 1942 3073 1994 Ita
3104 1945 3248 1996 enim
3281 1944 3421 1997 Deus
3454 1946 3583 1999 alibi

2011 2044 2105 2096 per
2139 2032 2426 2099 quemdam
2475 2034 2858 2098 prophetarum
2904 2033 2970 2084 de
3011 2033 3225 2086 Christo
3269 2048 3333 2088 ex
3385 2036 3591 2089 semine

2011 2118 2175 2171 David
2213 2118 2507 2171 secundum
2546 2134 2765 2171 carnem
2808 2121 3043 2186 loquitur
3077 2140 3089 2173 :
3132 2141 3151 2173 ι
3194 2121 3259 2176 Et
3301 2133 3387 2190 tu,
3429 2124 3591 2180 Beth-

2009 2207 2203 2272 lrln-m,
2229 2208 2416 2261 domus
2440 2207 2737 2276 Ephratha,
2761 2212 2980 2263 minima
3005 2225 3061 2265 es
3086 2210 3138 2264 in
3169 2213 3399 2267 millibus
3420 2212 3588 2282 Iuda;

2008 2314 2071 2353 ex
2113 2311 2162 2353 te
2198 2300 2325 2352 mihi
2363 2302 2672 2368 egredietur
2706 2302 2793 2367 qui
2835 2302 2904 2353 sit
2941 2302 3248 2357 dominator
3283 2306 3334 2357 in
3370 2304 3537 2361 Israel
3571 2322 3586 2358 :

2008 2400 2061 2444 et
2095 2405 2345 2458 egressus
2381 2391 2494 2457 ejus
2530 2393 2596 2445 ab
2635 2392 2787 2445 initio
2821 2408 2848 2444 a
2887 2392 3078 2448 diebus
3111 2396 3432 2451 sterilitatis
3452 2396 3523 2451 “.
3563 2416 3582 2449 ι

2010 2481 2083 2534 De
2120 2482 2243 2534 ﬁliis
2283 2493 2458 2534 autem
2502 2480 2662 2534 Israel
2705 2482 3073 2536 divinissimus
3112 2483 3311 2539 Paulus
3346 2487 3417 2538 ita
3456 2488 3534 2540 ait
3566 2506 3584 2541 τ

2015 2590 2032 2622 ι
2068 2571 2200 2637 Quia
2233 2587 2419 2625 omnes
2453 2573 2503 2625 in
2539 2574 2719 2643 Moyse
2750 2575 3005 2643 haptizati
3037 2586 3162 2629 sunt
3196 2577 3247 2628 in
3282 2577 3423 2631 nube
3449 2588 3500 2631 et
3530 2578 3584 2633 in

2009 2662 2167 2725 mari,
2200 2671 2253 2714 et
2284 2678 2473 2716 omnes
2499 2665 2744 2715 eamdem
2777 2678 2958 2716 escam
2993 2664 3325 2730 spicitualem
3362 2666 3586 2719 tuendu-

2009 2762 2293 2816 caverunt,
2328 2763 2382 2806 et
2413 2769 2601 2806 omnes
2636 2754 2886 2806 eumdem
2925 2767 3106 2821 potum
3143 2754 3472 2823 spiritualem
3505 2754 3587 2810 bi-

2007 2841 2220 2895 berunt.
2271 2843 2530 2896 Bibebant
2582 2843 2728 2896 enim
2777 2843 2846 2897 de
2896 2844 3160 2911 spirituali
3215 2858 3586 2913 consequente

2009 2945 2100 2984 eos
2134 2940 2305 2999 petra.
2342 2927 2497 2982 Petra
2533 2937 2710 2987 autem
2743 2940 2858 2983 erat
2889 2929 3137 2986 Christus
3161 2932 3228 2986 “.
3270 2952 3288 2985 ι
3326 2934 3586 2989 Animad-

2007 3031 2158 3074 verte
2186 3022 2368 3090 itaque
2399 3021 2451 3074 in
2481 3020 2699 3075 Christo
2727 3020 2855 3075 Jesu
2889 3024 3099 3077 ratione
3127 3024 3348 3076 unitatis
3377 3038 3476 3091 per
3504 3026 3587 3077 in.

2008 3114 2376 3167 caraationem
2424 3113 2575 3165 factae
2620 3114 2946 3181 peculiarem
2982 3112 3142 3167 Verbi
3188 3115 3585 3182 antiquitatem.

2008 3203 2200 3258 Nonne
2247 3205 2339 3257 tibi
2384 3205 2515 3257 satis
2559 3214 2745 3273 aperte
2790 3205 2905 3259 haec
2951 3206 3090 3259 dicta
3128 3206 3410 3262 videntur?
3450 3205 3583 3262 Nam

2006 3297 2478 3359 Bethlehcmitam,
2498 3309 2555 3349 ut
2576 3298 2845 3350 hominem
2873 3306 2924 3350 et
2954 3312 3018 3349 cx
3048 3298 3497 3361 muliere'natum,
3519 3300 3589 3355 ab

2010 3392 2164 3445 initio
2212 3389 2391 3444 saeculi
2442 3403 2695 3459 egressus
2749 3388 2944 3441 habere
3001 3388 3150 3442 dicit.
3207 3390 3264 3443 In
3319 3391 3590 3461 principio

2008 3484 2152 3536 enim
2190 3492 2331 3546 erat,
2368 3494 2423 3537 et
2464 3492 2588 3535 ante
2623 3481 2803 3534 omnia
2843 3478 3039 3533 saecula
3087 3480 3423 3535 inearnatnm
3457 3482 3587 3537 νοτ.

2009 3575 2158 3638 hum,
2196 3583 2251 3626 et
2297 3576 2469 3642 ipsum
2512 3582 2630 3626 erat
2676 3582 2848 3639 petra,
2890 3572 3143 3627 lsraelem
3192 3575 3283 3627 siti
3330 3574 3583 3628 aﬂ'ectum

2010 3666 2290 3735 repentina
2327 3674 2490 3731 atque
2525 3663 2799 3731 inopinata
2835 3669 3098 3731 aquarum
3132 3666 3461 3733 scaturigine
3496 3681 3587 3720 sa-

2010 3760 2171 3819 tiaus,
2203 3756 2411 3811 tametsi
2443 3763 2625 3807 natum
2654 3755 2722 3808 sit
2750 3752 3043 3807 secundum
3073 3770 3286 3810 carnem
3315 3766 3367 3807 et
3394 3757 3584 3811 huma-

2008 3850 2230 3904 nitatem
2281 3848 2333 3902 in
2380 3845 2690 3900 novissimis
2737 3847 3067 3913 temporibus
3113 3863 3126 3898 :
3177 3856 3481 3916 unctusque
3528 3849 3582 3902 in
3632 3864 3637 3869 ‘

2008 3940 2368 4012 apostolatum
2410 3939 2460 3992 in
2501 3939 2757 3991 mundum
2799 3952 2828 3991 a
2864 3936 2974 3991 Deo
3018 3953 3079 3993 ac
3117 3938 3295 3992 Patre.
3332 3940 3464 3992 Nam
3506 3940 3584 3994 id-

2010 4038 2176 4097 circo,
2209 4047 2387 4101 neque
2415 4030 2578 4083 aliam
2609 4032 2678 4084 ob
2707 4044 2923 4084 causam
2956 4042 3174 4084 vocatus
3200 4041 3280 4085 est
3309 4031 3579 4093 Christus,

2007 4129 2121 4183 sive
2157 4135 2371 4180 unctus.
2405 4123 2653 4177 Christus
2684 4132 2861 4177 autem
2893 4135 3009 4177 erat
3042 4132 3188 4192 petra
3208 4164 3221 4183 ,
3251 4124 3403 4193 juxta
3445 4123 3580 4178 Pau-

2008 4221 2137 4275 lum.
2181 4220 2335 4273 Anne
2384 4217 2735 4272 dubitandum
2783 4218 2883 4272 hac
2928 4218 2979 4271 in
3024 4232 3083 4272 re
3128 4218 3418 4287 quidquam
3462 4231 3582 4273 esse

2008 4318 2198 4365 censes
2214 4310 2238 4361 ?

2083 4403 2143 4456 Β.
2187 4401 2556 4471 Nequaquam.

391 4493 456 4546 Α.
504 4492 920 4560 Ἐπαγωνιείται
948 4494 1004 4548 δὲ
1041 4497 1133 4550 καὶ
1178 4492 1499 4570 ωνὰθλήσει
1530 4499 1776 4571 τῷλόγῳ
1810 4500 1905 4553 καὶ

2083 4496 2147 4550 Α.
2187 4494 2489 4548 Conﬁrmat
2535 4506 2663 4545 vero
2711 4490 2851 4545 hanc
2899 4492 3258 4558 sententiam,
3304 4502 3357 4545 et
3405 4502 3582 4548 tuetur

320 4582 353 4634 6
406 4583 566 4649 σοφὸς
620 4584 911 4653 Ἰωάννης,
963 4590 1246 4657 μονονουχὶ
1287 4591 1379 4641 καὶ
1425 4590 1759 4661 συναγείρων
1804 4591 1902 4653 τὰς

323 4671 534 4741 φύσεις,
570 4676 659 4727 καὶ
698 4679 775 4739 εἰς
805 4679 1166 4746 μισγάγκειαν
1192 4681 1341 4747 ἄγων
1364 4680 1469 4731 τῶν
1503 4682 1738 4752 ἑκατέρᾳ
1766 4699 1901 4753 πρε-

323 4762 534 4817 πόντων
562 4765 866 4835 ἰδιωμάτων
913 4769 1015 4838 τὴν
1042 4768 1294 4839 δύναμιν.
1348 4770 1455 4822 Θέα
1487 4770 1592 4841 γάρ
1631 4772 1660 4823 ὃ
1697 4788 1897 4842 φησιν·

324 4870 347 4905 ⁴
372 4856 437 4906 ,ο
478 4850 547 4926 ἦν
586 4858 861 4929 ἀπαρχῆς,
895 4857 925 4911 6
971 4860 1309 4929 ἀκηκόαμεν,
1351 4860 1380 4913 6
1424 4862 1751 4931 ἑωράκαμεν
1789 4867 1900 4926 τοῖς

320 4944 621 5016 ὀφθαλμοῖς
647 4949 826 5019 ἡμῶν,
855 4949 884 5002 6
912 4948 1276 5020 ἐθεασάμεθα,
1317 4951 1410 5002 καὶ
1436 4952 1490 5002 αἱ
1532 4955 1715 5021 χεῖρες
1741 4952 1899 5021 ἡμῶν

322 5036 683 5109 ἆψηλάφησαν
724 5041 851 5112 περὶ
895 5040 989 5094 τοῦ
1025 5041 1200 5109 Λόγου
1238 5041 1336 5110 τῆς
1376 5040 1544 5109 ζωῆς,
1593 5042 1749 5112 καὶὴ
1786 5044 1899 5116 ζωὴ

320 5127 485 5196 ignve
496 5128 665 5199 ρώθη,
690 5130 783 5184 καὶ
804 5132 1148 5201 ἑωράκαμεν,
1170 5131 1261 5182 καὶ
1290 5130 1693 5203 μαρτυροῦμεν,
1722 5133 1901 5199 ἀπαγ-

322 5218 586 5289 γέλλομεν
618 5221 746 5290 ὑμῖν
774 5220 873 5291 τὴν
920 5219 1065 5290 ζωὴν
1092 5221 1190 5290 τὴν
1221 5219 1457 5287 αἰώνιον,
1492 5222 1612 5291 ἥτις
1653 5217 1722 5289 ἣν
1764 5223 1899 5294 πρὸς

320 5309 413 5362 τὸν
451 5311 689 5384 Πατέρα,
736 5314 831 5365 καὶ
865 5312 1187 5383 ἐφανερώθη
1230 5315 1379 5384 ἡμῖν.
1410 5330 1429 5364 ι
1476 5312 1609 5366 Ἰδοὺ
1650 5312 1740 5368 τὸν
1776 5315 1903 5367 ὄντα

322 5401 600 5472 άπαρχῆς,
647 5397 829 5472 ὦφθαι
862 5407 928 5473 γέ
984 5422 1147 5474 φησιν
1196 5405 1462 5476 ἐναργῶς,
1507 5405 1795 5474 ὑπομεῖναί
1845 5423 1902 5458 τε

324 5493 418 5545 καὶ
441 5494 605 5565 ἁφήν.
657 5496 1042 5567 Ἀνεκεκράγει
1070 5497 1179 5568 γάρ
1219 5500 1248 5550 6
1299 5498 1519 5567 Θωμᾶςο
1550 5516 1567 5547 ι
1599 5498 1656 5550 '0
1698 5496 1902 5567 Κύριός

328 5601 458 5652 μου,
510 5587 603 5639 καὶ
628 5589 655 5639 ό
679 5588 810 5651 Θεός
839 5607 960 5659 μου,
988 5609 1007 5642 ι
1043 5592 1427 5663 άναμετρήσας
1458 5589 1706 5660 δακτύλῳ
1742 5590 1903 5641 πλευ-

398 5761 443 5792 ²²
467 5759 613 5817 Psal.
645 5778 908 5827 usum,
937 5762 988 5818 7.

2008 4588 2263 4652 Joannes,
2291 4587 2453 4657 ⁵112
2484 4593 2693 4639 tantum
2726 4599 2827 4638 non
2856 4598 3189 4652 congregans
3217 4586 3265 4636 in
3295 4601 3455 4638 unum
3486 4603 3581 4638 na-

2008 4690 2191 4742 turas,
2222 4689 2276 4731 ct
2309 4678 2694 4748 proprietatum
2729 4689 2846 4740 quae
2878 4674 3089 4741 utrique
3117 4675 3443 4727 conveniunt
3473 4678 3578 4728 vim

2009 4786 2072 4823 ac
2098 4771 2349 4823 virtutem
2380 4768 2429 4820 iu
2461 4782 2622 4819 unam
2653 4766 3007 4819 conﬂuentem
3036 4765 3260 4817 ducens.
3284 4764 3413 4817 Vide
3438 4764 3579 4818 enim

2005 4861 2136 4929 quid
2183 4861 2327 4913 dicat
2364 4875 2377 4911 :
2429 4874 2448 4906 ι
2492 4857 2644 4920 Quod
2685 4866 2803 4908 crat
2849 4856 2916 4907 ab
2963 4854 3146 4919 initio;
3192 4855 3332 4922 quod
3377 4854 3582 4906 audivi-

2009 4966 2148 5015 mus,
2184 4950 2328 5019 quod
2369 4949 2603 5003 vidimus
2640 4946 2812 5000 oculis
2857 4947 3089 5011 nostris;
3128 4952 3267 5014 quod
3307 4945 3581 5014 perspexi-

2009 5056 2162 5105 mus,
2204 5050 2257 5094 et
2299 5054 2493 5093 manus
2537 5046 2732 5091 nostra
2777 5043 3253 5091 contrectaveruot
3300 5038 3366 5089 de
3402 5033 3579 5089 Verbo

2007 5132 2150 5185 vitaz.
2181 5130 2247 5185 Et
2276 5132 2382 5183 vita
2418 5129 2761 5185 manifestata
2800 5138 2910 5192 est,
2946 5114 3001 5181 et
3032 5127 3297 5191 vidimus,
3330 5137 3384 5181 et
3419 5137 3581 5182 testa-

2009 5238 2149 5287 mur,
2195 5224 2576 5277 annuntiamus
2619 5221 2770 5276 vobis
2808 5221 2971 5273 vitam
3011 5228 3268 5272 mtcroam
3311 5235 3428 5288 quae
3464 5230 3577 5275 erat

2006 5314 2144 5383 apud
2178 5315 2414 5379 Patrem,
2446 5324 2501 5368 et
2530 5315 2776 5384 apparuit
2808 5314 2960 5367 nobis
2981 5314 3048 5369 ’⁸.
3089 5331 3108 5365 ι
3146 5310 3305 5368 Vides
3336 5330 3457 5369 eum
3488 5315 3576 5381 qui

2007 5405 2108 5459 l'nit
2132 5404 2201 5458 ab
2228 5403 2402 5468 initio,
2434 5402 2720 5459 manifeste
2746 5405 2917 5459 visum
2947 5404 3134 5470 fuisse,
3165 5416 3218 5459 et
3245 5406 3389 5477 tangi
3418 5405 3578 5458 susti-

2007 5497 2208 5552 nuisse.
2235 5494 2564 5549 Exclamavit
2592 5497 2733 5549 enim
2758 5494 2993 5551 Thomas
3021 5515 3034 5550 :
3068 5516 3086 5549 ι
3122 5498 3379 5551 Dominus
3406 5506 3575 5552 meus,

2007 5599 2062 5641 ct
2105 5587 2246 5643 Deus
2289 5602 2440 5643 meus
2469 5587 2536 5652 ",
2590 5606 2606 5639 ι
2657 5603 2776 5641 cum
2828 5598 3185 5658 pertentasset
3225 5588 3390 5658 digito
3435 5583 3574 5635 latus

1088 5766 1131 5797 ”
1166 5764 1323 5819 Mirlt.
1361 5780 1413 5829 ν,
1450 5765 1505 5820 ‘2.
1582 5766 1625 5796 ”
1655 5764 1668 5818 l
1698 5765 1822 5820 Cor.
1858 5781 1905 5831 ι,

2013 5767 2064 5822 4.
2144 5767 2189 5799 ’⁸
2219 5769 2234 5822 l
2266 5768 2418 5824 Joan.
2454 5786 2488 5836 t,
2526 5770 2576 5833 l,
2613 5769 2665 5823 2.
2744 5770 2789 5801 ²⁶
2820 5767 2976 5823 Joan.
3010 5766 3218 5830 xx,‘28.
