  <div class='ocr_page' id='page_1' title='image "/cluster/home/n/w/nwhite01/storage/ocr_20150623/75/hvd.32044073502031/631.png"; bbox 0 0 4038 6200; ppageno 0'>
   <div class='ocr_carea' id='block_1_1' title="bbox 430 288 562 343">
    <p class='ocr_par' dir='ltr' id='par_1_1' title="bbox 430 288 562 343">
     <span class='ocr_line' id='line_1_1' title="bbox 430 288 562 343; baseline -0.023 -1"><span class='ocrx_word' id='word_1_1' title='bbox 430 288 562 343; x_wconf 70' lang='grc'><strong>1351</strong></span> 
     </span>
    </p>
   </div>
   <div class='ocr_carea' id='block_1_2' title="bbox 1420 248 2671 325">
    <p class='ocr_par' dir='ltr' id='par_1_2' title="bbox 1420 248 2671 325">
     <span class='ocr_line' id='line_1_2' title="bbox 1420 248 2671 325; baseline -0.02 -1"><span class='ocrx_word' id='word_1_2' title='bbox 1420 271 1480 325; x_wconf 84' lang='lat' dir='ltr'><strong>S.</strong></span> <span class='ocrx_word' id='word_1_3' title='bbox 1522 261 1798 321; x_wconf 80' lang='lat' dir='ltr'><strong>CYRlLLI</strong></span> <span class='ocrx_word' id='word_1_4' title='bbox 1840 250 2317 313; x_wconf 66' lang='lat' dir='ltr'><strong>ALEXANDRINI</strong></span> <span class='ocrx_word' id='word_1_5' title='bbox 2358 248 2671 305; x_wconf 72' lang='lat' dir='ltr'><strong>.\RClllEP.</strong></span> 
     </span>
    </p>
   </div>
   <div class='ocr_carea' id='block_1_3' title="bbox 3566 230 3719 290">
    <p class='ocr_par' dir='ltr' id='par_1_3' title="bbox 3566 230 3719 290">
     <span class='ocr_line' id='line_1_3' title="bbox 3566 230 3719 290; baseline -0.007 -1"><span class='ocrx_word' id='word_1_6' title='bbox 3566 230 3719 290; x_wconf 64' lang='lat'><strong>{352</strong></span> 
     </span>
    </p>
   </div>
   <div class='ocr_carea' id='block_1_4' title="bbox 431 356 2038 475">
    <p class='ocr_par' dir='ltr' id='par_1_4' title="bbox 431 380 2009 475">
     <span class='ocr_line' id='line_1_4' title="bbox 431 380 2009 475; baseline -0.02 -14"><span class='ocrx_word' id='word_1_7' title='bbox 431 402 701 475; x_wconf 78' lang='lat' dir='ltr'><strong>corporis,</strong></span> <span class='ocrx_word' id='word_1_8' title='bbox 746 409 799 456; x_wconf 89' lang='lat' dir='ltr'><strong>et</strong></span> <span class='ocrx_word' id='word_1_9' title='bbox 847 395 1190 468; x_wconf 85' lang='lat' dir='ltr'><strong>pertusloncs</strong></span> <span class='ocrx_word' id='word_1_10' title='bbox 1233 392 1348 447; x_wconf 80' lang='lat' dir='ltr'><strong>sive</strong></span> <span class='ocrx_word' id='word_1_11' title='bbox 1400 386 1665 443; x_wconf 76' lang='lat' dir='ltr'><strong>foramina</strong></span> <span class='ocrx_word' id='word_1_12' title='bbox 1713 380 2009 437; x_wconf 79' lang='lat' dir='ltr'><strong>clavorum.</strong></span> 
     </span>
    </p>
   </div>
   <div class='ocr_carea' id='block_1_5' title="bbox 2148 356 3715 475">
    <p class='ocr_par' dir='ltr' id='par_1_5' title="bbox 2148 356 3715 475">
     <span class='ocr_line' id='line_1_5' title="bbox 2153 356 3715 440; baseline -0.012 -14"><span class='ocrx_word' id='word_1_13' title='bbox 2153 372 2216 426; x_wconf 83' lang='grc' dir='ltr'><strong>ἀν</strong></span> <span class='ocrx_word' id='word_1_14' title='bbox 2240 388 2298 423; x_wconf 89' lang='grc' dir='ltr'><strong>τε</strong></span> <span class='ocrx_word' id='word_1_15' title='bbox 2335 370 2431 440; x_wconf 81' lang='grc' dir='ltr'><strong>τὴν</strong></span> <span class='ocrx_word' id='word_1_16' title='bbox 2486 366 2738 437; x_wconf 59' lang='grc' dir='ltr'>σώματος</span> <span class='ocrx_word' id='word_1_17' title='bbox 2780 362 2874 418; x_wconf 82' lang='grc' dir='ltr'><strong>καὶ</strong></span> <span class='ocrx_word' id='word_1_18' title='bbox 2908 362 3007 426; x_wconf 78' lang='grc' dir='ltr'>τὰς</span> <span class='ocrx_word' id='word_1_19' title='bbox 3043 359 3354 433; x_wconf 79' lang='grc' dir='ltr'>διατρήσεις</span> <span class='ocrx_word' id='word_1_20' title='bbox 3386 357 3495 410; x_wconf 88' lang='grc' dir='ltr'><strong>τῶν</strong></span> <span class='ocrx_word' id='word_1_21' title='bbox 3533 356 3715 426; x_wconf 68' lang='grc' dir='ltr'>ἥλων.</span> 
     </span>
     <span class='ocr_line' id='line_1_6' title="bbox 2148 449 3715 475; baseline 0 0"><span class='ocrx_word' id='word_1_22' title='bbox 2148 464 2156 475; x_wconf 83' lang='grc' dir='ltr'><strong>ι</strong></span> <span class='ocrx_word' id='word_1_23' title='bbox 2289 463 2311 473; x_wconf 67' lang='grc' dir='ltr'><strong>ο</strong></span> <span class='ocrx_word' id='word_1_24' title='bbox 2364 462 2387 475; x_wconf 70' lang='grc' dir='ltr'><strong>Α</strong></span> <span class='ocrx_word' id='word_1_25' title='bbox 2501 461 2552 475; x_wconf 64' lang='grc' dir='ltr'><strong>τι,</strong></span> <span class='ocrx_word' id='word_1_26' title='bbox 2769 457 2840 475; x_wconf 24' lang='grc' dir='ltr'><strong>κει</strong></span> <span class='ocrx_word' id='word_1_27' title='bbox 2876 473 2887 475; x_wconf 82' lang='lat'>_</span> <span class='ocrx_word' id='word_1_28' title='bbox 2933 457 2974 475; x_wconf 57' lang='lat'><strong>1,,</strong></span> <span class='ocrx_word' id='word_1_29' title='bbox 3005 454 3115 475; x_wconf 29' lang='grc' dir='ltr'><strong>μμ.-</strong></span> <span class='ocrx_word' id='word_1_30' title='bbox 3166 449 3493 475; x_wconf 64' lang='lat' dir='ltr'><strong>L_-_.&#39;\-..-</strong></span> <span class='ocrx_word' id='word_1_31' title='bbox 3535 450 3633 475; x_wconf 66' lang='grc' dir='ltr'><strong>-.-ἱ</strong></span> <span class='ocrx_word' id='word_1_32' title='bbox 3688 449 3715 475; x_wconf 62' lang='grc' dir='ltr'><em>Σ</em></span> 
     </span>
    </p>
   </div>
   <div class='ocr_carea' id='block_1_6' title="bbox 430 475 2015 565">
    <p class='ocr_par' dir='ltr' id='par_1_6' title="bbox 430 475 2015 565">
     <span class='ocr_line' id='line_1_7' title="bbox 430 475 2015 565; baseline -0.019 -12"><span class='ocrx_word' id='word_1_33' title='bbox 430 497 570 565; x_wconf 90' lang='lat' dir='ltr'><strong>Quin</strong></span> <span class='ocrx_word' id='word_1_34' title='bbox 603 509 659 549; x_wconf 89' lang='lat' dir='ltr'><strong>et</strong></span> <span class='ocrx_word' id='word_1_35' title='bbox 691 492 903 549; x_wconf 81' lang='lat' dir='ltr'><strong>divinus</strong></span> <span class='ocrx_word' id='word_1_36' title='bbox 936 488 1107 543; x_wconf 85' lang='lat' dir='ltr'><strong>Lucas</strong></span> <span class='ocrx_word' id='word_1_37' title='bbox 1139 485 1215 539; x_wconf 98' lang='lat' dir='ltr'><strong>ait</strong></span> <span class='ocrx_word' id='word_1_38' title='bbox 1247 488 1465 538; x_wconf 89' lang='lat' dir='ltr'><strong>sanctos</strong></span> <span class='ocrx_word' id='word_1_39' title='bbox 1495 475 1768 548; x_wconf 80' lang='lat' dir='ltr'><strong>apostolos</strong></span> <span class='ocrx_word' id='word_1_40' title='bbox 1801 481 2015 543; x_wconf 85' lang='lat' dir='ltr'><strong>specta-</strong></span> 
     </span>
    </p>
   </div>
   <div class='ocr_carea' id='block_1_7' title="bbox 435 562 2013 645">
    <p class='ocr_par' dir='ltr' id='par_1_7' title="bbox 435 562 2013 645">
     <span class='ocr_line' id='line_1_8' title="bbox 435 562 2013 645; baseline -0.018 -2"><span class='ocrx_word' id='word_1_41' title='bbox 435 562 581 645; x_wconf 79' lang='lat' dir='ltr'><strong>tores</strong></span> <span class='ocrx_word' id='word_1_42' title='bbox 617 595 672 641; x_wconf 87' lang='lat' dir='ltr'><strong>et</strong></span> <span class='ocrx_word' id='word_1_43' title='bbox 715 584 991 639; x_wconf 90' lang='lat' dir='ltr'><strong>ministros</strong></span> <span class='ocrx_word' id='word_1_44' title='bbox 1017 577 1175 633; x_wconf 84' lang='lat' dir='ltr'><strong>Verbi</strong></span> <span class='ocrx_word' id='word_1_45' title='bbox 1214 575 1381 629; x_wconf 78' lang='lat' dir='ltr'><strong>fuisse</strong></span> <span class='ocrx_word' id='word_1_46' title='bbox 1404 571 1472 624; x_wconf 77' lang='grc'><strong>’⁷.</strong></span> <span class='ocrx_word' id='word_1_47' title='bbox 1509 568 1710 624; x_wconf 85' lang='lat' dir='ltr'><strong>Factus</strong></span> <span class='ocrx_word' id='word_1_48' title='bbox 1747 573 1831 618; x_wconf 90' lang='lat' dir='ltr'><strong>est</strong></span> <span class='ocrx_word' id='word_1_49' title='bbox 1867 562 2013 617; x_wconf 93' lang='lat' dir='ltr'><strong>enim</strong></span> 
     </span>
    </p>
   </div>
   <div class='ocr_carea' id='block_1_8' title="bbox 433 655 2015 750">
    <p class='ocr_par' dir='ltr' id='par_1_8' title="bbox 433 655 2015 750">
     <span class='ocr_line' id='line_1_9' title="bbox 433 655 2015 750; baseline -0.018 -12"><span class='ocrx_word' id='word_1_50' title='bbox 433 694 760 750; x_wconf 79' lang='lat' dir='ltr'><strong>conspicuus</strong></span> <span class='ocrx_word' id='word_1_51' title='bbox 807 674 895 743; x_wconf 90' lang='lat' dir='ltr'><strong>qui</strong></span> <span class='ocrx_word' id='word_1_52' title='bbox 948 680 1031 727; x_wconf 90' lang='lat' dir='ltr'><strong>est</strong></span> <span class='ocrx_word' id='word_1_53' title='bbox 1075 670 1461 737; x_wconf 89' lang='lat' dir='ltr'><strong>incorporeus,</strong></span> <span class='ocrx_word' id='word_1_54' title='bbox 1506 671 1562 717; x_wconf 91' lang='lat' dir='ltr'><strong>et</strong></span> <span class='ocrx_word' id='word_1_55' title='bbox 1608 655 2015 715; x_wconf 77' lang='lat' dir='ltr'><strong>contrectabilis</strong></span> 
     </span>
    </p>
   </div>
   <div class='ocr_carea' id='block_1_9' title="bbox 435 748 2016 840">
    <p class='ocr_par' dir='ltr' id='par_1_9' title="bbox 435 748 2016 840">
     <span class='ocr_line' id='line_1_10' title="bbox 435 748 2016 840; baseline -0.018 -14"><span class='ocrx_word' id='word_1_56' title='bbox 435 773 527 840; x_wconf 93' lang='lat' dir='ltr'><strong>qui</strong></span> <span class='ocrx_word' id='word_1_57' title='bbox 562 748 704 837; x_wconf 69' lang='lat' dir='ltr'><strong>tangi</strong></span> <span class='ocrx_word' id='word_1_58' title='bbox 739 765 957 835; x_wconf 86' lang='lat' dir='ltr'><strong>nequit,</strong></span> <span class='ocrx_word' id='word_1_59' title='bbox 990 775 1213 815; x_wconf 89' lang='lat' dir='ltr'><strong>carnem</strong></span> <span class='ocrx_word' id='word_1_60' title='bbox 1244 771 1405 827; x_wconf 89' lang='lat' dir='ltr'><strong>quam</strong></span> <span class='ocrx_word' id='word_1_61' title='bbox 1439 753 1618 808; x_wconf 85' lang='lat' dir='ltr'><strong>induit</strong></span> <span class='ocrx_word' id='word_1_62' title='bbox 1648 766 1753 805; x_wconf 92' lang='lat' dir='ltr'><strong>non</strong></span> <span class='ocrx_word' id='word_1_63' title='bbox 1785 748 2016 802; x_wconf 88' lang='lat' dir='ltr'><strong>alienam</strong></span> 
     </span>
    </p>
   </div>
   <div class='ocr_carea' id='block_1_10' title="bbox 436 840 2016 922">
    <p class='ocr_par' dir='ltr' id='par_1_10' title="bbox 436 840 2016 922">
     <span class='ocr_line' id='line_1_11' title="bbox 436 840 2016 922; baseline -0.016 -5"><span class='ocrx_word' id='word_1_64' title='bbox 436 878 468 917; x_wconf 71' lang='grc' dir='ltr'><strong>α</strong></span> <span class='ocrx_word' id='word_1_65' title='bbox 502 876 558 916; x_wconf 86' lang='lat' dir='ltr'><strong>se</strong></span> <span class='ocrx_word' id='word_1_66' title='bbox 592 859 829 922; x_wconf 81' lang='lat' dir='ltr'><strong>habens,</strong></span> <span class='ocrx_word' id='word_1_67' title='bbox 866 854 960 908; x_wconf 88' lang='lat' dir='ltr'><strong>sed</strong></span> <span class='ocrx_word' id='word_1_68' title='bbox 995 850 1272 921; x_wconf 89' lang='lat' dir='ltr'><strong>proprium</strong></span> <span class='ocrx_word' id='word_1_69' title='bbox 1308 846 1410 901; x_wconf 82' lang='lat' dir='ltr'><strong>sibi</strong></span> <span class='ocrx_word' id='word_1_70' title='bbox 1451 843 1705 913; x_wconf 81' lang='lat' dir='ltr'><strong>templum</strong></span> <span class='ocrx_word' id='word_1_71' title='bbox 1740 840 2016 902; x_wconf 75' lang='lat' dir='ltr'><strong>elﬁciens;</strong></span> 
     </span>
    </p>
   </div>
   <div class='ocr_carea' id='block_1_11' title="bbox 439 928 2019 1015">
    <p class='ocr_par' dir='ltr' id='par_1_11' title="bbox 439 928 2019 1015">
     <span class='ocr_line' id='line_1_12' title="bbox 439 928 2019 1015; baseline -0.018 -4"><span class='ocrx_word' id='word_1_72' title='bbox 439 963 494 1011; x_wconf 81' lang='lat' dir='ltr'><strong>et</strong></span> <span class='ocrx_word' id='word_1_73' title='bbox 540 967 661 1006; x_wconf 92' lang='lat' dir='ltr'><strong>cum</strong></span> <span class='ocrx_word' id='word_1_74' title='bbox 708 964 772 1004; x_wconf 88' lang='lat' dir='ltr'><strong>ea</strong></span> <span class='ocrx_word' id='word_1_75' title='bbox 824 945 1072 1015; x_wconf 75' lang='lat' dir='ltr'><strong>cognitus</strong></span> <span class='ocrx_word' id='word_1_76' title='bbox 1125 953 1183 997; x_wconf 90' lang='lat' dir='ltr'><strong>ut</strong></span> <span class='ocrx_word' id='word_1_77' title='bbox 1228 941 1376 996; x_wconf 85' lang='lat' dir='ltr'><strong>Deus</strong></span> <span class='ocrx_word' id='word_1_78' title='bbox 1426 947 1482 992; x_wconf 91' lang='lat' dir='ltr'><strong>et</strong></span> <span class='ocrx_word' id='word_1_79' title='bbox 1535 935 1814 991; x_wconf 89' lang='lat' dir='ltr'><strong>Dominus.</strong></span> <span class='ocrx_word' id='word_1_80' title='bbox 1867 928 2019 983; x_wconf 83' lang='lat' dir='ltr'><strong>Nosti</strong></span> 
     </span>
    </p>
   </div>
   <div class='ocr_carea' id='block_1_12' title="bbox 439 1021 2020 1112">
    <p class='ocr_par' dir='ltr' id='par_1_12' title="bbox 439 1021 2020 1112">
     <span class='ocr_line' id='line_1_13' title="bbox 439 1021 2020 1112; baseline -0.015 -14"><span class='ocrx_word' id='word_1_81' title='bbox 439 1046 602 1098; x_wconf 86' lang='lat' dir='ltr'><strong>etiam</strong></span> <span class='ocrx_word' id='word_1_82' title='bbox 629 1042 754 1112; x_wconf 71' lang='lat' dir='ltr'><strong>quid</strong></span> <span class='ocrx_word' id='word_1_83' title='bbox 782 1038 1163 1095; x_wconf 85' lang='lat' dir='ltr'><strong>sanctissimus</strong></span> <span class='ocrx_word' id='word_1_84' title='bbox 1188 1035 1276 1088; x_wconf 87' lang='lat' dir='ltr'><strong>ille</strong></span> <span class='ocrx_word' id='word_1_85' title='bbox 1301 1030 1499 1086; x_wconf 84' lang='lat' dir='ltr'><strong>Paulus</strong></span> <span class='ocrx_word' id='word_1_86' title='bbox 1523 1028 1714 1084; x_wconf 83' lang='lat' dir='ltr'><strong>scribit</strong></span> <span class='ocrx_word' id='word_1_87' title='bbox 1738 1044 1753 1080; x_wconf 90' lang='lat'><strong>:</strong></span> <span class='ocrx_word' id='word_1_88' title='bbox 1781 1043 1800 1075; x_wconf 83' lang='grc' dir='ltr'>ι</span> <span class='ocrx_word' id='word_1_89' title='bbox 1829 1021 2020 1089; x_wconf 84' lang='lat' dir='ltr'><strong>Nemo,</strong></span> 
     </span>
    </p>
   </div>
   <div class='ocr_carea' id='block_1_13' title="bbox 444 1117 2019 1207">
    <p class='ocr_par' dir='ltr' id='par_1_13' title="bbox 444 1117 2019 1207">
     <span class='ocr_line' id='line_1_14' title="bbox 444 1117 2019 1207; baseline -0.016 -15"><span class='ocrx_word' id='word_1_90' title='bbox 444 1137 641 1207; x_wconf 88' lang='lat' dir='ltr'><strong>inquit,</strong></span> <span class='ocrx_word' id='word_1_91' title='bbox 684 1145 925 1190; x_wconf 88' lang='lat' dir='ltr'><strong>nostrum</strong></span> <span class='ocrx_word' id='word_1_92' title='bbox 968 1130 1072 1183; x_wconf 88' lang='lat' dir='ltr'><strong>sibi</strong></span> <span class='ocrx_word' id='word_1_93' title='bbox 1113 1128 1269 1189; x_wconf 80' lang='lat' dir='ltr'><strong>vivit,</strong></span> <span class='ocrx_word' id='word_1_94' title='bbox 1313 1134 1367 1178; x_wconf 91' lang='lat' dir='ltr'><strong>et</strong></span> <span class='ocrx_word' id='word_1_95' title='bbox 1409 1136 1570 1176; x_wconf 91' lang='lat' dir='ltr'><strong>nemo</strong></span> <span class='ocrx_word' id='word_1_96' title='bbox 1618 1118 1721 1172; x_wconf 88' lang='lat' dir='ltr'><strong>sibi</strong></span> <span class='ocrx_word' id='word_1_97' title='bbox 1769 1117 2019 1170; x_wconf 89' lang='lat' dir='ltr'><strong>moritur.</strong></span> 
     </span>
    </p>
   </div>
   <div class='ocr_carea' id='block_1_14' title="bbox 447 1209 2019 1286">
    <p class='ocr_par' dir='ltr' id='par_1_14' title="bbox 447 1209 2019 1286">
     <span class='ocr_line' id='line_1_15' title="bbox 447 1209 2019 1286; baseline -0.016 -3"><span class='ocrx_word' id='word_1_98' title='bbox 447 1231 570 1283; x_wconf 82' lang='lat' dir='ltr'><strong>Sive</strong></span> <span class='ocrx_word' id='word_1_99' title='bbox 597 1228 741 1280; x_wconf 86' lang='lat' dir='ltr'><strong>enim</strong></span> <span class='ocrx_word' id='word_1_100' title='bbox 768 1225 1021 1286; x_wconf 81' lang='lat' dir='ltr'><strong>vivimus,</strong></span> <span class='ocrx_word' id='word_1_101' title='bbox 1052 1219 1275 1273; x_wconf 90' lang='lat' dir='ltr'><strong>Domino</strong></span> <span class='ocrx_word' id='word_1_102' title='bbox 1301 1216 1563 1278; x_wconf 85' lang='lat' dir='ltr'><strong>vivimus;</strong></span> <span class='ocrx_word' id='word_1_103' title='bbox 1590 1212 1705 1266; x_wconf 88' lang='lat' dir='ltr'><strong>sive</strong></span> <span class='ocrx_word' id='word_1_104' title='bbox 1735 1209 2019 1271; x_wconf 86' lang='lat' dir='ltr'><strong>morimur,</strong></span> 
     </span>
    </p>
   </div>
   <div class='ocr_carea' id='block_1_15' title="bbox 451 1297 2023 1376">
    <p class='ocr_par' dir='ltr' id='par_1_15' title="bbox 451 1297 2023 1376">
     <span class='ocr_line' id='line_1_16' title="bbox 451 1297 2023 1376; baseline -0.018 -3"><span class='ocrx_word' id='word_1_105' title='bbox 451 1319 674 1373; x_wconf 87' lang='lat' dir='ltr'><strong>Domino</strong></span> <span class='ocrx_word' id='word_1_106' title='bbox 701 1317 980 1371; x_wconf 85' lang='lat' dir='ltr'><strong>morimur.</strong></span> <span class='ocrx_word' id='word_1_107' title='bbox 1010 1311 1137 1365; x_wconf 89' lang='lat' dir='ltr'><strong>Sive</strong></span> <span class='ocrx_word' id='word_1_108' title='bbox 1161 1322 1289 1376; x_wconf 77' lang='lat' dir='ltr'><strong>ergo</strong></span> <span class='ocrx_word' id='word_1_109' title='bbox 1317 1306 1569 1367; x_wconf 90' lang='lat' dir='ltr'><strong>vivimus,</strong></span> <span class='ocrx_word' id='word_1_110' title='bbox 1598 1303 1713 1354; x_wconf 86' lang='lat' dir='ltr'><strong>sive</strong></span> <span class='ocrx_word' id='word_1_111' title='bbox 1741 1297 2023 1361; x_wconf 89' lang='lat' dir='ltr'><strong>morimur,</strong></span> 
     </span>
    </p>
   </div>
   <div class='ocr_carea' id='block_1_16' title="bbox 444 1394 2021 1465">
    <p class='ocr_par' dir='ltr' id='par_1_16' title="bbox 444 1394 2021 1465">
     <span class='ocr_line' id='line_1_17' title="bbox 444 1394 2021 1465; baseline -0.017 0"><span class='ocrx_word' id='word_1_112' title='bbox 444 1409 654 1465; x_wconf 83' lang='lat' dir='ltr'><strong>Domini</strong></span> <span class='ocrx_word' id='word_1_113' title='bbox 693 1422 901 1462; x_wconf 89' lang='lat' dir='ltr'><strong>sumus.</strong></span> <span class='ocrx_word' id='word_1_114' title='bbox 940 1406 994 1458; x_wconf 89' lang='lat' dir='ltr'><strong>lu</strong></span> <span class='ocrx_word' id='word_1_115' title='bbox 1034 1404 1137 1456; x_wconf 86' lang='lat' dir='ltr'><strong>hoc</strong></span> <span class='ocrx_word' id='word_1_116' title='bbox 1173 1400 1315 1453; x_wconf 87' lang='lat' dir='ltr'><strong>enim</strong></span> <span class='ocrx_word' id='word_1_117' title='bbox 1351 1396 1602 1451; x_wconf 81' lang='lat' dir='ltr'><strong>Christus</strong></span> <span class='ocrx_word' id='word_1_118' title='bbox 1638 1400 1882 1443; x_wconf 89' lang='lat' dir='ltr'><strong>mortuus</strong></span> <span class='ocrx_word' id='word_1_119' title='bbox 1918 1394 2021 1450; x_wconf 83' lang='lat' dir='ltr'><strong>cst,</strong></span> 
     </span>
    </p>
   </div>
   <div class='ocr_carea' id='block_1_17' title="bbox 444 1478 2026 1561">
    <p class='ocr_par' dir='ltr' id='par_1_17' title="bbox 444 1478 2026 1561">
     <span class='ocr_line' id='line_1_18' title="bbox 444 1478 2026 1561; baseline -0.015 -5"><span class='ocrx_word' id='word_1_120' title='bbox 444 1513 499 1557; x_wconf 91' lang='lat' dir='ltr'><strong>ct</strong></span> <span class='ocrx_word' id='word_1_121' title='bbox 529 1500 849 1561; x_wconf 79' lang='lat' dir='ltr'><strong>resurrexit,</strong></span> <span class='ocrx_word' id='word_1_122' title='bbox 878 1506 936 1551; x_wconf 92' lang='lat' dir='ltr'><strong>ut</strong></span> <span class='ocrx_word' id='word_1_123' title='bbox 967 1505 1020 1550; x_wconf 91' lang='lat' dir='ltr'><strong>et</strong></span> <span class='ocrx_word' id='word_1_124' title='bbox 1052 1494 1297 1545; x_wconf 87' lang='lat' dir='ltr'><strong>vivorum</strong></span> <span class='ocrx_word' id='word_1_125' title='bbox 1330 1496 1384 1542; x_wconf 84' lang='lat' dir='ltr'><strong>ct</strong></span> <span class='ocrx_word' id='word_1_126' title='bbox 1413 1496 1749 1539; x_wconf 88' lang='lat' dir='ltr'><strong>mortuorum</strong></span> <span class='ocrx_word' id='word_1_127' title='bbox 1781 1478 2026 1533; x_wconf 89' lang='lat' dir='ltr'><strong>domine-</strong></span> 
     </span>
    </p>
   </div>
   <div class='ocr_carea' id='block_1_18' title="bbox 445 1569 2029 1653">
    <p class='ocr_par' dir='ltr' id='par_1_18' title="bbox 445 1569 2029 1653">
     <span class='ocr_line' id='line_1_19' title="bbox 445 1569 2029 1653; baseline -0.017 -3"><span class='ocrx_word' id='word_1_128' title='bbox 445 1605 533 1650; x_wconf 92' lang='lat' dir='ltr'><strong>tur</strong></span> <span class='ocrx_word' id='word_1_129' title='bbox 566 1594 634 1647; x_wconf 76' lang='grc'><strong>⁸⁸.</strong></span> <span class='ocrx_word' id='word_1_130' title='bbox 674 1611 692 1645; x_wconf 80' lang='grc' dir='ltr'><strong>ι</strong></span> <span class='ocrx_word' id='word_1_131' title='bbox 728 1590 953 1646; x_wconf 80' lang='lat' dir='ltr'><strong>Constat</strong></span> <span class='ocrx_word' id='word_1_132' title='bbox 988 1587 1168 1653; x_wconf 86' lang='lat' dir='ltr'><strong>itaque</strong></span> <span class='ocrx_word' id='word_1_133' title='bbox 1206 1582 1347 1650; x_wconf 84' lang='lat' dir='ltr'><strong>quod</strong></span> <span class='ocrx_word' id='word_1_134' title='bbox 1384 1592 1570 1633; x_wconf 78' lang='lat' dir='ltr'><strong>revera</strong></span> <span class='ocrx_word' id='word_1_135' title='bbox 1604 1575 1913 1629; x_wconf 80' lang='lat' dir='ltr'><strong>dominatus</strong></span> <span class='ocrx_word' id='word_1_136' title='bbox 1958 1569 2029 1623; x_wconf 87' lang='lat' dir='ltr'><strong>sit</strong></span> 
     </span>
    </p>
   </div>
   <div class='ocr_carea' id='block_1_19' title="bbox 449 1668 2025 1742">
    <p class='ocr_par' dir='ltr' id='par_1_19' title="bbox 449 1668 2025 1742">
     <span class='ocr_line' id='line_1_20' title="bbox 449 1668 2025 1742; baseline -0.015 -2"><span class='ocrx_word' id='word_1_137' title='bbox 449 1698 787 1740; x_wconf 89' lang='lat' dir='ltr'><strong>mortuorum</strong></span> <span class='ocrx_word' id='word_1_138' title='bbox 818 1692 872 1735; x_wconf 90' lang='lat' dir='ltr'><strong>et</strong></span> <span class='ocrx_word' id='word_1_139' title='bbox 903 1679 1227 1740; x_wconf 90' lang='lat' dir='ltr'><strong>viventium,</strong></span> <span class='ocrx_word' id='word_1_140' title='bbox 1257 1673 1345 1742; x_wconf 91' lang='lat' dir='ltr'><strong>qui</strong></span> <span class='ocrx_word' id='word_1_141' title='bbox 1381 1686 1484 1725; x_wconf 88' lang='lat' dir='ltr'><strong>non</strong></span> <span class='ocrx_word' id='word_1_142' title='bbox 1516 1668 1585 1722; x_wconf 91' lang='lat' dir='ltr'><strong>ob</strong></span> <span class='ocrx_word' id='word_1_143' title='bbox 1615 1668 1774 1721; x_wconf 83' lang='lat' dir='ltr'><strong>aliain</strong></span> <span class='ocrx_word' id='word_1_144' title='bbox 1807 1678 2025 1719; x_wconf 89' lang='lat' dir='ltr'><strong>causam</strong></span> 
     </span>
    </p>
   </div>
   <div class='ocr_carea' id='block_1_20' title="bbox 448 1759 1910 1850">
    <p class='ocr_par' dir='ltr' id='par_1_20' title="bbox 448 1759 1910 1850">
     <span class='ocr_line' id='line_1_21' title="bbox 448 1759 1910 1850; baseline -0.015 -16"><span class='ocrx_word' id='word_1_145' title='bbox 448 1796 609 1850; x_wconf 80' lang='lat' dir='ltr'><strong>quam</strong></span> <span class='ocrx_word' id='word_1_146' title='bbox 639 1779 707 1832; x_wconf 92' lang='lat' dir='ltr'><strong>ob</strong></span> <span class='ocrx_word' id='word_1_147' title='bbox 739 1778 878 1830; x_wconf 87' lang='lat' dir='ltr'><strong>hanc</strong></span> <span class='ocrx_word' id='word_1_148' title='bbox 908 1772 1078 1829; x_wconf 83' lang='lat' dir='ltr'><strong>solam</strong></span> <span class='ocrx_word' id='word_1_149' title='bbox 1112 1780 1360 1824; x_wconf 90' lang='lat' dir='ltr'><strong>mortuus</strong></span> <span class='ocrx_word' id='word_1_150' title='bbox 1389 1776 1474 1820; x_wconf 83' lang='lat' dir='ltr'><strong>est</strong></span> <span class='ocrx_word' id='word_1_151' title='bbox 1504 1773 1559 1819; x_wconf 88' lang='lat' dir='ltr'><strong>et</strong></span> <span class='ocrx_word' id='word_1_152' title='bbox 1589 1759 1910 1817; x_wconf 81' lang='lat' dir='ltr'><strong>resurrexit.</strong></span> 
     </span>
    </p>
   </div>
   <div class='ocr_carea' id='block_1_21' title="bbox 519 1953 877 2010">
    <p class='ocr_par' dir='ltr' id='par_1_21' title="bbox 519 1953 877 2010">
     <span class='ocr_line' id='line_1_22' title="bbox 519 1953 877 2010; baseline -0.022 1"><span class='ocrx_word' id='word_1_153' title='bbox 519 1955 584 2010; x_wconf 84' lang='grc' dir='ltr'><strong>Β.</strong></span> <span class='ocrx_word' id='word_1_154' title='bbox 626 1953 877 2009; x_wconf 89' lang='lat' dir='ltr'><strong>Omnino.</strong></span> 
     </span>
    </p>
   </div>
   <div class='ocr_carea' id='block_1_22' title="bbox 522 2031 2033 2112">
    <p class='ocr_par' dir='ltr' id='par_1_22' title="bbox 522 2031 2033 2112">
     <span class='ocr_line' id='line_1_23' title="bbox 522 2031 2033 2112; baseline -0.015 -10"><span class='ocrx_word' id='word_1_155' title='bbox 522 2049 587 2102; x_wconf 83' lang='lat' dir='ltr'><strong>A.</strong></span> <span class='ocrx_word' id='word_1_156' title='bbox 630 2047 930 2112; x_wconf 88' lang='lat' dir='ltr'><strong>Quemnam</strong></span> <span class='ocrx_word' id='word_1_157' title='bbox 986 2039 1149 2110; x_wconf 83' lang='lat' dir='ltr'><strong>igitur</strong></span> <span class='ocrx_word' id='word_1_158' title='bbox 1191 2036 1435 2091; x_wconf 92' lang='lat' dir='ltr'><strong>dicemus</strong></span> <span class='ocrx_word' id='word_1_159' title='bbox 1483 2031 1715 2088; x_wconf 82' lang='lat' dir='ltr'><strong>subiisse</strong></span> <span class='ocrx_word' id='word_1_160' title='bbox 1767 2037 2033 2093; x_wconf 87' lang='lat' dir='ltr'><strong>mortem,</strong></span> 
     </span>
    </p>
   </div>
   <div class='ocr_carea' id='block_1_23' title="bbox 453 2128 1207 2206">
    <p class='ocr_par' dir='ltr' id='par_1_23' title="bbox 453 2128 1207 2206">
     <span class='ocr_line' id='line_1_24' title="bbox 453 2128 1207 2206; baseline -0.013 -13"><span class='ocrx_word' id='word_1_161' title='bbox 453 2151 781 2206; x_wconf 83' lang='lat' dir='ltr'><strong>rursumque</strong></span> <span class='ocrx_word' id='word_1_162' title='bbox 810 2128 1207 2189; x_wconf 81' lang='lat' dir='ltr'><strong>resurrexisse?</strong></span> 
     </span>
    </p>
   </div>
   <div class='ocr_carea' id='block_1_24' title="bbox 523 2224 1118 2301">
    <p class='ocr_par' dir='ltr' id='par_1_24' title="bbox 523 2224 1118 2301">
     <span class='ocr_line' id='line_1_25' title="bbox 523 2224 1118 2301; baseline -0.015 -17"><span class='ocrx_word' id='word_1_163' title='bbox 523 2229 586 2283; x_wconf 88' lang='grc' dir='ltr'><strong>Β.</strong></span> <span class='ocrx_word' id='word_1_164' title='bbox 629 2227 823 2282; x_wconf 85' lang='lat' dir='ltr'><strong>Filium</strong></span> <span class='ocrx_word' id='word_1_165' title='bbox 856 2224 1118 2301; x_wconf 62' lang='lat' dir='ltr'><strong>profecto.</strong></span> 
     </span>
    </p>
   </div>
   <div class='ocr_carea' id='block_1_25' title="bbox 527 2308 2040 2397">
    <p class='ocr_par' dir='ltr' id='par_1_25' title="bbox 527 2308 2040 2397">
     <span class='ocr_line' id='line_1_26' title="bbox 527 2308 2040 2397; baseline -0.009 -22"><span class='ocrx_word' id='word_1_166' title='bbox 527 2323 592 2375; x_wconf 79' lang='grc' dir='ltr'><strong>Α.</strong></span> <span class='ocrx_word' id='word_1_167' title='bbox 634 2318 827 2374; x_wconf 84' lang='lat' dir='ltr'><strong>Filium</strong></span> <span class='ocrx_word' id='word_1_168' title='bbox 864 2318 1080 2384; x_wconf 87' lang='lat' dir='ltr'><strong>quidem</strong></span> <span class='ocrx_word' id='word_1_169' title='bbox 1121 2322 1266 2369; x_wconf 88' lang='lat' dir='ltr'><strong>recte</strong></span> <span class='ocrx_word' id='word_1_170' title='bbox 1302 2311 1463 2375; x_wconf 90' lang='lat' dir='ltr'><strong>dicis,</strong></span> <span class='ocrx_word' id='word_1_171' title='bbox 1495 2319 1658 2379; x_wconf 90' lang='lat' dir='ltr'><strong>atque</strong></span> <span class='ocrx_word' id='word_1_172' title='bbox 1689 2322 1789 2397; x_wconf 75' lang='lat' dir='ltr'><strong>ego</strong></span> <span class='ocrx_word' id='word_1_173' title='bbox 1829 2308 1879 2361; x_wconf 89' lang='lat' dir='ltr'><strong>id</strong></span> <span class='ocrx_word' id='word_1_174' title='bbox 1915 2320 2040 2375; x_wconf 85' lang='lat' dir='ltr'><strong>pro-</strong></span> 
     </span>
    </p>
   </div>
   <div class='ocr_carea' id='block_1_26' title="bbox 456 2404 2037 2469">
    <p class='ocr_par' dir='ltr' id='par_1_26' title="bbox 456 2404 2037 2469">
     <span class='ocr_line' id='line_1_27' title="bbox 456 2404 2037 2469; baseline -0.011 -2"><span class='ocrx_word' id='word_1_175' title='bbox 456 2413 651 2467; x_wconf 79' lang='lat' dir='ltr'><strong>borim.</strong></span> <span class='ocrx_word' id='word_1_176' title='bbox 692 2409 960 2464; x_wconf 68' lang='lat' dir='ltr'><strong>Caeterum</strong></span> <span class='ocrx_word' id='word_1_177' title='bbox 1003 2406 1107 2461; x_wconf 88' lang='lat' dir='ltr'><strong>hoc</strong></span> <span class='ocrx_word' id='word_1_178' title='bbox 1150 2421 1215 2460; x_wconf 85' lang='lat' dir='ltr'><strong>ex</strong></span> <span class='ocrx_word' id='word_1_179' title='bbox 1263 2415 1314 2459; x_wconf 91' lang='lat' dir='ltr'><strong>te</strong></span> <span class='ocrx_word' id='word_1_180' title='bbox 1358 2404 1515 2456; x_wconf 88' lang='lat' dir='ltr'><strong>velim</strong></span> <span class='ocrx_word' id='word_1_181' title='bbox 1562 2413 1926 2469; x_wconf 76' lang='lat' dir='ltr'><strong>Cagnoscere,</strong></span> <span class='ocrx_word' id='word_1_182' title='bbox 1970 2412 2037 2450; x_wconf 86' lang='lat' dir='ltr'><strong>an</strong></span> 
     </span>
    </p>
   </div>
   <div class='ocr_carea' id='block_1_27' title="bbox 458 2488 2041 2560">
    <p class='ocr_par' dir='ltr' id='par_1_27' title="bbox 458 2488 2041 2560">
     <span class='ocr_line' id='line_1_28' title="bbox 458 2488 2041 2560; baseline -0.009 -4"><span class='ocrx_word' id='word_1_183' title='bbox 458 2502 694 2556; x_wconf 72' lang='lat' dir='ltr'><strong>Verbum</strong></span> <span class='ocrx_word' id='word_1_184' title='bbox 723 2517 791 2555; x_wconf 87' lang='lat' dir='ltr'><strong>ex</strong></span> <span class='ocrx_word' id='word_1_185' title='bbox 822 2502 926 2554; x_wconf 78' lang='lat' dir='ltr'><strong>Deo</strong></span> <span class='ocrx_word' id='word_1_186' title='bbox 956 2497 1119 2552; x_wconf 80' lang='lat' dir='ltr'><strong>Patre</strong></span> <span class='ocrx_word' id='word_1_187' title='bbox 1150 2496 1221 2552; x_wconf 84' lang='lat' dir='ltr'><strong>sit</strong></span> <span class='ocrx_word' id='word_1_188' title='bbox 1255 2494 1484 2550; x_wconf 84' lang='lat' dir='ltr'><strong>mortale</strong></span> <span class='ocrx_word' id='word_1_189' title='bbox 1508 2504 1562 2547; x_wconf 91' lang='lat' dir='ltr'><strong>et</strong></span> <span class='ocrx_word' id='word_1_190' title='bbox 1590 2490 1919 2560; x_wconf 85' lang='lat' dir='ltr'><strong>corruptioui</strong></span> <span class='ocrx_word' id='word_1_191' title='bbox 1947 2488 2041 2542; x_wconf 88' lang='lat' dir='ltr'><strong>ob-</strong></span> 
     </span>
    </p>
   </div>
   <div class='ocr_carea' id='block_1_28' title="bbox 460 2584 2038 2662">
    <p class='ocr_par' dir='ltr' id='par_1_28' title="bbox 460 2584 2038 2662">
     <span class='ocr_line' id='line_1_29' title="bbox 460 2584 2038 2662; baseline -0.01 -13"><span class='ocrx_word' id='word_1_192' title='bbox 460 2595 712 2655; x_wconf 81' lang='lat' dir='ltr'><strong>noxium;</strong></span> <span class='ocrx_word' id='word_1_193' title='bbox 752 2608 819 2647; x_wconf 87' lang='lat' dir='ltr'><strong>an</strong></span> <span class='ocrx_word' id='word_1_194' title='bbox 859 2594 1036 2662; x_wconf 84' lang='lat' dir='ltr'><strong>potius</strong></span> <span class='ocrx_word' id='word_1_195' title='bbox 1076 2598 1250 2645; x_wconf 88' lang='lat' dir='ltr'><strong>ruorte</strong></span> <span class='ocrx_word' id='word_1_196' title='bbox 1290 2596 1343 2642; x_wconf 92' lang='lat' dir='ltr'><strong>et</strong></span> <span class='ocrx_word' id='word_1_197' title='bbox 1382 2584 1729 2655; x_wconf 89' lang='lat' dir='ltr'><strong>corruptione</strong></span> <span class='ocrx_word' id='word_1_198' title='bbox 1767 2584 2038 2652; x_wconf 86' lang='lat' dir='ltr'><strong>superius,</strong></span> 
     </span>
    </p>
   </div>
   <div class='ocr_carea' id='block_1_29' title="bbox 460 2686 675 2740">
    <p class='ocr_par' dir='ltr' id='par_1_29' title="bbox 460 2686 675 2740">
     <span class='ocr_line' id='line_1_30' title="bbox 460 2686 675 2740; baseline 0.005 -1"><span class='ocrx_word' id='word_1_199' title='bbox 460 2695 518 2739; x_wconf 92' lang='lat' dir='ltr'><strong>ut</strong></span> <span class='ocrx_word' id='word_1_200' title='bbox 546 2686 675 2740; x_wconf 83' lang='lat' dir='ltr'><strong>vita.</strong></span> 
     </span>
    </p>
   </div>
   <div class='ocr_carea' id='block_1_30' title="bbox 533 2775 1469 2835">
    <p class='ocr_par' dir='ltr' id='par_1_30' title="bbox 533 2775 1469 2835">
     <span class='ocr_line' id='line_1_31' title="bbox 533 2775 1469 2835; baseline -0.005 -2"><span class='ocrx_word' id='word_1_201' title='bbox 533 2779 593 2835; x_wconf 84' lang='grc' dir='ltr'><strong>Β.</strong></span> <span class='ocrx_word' id='word_1_202' title='bbox 634 2778 911 2834; x_wconf 80' lang='lat' dir='ltr'><strong>Posterius</strong></span> <span class='ocrx_word' id='word_1_203' title='bbox 936 2776 970 2829; x_wconf 76' lang='lat' dir='ltr'><strong>li</strong></span> <span class='ocrx_word' id='word_1_204' title='bbox 995 2793 1040 2832; x_wconf 78' lang='grc' dir='ltr'>ιε</span> <span class='ocrx_word' id='word_1_205' title='bbox 1070 2775 1469 2830; x_wconf 81' lang='lat' dir='ltr'><strong>allirmaverim.</strong></span> 
     </span>
    </p>
   </div>
   <div class='ocr_carea' id='block_1_31' title="bbox 532 2862 2039 2937">
    <p class='ocr_par' dir='ltr' id='par_1_31' title="bbox 532 2862 2039 2937">
     <span class='ocr_line' id='line_1_32' title="bbox 532 2862 2039 2937; baseline -0.007 -12"><span class='ocrx_word' id='word_1_206' title='bbox 532 2871 595 2925; x_wconf 76' lang='grc' dir='ltr'><strong>Δ.</strong></span> <span class='ocrx_word' id='word_1_207' title='bbox 640 2869 918 2937; x_wconf 78' lang='lat' dir='ltr'><strong>Quomodo</strong></span> <span class='ocrx_word' id='word_1_208' title='bbox 947 2868 1110 2937; x_wconf 72' lang='lat' dir='ltr'><strong>igitur</strong></span> <span class='ocrx_word' id='word_1_209' title='bbox 1136 2867 1365 2921; x_wconf 91' lang='lat' dir='ltr'><strong>mortuis</strong></span> <span class='ocrx_word' id='word_1_210' title='bbox 1393 2869 1780 2917; x_wconf 84' lang='lat' dir='ltr'><strong>annumeratus</strong></span> <span class='ocrx_word' id='word_1_211' title='bbox 1805 2869 1918 2927; x_wconf 85' lang='lat' dir='ltr'><strong>est,</strong></span> <span class='ocrx_word' id='word_1_212' title='bbox 1950 2862 2039 2930; x_wconf 90' lang='lat' dir='ltr'><strong>qui</strong></span> 
     </span>
    </p>
   </div>
   <div class='ocr_carea' id='block_1_32' title="bbox 464 2948 2040 3026">
    <p class='ocr_par' dir='ltr' id='par_1_32' title="bbox 464 2948 2040 3026">
     <span class='ocr_line' id='line_1_33' title="bbox 464 2948 2040 3026; baseline -0.008 -11"><span class='ocrx_word' id='word_1_213' title='bbox 464 2962 600 3017; x_wconf 86' lang='lat' dir='ltr'><strong>liber</strong></span> <span class='ocrx_word' id='word_1_214' title='bbox 620 2972 705 3015; x_wconf 86' lang='lat' dir='ltr'><strong>est</strong></span> <span class='ocrx_word' id='word_1_215' title='bbox 732 2960 1027 3014; x_wconf 84' lang='lat' dir='ltr'><strong>secundum</strong></span> <span class='ocrx_word' id='word_1_216' title='bbox 1056 2954 1402 3026; x_wconf 84' lang='lat' dir='ltr'><strong>Scripturas?</strong></span> <span class='ocrx_word' id='word_1_217' title='bbox 1430 2952 1611 3023; x_wconf 81' lang='lat' dir='ltr'><strong>Neque</strong></span> <span class='ocrx_word' id='word_1_218' title='bbox 1638 2952 1781 3006; x_wconf 84' lang='lat' dir='ltr'><strong>enim</strong></span> <span class='ocrx_word' id='word_1_219' title='bbox 1802 2948 2040 3006; x_wconf 85' lang='lat' dir='ltr'><strong>Verbum</strong></span> 
     </span>
    </p>
   </div>
   <div class='ocr_carea' id='block_1_33' title="bbox 464 3054 1017 3124">
    <p class='ocr_par' dir='ltr' id='par_1_33' title="bbox 464 3054 1017 3124">
     <span class='ocr_line' id='line_1_34' title="bbox 464 3054 1017 3124; baseline -0.007 -16"><span class='ocrx_word' id='word_1_220' title='bbox 464 3070 560 3124; x_wconf 86' lang='lat' dir='ltr'><strong>per</strong></span> <span class='ocrx_word' id='word_1_221' title='bbox 583 3068 641 3107; x_wconf 88' lang='lat' dir='ltr'><strong>se</strong></span> <span class='ocrx_word' id='word_1_222' title='bbox 668 3054 802 3106; x_wconf 91' lang='lat' dir='ltr'><strong>mori</strong></span> <span class='ocrx_word' id='word_1_223' title='bbox 834 3062 1017 3120; x_wconf 85' lang='lat' dir='ltr'><strong>queat.</strong></span> 
     </span>
    </p>
   </div>
   <div class='ocr_carea' id='block_1_34' title="bbox 535 3133 2042 3211">
    <p class='ocr_par' dir='ltr' id='par_1_34' title="bbox 535 3133 2042 3211">
     <span class='ocr_line' id='line_1_35' title="bbox 535 3133 2042 3211; baseline -0.007 -13"><span class='ocrx_word' id='word_1_224' title='bbox 535 3144 595 3199; x_wconf 84' lang='grc' dir='ltr'><strong>Β.</strong></span> <span class='ocrx_word' id='word_1_225' title='bbox 639 3144 773 3210; x_wconf 84' lang='lat' dir='ltr'><strong>Quia</strong></span> <span class='ocrx_word' id='word_1_226' title='bbox 819 3153 1028 3196; x_wconf 89' lang='lat' dir='ltr'><strong>mortua</strong></span> <span class='ocrx_word' id='word_1_227' title='bbox 1074 3140 1241 3211; x_wconf 85' lang='lat' dir='ltr'><strong>ipsius</strong></span> <span class='ocrx_word' id='word_1_228' title='bbox 1279 3154 1463 3207; x_wconf 86' lang='lat' dir='ltr'><strong>carne,</strong></span> <span class='ocrx_word' id='word_1_229' title='bbox 1503 3138 1618 3209; x_wconf 84' lang='lat' dir='ltr'><strong>ipse</strong></span> <span class='ocrx_word' id='word_1_230' title='bbox 1660 3139 1761 3192; x_wconf 88' lang='lat' dir='ltr'><strong>hoc</strong></span> <span class='ocrx_word' id='word_1_231' title='bbox 1806 3136 1914 3207; x_wconf 86' lang='lat' dir='ltr'><strong>pati</strong></span> <span class='ocrx_word' id='word_1_232' title='bbox 1958 3133 2042 3188; x_wconf 86' lang='lat' dir='ltr'><strong>di-</strong></span> 
     </span>
    </p>
   </div>
   <div class='ocr_carea' id='block_1_35' title="bbox 465 3236 624 3291">
    <p class='ocr_par' dir='ltr' id='par_1_35' title="bbox 465 3236 624 3291">
     <span class='ocr_line' id='line_1_36' title="bbox 465 3236 624 3291; baseline 0 0"><span class='ocrx_word' id='word_1_233' title='bbox 465 3236 624 3291; x_wconf 85' lang='lat' dir='ltr'><strong>citur.</strong></span> 
     </span>
    </p>
   </div>
   <div class='ocr_carea' id='block_1_36' title="bbox 539 3323 2041 3390">
    <p class='ocr_par' dir='ltr' id='par_1_36' title="bbox 539 3323 2041 3390">
     <span class='ocr_line' id='line_1_37' title="bbox 539 3323 2041 3390; baseline -0.009 -5"><span class='ocrx_word' id='word_1_234' title='bbox 539 3330 604 3385; x_wconf 75' lang='grc' dir='ltr'><strong>Α.</strong></span> <span class='ocrx_word' id='word_1_235' title='bbox 648 3326 968 3381; x_wconf 74' lang='grc' dir='ltr'><strong>Ιὶεεῑίεεὶιιιε</strong></span> <span class='ocrx_word' id='word_1_236' title='bbox 993 3326 1185 3381; x_wconf 89' lang='lat' dir='ltr'><strong>sentis.</strong></span> <span class='ocrx_word' id='word_1_237' title='bbox 1212 3325 1469 3386; x_wconf 83' lang='lat' dir='ltr'><strong>Proinde,</strong></span> <span class='ocrx_word' id='word_1_238' title='bbox 1498 3339 1603 3377; x_wconf 91' lang='lat' dir='ltr'><strong>non</strong></span> <span class='ocrx_word' id='word_1_239' title='bbox 1630 3323 1833 3390; x_wconf 84' lang='lat' dir='ltr'><strong>absque</strong></span> <span class='ocrx_word' id='word_1_240' title='bbox 1856 3333 2041 3385; x_wconf 86' lang='lat' dir='ltr'><strong>carne,</strong></span> 
     </span>
    </p>
   </div>
   <div class='ocr_carea' id='block_1_37' title="bbox 468 3414 2046 3489">
    <p class='ocr_par' dir='ltr' id='par_1_37' title="bbox 468 3414 2046 3489">
     <span class='ocr_line' id='line_1_38' title="bbox 468 3414 2046 3489; baseline -0.006 -14"><span class='ocrx_word' id='word_1_241' title='bbox 468 3420 562 3475; x_wconf 86' lang='lat' dir='ltr'><strong>sed</strong></span> <span class='ocrx_word' id='word_1_242' title='bbox 591 3420 769 3489; x_wconf 82' lang='lat' dir='ltr'><strong>patius</strong></span> <span class='ocrx_word' id='word_1_243' title='bbox 797 3419 956 3472; x_wconf 85' lang='lat' dir='ltr'><strong>simul</strong></span> <span class='ocrx_word' id='word_1_244' title='bbox 983 3434 1102 3472; x_wconf 89' lang='lat' dir='ltr'><strong>cum</strong></span> <span class='ocrx_word' id='word_1_245' title='bbox 1133 3418 1221 3472; x_wconf 90' lang='lat' dir='ltr'><strong>illa</strong></span> <span class='ocrx_word' id='word_1_246' title='bbox 1249 3417 1638 3473; x_wconf 88' lang='lat' dir='ltr'><strong>dominationis</strong></span> <span class='ocrx_word' id='word_1_247' title='bbox 1664 3414 1889 3485; x_wconf 81' lang='lat' dir='ltr'><strong>gloriam</strong></span> <span class='ocrx_word' id='word_1_248' title='bbox 1916 3428 2046 3469; x_wconf 89' lang='lat' dir='ltr'><strong>con-</strong></span> 
     </span>
    </p>
   </div>
   <div class='ocr_carea' id='block_1_38' title="bbox 469 3508 2047 3582">
    <p class='ocr_par' dir='ltr' id='par_1_38' title="bbox 469 3508 2047 3582">
     <span class='ocr_line' id='line_1_39' title="bbox 469 3508 2047 3582; baseline -0.006 -13"><span class='ocrx_word' id='word_1_249' title='bbox 469 3524 689 3569; x_wconf 83' lang='lat' dir='ltr'><strong>secutus</strong></span> <span class='ocrx_word' id='word_1_250' title='bbox 714 3521 830 3576; x_wconf 87' lang='lat' dir='ltr'><strong>est,</strong></span> <span class='ocrx_word' id='word_1_251' title='bbox 858 3512 950 3582; x_wconf 90' lang='lat' dir='ltr'><strong>qui</strong></span> <span class='ocrx_word' id='word_1_252' title='bbox 983 3510 1096 3579; x_wconf 86' lang='lat' dir='ltr'><strong>lege</strong></span> <span class='ocrx_word' id='word_1_253' title='bbox 1124 3512 1310 3565; x_wconf 85' lang='lat' dir='ltr'><strong>carnis</strong></span> <span class='ocrx_word' id='word_1_254' title='bbox 1340 3519 1394 3565; x_wconf 89' lang='lat' dir='ltr'><strong>et</strong></span> <span class='ocrx_word' id='word_1_255' title='bbox 1426 3521 1619 3563; x_wconf 88' lang='lat' dir='ltr'><strong>natura</strong></span> <span class='ocrx_word' id='word_1_256' title='bbox 1652 3508 1813 3563; x_wconf 89' lang='lat' dir='ltr'><strong>simili</strong></span> <span class='ocrx_word' id='word_1_257' title='bbox 1846 3516 2047 3562; x_wconf 63' lang='lat' dir='ltr'><strong>nostra</strong></span> 
     </span>
    </p>
   </div>
   <div class='ocr_carea' id='block_1_39' title="bbox 470 3600 2048 3671">
    <p class='ocr_par' dir='ltr' id='par_1_39' title="bbox 470 3600 2048 3671">
     <span class='ocr_line' id='line_1_40' title="bbox 470 3600 2048 3671; baseline -0.004 -11"><span class='ocrx_word' id='word_1_258' title='bbox 470 3614 715 3662; x_wconf 87' lang='lat' dir='ltr'><strong>mortuus</strong></span> <span class='ocrx_word' id='word_1_259' title='bbox 751 3615 835 3661; x_wconf 87' lang='lat' dir='ltr'><strong>est</strong></span> <span class='ocrx_word' id='word_1_260' title='bbox 873 3614 927 3659; x_wconf 89' lang='lat' dir='ltr'><strong>et</strong></span> <span class='ocrx_word' id='word_1_261' title='bbox 965 3605 1280 3659; x_wconf 82' lang='lat' dir='ltr'><strong>resurrexit.</strong></span> <span class='ocrx_word' id='word_1_262' title='bbox 1320 3602 1566 3657; x_wconf 88' lang='lat' dir='ltr'><strong>Humana</strong></span> <span class='ocrx_word' id='word_1_263' title='bbox 1605 3601 1824 3671; x_wconf 85' lang='lat' dir='ltr'><strong>quidem</strong></span> <span class='ocrx_word' id='word_1_264' title='bbox 1867 3600 2048 3671; x_wconf 77' lang='lat' dir='ltr'><strong>passio</strong></span> 
     </span>
    </p>
   </div>
   <div class='ocr_carea' id='block_1_40' title="bbox 469 3693 2050 3771">
    <p class='ocr_par' dir='ltr' id='par_1_40' title="bbox 469 3693 2050 3771">
     <span class='ocr_line' id='line_1_41' title="bbox 469 3693 2050 3771; baseline -0.004 -19"><span class='ocrx_word' id='word_1_265' title='bbox 469 3706 554 3753; x_wconf 83' lang='lat' dir='ltr'><strong>cst</strong></span> <span class='ocrx_word' id='word_1_266' title='bbox 588 3697 757 3759; x_wconf 87' lang='lat' dir='ltr'><strong>mori;</strong></span> <span class='ocrx_word' id='word_1_267' title='bbox 795 3694 956 3766; x_wconf 76' lang='lat'><strong>713</strong></span> <span class='ocrx_word' id='word_1_268' title='bbox 978 3696 1229 3771; x_wconf 37' lang='lat' dir='ltr'><strong>[divinam</strong></span> <span class='ocrx_word' id='word_1_269' title='bbox 1267 3708 1394 3748; x_wconf 90' lang='lat' dir='ltr'><strong>vero</strong></span> <span class='ocrx_word' id='word_1_270' title='bbox 1430 3694 1538 3746; x_wconf 88' lang='lat' dir='ltr'><strong>vim</strong></span> <span class='ocrx_word' id='word_1_271' title='bbox 1576 3703 1741 3761; x_wconf 88' lang='lat' dir='ltr'><strong>atque</strong></span> <span class='ocrx_word' id='word_1_272' title='bbox 1771 3693 2050 3759; x_wconf 83' lang='lat' dir='ltr'><strong>operatio-</strong></span> 
     </span>
    </p>
   </div>
   <div class='ocr_carea' id='block_1_41' title="bbox 473 3785 2050 3858">
    <p class='ocr_par' dir='ltr' id='par_1_41' title="bbox 473 3785 2050 3858">
     <span class='ocr_line' id='line_1_42' title="bbox 473 3785 2050 3858; baseline -0.005 -14"><span class='ocrx_word' id='word_1_273' title='bbox 473 3804 595 3845; x_wconf 86' lang='lat' dir='ltr'><strong>nem</strong></span> <span class='ocrx_word' id='word_1_274' title='bbox 627 3793 957 3858; x_wconf 83' lang='lat' dir='ltr'><strong>resurgendo</strong></span> <span class='ocrx_word' id='word_1_275' title='bbox 984 3788 1223 3841; x_wconf 85' lang='lat' dir='ltr'><strong>ostendit</strong></span> <span class='ocrx_word' id='word_1_276' title='bbox 1255 3804 1271 3840; x_wconf 89' lang='lat'><strong>:</strong></span> <span class='ocrx_word' id='word_1_277' title='bbox 1303 3794 1363 3839; x_wconf 87' lang='lat' dir='ltr'><strong>ut</strong></span> <span class='ocrx_word' id='word_1_278' title='bbox 1390 3799 1485 3855; x_wconf 88' lang='lat' dir='ltr'><strong>per</strong></span> <span class='ocrx_word' id='word_1_279' title='bbox 1511 3794 1804 3853; x_wconf 89' lang='lat' dir='ltr'><strong>utrumque</strong></span> <span class='ocrx_word' id='word_1_280' title='bbox 1833 3785 1933 3837; x_wconf 86' lang='lat' dir='ltr'><strong>hoc</strong></span> <span class='ocrx_word' id='word_1_281' title='bbox 1959 3796 2050 3838; x_wconf 83' lang='lat' dir='ltr'><strong>co-</strong></span> 
     </span>
    </p>
   </div>
   <div class='ocr_carea' id='block_1_42' title="bbox 472 3874 2055 3949">
    <p class='ocr_par' dir='ltr' id='par_1_42' title="bbox 472 3874 2055 3949">
     <span class='ocr_line' id='line_1_43' title="bbox 472 3874 2055 3949; baseline -0.004 -15"><span class='ocrx_word' id='word_1_282' title='bbox 472 3888 784 3949; x_wconf 81' lang='lat' dir='ltr'><strong>gnoscatur,</strong></span> <span class='ocrx_word' id='word_1_283' title='bbox 809 3887 882 3932; x_wconf 86' lang='lat' dir='ltr'><strong>et</strong></span> <span class='ocrx_word' id='word_1_284' title='bbox 924 3876 1117 3931; x_wconf 84' lang='lat' dir='ltr'><strong>similis</strong></span> <span class='ocrx_word' id='word_1_285' title='bbox 1158 3876 1345 3939; x_wconf 84' lang='lat' dir='ltr'><strong>nobis,</strong></span> <span class='ocrx_word' id='word_1_286' title='bbox 1385 3884 1441 3931; x_wconf 84' lang='lat' dir='ltr'><strong>et</strong></span> <span class='ocrx_word' id='word_1_287' title='bbox 1487 3875 1644 3929; x_wconf 88' lang='lat' dir='ltr'><strong>nobis</strong></span> <span class='ocrx_word' id='word_1_288' title='bbox 1686 3874 1952 3943; x_wconf 86' lang='lat' dir='ltr'><strong>superior,</strong></span> <span class='ocrx_word' id='word_1_289' title='bbox 1996 3881 2055 3929; x_wconf 91' lang='lat' dir='ltr'><strong>ut</strong></span> 
     </span>
    </p>
   </div>
   <div class='ocr_carea' id='block_1_43' title="bbox 476 3966 2054 4034">
    <p class='ocr_par' dir='ltr' id='par_1_43' title="bbox 476 3966 2054 4034">
     <span class='ocr_line' id='line_1_44' title="bbox 476 3966 2054 4034; baseline -0.008 -5"><span class='ocrx_word' id='word_1_290' title='bbox 476 3975 619 4029; x_wconf 81' lang='lat' dir='ltr'><strong>Deus</strong></span> <span class='ocrx_word' id='word_1_291' title='bbox 669 3974 1065 4034; x_wconf 86' lang='lat' dir='ltr'><strong>universorum,</strong></span> <span class='ocrx_word' id='word_1_292' title='bbox 1110 3978 1163 4024; x_wconf 88' lang='lat' dir='ltr'><strong>et</strong></span> <span class='ocrx_word' id='word_1_293' title='bbox 1221 3968 1508 4023; x_wconf 86' lang='lat' dir='ltr'><strong>nobiscum</strong></span> <span class='ocrx_word' id='word_1_294' title='bbox 1561 3966 1756 4030; x_wconf 78' lang='lat' dir='ltr'><strong>factus,</strong></span> <span class='ocrx_word' id='word_1_295' title='bbox 1799 3974 2054 4019; x_wconf 85' lang='lat' dir='ltr'><strong>cernatur</strong></span> 
     </span>
    </p>
   </div>
   <div class='ocr_carea' id='block_1_44' title="bbox 474 4056 2051 4133">
    <p class='ocr_par' dir='ltr' id='par_1_44' title="bbox 474 4056 2051 4133">
     <span class='ocr_line' id='line_1_45' title="bbox 474 4056 2051 4133; baseline -0.008 -12"><span class='ocrx_word' id='word_1_296' title='bbox 474 4082 596 4121; x_wconf 86' lang='lat' dir='ltr'><strong>cum</strong></span> <span class='ocrx_word' id='word_1_297' title='bbox 629 4065 808 4120; x_wconf 86' lang='lat' dir='ltr'><strong>Patre.</strong></span> <span class='ocrx_word' id='word_1_298' title='bbox 836 4064 948 4118; x_wconf 81' lang='lat' dir='ltr'><strong>Hoc</strong></span> <span class='ocrx_word' id='word_1_299' title='bbox 976 4072 1134 4133; x_wconf 89' lang='lat' dir='ltr'><strong>pacto</strong></span> <span class='ocrx_word' id='word_1_300' title='bbox 1164 4061 1339 4131; x_wconf 89' lang='lat' dir='ltr'><strong>ipsum</strong></span> <span class='ocrx_word' id='word_1_301' title='bbox 1368 4074 1703 4131; x_wconf 84' lang='lat' dir='ltr'><strong>cognoscens</strong></span> <span class='ocrx_word' id='word_1_302' title='bbox 1729 4056 2051 4122; x_wconf 84' lang='lat' dir='ltr'><strong>Natbanael,</strong></span> 
     </span>
    </p>
   </div>
   <div class='ocr_carea' id='block_1_45' title="bbox 475 4149 2056 4221">
    <p class='ocr_par' dir='ltr' id='par_1_45' title="bbox 475 4149 2056 4221">
     <span class='ocr_line' id='line_1_46' title="bbox 475 4149 2056 4221; baseline -0.002 -15"><span class='ocrx_word' id='word_1_303' title='bbox 475 4154 612 4207; x_wconf 86' lang='lat' dir='ltr'><strong>dixit</strong></span> <span class='ocrx_word' id='word_1_304' title='bbox 668 4170 682 4207; x_wconf 92' lang='lat'><strong>:</strong></span> <span class='ocrx_word' id='word_1_305' title='bbox 738 4171 755 4204; x_wconf 83' lang='grc' dir='ltr'>ι</span> <span class='ocrx_word' id='word_1_306' title='bbox 819 4152 1094 4221; x_wconf 77' lang='lat' dir='ltr'><strong>Magister,</strong></span> <span class='ocrx_word' id='word_1_307' title='bbox 1158 4158 1212 4205; x_wconf 93' lang='lat' dir='ltr'><strong>tu</strong></span> <span class='ocrx_word' id='word_1_308' title='bbox 1256 4164 1315 4205; x_wconf 91' lang='lat' dir='ltr'><strong>es</strong></span> <span class='ocrx_word' id='word_1_309' title='bbox 1351 4149 1523 4205; x_wconf 85' lang='lat' dir='ltr'><strong>Filius</strong></span> <span class='ocrx_word' id='word_1_310' title='bbox 1564 4150 1691 4217; x_wconf 87' lang='lat' dir='ltr'><strong>Dei;</strong></span> <span class='ocrx_word' id='word_1_311' title='bbox 1758 4158 1812 4203; x_wconf 92' lang='lat' dir='ltr'><strong>tu</strong></span> <span class='ocrx_word' id='word_1_312' title='bbox 1856 4164 1916 4204; x_wconf 84' lang='lat' dir='ltr'><strong>es</strong></span> <span class='ocrx_word' id='word_1_313' title='bbox 1960 4163 2056 4203; x_wconf 83' lang='lat' dir='ltr'><strong>rex</strong></span> 
     </span>
    </p>
   </div>
   <div class='ocr_carea' id='block_1_46' title="bbox 475 4238 2057 4314">
    <p class='ocr_par' dir='ltr' id='par_1_46' title="bbox 475 4238 2057 4314">
     <span class='ocr_line' id='line_1_47' title="bbox 475 4238 2057 4314; baseline -0.003 -15"><span class='ocrx_word' id='word_1_314' title='bbox 475 4243 725 4300; x_wconf 82' lang='lat' dir='ltr'><strong>Israel&quot;.</strong></span> <span class='ocrx_word' id='word_1_315' title='bbox 760 4265 779 4296; x_wconf 78' lang='grc' dir='ltr'><strong>ι</strong></span> <span class='ocrx_word' id='word_1_316' title='bbox 811 4244 930 4314; x_wconf 86' lang='lat' dir='ltr'><strong>Ipse</strong></span> <span class='ocrx_word' id='word_1_317' title='bbox 985 4257 1115 4298; x_wconf 84' lang='lat' dir='ltr'><strong>vero</strong></span> <span class='ocrx_word' id='word_1_318' title='bbox 1158 4242 1273 4297; x_wconf 84' lang='lat' dir='ltr'><strong>suis</strong></span> <span class='ocrx_word' id='word_1_319' title='bbox 1327 4241 1613 4312; x_wconf 86' lang='lat' dir='ltr'><strong>discipulis</strong></span> <span class='ocrx_word' id='word_1_320' title='bbox 1653 4241 1869 4310; x_wconf 91' lang='lat' dir='ltr'><strong>inquit:</strong></span> <span class='ocrx_word' id='word_1_321' title='bbox 1902 4258 1920 4292; x_wconf 79' lang='grc' dir='ltr'>ι</span> <span class='ocrx_word' id='word_1_322' title='bbox 1945 4238 2057 4295; x_wconf 79' lang='lat' dir='ltr'><strong>Vos</strong></span> 
     </span>
    </p>
   </div>
   <div class='ocr_carea' id='block_1_47' title="bbox 2117 449 3724 531">
    <p class='ocr_par' dir='ltr' id='par_1_47' title="bbox 2117 449 3724 531">
     <span class='ocr_line' id='line_1_48' title="bbox 2117 449 3724 531; baseline -0.008 -16"><span class='ocrx_word' id='word_1_323' title='bbox 2117 462 2450 531; x_wconf 77' lang='grc' dir='ltr'>Γεγενῆσθαι</span> <span class='ocrx_word' id='word_1_324' title='bbox 2497 461 2555 512; x_wconf 83' lang='grc' dir='ltr'><strong>δέ</strong></span> <span class='ocrx_word' id='word_1_325' title='bbox 2591 475 2722 528; x_wconf 85' lang='grc' dir='ltr'>φησι</span> <span class='ocrx_word' id='word_1_326' title='bbox 2761 457 2888 519; x_wconf 76' lang='grc' dir='ltr'>τοὺς</span> <span class='ocrx_word' id='word_1_327' title='bbox 2923 454 3116 524; x_wconf 80' lang='grc' dir='ltr'>ἀγίονς</span> <span class='ocrx_word' id='word_1_328' title='bbox 3160 449 3493 513; x_wconf 75' lang='grc' dir='ltr'><strong>ἀποστόλους</strong></span> <span class='ocrx_word' id='word_1_329' title='bbox 3535 450 3637 502; x_wconf 72' lang='grc' dir='ltr'><strong>καὶ</strong></span> <span class='ocrx_word' id='word_1_330' title='bbox 3685 449 3724 502; x_wconf 82' lang='grc' dir='ltr'>ὁ</span> 
     </span>
    </p>
   </div>
   <div class='ocr_carea' id='block_1_48' title="bbox 2117 539 3719 623">
    <p class='ocr_par' dir='ltr' id='par_1_48' title="bbox 2117 539 3719 623">
     <span class='ocr_line' id='line_1_49' title="bbox 2117 539 3719 623; baseline -0.01 -16"><span class='ocrx_word' id='word_1_331' title='bbox 2117 555 2260 616; x_wconf 80' lang='grc' dir='ltr'>θεῖος</span> <span class='ocrx_word' id='word_1_332' title='bbox 2288 556 2422 623; x_wconf 79' lang='grc' dir='ltr'>ἡμῖν</span> <span class='ocrx_word' id='word_1_333' title='bbox 2457 552 2676 613; x_wconf 78' lang='grc' dir='ltr'>Λουκᾶς</span> <span class='ocrx_word' id='word_1_334' title='bbox 2730 548 3007 610; x_wconf 80' lang='grc' dir='ltr'><strong>αὐτόπτας</strong></span> <span class='ocrx_word' id='word_1_335' title='bbox 3053 563 3115 598; x_wconf 89' lang='grc' dir='ltr'><strong>τε</strong></span> <span class='ocrx_word' id='word_1_336' title='bbox 3158 544 3255 598; x_wconf 74' lang='grc' dir='ltr'><strong>καὶ</strong></span> <span class='ocrx_word' id='word_1_337' title='bbox 3293 540 3574 612; x_wconf 73' lang='grc' dir='ltr'><strong>ὑπηρέτας</strong></span> <span class='ocrx_word' id='word_1_338' title='bbox 3612 539 3719 593; x_wconf 76' lang='grc' dir='ltr'><strong>τοῦ</strong></span> 
     </span>
    </p>
   </div>
   <div class='ocr_carea' id='block_1_49' title="bbox 2118 626 3725 715">
    <p class='ocr_par' dir='ltr' id='par_1_49' title="bbox 2118 626 3725 715">
     <span class='ocr_line' id='line_1_50' title="bbox 2118 626 3725 715; baseline -0.01 -15"><span class='ocrx_word' id='word_1_339' title='bbox 2118 626 2315 715; x_wconf 75' lang='grc' dir='ltr'>Λόγου.</span> <span class='ocrx_word' id='word_1_340' title='bbox 2340 646 2538 714; x_wconf 79' lang='grc' dir='ltr'><strong>Γέγονε</strong></span> <span class='ocrx_word' id='word_1_341' title='bbox 2567 644 2677 714; x_wconf 83' lang='grc' dir='ltr'>γὰρ</span> <span class='ocrx_word' id='word_1_342' title='bbox 2694 640 2943 712; x_wconf 73' lang='grc' dir='ltr'>ἐμφανὴς</span> <span class='ocrx_word' id='word_1_343' title='bbox 2972 642 3001 693; x_wconf 99' lang='lat'><strong>6</strong></span> <span class='ocrx_word' id='word_1_344' title='bbox 3024 636 3336 709; x_wconf 79' lang='grc' dir='ltr'><strong>ἀσώματος,</strong></span> <span class='ocrx_word' id='word_1_345' title='bbox 3372 634 3467 687; x_wconf 78' lang='grc' dir='ltr'><strong>καὶ</strong></span> <span class='ocrx_word' id='word_1_346' title='bbox 3493 632 3667 697; x_wconf 81' lang='grc' dir='ltr'>ἀπτδς</span> <span class='ocrx_word' id='word_1_347' title='bbox 3688 636 3725 685; x_wconf 77' lang='lat'><strong>6</strong></span> 
     </span>
    </p>
   </div>
   <div class='ocr_carea' id='block_1_50' title="bbox 2120 724 3725 810">
    <p class='ocr_par' dir='ltr' id='par_1_50' title="bbox 2120 724 3725 810">
     <span class='ocr_line' id='line_1_51' title="bbox 2120 724 3725 810; baseline -0.009 -19"><span class='ocrx_word' id='word_1_348' title='bbox 2120 739 2353 810; x_wconf 77' lang='grc' dir='ltr'><strong>ἀναφὴς,</strong></span> <span class='ocrx_word' id='word_1_349' title='bbox 2380 738 2482 790; x_wconf 77' lang='grc' dir='ltr'><strong>οὐκ</strong></span> <span class='ocrx_word' id='word_1_350' title='bbox 2510 736 2717 788; x_wconf 84' lang='grc' dir='ltr'>ὀθνεῖον</span> <span class='ocrx_word' id='word_1_351' title='bbox 2738 734 2877 804; x_wconf 78' lang='grc' dir='ltr'>ἔχων</span> <span class='ocrx_word' id='word_1_352' title='bbox 2905 733 2985 786; x_wconf 74' lang='grc' dir='ltr'>ἔτι</span> <span class='ocrx_word' id='word_1_353' title='bbox 3013 729 3327 802; x_wconf 79' lang='grc' dir='ltr'>περίϐλημα</span> <span class='ocrx_word' id='word_1_354' title='bbox 3356 728 3455 797; x_wconf 81' lang='grc' dir='ltr'>τὴν</span> <span class='ocrx_word' id='word_1_355' title='bbox 3476 724 3585 780; x_wconf 74' lang='grc' dir='ltr'>ἀπὸ</span> <span class='ocrx_word' id='word_1_356' title='bbox 3606 724 3725 794; x_wconf 74' lang='grc' dir='ltr'>γῆς</span> 
     </span>
    </p>
   </div>
   <div class='ocr_carea' id='block_1_51' title="bbox 2122 818 3722 902">
    <p class='ocr_par' dir='ltr' id='par_1_51' title="bbox 2122 818 3722 902">
     <span class='ocr_line' id='line_1_52' title="bbox 2122 818 3722 902; baseline -0.011 -19"><span class='ocrx_word' id='word_1_357' title='bbox 2122 831 2322 902; x_wconf 79' lang='grc' dir='ltr'>σάρκα,</span> <span class='ocrx_word' id='word_1_358' title='bbox 2351 828 2464 882; x_wconf 81' lang='grc' dir='ltr'>ἀλλ’</span> <span class='ocrx_word' id='word_1_359' title='bbox 2502 827 2630 880; x_wconf 79' lang='grc' dir='ltr'>ίδιον</span> <span class='ocrx_word' id='word_1_360' title='bbox 2664 826 2836 895; x_wconf 59' lang='grc' dir='ltr'>αὐτὴν</span> <span class='ocrx_word' id='word_1_361' title='bbox 2868 823 3238 895; x_wconf 81' lang='grc' dir='ltr'><strong>ποιησάμενος</strong></span> <span class='ocrx_word' id='word_1_362' title='bbox 3284 820 3430 885; x_wconf 76' lang='grc' dir='ltr'>ναὸν,</span> <span class='ocrx_word' id='word_1_363' title='bbox 3473 818 3569 871; x_wconf 77' lang='grc' dir='ltr'><strong>καὶ</strong></span> <span class='ocrx_word' id='word_1_364' title='bbox 3615 818 3722 870; x_wconf 68' lang='grc' dir='ltr'><strong>σὺν</strong></span> 
     </span>
    </p>
   </div>
   <div class='ocr_carea' id='block_1_52' title="bbox 2122 908 3725 994">
    <p class='ocr_par' dir='ltr' id='par_1_52' title="bbox 2122 908 3725 994">
     <span class='ocr_line' id='line_1_53' title="bbox 2122 908 3725 994; baseline -0.01 -18"><span class='ocrx_word' id='word_1_365' title='bbox 2122 923 2258 994; x_wconf 79' lang='grc' dir='ltr'>αὐτῇ</span> <span class='ocrx_word' id='word_1_366' title='bbox 2294 920 2716 991; x_wconf 77' lang='grc' dir='ltr'>γνωριζόμενος,</span> <span class='ocrx_word' id='word_1_367' title='bbox 2748 917 2823 980; x_wconf 88' lang='grc' dir='ltr'><strong>ώς</strong></span> <span class='ocrx_word' id='word_1_368' title='bbox 2852 916 2987 979; x_wconf 81' lang='grc' dir='ltr'>Θεὸς</span> <span class='ocrx_word' id='word_1_369' title='bbox 3012 914 3107 967; x_wconf 67' lang='grc' dir='ltr'>καὶ</span> <span class='ocrx_word' id='word_1_370' title='bbox 3136 912 3359 984; x_wconf 83' lang='grc' dir='ltr'>Κύριος.</span> <span class='ocrx_word' id='word_1_371' title='bbox 3390 908 3725 979; x_wconf 67' lang='grc' dir='ltr'>Γεγραφότα</span> 
     </span>
    </p>
   </div>
   <div class='ocr_carea' id='block_1_53' title="bbox 2123 1000 3725 1082">
    <p class='ocr_par' dir='ltr' id='par_1_53' title="bbox 2123 1000 3725 1082">
     <span class='ocr_line' id='line_1_54' title="bbox 2123 1000 3725 1082; baseline -0.009 -15"><span class='ocrx_word' id='word_1_372' title='bbox 2123 1014 2180 1067; x_wconf 83' lang='grc' dir='ltr'><strong>δὲ</strong></span> <span class='ocrx_word' id='word_1_373' title='bbox 2216 1010 2377 1067; x_wconf 80' lang='grc' dir='ltr'>οἷσθά</span> <span class='ocrx_word' id='word_1_374' title='bbox 2422 1031 2525 1065; x_wconf 87' lang='grc' dir='ltr'><strong>που</strong></span> <span class='ocrx_word' id='word_1_375' title='bbox 2576 1011 2668 1064; x_wconf 76' lang='grc' dir='ltr'><strong>τὸν</strong></span> <span class='ocrx_word' id='word_1_376' title='bbox 2711 1009 3006 1082; x_wconf 85' lang='grc' dir='ltr'>ἱερώτατον</span> <span class='ocrx_word' id='word_1_377' title='bbox 3057 1005 3290 1061; x_wconf 64' lang='grc' dir='ltr'>Παῦλον</span> <span class='ocrx_word' id='word_1_378' title='bbox 3342 1002 3573 1065; x_wconf 71' lang='grc' dir='ltr'><strong>«Οὐδεὶς</strong></span> <span class='ocrx_word' id='word_1_379' title='bbox 3607 1000 3725 1071; x_wconf 81' lang='grc' dir='ltr'><strong>γάρ</strong></span> 
     </span>
    </p>
   </div>
   <div class='ocr_carea' id='block_1_54' title="bbox 2126 1092 3726 1179">
    <p class='ocr_par' dir='ltr' id='par_1_54' title="bbox 2126 1092 3726 1179">
     <span class='ocr_line' id='line_1_55' title="bbox 2126 1092 3726 1179; baseline -0.011 -18"><span class='ocrx_word' id='word_1_380' title='bbox 2126 1107 2284 1179; x_wconf 80' lang='grc' dir='ltr'>ἡμῶν</span> <span class='ocrx_word' id='word_1_381' title='bbox 2313 1104 2496 1177; x_wconf 80' lang='grc' dir='ltr'>ἑαυτῷ</span> <span class='ocrx_word' id='word_1_382' title='bbox 2524 1104 2615 1176; x_wconf 75' lang='grc' dir='ltr'><strong>ζῇ,</strong></span> <span class='ocrx_word' id='word_1_383' title='bbox 2645 1105 2740 1156; x_wconf 72' lang='grc' dir='ltr'>καὶ</span> <span class='ocrx_word' id='word_1_384' title='bbox 2775 1102 2950 1165; x_wconf 70' lang='grc' dir='ltr'>οὐδεὶς</span> <span class='ocrx_word' id='word_1_385' title='bbox 2982 1097 3159 1169; x_wconf 79' lang='grc' dir='ltr'>ἑαυτῷ</span> <span class='ocrx_word' id='word_1_386' title='bbox 3194 1095 3545 1167; x_wconf 78' lang='grc' dir='ltr'><strong>ἀποθνήσκει.</strong></span> <span class='ocrx_word' id='word_1_387' title='bbox 3590 1092 3726 1146; x_wconf 77' lang='grc' dir='ltr'><strong>Ἐάν</strong></span> 
     </span>
    </p>
   </div>
   <div class='ocr_carea' id='block_1_55' title="bbox 2128 1186 3729 1269">
    <p class='ocr_par' dir='ltr' id='par_1_55' title="bbox 2128 1186 3729 1269">
     <span class='ocr_line' id='line_1_56' title="bbox 2128 1186 3729 1269; baseline -0.009 -16"><span class='ocrx_word' id='word_1_388' title='bbox 2128 1217 2186 1254; x_wconf 89' lang='grc' dir='ltr'><strong>τε</strong></span> <span class='ocrx_word' id='word_1_389' title='bbox 2218 1201 2328 1269; x_wconf 76' lang='grc' dir='ltr'>γὰρ</span> <span class='ocrx_word' id='word_1_390' title='bbox 2357 1197 2559 1268; x_wconf 77' lang='grc' dir='ltr'>ζῶμεν,</span> <span class='ocrx_word' id='word_1_391' title='bbox 2582 1195 2659 1266; x_wconf 79' lang='grc' dir='ltr'>τῷ</span> <span class='ocrx_word' id='word_1_392' title='bbox 2692 1194 2880 1264; x_wconf 82' lang='grc' dir='ltr'>Κυρίῳ</span> <span class='ocrx_word' id='word_1_393' title='bbox 2911 1193 3127 1263; x_wconf 61' lang='grc' dir='ltr'>ζῶμεν·</span> <span class='ocrx_word' id='word_1_394' title='bbox 3151 1191 3244 1243; x_wconf 78' lang='grc' dir='ltr'><strong>ὲάν</strong></span> <span class='ocrx_word' id='word_1_395' title='bbox 3272 1206 3329 1240; x_wconf 88' lang='grc' dir='ltr'><strong>τε</strong></span> <span class='ocrx_word' id='word_1_396' title='bbox 3364 1186 3729 1256; x_wconf 76' lang='grc' dir='ltr'>ἀποθνήσκω-</span> 
     </span>
    </p>
   </div>
   <div class='ocr_carea' id='block_1_56' title="bbox 2132 1273 3730 1363">
    <p class='ocr_par' dir='ltr' id='par_1_56' title="bbox 2132 1273 3730 1363">
     <span class='ocr_line' id='line_1_57' title="bbox 2132 1273 3730 1363; baseline -0.011 -19"><span class='ocrx_word' id='word_1_397' title='bbox 2132 1309 2250 1363; x_wconf 85' lang='grc' dir='ltr'>μεν,</span> <span class='ocrx_word' id='word_1_398' title='bbox 2292 1288 2370 1359; x_wconf 77' lang='grc' dir='ltr'><strong>τῷ</strong></span> <span class='ocrx_word' id='word_1_399' title='bbox 2414 1288 2607 1359; x_wconf 82' lang='grc' dir='ltr'>Κυρίῳ</span> <span class='ocrx_word' id='word_1_400' title='bbox 2648 1286 3087 1354; x_wconf 71' lang='grc' dir='ltr'>ἀποθνήσκομεν.</span> <span class='ocrx_word' id='word_1_401' title='bbox 3126 1281 3251 1333; x_wconf 82' lang='grc' dir='ltr'>Ἐάν</span> <span class='ocrx_word' id='word_1_402' title='bbox 3285 1296 3344 1331; x_wconf 88' lang='grc' dir='ltr'><strong>τε</strong></span> <span class='ocrx_word' id='word_1_403' title='bbox 3382 1273 3475 1331; x_wconf 86' lang='grc' dir='ltr'><strong>οῦν</strong></span> <span class='ocrx_word' id='word_1_404' title='bbox 3511 1276 3730 1346; x_wconf 80' lang='grc' dir='ltr'>ζῶμεν,</span> 
     </span>
    </p>
   </div>
   <div class='ocr_carea' id='block_1_57' title="bbox 2129 1369 3731 1450">
    <p class='ocr_par' dir='ltr' id='par_1_57' title="bbox 2129 1369 3731 1450">
     <span class='ocr_line' id='line_1_58' title="bbox 2129 1369 3731 1450; baseline -0.009 -14"><span class='ocrx_word' id='word_1_405' title='bbox 2129 1383 2224 1436; x_wconf 83' lang='grc' dir='ltr'><strong>ὲάν</strong></span> <span class='ocrx_word' id='word_1_406' title='bbox 2257 1399 2315 1434; x_wconf 86' lang='grc' dir='ltr'><strong>τε</strong></span> <span class='ocrx_word' id='word_1_407' title='bbox 2348 1380 2809 1450; x_wconf 77' lang='grc' dir='ltr'>ἀποθνήσκωμεν,</span> <span class='ocrx_word' id='word_1_408' title='bbox 2854 1376 2949 1429; x_wconf 88' lang='grc' dir='ltr'><strong>τοῦ</strong></span> <span class='ocrx_word' id='word_1_409' title='bbox 2978 1375 3184 1443; x_wconf 78' lang='grc' dir='ltr'>Κυρίου</span> <span class='ocrx_word' id='word_1_410' title='bbox 3219 1373 3407 1444; x_wconf 76' lang='grc' dir='ltr'>ἐσμέν.</span> <span class='ocrx_word' id='word_1_411' title='bbox 3445 1372 3538 1433; x_wconf 71' lang='lat' dir='ltr'><strong>El;</strong></span> <span class='ocrx_word' id='word_1_412' title='bbox 3562 1369 3731 1423; x_wconf 85' lang='grc' dir='ltr'>τοῦτο</span> 
     </span>
    </p>
   </div>
   <div class='ocr_carea' id='block_1_58' title="bbox 2129 1459 3731 1544">
    <p class='ocr_par' dir='ltr' id='par_1_58' title="bbox 2129 1459 3731 1544">
     <span class='ocr_line' id='line_1_59' title="bbox 2129 1459 3731 1544; baseline -0.009 -19"><span class='ocrx_word' id='word_1_413' title='bbox 2129 1475 2238 1544; x_wconf 77' lang='grc' dir='ltr'>γὰρ</span> <span class='ocrx_word' id='word_1_414' title='bbox 2267 1471 2503 1542; x_wconf 78' lang='grc' dir='ltr'>Χριστὸς</span> <span class='ocrx_word' id='word_1_415' title='bbox 2533 1468 2795 1531; x_wconf 72' lang='grc' dir='ltr'>ἀπέθανε,</span> <span class='ocrx_word' id='word_1_416' title='bbox 2843 1468 2938 1520; x_wconf 74' lang='grc' dir='ltr'><strong>καὶ</strong></span> <span class='ocrx_word' id='word_1_417' title='bbox 2985 1465 3200 1536; x_wconf 74' lang='grc' dir='ltr'>ἔζησεν,</span> <span class='ocrx_word' id='word_1_418' title='bbox 3249 1464 3334 1516; x_wconf 82' lang='grc' dir='ltr'>ἵνα</span> <span class='ocrx_word' id='word_1_419' title='bbox 3381 1462 3474 1517; x_wconf 79' lang='grc' dir='ltr'><strong>καὶ</strong></span> <span class='ocrx_word' id='word_1_420' title='bbox 3510 1459 3731 1531; x_wconf 81' lang='grc' dir='ltr'>νεκρῶν</span> 
     </span>
    </p>
   </div>
   <div class='ocr_carea' id='block_1_59' title="bbox 2130 1550 3733 1632">
    <p class='ocr_par' dir='ltr' id='par_1_59' title="bbox 2130 1550 3733 1632">
     <span class='ocr_line' id='line_1_60' title="bbox 2130 1550 3733 1632; baseline -0.011 -13"><span class='ocrx_word' id='word_1_421' title='bbox 2130 1565 2227 1619; x_wconf 75' lang='grc' dir='ltr'>καὶ</span> <span class='ocrx_word' id='word_1_422' title='bbox 2256 1562 2474 1627; x_wconf 80' lang='grc' dir='ltr'><strong>ζώντων</strong></span> <span class='ocrx_word' id='word_1_423' title='bbox 2506 1560 2792 1632; x_wconf 80' lang='grc' dir='ltr'>κυριεύσῃ.</span> <span class='ocrx_word' id='word_1_424' title='bbox 2826 1578 2844 1609; x_wconf 77' lang='grc' dir='ltr'><strong>ι</strong></span> <span class='ocrx_word' id='word_1_425' title='bbox 2892 1560 3128 1628; x_wconf 83' lang='grc' dir='ltr'>Ἀραρεν</span> <span class='ocrx_word' id='word_1_426' title='bbox 3158 1550 3271 1620; x_wconf 79' lang='grc' dir='ltr'>οὖν,</span> <span class='ocrx_word' id='word_1_427' title='bbox 3310 1555 3392 1606; x_wconf 79' lang='grc' dir='ltr'>ὅτι</span> <span class='ocrx_word' id='word_1_428' title='bbox 3434 1552 3733 1624; x_wconf 76' lang='grc' dir='ltr'>κεκυρίευο</span> 
     </span>
    </p>
   </div>
   <div class='ocr_carea' id='block_1_60' title="bbox 2134 1648 3732 1729">
    <p class='ocr_par' dir='ltr' id='par_1_60' title="bbox 2134 1648 3732 1729">
     <span class='ocr_line' id='line_1_61' title="bbox 2134 1648 3732 1729; baseline -0.011 -15"><span class='ocrx_word' id='word_1_429' title='bbox 2134 1678 2230 1715; x_wconf 91' lang='grc' dir='ltr'><strong>κεν</strong></span> <span class='ocrx_word' id='word_1_430' title='bbox 2257 1658 2475 1729; x_wconf 86' lang='grc' dir='ltr'>ἀληθῶς</span> <span class='ocrx_word' id='word_1_431' title='bbox 2504 1655 2719 1727; x_wconf 82' lang='grc' dir='ltr'>νεκρῶν</span> <span class='ocrx_word' id='word_1_432' title='bbox 2748 1672 2809 1707; x_wconf 91' lang='grc' dir='ltr'><strong>τε</strong></span> <span class='ocrx_word' id='word_1_433' title='bbox 2842 1653 2937 1706; x_wconf 92' lang='grc' dir='ltr'><strong>καί</strong></span> <span class='ocrx_word' id='word_1_434' title='bbox 2978 1653 3197 1716; x_wconf 83' lang='grc' dir='ltr'>ζώντων</span> <span class='ocrx_word' id='word_1_435' title='bbox 3224 1650 3253 1701; x_wconf 87' lang='grc' dir='ltr'>ὁ</span> <span class='ocrx_word' id='word_1_436' title='bbox 3304 1648 3379 1718; x_wconf 82' lang='grc' dir='ltr'>μὴ</span> <span class='ocrx_word' id='word_1_437' title='bbox 3408 1648 3597 1719; x_wconf 77' lang='grc' dir='ltr'>ἑτέρου</span> <span class='ocrx_word' id='word_1_438' title='bbox 3629 1661 3732 1698; x_wconf 74' lang='grc' dir='ltr'><strong>του</strong></span> 
     </span>
    </p>
   </div>
   <div class='ocr_carea' id='block_1_61' title="bbox 2066 1730 3737 1827">
    <p class='ocr_par' dir='ltr' id='par_1_61' title="bbox 2066 1730 3737 1827">
     <span class='ocr_line' id='line_1_62' title="bbox 2066 1730 3737 1827; baseline -0.011 -18"><span class='ocrx_word' id='word_1_439' title='bbox 2066 1730 2108 1785; x_wconf 78' lang='grc' dir='ltr'>Β</span> <span class='ocrx_word' id='word_1_440' title='bbox 2138 1757 2318 1827; x_wconf 83' lang='grc' dir='ltr'>χάριν,</span> <span class='ocrx_word' id='word_1_441' title='bbox 2353 1752 2386 1823; x_wconf 77' lang='grc' dir='ltr'>ἢ</span> <span class='ocrx_word' id='word_1_442' title='bbox 2418 1754 2503 1805; x_wconf 83' lang='grc' dir='ltr'>ὅτι</span> <span class='ocrx_word' id='word_1_443' title='bbox 2529 1751 2683 1804; x_wconf 87' lang='grc' dir='ltr'>τοῦδε</span> <span class='ocrx_word' id='word_1_444' title='bbox 2740 1749 2836 1802; x_wconf 72' lang='grc' dir='ltr'>καὶ</span> <span class='ocrx_word' id='word_1_445' title='bbox 2872 1746 3040 1818; x_wconf 81' lang='grc' dir='ltr'>μόνον</span> <span class='ocrx_word' id='word_1_446' title='bbox 3074 1740 3307 1805; x_wconf 87' lang='grc' dir='ltr'>τεθνεὼς</span> <span class='ocrx_word' id='word_1_447' title='bbox 3349 1742 3443 1795; x_wconf 82' lang='grc' dir='ltr'>καὶ</span> <span class='ocrx_word' id='word_1_448' title='bbox 3487 1742 3737 1810; x_wconf 72' lang='grc' dir='ltr'>ὶγηγερ-</span> 
     </span>
    </p>
   </div>
   <div class='ocr_carea' id='block_1_62' title="bbox 2141 1847 2322 1919">
    <p class='ocr_par' dir='ltr' id='par_1_62' title="bbox 2141 1847 2322 1919">
     <span class='ocr_line' id='line_1_63' title="bbox 2141 1847 2322 1919; baseline 0 -18"><span class='ocrx_word' id='word_1_449' title='bbox 2141 1847 2322 1919; x_wconf 85' lang='grc' dir='ltr'>μένος.</span> 
     </span>
    </p>
   </div>
   <div class='ocr_carea' id='block_1_63' title="bbox 2212 1938 3695 2007">
    <p class='ocr_par' dir='ltr' id='par_1_63' title="bbox 2212 1938 3695 2007">
     <span class='ocr_line' id='line_1_64' title="bbox 2212 1938 3695 2007; baseline -0.01 -15"><span class='ocrx_word' id='word_1_450' title='bbox 2212 1940 2275 1992; x_wconf 87' lang='grc' dir='ltr'><strong>Β.</strong></span> <span class='ocrx_word' id='word_1_451' title='bbox 2310 1938 2570 2007; x_wconf 83' lang='grc' dir='ltr'>Ἀραρεν.</span> <span class='ocrx_word' id='word_1_452' title='bbox 3674 1976 3695 1996; x_wconf 40' lang='grc' dir='ltr'>ι</span> 
     </span>
    </p>
   </div>
   <div class='ocr_carea' id='block_1_64' title="bbox 2209 2012 3737 2096">
    <p class='ocr_par' dir='ltr' id='par_1_64' title="bbox 2209 2012 3737 2096">
     <span class='ocr_line' id='line_1_65' title="bbox 2209 2012 3737 2096; baseline -0.012 -14"><span class='ocrx_word' id='word_1_453' title='bbox 2209 2030 2275 2083; x_wconf 79' lang='grc' dir='ltr'><strong>Α.</strong></span> <span class='ocrx_word' id='word_1_454' title='bbox 2306 2028 2442 2080; x_wconf 87' lang='grc' dir='ltr'><strong>Τίνα</strong></span> <span class='ocrx_word' id='word_1_455' title='bbox 2470 2026 2534 2096; x_wconf 82' lang='grc' dir='ltr'><strong>δὴ</strong></span> <span class='ocrx_word' id='word_1_456' title='bbox 2567 2020 2679 2088; x_wconf 79' lang='grc' dir='ltr'>οὖν,</span> <span class='ocrx_word' id='word_1_457' title='bbox 2724 2017 2770 2077; x_wconf 75' lang='grc' dir='ltr'><strong>ὦ</strong></span> <span class='ocrx_word' id='word_1_458' title='bbox 2807 2025 3047 2091; x_wconf 84' lang='grc' dir='ltr'>γενναῖε,</span> <span class='ocrx_word' id='word_1_459' title='bbox 3075 2018 3279 2090; x_wconf 77' lang='grc' dir='ltr'>φαμὲν,</span> <span class='ocrx_word' id='word_1_460' title='bbox 3304 2016 3379 2079; x_wconf 88' lang='grc' dir='ltr'><strong>ώς</strong></span> <span class='ocrx_word' id='word_1_461' title='bbox 3418 2012 3587 2068; x_wconf 78' lang='grc' dir='ltr'>ὑπέδυ</span> <span class='ocrx_word' id='word_1_462' title='bbox 3628 2012 3737 2083; x_wconf 70' lang='grc' dir='ltr'>μὲν</span> 
     </span>
    </p>
   </div>
   <div class='ocr_carea' id='block_1_65' title="bbox 2141 2113 2843 2199">
    <p class='ocr_par' dir='ltr' id='par_1_65' title="bbox 2141 2113 2843 2199">
     <span class='ocr_line' id='line_1_66' title="bbox 2141 2113 2843 2199; baseline -0.009 -24"><span class='ocrx_word' id='word_1_463' title='bbox 2141 2122 2393 2199; x_wconf 68' lang='grc' dir='ltr'>θάνατον,</span> <span class='ocrx_word' id='word_1_464' title='bbox 2425 2119 2625 2173; x_wconf 81' lang='grc' dir='ltr'>ἀνεϐίω</span> <span class='ocrx_word' id='word_1_465' title='bbox 2655 2118 2712 2171; x_wconf 82' lang='grc' dir='ltr'>δὲ</span> <span class='ocrx_word' id='word_1_466' title='bbox 2742 2113 2843 2182; x_wconf 74' lang='grc' dir='ltr'><strong>αῦ;</strong></span> 
     </span>
    </p>
   </div>
   <div class='ocr_carea' id='block_1_66' title="bbox 2211 2209 2851 2280">
    <p class='ocr_par' dir='ltr' id='par_1_66' title="bbox 2211 2209 2851 2280">
     <span class='ocr_line' id='line_1_67' title="bbox 2211 2209 2851 2280; baseline -0.006 -12"><span class='ocrx_word' id='word_1_467' title='bbox 2211 2216 2271 2268; x_wconf 88' lang='grc' dir='ltr'><strong>Β.</strong></span> <span class='ocrx_word' id='word_1_468' title='bbox 2306 2214 2407 2266; x_wconf 72' lang='grc' dir='ltr'><strong>Τὸν</strong></span> <span class='ocrx_word' id='word_1_469' title='bbox 2436 2211 2563 2264; x_wconf 73' lang='grc' dir='ltr'>Υἱὺν</span> <span class='ocrx_word' id='word_1_470' title='bbox 2590 2209 2851 2280; x_wconf 71' lang='grc' dir='ltr'>δηλονότι.</span> 
     </span>
    </p>
   </div>
   <div class='ocr_carea' id='block_1_67' title="bbox 2202 2292 3744 2373">
    <p class='ocr_par' dir='ltr' id='par_1_67' title="bbox 2202 2292 3744 2373">
     <span class='ocr_line' id='line_1_68' title="bbox 2202 2292 3744 2373; baseline -0.012 -12"><span class='ocrx_word' id='word_1_471' title='bbox 2202 2309 2269 2361; x_wconf 82' lang='grc' dir='ltr'>Α.</span> <span class='ocrx_word' id='word_1_472' title='bbox 2320 2304 2457 2357; x_wconf 80' lang='grc' dir='ltr'>Ἀλλ’</span> <span class='ocrx_word' id='word_1_473' title='bbox 2486 2305 2569 2356; x_wconf 78' lang='grc' dir='ltr'><strong>ὅτι</strong></span> <span class='ocrx_word' id='word_1_474' title='bbox 2604 2302 2701 2373; x_wconf 84' lang='grc' dir='ltr'>μὲν</span> <span class='ocrx_word' id='word_1_475' title='bbox 2733 2302 2824 2355; x_wconf 75' lang='grc' dir='ltr'><strong>τὸν</strong></span> <span class='ocrx_word' id='word_1_476' title='bbox 2866 2299 3015 2361; x_wconf 79' lang='grc' dir='ltr'>Υἱὸν,</span> <span class='ocrx_word' id='word_1_477' title='bbox 3049 2292 3108 2351; x_wconf 82' lang='grc' dir='ltr'><strong>εὖ</strong></span> <span class='ocrx_word' id='word_1_478' title='bbox 3138 2296 3337 2362; x_wconf 76' lang='grc' dir='ltr'>λέγεις·</span> <span class='ocrx_word' id='word_1_479' title='bbox 3370 2292 3744 2360; x_wconf 70' lang='grc' dir='ltr'>ἐπαινέσομαι</span> 
     </span>
    </p>
   </div>
   <div class='ocr_carea' id='block_1_68' title="bbox 2141 2383 3745 2470">
    <p class='ocr_par' dir='ltr' id='par_1_68' title="bbox 2141 2383 3745 2470">
     <span class='ocr_line' id='line_1_69' title="bbox 2141 2383 3745 2470; baseline -0.012 -18"><span class='ocrx_word' id='word_1_480' title='bbox 2141 2398 2247 2470; x_wconf 71' lang='grc' dir='ltr'>γὰρ</span> <span class='ocrx_word' id='word_1_481' title='bbox 2273 2393 2387 2452; x_wconf 84' lang='grc' dir='ltr'>οῦν.</span> <span class='ocrx_word' id='word_1_482' title='bbox 2419 2396 2697 2465; x_wconf 80' lang='grc' dir='ltr'>Ἐθὲλοιμι</span> <span class='ocrx_word' id='word_1_483' title='bbox 2725 2395 2768 2448; x_wconf 87' lang='grc' dir='ltr'><strong>δ’</strong></span> <span class='ocrx_word' id='word_1_484' title='bbox 2785 2395 2849 2448; x_wconf 85' lang='grc' dir='ltr'><strong>ἀν</strong></span> <span class='ocrx_word' id='word_1_485' title='bbox 2875 2388 2972 2445; x_wconf 78' lang='grc' dir='ltr'><strong>σου</strong></span> <span class='ocrx_word' id='word_1_486' title='bbox 2998 2388 3307 2460; x_wconf 82' lang='grc' dir='ltr'>διαμαθεῖν,</span> <span class='ocrx_word' id='word_1_487' title='bbox 3340 2387 3567 2457; x_wconf 81' lang='grc' dir='ltr'>πότερον</span> <span class='ocrx_word' id='word_1_488' title='bbox 3606 2383 3745 2452; x_wconf 75' lang='grc' dir='ltr'>θνηο</span> 
     </span>
    </p>
   </div>
   <div class='ocr_carea' id='block_1_69' title="bbox 2140 2475 3740 2560">
    <p class='ocr_par' dir='ltr' id='par_1_69' title="bbox 2140 2475 3740 2560">
     <span class='ocr_line' id='line_1_70' title="bbox 2140 2475 3740 2560; baseline -0.009 -18"><span class='ocrx_word' id='word_1_489' title='bbox 2140 2491 2230 2553; x_wconf 73' lang='grc' dir='ltr'><strong>τος</strong></span> <span class='ocrx_word' id='word_1_490' title='bbox 2296 2491 2389 2544; x_wconf 72' lang='grc' dir='ltr'><strong>καὶ</strong></span> <span class='ocrx_word' id='word_1_491' title='bbox 2425 2488 2603 2560; x_wconf 80' lang='grc' dir='ltr'>φθορᾷ</span> <span class='ocrx_word' id='word_1_492' title='bbox 2644 2488 2875 2556; x_wconf 79' lang='grc' dir='ltr'>κάτοχος</span> <span class='ocrx_word' id='word_1_493' title='bbox 2903 2486 2931 2536; x_wconf 78' lang='grc' dir='ltr'>ὁ</span> <span class='ocrx_word' id='word_1_494' title='bbox 2972 2485 3036 2537; x_wconf 80' lang='grc' dir='ltr'><strong>ἐκ</strong></span> <span class='ocrx_word' id='word_1_495' title='bbox 3065 2481 3200 2535; x_wconf 86' lang='grc' dir='ltr'>Θεοῦ</span> <span class='ocrx_word' id='word_1_496' title='bbox 3232 2479 3433 2550; x_wconf 64' lang='grc' dir='ltr'>[ἰατρὸς</span> <span class='ocrx_word' id='word_1_497' title='bbox 3468 2477 3672 2543; x_wconf 84' lang='grc' dir='ltr'>Λόγος,</span> <span class='ocrx_word' id='word_1_498' title='bbox 3702 2475 3740 2546; x_wconf 74' lang='grc' dir='ltr'>ἦ</span> 
     </span>
    </p>
   </div>
   <div class='ocr_carea' id='block_1_70' title="bbox 2142 2571 3460 2652">
    <p class='ocr_par' dir='ltr' id='par_1_70' title="bbox 2142 2571 3460 2652">
     <span class='ocr_line' id='line_1_71' title="bbox 2142 2571 3460 2652; baseline -0.01 -19"><span class='ocrx_word' id='word_1_499' title='bbox 2142 2582 2284 2652; x_wconf 78' lang='grc' dir='ltr'>πέρα</span> <span class='ocrx_word' id='word_1_500' title='bbox 2320 2582 2549 2634; x_wconf 82' lang='grc' dir='ltr'>θανάτου</span> <span class='ocrx_word' id='word_1_501' title='bbox 2578 2581 2671 2633; x_wconf 71' lang='grc' dir='ltr'>καὶ</span> <span class='ocrx_word' id='word_1_502' title='bbox 2704 2577 2907 2648; x_wconf 73' lang='grc' dir='ltr'>φθορᾶς</span> <span class='ocrx_word' id='word_1_503' title='bbox 2938 2574 3200 2644; x_wconf 81' lang='grc' dir='ltr'>ἀμείνων,</span> <span class='ocrx_word' id='word_1_504' title='bbox 3235 2571 3306 2633; x_wconf 82' lang='grc' dir='ltr'><strong>ῶς</strong></span> <span class='ocrx_word' id='word_1_505' title='bbox 3334 2571 3460 2639; x_wconf 77' lang='grc' dir='ltr'>ζωή.</span> 
     </span>
    </p>
   </div>
   <div class='ocr_carea' id='block_1_71' title="bbox 2216 2758 2660 2829">
    <p class='ocr_par' dir='ltr' id='par_1_71' title="bbox 2216 2758 2660 2829">
     <span class='ocr_line' id='line_1_72' title="bbox 2216 2758 2660 2829; baseline -0.007 -14"><span class='ocrx_word' id='word_1_506' title='bbox 2216 2761 2275 2815; x_wconf 86' lang='grc' dir='ltr'><strong>Β.</strong></span> <span class='ocrx_word' id='word_1_507' title='bbox 2313 2759 2470 2814; x_wconf 74' lang='grc' dir='ltr'>Οῦτω</span> <span class='ocrx_word' id='word_1_508' title='bbox 2497 2758 2660 2829; x_wconf 80' lang='grc' dir='ltr'>φημί.</span> 
     </span>
    </p>
   </div>
   <div class='ocr_carea' id='block_1_72' title="bbox 2214 2840 3741 2927">
    <p class='ocr_par' dir='ltr' id='par_1_72' title="bbox 2214 2840 3741 2918">
     <span class='ocr_line' id='line_1_73' title="bbox 2214 2840 3741 2918; baseline -0.009 -12"><span class='ocrx_word' id='word_1_509' title='bbox 2214 2858 2277 2905; x_wconf 78' lang='grc' dir='ltr'><strong>Α.</strong></span> <span class='ocrx_word' id='word_1_510' title='bbox 2312 2849 2446 2906; x_wconf 75' lang='grc' dir='ltr'>Εἶτα</span> <span class='ocrx_word' id='word_1_511' title='bbox 2490 2851 2607 2914; x_wconf 87' lang='grc' dir='ltr'><strong>πῶς</strong></span> <span class='ocrx_word' id='word_1_512' title='bbox 2654 2849 2877 2918; x_wconf 80' lang='grc' dir='ltr'>γέγονεν</span> <span class='ocrx_word' id='word_1_513' title='bbox 2935 2848 2992 2899; x_wconf 80' lang='grc' dir='ltr'><strong>ἐν</strong></span> <span class='ocrx_word' id='word_1_514' title='bbox 3031 2847 3264 2915; x_wconf 79' lang='grc' dir='ltr'>νεκροῖς,</span> <span class='ocrx_word' id='word_1_515' title='bbox 3308 2843 3403 2896; x_wconf 73' lang='grc' dir='ltr'><strong>καὶ</strong></span> <span class='ocrx_word' id='word_1_516' title='bbox 3450 2840 3741 2911; x_wconf 73' lang='grc' dir='ltr'>ἐλεύθερος</span> 
     </span>
    </p>
   </div>
   <div class='ocr_carea' id='block_1_73' title="bbox 2145 2932 3737 3013">
    <p class='ocr_par' dir='ltr' id='par_1_73' title="bbox 2145 2932 3737 3013">
     <span class='ocr_line' id='line_1_74' title="bbox 2145 2932 3737 3013; baseline -0.01 -14"><span class='ocrx_word' id='word_1_517' title='bbox 2145 2946 2241 3013; x_wconf 80' lang='grc' dir='ltr'><strong>ὢν,</strong></span> <span class='ocrx_word' id='word_1_518' title='bbox 2285 2944 2428 2998; x_wconf 67' lang='grc' dir='ltr'>κατὰ</span> <span class='ocrx_word' id='word_1_519' title='bbox 2470 2942 2571 3004; x_wconf 76' lang='grc' dir='ltr'><strong>τὰς</strong></span> <span class='ocrx_word' id='word_1_520' title='bbox 2622 2939 2880 3011; x_wconf 67' lang='grc' dir='ltr'>Γραφάς;</span> <span class='ocrx_word' id='word_1_521' title='bbox 2931 2937 3168 3007; x_wconf 86' lang='grc' dir='ltr'>Τεθναίη</span> <span class='ocrx_word' id='word_1_522' title='bbox 3207 2936 3315 3005; x_wconf 85' lang='grc' dir='ltr'>γὰρ</span> <span class='ocrx_word' id='word_1_523' title='bbox 3354 2935 3418 2987; x_wconf 87' lang='grc' dir='ltr'>ἂν</span> <span class='ocrx_word' id='word_1_524' title='bbox 3464 2932 3579 2985; x_wconf 57' lang='lat' dir='ltr'><strong>oin</strong></span> <span class='ocrx_word' id='word_1_525' title='bbox 3631 2949 3737 2984; x_wconf 75' lang='grc' dir='ltr'><strong>που</strong></span> 
     </span>
    </p>
   </div>
   <div class='ocr_carea' id='block_1_74' title="bbox 2071 3035 2762 3125">
    <p class='ocr_par' dir='ltr' id='par_1_74' title="bbox 2071 3035 2762 3125">
     <span class='ocr_line' id='line_1_75' title="bbox 2071 3035 2762 3125; baseline -0.009 -33"><span class='ocrx_word' id='word_1_526' title='bbox 2071 3069 2113 3125; x_wconf 77' lang='lat' dir='ltr'><strong><em>C</em></strong></span> <span class='ocrx_word' id='word_1_527' title='bbox 2147 3038 2268 3092; x_wconf 79' lang='grc' dir='ltr'>καθ’</span> <span class='ocrx_word' id='word_1_528' title='bbox 2295 3036 2484 3090; x_wconf 75' lang='grc' dir='ltr'>ἑαυτὸν</span> <span class='ocrx_word' id='word_1_529' title='bbox 2513 3037 2540 3087; x_wconf 89' lang='grc' dir='ltr'>ὁ</span> <span class='ocrx_word' id='word_1_530' title='bbox 2572 3035 2762 3102; x_wconf 81' lang='grc' dir='ltr'>Λόγος.</span> 
     </span>
    </p>
   </div>
   <div class='ocr_carea' id='block_1_75' title="bbox 2218 3121 3739 3203">
    <p class='ocr_par' dir='ltr' id='par_1_75' title="bbox 2218 3121 3739 3203">
     <span class='ocr_line' id='line_1_76' title="bbox 2218 3121 3739 3203; baseline -0.012 -12"><span class='ocrx_word' id='word_1_531' title='bbox 2218 3139 2280 3191; x_wconf 90' lang='grc' dir='ltr'><strong>Β.</strong></span> <span class='ocrx_word' id='word_1_532' title='bbox 2315 3138 2437 3189; x_wconf 87' lang='grc' dir='ltr'>Ὅτι</span> <span class='ocrx_word' id='word_1_533' title='bbox 2457 3132 2763 3203; x_wconf 75' lang='grc' dir='ltr'>τεθνεώσης</span> <span class='ocrx_word' id='word_1_534' title='bbox 2797 3129 2960 3184; x_wconf 75' lang='grc' dir='ltr'>αὑτοῦ</span> <span class='ocrx_word' id='word_1_535' title='bbox 2988 3129 3088 3200; x_wconf 77' lang='grc' dir='ltr'>τῆς</span> <span class='ocrx_word' id='word_1_536' title='bbox 3133 3126 3356 3198; x_wconf 70' lang='grc' dir='ltr'>σαρκὸς,</span> <span class='ocrx_word' id='word_1_537' title='bbox 3387 3122 3546 3186; x_wconf 72' lang='grc' dir='ltr'>αὐτὸς</span> <span class='ocrx_word' id='word_1_538' title='bbox 3577 3121 3739 3174; x_wconf 83' lang='grc' dir='ltr'>τοῦτο</span> 
     </span>
    </p>
   </div>
   <div class='ocr_carea' id='block_1_76' title="bbox 2145 3221 2606 3292">
    <p class='ocr_par' dir='ltr' id='par_1_76' title="bbox 2145 3221 2606 3292">
     <span class='ocr_line' id='line_1_77' title="bbox 2145 3221 2606 3292; baseline -0.009 -14"><span class='ocrx_word' id='word_1_539' title='bbox 2145 3224 2363 3292; x_wconf 79' lang='grc' dir='ltr'>λέγεται</span> <span class='ocrx_word' id='word_1_540' title='bbox 2394 3221 2606 3274; x_wconf 81' lang='grc' dir='ltr'>παθεῖν.</span> 
     </span>
    </p>
   </div>
   <div class='ocr_carea' id='block_1_77' title="bbox 2217 3305 3740 3388">
    <p class='ocr_par' dir='ltr' id='par_1_77' title="bbox 2217 3305 3740 3388">
     <span class='ocr_line' id='line_1_78' title="bbox 2217 3305 3740 3388; baseline -0.009 -18"><span class='ocrx_word' id='word_1_541' title='bbox 2217 3320 2281 3374; x_wconf 85' lang='grc' dir='ltr'><strong>Α.</strong></span> <span class='ocrx_word' id='word_1_542' title='bbox 2320 3314 2621 3388; x_wconf 81' lang='grc' dir='ltr'>Ὀρθότατά</span> <span class='ocrx_word' id='word_1_543' title='bbox 2665 3331 2728 3382; x_wconf 86' lang='grc' dir='ltr'><strong>γε</strong></span> <span class='ocrx_word' id='word_1_544' title='bbox 2776 3313 2868 3366; x_wconf 80' lang='grc' dir='ltr'><strong>καὶ</strong></span> <span class='ocrx_word' id='word_1_545' title='bbox 2903 3310 3178 3373; x_wconf 83' lang='grc' dir='ltr'>ἀπλανῶς.</span> <span class='ocrx_word' id='word_1_546' title='bbox 3232 3307 3464 3372; x_wconf 77' lang='grc' dir='ltr'>Οὐκοῦν,</span> <span class='ocrx_word' id='word_1_547' title='bbox 3505 3306 3565 3359; x_wconf 76' lang='grc' dir='ltr'>οὐ</span> <span class='ocrx_word' id='word_1_548' title='bbox 3612 3305 3740 3374; x_wconf 79' lang='grc' dir='ltr'>δίχα</span> 
     </span>
    </p>
   </div>
   <div class='ocr_carea' id='block_1_78' title="bbox 2147 3398 3738 3481">
    <p class='ocr_par' dir='ltr' id='par_1_78' title="bbox 2147 3398 3738 3481">
     <span class='ocr_line' id='line_1_79' title="bbox 2147 3398 3738 3481; baseline -0.008 -17"><span class='ocrx_word' id='word_1_549' title='bbox 2147 3409 2370 3481; x_wconf 83' lang='grc' dir='ltr'>σαρκὸς.</span> <span class='ocrx_word' id='word_1_550' title='bbox 2401 3409 2496 3461; x_wconf 75' lang='grc' dir='ltr'><strong>σὺν</strong></span> <span class='ocrx_word' id='word_1_551' title='bbox 2525 3408 2662 3476; x_wconf 81' lang='grc' dir='ltr'>αὐτῇ</span> <span class='ocrx_word' id='word_1_552' title='bbox 2694 3407 2751 3458; x_wconf 79' lang='grc' dir='ltr'><strong>δὲ</strong></span> <span class='ocrx_word' id='word_1_553' title='bbox 2783 3404 2985 3475; x_wconf 83' lang='grc' dir='ltr'>μᾶλλον</span> <span class='ocrx_word' id='word_1_554' title='bbox 3009 3404 3112 3457; x_wconf 68' lang='grc' dir='ltr'>καὶ·</span> <span class='ocrx_word' id='word_1_555' title='bbox 3140 3402 3258 3474; x_wconf 81' lang='grc' dir='ltr'>μετ’</span> <span class='ocrx_word' id='word_1_556' title='bbox 3285 3401 3477 3471; x_wconf 76' lang='grc' dir='ltr'>αὐτῆς,</span> <span class='ocrx_word' id='word_1_557' title='bbox 3512 3398 3612 3481; x_wconf 72' lang='grc' dir='ltr'><strong>τῂν</strong></span> <span class='ocrx_word' id='word_1_558' title='bbox 3639 3400 3738 3466; x_wconf 74' lang='grc' dir='ltr'>τῆς</span> 
     </span>
    </p>
   </div>
   <div class='ocr_carea' id='block_1_79' title="bbox 2148 3472 3739 3570">
    <p class='ocr_par' dir='ltr' id='par_1_79' title="bbox 2148 3472 3739 3570">
     <span class='ocr_line' id='line_1_80' title="bbox 2148 3472 3739 3570; baseline -0.011 -16"><span class='ocrx_word' id='word_1_559' title='bbox 2148 3500 2470 3570; x_wconf 80' lang='grc' dir='ltr'>κυριότητος</span> <span class='ocrx_word' id='word_1_560' title='bbox 2517 3496 2818 3567; x_wconf 82' lang='grc' dir='ltr'>ἀνεδήσατο</span> <span class='ocrx_word' id='word_1_561' title='bbox 2873 3494 3057 3559; x_wconf 77' lang='grc' dir='ltr'>δόξαν,</span> <span class='ocrx_word' id='word_1_562' title='bbox 3108 3472 3151 3549; x_wconf 18' lang='lat' dir='ltr'><strong>6V</strong></span> <span class='ocrx_word' id='word_1_563' title='bbox 3193 3493 3344 3562; x_wconf 84' lang='grc' dir='ltr'>νόμῳ</span> <span class='ocrx_word' id='word_1_564' title='bbox 3400 3472 3603 3558; x_wconf 60' lang='grc' dir='ltr'>σαρκός</span> <span class='ocrx_word' id='word_1_565' title='bbox 3644 3487 3739 3539; x_wconf 70' lang='grc' dir='ltr'><strong>καὶ</strong></span> 
     </span>
    </p>
   </div>
   <div class='ocr_carea' id='block_1_80' title="bbox 2150 3579 3739 3664">
    <p class='ocr_par' dir='ltr' id='par_1_80' title="bbox 2150 3579 3739 3664">
     <span class='ocr_line' id='line_1_81' title="bbox 2150 3579 3739 3664; baseline -0.009 -18"><span class='ocrx_word' id='word_1_566' title='bbox 2150 3592 2310 3664; x_wconf 80' lang='grc' dir='ltr'>φύσει</span> <span class='ocrx_word' id='word_1_567' title='bbox 2341 3593 2409 3661; x_wconf 77' lang='grc' dir='ltr'>τῇ</span> <span class='ocrx_word' id='word_1_568' title='bbox 2441 3590 2565 3647; x_wconf 77' lang='grc' dir='ltr'>καθ’</span> <span class='ocrx_word' id='word_1_569' title='bbox 2598 3590 2744 3659; x_wconf 75' lang='grc' dir='ltr'>ἡμᾶς</span> <span class='ocrx_word' id='word_1_570' title='bbox 2775 3586 3009 3650; x_wconf 86' lang='grc' dir='ltr'>τεθνεώς</span> <span class='ocrx_word' id='word_1_571' title='bbox 3054 3587 3147 3640; x_wconf 78' lang='grc' dir='ltr'>καὶ</span> <span class='ocrx_word' id='word_1_572' title='bbox 3177 3583 3570 3656; x_wconf 78' lang='grc' dir='ltr'>ἐγηγερμένος.</span> <span class='ocrx_word' id='word_1_573' title='bbox 3614 3579 3739 3633; x_wconf 75' lang='grc' dir='ltr'><strong>Ἀν-</strong></span> 
     </span>
    </p>
   </div>
   <div class='ocr_carea' id='block_1_81' title="bbox 2151 3672 3738 3758">
    <p class='ocr_par' dir='ltr' id='par_1_81' title="bbox 2151 3672 3738 3758">
     <span class='ocr_line' id='line_1_82' title="bbox 2151 3672 3738 3758; baseline -0.011 -16"><span class='ocrx_word' id='word_1_574' title='bbox 2151 3684 2423 3758; x_wconf 88' lang='grc' dir='ltr'>θρώπινον</span> <span class='ocrx_word' id='word_1_575' title='bbox 2448 3684 2544 3753; x_wconf 76' lang='grc' dir='ltr'><strong>μὲν</strong></span> <span class='ocrx_word' id='word_1_576' title='bbox 2565 3681 2625 3735; x_wconf 75' lang='grc' dir='ltr'><strong>τὸ</strong></span> <span class='ocrx_word' id='word_1_577' title='bbox 2646 3681 2896 3735; x_wconf 82' lang='grc' dir='ltr'>τεθνάναι</span> <span class='ocrx_word' id='word_1_578' title='bbox 2929 3679 3122 3744; x_wconf 85' lang='grc' dir='ltr'>πάθος,</span> <span class='ocrx_word' id='word_1_579' title='bbox 3171 3678 3451 3747; x_wconf 73' lang='grc' dir='ltr'>ἐνέργημα</span> <span class='ocrx_word' id='word_1_580' title='bbox 3474 3674 3532 3727; x_wconf 84' lang='grc' dir='ltr'>δὲ</span> <span class='ocrx_word' id='word_1_581' title='bbox 3558 3672 3738 3727; x_wconf 73' lang='grc' dir='ltr'>θεῖκὸν</span> 
     </span>
    </p>
   </div>
   <div class='ocr_carea' id='block_1_82' title="bbox 2150 3766 3793 3841">
    <p class='ocr_par' dir='ltr' id='par_1_82' title="bbox 2150 3766 3793 3841">
     <span class='ocr_line' id='line_1_83' title="bbox 2150 3766 3793 3841; baseline -0.01 -9"><span class='ocrx_word' id='word_1_582' title='bbox 2150 3778 2210 3833; x_wconf 80' lang='grc' dir='ltr'><strong>τὸ</strong></span> <span class='ocrx_word' id='word_1_583' title='bbox 2252 3774 2556 3832; x_wconf 75' lang='grc' dir='ltr'>ἀναϐιῶναι</span> <span class='ocrx_word' id='word_1_584' title='bbox 2606 3773 2841 3839; x_wconf 80' lang='grc' dir='ltr'>δεικνὺς,</span> <span class='ocrx_word' id='word_1_585' title='bbox 2901 3772 2986 3825; x_wconf 82' lang='grc' dir='ltr'>ἵνα</span> <span class='ocrx_word' id='word_1_586' title='bbox 3016 3772 3085 3825; x_wconf 82' lang='grc' dir='ltr'><strong>δι’</strong></span> <span class='ocrx_word' id='word_1_587' title='bbox 3134 3771 3335 3841; x_wconf 79' lang='grc' dir='ltr'>ἀμφοῖν</span> <span class='ocrx_word' id='word_1_588' title='bbox 3379 3766 3735 3837; x_wconf 81' lang='grc' dir='ltr'>γνωρίζηται,</span> <span class='ocrx_word' id='word_1_589' title='bbox 3788 3775 3793 3780; x_wconf 85' lang='grc'><strong>”</strong></span> 
     </span>
    </p>
   </div>
   <div class='ocr_carea' id='block_1_83' title="bbox 2154 3860 3736 3939">
    <p class='ocr_par' dir='ltr' id='par_1_83' title="bbox 2154 3860 3736 3939">
     <span class='ocr_line' id='line_1_84' title="bbox 2154 3860 3736 3939; baseline -0.011 -14"><span class='ocrx_word' id='word_1_590' title='bbox 2154 3870 2277 3924; x_wconf 81' lang='grc' dir='ltr'>καθ’</span> <span class='ocrx_word' id='word_1_591' title='bbox 2312 3870 2463 3939; x_wconf 76' lang='grc' dir='ltr'>ἡμᾶς</span> <span class='ocrx_word' id='word_1_592' title='bbox 2491 3885 2550 3920; x_wconf 88' lang='grc' dir='ltr'><strong>τε</strong></span> <span class='ocrx_word' id='word_1_593' title='bbox 2578 3865 2695 3937; x_wconf 76' lang='grc' dir='ltr'><strong>ἅμα</strong></span> <span class='ocrx_word' id='word_1_594' title='bbox 2722 3866 2817 3918; x_wconf 75' lang='grc' dir='ltr'>καὶ</span> <span class='ocrx_word' id='word_1_595' title='bbox 2846 3865 2987 3935; x_wconf 78' lang='grc' dir='ltr'>ὑπὲρ</span> <span class='ocrx_word' id='word_1_596' title='bbox 3014 3865 3163 3934; x_wconf 78' lang='grc' dir='ltr'>ἡμᾶς</span> <span class='ocrx_word' id='word_1_597' title='bbox 3192 3863 3267 3926; x_wconf 89' lang='grc' dir='ltr'><strong>ώς</strong></span> <span class='ocrx_word' id='word_1_598' title='bbox 3292 3861 3425 3924; x_wconf 77' lang='grc' dir='ltr'>Θεὸς</span> <span class='ocrx_word' id='word_1_599' title='bbox 3448 3860 3558 3914; x_wconf 89' lang='grc' dir='ltr'><strong>τῶν</strong></span> <span class='ocrx_word' id='word_1_600' title='bbox 3579 3860 3736 3921; x_wconf 82' lang='grc' dir='ltr'>ὅλων,</span> 
     </span>
    </p>
   </div>
   <div class='ocr_carea' id='block_1_84' title="bbox 2155 3953 3738 4031">
    <p class='ocr_par' dir='ltr' id='par_1_84' title="bbox 2155 3953 3738 4031">
     <span class='ocr_line' id='line_1_85' title="bbox 2155 3953 3738 4031; baseline -0.008 -13"><span class='ocrx_word' id='word_1_601' title='bbox 2155 3964 2250 4018; x_wconf 70' lang='grc' dir='ltr'>καὶ</span> <span class='ocrx_word' id='word_1_602' title='bbox 2275 3962 2395 4030; x_wconf 83' lang='grc' dir='ltr'>μεθ’</span> <span class='ocrx_word' id='word_1_603' title='bbox 2426 3960 2586 4031; x_wconf 80' lang='grc' dir='ltr'>ήμῶν</span> <span class='ocrx_word' id='word_1_604' title='bbox 2614 3960 2878 4028; x_wconf 79' lang='grc' dir='ltr'>γεγονὼς,</span> <span class='ocrx_word' id='word_1_605' title='bbox 2908 3958 3084 4028; x_wconf 83' lang='grc' dir='ltr'>ὁρῷτο</span> <span class='ocrx_word' id='word_1_606' title='bbox 3114 3956 3256 4027; x_wconf 85' lang='grc' dir='ltr'><strong>μετά</strong></span> <span class='ocrx_word' id='word_1_607' title='bbox 3290 3954 3523 4025; x_wconf 85' lang='grc' dir='ltr'>Πατρός.</span> <span class='ocrx_word' id='word_1_608' title='bbox 3554 3953 3738 4015; x_wconf 74' lang='grc' dir='ltr'>Οὕτως</span> 
     </span>
    </p>
   </div>
   <div class='ocr_carea' id='block_1_85' title="bbox 2155 4046 3734 4123">
    <p class='ocr_par' dir='ltr' id='par_1_85' title="bbox 2155 4046 3734 4123">
     <span class='ocr_line' id='line_1_86' title="bbox 2155 4046 3734 4123; baseline -0.006 -14"><span class='ocrx_word' id='word_1_609' title='bbox 2155 4053 2317 4109; x_wconf 80' lang='grc' dir='ltr'>αὑτὸν</span> <span class='ocrx_word' id='word_1_610' title='bbox 2344 4056 2373 4108; x_wconf 90' lang='lat'><strong>6</strong></span> <span class='ocrx_word' id='word_1_611' title='bbox 2406 4050 2704 4123; x_wconf 78' lang='grc' dir='ltr'>Ναθαναὴλ</span> <span class='ocrx_word' id='word_1_612' title='bbox 2747 4052 3150 4118; x_wconf 77' lang='grc' dir='ltr'>ἐπιγινώσκων,</span> <span class='ocrx_word' id='word_1_613' title='bbox 3186 4048 3412 4118; x_wconf 78' lang='grc' dir='ltr'>ἔφασκε·</span> <span class='ocrx_word' id='word_1_614' title='bbox 3466 4067 3485 4098; x_wconf 83' lang='grc' dir='ltr'>ι</span> <span class='ocrx_word' id='word_1_615' title='bbox 3528 4046 3734 4107; x_wconf 73' lang='grc' dir='ltr'>Ῥασσὶ,</span> 
     </span>
    </p>
   </div>
   <div class='ocr_carea' id='block_1_86' title="bbox 2157 4137 3735 4211">
    <p class='ocr_par' dir='ltr' id='par_1_86' title="bbox 2157 4137 3735 4211">
     <span class='ocr_line' id='line_1_87' title="bbox 2157 4137 3735 4211; baseline -0.007 -11"><span class='ocrx_word' id='word_1_616' title='bbox 2157 4149 2223 4200; x_wconf 80' lang='grc' dir='ltr'><strong>σὺ</strong></span> <span class='ocrx_word' id='word_1_617' title='bbox 2283 4143 2335 4199; x_wconf 71' lang='grc' dir='ltr'>εἷ</span> <span class='ocrx_word' id='word_1_618' title='bbox 2393 4148 2422 4201; x_wconf 85' lang='grc' dir='ltr'><strong>ὁ</strong></span> <span class='ocrx_word' id='word_1_619' title='bbox 2489 4146 2615 4209; x_wconf 68' lang='grc' dir='ltr'><strong>Υἱὸς</strong></span> <span class='ocrx_word' id='word_1_620' title='bbox 2674 4143 2770 4198; x_wconf 88' lang='grc' dir='ltr'><strong>τοῦ</strong></span> <span class='ocrx_word' id='word_1_621' title='bbox 2826 4142 2998 4209; x_wconf 85' lang='grc' dir='ltr'>Θεοῦ,</span> <span class='ocrx_word' id='word_1_622' title='bbox 3062 4144 3128 4197; x_wconf 77' lang='grc' dir='ltr'><strong>σὺ</strong></span> <span class='ocrx_word' id='word_1_623' title='bbox 3177 4138 3229 4195; x_wconf 82' lang='grc' dir='ltr'>εἷ</span> <span class='ocrx_word' id='word_1_624' title='bbox 3272 4144 3301 4196; x_wconf 89' lang='lat'><strong>6</strong></span> <span class='ocrx_word' id='word_1_625' title='bbox 3344 4139 3597 4211; x_wconf 80' lang='grc' dir='ltr'>βασιλεὺς</span> <span class='ocrx_word' id='word_1_626' title='bbox 3647 4137 3735 4192; x_wconf 80' lang='grc' dir='ltr'><strong>τοῦ</strong></span> 
     </span>
    </p>
   </div>
   <div class='ocr_carea' id='block_1_87' title="bbox 2156 4232 3737 4311">
    <p class='ocr_par' dir='ltr' id='par_1_87' title="bbox 2156 4232 3737 4311">
     <span class='ocr_line' id='line_1_88' title="bbox 2156 4232 3737 4311; baseline -0.006 -17"><span class='ocrx_word' id='word_1_627' title='bbox 2156 4239 2397 4311; x_wconf 77' lang='grc' dir='ltr'>Ἰσραήλ.</span> <span class='ocrx_word' id='word_1_628' title='bbox 2428 4257 2446 4290; x_wconf 77' lang='grc' dir='ltr'><strong>ι</strong></span> <span class='ocrx_word' id='word_1_629' title='bbox 2470 4238 2639 4301; x_wconf 78' lang='grc' dir='ltr'>Αὐτὸς</span> <span class='ocrx_word' id='word_1_630' title='bbox 2664 4238 2721 4291; x_wconf 83' lang='grc' dir='ltr'><strong>δὲ</strong></span> <span class='ocrx_word' id='word_1_631' title='bbox 2745 4240 2858 4301; x_wconf 86' lang='grc' dir='ltr'>τοῖς</span> <span class='ocrx_word' id='word_1_632' title='bbox 2877 4236 3070 4290; x_wconf 73' lang='grc' dir='ltr'>ἑαυτοῦ</span> <span class='ocrx_word' id='word_1_633' title='bbox 3094 4233 3385 4306; x_wconf 85' lang='grc' dir='ltr'>μαθηταῖς·</span> <span class='ocrx_word' id='word_1_634' title='bbox 3415 4250 3432 4285; x_wconf 88' lang='grc' dir='ltr'>ι</span> <span class='ocrx_word' id='word_1_635' title='bbox 3464 4233 3657 4302; x_wconf 78' lang='grc' dir='ltr'>Ὑμεῖς</span> <span class='ocrx_word' id='word_1_636' title='bbox 3683 4232 3737 4284; x_wconf 79' lang='grc' dir='ltr'><strong>δὲ</strong></span> 
     </span>
    </p>
   </div>
   <div class='ocr_carea' id='block_1_88' title="bbox 475 4324 2038 4401">
    <p class='ocr_par' dir='ltr' id='par_1_88' title="bbox 475 4330 2038 4401">
     <span class='ocr_line' id='line_1_89' title="bbox 475 4330 2038 4401; baseline -0.006 -10"><span class='ocrx_word' id='word_1_637' title='bbox 475 4347 657 4391; x_wconf 76' lang='lat' dir='ltr'><strong>autem</strong></span> <span class='ocrx_word' id='word_1_638' title='bbox 683 4334 888 4390; x_wconf 80' lang='lat' dir='ltr'><strong>vocatis</strong></span> <span class='ocrx_word' id='word_1_639' title='bbox 919 4349 1001 4388; x_wconf 84' lang='lat' dir='ltr'><strong>me</strong></span> <span class='ocrx_word' id='word_1_640' title='bbox 1030 4330 1319 4387; x_wconf 92' lang='lat' dir='ltr'><strong>Dominum</strong></span> <span class='ocrx_word' id='word_1_641' title='bbox 1350 4340 1406 4386; x_wconf 83' lang='lat' dir='ltr'><strong>et</strong></span> <span class='ocrx_word' id='word_1_642' title='bbox 1437 4330 1789 4401; x_wconf 77' lang='lat' dir='ltr'><strong>magistrum;</strong></span> <span class='ocrx_word' id='word_1_643' title='bbox 1826 4342 1881 4385; x_wconf 90' lang='lat' dir='ltr'><strong>et</strong></span> <span class='ocrx_word' id='word_1_644' title='bbox 1912 4342 2038 4385; x_wconf 84' lang='lat' dir='ltr'><strong>recu</strong></span> 
     </span>
    </p>
   </div>
   <div class='ocr_carea' id='block_1_89' title="bbox 2148 4324 3737 4401">
    <p class='ocr_par' dir='ltr' id='par_1_89' title="bbox 2159 4324 3737 4401">
     <span class='ocr_line' id='line_1_90' title="bbox 2159 4324 3737 4401; baseline -0.008 -15"><span class='ocrx_word' id='word_1_645' title='bbox 2159 4331 2373 4386; x_wconf 81' lang='grc' dir='ltr'>καλεῖτέ</span> <span class='ocrx_word' id='word_1_646' title='bbox 2416 4348 2504 4400; x_wconf 86' lang='grc' dir='ltr'><strong>με,</strong></span> <span class='ocrx_word' id='word_1_647' title='bbox 2550 4330 2739 4401; x_wconf 74' lang='grc' dir='ltr'>φησὶν,</span> <span class='ocrx_word' id='word_1_648' title='bbox 2784 4330 2811 4381; x_wconf 86' lang='grc' dir='ltr'>ὁ</span> <span class='ocrx_word' id='word_1_649' title='bbox 2861 4328 3064 4399; x_wconf 77' lang='grc' dir='ltr'>Κύριος</span> <span class='ocrx_word' id='word_1_650' title='bbox 3109 4328 3207 4380; x_wconf 72' lang='grc' dir='ltr'>καὶ</span> <span class='ocrx_word' id='word_1_651' title='bbox 3252 4326 3603 4389; x_wconf 82' lang='grc' dir='ltr'>διδάσκαλος,</span> <span class='ocrx_word' id='word_1_652' title='bbox 3646 4324 3737 4377; x_wconf 76' lang='grc' dir='ltr'><strong>καὶ</strong></span> 
     </span>
    </p>
   </div>
   <div class='ocr_carea' id='block_1_90' title="bbox 478 4415 2038 4493">
    <p class='ocr_par' dir='ltr' id='par_1_90' title="bbox 478 4418 2038 4493">
     <span class='ocr_line' id='line_1_91' title="bbox 478 4418 2038 4493; baseline -0.005 -8"><span class='ocrx_word' id='word_1_653' title='bbox 478 4428 686 4493; x_wconf 84' lang='lat' dir='ltr'><strong>dicitis,</strong></span> <span class='ocrx_word' id='word_1_654' title='bbox 724 4441 841 4481; x_wconf 91' lang='lat' dir='ltr'><strong>sum</strong></span> <span class='ocrx_word' id='word_1_655' title='bbox 880 4424 1025 4480; x_wconf 88' lang='lat' dir='ltr'><strong>enim</strong></span> <span class='ocrx_word' id='word_1_656' title='bbox 1055 4424 1122 4475; x_wconf 81' lang='grc'><strong>³⁰.</strong></span> <span class='ocrx_word' id='word_1_657' title='bbox 1168 4441 1188 4474; x_wconf 78' lang='grc' dir='ltr'><strong>ι</strong></span> <span class='ocrx_word' id='word_1_658' title='bbox 1227 4422 1307 4478; x_wconf 81' lang='lat' dir='ltr'><strong>Re</strong></span> <span class='ocrx_word' id='word_1_659' title='bbox 1340 4434 1520 4476; x_wconf 87' lang='lat' dir='ltr'><strong>autem</strong></span> <span class='ocrx_word' id='word_1_660' title='bbox 1558 4422 1673 4490; x_wconf 89' lang='lat' dir='ltr'><strong>ipsa</strong></span> <span class='ocrx_word' id='word_1_661' title='bbox 1710 4418 1775 4477; x_wconf 13' lang='lat' dir='ltr'><strong>id»</strong></span> <span class='ocrx_word' id='word_1_662' title='bbox 1800 4437 2038 4492; x_wconf 88' lang='lat' dir='ltr'><strong>compro-</strong></span> 
     </span>
    </p>
   </div>
   <div class='ocr_carea' id='block_1_91' title="bbox 2148 4415 3738 4493">
    <p class='ocr_par' dir='ltr' id='par_1_91' title="bbox 2160 4415 3738 4492">
     <span class='ocr_line' id='line_1_92' title="bbox 2160 4415 3738 4492; baseline -0.006 -14"><span class='ocrx_word' id='word_1_663' title='bbox 2160 4423 2340 4488; x_wconf 87' lang='grc' dir='ltr'>καλῶς</span> <span class='ocrx_word' id='word_1_664' title='bbox 2370 4423 2581 4492; x_wconf 84' lang='grc' dir='ltr'>λέγετε·</span> <span class='ocrx_word' id='word_1_665' title='bbox 2614 4423 2731 4492; x_wconf 75' lang='grc' dir='ltr'>εἰμὶ</span> <span class='ocrx_word' id='word_1_666' title='bbox 2756 4421 2884 4492; x_wconf 74' lang='grc' dir='ltr'>γάρ.</span> <span class='ocrx_word' id='word_1_667' title='bbox 2917 4439 2935 4471; x_wconf 84' lang='grc' dir='ltr'><strong>ι</strong></span> <span class='ocrx_word' id='word_1_668' title='bbox 2974 4419 3234 4491; x_wconf 80' lang='grc' dir='ltr'><strong>Ἔργῳδὲ</strong></span> <span class='ocrx_word' id='word_1_669' title='bbox 3258 4418 3390 4471; x_wconf 69' lang='grc' dir='ltr'>αὐτὸ</span> <span class='ocrx_word' id='word_1_670' title='bbox 3417 4415 3738 4487; x_wconf 81' lang='grc' dir='ltr'>πιστευόμε-</span> 
     </span>
    </p>
   </div>
   <div class='ocr_carea' id='block_1_92' title="bbox 476 4515 2054 4589">
    <p class='ocr_par' dir='ltr' id='par_1_92' title="bbox 476 4515 2054 4589">
     <span class='ocr_line' id='line_1_93' title="bbox 476 4515 2054 4589; baseline -0.004 -12"><span class='ocrx_word' id='word_1_671' title='bbox 476 4524 631 4586; x_wconf 81' lang='lat' dir='ltr'><strong>bans,</strong></span> <span class='ocrx_word' id='word_1_672' title='bbox 662 4519 889 4576; x_wconf 86' lang='lat' dir='ltr'><strong>remittit</strong></span> <span class='ocrx_word' id='word_1_673' title='bbox 918 4526 1160 4589; x_wconf 84' lang='lat' dir='ltr'><strong>peccata,</strong></span> <span class='ocrx_word' id='word_1_674' title='bbox 1188 4524 1241 4571; x_wconf 91' lang='lat' dir='ltr'><strong>et</strong></span> <span class='ocrx_word' id='word_1_675' title='bbox 1270 4524 1592 4585; x_wconf 86' lang='lat' dir='ltr'><strong>potestatem</strong></span> <span class='ocrx_word' id='word_1_676' title='bbox 1621 4516 1769 4569; x_wconf 88' lang='lat' dir='ltr'><strong>dedit</strong></span> <span class='ocrx_word' id='word_1_677' title='bbox 1797 4515 2054 4571; x_wconf 82' lang='lat' dir='ltr'><strong>adversus</strong></span> 
     </span>
    </p>
   </div>
   <div class='ocr_carea' id='block_1_93' title="bbox 478 4608 2057 4685">
    <p class='ocr_par' dir='ltr' id='par_1_93' title="bbox 478 4608 2057 4685">
     <span class='ocr_line' id='line_1_94' title="bbox 478 4608 2057 4685; baseline -0.006 -16"><span class='ocrx_word' id='word_1_678' title='bbox 478 4613 702 4685; x_wconf 85' lang='lat' dir='ltr'><strong>spiritus</strong></span> <span class='ocrx_word' id='word_1_679' title='bbox 731 4610 1056 4675; x_wconf 87' lang='lat' dir='ltr'><strong>immundos,</strong></span> <span class='ocrx_word' id='word_1_680' title='bbox 1087 4610 1162 4663; x_wconf 79' lang='lat' dir='ltr'><strong>ita</strong></span> <span class='ocrx_word' id='word_1_681' title='bbox 1192 4619 1251 4663; x_wconf 93' lang='lat' dir='ltr'><strong>ut</strong></span> <span class='ocrx_word' id='word_1_682' title='bbox 1281 4608 1487 4677; x_wconf 90' lang='lat' dir='ltr'><strong>possint</strong></span> <span class='ocrx_word' id='word_1_683' title='bbox 1517 4608 1716 4675; x_wconf 85' lang='lat' dir='ltr'><strong>ejicere</strong></span> <span class='ocrx_word' id='word_1_684' title='bbox 1743 4622 1858 4673; x_wconf 89' lang='lat' dir='ltr'><strong>eos,</strong></span> <span class='ocrx_word' id='word_1_685' title='bbox 1887 4616 1943 4662; x_wconf 88' lang='lat' dir='ltr'><strong>et</strong></span> <span class='ocrx_word' id='word_1_686' title='bbox 1966 4623 2057 4663; x_wconf 86' lang='lat' dir='ltr'><strong>sa-</strong></span> 
     </span>
    </p>
   </div>
   <div class='ocr_carea' id='block_1_94' title="bbox 482 4696 2054 4771">
    <p class='ocr_par' dir='ltr' id='par_1_94' title="bbox 482 4696 2054 4771">
     <span class='ocr_line' id='line_1_95' title="bbox 482 4696 2054 4771; baseline -0.001 -14"><span class='ocrx_word' id='word_1_687' title='bbox 482 4719 613 4757; x_wconf 89' lang='lat' dir='ltr'><strong>nare</strong></span> <span class='ocrx_word' id='word_1_688' title='bbox 637 4716 796 4758; x_wconf 88' lang='lat' dir='ltr'><strong>omne</strong></span> <span class='ocrx_word' id='word_1_689' title='bbox 822 4715 1008 4771; x_wconf 76' lang='lat' dir='ltr'><strong>genus.</strong></span> <span class='ocrx_word' id='word_1_690' title='bbox 1024 4700 1193 4754; x_wconf 85' lang='lat' dir='ltr'><strong>morbi</strong></span> <span class='ocrx_word' id='word_1_691' title='bbox 1224 4699 1585 4769; x_wconf 78' lang='lat' dir='ltr'><strong>popularis“.</strong></span> <span class='ocrx_word' id='word_1_692' title='bbox 1611 4696 1803 4754; x_wconf 88' lang='lat' dir='ltr'><strong>Nonne</strong></span> <span class='ocrx_word' id='word_1_693' title='bbox 1830 4700 1972 4754; x_wconf 83' lang='lat' dir='ltr'><strong>enim</strong></span> <span class='ocrx_word' id='word_1_694' title='bbox 2002 4700 2054 4755; x_wconf 89' lang='lat' dir='ltr'><strong>in</strong></span> 
     </span>
    </p>
   </div>
   <div class='ocr_carea' id='block_1_95' title="bbox 480 4790 2055 4850">
    <p class='ocr_par' dir='ltr' id='par_1_95' title="bbox 480 4790 2055 4850">
     <span class='ocr_line' id='line_1_96' title="bbox 480 4790 2055 4850; baseline -0.001 -1"><span class='ocrx_word' id='word_1_695' title='bbox 480 4795 694 4850; x_wconf 89' lang='lat' dir='ltr'><strong>nomine</strong></span> <span class='ocrx_word' id='word_1_696' title='bbox 734 4793 859 4850; x_wconf 81' lang='lat' dir='ltr'><strong>Jesu</strong></span> <span class='ocrx_word' id='word_1_697' title='bbox 903 4795 1102 4849; x_wconf 85' lang='lat' dir='ltr'><strong>Christi</strong></span> <span class='ocrx_word' id='word_1_698' title='bbox 1146 4790 1413 4848; x_wconf 82' lang='lat' dir='ltr'><strong>Nazareni</strong></span> <span class='ocrx_word' id='word_1_699' title='bbox 1457 4803 1686 4848; x_wconf 87' lang='lat' dir='ltr'><strong>sanatur</strong></span> <span class='ocrx_word' id='word_1_700' title='bbox 1722 4791 1948 4848; x_wconf 76' lang='lat' dir='ltr'><strong>claudus</strong></span> <span class='ocrx_word' id='word_1_701' title='bbox 1988 4808 2055 4848; x_wconf 78' lang='lat' dir='ltr'><strong>ex</strong></span> 
     </span>
    </p>
   </div>
   <div class='ocr_carea' id='block_1_96' title="bbox 480 4884 2060 4959">
    <p class='ocr_par' dir='ltr' id='par_1_96' title="bbox 480 4884 2060 4959">
     <span class='ocr_line' id='line_1_97' title="bbox 480 4884 2060 4959; baseline 0 -19"><span class='ocrx_word' id='word_1_702' title='bbox 480 4899 711 4959; x_wconf 89' lang='lat' dir='ltr'><strong>utroque</strong></span> <span class='ocrx_word' id='word_1_703' title='bbox 750 4889 902 4957; x_wconf 88' lang='lat' dir='ltr'><strong>pede,</strong></span> <span class='ocrx_word' id='word_1_704' title='bbox 944 4887 1136 4941; x_wconf 89' lang='lat' dir='ltr'><strong>sedens</strong></span> <span class='ocrx_word' id='word_1_705' title='bbox 1174 4886 1240 4940; x_wconf 86' lang='lat' dir='ltr'><strong>ad</strong></span> <span class='ocrx_word' id='word_1_706' title='bbox 1283 4897 1493 4955; x_wconf 85' lang='lat' dir='ltr'><strong>portam</strong></span> <span class='ocrx_word' id='word_1_707' title='bbox 1533 4899 1653 4955; x_wconf 59' lang='lat' dir='ltr'><strong>quas</strong></span> <span class='ocrx_word' id='word_1_708' title='bbox 1693 4885 1889 4940; x_wconf 91' lang='lat' dir='ltr'><strong>dicitur</strong></span> <span class='ocrx_word' id='word_1_709' title='bbox 1928 4884 2060 4955; x_wconf 87' lang='lat' dir='ltr'><strong>Spe-</strong></span> 
     </span>
    </p>
   </div>
   <div class='ocr_carea' id='block_1_97' title="bbox 480 4978 2059 5047">
    <p class='ocr_par' dir='ltr' id='par_1_97' title="bbox 480 4978 2059 5047">
     <span class='ocr_line' id='line_1_98' title="bbox 480 4978 2059 5047; baseline -0.001 -16"><span class='ocrx_word' id='word_1_710' title='bbox 480 4981 624 5035; x_wconf 76' lang='lat' dir='ltr'><strong>ciosa</strong></span> <span class='ocrx_word' id='word_1_711' title='bbox 646 4979 729 5033; x_wconf 71' lang='grc'><strong>³³2</strong></span> <span class='ocrx_word' id='word_1_712' title='bbox 756 4979 830 5032; x_wconf 86' lang='lat' dir='ltr'><strong>Ita</strong></span> <span class='ocrx_word' id='word_1_713' title='bbox 861 4980 1023 5035; x_wconf 88' lang='lat' dir='ltr'><strong>etiam</strong></span> <span class='ocrx_word' id='word_1_714' title='bbox 1058 4994 1086 5031; x_wconf 88' lang='lat' dir='ltr'><strong>a</strong></span> <span class='ocrx_word' id='word_1_715' title='bbox 1119 4978 1375 5032; x_wconf 88' lang='lat' dir='ltr'><strong>diuturno</strong></span> <span class='ocrx_word' id='word_1_716' title='bbox 1405 4978 1835 5047; x_wconf 86' lang='lat' dir='ltr'><strong>gravissimoque</strong></span> <span class='ocrx_word' id='word_1_717' title='bbox 1871 4978 2059 5034; x_wconf 89' lang='lat' dir='ltr'><strong>morbo</strong></span> 
     </span>
    </p>
   </div>
   <div class='ocr_carea' id='block_1_98' title="bbox 482 5068 2055 5135">
    <p class='ocr_par' dir='ltr' id='par_1_98' title="bbox 482 5068 2055 5135">
     <span class='ocr_line' id='line_1_99' title="bbox 482 5068 2055 5135; baseline -0.001 -11"><span class='ocrx_word' id='word_1_718' title='bbox 482 5072 743 5129; x_wconf 78' lang='lat' dir='ltr'><strong>liberatus</strong></span> <span class='ocrx_word' id='word_1_719' title='bbox 772 5081 853 5126; x_wconf 79' lang='lat' dir='ltr'><strong>est</strong></span> <span class='ocrx_word' id='word_1_720' title='bbox 882 5070 1105 5135; x_wconf 67' lang='lat' dir='ltr'><strong>IEueas,</strong></span> <span class='ocrx_word' id='word_1_721' title='bbox 1133 5070 1345 5125; x_wconf 83' lang='lat' dir='ltr'><strong>dicente</strong></span> <span class='ocrx_word' id='word_1_722' title='bbox 1374 5069 1440 5123; x_wconf 86' lang='lat' dir='ltr'><strong>ad</strong></span> <span class='ocrx_word' id='word_1_723' title='bbox 1471 5076 1593 5123; x_wconf 79' lang='lat' dir='ltr'><strong>eum</strong></span> <span class='ocrx_word' id='word_1_724' title='bbox 1626 5070 1807 5125; x_wconf 85' lang='lat' dir='ltr'><strong>divino</strong></span> <span class='ocrx_word' id='word_1_725' title='bbox 1838 5068 2004 5125; x_wconf 87' lang='lat' dir='ltr'><strong>Paulo</strong></span> <span class='ocrx_word' id='word_1_726' title='bbox 2042 5086 2055 5122; x_wconf 88' lang='lat'><strong>:</strong></span> 
     </span>
    </p>
   </div>
   <div class='ocr_carea' id='block_1_99' title="bbox 487 5159 1626 5231">
    <p class='ocr_par' dir='ltr' id='par_1_99' title="bbox 487 5159 1626 5231">
     <span class='ocr_line' id='line_1_100' title="bbox 487 5159 1626 5231; baseline -0.004 -14"><span class='ocrx_word' id='word_1_727' title='bbox 487 5183 506 5217; x_wconf 84' lang='grc' dir='ltr'>ι</span> <span class='ocrx_word' id='word_1_728' title='bbox 543 5162 739 5231; x_wconf 53' lang='lat' dir='ltr'><strong>linea,</strong></span> <span class='ocrx_word' id='word_1_729' title='bbox 770 5173 931 5219; x_wconf 85' lang='lat' dir='ltr'><strong>sanat</strong></span> <span class='ocrx_word' id='word_1_730' title='bbox 962 5173 1014 5218; x_wconf 85' lang='lat' dir='ltr'><strong>to</strong></span> <span class='ocrx_word' id='word_1_731' title='bbox 1043 5162 1203 5218; x_wconf 79' lang='lat' dir='ltr'><strong>Jesus</strong></span> <span class='ocrx_word' id='word_1_732' title='bbox 1234 5163 1487 5218; x_wconf 83' lang='lat' dir='ltr'><strong>Christus</strong></span> <span class='ocrx_word' id='word_1_733' title='bbox 1501 5159 1567 5214; x_wconf 84' lang='grc'><strong>⁸³.</strong></span> <span class='ocrx_word' id='word_1_734' title='bbox 1608 5178 1626 5212; x_wconf 75' lang='grc' dir='ltr'><strong>ι</strong></span> 
     </span>
    </p>
   </div>
   <div class='ocr_carea' id='block_1_100' title="bbox 556 5340 864 5395">
    <p class='ocr_par' dir='ltr' id='par_1_100' title="bbox 556 5340 864 5395">
     <span class='ocr_line' id='line_1_101' title="bbox 556 5340 864 5395; baseline 0.003 -1"><span class='ocrx_word' id='word_1_735' title='bbox 556 5341 618 5394; x_wconf 79' lang='grc' dir='ltr'><strong>Β.</strong></span> <span class='ocrx_word' id='word_1_736' title='bbox 658 5340 730 5393; x_wconf 88' lang='lat' dir='ltr'><strong>lta</strong></span> <span class='ocrx_word' id='word_1_737' title='bbox 763 5352 864 5395; x_wconf 87' lang='lat' dir='ltr'><strong>est.</strong></span> 
     </span>
    </p>
   </div>
   <div class='ocr_carea' id='block_1_101' title="bbox 560 5426 2062 5504">
    <p class='ocr_par' dir='ltr' id='par_1_101' title="bbox 560 5426 2062 5504">
     <span class='ocr_line' id='line_1_102' title="bbox 560 5426 2062 5504; baseline 0.003 -20"><span class='ocrx_word' id='word_1_738' title='bbox 560 5436 623 5486; x_wconf 74' lang='grc' dir='ltr'><strong>Α.</strong></span> <span class='ocrx_word' id='word_1_739' title='bbox 663 5426 821 5484; x_wconf 88' lang='lat' dir='ltr'><strong>Omni</strong></span> <span class='ocrx_word' id='word_1_740' title='bbox 853 5432 1012 5501; x_wconf 70' lang='lat' dir='ltr'><strong>igitur</strong></span> <span class='ocrx_word' id='word_1_741' title='bbox 1038 5449 1102 5488; x_wconf 79' lang='lat' dir='ltr'><strong>cx</strong></span> <span class='ocrx_word' id='word_1_742' title='bbox 1134 5445 1285 5503; x_wconf 84' lang='lat' dir='ltr'><strong>parte</strong></span> <span class='ocrx_word' id='word_1_743' title='bbox 1314 5435 1573 5504; x_wconf 82' lang='lat' dir='ltr'><strong>compulsi</strong></span> <span class='ocrx_word' id='word_1_744' title='bbox 1604 5436 1669 5491; x_wconf 90' lang='lat' dir='ltr'><strong>ad</strong></span> <span class='ocrx_word' id='word_1_745' title='bbox 1699 5437 1976 5491; x_wconf 75' lang='lat' dir='ltr'><strong>veritatem</strong></span> <span class='ocrx_word' id='word_1_746' title='bbox 2006 5443 2062 5490; x_wconf 90' lang='lat' dir='ltr'><strong>et</strong></span> 
     </span>
    </p>
   </div>
   <div class='ocr_carea' id='block_1_102' title="bbox 2158 4506 3739 4587">
    <p class='ocr_par' dir='ltr' id='par_1_102' title="bbox 2158 4506 3739 4587">
     <span class='ocr_line' id='line_1_103' title="bbox 2158 4506 3739 4587; baseline -0.008 -15"><span class='ocrx_word' id='word_1_747' title='bbox 2158 4534 2269 4582; x_wconf 89' lang='grc' dir='ltr'>νος,</span> <span class='ocrx_word' id='word_1_748' title='bbox 2304 4518 2487 4587; x_wconf 80' lang='grc' dir='ltr'>ἀνίησι</span> <span class='ocrx_word' id='word_1_749' title='bbox 2535 4515 2633 4586; x_wconf 76' lang='grc' dir='ltr'>μὲν</span> <span class='ocrx_word' id='word_1_750' title='bbox 2676 4513 2973 4585; x_wconf 76' lang='grc' dir='ltr'>ἁμαρτίας,</span> <span class='ocrx_word' id='word_1_751' title='bbox 3006 4511 3256 4578; x_wconf 73' lang='grc' dir='ltr'>ἐξουσίαν</span> <span class='ocrx_word' id='word_1_752' title='bbox 3294 4510 3352 4563; x_wconf 77' lang='grc' dir='ltr'><strong>δὲ</strong></span> <span class='ocrx_word' id='word_1_753' title='bbox 3397 4508 3567 4562; x_wconf 73' lang='grc' dir='ltr'>ἔδωκε</span> <span class='ocrx_word' id='word_1_754' title='bbox 3603 4506 3739 4561; x_wconf 69' lang='grc' dir='ltr'>κατὰ</span> 
     </span>
    </p>
   </div>
   <div class='ocr_carea' id='block_1_103' title="bbox 2159 4599 3740 4681">
    <p class='ocr_par' dir='ltr' id='par_1_103' title="bbox 2159 4599 3740 4681">
     <span class='ocr_line' id='line_1_104' title="bbox 2159 4599 3740 4681; baseline -0.009 -15"><span class='ocrx_word' id='word_1_755' title='bbox 2159 4611 2489 4681; x_wconf 75' lang='grc' dir='ltr'>πνευμάτων</span> <span class='ocrx_word' id='word_1_756' title='bbox 2535 4607 2885 4678; x_wconf 82' lang='grc' dir='ltr'>ἀκαθάρτων,</span> <span class='ocrx_word' id='word_1_757' title='bbox 2938 4604 3077 4658; x_wconf 82' lang='grc' dir='ltr'>ὥστε</span> <span class='ocrx_word' id='word_1_758' title='bbox 3118 4602 3400 4656; x_wconf 74' lang='grc' dir='ltr'>ἐκϐάλλειν</span> <span class='ocrx_word' id='word_1_759' title='bbox 3440 4600 3603 4662; x_wconf 80' lang='grc' dir='ltr'>αὐτὰ,</span> <span class='ocrx_word' id='word_1_760' title='bbox 3650 4599 3740 4653; x_wconf 81' lang='grc' dir='ltr'>καὶ</span> 
     </span>
    </p>
   </div>
   <div class='ocr_carea' id='block_1_104' title="bbox 2160 4690 3740 4776">
    <p class='ocr_par' dir='ltr' id='par_1_104' title="bbox 2160 4690 3740 4776">
     <span class='ocr_line' id='line_1_105' title="bbox 2160 4690 3740 4776; baseline -0.009 -19"><span class='ocrx_word' id='word_1_761' title='bbox 2160 4702 2489 4776; x_wconf 76' lang='grc' dir='ltr'>θεραπεύειν</span> <span class='ocrx_word' id='word_1_762' title='bbox 2520 4702 2700 4753; x_wconf 80' lang='grc' dir='ltr'>πᾶσαν</span> <span class='ocrx_word' id='word_1_763' title='bbox 2740 4699 2893 4751; x_wconf 87' lang='grc' dir='ltr'>νόσον</span> <span class='ocrx_word' id='word_1_764' title='bbox 2924 4696 3019 4750; x_wconf 62' lang='grc' dir='ltr'><strong>κα)¹</strong></span> <span class='ocrx_word' id='word_1_765' title='bbox 3050 4698 3231 4750; x_wconf 80' lang='grc' dir='ltr'>πᾶσαν</span> <span class='ocrx_word' id='word_1_766' title='bbox 3271 4693 3541 4765; x_wconf 77' lang='grc' dir='ltr'>μαλακίαν</span> <span class='ocrx_word' id='word_1_767' title='bbox 3578 4694 3635 4746; x_wconf 72' lang='grc' dir='ltr'>ἐν</span> <span class='ocrx_word' id='word_1_768' title='bbox 3669 4690 3740 4760; x_wconf 78' lang='grc' dir='ltr'>τῷ</span> 
     </span>
    </p>
   </div>
   <div class='ocr_carea' id='block_1_105' title="bbox 2160 4782 3738 4863">
    <p class='ocr_par' dir='ltr' id='par_1_105' title="bbox 2160 4782 3738 4863">
     <span class='ocr_line' id='line_1_106' title="bbox 2160 4782 3738 4863; baseline -0.008 -16"><span class='ocrx_word' id='word_1_769' title='bbox 2160 4791 2297 4863; x_wconf 80' lang='grc' dir='ltr'>λαῷ.</span> <span class='ocrx_word' id='word_1_770' title='bbox 2324 4787 2398 4844; x_wconf 83' lang='grc' dir='ltr'><strong>Ἦ</strong></span> <span class='ocrx_word' id='word_1_771' title='bbox 2430 4792 2533 4843; x_wconf 86' lang='grc' dir='ltr'>οὐκ</span> <span class='ocrx_word' id='word_1_772' title='bbox 2556 4791 2613 4842; x_wconf 77' lang='grc' dir='ltr'>ἐν</span> <span class='ocrx_word' id='word_1_773' title='bbox 2642 4788 2866 4856; x_wconf 80' lang='grc' dir='ltr'>ὀνόματι</span> <span class='ocrx_word' id='word_1_774' title='bbox 2914 4785 3088 4857; x_wconf 82' lang='grc' dir='ltr'>Ἰησοῦ</span> <span class='ocrx_word' id='word_1_775' title='bbox 3123 4782 3361 4855; x_wconf 82' lang='grc' dir='ltr'>Χριστοῦ</span> <span class='ocrx_word' id='word_1_776' title='bbox 3396 4782 3738 4853; x_wconf 78' lang='grc' dir='ltr'>Ναζωραίου,</span> 
     </span>
    </p>
   </div>
   <div class='ocr_carea' id='block_1_106' title="bbox 2160 4874 3739 4950">
    <p class='ocr_par' dir='ltr' id='par_1_106' title="bbox 2160 4874 3739 4950">
     <span class='ocr_line' id='line_1_107' title="bbox 2160 4874 3739 4950; baseline -0.006 -14"><span class='ocrx_word' id='word_1_777' title='bbox 2160 4884 2556 4950; x_wconf 82' lang='grc' dir='ltr'>τεθεράπευται</span> <span class='ocrx_word' id='word_1_778' title='bbox 2608 4880 2707 4950; x_wconf 82' lang='grc' dir='ltr'><strong>μὲν</strong></span> <span class='ocrx_word' id='word_1_779' title='bbox 2744 4881 2773 4931; x_wconf 91' lang='lat'><strong>6</strong></span> <span class='ocrx_word' id='word_1_780' title='bbox 2808 4876 2888 4931; x_wconf 86' lang='grc' dir='ltr'>τὼ</span> <span class='ocrx_word' id='word_1_781' title='bbox 2931 4878 3060 4931; x_wconf 80' lang='grc' dir='ltr'>πόδε</span> <span class='ocrx_word' id='word_1_782' title='bbox 3094 4874 3495 4947; x_wconf 72' lang='grc' dir='ltr'>λελωϐημένος,</span> <span class='ocrx_word' id='word_1_783' title='bbox 3542 4874 3642 4928; x_wconf 69' lang='grc' dir='ltr'><strong>καὶ</strong></span> <span class='ocrx_word' id='word_1_784' title='bbox 3678 4877 3739 4944; x_wconf 63' lang='grc' dir='ltr'>τῇ</span> 
     </span>
    </p>
   </div>
   <div class='ocr_carea' id='block_1_107' title="bbox 2159 4965 3743 5050">
    <p class='ocr_par' dir='ltr' id='par_1_107' title="bbox 2159 4965 3743 5050">
     <span class='ocr_line' id='line_1_108' title="bbox 2159 4965 3743 5050; baseline -0.008 -18"><span class='ocrx_word' id='word_1_785' title='bbox 2159 4977 2339 5050; x_wconf 70' lang='grc' dir='ltr'>ώραίᾳ</span> <span class='ocrx_word' id='word_1_786' title='bbox 2377 4974 2725 5047; x_wconf 64' lang='grc' dir='ltr'>προσιζάνειν</span> <span class='ocrx_word' id='word_1_787' title='bbox 2772 4971 2959 5045; x_wconf 74' lang='grc' dir='ltr'>πύλῃς</span> <span class='ocrx_word' id='word_1_788' title='bbox 3006 4969 3320 5042; x_wconf 75' lang='grc' dir='ltr'>ἀρρωστίαν</span> <span class='ocrx_word' id='word_1_789' title='bbox 3359 4968 3415 5023; x_wconf 69' lang='grc' dir='ltr'><strong>δὲ</strong></span> <span class='ocrx_word' id='word_1_790' title='bbox 3474 4967 3574 5039; x_wconf 76' lang='grc' dir='ltr'>τὴν</span> <span class='ocrx_word' id='word_1_791' title='bbox 3606 4965 3743 5020; x_wconf 75' lang='grc' dir='ltr'>οὕτω</span> 
     </span>
    </p>
   </div>
   <div class='ocr_carea' id='block_1_108' title="bbox 2162 5055 3744 5137">
    <p class='ocr_par' dir='ltr' id='par_1_108' title="bbox 2162 5055 3744 5137">
     <span class='ocr_line' id='line_1_109' title="bbox 2162 5055 3744 5137; baseline -0.007 -17"><span class='ocrx_word' id='word_1_792' title='bbox 2162 5065 2381 5137; x_wconf 83' lang='grc' dir='ltr'>μακρὰν</span> <span class='ocrx_word' id='word_1_793' title='bbox 2410 5065 2762 5129; x_wconf 83' lang='grc' dir='ltr'>ἀπεσείσατο,</span> <span class='ocrx_word' id='word_1_794' title='bbox 2790 5061 2886 5115; x_wconf 57' lang='grc' dir='ltr'><strong>καὶ⁵</strong></span> <span class='ocrx_word' id='word_1_795' title='bbox 2928 5060 3124 5131; x_wconf 79' lang='grc' dir='ltr'>κομιδῇ</span> <span class='ocrx_word' id='word_1_796' title='bbox 3153 5058 3542 5126; x_wconf 80' lang='grc' dir='ltr'>δυσδιάφυκτον</span> <span class='ocrx_word' id='word_1_797' title='bbox 3566 5055 3744 5126; x_wconf 78' lang='grc' dir='ltr'>διέδρα</span> 
     </span>
    </p>
   </div>
   <div class='ocr_carea' id='block_1_109' title="bbox 2160 5149 3741 5226">
    <p class='ocr_par' dir='ltr' id='par_1_109' title="bbox 2160 5149 3741 5226">
     <span class='ocr_line' id='line_1_110' title="bbox 2160 5149 3741 5226; baseline -0.007 -14"><span class='ocrx_word' id='word_1_798' title='bbox 2160 5159 2314 5212; x_wconf 85' lang='grc' dir='ltr'>νόσον</span> <span class='ocrx_word' id='word_1_799' title='bbox 2368 5156 2588 5220; x_wconf 76' lang='grc' dir='ltr'>Αἰνέας,</span> <span class='ocrx_word' id='word_1_800' title='bbox 2650 5155 2786 5226; x_wconf 73' lang='grc' dir='ltr'>πρὸς</span> <span class='ocrx_word' id='word_1_801' title='bbox 2830 5153 2889 5205; x_wconf 87' lang='grc' dir='ltr'>ὃν</span> <span class='ocrx_word' id='word_1_802' title='bbox 2943 5154 2971 5206; x_wconf 89' lang='lat'><strong>6</strong></span> <span class='ocrx_word' id='word_1_803' title='bbox 3015 5152 3303 5214; x_wconf 83' lang='grc' dir='ltr'>θεσπέσιος</span> <span class='ocrx_word' id='word_1_804' title='bbox 3351 5150 3455 5221; x_wconf 70' lang='grc' dir='ltr'><strong>ἔφη</strong></span> <span class='ocrx_word' id='word_1_805' title='bbox 3513 5149 3741 5212; x_wconf 70' lang='grc' dir='ltr'>Παῦλος·</span> 
     </span>
    </p>
   </div>
   <div class='ocr_carea' id='block_1_110' title="bbox 2165 5244 3288 5319">
    <p class='ocr_par' dir='ltr' id='par_1_110' title="bbox 2165 5244 3288 5319">
     <span class='ocr_line' id='line_1_111' title="bbox 2165 5244 3288 5319; baseline -0.004 -18"><span class='ocrx_word' id='word_1_806' title='bbox 2165 5268 2184 5301; x_wconf 83' lang='grc' dir='ltr'>ι</span> <span class='ocrx_word' id='word_1_807' title='bbox 2208 5249 2393 5316; x_wconf 78' lang='grc' dir='ltr'>Αίνέα,</span> <span class='ocrx_word' id='word_1_808' title='bbox 2420 5249 2564 5303; x_wconf 68' lang='grc' dir='ltr'>ἰᾶταί</span> <span class='ocrx_word' id='word_1_809' title='bbox 2589 5265 2649 5301; x_wconf 86' lang='grc' dir='ltr'><strong>σε</strong></span> <span class='ocrx_word' id='word_1_810' title='bbox 2688 5247 2898 5319; x_wconf 81' lang='grc' dir='ltr'>Ἰησοῦς</span> <span class='ocrx_word' id='word_1_811' title='bbox 2918 5248 2948 5300; x_wconf 91' lang='lat'><strong>6</strong></span> <span class='ocrx_word' id='word_1_812' title='bbox 2970 5244 3228 5317; x_wconf 87' lang='grc' dir='ltr'>Χριστός.</span> <span class='ocrx_word' id='word_1_813' title='bbox 3269 5264 3288 5297; x_wconf 80' lang='grc' dir='ltr'><strong>ι</strong></span> 
     </span>
    </p>
   </div>
   <div class='ocr_carea' id='block_1_111' title="bbox 2238 5340 2584 5413">
    <p class='ocr_par' dir='ltr' id='par_1_111' title="bbox 2238 5340 2584 5413">
     <span class='ocr_line' id='line_1_112' title="bbox 2238 5340 2584 5413; baseline 0 -19"><span class='ocrx_word' id='word_1_814' title='bbox 2238 5343 2298 5395; x_wconf 88' lang='grc' dir='ltr'><strong>Β.</strong></span> <span class='ocrx_word' id='word_1_815' title='bbox 2339 5340 2584 5413; x_wconf 68' lang='grc' dir='ltr'>Ἀληθές.</span> 
     </span>
    </p>
   </div>
   <div class='ocr_carea' id='block_1_112' title="bbox 2241 5426 3748 5505">
    <p class='ocr_par' dir='ltr' id='par_1_112' title="bbox 2241 5426 3748 5505">
     <span class='ocr_line' id='line_1_113' title="bbox 2241 5426 3748 5505; baseline -0.006 -18"><span class='ocrx_word' id='word_1_816' title='bbox 2241 5438 2302 5489; x_wconf 75' lang='grc' dir='ltr'><strong>Α.</strong></span> <span class='ocrx_word' id='word_1_817' title='bbox 2345 5433 2691 5505; x_wconf 82' lang='grc' dir='ltr'>Πανταχόθεν</span> <span class='ocrx_word' id='word_1_818' title='bbox 2727 5427 2821 5486; x_wconf 79' lang='grc' dir='ltr'><strong>οῦν</strong></span> <span class='ocrx_word' id='word_1_819' title='bbox 2865 5430 2972 5503; x_wconf 77' lang='grc' dir='ltr'>ἄρα</span> <span class='ocrx_word' id='word_1_820' title='bbox 3019 5429 3418 5500; x_wconf 76' lang='grc' dir='ltr'>συνωθούμενοι</span> <span class='ocrx_word' id='word_1_821' title='bbox 3445 5428 3581 5498; x_wconf 84' lang='grc' dir='ltr'>πρὸς</span> <span class='ocrx_word' id='word_1_822' title='bbox 3621 5426 3748 5495; x_wconf 67' lang='lat' dir='ltr'><strong>dli;-</strong></span> 
     </span>
    </p>
   </div>
   <div class='ocr_carea' id='block_1_113' title="bbox 586 5616 2038 5707">
    <p class='ocr_par' dir='ltr' id='par_1_113' title="bbox 586 5635 2016 5707">
     <span class='ocr_line' id='line_1_114' title="bbox 586 5635 2016 5707; baseline 0.002 -18"><span class='ocrx_word' id='word_1_823' title='bbox 586 5640 627 5673; x_wconf 78' lang='grc'><strong>⁸⁷</strong></span> <span class='ocrx_word' id='word_1_824' title='bbox 656 5637 783 5690; x_wconf 83' lang='lat' dir='ltr'><strong>Luc.</strong></span> <span class='ocrx_word' id='word_1_825' title='bbox 816 5653 850 5697; x_wconf 86' lang='grc' dir='ltr'>ι,</span> <span class='ocrx_word' id='word_1_826' title='bbox 880 5636 944 5707; x_wconf 71' lang='grc'><strong>2.</strong></span> <span class='ocrx_word' id='word_1_827' title='bbox 1015 5636 1061 5667; x_wconf 73' lang='grc'><strong>’³</strong></span> <span class='ocrx_word' id='word_1_828' title='bbox 1085 5635 1240 5689; x_wconf 83' lang='lat' dir='ltr'><strong>Rom.</strong></span> <span class='ocrx_word' id='word_1_829' title='bbox 1274 5637 1526 5701; x_wconf 73' lang='lat' dir='ltr'><strong>XlV,7-9.</strong></span> <span class='ocrx_word' id='word_1_830' title='bbox 1603 5638 1647 5670; x_wconf 76' lang='grc'><strong>’⁵</strong></span> <span class='ocrx_word' id='word_1_831' title='bbox 1671 5636 1825 5689; x_wconf 80' lang='lat' dir='ltr'><strong>Joan.</strong></span> <span class='ocrx_word' id='word_1_832' title='bbox 1863 5653 1897 5701; x_wconf 89' lang='grc' dir='ltr'>ι,</span> <span class='ocrx_word' id='word_1_833' title='bbox 1929 5636 2016 5693; x_wconf 70' lang='grc'><strong>49.</strong></span> 
     </span>
    </p>
   </div>
   <div class='ocr_carea' id='block_1_114' title="bbox 2148 5616 3743 5707">
    <p class='ocr_par' dir='ltr' id='par_1_114' title="bbox 2167 5616 3743 5707">
     <span class='ocr_line' id='line_1_115' title="bbox 2167 5616 3743 5707; baseline -0.003 -17"><span class='ocrx_word' id='word_1_834' title='bbox 2167 5616 2320 5692; x_wconf 76' lang='lat' dir='ltr'><strong>.loau.</strong></span> <span class='ocrx_word' id='word_1_835' title='bbox 2361 5654 2479 5707; x_wconf 65' lang='lat' dir='ltr'><strong>xm,</strong></span> <span class='ocrx_word' id='word_1_836' title='bbox 2519 5637 2605 5691; x_wconf 75' lang='lat' dir='ltr'><strong>l5.</strong></span> <span class='ocrx_word' id='word_1_837' title='bbox 2687 5637 2729 5668; x_wconf 77' lang='grc'>³⁸</span> <span class='ocrx_word' id='word_1_838' title='bbox 2757 5635 2947 5691; x_wconf 82' lang='lat' dir='ltr'><strong>Matth.</strong></span> <span class='ocrx_word' id='word_1_839' title='bbox 2981 5649 3037 5699; x_wconf 77' lang='grc' dir='ltr'>ι,</span> <span class='ocrx_word' id='word_1_840' title='bbox 3065 5634 3117 5688; x_wconf 90' lang='lat'><strong>8.</strong></span> <span class='ocrx_word' id='word_1_841' title='bbox 3196 5635 3238 5665; x_wconf 77' lang='grc'><strong>³¹</strong></span> <span class='ocrx_word' id='word_1_842' title='bbox 3264 5633 3384 5687; x_wconf 78' lang='lat' dir='ltr'><strong>Act.</strong></span> <span class='ocrx_word' id='word_1_843' title='bbox 3415 5649 3498 5699; x_wconf 86' lang='grc' dir='ltr'>ιιι,</span> <span class='ocrx_word' id='word_1_844' title='bbox 3530 5631 3743 5699; x_wconf 38' lang='grc' dir='ltr'>ξλεειιιι.</span> 
     </span>
    </p>
   </div>
   <div class='ocr_carea' id='block_1_115' title="bbox 493 5706 917 5773">
    <p class='ocr_par' dir='ltr' id='par_1_115' title="bbox 493 5706 917 5773">
     <span class='ocr_line' id='line_1_116' title="bbox 493 5706 917 5773; baseline -0.009 -10"><span class='ocrx_word' id='word_1_845' title='bbox 493 5711 538 5742; x_wconf 72' lang='grc'><em>’³</em></span> <span class='ocrx_word' id='word_1_846' title='bbox 563 5712 679 5762; x_wconf 82' lang='lat' dir='ltr'><strong>Act.</strong></span> <span class='ocrx_word' id='word_1_847' title='bbox 722 5722 793 5773; x_wconf 79' lang='lat' dir='ltr'><strong>Ix,</strong></span> <span class='ocrx_word' id='word_1_848' title='bbox 827 5706 917 5760; x_wconf 67' lang='grc'><strong>5-4.</strong></span> 
     </span>
    </p>
   </div>
  </div>
