4048 6196
280 342 422 397 1255

1425 333 1612 402 QUOD
1652 334 1843 393 UNUS
1883 332 1993 390 SIT
2030 332 2402 389 CHRISTUS.

3410 331 3541 389 {931

280 460 457 522 θειαν,
497 457 592 509 καὶ
625 454 685 507 τὸ
725 455 835 516 τοὶς
875 453 1040 524 ἱεροῖς
1071 452 1370 525 Γράμμασι
1405 452 1598 508 δοκοῦν
1644 455 1866 524 ἱχνηλα-

1982 466 2245 507 sacrarum
2286 450 2691 521 Scripturarum
2726 446 3035 504 auctoritati
3070 445 3418 516 acquiescere
3450 460 3545 500 vo-

276 551 396 601 τετν
436 541 497 600 εὖ
550 542 700 613 μάλα
738 542 1154 611 σπουδάζοντες,
1191 543 1285 598 καὶ
1325 546 1445 607 ταῖς
1490 542 1598 597 τῶν
1646 544 1869 615 πατρῶν

279 640 545 710 ἑπόμενοι
585 637 786 700 δόξαις,
811 636 902 689 τὸν
927 637 991 688 ὲκ
1016 633 1172 706 ῥίζης
1213 637 1435 700 Ἰεσσαὶ,
1474 636 1564 690 τὸν
1604 639 1667 690 ἐκ
1698 638 1871 709 σπέρ-

280 748 456 801 ματος
486 728 677 789 Δαϐὶδ,
704 727 798 780 τὸν
826 728 891 780 ὲκ
927 726 1183 794 γυναικὸς
1220 726 1363 781 κατὰ
1395 727 1595 797 σάρκα,
1628 727 1720 781 τὸν
1752 727 1871 799 μεθ’

277 822 442 893 ἡμῶν
472 820 581 874 ὑπὸ
620 819 785 890 νόμον
823 817 899 881 ὡς
926 818 1235 889 ἄνθρωπον,
1270 818 1364 871 καὶ
1397 819 1536 889 ὑπὲρ
1562 820 1709 889 ἡμᾶς
1732 820 1872 891 ὑπὲρ

278 913 450 983 νόμον
478 913 557 975 ὼς
585 911 738 975 Θεὸν,
784 910 875 963 τὸν
899 908 967 962 δι’
1014 910 1162 980 ἡμᾶς
1212 926 1271 963 τε
1315 910 1409 964 καὶ
1442 910 1574 981 μεθ’
1624 912 1782 982 ἡμῶν
1816 914 1872 966 ὲν

278 1004 522 1073 νεκροῖς,
550 1002 643 1053 τὸν
673 999 812 1071 ὑπὲρ
832 997 1058 1069 ἡμᾶςδι’
1082 997 1272 1051 ἑαυτὸν
1299 997 1559 1061 ζωοποιὸν
1581 1001 1675 1053 καὶ
1706 999 1859 1070 ζωὴν,

280 1093 415 1147 Υῑὸν
451 1086 599 1145 εἶναι
626 1090 723 1145 τοῦ
748 1090 883 1144 Θεοῦ
913 1088 1058 1143 κατὰ
1089 1089 1347 1161 ἀλήθειαν
1376 1090 1725 1162 πιστεύομεν,
1750 1090 1869 1144 οὔτε

279 1184 576 1255 ψιλοῦντες
609 1183 861 1253 θεότητος
883 1182 945 1235 τὸ
973 1179 1337 1253 ἀνθρώπινον,
1365 1181 1489 1236 οὔτε
1519 1185 1626 1253 μὴν
1659 1183 1873 1255 ἀνθρω-

282 1274 526 1343 πότητος
555 1270 1030 1342 ἀπαμφιεννῠντες
1061 1272 1154 1324 τὸν
1179 1272 1352 1341 Λόγον
1395 1273 1533 1344 μετὰ
1564 1275 1663 1344 τὴν
1699 1274 1875 1344 ἄφρα-

283 1378 414 1417 στον
443 1363 791 1434 συμπλοκὴν,
816 1362 933 1416 ἀλλ’
961 1362 1060 1416 ινα
1082 1362 1287 1417 καὶτὸν
1306 1364 1466 1417 αὑτὸν
1485 1365 1875 1436 ὁμολογοῦντες

282 1456 438 1521 Υἱὸν,
472 1457 540 1509 ὲκ
566 1455 716 1509 δυοῖν
768 1454 1139 1525 πραγμάτοιν,
1174 1457 1253 1518 εἰς
1296 1455 1354 1508 ἓν
1388 1473 1441 1509 τι
1478 1457 1540 1510 τὸ
1576 1457 1638 1522 ἐξ
1671 1460 1874 1529 ἀμφοῖν

281 1548 626 1618 άπορρήτως
685 1545 1047 1615 ὲκπεφηνότα,
1098 1545 1221 1601 καθ’
1270 1546 1461 1602 ἕνωσιν
1503 1548 1743 1618 δηλονότι
1775 1549 1875 1621 τὴν

280 1637 591 1700 ἀνωτάτω,
642 1635 737 1690 καὶ
782 1636 843 1688 οὐ
889 1635 1104 1705 φύσεως
1143 1636 1522 1711 παρατροπὴν.
1561 1638 1726 1694 Ὅσον
1766 1640 1876 1709 γὰρ

282 1722 431 1777 οὕτω
467 1724 757 1791 δοξάζουσι
780 1725 1066 1796 περιέσται
1092 1725 1153 1777 τὸ
1179 1726 1387 1798 κέρδος,
1421 1731 1676 1797 σαφηνιεί
1701 1729 1877 1797 λέγων

284 1814 314 1865 6
336 1814 585 1885 Χριστοῦ
628 1813 900 1883 μαθητής·
935 1833 954 1865 ι
979 1814 1075 1877 ’ος
1108 1814 1173 1869 ἂν
1206 1815 1637 1888 ὁμολογήσῃ.ὅτι
1668 1817 1875 1888 Ἰησοῦς

286 1904 442 1956 ἔστιν
472 1908 502 1957 6
552 1904 677 1959 Υἱὸς
709 1902 800 1957 τοῦ
832 1902 990 1969 Θεοῦ,
1042 1906 1070 1957 6
1119 1903 1251 1968 Θεὸς
1284 1907 1341 1958 ὲν
1384 1907 1535 1976 αὐτῷ
1571 1908 1742 1977 μένει,
1781 1908 1875 1963 καὶ

287 1995 460 2059 αὐτὸς
503 1998 563 2048 ἐν
602 1995 681 2065 τῷ
716 1994 853 2064 Θεῷ.
885 2014 902 2046 t
957 1995 1080 2048 Ὅτι
1121 1995 1178 2048 δὲ
1223 1995 1428 2067 Ἰησοῦς
1455 1999 1689 2069 Χριστὸς
1731 2002 1759 2053 ό
1810 2002 1876 2053 ἐκ

290 2086 462 2139 Δαῦὶδ
490 2088 635 2140 κατά
668 2088 869 2158 σάρκα,
900 2086 1043 2140 κατὰ
1076 2086 1236 2155 φύσιν
1262 2089 1355 2142 καὶ
1375 2089 1590 2159 ἀληθῶς
1611 2090 1737 2155 Υἱός
1760 2093 1876 2145 ἐστι

286 2176 390 2229 τοῦ
420 2177 585 2241 Θεοῦ,
609 2176 742 2230 καθὸ
763 2180 956 2246 γέγονε
990 2177 1127 2250 σὰρξ
1177 2180 1205 2230 6
1228 2178 1418 2247 Λόγος,
1450 2182 1542 2233 καὶ
1570 2183 1877 2252 ἐσκήνωσεν

290 2270 355 2321 ιν
401 2272 579 2341 ημῖν,
645 2274 1046 2342 κατασφραγιεῑ
1087 2270 1260 2338 λέγων
1304 2272 1333 2323 6
1384 2273 1542 2341 σοφὸς
1606 2275 1879 2346 Ἰωάννης·

298 2378 320 2410 ο
345 2360 461 2413 Καὶ
498 2361 721 2432 οἴδαμεν
754 2362 835 2414 ὅτι
870 2363 898 2414 6
934 2362 1060 2425 Υἱὸς
1095 2363 1186 2415 τοῦ
1219 2362 1355 2416 Θεοῦ
1384 2366 1530 2435 ἥκει,
1558 2368 1651 2419 καὶ
1686 2367 1885 2422 ἔδωκεν

291 2451 433 2519 ἡμῖν
473 2451 738 2515 διάνοιαν,
775 2451 861 2503 ἵνα
905 2450 1266 2521 γινώσκωμεν
1306 2453 1397 2505 τὸν
1434 2454 1687 2524 ἀληθινὸν
1731 2457 1883 2518 Θεὸν,

294 2541 394 2591 καὶ
430 2540 604 2610 ἐσμὲν
635 2541 692 2591 ὲν
736 2540 812 2611 τῷ
844 2538 1107 2610 ἀληθινῷ,
1154 2542 1211 2592 ὲν
1246 2540 1325 2610 τῷ
1356 2541 1468 2611 Υἱῷ
1502 2541 1665 2594 αὐτοῦ
1708 2541 1882 2612 Ἰησοῦ

298 2630 548 2702 Χριστῷ.
576 2626 744 2695 οὗτός
792 2632 941 2684 ἐστιν
967 2633 995 2684 6
1022 2631 1274 2701 ἀληθινὸς
1304 2631 1435 2694 Θεὸς
1473 2631 1565 2685 καὶ
1595 2630 1707 2701 ζωὴ
1753 2632 1884 2684 αἰώ-

292 2736 432 2786 νιος,
463 2741 486 2774 ι
524 2722 617 2774 καὶ
648 2722 714 2775 δι’
749 2722 915 2775 αὑτοῦ
945 2740 1027 2788 τε,
1071 2722 1164 2776 καὶ
1195 2723 1293 2775 σὺν
1322 2722 1488 2791 αὐτῷ,
1526 2721 1602 2792 τῷ
1635 2721 1755 2793 Θεῷ
1791 2722 1886 2795 asoti

292 2811 485 2882 Πατρῖ
524 2815 556 2883 ἡ
590 2813 715 2877 δόξα
760 2814 857 2866 σὺν
902 2812 1041 2884 ἁγίῳ
1085 2812 1382 2883 Πνεῦματι,
1414 2814 1493 2876 εις
1522 2814 1648 2874 τοὺς
1682 2811 1887 2874 αἰῶνας

289 2901 403 2954 τῶν
452 2902 683 2956 αἰώνων.
736 2903 927 2974 Ἀμήν.
1605 2923 1617 2934 °

372 3038 421 3069 “
453 3038 648 3092 lJoan.
681 3053 754 3105 tv,
783 3039 868 3096 l5.
944 3039 989 3073 ⁸⁸
1009 3039 1162 3097 Joan.
1198 3059 1234 3108 ι,
1270 3043 1357 3096 Η.
1433 3041 1479 3075 ³⁸
1502 3041 1522 3096 Ι
1546 3041 1703 3098 Joan.
1728 3056 1786 3107 τ,
1816 3040 1909 3097 20.

1971 542 2173 608 lentes,
2210 552 2265 598 et
2295 542 2513 597 Patrum
2554 540 2876 596 sententiam
2915 549 3234 608 sequentes,
3274 536 3547 591 credimus

1967 649 2092 691 eum
2126 636 2216 699 qui
2247 649 2314 688 ex
2348 635 2527 688 radice
2555 632 2746 695 Jessze,
2776 630 2865 701 qui
2898 645 2962 685 ex
2994 629 3198 683 semine
3229 628 3419 689 David,
3450 626 3543 695 qui

1972 741 2035 781 ex
2077 726 2297 797 Virgine
2340 727 2635 782 secundum
2683 738 2936 785 carnem,
2982 722 3074 792 qui
3120 721 3398 775 nobiscmn
3447 718 3549 774 sub

1973 817 2089 887 lege
2130 827 2213 872 est
2252 828 2310 870 nt
2354 818 2533 882 homo,
2576 825 2630 870 et
2673 830 2833 882 supra
2881 828 2996 873 nos,
3040 825 3202 883 supra
3254 810 3447 880 legem,
3491 819 3551 865 ut

1974 909 2139 973 Deus,
2170 909 2260 978 qui
2292 919 2511 977 prepter
2540 921 2635 961 nos
2667 905 2944 959 nobiscum
2974 911 3058 959 est
3093 904 3235 957 inter
3266 910 3547 966 mortuos;

1972 1001 2063 1071 qui
2093 1015 2252 1068 supra
2285 1015 2382 1054 nos
2408 1013 2504 1070 per
2526 999 2759 1069 seipsutn
2789 1007 2873 1052 est
2898 994 3177 1049 viviﬁcaris
3204 1003 3258 1045 et
3284 994 3428 1059 vita;
3462 1006 3551 1046 re-

1974 1108 2101 1148 vera
2141 1106 2262 1147 esse
2302 1091 2497 1145 Filium
2542 1092 2655 1145 Dei.
2691 1088 2876 1157 Neque
2917 1086 3307 1140 humanitatem
3353 1083 3545 1138 divini-

1976 1191 2085 1237 tate
2129 1185 2415 1245 nudantes,
2459 1195 2634 1252 neque
2676 1194 2863 1233 rursus
2904 1185 3164 1232 exuenles
3208 1177 3553 1231 humanitate

1974 1272 2234 1338 Verbum,
2269 1285 2391 1343 post
2421 1272 2563 1329 illam
2597 1270 2919 1326 iueflabilem
2952 1269 3223 1338 copulam,
3259 1268 3350 1322 sed
3384 1283 3551 1321 unum

1975 1373 2134 1433 atque
2161 1370 2407 1418 eumdem
2440 1366 2753 1431 proliteutes
2781 1376 2906 1417 esse
2940 1361 3157 1421 Filium.
3191 1360 3280 1428 qui
3314 1374 3383 1413 ex
3421 1360 3557 1412 dua-

1974 1456 2076 1511 bus
2114 1455 2276 1510 rebus
2318 1455 2371 1507 in
2415 1470 2578 1507 unum
2625 1454 2751 1521 quid
2796 1467 2864 1506 ex
2908 1452 3170 1506 ambobus
3210 1448 3558 1504 ineﬂ‘abiliter

1976 1547 2307 1618 apparuerit,
2347 1546 2641 1600 secundum
2681 1544 2931 1597 unionem
2972 1542 3224 1596 nimirum
3265 1556 3553 1604 summam,

1977 1654 2083 1693 non
2113 1646 2290 1691 autem
2317 1636 2613 1690 secundum
2641 1643 2848 1689 naturae
2876 1634 3255 1685 mutationem.
3278 1631 3552 1697 Quantum

1977 1730 2122 1784 enim
2166 1729 2257 1798 qui
2304 1729 2377 1782 ita
2422 1728 2665 1783 sentiunt
2708 1724 3041 1781 lucrifacturi
3084 1724 3223 1787 sint,
3264 1722 3556 1777 manifeste

1908 1797 1949 1851 Β
1978 1819 2218 1873 declarat
2249 1816 2451 1871 Christi
2486 1816 2780 1883 discipulus
2812 1816 2999 1869 dicens
3029 1830 3043 1866 :
3080 1832 3097 1861 ε
3132 1811 3391 1879 Quisquis
3420 1826 3555 1864 conc

1983 1910 2159 1965 fessus
2192 1908 2351 1962 fuerit
2383 1912 2637 1977 quoniam
2668 1907 2824 1961 Jesus
2855 1916 2939 1959 est
2970 1904 3137 1959 Filius
3176 1905 3295 1966 Dei;
3338 1903 3476 1957 Deus
3507 1902 3559 1956 in

1982 2017 2049 2057 eo
2090 2010 2311 2064 manet,
2354 2010 2410 2053 et
2455 2000 2569 2069 ipse
2614 2000 2666 2053 in
2714 1998 2824 2053 Deo
2849 1998 2915 2052 “.
2969 2017 2988 2051 ι
3039 1997 3194 2063 Quod
3239 2011 3364 2051 vero
3404 1995 3565 2050 Jesus

1983 2093 2236 2148 Christus
2261 2092 2350 2159 qui
2382 2102 2464 2145 est
2492 2107 2555 2145 ex
2589 2090 2752 2144 David
2783 2090 3078 2144 secundum
3102 2104 3344 2151 carnem,
3372 2089 3440 2141 sit
3469 2103 3562 2142 na-

1989 2183 2234 2237 turaliter
2262 2197 2324 2235 ac
2353 2197 2479 2235 vere
2514 2181 2683 2236 Filius
2718 2181 2834 2245 Dei,
2870 2191 3135 2251 quatenus
3162 2178 3393 2233 Verbum
3434 2194 3565 2233 caro

1986 2273 2185 2328 factum
2223 2282 2336 2334 est,
2374 2282 2428 2326 et
2468 2272 2730 2325 habitavit
2771 2272 2825 2325 in
2870 2270 3023 2324 nobis
3046 2270 3112 2335 ³⁸,
3149 2271 3431 2323 confirmat
3474 2285 3563 2323 sa-

1985 2365 2137 2432 pit-ns
2180 2362 2269 2415 ille
2314 2361 2549 2416 Joannes
2593 2363 2780 2415 dicens
2821 2378 2834 2414 :
2883 2378 2901 2410 ι
2956 2360 3019 2414 Ει
3062 2360 3267 2413 scimus
3306 2359 3561 2429 quoniam

1996 2454 2163 2507 Filius
2192 2454 2280 2506 Dei
2310 2454 2481 2515 venit.
2508 2463 2563 2506 et
2588 2452 2733 2505 dedit
2762 2450 2917 2505 nobis
2942 2465 3162 2505 sensum
3191 2462 3248 2503 ut
3274 2464 3566 2518 cognosca~

1991 2561 2110 2599 mus
2163 2559 2346 2598 verum
2403 2544 2613 2610 Deum,
2665 2552 2719 2595 et
2760 2544 2932 2598 simus
2977 2544 3028 2596 in
3083 2556 3207 2595 vero
3248 2540 3366 2609 ejus
3409 2537 3562 2592 Filio.

1991 2634 2156 2707 714
2182 2634 2278 2689 llic
2304 2645 2385 2689 est
2412 2650 2570 2689 verus
2601 2634 2759 2700 Deus,
2787 2642 2840 2687 et
2868 2635 2973 2686 vita
3000 2640 3202 2687 aeterna
3222 2630 3300 2695 ³⁶;
3338 2648 3356 2681 t
3390 2637 3442 2683 et
3474 2644 3567 2696 per

1990 2727 2198 2794 ipsum,
2229 2737 2282 2779 et
2315 2740 2434 2778 cum
2472 2725 2585 2794 ipso
2621 2725 2727 2777 Deo
2757 2739 2818 2777 ac
2848 2722 2995 2778 Patri
3028 2723 3192 2793 gloria
3224 2738 3346 2775 cutn
3381 2728 3569 2774 sancto

1994 2815 2219 2887 Spiritu,
2254 2817 2304 2869 in
2341 2816 2533 2870 saecula
2567 2816 2905 2871 steculorum.
2936 2817 3125 2869 Amen.

1099 3241 1268 3250 -—

1502 3394 1800 3508 ΤΟΥ
1883 3394 2373 3510 ΑΥΤΟΥ

1025 3643 1321 3780 ΟΤΙ
1417 3647 1678 3774 ΕΙΣ
1765 3645 1883 3777 Ο
1977 3645 2706 3776 ΧΡΙΣΤΟΣ
2776 3641 2854 3764 ⁸.

998 4194 999 4197 γ
1624 4052 2256 4169 EJUSDEM

1102 4288 1435 4396 QUOD
1512 4291 1828 4382 UNUS
1897 4291 2089 4381 SIT
2161 4291 2783 4382 CHRISTUS.

1890 4514 1965 4528 .«O

397 4624 464 4678 Δ.
502 4624 860 4697 καθημάτων
898 4625 1002 4698 μὲν
1035 4627 1149 4679 τῶν
1173 4626 1336 4698 ἱερῶν
1372 4627 1534 4700 κόρος
1584 4628 1651 4682 ἂν
1692 4630 1881 4698 γένοιτ(

2075 4633 2365 4689 Sacrarum
2422 4633 2827 4703 disciplinarum
2885 4640 3047 4703 atque
3103 4630 3366 4688 doctrina
3425 4628 3569 4686 nulla

321 4713 601 4779 παντελῶς
644 4717 819 4781 οὐδεὶς
868 4719 983 4782 τοῖς
1034 4736 1099 4787 γε
1147 4720 1362 4791 άληθῶς
1424 4721 1748 4792 άρτίφροσι,
1804 4725 1898 4779 καὶ

323 4806 522 4875 γνῶσιν
554 4807 633 4870 εἰς
658 4808 783 4862 νοῦν
809 4809 908 4879 τὴν
936 4808 1199 4873 ζωοποιὸν
1225 4813 1668 4884 συνεγηγερκόσι.
1694 4814 1899 4887 Γέγρα-

326 4914 457 4952 πται
477 4897 606 4969 γάρο
654 4916 675 4950 ο
703 4898 948 4954 "01ter
967 4902 1055 4954 ἐπ’
1085 4903 1235 4973 ἄρτῳ
1263 4903 1408 4974 μόνῳ
1437 4902 1660 4973 ζήσεται
1691 4906 1903 4977 ἄνθρω-

330 5007 449 5054 πος,
489 4990 606 5044 ἀλλ’
637 4990 730 5044 ἐπὶ
786 4992 948 5045 παντὶ
976 4994 1186 5065 ῥήματι
1210 4995 1627 5066 ἐκπορευομένῳ
1662 4996 1750 5051 διὰ
1779 4997 1903 5050 στό-

329 5097 498 5150 ματος
523 5079 680 5133 Θεοῦ.
711 5099 730 5133 ι
764 5080 950 5151 Τροφὴ
977 5082 1087 5153 γὰρ
1115 5082 1232 5147 νοῦ,
1269 5084 1298 5136 6
1322 5083 1478 5152 λόγος
1509 5086 1538 5137 6
1566 5086 1719 5156 παρὰ
1744 5085 1902 5152 Θεοῦ,

326 5167 420 5221 καὶ
444 5167 608 5239 άρτος
631 5170 1020 5240 πνευματικὸς,
1050 5171 1320 5241 στηρίζων
1339 5172 1624 5245 ἀνθρώπου
1654 5176 1900 5247 καρδίαν,

325 5256 466 5311 κατά
494 5257 556 5311 τὸ
581 5260 640 5313 ὲν
667 5258 834 5332 βίϐλῳ
864 5260 1113 5331 Ψαλμῶν
1152 5262 1505 5333 ὑμνούμενον.

394 5349 454 5404 Β.
490 5344 565 5404 Εὖ
592 5350 793 5418 λέγεις.

398 5441 461 5493 Δ.
513 5440 781 5512 Ἑλλήνων
805 5445 903 5513 μὲν
951 5442 1043 5500 οὖν
1072 5449 1120 5500 οἱ
1146 5448 1298 5517 σοφοὶ
1326 5449 1420 5502 καὶ
1458 5447 1677 5517 λογάδες
1704 5449 1896 5504 τεθαυ-

414 5600 455 5631 ⁸τ
485 5599 672 5655 Matth.
701 5616 771 5665 tv,
796 5600 849 5656 Α.
935 5602 978 5635 ³⁸
1004 5600 1143 5657 Psal.
1178 5618 1295 5667 ctn,
1331 5603 1417 5659 i5.

2004 4725 2161 4797 plane
2189 4735 2272 4782 est
2302 4725 2525 4781 satietas
2544 4765 2560 4791 ,
2595 4726 2661 4781 iis
2692 4724 2783 4796 qui
2819 4717 3009 4780 revera
3042 4732 3191 4779 recte
3221 4723 3491 4786 sentiunt,
3520 4729 3577 4776 et

2005 4816 2365 4870 vivilicantem
2414 4818 2656 4870 notitiam
2706 4825 2889 4871 mente
2938 4816 3256 4871 hauserunt.
3303 4814 3574 4883 Scriptum

2006 4915 2090 4959 est
2117 4907 2263 4961 enim
2296 4925 2308 4960 :
2346 4926 2366 4959 r
2401 4907 2534 4976 Quia
2568 4923 2672 4964 non
2708 4909 2758 4961 in
2792 4906 2908 4961 solo
2936 4919 3073 4976 pane
3104 4905 3247 4959 vivet
3277 4905 3459 4970 homo,
3485 4904 3578 4959 sed

2009 4995 2061 5050 in
2092 4997 2237 5051 omni
2269 4998 2434 5053 verbo
2463 4997 2604 5065 quod
2637 4996 2970 5068 proceditur
2999 5011 3094 5051 ore
3129 4996 3219 5049 Dei
3244 4995 3308 5049 ³⁷.
3346 5013 3366 5047 ι
3396 4993 3581 5050 Nutri-

2008 5095 2247 5143 mentum
2276 5090 2419 5143 enim
2452 5089 2650 5144 mentis
2679 5097 2763 5142 est
2791 5088 3013 5142 verbum
3050 5088 3167 5152 Dei,
3197 5098 3249 5143 et
3280 5087 3436 5156 panis
3467 5085 3579 5156 spi-

2008 5178 2220 5234 ritualis
2244 5179 2577 5235 conﬁrmans
2601 5195 2667 5235 ac
2694 5182 2959 5235 roborans
2983 5193 3077 5234 cor
3099 5178 3365 5243 hominis;
3393 5191 3583 5248 quem-

2006 5272 2295 5327 admodum
2324 5274 2377 5328 in
2402 5273 2638 5330 Psalmis
2666 5275 2882 5329 canitur
2898 5274 2967 5328 ³⁸.

2080 5362 2139 5418 Β.
2182 5362 2348 5421 Recte
2378 5365 2477 5419 ais.

2077 5453 2141 5507 Α.
2182 5450 2474 5508 Gentilium
2526 5452 2742 5523 quidem
2794 5460 3064 5524 sapientes
3114 5459 3446 5505 venustatem
3502 5444 3581 5498 di-

403 5782 420 5802 ’
457 5782 705 5858 Dialogus
735 5785 822 5840 hic
860 5786 910 5841 in
936 5787 1170 5871 editione
1198 5784 1424 5843 Aubetti
1462 5802 1743 5851 perperam
1772 5797 2087 5843 numeratur
2114 5803 2283 5845 nonus
2312 5803 2374 5844 ex
2407 5786 2493 5842 his
2528 5789 2616 5857 qui
2652 5804 2769 5844 cum
2795 5786 3010 5864 Hermia
3046 5783 3214 5838 habiti
3249 5789 3391 5837 sunt.
3418 5775 3575 5830 EDIT-
