4048 6196
2481 24 2501 51 κ

448 218 581 272 12359
1432 221 1490 275 S.
1530 222 1806 278 CYRIIJJ
1847 222 2321 280 ALEXANDRINI
2360 226 2679 283 ARCHIEP.
3577 234 3722 289 1260

443 334 821 406 .‘Egyptiorum
873 337 1037 408 71⁸1
1070 292 1125 391 et
1157 337 1420 392 servitute
1447 353 1552 407 qua
1582 340 1777 394 Ibidem
1813 355 2006 410 preme

2132 340 2449 409 Αἰγυπτίων
2497 340 2678 413 χώρας
2713 344 2806 396 καὶ
2836 344 2933 413 τῆς
2962 343 3149 397 αὐτόθι
3196 343 3509 411 πλεονεξίας
3536 346 3723 398 anal-

443 431 638 483 bautur
670 430 938 487 lsraelitas
981 431 1218 486 liberans
1248 432 1299 485 in
1337 447 1496 485 manu
1540 430 1665 486 forti
1712 443 1767 486 et
1796 434 2006 489 brachii

2123 432 2331 488 λάττων
2360 434 2451 487 τὸν
2483 435 2718 505 Ἰσραὴλ,
2761 437 2819 489 ἐν
2857 437 3001 507 χειρὶ
3042 439 3280 508 κραταιῷ
3317 438 3413 490 xal
3461 440 3520 491 ἐν
3574 438 3723 508 βρα-

441 522 698 587 excelso,
771 524 911 581 sicut
963 524 1222 591 scriptum
1275 532 1357 577 est
1385 523 1633 579 "?anne
1683 540 1811 581 vero
1855 526 2017 581 etiam

441 615 697 682 deinceps
714 612 895 668 Jesunt
924 613 1211 668 manifeste
1235 614 1503 669 dicentem
1529 616 1891 686 reperiemus:
1922 636 1940 669 ι
1957 619 2021 672 Et

438 706 580 758 sicut
602 718 750 758 eram
781 718 901 758 cum
933 703 1134 775 Moyse,
1160 705 1233 761 ita
1258 721 1351 762 ero
1386 708 1548 762 etiam
1584 708 1861 764 vobiscum
1878 708 2010 761 W?»

510 814 571 868 Β.
616 812 874 869 Omnino.

511 908 575 963 A.
616 904 788 970 Quam
820 906 984 973 igitur
1009 905 1077 961 ob
1108 920 1326 961 causam
1360 922 1518 963 nemo
1551 909 1766 976 quidem
1803 909 2016 966 illorum

442 995 759 1049 Emmanuel
789 1005 1013 1051 vocatus
1041 1005 1142 1059 est,
1173 997 1265 1051 sed
1298 996 1370 1051 illi
1398 997 1496 1051 soli
1532 999 1632 1053 hoc
1661 1015 1854 1054 nomen
1888 1015 2018 1055 con-

441 1086 583 1139 venit
615 1086 707 1152 qui
742 1085 1053 1140 novissimis
1097 1085 1276 1141 saeculi
1310 1088 1648 1157 temporibus
1695 1103 1759 1142 ex
1794 1089 2019 1144 muliere

441 1178 735 1230 secundent
761 1189 979 1229 carnem
1016 1187 1177 1232 natus
1202 1178 1322 1232 est?

512 1269 574 1321 Β.
619 1268 863 1335 Quonam
900 1271 1057 1323 modo
1086 1270 1266 1338 itaque
1300 1270 1640 1326 censebimus
1671 1270 1873 1326 factum
1897 1285 2017 1326 esse

444 1358 609 1411 Deum
642 1371 711 1410 ex
760 1357 1027 1410 muliere?
1052 1357 1133 1411 An
1158 1368 1415 1426 tanquam
1452 1360 1768 1414 substantiae
1808 1375 1926 1428 quze
1952 1359 2014 1427 iu

440 1452 554 1518 ipsa
592 1458 646 1503 et
675 1463 737 1500 ex
779 1448 889 1515 ipsa
917 1455 999 1501 est
1023 1447 1293 1516 particeps
1328 1446 1527 1501 factum
1556 1447 1717 1501 fuerit
1747 1446 2017 1503 Verbum?

507 1546 570 1597 Λ.
610 1540 765 1596 Absit
799 1550 857 1594 ut
887 1540 1023 1594 adeo
1062 1554 1253 1592 vanam
1284 1548 1447 1607 atque
1476 1539 1763 1593 absurdam
1806 1540 2016 1608 opinio-

439 1647 560 1687 nem
613 1632 795 1686 animo
849 1628 1240 1696 concipiamus.
1298 1627 1596 1681 Erroneum
1641 1628 1786 1683 enim
1828 1628 2013 1696 fuerit,

2120 523 2257 594 χίονι
2305 524 2520 595 ὑψηλῷ,
2577 526 2719 579 καθὰ
2757 525 3116 595 γέγραπται;
3167 528 3290 596 οὐχ)⁸
3331 526 3390 580 δὲ
3432 529 3529 579 καὶ
3572 527 3727 596 μετὰ

2120 613 2307 678 ταῦτα,
2358 616 2564 685 Ἰησοῦν
2595 616 2823 684 λέγοντα
2854 616 3042 684 σαφῶς
3070 617 3398 689 εὑρήσομεν,
3439 636 3457 668 ‹
3493 617 3608 670 Kal
3636 615 3723 684 ὡς

2120 705 2270 776 ἥμην
2307 706 2449 775 μετὰ
2476 706 2669 777 Μωσῆ,
2703 706 2876 771 οὕτως
2902 706 3098 777 ἔσομαι
3126 708 3220 760 καὶ
3253 707 3392 777 μετὰ
3424 707 3516 760 σοῦ
3539 725 3554 771 ;
3581 725 3598 758 ι

2190 797 2253 851 Β.
2294 797 2540 868 Ἀληθές.

2190 887 2253 939 Α.
2288 888 2433 957 ’Λρα
2472 887 2536 957 δὴ
2583 882 2692 951 οὖν,
2734 888 2907 950 οὐδεὶς
2950 888 3050 958 μὲν
3093 887 3313 941 ἐκείνων
3360 886 3721 957 Ἐμμανουὴλ

2119 977 2453 1049 ὠνόμασται,
2479 980 2688 1050 ἥρμοσε
2712 980 2769 1032 δὲ
2798 980 2943 1051 μόνῳ
2971 978 3230 1051 τοῠνομα,
3258 979 3336 1049 τῷ
3363 981 3504 1032 κατὰ
3530 980 3718 1050 σάρκα

2119 1071 2184 1124 ἐκ
2221 1072 2478 1139 γυναικὸς
2513 1074 2570 1124 ἐν
2606 1074 2853 1142 ἐσχάτοις
2887 1072 2982 1125 τοῦ
3026 1073 3220 1136 αἰῶνος
3273 1075 3485 1144 καιροῖς
3527 1088 3718 1143 παρα-

2126 1164 2291 1230 δόξως
2331 1164 2752 1235 γεγεννημένῳξ

2192 1255 2251 1311 Β.
2287 1256 2603 1327 Οἰησόμεθα
2625 1257 2689 1328 δὴ
2704 1254 2797 1311 οὖν
2823 1257 2945 1311 τίνα
2970 1258 3171 1327 τρόπον
3193 1256 3557 1326 γεγεννῆσθαι
3574 1255 3720 1310 Θεὸν

2118 1349 2183 1401 ἐκ
2221 1348 2498 1416 γυναικὸς,
2534 1345 2620 1418 ἆρ’
2648 1349 2723 1412 ὼς
2762 1350 2859 1419 τῆς
2892 1348 3176 1420 ὑπάρξεως
3226 1349 3324 1417 τῆς
3371 1350 3430 1401 ἐν
3462 1348 3600 1417 αὖτῇ
3652 1363 3715 1399 τε

2118 1440 2212 1491 καὶ
2243 1439 2300 1505 ἐξ
2332 1440 2503 1509 αὐτῆς
2538 1440 2935 1510 μετεσχηκότος
2962 1439 3056 1492 τοῦ
3090 1441 3295 1508 Λόγους

2188 1529 2252 1579 Λ.
2289 1530 2504 1596 ’Δπαγε
2536 1529 2633 1598 τῆς
2673 1529 2815 1582 οὔτω
2836 1529 3049 1600 ψυχρᾶς
3075 1529 3488 1591 εἰκαιοϐουλίας.
3522 1528 3715 1597 Παρα-

2118 1620 2371 1681 πιίοντος
2405 1618 2512 1689 γὰρ
2547 1620 2595 1671 οἱ
2635 1619 2819 1687 λόγοι,
2869 1622 2962 1673 καὶ
2995 1621 3087 1673 νοῦ
3123 1620 3614 1691 κατηρῤωσηκότος
3649 1620 3712 1671 τ’)

439 1724 745 1790 mentisque
770 1720 928 1794 plane
963 1732 991 1772 a
1017 1731 1149 1771 vero
1172 1730 1402 1781 aversae,
1433 1717 1745 1772 existimare
1774 1717 2006 1773 inelIabi-

2119 1709 2202 1775 ἐφ’
2242 1708 2278 1761 ὃ.
2314 1710 2389 1779 μὴ
2441 1711 2717 1781 προσῆκεν
2759 1710 3223 1781 ἐκτετραμμένον,
3268 1712 3329 1764 τὸ
3365 1711 3567 1781 σαρκὸς
3595 1710 3710 1762 οἶε-

438 1818 542 1867 lem
578 1811 848 1882 Unigeniti
876 1811 1168 1864 essentiam
1195 1810 1375 1864 carnis
1438 1808 1672 1863 fructum
1705 1810 1820 1865 sive
1851 1811 2015 1866 fetum

435 1920 575 1959 esse.
605 1904 876 1957 Caeterum
918 1911 1057 1967 erat,
1097 1912 1154 1954 ιιι
1206 1901 1369 1965 Deus,
1396 1912 1699 1957 comternus
1745 1902 1889 1956 Patri
1925 1904 2014 1970 qui

437 1998 611 2067 ipsum
641 1994 844 2065 genuit,
884 2001 1028 2061 etex
1071 1993 1186 2060 ipso
1213 1990 1508 2046 secundum
1548 2002 1795 2047 naturant
1825 1994 2013 2049 inell'a-

435 2090 529 2144 bili
588 2091 746 2142 modo
794 2086 1009 2156 genitus
1061 2093 1164 2137 est.
1224 2082 1538 2139 Veientibus
1597 2096 1774 2140 autem
1830 2096 2014 2156 aperte

435 2194 765 2251 cognoscere
825 2176 1093 2247 quomodo
1125 2187 1175 2229 et
1204 2190 1307 2243 qua
1349 2175 1557 2230 ratione
1593 2176 1643 2229 itt
1675 2187 1853 2230 nostra
1888 2192 2012 2245 spe-

434 2276 517 2328 cie
543 2273 855 2343 apparuerit
886 2279 939 2323 et
994 2268 1168 2321 lactus
1207 2269 1279 2321 sit
1309 2270 1491 2333 homo,
1537 2268 1749 2322 divinus
1785 2283 2014 2339 evange-

435 2366 557 2419 lista
607 2363 843 2418 Joannes
888 2360 1149 2424 declarat,
1187 2358 1372 2412 dicens
1404 2376 1416 2410 :
1456 2377 1473 2408 ι
1509 2359 1572 2411 Ει
1606 2357 1838 2413 Verbum
1885 2376 2012 2416 caro

433 2459 634 2512 factum
678 2463 778 2518 est,
823 2462 877 2508 et
909 2452 1172 2506 habitavit
1214 2451 1266 2503 itt
1313 2450 1488 2514 ttobis,
1532 2460 1586 2504 et
1631 2451 1863 2506 vidimus
1900 2453 2012 2522 glo-

432 2551 566 2605 riam
618 2548 769 2616 ejtts,
823 2544 1048 2615 gloriam
1103 2551 1361 2611 tanquam
1412 2540 1684 2611 Unigeniti
1730 2557 1759 2596 a
1814 2541 2009 2608 Patre,

433 2643 645 2712 plenum
675 2638 863 2708 gratia:
889 2645 942 2691 et
972 2634 1211 2689 veritatis
1236 2632 1300 2687 ”.
1335 2651 1353 2685 ι

502 2732 565 2786 Β.
607 2733 679 2785 At
706 2732 747 2785 si
782 2727 1038 2789 Verbum,
1078 2725 1347 2795 inquiunt,
1384 2725 1583 2780 factum
1619 2736 1700 2781 est
1724 2742 1871 2793 caro,
1898 2727 2007 2797 jam

388 2881 397 2888 _
431 2840 536 2879 non
576 2822 806 2892 amplius
837 2818 1035 2873 mansit
1069 2814 1327 2882 Verbum,
1364 2817 1456 2869 sed
1485 2816 1663 2886 potius
1705 2817 1862 2872 desiit
1890 2833 2009 2873 esse

431 2917 482 2971 id
513 2914 655 2985 quod
681 2921 820 2966 erat.

499 3010 566 3061 A.
605 3004 765 3072 Atqui
803 3003 906 3056 hoc
945 3014 1151 3054 merum
1195 2997 1444 3052 delirium
1494 3008 1548 3053 et
1586 2999 1853 3055 dementia
1902 3012 2004 3068 est,
2036 3034 2077 3091 ο

431 3098 673 3166 nihilque
702 3093 847 3147 aliud
876 3106 1035 3160 quam
1079 3090 1277 3144 mentis
1306 3099 1498 3144 emota:
1525 3091 1835 3146 ludibrium.
1867 3094 2007 3148 Cen-

429 3199 548 3245 sent
578 3188 745 3249 enim,
778 3192 836 3236 ut
866 3182 1097 3246 videtur,
1122 3195 1218 3250 per
1247 3181 1349 3234 ltoc
1385 3199 1402 3231 ι
1425 3180 1623 3236 factum
1660 3194 1793 3247 est,»
1816 3199 2006 3239 neces-

425 3281 573 3337 saria
614 3277 844 3347 quadam
888 3274 1101 3328 ratione
1135 3273 1485 3327 mutationem
1522 3273 2006 3344 alterationemque

426 3372 745 3443 significari.

500 3469 557 3521 Β.
603 3466 679 3519 lta
714 3463 817 3520 sibi
856 3459 1182 3530 persuadent
1213 3468 1266 3512 et
1304 3459 1613 3527 Opinionem
1648 3475 1801 3514 suam
1833 3475 2005 3515 saera:

425 3561 725 3630 Scriptura:
757 3555 1082 3611 auctoritate
1116 3552 1419 3608 stabiliunt.
1463 3553 1674 3607 Dictum
1703 3555 1847 3608 enim
1896 3563 2002 3620 est,

426 3655 698 3725 inquiunt,
753 3648 879 3703 alibi
922 3648 988 3701 de
1036 3661 1204 3701 uxore
1246 3644 1366 3710 Lot,
1416 3645 1558 3713 quod
1596 3645 1734 3699 facta
1788 3647 1857 3700 sit
1907 3662 2001 3702 co-

424 3749 604 3801 lumna
636 3743 767 3798 salis
790 3741 869 3806 “;
897 3739 1033 3795 etde
1062 3739 1210 3807 virga
1236 3737 1427 3807 Moysi,
1462 3737 1603 3806 quod
1632 3739 1854 3808 projecit
1879 3753 2000 3794 eam

424 3845 478 3895 itt
508 3850 730 3899 terram,
760 3845 815 3888 et
844 3832 985 3887 facta
1015 3839 1100 3885 est
1126 3843 1351 3898 serpens
1373 3829 1439 3882 ⁸⁸.
1470 3828 1744 3885 Naturalis
1767 3833 1910 3885 enim
1946 3832 1999 3886 in

425 3933 572 3986 hisce
604 3927 827 3982 mutatio
861 3925 1001 3979 facta
1032 3932 1132 3979 est.

494 4030 563 4079 Α.
603 4022 746 4093 Ergo
799 4035 919 4074 cum
974 4016 1209 4086 psallunt
1244 4014 1462 4083 quidam
1499 4032 1512 4067 :
1546 4033 1565 4066 ί
1595 4014 1662 4069 Et
1698 4014 1869 4069 lactus
1918 4026 1999 4071 est

422 4116 555 4173 mihi
598 4115 857 4170 Dominus
904 4111 959 4166 in
1009 4106 1343 4178 refugium“
1373 4123 1387 4171 ;
1421 4126 1439 4158 ι
1475 4115 1528 4161 et
1566 4122 1793 4161 rursus:
1848 4125 1865 4157 ι
1896 4107 1997 4161 Do-

421 4210 592 4274 mine,
630 4205 896 4275 refugium
938 4201 1114 4255 lactus
1161 4215 1221 4254 es
1274 4198 1428 4253 nobis
1475 4198 1528 4251 in
1562 4199 1906 4269 generatione
1945 4207 2000 4253 et

419 4297 770 4371 generatione
791 4295 857 4359 ⁸⁷,
896 4311 916 4345 ι
946 4292 1074 4362 quid
1109 4289 1549 4361 respondebunt?
1573 4304 1712 4344 anne
1737 4288 1880 4345 Deus
1904 4292 1994 4360 qui

2122 1800 2245 1855 σθαι
2289 1800 2543 1869 γενέσθαι
2597 1802 2848 1873 καρπὸν,
2896 1801 2995 1873 τὴν
3038 1803 3276 1873 ἄρρητον
3328 1801 3563 1872 ὓπαρξιν
3608 1800 3709 1854 τοῦ

2118 1893 2478 1961 Μονογενοῦς.
2514 1894 2653 1946 Ἀλλ’
2690 1890 2779 1965 ἦν,
2819 1894 2894 1957 ὡς
2924 1893 3077 1959 Θεὸς,
3112 1895 3377 1958 συναῖδιος
3402 1895 3480 1963 τῷ
3507 1896 3708 1965 γεννή-

2120 2002 2274 2038 σαντι
2306 1986 2498 2057 Πατρὶ,
2527 1987 2622 2041 καὶ
2668 1986 2728 2049 ἐξ
2758 1986 2921 2040 αὑτοῦ
2963 1986 3105 2040 κατὰ
3157 1986 3319 2056 φύσιν
3374 1988 3708 2058 ἀπορρήτους

2116 2079 2538 2150 γεγεννημένος.
2564 2079 2837 2132 Ἐθέλουσί
2865 2096 2927 2147 γε
2965 2078 3069 2150 μὴν
3090 2079 3288 2133 εἰδέναι
3310 2079 3515 2148 σαφῶς,
3553 2080 3704 2142 ὅπως

2115 2184 2171 2219 τε
2206 2169 2298 2221 καὶ
2335 2169 2455 2221 τίνα
2494 2168 2693 2238 τρόπον
2724 2172 2780 2222 ἐν
2817 2170 2949 2222 εῖδει
2995 2168 3203 2238 πέφηνε
3241 2167 3319 2237 τῷ
3351 2169 3474 2222 καθ’
3517 2171 3700 2239 ἡμᾶς,

2117 2259 2211 2313 καὶ
2246 2260 2465 2328 γέγονεν
2502 2259 2819 2329 ἄνθρωπος,
2866 2263 3118 2331 σαφηνιεῖ
3151 2260 3323 2329 λέγων
3351 2263 3380 2314 ό
3413 2260 3701 2322 Θεσπέσιος

2115 2352 2504 2424 εὐαγγελιστὴς
2537 2353 2812 2424 Ἰωάννης
2848 2373 2866 2405 ι
2895 2355 3008 2407 Καὶ
3030 2355 3059 2405 ό
3087 2354 3258 2422 Λόγος
3290 2354 3428 2426 σὰρξ
3461 2355 3700 2422 ἐγένετο,

2116 2446 2207 2497 καὶ
2247 2445 2555 2516 ἐσκήνωσεν
2590 2446 2646 2497 ἐν
2682 2447 2834 2515 ἡμῖν,
2879 2446 2972 2498 καὶ
3015 2445 3357 2515 ἐθεασάμεθα
3394 2445 3495 2516 τὴν
3538 2446 3704 2512 δόξαν

2115 2533 2298 2600 αὐτοῦ,
2329 2536 2484 2601 δόξαν
2516 2537 2589 2600 ὼς
2620 2538 2958 2605 Μονογενοῦς
3002 2538 3154 2609 παρὰ
3192 2538 3424 2607 Πατρὸς,
3475 2536 3705 2608 πλήρης

2113 2628 2336 2700 χάριτος
2375 2632 2470 2683 καὶ
2504 2629 2785 2699 ἀληθείας.
2820 2650 2838 2682 t
3616 2674 3625 2679 .

2182 2723 2243 2774 B.
2293 2721 2431 2774 Ἀλλ’
2457 2724 2506 2775 εἰ
2544 2722 2757 2791 γέγονε,
2796 2724 2958 2791 φασὶ,
3002 2723 3171 2795 σάρξ,
3205 2727 3233 2776 ὁ
3264 2726 3455 2792 Λόγος,
3483 2724 3583 2777 οὐκ
3617 2723 3696 2777 ἔτι

2116 2813 2392 2883 μεμένηκε
2427 2802 2618 2882 Λόγος,
2650 2815 3059 2885 ὰποπεᾳοίτηκε
3097 2815 3154 2868 δὲ
3191 2814 3391 2884 μᾶλλον
3420 2815 3512 2869 τοῦ
3560 2812 3695 2869 εἶναι

2110 2906 2138 2957 ὃ
2169 2902 2257 2977 ἦν.

2184 2999 2246 3049 Α.
2287 2998 2395 3051 Kal
2433 2998 2538 3068 μὴν
2589 2996 2747 3051 τοῦτό
2800 2997 2865 3067 γέ
2920 2999 3037 3052 ἐστι
3080 2998 3337 3072 τερθρεὶα
3384 3003 3477 3051 καὶ
3508 2998 3690 3068 λῆρος,

2080 3088 2211 3142 ’καὶ
2266 3089 2621 3159 ἐξεστηκότος
2662 3090 2939 3161 εὑρέματα
2983 3090 3096 3155 νοῦ,
3145 3091 3239 3142 καὶ
3286 3089 3475 3161 ἕτερον
3517 3089 3692 3146 οὐδέν.

2117 3183 2331 3236 Οἴονται
2362 3183 2491 3253 γὰρ,
2524 3183 2598 3246 ὼς
2638 3184 2831 3251 ἔοικεν,
2859 3184 2933 3247 ὡς
2952 3183 3009 3248 ἐξ
3025 3182 3270 3251 ἀφύκτου
3305 3200 3365 3235 τε
3396 3182 3491 3236 καὶ
3526 3184 3692 3252 άναγο

2116 3275 2269 3328 καίου
2301 3275 2482 3343 λόγου,
2522 3266 2730 3347 τροπῆς
2771 3294 2831 3329 τε
2872 3278 2967 3330 καὶ
2996 3276 3335 3339 ἀλλοιώσεως
3363 3274 3694 3346 σημαντικὸν

2114 3363 2251 3421 εἶναι
2283 3368 2361 3432 τὸ,
2399 3387 2415 3419 t
2458 3369 2695 3437 ἐγένετο.
2735 3388 2753 3421 t
2794 3420 2802 3427 ,

2185 3459 2225 3509 Β
2280 3459 2406 3524 Nal,
2437 3460 2592 3527 φασὶ,
2622 3461 2716 3513 καὶ
2747 3461 2809 3531 δὴ
2846 3460 2936 3514 τὸν
2968 3462 3163 3514 οἰκεῖον
3196 3462 3489 3532 ἐμπεδοῦσι
3512 3463 3687 3530 λόγον,

2113 3550 2170 3616 ἐξ
2201 3550 2371 3620 αὐτῆς
2405 3550 2616 3614 ἑλόντες
2646 3550 2744 3621 τῆς
2791 3551 3147 3605 θεοπνεύστου
3191 3553 3434 3623 Γραφῆς.
3466 3554 3689 3624 Εἴρηται

2111 3643 2219 3712 γάρ
2254 3660 2381 3707 που,
2415 3645 2598 3713 φασιν,
2626 3646 2719 3698 ἐπὶ
2753 3644 2853 3715 μὲν
2881 3645 2982 3714 τῆς
3014 3645 3108 3698 τοῦ
3138 3644 3259 3698 Λὼτ
3294 3648 3575 3714 γυναικὸς,
3606 3648 3687 3699 ὅτι

2110 3736 2325 3803 ἐγένετο
2365 3738 2532 3809 στήλη
2568 3737 2714 3801 ἁλός.
2755 3738 2867 3792 Kal
2907 3739 3012 3809 μὴν
3057 3740 3152 3791 καὶ
3190 3739 3281 3791 ἐπὶ
3313 3740 3411 3809 τῆς
3444 3741 3684 3803 Μωσέως

2110 3828 2329 3898 ῥάϐδου,
2356 3830 2436 3882 ὅτι
2466 3829 2690 3901 ἔρριψεν
2728 3830 2899 3901 αὐτὴν
2929 3831 3020 3884 ἐπὶ
3046 3831 3144 3901 τὴν
3175 3832 3298 3901 γῆν,
3332 3833 3426 3886 καὶ
3467 3833 3683 3901 ἐγένετο

2107 3918 2249 3986 ὄφις.
2277 3919 2482 3989 Φυσικὴ
2514 3919 2620 3991 γὰρ
2649 3921 2705 3972 ἐν
2736 3920 2948 3985 τούτοις
2981 3920 3204 3990 γέγονεν
3237 3924 3269 3992 ή
3304 3924 3502 3994 τροπή.

2164 4013 2242 4079 Δ.
2276 4011 2503 4075 Οὐκοῦν,
2545 4013 2634 4065 ὅτε
2664 4012 2924 4082 ψάλλουσι
2949 4031 3115 4079 τινες,
3154 4033 3173 4066 r
3206 4015 3315 4068 Kal
3342 4015 3564 4084 ἐγένετό
3590 4033 3677 4087 μοι

2106 4103 2310 4173 Κύριος
2346 4106 2425 4168 εἰς
2460 4107 2800 4177 καταφυγήν·
2834 4126 2852 4159 ι
2899 4108 2991 4160 καὶ
3020 4108 3201 4173 πάλιν,
3238 4128 3256 4160 ι
3284 4108 3478 4180 Κύριε,
3508 4126 3676 4163 κατα-

2106 4194 2250 4263 φυγὴ
2302 4196 2569 4267 ἐγενήθης
2614 4199 2768 4267 ἡμῖν,
2816 4199 2873 4250 ἐν
2903 4200 3066 4269 γενεᾷ
3113 4199 3206 4252 καὶ
3244 4201 3468 4270 γενεᾷ,ι
3512 4201 3565 4253 τί
3613 4201 3678 4271 δὴ

2105 4289 2261 4356 φαῖεν
2287 4287 2351 4341 ἂν
2371 4304 2385 4354 ;
2406 4283 2515 4358 ἆρα
2544 4288 2605 4340 τὸ
2637 4285 2774 4342 εἶναι
2795 4290 2927 4353 Θεὸς
2957 4291 3115 4360 ἀφεὶς
3144 4293 3171 4343 ὁ
3193 4291 3556 4362 ὑμνούμενος,
3579 4309 3675 4362 με-

421 4394 510 4447 ltic
540 4391 887 4452 decantatur,
921 4384 1174 4439 desinens
1221 4396 1342 4437 esse
1362 4382 1525 4444 Deus,
1562 4390 1798 4436 mutatus
1830 4390 1911 4437 est
1945 4383 1997 4436 in

2116 4376 2487 4448 τακεχώρηκεν
2534 4378 2598 4430 ἐκ
2640 4380 2944 4451 μεταϐολῆς
2985 4381 3063 4443 εἰς
3094 4380 3155 4433 τὸ
3188 4376 3327 4433 εἶναι
3364 4382 3674 4451 καταφυγὴ,

418 4481 729 4552 refugium,
781 4488 835 4532 et
892 4475 1191 4529 translatus
1236 4483 1320 4528 est
1365 4472 1683 4527 naturaliter
1749 4473 1801 4526 in
1855 4473 1999 4541 aliud

419 4572 564 4645 quod
594 4571 748 4625 initio
774 4584 878 4623 non
903 4567 1063 4622 erat?
1094 4568 1162 4619 At
1188 4580 1317 4620 vero
1338 4564 1604 4634 quomodo
1635 4579 1738 4617 non
1768 4563 1817 4618 id
1840 4565 1999 4633 plane

418 4667 654 4722 alienum
683 4665 753 4717 sit
792 4676 820 4714 a
845 4660 1011 4730 718
1032 4657 1147 4713 Deo
1176 4656 1505 4711 naturaliter
1527 4655 1859 4709 exsistente?
1889 4654 1997 4709 lm-

420 4755 700 4811 mutabilis
728 4754 873 4808 enim
914 4752 1210 4805 secundum
1251 4757 1498 4801 naturam
1532 4760 1652 4800 cutn
1691 4744 1779 4809 sit,
1819 4757 2000 4800 manet

418 4849 662 4920 prolecm
692 4847 742 4901 id
773 4844 915 4915 quod
945 4852 1087 4907 erat,
1130 4851 1185 4897 et
1210 4850 1294 4897 est
1324 4854 1559 4910 semper,
1594 4838 1807 4893 tametsi
1844 4839 1992 4893 dica-

419 4955 510 4997 tur
534 4941 710 4995 factus
733 4952 854 4993 esse
887 4936 1179 5006 refugium.

380 5034 389 5117 ξ
486 5033 547 5087 Β.
590 5031 805 5103 Optime
834 5038 982 5084 certe
1010 5020 1418 5094 rectissimeque
1446 5024 1651 5080 dixisti.

381 5114 386 5133 ⁵
485 5130 549 5179 Α.
593 5125 728 5180 Cum
763 5124 946 5191 itaque
985 5122 1077 5175 Dei
1110 5121 1313 5175 mentio
1349 5120 1427 5182 lit,
1454 5117 1499 5171 si
1530 5116 1597 5171 ab
1634 5115 1816 5184 altquo
1841 5114 1987 5169 dica-

415 5220 504 5266 tur
535 5215 685 5279 illud,
724 5213 928 5268 Factus
954 5222 1037 5268 est
1068 5253 1083 5277 ,
1117 5225 1224 5281 quo
1249 5218 1407 5279 pacto
1436 5223 1540 5262 non
1573 5207 1645 5261 sit
1672 5205 1984 5268 absurdum,

415 5316 578 5374 atque
607 5306 741 5359 adeo
779 5307 1130 5360 vehementer
1171 5303 1486 5361 absurdum,
1512 5300 1825 5354 existimare
1866 5313 1985 5350 mu-

418 5401 672 5455 tationem
717 5396 948 5465 aliquam
982 5413 1075 5465 per
1124 5396 1175 5449 id
1210 5394 1527 5465 signiﬁcari,
1564 5401 1617 5446 et
1662 5406 1766 5444 non
1808 5388 1986 5458 potius

417 5491 599 5547 conari
646 5489 696 5543 id
726 5489 828 5542 alia
865 5490 1073 5543 ratione
1119 5490 1441 5558 intelligere,
1477 5485 1877 5555 prudenterque
1918 5483 1985 5536 ad

484 5607 528 5637 "
561 5604 715 5659 Deut.
748 5618 803 5664 v,
838 5601 924 5654 15.
1018 5600 1085 5630 ⁴¹⁹
1109 5598 1222 5653 Jos.
1251 5616 1289 5663 ι,
1316 5601 1369 5654 5.
1469 5599 1514 5629 ’⁵³
1536 5597 1690 5653 Joatt.
1724 5613 1762 5663 t,
1795 5592 1883 5651 Μ.

416 5677 459 5710 ⁸⁷
487 5676 626 5735 Psal.
658 5689 876 5741 tum,
911 5671 961 5726 1.

1018 5600 1085 5630 ⁴¹⁹
1109 5598 1222 5653 Jos.
1251 5616 1289 5663 ι,
1316 5601 1369 5654 5.

1966 5596 2019 5635 -“
2047 5595 2183 5653 Gen.
2218 5615 2329 5666 xu,
2360 5598 2446 5653 '26.

2102 4471 2196 4522 καὶ
2230 4470 2462 4542 μετέστη
2494 4471 2739 4541 φυσικῶς
2774 4472 2911 4542 πρὸς
2945 4473 3130 4544 ἕτερόν
3156 4490 3208 4526 τι
3249 4474 3380 4544 παρ’
3414 4474 3548 4545 ὅπερ
3578 4475 3674 4526 οὐκ

2099 4559 2168 4633 ἦν
2195 4563 2253 4615 ἐν
2277 4564 2500 4634 ἀρχαῖς;
2532 4548 2642 4617 Kal
2671 4563 2788 4627 πῶς
2814 4565 2914 4617 οὐκ
2939 4564 3193 4627 ἀπεοικὸς
3222 4566 3315 4617 καὶ
3340 4567 3674 4637 ἀνάρμοστον

2100 4657 2177 4727 τῷ
2207 4675 2269 4726 γε
2300 4659 2412 4712 δντι
2441 4656 2583 4711 κατὰ
2623 4656 2783 4727 φύσιν
2812 4657 2931 4727 Θεῷ
2967 4657 3025 4710 τὸ
3060 4657 3252 4728 χρῆμά
3278 4659 3463 4724 ἐστιν;
3489 4660 3677 4727 Ἀτρε-

2100 4764 2231 4811 πτος
2276 4750 2385 4819 γὰρ
2415 4747 2489 4802 ὢν
2534 4748 2677 4803 κατὰ
2722 4748 2905 4818 φύσιν,
2954 4750 3105 4819 μένει
3149 4766 3251 4802 που
3288 4749 3507 4813 πάντως
3543 4750 3675 4819 ὅπερ

2100 4834 2190 4910 ἦν,
2221 4841 2315 4892 καὶ
2340 4841 2486 4894 ἔστιν
2516 4841 2624 4906 ἀεὶ,
2650 4840 2753 4894 κᾶν
2782 4843 2830 4893 εἰ
2862 4840 3073 4910 λέγοιτο
3089 4842 3199 4895 τισὶ
3227 4842 3482 4911 γενέσθαι
3509 4859 3679 4894 κατα-

2101 4931 2269 5000 φυγήο
2402 4938 2409 4942 '

2172 5022 2231 5075 Β.
2276 5023 2511 5093 Ἀριστά
2547 5040 2610 5090 γε
2650 5022 2744 5077 καὶ
2775 5022 2919 5093 μάλα
2956 5022 3125 5094 ὀρθῶς
3165 5028 3313 5094 ἔφης.

2167 5116 2233 5168 Α.
2270 5114 2480 5167 Οὐκοῦν
2531 5115 3017 5185 παρενηνεγμένης
3064 5115 3144 5178 εἰς
3192 5116 3356 5186 μέσον
3402 5118 3499 5188 τῆς
3542 5118 3677 5178 9εοῦ

2099 5205 2349 5275 μνήμης,
2390 5208 2437 5260 εἰ
2473 5207 2576 5259 ὑπό
2619 5224 2711 5260 του
2759 5206 2968 5275 λέγοιτο
2997 5205 3077 5271 τὸ,
3121 5208 3387 5276 Ἐγένετο,
3423 5210 3542 5273 πῶς
3577 5210 3677 5268 οὐκ

2096 5298 2306 5368 ἀμαθὲς
2336 5303 2442 5354 καὶ·
2471 5300 2682 5354 ἀνόσιον
2712 5301 2907 5371 κομιδῇ
2928 5340 2945 5364 ,
2989 5300 3196 5373 τροπὴν
3233 5300 3439 5355 οἴεσθαι
3475 5303 3677 5373 σημαί-

2095 5407 2205 5443 νειν
2238 5391 2389 5457 αὐτὸ,
2429 5393 2521 5444 καὶ
2552 5392 2672 5462 οὐχὶ
2706 5392 2769 5463 δὴ
2807 5393 3005 5463 μᾶλλον
3035 5392 3158 5445 καθ’
3181 5392 3367 5465 ἕτερόν
3399 5411 3521 5446 τινα
3554 5396 3679 5464 τρό-

2096 5498 2195 5534 πον
2228 5482 2519 5551 πειρᾶσθαι
2549 5486 2709 5547 νοεῖν,
2741 5485 2834 5536 καὶ
2870 5483 3220 5556 περιτρέπειν
3265 5482 3554 5553 ἐμφρόνως
3595 5483 3677 5544 εἰς

2549 5599 2593 5631 ⁸⁵
2622 5599 2789 5654 Exod.
2821 5615 2891 5667 tv,
2927 5599 2982 5665 ὅ,
3014 5600 3068 5654 4.
3146 5598 3190 5630 ⁸⁸
3213 5597 3355 5655 Psal.
3392 5611 3543 5652 xcnt.
3577 5593 3675 5655 22.
