4048 6196
399 236 527 291 1261
1524 227 1711 295 QL'OD
1754 226 1939 283 UNUS
1976 225 2083 283 SIT
2120 227 2491 286 CHRISTUS.
3511 231 3648 284 1?.6'2

391 351 451 404 τὸ
493 352 575 405 ὅτι
609 348 842 419 μάλιστα
891 346 1101 419 πρέπον
1135 362 1196 399 τε
1244 346 1335 399 καὶ
1370 345 1544 409 ἐοικὸς
1591 346 1667 417 τῷ
1717 346 1971 417 ἀτρέπτῳ

2077 347 2128 401 id
2166 348 2306 416 quod
2353 347 2461 401 Deo
2497 345 2816 402 immutabili
2868 346 3103 403 maxime
3148 345 3405 402 convenit
3435 362 3650 404 accom-

390 441 539 512 Θεῷ;
569 440 693 503 Πῶς
716 441 783 511 δὴ
810 435 903 492 οὖν
930 440 1037 508 ἄρα
1066 439 1145 501 εἰς
1178 438 1357 507 σάρκα
1386 436 1566 506 φαμὲν
1595 436 1849 505 γενέσθαι
1882 436 1973 489 τὸν

2079 438 2336 492 modare?
2394 437 2638 504 Quonam
2687 438 2850 507 igitur
2899 448 3058 508 pacto
3114 438 3169 494 in
3217 453 3383 494 carne
3444 438 3646 496 factum

390 533 578 599 Λόγον,
619 532 681 583 τὸ
712 530 979 601 ἄτρεπτόν
1010 546 1065 582 τε
1114 529 1208 581 καὶ
1237 528 1591 582 ἀναλλοίωτον
1628 528 1705 590 ὼς
1753 528 1881 580 ῐδιόν
1913 546 1972 580 τε

2076 527 2243 583 fuisse
2271 528 2503 584 Verbum
2543 529 2807 592 dicamus,
2852 527 3345 585 immutabilitatem
3394 545 3517 600 qua:
3548 532 3649 601 ipsi

390 625 480 678 καὶ
508 622 762 686 οὐσιῶδες
789 622 885 673 καὶ
929 619 1247 690 ἐμπεφυκὸς
1288 618 1438 689 αὑτῴ
1484 618 1775 689 τηροῦντες
1809 618 1916 682 ἀεὶ,
1945 620 1973 672 ὁ

2075 622 2292 689 propria
2338 632 2500 690 atque
2550 620 2854 677 essentialis
2915 631 2973 676 et
3007 621 3203 687 insita,
3252 631 3336 676 est
3388 632 3648 692 perpetuo

389 716 658 785 πάνσοφος
689 713 920 779 Παῦλος,
947 714 975 765 ό
1006 711 1114 767 τῶν
1140 708 1308 764 αὑτοῦ
1346 710 1659 781 μυστηρίων
1688 710 1911 779 ταμίας,
1944 711 1973 761 ό

2084 724 2489 780 conservantes,
2539 712 2973 789 sapientissimus
3015 712 3236 779 Paulus,
3272 716 3682 784 mysteriorum.

389 807 491 862 τῶν
525 804 902 875 εὑαγγελικῶν
952 821 1022 875 κη
1032 820 1134 875 ρυγ
1143 801 1329 873 μάτων
1378 805 1421 854 is
1431 818 1522 869 pou
1530 802 1683 871 ργὸς,
1704 792 1707 795 ’
1721 804 1975 871 σαφηνιεί

2080 802 2244 871 ipsius
2341 804 2684 873 dispensator
2758 805 3192 875 evangelicmque
3254 807 3678 876 praedicationis:

387 899 579 968 λέγων’
620 919 637 949 ι
668 898 840 951 Τοῦτο
880 899 1126 967 φρονεῖτε
1185 894 1416 956 ἕκαστος
1443 895 1501 946 ὲν
1537 894 1666 962 ὑμῖν
1706 893 1907 956 αὑτοῖς,
1943 891 1972 943 ὃ

2079 896 2351 963 minister,
2377 896 2637 962 declarat,
2675 898 2897 953 dicens:
2933 915 2951 948 ι
2991 897 3103 953 Hoc
3138 900 3336 953 sentite
3359 903 3650 972 unusquis-

388 992 479 1045 καὶ
509 993 565 1043 ὲν
603 989 827 1059 Χριστῷ
864 988 1062 1058 Ἰησοῦ,
1105 987 1164 1050 ὃς
1209 988 1265 1040 ὲν
1299 988 1481 1057 μορφῇ
1520 984 1655 1037 Θεοῦ
1686 984 1968 1054 ὑπάρχων,

2075 1001 2181 1055 que
2212 988 2262 1041 in
2295 989 2447 1043 vobis
2474 991 2613 1057 quod
2664 999 2720 1043 et
2764 990 2816 1043 in
2847 989 3067 1045 Christo
3098 988 3247 1057 Jesu,
3277 992 3393 1060 qui,
3436 1007 3557 1048 cum
3596 996 3646 1047 in

388 1079 484 1148 οὑχ
513 1078 808 1149 ἁρπαγμὸν
834 1079 1077 1148 ἡγήσατο
1107 1076 1167 1129 τὸ
1194 1072 1332 1129 εἶναι
1365 1075 1455 1128 ἴσα
1476 1073 1616 1143 Θεῷ,
1644 1073 1756 1127 ἀλλ’
1781 1073 1971 1125 ἑαυτὸν

2076 1076 2249 1129 forma
2300 1076 2389 1130 Dei
2441 1087 2607 1142 esset,
2660 1092 2764 1132 non
2819 1079 3061 1148 rapinam
3108 1081 3411 1136 arbitratus
3461 1091 3545 1137 est
3590 1099 3649 1139 se

387 1168 641 1234 ὲκένωσε,
695 1166 909 1238 μορφὴν
960 1165 1146 1219 δούλου
1190 1164 1390 1231 λαϐὼν,
1436 1165 1495 1218 ὲν
1536 1163 1840 1234 ὁμοιώματι
1872 1164 1969 1215 άν-

2072 1182 2193 1223 esse
2243 1169 2501 1238 aequalem
2552 1169 2661 1225 Deo
2703 1188 2717 1223 :
2758 1170 2851 1225 sed
2900 1172 3251 1243 semetipsum
3309 1174 3644 1239 exinanivit.

389 1259 619 1330 θρώπων
650 1260 964 1331 γενόμενος,
993 1260 1089 1312 καὶ
1125 1261 1362 1331 σχήματι
1390 1257 1634 1330 εὑρεθεὶς
1664 1257 1739 1321 ὡς
1763 1255 1972 1326 ἄνθρω-

2073 1256 2299 1313 l‘ormam
2329 1259 2470 1314 servi
2508 1260 2799 1330 accipiens,
2834 1260 2886 1315 iu
2920 1260 3326 1318 similitudinem
3369 1263 3645 1321 hominum

389 1367 506 1414 πος,
548 1349 911 1403 ἐταπείνωσεν
943 1348 1157 1412 ἑαυτὸν,
1203 1348 1494 1419 γενόμενος
1534 1348 1776 1418 ὑπήκοος
1808 1346 1969 1418 μέχρι

2074 1347 2269 1415 factus,
2315 1359 2370 1404 et
2402 1350 2589 1405 habitu
2624 1352 2875 1407 inventus
2917 1362 2976 1405 ut
3004 1353 3186 1419 homo,
3218 1354 3526 1411 humiliavit
3558 1372 3646 1413 se-

388 1443 637 1505 θανάτου,
669 1441 898 1495 Θανάτου
929 1441 985 1496 δὲ
1017 1439 1273 1511 σταυροῦ.
1301 1458 1319 1489 ι
1360 1439 1554 1492 Καίτοι
1597 1438 1706 1509 γὰρ
1730 1438 1864 1501 Θεός
1907 1455 1967 1490 τε

2072 1437 2269 1508 ipsum,
2304 1437 2476 1492 lactus
2506 1437 2766 1494 obediens
2801 1455 2970 1509 usque
3007 1443 3074 1495 ad
3106 1452 3333 1497 mortem
3368 1483 3383 1508 ,
3417 1456 3646 1502 mortem

388 1535 482 1589 κα)⁵
508 1539 571 1589 ἐκ
600 1535 733 1588 Θεοῦ
769 1535 911 1588 κατὰ
958 1535 1115 1603 φύσιν
1143 1532 1403 1602 ὑπάρχων
1426 1532 1463 1601 ό
1483 1530 1774 1601 μονογενὴς
1803 1528 1968 1583 αὑτοῦ

2070 1538 2250 1583 autem
2297 1530 2477 1583 crucis
2496 1527 2561 1580 ⁸⁸.
2594 1546 2613 1579 ι
2651 1529 2790 1584 Deus
2826 1531 2971 1583 enim
3006 1540 3060 1585 et
3099 1545 3164 1585 ev
3203 1532 3314 1588 Deo
3351 1536 3646 1592 secundum

388 1629 584 1697 Λόγος,
628 1629 689 1681 τὸ
726 1627 1069 1697 ἀπαύγασμα
1112 1627 1211 1695 τῆς
1244 1626 1425 1695 δόξης,
1473 1624 1569 1680 καὶ
1614 1625 1643 1675 ὁ
1681 1624 1970 1694 χαρακτὴρ

2072 1630 2321 1676 naturam
2370 1621 2638 1676 exsistens
2681 1621 3015 1689 unigenitum
3076 1622 3244 1690 ipsius
3281 1623 3545 1692 Verbum,
3592 1641 3649 1686 et

388 1720 484 1790 τῆς
516 1718 865 1782 ὑποστάσεως
892 1718 986 1770 τοῦ
1011 1718 1391 1788 γεννήσαντος,
1415 1715 1638 1784 γέγονεν
1661 1714 1963 1785 ἄνθρωπος,

2073 1712 2325 1783 splendor
2379 1712 2595 1783 gloriae,
2642 1723 2698 1767 et
2743 1712 3027 1768 character
3074 1716 3389 1773 substantiae
3425 1690 3648 1777 Genito—

388 1813 479 1865 καὶ
510 1812 609 1864 οὑκ
638 1812 717 1875 είς
756 1812 933 1883 σάρκα
973 1809 1233 1879 τραπεὶς,
1271 1808 1306 1877 ἢ
1343 1804 1576 1877 φυρμὸν,
1614 1806 1646 1877 ἢ
1680 1807 1895 1875 κρᾶσιν,
1933 1806 1965 1876 ἦ

2076 1804 2151 1857 ris
2171 1802 2241 1866 δ’,
2276 1802 2476 1856 factum
2503 1812 2585 1858 est
2612 1803 2800 1867 homo,
2819 1812 2873 1857 et
2904 1818 3010 1857 non
3040 1803 3094 1857 in
3122 1820 3342 1863 carnem
3362 1821 3646 1875 mutatum,

387 1923 439 1960 τι
472 1906 577 1959 τῶν
604 1904 859 1959 τοιούτων
897 1904 1084 1974 ἓτερον
1120 1902 1437 1971 ὑπομείνας,
1466 1899 1654 1963 καθεὶς
1680 1900 1737 1952 δὲ
1768 1898 1967 1969 μᾶλλον

2075 1908 2249 1964 neque
2280 1896 2442 1949 ullam
2494 1905 2590 1949 aut
2631 1896 2939 1963 misturam,
2982 1906 3078 1953 aut
3111 1910 3529 1968 temperaturam
3558 1914 3651 1958 aut

390 1998 577 2051 ἑαυτὸν
610 2000 689 2061 εἰς
719 1998 969 2065 κένωσιν,
1003 1995 1096 2048 καὶ
1134 1994 1253 2047 ἀντὶ
1283 1996 1379 2065 τῆς
1418 1991 1785 2064 προκειμένης
1817 1990 1968 2061 αὑτῷ

2075 1985 2219 2039 aliud
2254 1984 2528 2056 quidpiam
2570 1985 2942 2054 hujuscemodi
2989 1988 3177 2054 subiit,
3221 1990 3315 2043 sed
3343 1993 3521 2059 potius
3551 1994 3647 2047 de-

390 2093 581 2161 χαρᾶς,
606 2076 867 2160 αἰσχύ-νης
893 2086 1333 2156 καταφρονήσας,
1366 2083 1459 2137 καὶ
1486 2084 1585 2153 τὴν
1623 2083 1722 2153 τῆς
1750 2083 1963 2154 ἀνθρωο

2076 2078 2296 2131 mittens
2349 2090 2408 2131 se
2442 2076 2509 2131 ad
2557 2076 2979 2131 exinanitionem
3004 2115 3020 2141 ,
3057 2088 3113 2132 et
3166 2094 3264 2148 pro
3314 2083 3512 2151 gaudio
3546 2084 3649 2140 sibi

388 2186 619 2253 πότητος
658 2182 932 2252 πτωχείαν
976 2181 1075 2233 οὑκ
1107 2178 1398 2249 ἀτιμάσας.
1432 2176 1691 2248 Ἦθέλησε
1724 2177 1856 2249 γάρ,
1891 2178 1968 2242 ὼς

2075 2168 2388 2239 preposito,
2447 2168 2681 2225 dedecus
2739 2179 3131 2233 contemnens,
3183 2170 3649 2245 humanitatisque

388 2277 542 2342 Θεὸς,
581 2279 678 2347 τὴν
718 2276 931 2346 θανάτῳ
970 2275 1064 2329 καὶ
1109 2273 1352 2344 ἁμαρτίᾳ
1395 2271 1723 2343 ὲνεχομένην
1764 2272 1965 2343 σάρκα,

2076 2262 2348 2317 miseriam
2399 2270 2563 2331 atque
2608 2261 2956 2329 indigentiam
2998 2277 3105 2318 non
3154 2276 3495 2335 aspernatus.
3541 2268 3646 2324 Vo-

387 2371 481 2423 καὶ
520 2369 750 2423 θανάτου
796 2370 889 2422 καὶ¹
938 2368 1168 2438 αἵματος
1212 2364 1487 2436 ἀποφῆναι
1536 2365 1842 2435 κρείττονα,
1873 2364 1967 2418 καὶ

2074 2354 2175 2409 luit
2219 2356 2365 2411 enim
2416 2365 2474 2410 ut
2518 2353 2660 2410 Deus
2692 2370 2909 2411 carnem
2970 2358 3130 2411 morti
3181 2368 3237 2412 et
3280 2370 3507 2428 peccato
3554 2363 3647 2418 ob-

384 2462 714 2533 άνακομίσαι
748 2460 886 2531 πρὸς
928 2459 988 2512 τὸ
1024 2459 1329 2529 ὲνάρχαῖς,
1363 2457 1498 2511 ἰδίαν
1532 2456 1702 2528 αὑτὴν
1734 2458 1966 2527 ποιησά-

2075 2445 2318 2512 noxiam,
2365 2456 2539 2503 morte
2589 2462 2652 2502 ac
2695 2456 2920 2517 peccato
2962 2449 3298 2519 superiorem
3347 2452 3646 2520 declarare.

390 2569 576 2623 μενος,
622 2552 716 2604 καὶ
756 2552 854 2604 οὑκ
886 2549 1092 2620 ἄψυχόν
1125 2566 1188 2618 γε
1221 2549 1363 2602 κατά
1393 2565 1565 2614 τινας,
1606 2549 1967 2619 ὲψυχωμένην

2076 2540 2426 2610 ριίςιίηωειιιο
2477 2539 2772 2609 integritati
2836 2540 3146 2609 restituere,
3205 2544 3475 2612 propriam
3528 2561 3647 2602 eam

384 2644 441 2698 δὲ
478 2644 680 2716 μᾶλλον
710 2643 854 2713 ψυχῇ
889 2642 1078 2712 νοερᾷο
1124 2640 1261 2693 ἰέναι
1307 2657 1370 2708 γε
1406 2641 1512 2711 μὴν
1558 2640 1657 2711 τὴν
1696 2639 1773 2711 τῷ
1819 2641 1965 2710 πράυ

2074 2630 2176 2686 sibi
2205 2629 2430 2694 faciens,
2461 2639 2515 2684 et
2549 2630 2765 2699 quidem
2801 2630 2946 2685 illaut
2987 2624 3091 2686 non
3134 2633 3313 2706 anima
3350 2649 3645 2706 carentem,

383 2754 555 2807 γματι
601 2736 915 2807 πρέπουσαν
963 2735 1064 2786 οὑκ
1111 2729 1430 2797 ἀπαξιώσας
1475 2731 1681 2803 τρίϐον,
1711 2731 1809 2803 τὴν
1843 2732 1966 2786 καθ’

2075 2732 2129 2773 ut
2159 2719 2377 2788 quidam
2412 2719 2728 2787 opinantur,
2756 2719 2865 2774 imo
2896 2722 3077 2790 potius
3107 2723 3288 2779 anima
3311 2726 3648 2800 intelligente

385 2830 532 2899 ἡμᾶς
576 2827 826 2895 γέννησιν
859 2826 1148 2893 ὑπομεῖναι
1191 2822 1432 2892 λέγεται,
1467 2822 1793 2893 μεμενηκὼς
1829 2823 1966 2893 ὅπερ

2074 2812 2390 2865 animatam.
2446 2810 2616 2865 Porro
2673 2811 2756 2864 via
2809 2826 2930 2880 quae
2987 2813 3115 2869 huic
3153 2818 3368 2887 negotio
3415 2812 3649 2890 gerendo

381 2915 471 2991 ἦν.
523 2916 844 2986 Γεγέννηται
878 2916 985 2987 γὰρ
1025 2915 1345 2985 παραδόξως
1396 2914 1537 2968 κατὰ
1586 2916 1807 2986 σάρκα’,
1843 2915 1876 2987 ἢ
1910 2918 1966 2970 ἐν

2075 2902 2392 2958 conveniret
2445 2901 2699 2957 incedere
2749 2916 2856 2958 non
2917 2901 3260 2975 dedignatus,
3309 2912 3648 2969 nativitatem

385 3008 515 3060 εῖδει
546 3006 651 3075 τῷν
680 3005 799 3057 καθ’
827 3006 974 3075 ἡμᾶς
1003 3005 1229 3074 ὀφθῆναι
1255 3007 1369 3068 τοῖς
1394 3005 1487 3057 ἐπὶ
1516 3004 1639 3075 γῆς,
1669 3006 1759 3059 τὸν
1784 3007 1964 3075 ἁναφῆ

2077 2996 2236 3051 nobis
2268 2995 2498 3051 similem
2537 2994 2770 3049 subiisse
2815 2993 3396 3067 dicitur,'permanens
3429 3017 3559 3059 vero
3599 3005 3651 3061 id

2083 3104 2172 3108 ,ω
2205 3090 2217 3108 .
2274 3100 2378 3108 η-.
2445 3087 2612 3108 ..ιη-η
2649 3087 2784 3108 ,,,ε,,,
2952 3102 2972 3108 -
3380 3095 3413 3108 Α.

385 3098 479 3152 καὶ
509 3094 839 3166 όισώματον⁶⁸
858 3094 1003 3165 Πλὴν
1036 3094 1454 3166 ὲνανθρωπῆσαι
1484 3096 1771 3168 κρίναντα,
1800 3097 1895 3151 καὶ
1912 3099 1968 3151 ὲν

2074 3090 2218 3160 quod
2267 3100 2405 3144 erat.
2443 3087 2616 3144 Natus
2643 3087 2788 3144 enim
2836 3096 2920 3143 est
2948 3088 3258 3147 admirabili
3312 3095 3523 3153 ratione
3561 3113 3651 3154 se-

384 3187 562 3257 ἑαυτῷ
603 3187 697 3241 καὶ
742 3186 887 3256 μόνῳ
932 3188 1043 3248 τοῖς
1084 3186 1185 3256 τῆς
1231 3186 1482 3258 θεότητος
1528 3187 1834 3254 ἀξιώμασιν
1870 3190 1965 3241 ὲκ-

2074 3184 2310 3240 cundum
2354 3197 2575 3237 carnem
2604 3197 2673 3237 ex
2719 3181 2987 3236 muliere:
3023 3197 3197 3253 neque
3242 3187 3388 3242 enim
3435 3201 3653 3260 poterat

385 3280 573 3352 πρεπῆ
601 3278 698 3349 τὴν
735 3277 891 3348 ἡμῶν
921 3276 1196 3345 ἀποφῆναι
1238 3277 1398 3345 φύσιν
1420 3297 1433 3307 ·
1467 3274 1536 3346 ἦν
1576 3279 1682 3351 γὰρ
1711 3280 1741 3331 ὁ
1780 3280 1964 3344 αὐτὸς»

2074 3278 2254 3342 aliter,
2286 3276 2427 3331 Deus
2467 3273 2764 3330 secundum
2798 3283 3046 3329 naturam
3074 3278 3367 3345 exsistens,
3402 3295 3564 3353 quam
3597 3286 3650 3341 in

384 3374 517 3436 Θεός
547 3389 610 3440 γε
657 3369 790 3442 ὁμοῦ
834 3371 928 3423 καὶ
958 3368 1054 3424 ἄνθ
1067 3385 1242 3438 ρωπος
1261 3407 1276 3432 ,
1307 3369 1400 3421 καὶ
1443 3370 1500 3421 ἐν
1531 3369 1835 3439 ὁμοιώματι
1868 3371 1967 3440 μὲν

2075 3370 2257 3440 specie
2294 3384 2415 3437 qua:
2455 3377 2655 3422 nostra
2700 3366 2895 3421 similis
2947 3376 3089 3423 esset
3131 3370 3450 3430 mortalibus
3479 3390 3651 3446 appa-

384 3462 692 3534 άνθρώπου,
724 3460 859 3514 καθὸ
894 3457 1035 3529 μετὰ
1073 3456 1262 3511 τούτου
1293 3458 1388 3511 καὶ
1431 3457 1564 3521 Θεὸς
1604 3454 1693 3529 ἦν,
1726 3461 1966 3540 01M

2077 3475 2219 3525 rere,
2265 3460 2359 3530 qui
2394 3461 2751 3529 incorporeus
2800 3469 2885 3514 est
2924 3469 2980 3514 et
3015 3464 3157 3533 tangi
3210 3469 3418 3534 nequit.
3469 3466 3651 3539 Neque

384 3556 439 3609 δὲ
464 3556 538 3619 ὼς
566 3555 867 3627 ἄνθρωπος.
896 3552 1028 3614 Θεὸς
1057 3551 1166 3621 γάρ
1200 3546 1268 3621 ἦν
1292 3551 1347 3602 ὲν
1378 3548 1507 3602 εῖδει
1537 3549 1615 3619 τῷ
1644 3550 1765 3602 καθ’
1795 3551 1964 3620 ἡμᾶς,

2070 3551 2214 3605 enim
2252 3559 2464 3615 poterat
2496 3550 2655 3602 aliter
2678 3564 2840 3617 quam
2873 3564 2970 3616 per
3002 3551 3455 3620 incarnationem,
3484 3569 3647 3628 atque

384 3649 477 3703 καὶ
532 3649 590 3700 ἐν
636 3645 823 3701 δούλου
866 3647 1083 3717 μορφῇ,
1129 3642 1425 3713 Δεσπότης.
1456 3640 1969 3723 Σ-άρκακγᾲρ-ρῇιω

2072 3641 2126 3694 in
2160 3639 2339 3707 seipso
2373 3649 2425 3693 et
2455 3638 2674 3707 quidem
2724 3638 2841 3692 solo
2872 3652 3112 3695 nostram
3144 3655 3392 3701 naturam
3432 3649 3648 3707 deitatis

385 3742 565 3813 φαμὲν
594 3740 869 3809 γενέσθαι.
902 3740 1169 3812 Ταύτῃτοι
1206 3739 1299 3793 καὶ⁵
1326 3722 1585 3792 Θεοτόκον
1619 3734 1760 3793 εἶναι
1787 3738 1968 3792 διαϐε-

2074 3729 2426 3801 dignitatibus
2471 3731 2750 3783 decorare.
2798 3727 2929 3784 Erat
2968 3733 3114 3787 enim
3146 3734 3260 3804 ipse
3300 3737 3444 3794 Deus
3486 3742 3648 3815 simul

386 3816 829 3905 datas‘WEV
840 3833 1001 3901 ἁγίαν
1030 3831 1326 3905 Παρθένον.
1501 3864 1509 3873 ι

2074 3838 2130 3884 et
2160 3826 2344 3888 homo,
2378 3820 2545 3892 719
2570 3832 2624 3875 et
2647 3821 2701 3874 in
2728 3822 3084 3881 sunilitudine
3126 3829 3347 3897 quidem
3387 3832 3645 3901 hominis,

386 3939 653 3999 quatenus
697 3944 802 3982 una
838 3943 962 3983 cum
1017 3906 1119 3983 hac
1166 3929 1329 3983 etiam
1384 3928 1527 3983 Deus
1583 3938 1736 3996 erat;
1809 3929 1999 3986 habitu
2038 3942 2188 3994 vero,
2236 3931 2296 3978 ut
2345 3921 2532 3976 ιιοιιιοο
2570 3916 2712 3973 Deus
2776 3918 2920 3973 enim
2962 3931 3082 3976 erat
3132 3922 3185 3977 in
3234 3927 3415 3996 specie
3450 3940 3649 3985 nostra:

386 4021 573 4085 simili,
614 4030 667 4075 et
697 4022 748 4075 in
778 4020 949 4075 forma
976 4021 1138 4087 servi,
1170 4020 1451 4077 Dominus.
1486 4020 1598 4077 lloc
1625 4023 1771 4078 enim
1806 4024 1967 4080 modo
2005 4034 2224 4080 carnem
2251 4016 2453 4073 factum
2485 4028 2608 4070 esse
2648 4012 2879 4070 dicimus
2906 4032 2918 4069 :
2951 4030 3015 4072 ac
3073 4018 3296 4090 proinde
3360 4021 3645 4095 Deipat‘am
3676 4088 3689 4105 I

382 4132 598 4187 quoque
621 4117 897 4171 exstitisse
922 4127 1324 4173 sacrosanctam
1346 4116 1620 4188 Virginem
1642 4119 1959 4175 asserimns.
2990 4120 2995 4123 ⁷

453 4209 515 4262 Β.
556 4207 779 4275 Βούλει,
806 4210 917 4271 τοῖς
962 4209 1074 4272 σοῖς
1117 4210 1644 4280 ἀντιπαρεξάγοντες
1671 4211 1853 4280 λόγοις
1891 4213 1960 4267 τά

2144 4206 2204 4260 Β.
2236 4203 2491 4260 Placetne
2517 4213 2599 4268 ut,
2631 4202 2841 4259 illorum
2865 4203 3199 4275 objectiones
3229 4209 3335 4265 tuis
3363 4212 3520 4270 dictis
3544 4230 3641 4285 op-

385 4304 515 4373 παρ⁹
550 4303 797 4368 ἐκείνων,
836 4301 1150 4374 ἰσχνοτὲραν
1198 4303 1554 4376 άποτελῶμεν
1604 4306 1712 4359 τῶν
1745 4304 1963 4360 ὲννοιῶν

2070 4307 2351 4370 ponentes,
2383 4295 2771 4351 accuratiorem
2806 4305 2860 4351 et
2887 4297 3225 4353 subtiliorem
3260 4301 3333 4355 rei
3351 4306 3641 4373 proposita:

382 4396 481 4467 τὴν
528 4397 782 4466 βάσανον,
826 4395 859 4466 ἢ
896 4394 1319 4469 παραχωρῶμεν
1354 4398 1543 4463 ἁπλῶς
1591 4399 1805 4468 λέγοντί
1855 4414 1958 4463 σοι,

2070 4392 2551 4463 investigationem
2587 4389 2935 4446 instituamus
2961 4430 2977 4455 ,
3004 4400 3080 4446 an‘
3106 4393 3285 4463 potius
3312 4397 3635 4466 simpliciter

564 3819 729 3829 “ﬂ

383 4485 445 4539 τὸ
470 4481 526 4538 εὖ
556 4486 701 4555 ἔχειν
739 4487 1178 4558 ὑπειλημμένονς

2117 4484 2305 4540 rationi
2345 4492 2450 4538 tua:
2492 4483 2649 4539 ﬁdem
2673 4482 3013 4549 adhibentes,
3043 4484 3115 4538 ita
3144 4500 3268 4542 sese
3297 4503 3409 4542 rem
3436 4491 3639 4547 habere
3706 4507 3715 4518 ·

2066 4575 2405 4632 statuamus?

453 4660 520 4713 A.
573 4659 1000 4731 Ἀνεπίπληκτον
1036 4660 1159 4731 μὲν,
1189 4660 1263 4725 ὦς
1287 4677 1349 4729 γε
1385 4656 1560 4732 οἶμαι,
1593 4662 1699 4714 πᾶν
1727 4662 1863 4732 ὅπερ
1896 4662 1961 4716 ἂν

2142 4666 2208 4719 Α.
2241 4665 2406 4719 Extra
2433 4664 2909 4733 reprehensionem
2940 4680 3155 4722 omnem
3184 4669 3423 4739 positum
3457 4681 3559 4737 est,
3582 4686 3639 4728 ut

386 4751 598 4820 λέγοιτο
632 4752 770 4822 πρὸς
815 4752 971 4821 ἡμῶν
1001 4753 1180 4822 σοφῶς
1213 4770 1271 4805 τε
1302 4753 1396 4805 καὶ
1429 4753 1839 4823 ἐπιστημόνως,
1870 4755 1963 4807 καὶ

2070 4757 2326 4821 arbitror,
2356 4756 2499 4825 quod
2540 4770 2569 4808 a
2601 4754 2757 4809 nobis
2807 4758 2944 4812 scite
2993 4758 3377 4831 sapienterque
3432 4765 3634 4821 dictum

383 4845 483 4898 οὒκ
530 4844 846 4913 ἁπᾳδόντως
895 4844 1019 4913 ἔχον
1085 4848 1207 4908 ταῖς
1272 4843 1649 4909 θεοπνεύστοις
1694 4846 1956 4917 Γραφαῖς.

2069 4860 2176 4914 est,
2202 4863 2375 4918 neque
2415 4863 2521 4902 una
2554 4847 2767 4903 ratione
2799 4863 2828 4902 a
2875 4851 3045 4905 sacris
3076 4850 3374 4923 Scripturis
3421 4857 3634 4913 dissen-

381 4929 559 5003 Φράζε
600 4930 656 4982 δὲ
689 4930 783 4983 καὶ
817 4931 977 4995 αὑτὸς
1026 4932 1088 4985 τὸ
1122 4932 1333 4987 δοκοῦν.
1368 4933 1613 4987 Ἐκτέκοι
1654 4936 1763 5006 γὰρ
1811 4936 1877 4989 ἄν
1904 4953 1956 4989 τι

2069 4940 2151 4994 tit.
2186 4940 2278 4993 Dic
2329 4953 2455 4993 vero
2497 4938 2662 4993 etiam
2705 4948 2759 4993 tu
2800 4941 2942 5010 quod
2998 4941 3097 4996 tibi
3136 4944 3349 4999 videtur
3391 4963 3405 5000 :
3448 4948 3636 5005 alieret

392 5021 490 5079 ad»)
515 5023 855 5097 ὀνησιφόρων
884 5027 917 5096 ἡ
942 5026 1276 5089 ἀντίστασις.

2066 5031 2210 5085 enim
2248 5031 2496 5085 nonnihil
2530 5032 2776 5087 utilitatis
2806 5036 3092 5090 contraria:
3125 5040 3409 5100 sententia:
3468 5060 3637 5113 oppo.

2061 5122 2206 5177 sitio.

453 5210 515 5262 Β.
569 5209 628 5261 Ὀ
662 5207 950 5271 θεσπέσιος
992 5208 1213 5280 γράφει,
1247 5209 1400 5278 φασὶ,
1455 5208 1666 5273 Παῦλος
1709 5212 1836 5283 περὶ
1864 5210 1959 5265 τοῦ

2135 5216 2194 5270 Β.
2229 5215 2454 5271 Divinas
2476 5218 2691 5282 Paulus,
2743 5221 2916 5288 aiunt,
2978 5222 3169 5277 scribit
3202 5225 3269 5279 de
3305 5224 3467 5291 Filio,
3527 5237 3646 5283 tan-.

384 5300 515 5356 Υίοῦ
543 5343 556 5365 ,
591 5302 684 5356 ἅτε
717 5301 781 5374 δὴ
829 5302 1114 5370 γεγονότος
1152 5302 1396 5372 κατάρας
1444 5319 1502 5354 τε
1538 5304 1631 5355 καὶ
1665 5304 1957 5374 ἁμαρτίας.

2063 5322 2227 5377 quant
2281 5307 2369 5376 qui
2408 5306 2581 5363 factus
2606 5309 2680 5363 sit
2740 5312 3044 5368 maledictio
3071 5324 3125 5368 et
3182 5326 3483 5385 peccatum.
3549 5318 3635 5371 lu-

385 5394 529 5462 Ἔφη
573 5392 713 5465 γὰρ,
773 5394 854 5445 ὅτι
915 5413 933 5445 ι
966 5392 1069 5445 Τὸν
1117 5392 1191 5463 μὴ
1238 5392 1435 5461 γνόντα
1486 5393 1783 5464 ἁμαρτίαν,
1820 5394 1960 5462 ὑπὲρ

2063 5401 2180 5470 quit
2209 5401 2536 5470 enim,quod
2575 5420 2592 5452 ι
2629 5401 2760 5459 Eum
2791 5406 2880 5473 qui
2910 5421 3015 5461 nou
3040 5407 3188 5463 novit
3213 5420 3514 5480 peccatum,
3538 5424 3639 5478 pro

382 5485 538 5559 ἡμῶν
585 5484 859 5557 ἁμαρτίαν
905 5485 1147 5557 ἐποίησε.
1184 5504 1202 5536 ι
1269 5484 1372 5539 Καὶ
1419 5484 1612 5538 πάλιν·
1667 5503 1685 5536 ι
1725 5487 1959 5557 Χριστὸς

2066 5494 2219 5551 nobis
2256 5503 2536 5565 peccatqu
2594 5493 2722 5552 fecit
2754 5496 2819 5552 ⁸ο.
2865 5515 2882 5549 ι
2921 5498 2986 5554 Ει
3034 5515 3267 5558 rursus:
3317 5520 3336 5555 ι
3389 5499 3643 5561 Christus

454 5664 502 5699 ⁸⁸
531 5663 763 5735 Philipp.
801 5680 861 5723 ιι.
893 5664 1010 5719 5-8.
1100 5663 1141 5695 η
1167 5660 1328 5717 llebr.
1357 5678 1396 5728 ι,
1436 5663 1487 5716 5.
1567 5663 1612 5694 ⁸⁸
1649 5662 1687 5715 ιι
1717 5661 1843 5718 Cor.
1891 5677 1940 5729 v,
1977 5663 2070 5719 2i.
