4038 6200
451 337 587 397 ίῖϐῖ

1436 410 1437 413 η
1477 342 1533 397 S.
1575 342 1845 397 CYRlLlJ
1888 344 2349 400 ALEXANDRINI
2394 344 2711 399 AiiClllEP.

3558 336 3695 393 12-38

449 461 591 514 inter
643 473 761 524 nos,
791 457 1054 529 ejuS‘qui
1117 458 1630 513 excellentissimum
1682 475 1875 512 nomen
1935 476 1992 511 es

2118 457 2210 511 τοῦ
2244 458 2387 512 κατὰ
2434 457 2595 528 φύσιν
2649 457 2782 509 ἰδίαν
2816 456 2914 524 οὐχ
2957 451 3186 523 ὁρατοῦ.
3220 451 3313 504 καὶ.
3356 449 3455 518 τὴν
3490 451 3546 501 ἐν
3578 450 3695 511 τοῖς

446 558 790 616 consecutus,
823 559 879 606 et
917 550 1277 605 lmmilitatem
1299 551 1351 604 in
1386 551 1895 621 humanitate,_ejns
1923 551 2012 619 qui

447 641 500 696 in
529 641 798 711 supremis
854 641 1061 695 thronis
1083 639 1296 711 effulget
1320 657 1335 707 ;
1365 650 1418 695 et
1449 641 1661 695 servilis
1689 622 2014 695 conditionis

440 733 641 788 factum
699 747 838 797 esse,
888 733 972 788 cui
1006 732 1299 786 dominium
1348 732 1665 788 naturaliter
1709 733 2009 803 competit:

447 843 465 875 ι
504 825 639 880 Deus
668 824 809 879 enim
841 832 957 879 erat
988 824 1218 879 Verbum
1259 824 1324 877 ⁸³.
1357 844 1375 875 ι

512 1002 570 1057 Β.
599 1003 765 1059 Recte
794 1004 1009 1074 quidem
1066 998 1305 1059 disseris.
1361 1003 1627 1059 Caeterum
1674 1004 1801 1057 illud
1847 1004 2009 1059 etiam

440 1098 589 1167 ipsos
618 1098 796 1151 dicere
832 1097 990 1160 St'ilO,
1027 1109 1203 1165 neque
1234 1096 1377 1151 enim
1402 1094 1625 1162 intelligi
1651 1109 1827 1162 posse,
1853 1106 2012 1162 atque

440 1188 577 1241 adeo
599 1187 891 1241 absurdum
922 1202 1043 1243 esse
1074 1188 1386 1242 existimare
1434 1196 1487 1241 et.
1522 1187 1699 1241 dicere
1753 1187 2007 1250 Verbum,

440 1280 579 1347 quod
599 1278 853 1332 ineffabili
890 1280 1118 1346 quadam
1147 1280 1354 1334 ratione
1381 1290 1544 1348 atque
1566 1279 1893 1333 intellectum
1917 1293 2012 1332 ex-

438 1371 661 1425 cedente
688 1385 750 1423 ex
788 1371 893 1423 Deo
920 1370 1081 1425 Patre
1106 1378 1207 1435 est,
1231 1372 1522 1423 secundam
1553 1384 1765 1438 quoque
1794 1384 1859 1423 ex
1894 1385 2011 1423 mu-

438 1460 571 1517 liere
601 1463 933 1515 nativitatem
965 1462 1216 1517 subiisse.
1251 1460 1505 1515 Sufficere
1537 1461 1679 1514 enim
1712 1460 1811 1529 ipsi
1836 1462 2007 1524 aiunt,

436 1554 577 1622 quod
623 1553 789 1607 semel
849 1568 912 1607 cx
954 1553 1113 1606 Patre
1146 1552 1326 1605 divino
1356 1566 1507 1606 more
1534 1552 1746 1621 genitus
1773 1552 1862 1606 sit.

506 1641 573 1698 Α.
609 1641 875 1697 lusultant
901 1644 1078 1710 itaque
1105 1642 1277 1708 Filio;
1311 1656 1486 1710 neque
1519 1651 1668 1697 recte
1703 1642 1875 1710 ipsum
1905 1642 2007 1697 sibi

435 1735 777 1791 consuluisse
809 1736 978 1796 aiunt,
1025 1734 1114 1802 qui
1147 1733 1500 1788 voluntariam
1538 1748 1634 1802 pro
1689 1733 1842 1788 nobis
1908 1748 2006 1788 ex-

2117 549 2242 603 καθ’
2286 551 2437 621 ἡμᾶς
2486 549 2709 603 κάθεσιν
2736 546 3085 617 οἰκονομικήν
3120 542 3212 596 τοῦ
3261 545 3319 595 ἐν
3366 542 3696 611 ὑπερτάτοις

2115 640 2265 705 ὄντος
2290 642 2537 711 ὀνόμασι,
2567 639 2662 694 καὶ
2690 637 2751 692 τὸ
2784 639 2841 690 ἐν
2872 636 3252 707 ἀνθρωπότητι
3283 634 3562 696 ταπεινὸν,
3591 633 3693 686 τοῦ

2113 736 2225 796 τοῖς
2266 733 2530 787 ἀνωτάτω
2561 730 2770 801 θρόνοις
2801 729 3181 800 ἐμπρέποντος
3206 766 3220 789 ,
3262 726 3358 780 καὶ
3395 725 3455 778 τὸ
3498 726 3555 777 ἐν
3592 725 3694 795 μέ-

2113 838 2263 892 ⁴τροις
2300 822 2553 890 γενέσθαι
2589 824 2701 884 τοῖς
2745 820 3037 882 οἱκετικοῖς
3069 816 3163 872 τὸν
3191 819 3249 871 ἐν
3273 816 3552 888 κυριότητι
3596 833 3695 885 φυ-

2116 915 2240 983 σικῇ
2263 928 2279 944 ·
2310 930 2329 963 ι
2363 912 2495 975 Θεὸς
2526 912 2635 983 γὰρ
2669 911 2839 979 Λόγος
2870 906 2959 980 ἦν.
2994 929 3012 960 ι

2183 1006 2242 1058 B.
2266 1007 2459 1076 Διανοῇ
2485 1004 2582 1075 μὲν
2608 1002 2783 1076 ὀρθῶς
2801 1020 2813 1033 ·
2857 1002 2996 1073 πλὴν
3023 1001 3130 1055 ἴσθι
3155 1019 3239 1055 τοι
3268 1000 3487 1054 κάκεῖνο
3508 999 3691 1070 ἐροῦν-

2112 1114 2212 1160 τας
2233 1140 2247 1163 ,
2298 1097 2374 1160 ὡς
2416 1096 2706 1165 ἀνέφικτον
2744 1095 2827 1167 εἴη
2859 1094 3000 1165 τάχα
3030 1111 3136 1147 που
3164 1094 3261 1147 καὶ
3289 1092 3518 1156 ἀκαλλὲς
3546 1135 3559 1157 ,
3592 1092 3688 1145 τὸν

2112 1188 2177 1239 ἐκ
2199 1186 2332 1239 θεοῦ
2364 1186 2599 1257 Πατρὸς.
2630 1226 2643 1239 .
2676 1228 2689 1239 .
2731 1226 2745 1241 .
2787 1225 2800 1239 .
2839 1185 2910 1238 τά
2936 1185 3129 1251 Λόγον,
3160 1184 3488 1255 ἀπορρήτως
3511 1201 3569 1237 τε
3589 1184 3690 1236 καὶ

2114 1279 2252 1346 ὑπὲρ
2291 1277 2436 1340 νοῦν,
2467 1276 2674 1330 οἴεσθαί
2718 1293 2779 1328 τε
2813 1274 2910 1328 καὶ
2933 1274 3133 1343 λέγειν,
3182 1275 3274 1326 καὶ
3299 1274 3555 1344 δευτέραν
3584 1275 3687 1344 τὴν

2111 1370 2176 1420 ὲκ
2207 1367 2464 1434 γυναικὸς
2491 1367 2784 1437 ὑπομεῖναι
2818 1352 3094 1436 γέννησινξ
3113 1365 3354 1436 Ἀπόχρη
3380 1365 3489 1435 γὰρ
3512 1366 3685 1437 αὐτῷ,

2112 1459 2263 1526 φασὶ,
2301 1458 2360 1511 τὸ
2386 1456 2533 1523 ἅπαξ
2575 1460 2638 1511 ἐκ
2667 1459 2879 1530 Πατρδς
2909 1458 3237 1528 γεννηθῆναι
3269 1456 3608 1527 θεοπρεπῶς.

2183 1644 2245 1694 Λ.
2283 1643 2513 1711 Οὐκοῦν,
2556 1646 2945 1716 ἐπιπλήττουσι
2972 1645 3050 1716 τῷ
3080 1646 3194 1716 Υίῴ
3218 1686 3233 1711 ,
3265 1645 3361 1699 καὶ
3402 1645 3502 1698 οῦκ
3550 1644 3686 1716 ὀρθά

2119 1734 2673 1806 βεϐουλεῦσθαίφασιν
2698 1738 2879 1799 αὐτὸν.
2907 1738 3004 1809 τὴν
3028 1739 3093 1791 δι’
3129 1739 3277 1809 ἡμᾶς
3308 1737 3537 1809 mai
3562 1738 3684 1790 ἐθε-

3318 1798 3521 1817 ﬂ

435 1826 791 1880 inanitionem
848 1824 1099 1879 subierit.
1153 1823 1358 1877 Vanum
1416 1833 1593 1877 autem
1656 1822 1814 1878 fuerit
1848 1815 2001 1894 atque

2111 1824 2321 1880 λούσιον
2371 1828 2760 1897 ὑπομείναντα.
2808 1829 3167 1899 Κατήργηται
3214 1829 3293 1894 δὲ,
3341 1815 3683 1883 καὶ-εἰκαῖον

435 1920 593 1972 inane
620 1918 982 1972 venerandum
1005 1932 1067 1971 ac
1089 1931 1340 1981 maguum
1365 1915 1639 1984 religionis
1668 1915 2004 1984 mysterium,

432 2021 486 2065 et
510 2010 822 2079 prmclaratn
856 2008 995 2063 illam
1029 2023 1091 2062 ac
1115 2007 1439 2078 singularem
1461 2005 1728 2077 Unigeniti
1763 2006 1815 2061 in
1845 2020 2007 2061 carne

435 2102 888 2173 dispensationem
924 2100 1293 2170 infrugiferant
1318 2099 1476 2168 plane
1530 2098 1835 2155 hominibus
1885 2115 2007 2157 esse

434 2195 995 2251 statuunt.Caaternm
1059 2193 1272 2247 illorum
1343 2208 1514 2263 nugas
1563 2192 1740 2248 locum
1797 2193 2003 2248 nullum

432 2290 637 2344 habere
666 2289 863 2343 debere
889 2286 1105 2341 Veritas
1134 2286 1247 2354 ipsa
1278 2285 1645 2354 evincit,quin
1679 2287 1854 2354 potius
1885 2285 2004 2341 illos

433 2381 705 2449 redarguit
737 2379 1069 2449 ineptissime
1108 2378 1397 2443 blaterare,
1454 2388 1508 2432 et
1541 2377 1741 2433 ChriSIi
1805 2386 2003 2448 myste-

431 2474 569 2527 rium
606 2472 979 2539 nullopcnitus
1038 2471 1196 2525 modo
1269 2470 1583 2541 intelligere.
1633 2468 1767 2523 Nam
1818 2471 2005 2539 genuit

428 2565 642 2634 quidem
683 2562 825 2619 Deus
855 2580 916 2619 ac
951 2563 1109 2618 Pater
1158 2562 1353 2616 Filium
1413 2579 1479 2616 ex
1540 2564 1739 2632 seipse,
1780 2577 2005 2631 genera-

429 2658 576 2712 tione
605 2671 729 2710 una.
769 2656 1034 2711 Caeterum
1074 2656 1274 2725 placuit
1320 2655 1368 2709 ei
1418 2655 1728 2709 instaurare
1778 2656 1829 2708 in
1887 2655 2003 2723 ipso

427 2763 595 2818 genus
626 2749 915 2803 humanum
945 2763 1040 2818 per
1068 2747 1490 2802 incarnationem
1570 2747 1686 2801 sive
1740 2748 2000 2801 humana-

429 2843 652 2905 tioucm,
708 2856 868 2909 quam
922 2839 1142 2894 omnino
1196 2838 1309 2893 fieri
1360 2840 1600 2908 oportuit
1651 2854 1747 2908 per
1802 2839 2000 2893 nativi-

427 2944 591 2988 tatem
622 2948 686 2988 ex
718 2932 963 2995 muliere,
989 2931 1148 3001 722
1181 2940 1237 2985 ut
1266 2945 1361 3001 per
1396 2930 1803 2985 similitudinem
1838 2945 1999 2999 quam

427 3027 704 3082 nobiscum
736 3024 897 3079 habet
917 3022 1148 3078 Verbum
1178 3039 1245 3077 ex
1282 3022 1388 3077 Deo
1418 3033 1622 3087 ortum,
1667 3023 1999 3078 condemnea

427 3130 516 3173 tur
547 3118 766 3188 quidem
795 3117 844 3171 in
866 3116 1124 3171 membris
1157 3117 1340 3170 carnis
1390 3124 1591 3169 nostra:
1640 3114 1724 3169 lex
1754 3116 1995 3184 peccati;

426 3209 483 3263 in
522 3208 877 3263 similitudine
913 3216 1091 3261 autem
1124 3205 1314 3260 mortis
1358 3203 1476 3273 ejus
1498 3205 1587 3275 qui
1636 3216 1863 3260 mortem
1890 3221 1996 3259 non

428 3299 598 3361 novit,
628 3307 920 3352 evacuetur
951 3311 1116 3349 mors.
1152 3313 1172 3346 ι
1213 3294 1267 3350 Si
1294 3295 1437 3348 enim
1471 3294 1819 3363 complantati
1871 3294 1999 3349 facti

428 3404 636 3452 smnus,
670 3387 867 3455 inquit,
914 3385 1252 3439 similitudini
1302 3386 1493 3440 mortis
1553 3383 1667 3453 ejus
1700 3402 1713 3437 :
1741 3385 1903 3439 simul
1947 3395 2003 3440 et

426 3476 810 3532 resurrectioni
844 3476 1047 3531 erimus
1069 3476 1141 3531 ”.
1182 3494 1200 3529 ι
1246 3474 1564 3531 Necessario
1593 3477 1776 3544 itaque
1817 3476 1864 3530 is
1909 3476 1999 3545 qui

425 3585 641 3640 semper
665 3570 903 3633 exsistit,
939 3577 1096 3624 natus
1109 3578 1190 3625 est
1223 3569 1520 3625 secundum
1545 3584 1789 3635 carnem,
1814 3580 1999 3625 nostra

425 3665 477 3718 in
504 3664 736 3733 seipsum
772 3662 1122 3729 transferens,
1159 3671 1217 3715 ut
1257 3662 1508 3715 nimirum
1540 3662 1812 3731 genimina
1877 3677 2000 3716 caro

426 3756 531 3818 nis.
559 3756 659 3809 hoc
687 3762 786 3818 est.
816 3769 934 3817 nos,
961 3752 1293 3823 corruptioni
1325 3752 1723 3822 perditionique
1753 3752 1996 3817 obnoxii,

425 3863 742 3903 maneamus
767 3847 818 3901 in
878 3847 1016 3915 ipso,
1076 3845 1273 3914 quippe
1315 3844 1429 3912 qui,
1474 3859 1596 3912 qua:
1627 3854 1812 3899 nostra
1849 3854 1994 3911 sum,

424 3940 641 4011 propria
671 3940 774 3994 sibi
809 3937 1020 4003 fecerit,
1044 3946 1099 3991 et
1127 3952 1225 3991 sua
1255 3936 1431 3991 nobis.
1465 3936 1690 4005 Propter
1720 3952 1819 3993 nos
1849 3938 1993 3991 enim

423 4032 591 4102 eguit,
627 4047 747 4086 cum
801 4038 947 4085 esset
1004 4030 1183 4095 dives,
1247 4036 1305 4081 ut
1349 4028 1634 4098 nosipsins
1656 4028 1832 4097 in0pia
1858 4029 1997 4083 dites

426 4123 780 4178 evaderemus
805 4123 873 4179 ".
901 4121 1000 4187 Qui
1028 4136 1158 4175 vero
1212 4129 1463 4175 asserunt
1514 4134 1620 4174 non
1660 4119 1835 4187 ipsum
1864 4118 1999 4173 Ver-

424 4217 551 4271 bum
582 4229 645 4270 ex
671 4214 780 4270 Deo
815 4214 1014 4268 factum
1043 4227 1163 4267 esse
1192 4227 1408 4267 carnem
1427 4225 1490 4264 ex
1521 4210 1996 4277 muliere,omuem

426 4307 838 4363 salutisnostrze
885 4306 1350 4375 dispensationem
1404 4303 1619 4359 tollunt.
1677 4303 1789 4357 Nisi
1850 4303 1994 4357 enim

426 4402 576 4456 dives
606 4415 725 4455 cum
758 4407 903 4454 esset
930 4397 1220 4467 eguit,prac
1244 4398 1504 4449 immensa
1539 4409 1634 4449 sua
1664 4394 1996 4463 benignitate

2111 1918 2211 1989 ἤδη
2246 1918 2360 1983 πώς
2388 1921 2503 1973 ἐστι
2539 1910 2599 1974 τδ
2631 1921 2828 1975 σεπτὸν
2861 1922 2952 1974 καὶ
2980 1922 3121 1993 μέγα
3146 1921 3249 1992 τῆς
3271 1922 3553 1985 εὐσεϐείας
3580 1940 3683 1991 μυ-

2110 2010 2330 2081 στήριον
2349 2052 2363 2076 ,
2392 2010 2451 2063 τὸ
2480 2011 2577 2081 τῆς
2628 2011 2769 2082 μετά
2814 2012 3014 2083 σαρκὸς
3040 2011 3350 2082 οἰκονομίας
3384 2011 3475 2065 τοῦ
3506 2013 3683 2065 Μονο-

2108 2104 2299 2169 γενοῦς
2325 2103 2577 2174 εὐτεχνὲς
2596 2144 2611 2168 ,
2643 2105 2902 2176 ἀνόνητον
2934 2103 3290 2172 ἀποφαίνουσι
3319 2106 3433 2166 τοῖς
3464 2102 3552 2154 ἐπὶ
3579 2103 3684 2172 τῆς

2105 2194 2238 2264 γῆς’
2295 2195 2411 2248 ἀλλ’
2461 2196 2522 2249 οὐ
2569 2198 2679 2259 τοῖς
2711 2196 2934 2249 ἐκείνων
2978 2195 3367 2267 βατταρισμοῖς
3392 2194 3452 2246 τὸ
3485 2193 3683 2263 χρῆναι

2105 2288 2327 2356 κρατεῖν
2371 2289 2400 2341 6
2442 2287 2541 2357 τῆς
2593 2287 2851 2358 ἀληθείας
2905 2286 3090 2357 ἐφίησι
3130 2286 3326 2355 λόγος,
3380 2284 3583 2353 ἐλέγξει
3622 2283 3685 2336 δὲ

2112 2378 2333 2445 μᾶλλον,
2361 2378 2745 2433 ἀσυνετώτατα
2777 2380 2873 2450 μὲν
2897 2378 3370 2449 πεφλυαρηκότας,
3397 2376 3603 2438 εἰδότας
3624 2375 3684 2427 δέ

2104 2470 2225 2522 κατ’
2243 2468 2431 2521 οὐδένα
2448 2469 2647 2539 τρόπον
2675 2469 2736 2523 τὸ
2762 2468 2999 2541 Χριστοῦ
3034 2468 3345 2539 μυστήριον.
3374 2465 3684 2535 Γεγέννηκε

2108 2562 2203 2631 μὲν
2229 2560 2338 2632 γάρ
2365 2562 2394 2613 ὁ
2425 2560 2557 2625 Θεὸς
2586 2563 2681 2617 καὶ
2716 2562 2906 2633 Πατὴρ
2952 2561 3043 2614 τὸν
3083 2560 3212 2613 Υἱὺν
3239 2559 3295 2623 ἐξ
3324 2556 3686 2623 saturet“),er-

2102 2655 2254 2724 νήσει
2306 2656 2430 2725 μιᾷ·
2475 2655 2613 2727 πλὴν
2653 2655 2943 2725 εὐδόκησεν
2976 2656 3035 2707 ἐν
3069 2653 3219 2724 αὐτῷ
3249 2652 3309 2705 τὸ
3339 2650 3684 2721 ἀνθρώπινον

2102 2745 2379 2800 ἀνασῶσαι
2435 2747 2631 2822 γένος’,
2680 2748 2867 2820 τρόπῳ
2917 2746 2995 2818 τῷ
3049 2744 3191 2800 κατά
3233 2744 3328 2814 τὴν
3379 2744 3681 2815 σάρκωσιν,

2102 2837 2271 2906 ἤγουν
2300 2838 2740 2910 ἐνανθρώπησιν,
2772 2840 2838 2910 ἢν
2864 2840 3044 2909 πάντη
3071 2854 3131 2891 τε
3165 2838 3260 2891 καὶ
3284 2836 3498 2899 πάντως
3526 2834 3682 2903 γενέ-

2104 2930 2227 2982 σθαι
2258 2929 2448 2999 ἐχρῆν,
2475 2930 2565 2983 διὰ
2591 2932 2897 3000 γεννήσεως
2919 2930 3160 3000 δηλονότι
3184 2928 3282 2998 τὴν
3314 2930 3377 2981 ἐκ
3400 2926 3679 2996 γυναικὸς,

2102 3023 2191 3076 ἵνα
2223 3027 2289 3095 τῇ
2322 3024 2457 3093 πρὸς
2483 3026 2629 3094 ἡμᾶς
2660 3024 2921 3096 ὁμοιώσει
2948 3024 3040 3078 τοῦ
3077 3025 3141 3077 ἐκ
3171 3022 3306 3077 Θεοῦ
3336 3023 3530 3091 φύντος
3572 3020 3682 3073 Λό-

2104 3135 2225 3186 γου,
2274 3119 2674 3189 κατακρίνηται
2724 3118 2824 3187 μὲν
2863 3120 2921 3171 ἐν
2957 3120 3068 3179 τοῖς
3104 3116 3289 3188 μέλεσι
3330 3116 3430 3184 τῆς
3479 3113 3683 3184 σαρκὸς

2106 3212 2206 3281 τῆς
2234 3212 2508 3282 ἁμαρτίας
2540 3213 2567 3264 6
2596 3211 2779 3281 νόμος,
2817 3211 2875 3262 ἐν
2899 3207 3206 3279 ὁμοιώματι
3229 3207 3287 3260 δὲ
3313 3206 3545 3260 θανάτου
3583 3205 3681 3258 τοῦ

2109 3303 2184 3374 μὴ
2245 3303 2448 3365 εἰδότος
2504 3302 2668 3357 αὐτὸν
2715 3301 3062 3369 καταργῆται
3113 3299 3361 3361 θάνατος.
3418 3315 3436 3348 ι
3473 3298 3537 3349 Εἰ
3571 3296 3685 3367 γὰρ

2109 3396 2384 3466 σύμφυτοι
2431 3400 2768 3467 γεγόναμεν,
2802 3393 2973 3463 φησὶ,
3006 3391 3083 3461 τῷ
3116 3390 3422 3461 ὁμοιώματι
3462 3390 3555 3442 τοῦ
3584 3390 3686 3441 θαι

2104 3487 2265 3541 νάτου
2294 3486 2458 3541 αὐτοῦ
2486 3530 2501 3553 ,
2534 3486 2667 3539 ἀλλὰ
2697 3485 2791 3538 καὶ
2824 3484 2922 3554 τῆς
2959 3483 3307 3545 ἀναστάσεως
3347 3480 3603 3551 ἐσόμεθα.
3658 3498 3677 3530 ι

2105 3578 2310 3633 Οὐκοῦν
2351 3578 2665 3647 ἀναγκαίως
2696 3578 2723 3629 ὁ
2752 3574 2827 3629 ὢν
2865 3575 2959 3628 καὶ
2985 3576 3013 3628 ὁ
3052 3573 3311 3644 ὑπάρχων
3353 3570 3681 3639 γεγέννηται

2103 3670 2245 3724 κατὰ
2280 3670 2479 3740 σάρκα,
2510 3668 2580 3721 τὰ
2613 3666 2772 3738 ήμῶν
2806 3669 2887 3730 εἰς
2933 3665 3124 3718 ἐαυτὸν
3154 3664 3428 3736 μεταθεὶς,
3476 3664 3564 3715 ἵνα
3610 3662 3682 3715 τά

2108 3761 2312 3833 σαρκὸς
2337 3760 2673 3831 γεννήματα,
2699 3758 2997 3822 τουτέστιν,
3050 3758 3213 3827 ἡμεῖς
3256 3757 3306 3809 οἱ
3357 3755 3583 3825 φθαρτοί
3619 3770 3681 3805 τε

2106 3855 2200 3909 καὶ
2241 3852 2643 3921 ἀπολλύμενοι,
2718 3850 2969 3920 μένωμεν
3016 3850 3075 3901 ἐν
3122 3847 3292 3918 αὐτῷ,
3340 3848 3446 3900 ἴδια
3489 3846 3680 3897 λοιπὸν

2104 3945 2278 4016 ἔχοντι
2307 3944 2375 3997 τά
2417 3942 2596 4014 ἡμῶν,
2631 3942 2716 3994 ἵνα
2748 3940 2840 3994 καὶ⁵
2878 3940 3040 4010 ἡμεῖς
3087 3938 3157 3992 τά
3195 3937 3376 3991 αὑτοῦ.
3421 3935 3498 3989 Δι’
3530 3939 3679 4007 ἡμᾶς

2102 4038 2213 4107 γάρ
2255 4033 2567 4105 ἐπτώχευσε
2600 4034 2852 4095 πλούσιος
2896 4030 2993 4098 ὢν,
3031 4031 3116 4084 ἵνα
3162 4032 3322 4100 ἡμεῖς
3367 4032 3433 4100 τῇ
3467 4029 3679 4081 ἐκείνου

2103 4126 2348 4197 πτωχείᾳ
2374 4126 2784 4195 πλουτήσωμεν.
2816 4122 3121 4183 Φάσκοντές
3144 4138 3209 4189 γε
3234 4121 3358 4191 μὴν,
3387 4120 3488 4173 οὐκ
3513 4118 3678 4171 αὐτὸν

2098 4218 2349 4288 γενέσθαι
2389 4219 2567 4288 σάρκα
2606 4216 2697 4270 τὸν
2729 4218 2795 4269 ἐκ
2822 4214 2973 4268 Θεοῦ
3017 4213 3211 4281 Λόγον,
3248 4212 3365 4283 ήτοι
3416 4210 3675 4279 γέννησιν

2102 4311 2395 4382 ὑπομεῖναι
2428 4311 2526 4380 τὴν
2561 4308 2703 4362 κατά
2743 4310 2922 4379 σάρκα
2973 4307 3037 4357 ἐκ
3077 4303 3350 4372 γυναικὸς,
3395 4300 3676 4370 ἀναιροῦσι

2102 4402 2200 4472 τὴν
2232 4401 2564 4472 οἰκονομίαν.
2608 4403 2669 4454 Εἰ
2700 4400 2810 4472 γὰρ
2842 4400 2916 4470 μὴ
2944 4397 3197 4460 πλούσιος
3230 4394 3305 4448 ὢν
3345 4394 3675 4464 ἐπτώχευσε,

424 4507 485 4545 se
525 4491 590 4544 ad
623 4499 806 4544 nostra
826 4488 1138 4554 demitteus,
1174 4501 1241 4541 ne
1270 4500 1366 4539 nos
1403 4484 1621 4554 quidem
1652 4498 1772 4552 quae
1827 4483 1996 4552 ipsius

2106 4493 2291 4556 καθεὶς
2324 4493 2514 4546 ἑαυτὸν
2541 4495 2653 4555 τοῖς
2683 4492 2803 4545 καθ’
2832 4493 2980 4562 ἡμᾶς
3004 4494 3069 4543 ἐκ
3096 4487 3526 4559 φιλανθρωπίας,
3558 4485 3675 4538 οὐδὲ

425 4594 549 4636 sunt
573 4579 849 4637 consecuti
878 4570 1064 4635 Sumus
1092 4597 1107 4633 ι
1134 4579 1225 4633 sed
1256 4577 1429 4632 adhuc
1455 4577 1508 4630 in
1540 4576 1707 4630 veteri
1756 4585 1999 4645 egestate

425 4689 731 4737 versamur,
783 4671 1258 4740 exsecratiouique
1314 4679 1370 4724 et
1426 4668 1591 4723 morti
1645 4682 1709 4721 ac
1773 4677 1996 4735 peccato

420 4765 880 4821 nlmoxiisumus.
930 4762 1062 4817 Nam
1116 4777 1182 4817 eo
1243 4762 1358 4833 ipso
1417 4762 1560 4831 quod
1602 4760 1837 4816 Verbum
1872 4774 1999 4816 caro

423 4868 626 4912 tactum
650 4864 766 4924 est,
792 4856 1001 4911 sublata
1030 4864 1155 4911 sunt
1192 4870 1253 4909 ea
1284 4871 1406 4925 qua:
1427 4869 1492 4909 ex
1528 4853 1910 4908 maledictione
1941 4863 1998 4907 et

421 4950 877 5005 condemnatione
915 4949 1163 5002 humana;
1189 4958 1398 5002 natura:
1456 4945 1787 5001 acciderant.
1849 4945 1997 5011 Quo-

424 5042 573 5096 circa
607 5041 651 5097 si
681 5040 874 5096 salutis
901 5049 1101 5095 nostrae
1133 5039 1371 5094 radicem
1412 5038 1741 5103 convellunt,
1797 5047 1852 5091 et
1881 5038 1994 5105 spei

423 5146 622 5189 nostrre
640 5134 1052 5189 fundamentum
1110 5133 1450 5193 subvertunt,
1477 5130 1605 5200 quid
1656 5131 1909 5199 deinceps
1936 5130 2002 5183 de

424 5226 580 5279 nobis
606 5225 732 5279 lict?
775 5224 907 5279 Nam
935 5225 978 5279 si
1009 5224 1246 5279 Verbum
1278 5238 1409 5278 caro
1442 5222 1639 5276 factum
1667 5237 1771 5275 non
1819 5232 1921 5285 est,
1943 5228 2001 5274 ut

424 5314 557 5376 dixi,
591 5329 659 5369 ne
686 5317 879 5370 mortis
911 5317 1127 5386 quidem
1179 5314 1463 5384 imperium
1497 5326 1783 5366 excussum
1806 5320 1908 5371 est,
1940 5321 1995 5362 ct

421 5413 704 5475 pcccatum
756 5406 897 5459 nulla
918 5408 1126 5462 ratione
1160 5406 1419 5461 abolitum
1459 5404 1640 5468 fuerit,
1690 5404 1781 5458 sed
1827 5402 2007 5455 adhuc-

424 5496 589 5567 prirni
614 5495 875 5566 parentis,
910 5496 1013 5551 hoc
1039 5507 1142 5563 est,
1168 5498 1383 5563 Adami,
1418 5493 1850 5567 przevaricationi
1904 5494 2001 5547 ob-

426 5590 571 5646 noxii
606 5602 813 5649 sunnts,
862 5601 1036 5654 neque
1066 5588 1117 5640 in
1178 5588 1449 5643 meliorem
1498 5596 1698 5642 statum
1760 5583 2002 5639 translati

947 5764 989 5793 ’λ
1020 5763 1170 5816 lium.
1196 5778 1266 5829 γι,
1300 5763 1350 5813 Si.

498 5768 545 5803 ⁵³
573 5768 728 5824 Juan.
755 5782 790 5834 l,
824 5767 868 5820 l.
947 5764 989 5793 ’λ
1020 5763 1170 5816 lium.
1196 5778 1266 5829 γι,
1300 5763 1350 5813 Si.
1428 5764 1469 5793 ’⁵
1494 5763 1537 5815 ll
1565 5763 1691 5817 Car.
1724 5779 1838 5830 ml,
1868 5765 1919 5818 9.

2105 4587 2266 4657 ἡμεῖς
2311 4586 2378 4639 τά
2413 4585 2578 4638 αὑτοῦ
2628 4585 3107 4654 πεπλουτήκαμεν,
3156 4580 3271 4636 ἀλλ’
3304 4581 3469 4651 ἐσμὲν
3506 4581 3564 4632 ἐν
3600 4577 3675 4646 τῷ

2102 4678 2402 4749 πτωχεύειν
2458 4679 2537 4732 ἔτι
2588 4679 2683 4733 καὶ
2728 4678 2837 4747 ἀρᾷ
2886 4676 2983 4730 καὶ
3029 4675 3245 4745 θανάτῳ
3293 4676 3384 4727 καὶ
3432 4671 3676 4741 ἁμαρτίᾳ

2103 4771 2469 4841 ἐνισχημένοι,
2505 4771 2577 4823 Τὸ
2611 4769 2803 4839 γάρτοι
2852 4756 3104 4836 γενέσθαι
3137 4768 3317 4838 σάρκα
3359 4765 3451 4817 τὸν
3482 4765 3677 4831 Λόγον,

2106 4863 2262 4916 λύσιν
2300 4864 2410 4933 ἔχει
2442 4863 2533 4916 καὶ
2564 4860 2876 4932 ἀνατροπὴν
2908 4861 3017 4913 τῶν
3043 4859 3103 4924 ἐξ
3131 4861 3269 4931 ἀρᾶς
3294 4859 3387 4916 καὶ
3414 4858 3572 4927 δίκης
3610 4858 3676 4926 τῇ

2104 4954 2199 5007 τοῦ
2260 4954 2545 5025 ἀνθρώπου
2602 4954 2763 5024 φύσει
2815 4951 3259 5023 συμϐεὸηκότων.
3317 4949 3562 5013 Οὐκοῦν,
3630 4949 3676 5001 εἰ

2106 5045 2529 5115 ἀναϐοθρεύουσι
2559 5049 2657 5116 τῆς
2703 5045 2977 5116 σωτηρίας
3012 5042 3167 5114 ἡμῶν
3209 5042 3306 5113 τὴν
3358 5040 3544 5111 ῥίζαν,
3588 5040 3675 5092 καὶ

2107 5136 2198 5189 τὸν
2241 5137 2339 5205 τῆς
2374 5136 2585 5200 ἐλπίδος
2618 5136 2868 5207 θεμέλιον
2902 5134 3288 5205 ἀνορύττουσι,
3321 5133 3421 5186 ποῦ
3450 5132 3519 5185 τά
3563 5140 3692 5201 μετ’

2108 5228 2269 5281 αὑτὸν
2319 5226 2398 5279 ἔτι
2450 5228 2724 5294 κείσεται;
2775 5229 2849 5282 Οὐ
2897 5228 3004 5298 γάρ
3049 5228 3351 5295 γεγονότος,
3401 5225 3476 5288 ὡς
3519 5224 3675 5294 ἔφην,

2110 5318 2309 5391 σαρκὸς
2339 5318 2434 5371 τοῦ
2464 5320 2660 5388 Λόγου,
2687 5319 2808 5372 οὔτε
2844 5319 2939 5372 τοῦ
2992 5319 3224 5372 θανάτου
3260 5316 3580 5383 κατεσείσθη
3619 5315 3679 5367 τὸ

2106 5410 2327 5479 κράτος,
2364 5411 2706 5481 κατήργηται
2747 5410 2803 5461 δὲ
2834 5410 2955 5461 κατ’
2985 5409 3179 5462 οὐδένα
3209 5409 3407 5479 τρόπον
3432 5409 3465 5476 ἡ
3497 5408 3670 5476 ἀμαρ-

2105 5499 2212 5565 τία,
2261 5500 2354 5554 καὶ
2402 5501 2571 5571 ἐσμὲν
2615 5501 2695 5554 ἔτι
2740 5504 2859 5564 ταῖς
2901 5501 2993 5554 τοῦ
3034 5500 3253 5572 πρώτου
3306 5500 3676 5570 παραϐάσεσιν

2109 5589 2317 5660 ἔνοχοι,
2387 5590 2662 5645 τουτέστιν
2722 5592 2931 5662 Ἀδάμ,
2994 5592 3252 5662 οὐδεμίαν
3325 5590 3674 5659 ἀναφοίτησιν
