4038 6200
353 330 489 384 i253

1486 328 1677 395 QUOD
1718 329 1906 388 UNUS
1946 331 2055 417 SIT
2095 333 2466 396 CHRISTUS.

3450 335 3611 395 ’1270

348 447 567 516 ἔχοντες
599 446 678 508 είς
709 445 770 499 τὸ
791 445 1036 516 ἄμεινον,
1065 446 1164 519 τὴν
1201 447 1290 502 διά
1315 448 1378 518 γέ
1423 467 1567 522 φημι
1595 451 1690 505 τοῦ
1717 453 1936 510 πάντων
1963 511 1966 520 η

2069 473 2244 525 umus,
2285 475 2380 530 per
2419 460 2717 530 Christum,
2769 461 3008 532 inquam,
3056 459 3296 516 omnium
3359 458 3615 517 Servato-

346 537 507 606 ἡμῶν
535 535 789 606 Σωτῆρος
815 537 1077 608 Χριστοῦ.

422 629 483 680 Β.
527 627 761 698 Συνίημι
789 627 818 680 ὃ
843 628 970 697 φής.
1709 665 1712 668 ~

421 721 482 772 Α.
528 719 625 782 Τίς
655 719 700 772 δ’
729 719 797 774 ἂν
827 721 922 774 καὶ
975 723 1149 775 νοοῖτο
1195 723 1334 796 πρὸς
1373 725 1530 797 ημῶν
1564 730 1592 782 6
1642 731 1932 802 παραπλη-

353 810 484 874 σίως
513 813 646 882 ἡμῖν
678 811 1035 884 μετεσχηκὼς
1077 814 1309 886 αἵματος
1331 817 1424 871 καὶ
1455 821 1676 892 σαρκὸς,
1713 821 1788 885 ὡς
1819 821 1935 875 ἓτε-

357 920 446 973 ρος
476 902 552 958 ὢν
587 905 717 975 παρ’
748 905 898 976 ἡμᾶς
930 905 1074 959 κατὰ
1107 907 1301 975 φύσιν;
1330 909 1405 963 Οὐ
1431 911 1540 982 γάρ
1570 928 1652 964 τοι
1687 915 1822 984 φαίη
1853 931 1937 977 τις

356 992 422 1047 ἂν
449 993 724 1066 ἀνθρώπῳ
755 995 1011 1067 πρέπειν,
1060 996 1120 1050 τὸ
1165 998 1580 1070 ἀνθρωπὸτητος
1624 1006 1934 1074 μετασχεῖν.

363 1087 430 1138 Ὃ
460 1087 570 1156 γάρ
615 1087 732 1140 ἐστι
777 1088 918 1142 κατά
957 1089 1141 1159 φύσιν,
1173 1090 1288 1154 πῶς
1317 1091 1383 1146 ἀν
1410 1109 1494 1156 τις
1527 1095 1699 1147 νοοῖτο
1731 1094 1935 1164 λαϐὼν,

359 1177 436 1238 ὡς
483 1179 668 1250 ἕτερον
710 1180 768 1233 ὅν
811 1199 864 1234 τι
899 1183 1029 1255 παρ’
1069 1186 1206 1269 ὅπερ
1246 1184 1422 1250 ὲστίν;
1451 1180 1576 1256 Ἆρ’
1615 1187 1674 1239 οὐ
1718 1187 1851 1242 πολὺ
1881 1190 1939 1242 τὸ

363 1271 511 1336 εἰκὸς
536 1274 564 1326 6
593 1273 746 1342 λόγος
779 1273 926 1345 ἐχει;

434 1452 494 1504 Β.
535 1451 684 1504 Πάνυ
723 1453 820 1521 μὲν
853 1447 966 1506 οὖν.

433 1545 495 1596 Α.
534 1543 727 1614 Ἀθρει
747 1542 805 1596 δὲ
837 1544 901 1615 δὴ
942 1545 1036 1598 καὶ
1085 1545 1308 1618 ἑτέρως,
1349 1548 1424 1611 ὡς
1473 1547 1690 1603 ἀνόσιόν
1721 1549 1778 1603 τέ
1829 1551 1943 1603 ἐστι

365 1639 458 1691 καὶ
495 1639 734 1708 ἀπηχὲς.
766 1640 830 1693 τὸ
857 1641 1104 1714 ἀναιρεῖν
1139 1643 1435 1714 πειρᾶσθαι
1465 1645 1559 1699 τοῦ
1591 1646 1729 1699 Θεοῦ
1767 1647 1941 1716 Λόγου

363 1729 462 1799 τὴν
519 1732 582 1782 ὲκ
614 1732 872 1798 γυναικὸς
931 1734 1076 1788 κατὰ
1131 1734 1310 1806 σάρκα
1357 1738 1630 1809 γέννησιν.
1683 1737 1802 1792 Τίνι
1837 1740 1946 1809 γὰρ

2034 565 2166 607 rem.

2107 642 2166 700 Β.
2198 644 2440 714 intelligo
2460 645 2588 715 quid
2622 645 2776 700 velis.

2107 734 2172 789 A.
2211 735 2344 802 Quis
2370 751 2497 792 vero
2530 736 2863 807 intelligatur
2895 751 2923 790 a
2957 735 3111 790 nobis
3137 735 3228 806 qui
3260 735 3482 806 perinde
3535 743 3615 789 at-

2037 841 2141 896 que
2164 841 2261 881 nos
2287 827 2568 896 sanguinis
2620 842 2684 883 ac
2743 827 2926 882 carnis
2965 827 3234 896 particeps
3287 826 3463 882 lactus
3519 827 3612 891 sit,

2040 925 2295 987 tanquam
2329 917 2577 972 diversus
2605 932 2633 971 a
2668 917 2822 972 nobis
2852 917 3145 972 secundmn
3193 915 3482 970 naturam?
3511 916 3616 971 Ne-

2039 1019 2144 1074 que
2168 1005 2312 1060 enim
2345 1006 2610 1075 quispiam
2651 1006 2848 1062 dixerit
2874 1006 3168 1060 convenire
3228 1005 3458 1072 homini,
3520 1005 3620 1058 hu-

2041 1097 2316 1152 manitatis
2357 1097 2675 1167 participem
2732 1095 3026 1152 iicri.Nam
3073 1096 3125 1151 id
3166 1097 3309 1164 quod
3347 1095 3618 1150 naturalia

2043 1199 2125 1243 ter
2155 1195 2262 1254 est,
2289 1204 2398 1259 quo
2428 1199 2585 1258 pacto
2627 1190 2750 1260 quis
2780 1188 3056 1258 accepisse
3090 1185 3446 1257 intelligatur,
3467 1184 3617 1254 quasi

2042 1279 2184 1334 aliud
2209 1280 2279 1335 sit
2301 1294 2461 1348 quam
2485 1281 2627 1350 quod
2653 1282 2778 1336 est?
2820 1278 3009 1336 Nonne
3057 1279 3153 1334 tibi
3213 1286 3620 1334 consentaneus

2043 1384 2174 1424 vero
2198 1385 2378 1425 sermo
2413 1387 2563 1427 meus
2587 1371 2839 1429 videtur?

2115 1460 2174 1514 Β.
2205 1460 2458 1516 Omnino.

2114 1554 2175 1608 A.
2209 1555 2340 1610 Vide
2366 1563 2546 1609 autem
2573 1555 2734 1609 etiam
2780 1556 2881 1610 alia
2936 1557 3148 1611 ratione
3171 1572 3330 1632 quam
3369 1556 3617 1626 impium,

2045 1659 2313 1714 quamque
2338 1647 2630 1700 absurdum
2660 1647 2729 1701 sit
2758 1645 2918 1701 Verbi
2967 1662 3029 1700 ex
3065 1649 3288 1702 muliere
3316 1648 3616 1703 secundum

2047 1751 2266 1790 carnem
2299 1737 2632 1792 nativitatem
2666 1737 2853 1792 tollere
2892 1738 3098 1791 conari.
3137 1737 3252 1802 Quo
3291 1739 3435 1790 enim
3465 1746 3625 1808 pacto
3715 1757 3722 1762 ·

365 1822 550 1892 τρόπῳ
581 1821 973 1895 ζωοποιήσειεν
997 1825 1062 1880 ἂν
1089 1826 1151 1879 τὸ
1184 1826 1347 1898 σῶμα
1383 1829 1571 1896 αὑτοῦ,
1606 1833 1652 1883 εἰ
1684 1831 1759 1902 μὴ
1795 1833 1942 1884 ἔστιν

2069 1827 2322 1885 ιίνὶίὶοστε
2353 1832 2522 1899 possit
2555 1843 2750 1898 corpus
2779 1845 2957 1892 suum,
2994 1828 3094 1882 nisi
3117 1827 3188 1881 sit
3234 1828 3511 1896 proprium
3541 1828 3624 1895 ip-

368 1911 498 1964 [διον
525 1910 710 1976 αὑτοῦ,
737 1913 795 1976 ὃς
821 1914 938 1966 ἐστι
975 1914 1125 1984 (rei);
1159 1913 1277 1978 πῶς
1309 1915 1369 1969 τὸ
1391 1911 1532 1986 αἷμα
1572 1917 1747 1988 Ἰησοῦ
1777 1915 1947 1972 καθαο

375 2004 510 2074 ρίζει
535 2006 686 2074 ἡμᾶς
713 2005 824 2060 ἀπὸ
848 2007 1030 2077 πάσης
1061 2009 1354 2079 ἁμαρτίας,
1377 2007 1538 2079 εἴπερ
1567 2009 1718 2062 ἐστὶν
1739 2007 1952 2080 ἀνθρὼ-

371 2113 473 2150 που
495 2097 676 2150 κοινοῦ
710 2098 808 2151 καὶ
831 2098 984 2162 ὄντος
1013 2100 1103 2169 ὑφ’
1136 2100 1448 2170 ἀμαρτίαν;
1484 2101 1601 2164 πῶς
1625 2101 1949 2155 ἀπέστειλεν

370 2187 398 2238 ὁ
427 2188 558 2250 Θεὸς
592 2189 688 2242 καὶ
713 2191 906 2260 Πατὴρ
932 2190 1022 2242 τὸν
1053 2191 1180 2244 Υίὸν
1202 2190 1392 2256 αὐτοῦ,
1425 2192 1719 2264 γενόμενον
1758 2193 1822 2246 ἐκ
1850 2209 1950 2261 γυ-

374 2279 584 2342 ναικὸς,
617 2281 906 2351 γενόμενον
963 2281 1068 2335 ὑπὸ
1113 2283 1312 2353 νόμον;
1355 2284 1472 2348 πῶς
1519 2285 1808 2356 κατέκρινε
1853 2285 1952 2355 τὴν

374 2371 651 2441 ἁμαρτίαν
681 2371 740 2425 ὲν
769 2375 834 2444 τῇ
866 2374 1063 2445 σαρκί;
1091 2377 1167 2429 Οὐ
1195 2376 1303 2448 γὰρ
1334 2371 1403 2448 ἦν
1426 2375 1717 2448 ἀνθρώπου
1746 2377 1951 2442 κοινοῦ,

373 2463 465 2514 καί
519 2464 959 2536 τυραννουμένην
1022 2466 1242 2537 ἔχοντος
1304 2469 1422 2538 μεθ’
1481 2468 1639 2538 ἡμῶν
1698 2467 1803 2521 ὑπὸ
1855 2470 1954 2540 τῆς

373 2555 642 2628 ἁμαρτίας
683 2556 786 2626 τὴν
823 2557 1010 2629 φέρεν,
1053 2559 1116 2612 τὸ
1158 2562 1485 2631 κατακρῖναι
1523 2559 1620 2630 τὴν
1654 2561 1952 2632 ἁμαρτίαν.

387 2646 538 2698 Ἐπεὶ
561 2647 616 2700 δὲ
648 2648 810 2720 σῶμα
857 2651 1051 2718 γέγονε
1099 2650 1194 2704 τοῦ
1228 2652 1567 2724 πλημμελεῖν
1606 2654 1706 2706 οὐκ
1733 2653 1956 2719 εἰδότος,

387 2736 633 2808 ταύτῃτοι
673 2742 768 2794 καὶ
809 2742 955 2812 μάλα
992 2745 1220 2808 εἰκότως
1250 2744 1349 2816 τὴν
1389 2745 1489 2816 τῆς
1533 2747 1810 2820 ἁμαρτίας
1853 2748 1957 2801 ἀπ-

382 2829 629 2884 εσείσατο
669 2835 979 2905 τυραννίδα,
1023 2837 1116 2889 καὶ
1167 2837 1267 2908 τὴν
1316 2837 1552 2907 ἰδιότητα
1610 2839 1831 2891 πλουτεῖ
1862 2838 1955 2892 τοῦ

381 2920 674 2991 ἀφράστως
702 2925 838 2996 αὐτῇ
886 2927 980 2980 καὶ
1014 2929 1089 2990 ὡς
1127 2927 1228 2982 οὑκ
1255 2927 1404 2983 ἔστιν
1436 2929 1726 2993 ἐνωθέντος
1756 2930 1954 3000 Λόγου,

382 3014 540 3099 ἅγιόν
585 3033 645 3068 τε
683 3018 778 3070 καὶ
833 3017 1094 3082 ζωοποιόν
1151 3021 1289 3083 ἐστι,
1337 3023 1430 3075 καὶ
1478 3023 1578 3093 τῆς
1621 3003 1958 3094 θεοπρεποῦς

381 3107 665 3177 ἐνεργείας
693 3107 966 3178 ἔμπλεων.
1005 3111 1090 3175 Ὠς
1123 3114 1179 3164 ὲν
1209 3113 1433 3185 ἀπαρχῇ
1469 3114 1524 3166 δὲ
1552 3114 1793 3184 Χριστῷ,
1833 3131 1958 3184 μετ-

2051 1919 2184 1982 sius,
2211 1917 2301 1988 qui
2325 1927 2407 1974 est
2430 1918 2576 1973 vita?
2596 1929 2690 1972 aut
2712 1918 2980 1988 quomodo
3005 1916 3228 1986 sanguis
3249 1915 3452 1970 Christi
3473 1931 3627 1968 mun-

2051 2009 2200 2066 dabit
2264 2025 2362 2066 nos
2414 2010 2480 2064 ab
2519 2008 2666 2065 omni
2717 2016 2960 2078 peccato,
2993 2005 3153 2076 723
3194 2005 3238 2059 si
3291 2005 3364 2058 sit
3395 2002 3630 2058 hominis

2049 2103 2352 2160 communis
2379 2111 2433 2158 et
2457 2111 2679 2172 peccato
2706 2099 2925 2155 obnoxii
2949 2099 2972 2152 ?
3011 2115 3118 2169 quo
3136 2105 3292 2168 pacto
3322 2095 3470 2150 misit
3489 2095 3630 2149 Deus

2051 2212 2114 2253 ac
2134 2196 2294 2250 Pater
2317 2193 2512 2248 Filium
2541 2207 2697 2246 suum
2734 2193 2934 2247 l‘actmn
2985 2205 3048 2244 ex
3110 2187 3353 2252 muliere,
3430 2186 3629 2240 factum

2052 2290 2152 2345 sub
2185 2289 2300 2358 lege
2318 2289 2398 2341 li°?
2417 2287 2685 2358 quomodo
2711 2284 3031 2340 condemnat
3052 2289 3328 2351 peccatum
3363 2279 3414 2332 in
3444 2276 3633 2332 carne?

2053 2380 2238 2450 Neque
2265 2380 2406 2434 enim
2447 2387 2562 2432 erat
2592 2377 2824 2432 hominis
2845 2373 3110 2444 vulgaris,
3141 2382 3196 2426 et
3221 2369 3375 2439 cujus
3430 2378 3624 2423 natura

2054 2490 2160 2529 una
2191 2473 2466 2527 uobiscum
2496 2470 2597 2525 sub
2625 2467 2829 2540 peccati
2865 2465 3092 2534 imperio
3127 2479 3188 2518 ac
3221 2460 3348 2532 iugo
3402 2459 3631 2514 teneba-

2059 2575 2162 2632 tur,
2186 2567 2549 2621 condemuare
2576 2573 2874 2634 peccatum.
2891 2560 3024 2614 Cum
3052 2574 3180 2613 vero
3203 2541 3398 2626 corpus
3432 2553 3634 2609 factum

2056 2657 2127 2712 sit
2159 2657 2274 2727 ejus
2303 2655 2394 2726 qui
2421 2665 2698 2726 peccatum
2733 2669 2835 2708 non
2877 2651 3043 2716 novit,
3075 2649 3298 2710 idcirco,
3336 2655 3390 2700 et
3419 2645 3635 2716 quidem

2044 2749 2260 2818 optimo
2286 2749 2407 2819 jure
2435 2748 2640 2818 peccati
2699 2745 3035 2817 tyrannidem
3077 2742 3338 2809 excussit,
3392 2754 3637 2795 commu-

2059 2840 2361 2909 nicatisque
2389 2855 2511 2893 cum
2539 2839 2632 2893 illo
2668 2837 3086 2908 proprietatibus
3121 2833 3282 2890 Verbi
3344 2831 3487 2902 quod
3548 2830 3636 2884 in-

2059 2930 2256 2987 effabili
2290 2933 2447 2988 modo
2471 2931 2572 3001 ipsi
2601 2931 2809 2984 unitum
2842 2939 2944 2994 est,
2975 2937 3224 2983 sanctum
3259 2941 3321 2980 ac
3352 2925 3628 2979 viviticum

2059 3025 2310 3082 eil'ectum
2368 3036 2472 3090 εει,
2517 3034 2574 3080 et
2625 3023 2824 3076 divina:
2867 3021 3141 3075 facultatis
3191 3017 3636 3089 uperatiouisque

2063 3125 2304 3194 plenum.
2328 3121 2436 3176 Nos
2464 3135 2592 3175 vero
2611 3119 2663 3172 in
2686 3118 2902 3173 Christo
2926 3127 3179 3184 tanquam
3199 3111 3449 3180 primitiis
3469 3120 3642 3165 trans-

380 3199 810 3270 εστοιχειώμεθα
837 3203 933 3255 καὶ
955 3204 1136 3274 ἡμεῖς,
1161 3207 1242 3268 εἰς
1267 3205 1328 3258 τὸ
1349 3202 1490 3259 εἶναι
1519 3209 1612 3260 καὶ
1637 3207 1842 3278 φθορᾶς
1867 3205 1963 3260 καὶ

2069 3213 2280 3268 i‘ormati
2326 3212 2486 3266 etiam
2517 3224 2725 3271 smnus,
2755 3214 2810 3260 et
2844 3203 3063 3259 interitu
3097 3212 3259 3272 atque
3308 3208 3529 3270 peccato
3551 3212 3646 3250 su-

382 3292 663 3363 ἁμαρτίας
692 3293 1022 3364 κρείττονες.
1046 3296 1158 3349 Καὶ
1188 3296 1409 3366 ἀληθὲς,
1442 3297 1544 3362 ὅτι,
1569 3298 1712 3350 κατὰ
1741 3298 1840 3368 τὴν
1870 3297 1962 3350 τοῦ

388 3385 657 3456 μακαρίου
703 3385 916 3440 Παύλου
949 3389 1153 3458 φωνὴν,
1194 3406 1212 3439 ι
1243 3388 1458 3458 Ὠσπερ
1482 3386 1822 3457 ὲφορέσαμεν
1869 3386 1964 3455 τὴν

387 3475 573 3529 εἰκόνα
614 3476 712 3528 τοῦ
755 3477 973 3547 χοϊκοῦ,
1009 3478 1318 3550 φορέσομεν
1352 3478 1444 3532 καὶ
1494 3477 1592 3549 τὴν
1647 3478 1831 3532 εἰκόνα
1871 3477 1966 3530 τοῦ

388 3564 733 3635 ἐπουρανίου,
771 3585 789 3618 ι
815 3567 1063 3628 τουτέστι
1097 3567 1353 3638 Χριστοῦ.
1391 3569 1741 3638 Ἐπουράνιος
1778 3567 1832 3620 δὲ
1878 3567 1970 3620 ἀν-

388 3656 607 3726 θρωπος
632 3659 832 3710 νοεῖται
869 3659 1128 3730 Χριστὸς,
1156 3661 1254 3730 οὐχ
1285 3659 1359 3722 ὠς
1392 3659 1598 3714 ἀνωθεν
1621 3661 1752 3730 ἡμῖν
1784 3662 1878 3712 καὶ
1912 3659 1971 3726 ἐξ

389 3746 621 3819 οὐρανοῦ
655 3748 755 3819 τὴν
792 3750 971 3821 σάρκα
1016 3751 1382 3820 κατενεγκὼν,
1427 3752 1543 3806 ἀλλ’
1576 3752 1659 3806 ὅτι
1687 3752 1819 3816 Θεὸς
1845 3751 1919 3805 ὣν
1946 3753 1974 3805 ὁ

394 3846 586 3913 Λόγος,
616 3844 994 3912 καταϐέϐηκεν
1028 3845 1087 3909 ἐξ
1107 3844 1374 3916 οὐρανῶν,
1403 3845 1496 3900 καὶ
1531 3845 1630 3917 τὴν
1657 3846 1793 3916 πρὸς
1827 3848 1974 3916 ἡμᾶς

397 3936 655 4007 ὁμοίωσιν
682 3936 951 4003 ὑπελθὼν,
974 3938 1244 4000 τουτέστι,
1272 3937 1526 4006 γέννησιν
1555 3937 1856 4008 ὑπομείνας
1877 3938 1976 4008 τὴν

398 4028 538 4080 κατά
569 4028 746 4099 σάρκα
772 4030 835 4081 ἐκ
856 4029 1134 4097 γυναικὸς,
1157 4029 1471 4099 μεμένηκεν
1499 4031 1635 4100 ὅπερ
1772 4029 1976 4082 ἄνωθεν

396 4127 642 4196 δηλονότι
664 4127 757 4179 καὶ
791 4126 850 4191 ἐξ
870 4128 1136 4198 οὐρανῶν,
1160 4126 1256 4180 καὶ
1288 4126 1470 4180 ἐπάνω
1492 4127 1708 4180 πάντων
1730 4127 1806 4191 ὠς
1824 4127 1976 4193 Θεὸς,

398 4224 493 4276 καὶ
528 4221 666 4292 μετά
697 4222 920 4293 σαρκός.
961 4221 1118 4274 Οῦτω
1163 4220 1273 4291 γάρ
1319 4219 1420 4272 πού
1444 4237 1608 4292 φησιν
1635 4222 1663 4274 ὁ
1694 4219 1980 4282 θεσπέσιος

409 4316 666 4386 Ἰωάννης
690 4317 821 4386 περί
845 4315 1034 4368 αὐτοῦ⁸
1068 4335 1086 4367 ι
1127 4314 1184 4368 Ὀ
1219 4313 1426 4370 ἀνωθεν
1458 4315 1774 4386 ἐρχόμενος,
1795 4315 1981 4370 ἐπάνω

403 4409 622 4462 πάντων
663 4408 832 4460 ἐστίν.
865 4425 883 4458 ι
929 4407 1348 4480 Ἀπομεμένηκε
1398 4407 1504 4482 γὰρ
1538 4409 1648 4462 τῶν
1689 4407 1824 4461 ὅλων
1870 4406 1983 4460 Κῦ-

2067 3306 2308 3377 periores
2339 3301 2616 3380 declarati.
2652 3299 2729 3354 Ac
2749 3312 2930 3352 verum
2953 3296 3172 3350 omnino
3197 3301 3303 3356 est,
3326 3291 3479 3361 juxta
3504 3287 3646 3342 beati

2067 3397 2216 3450 Pauli
2241 3379 2585 3456 sententiam,
2617 3391 2758 3460 quod
2807 3407 2824 3440 ι
2867 3385 3342 3454 Quemadmodum
3397 3379 3650 3451 portavi-

2071 3505 2191 3543 mus
2222 3488 2506 3556 imaginem
2541 3483 2762 3546 terreui,
2789 3481 3123 3549 portabimus
3157 3477 3319 3531 etiam
3360 3472 3648 3542 imaginem

2072 3580 2328 3641 caelestis,
2360 3579 2403 3609 "’
2438 3597 2456 3629 ι
2496 3577 2600 3630 hoc
2623 3584 2727 3638 est,
2759 3570 2983 3625 Christi.
3013 3567 3261 3622 Caelestis
3294 3573 3470 3616 autem
3493 3563 3651 3615 homn

2074 3669 2392 3739 intelligitur
2416 3667 2696 3726 Christus;
2733 3679 2838 3717 non
2874 3648 3128 3729 tanquam
3149 3670 3383 3726 superne
3413 3663 3574 3721 atque
3615 3668 3644 3705 a

2075 3763 2214 3818 cwlo
2265 3774 2484 3815 carnem
2513 3759 2577 3812 ad
2612 3772 2710 3811 nos
2742 3752 3024 3814 detulerit,
3060 3751 3154 3804 sed
3199 3748 3341 3821 quod
3389 3745 3526 3800 Deus
3557 3761 3652 3798 ex-

2076 3855 2274 3911 sistens
2307 3850 2560 3912 Verbum,
2589 3845 2922 3902 descendite
2951 3842 3102 3898 ccclis
3125 3857 3139 3906 ;
3164 3850 3219 3896 et
3245 3838 3651 3894 similitudinem

2078 3946 2250 4000 nostri
2284 3943 2523 4006 subiens,
2561 3941 2662 3995 hoc
2687 3945 2789 4002 est,
2805 3935 3100 3990 secundum
3126 3945 3342 3986 carnem
3373 3945 3402 3984 e
3431 3929 3656 3982 muliere

2080 4039 2221 4092 sicut
2255 4050 2350 4090 nos
2389 4042 2571 4096 natus,
2610 4024 2984 4100 permansitid
3011 4022 3308 4093 quoderat,
3337 4036 3368 4076 e
3407 4019 3658 4089 superuis

2082 4107 2334 4182 nimirum
2363 4134 2526 4191 atque
2551 4136 2582 4176 ο
2613 4119 2787 4186 ccelis,
2818 4129 2874 4173 et
2899 4131 3061 4186 supra
3111 4128 3301 4169 omnes
3364 4121 3420 4166 ut
3475 4112 3616 4165 Deus
3638 4148 3656 4175 ,

2083 4222 2246 4275 etiam
2278 4234 2399 4274 cum
2423 4230 2606 4271 carne.
2639 4214 2712 4268 lta
2741 4211 2884 4284 enim
2921 4208 3046 4264 alibi
3076 4206 3290 4261 divinus
3311 4203 3547 4258 Joannes
3578 4203 3660 4255 iu-

2085 4313 2201 4382 quit
2228 4328 2241 4363 :
2287 4329 2307 4364 ι
2336 4309 2436 4376 Qui
2474 4323 2504 4363 e
2535 4304 2784 4378 supernis
2809 4302 2978 4364 venit,
3006 4313 3164 4368 supra
3199 4311 3387 4350 omnes
3411 4303 3494 4348 est
3528 4293 3593 4346 ".
3639 4311 3655 4342 ι

2086 4403 2392 4458 Permansit
2451 4399 2596 4456 enim
2650 4395 2811 4452 totius
2853 4392 3090 4448 universi
3129 4388 3410 4450 Dominus,
3451 4384 3661 4438 tametsi

409 4517 545 4569 ριος,
576 4501 671 4552 καὶ
697 4500 756 4552 ἐν
797 4503 866 4572 τῇ
906 4499 1000 4554 τοῦ
1039 4477 1230 4554 δούλου
1271 4477 1736 4574 ήμορφῇνγεγονὼς
1771 4501 1966 4554 οἰκονο¹

2091 4497 2299 4550 ratione
2329 4489 2718 4549 incarnationis
2747 4489 2977 4542 formam
3041 4481 3184 4537 servi
3227 4477 3518 4547 acceperit,
3580 4485 3665 4527 at-

2270 4589 2281 4594 ‘
2347 4588 2359 4594 ‘
2485 4587 2496 4594 ‘
2896 4588 2906 4594 -
2975 4579 2986 4594 Ι
3038 4577 3149 4594 ιη--
3209 4573 3407 4594 I‘I,_2_.2
3465 4579 3636 4594 --.ηΑιΑ

413 4587 610 4658 μικῶς,
645 4588 738 4640 καί
765 4589 1065 4660 παράδοξον
1089 4590 1304 4662 ἀληθῶς
1319 4590 1408 4642 διὰ
1437 4589 1613 4642 ταῦτά
1641 4591 1756 4641 ἐστι
1779 4588 1988 4659 τὸΧρι-

412 4679 540 4732 στοῦ
579 4681 894 4752 μυστήριον.
927 4683 1038 4736 Καὶ
1071 4682 1200 4751 γοῦν
1233 4683 1336 4752 ἔφη
1370 4699 1473 4735 που
1525 4682 1659 4751 πρὸς
1701 4680 1989 4744 Ἰουδαίους

410 4773 478 4826 δι’
505 4772 620 4836 ἐνὸς
648 4773 754 4828 τῶν
785 4775 1082 4847 προφητῶν
1107 4777 1134 4828 6
1163 4775 1295 4838 θεὸς
1322 4774 1416 4828 καὶ
1439 4775 1648 4844 Πατήρ·
1678 4793 1696 4824 ι
1723 4773 1914 4837 Ἴδετε,
1939 4774 1987 4826 οἰ

412 4867 842 4937 καταφρονηταὶ,
875 4867 967 4920 καὶ
1005 4865 1365 4937 ἀφανίσθητε,
1397 4865 1491 4918 καὶ
1533 4864 1877 4936 θαυμάσατε,
1905 4866 1987 4918 ὅτι

411 4956 570 5026 ἔργον
604 4957 714 5026 ἐγὼ
741 4957 1047 5028 ἐργάζομαι
1086 4959 1144 5011 ἐν
1177 4961 1298 5022 ταῖς
1332 4957 1566 5028 ἡμέραις
1601 4957 1774 5028 ὑμῶν,
1827 4958 1989 5029 ἔργον

409 5041 452 5115 ᾧ
499 5049 560 5102 οὑ
595 5049 671 5120 μὴ
713 5049 1068 5121 πιστεύσητε,
1097 5051 1191 5104 ὲάν
1232 5067 1316 5112 τις
1356 5049 1749 5119 ὲκδιηγήσηται
1784 5049 1931 5118 ὑμῖν.
1966 5066 1983 5097 ι

413 5140 765 5194 Κινδυνεῦσει
793 5139 902 5211 γὰρ
927 5140 1272 5196 ἀπιστεῖσθαι
1308 5141 1368 5194 τὸ
1392 5138 1630 5210 Χριστοῦ
1667 5140 1987 5210 μυστήριον,

412 5230 498 5284 διὰ
520 5231 616 5301 τὴν
633 5232 729 5284 τοῦ
749 5231 1026 5302 θαύματος
1044 5232 1374 5304 ὑπερϐολήν.
1395 5231 1527 5294 Θεὸς
1547 5225 1616 5302 ἦν
1633 5232 1690 5284 ὲν
1710 5231 1807 5284 ἀνθ
1816 5229 1996 5302 ρωπό-

413 5339 537 5392 τητι
572 5324 663 5376 καὶ
695 5324 755 5377 ὲν
790 5326 904 5388 τοῖς
934 5325 1058 5379 καθ’
1099 5327 1268 5397 ἡμᾶς,
1301 5327 1329 5377 ὁ
1371 5324 1510 5396 ὑπὲρ
1539 5327 1720 5378 πᾶσαν
1753 5323 1851 5394 τὴν
1876 5323 1997 5377 κτί-

417 5427 501 5466 σιν
523 5429 536 5442 ·
566 5415 824 5487 ἀόρατος,
849 5417 1044 5488 ὁρατὸς
1085 5419 1256 5480 κατὰ,
1272 5419 1473 5490 σάρκα,
1497 5419 1526 5470 6
1549 5417 1608 5483 ἐξ
1633 5416 1862 5488 οὐρανοῦ
1901 5415 1999 5469 καὶ

418 5505 647 5570 ἄνωθεν,
693 5509 750 5561 ἐν
781 5509 910 5562 εῖδει
943 5510 1053 5563 τῶν
1099 5511 1322 5580 χοῖκῶν·
1377 5509 1565 5572 ἁπτὸς,
1611 5511 1640 5562 6
1672 5509 1922 5580 ἀναφής³
1967 5508 1996 5559 ὁ

422 5599 562 5654 κατὰ
603 5600 764 5670 φύσιν
806 5600 942 5655 ἰδίαν
993 5601 1293 5672 ἐλεύθερος,
1346 5603 1403 5655 ἐν
1449 5600 1637 5655 δούλου
1698 5602 1915 5672 μορφῇ·
1968 5600 1996 5651 6

2092 4605 2196 4660 que
2219 4587 2593 4644 admirandum
2620 4597 2802 4638 revera
2830 4588 2914 4634 est
2935 4579 3005 4633 ob
3038 4577 3152 4630 haec
3207 4573 3409 4660 CllLiSli
3465 4579 3666 4640 myste-

2092 4637 2254 4738 rlium.
2291 4681 2494 4736 idcirco
2540 4677 2682 4730 Deus
2713 4689 2776 4728 ac
2807 4673 2967 4727 Pater
3011 4669 3137 4724 alibi
3192 4668 3258 4721 ad
3282 4637 3525 4720 Qudaaos
3574 4679 3666 4733 per

2092 4775 2376 4846 quemdam
2421 4773 2736 4839 prophetam
2765 4767 2840 4820 ait
2869 4784 2881 4819 :
2924 4783 2942 4816 ι
2996 4761 3208 4826 Videte,
3237 4768 3660 4829 contemptores,

2095 4875 2150 4918 et
2178 4861 2542 4925 admiramiui,
2571 4868 2624 4913 et
2650 4856 3021 4924 disperdimiui
3057 4869 3072 4906 :
3119 4853 3244 4922 quia
3298 4865 3432 4920 Opus
3471 4863 3668 4917 operor

2095 4971 2194 5024 ego
2231 4957 2282 5008 in
2306 4953 2494 5007 diebus
2523 4951 2737 5012 vestris,
2776 4964 2910 5016 opus
2972 4947 3114 5014 quod
3178 4957 3282 4996 non
3338 4939 3558 4994 creditis
3625 4941 3667 4994 si

2097 5046 2217 5115 quis
2244 5043 2584 5100 enarraverit
2611 5041 2762 5095 vobis
2786 5039 2851 5092 ".
2879 5057 2895 5089 ι
2928 5034 3234 5091 Periculum
3258 5032 3401 5087 enim
3441 5031 3546 5085 erit
3605 5046 3670 5086 ne

2103 5137 2390 5206 derogetur
2435 5134 2570 5190 fides
2602 5131 2863 5204 mysterio
2898 5128 3124 5193 Christi,
3161 5126 3230 5182 ob
3259 5123 3503 5178 miraculi
3553 5139 3668 5178 ma-

2099 5227 2456 5297 gnitudinem.
2493 5223 2632 5277 Dcus
2665 5228 2781 5276 erat
2821 5221 2982 5274 homo
3021 5215 3188 5271 nostri
3221 5211 3415 5267 similis
3460 5209 3667 5273 factus,

2099 5317 2194 5386 qui
2229 5330 2388 5384 supra
2423 5329 2636 5370 omnem
2670 5321 2975 5367 creaturam
2995 5317 3107 5376 est;
3171 5304 3478 5372 invisibilis,
3500 5304 3672 5358 factus

2101 5416 2184 5464 est
2207 5406 2434 5462 visibilis
2466 5403 2764 5461 secundum
2799 5417 3050 5458 carnem:
3085 5401 3179 5471 qui
3227 5413 3292 5454 ex
3347 5396 3485 5453 cmlo
3516 5405 3673 5462 atque

2103 5516 2134 5556 e
2170 5499 2439 5572 supernis,
2472 5498 2700 5554 formam
2754 5495 3090 5553 terrestrium
3152 5493 3358 5548 induit:
3403 5486 3674 5554 tangibilis

2104 5604 2204 5657 est,
2248 5593 2338 5663 qui
2375 5592 2520 5662 tangi
2563 5589 2748 5660 nequit
2786 5606 2802 5644 :
2835 5588 2924 5659 qui
2966 5602 3031 5643 ex
3092 5585 3310 5656 propria
3353 5593 3447 5636 sua
3481 5583 3672 5628 natura

497 5779 544 5812 “
576 5779 754 5836 Calat.
795 5794 867 5846 tv,
909 5779 960 5834 ιι.
1040 5777 1132 5832 ³⁷1
1177 5778 1300 5834 Cor.
1339 5793 1426 5844 xv,
1477 5779 1564 5834 ιν.
1643 5777 1867 5835 "Joan.
1914 5793 1966 5832 ιιι

2069 5778 2131 5833 il.
2211 5777 2254 5810 ⁵ο
2297 5775 2500 5834 Habac.
2547 5789 2587 5842 ι,
2625 5772 2689 5841 5;
2741 5775 2858 5830 Act.
2892 5784 3012 5838 xm,
3045 5767 3146 5821 41.
