4038 6200
464 308 589 367 1271

1441 312 1499 368 S.
1542 313 1821 368 CYRILLI
1859 313 2326 371 ALEXANDRINI
2367 318 2686 376 ARCIIIEP.

3577 327 3720 382 1279.

460 427 594 482 liber
615 438 719 494 est,
760 432 899 486 servi
937 430 1163 488 formam
1185 432 1390 502 accepit
1428 449 1442 486 :
1475 433 1569 503 qui
1625 435 1892 492 creaturis
1944 436 1996 492 bt

2101 463 2114 498 ι
2143 437 2380 508 εὐλογῶν
2411 440 2510 512 τὴν
2554 443 2754 507 κτίσιν,
2784 442 3079 515 ἐπάρατος,
3113 448 3208 501 καὶ
3237 445 3296 500 ὲν
3323 447 3437 511 τοῖς
3469 447 3718 517 ἀνόμοις,

459 518 682 582 nedicil,
714 519 893 577 factus
924 532 1009 578 est
1045 523 1431 588 exsecrabilis;
1471 523 1893 594 numeratusque
1947 536 2030 584 est

456 622 594 667 mter
617 615 1058 683 praevaricatores
1099 617 1230 688 legis
1253 618 1298 672 is
1325 618 1417 687 qui
1447 626 1529 673 est
1577 619 1753 672 omnis
1795 619 2024 688 justitia,

455 709 964 777 mortemqnesubiit
999 713 1110 764 vita
1131 711 1266 782 ipsa.
1295 711 1480 783 Neque
1496 715 1637 771 enim
1661 726 1776 770 erat
1803 715 2027 770 alterius

453 796 769 868 cujuSpiam,
791 800 884 856 sed
917 803 1095 871 potius
1124 802 1296 874 ipsius
1333 806 1626 862 secundum
1657 816 1904 862 naturam
1934 805 2026 862 Fi-

452 885 504 938 lii
533 900 752 958 corpus,
777 889 829 944 id
854 892 997 960 quod
1021 903 1250 950 mortem
1278 895 1442 970 725
1473 899 1661 955 subiit.
1718 899 1873 956 Anne
1897 915 2024 954 vero

450 985 709 1046 tanquam
750 995 857 1036 non
891 993 1039 1040 recte
1069 983 1252 1052 factis,
1293 991 1407 1046 sive
1453 1005 1482 1044 a
1534 991 1693 1048 nobis
1719 992 1896 1056 dictis,
1925 991 2023 1047 ali-

448 1067 574 1134 quid
603 1067 772 1127 habes
809 1074 954 1142 quod
981 1075 1064 1134 his
1098 1078 1360 1148 objicias?

512 1155 576 1213 Β.
616 1161 990 1233 Nequaquam.

510 1250 577 1304 A.
618 1251 884 1311 Caeterum
928 1259 1030 1316 hoc
1059 1261 1190 1317 mihi
1225 1274 1488 1333 praeterea
1555 1267 1944 1323 animadverte.

511 1341 573 1396 Β.
597 1342 884 1416 Quidnam,
909 1351 1172 1408 obsecro?

512 1433 576 1486 A.
605 1433 850 1493 Christus
902 1440 1100 1495 alicubi
1160 1444 1227 1498 ad
1292 1460 1386 1501 eos
1423 1447 1513 1515 qui
1560 1449 2012 1506 resurrectionem

441 1533 775 1583 mortuorum
819 1531 1006 1587 tollere
1057 1534 1330 1601 nituntur,
1351 1537 1488 1592 dixit
1526 1555 1538 1591 :
1575 1556 1593 1591 ι
1651 1539 1769 1595 Non
1809 1541 2015 1614 legistis

439 1615 564 1682 quia
585 1619 676 1689 qui
706 1618 832 1676 fecit
861 1623 1136 1681 hominem
1177 1629 1244 1682 ab
1272 1627 1446 1696 initio,
1490 1631 1804 1687 masculum-
1846 1643 1898 1688 et
1935 1633 2012 1690 l‘e-

439 1707 638 1761 minam
695 1711 1030 1768 feciteos“?
1093 1734 1110 1767 ι
1171 1717 1372 1773 Scribit
1417 1735 1546 1777 vero
1607 1723 1769 1777 etiam
1800 1723 2012 1780 divinus

2139 532 2170 602 ἡ
2210 535 2356 586 πᾶσα
2382 533 2720 606 δικαιοσύνη,
2747 539 2841 590 καὶ
2863 539 2920 590 ὲν
2957 538 3175 610 δοκήσει
3221 539 3453 594 θανάτου
3491 541 3721 609 γέγονεν

2137 624 2168 693 ἡ
2201 623 2333 696 ζωή·
2361 627 2434 679 οὐ
2472 626 2582 698 γὰρ
2613 623 2680 698 ἦν
2704 628 2892 699 ἑτέρου
2915 630 3081 696 τινδς,
3111 631 3281 684 αὑτοῦ
3300 632 3356 684 δὲ
3391 632 3592 702 μᾶλλον
3621 633 3720 686 τοῦ

2137 713 2280 768 κατά
2323 715 2484 786 φύσιν
2513 716 2668 782 Υίοῦ,
2705 719 2769 772 τὸ
2793 719 2888 773 τοῦ
2912 719 3144 776 θανάτου
3163 724 3498 793 γευσάμενον
3531 724 3714 794 σῶμα.

2133 797 2260 876 Ἆρ’
2303 805 2380 872 ὡς
2411 807 2513 862 οὐκ
2550 803 2608 862 εὖ
2641 809 2948 878 γεγονόσιν,
2992 812 3162 882 ἧγουν
3203 812 3340 883 πρὸς
3373 813 3532 884 ἡμῶν
3559 815 3717 886 εἰρη-

2135 895 2319 966 μένοις
2343 897 2489 970 ἔχεις
2519 918 2569 954 τι
2606 901 2817 966 τούτοις
2845 903 3139 974 ἑπιτιμᾷν;

2200 1166 2257 1218 Β,
2301 1164 2586 1236 Οὐδαμῶς.

2200 1259 2263 1312 Δ.
2302 1258 2492 1328 Ἀθρει
2522 1258 2585 1328 δή
2619 1274 2708 1328 μοι
2741 1259 2958 1312 κάκεῖνο
2989 1259 3123 1328 πρὸς
3152 1257 3380 1320 τούτοις.

2196 1350 2256 1402 Β.
2301 1349 2374 1401 Τὸ
2402 1348 2453 1402 τί
2481 1347 2546 1418 δὴ
2573 1348 2714 1417 φής;
2834 1413 2842 1419 ,

2195 1443 2260 1493 Α.
2307 1440 2450 1510 Ἔφη
2488 1456 2592 1492 που
2623 1439 2858 1510 Χριστὸς
2890 1441 3002 1504 τοῖς
3037 1440 3280 1510 ἀναιρεῖν
3321 1437 3562 1492 ἐθέλουσι
3603 1439 3706 1509 τὴν

2121 1534 2420 1588 ἀνάστασιν
2459 1530 2566 1585 τῶν
2601 1531 2838 1602 νεκρῶν·
2878 1551 2896 1582 ι
2929 1533 3043 1586 Οὐκ
3071 1531 3362 1599 ἀνέγνωτε,
3385 1531 3514 1583 ὅτιὸ
3545 1531 3704 1600 ποιή-

2123 1636 2221 1682 σας
2251 1619 2340 1671 τὸν
2371 1619 2655 1688 ἄνθρωπον
2682 1619 2738 1670 ὲν
2763 1619 2984 1690 ἀρχαῖς,
3021 1619 3188 1691 ἄρσεν
3223 1619 3318 1672 καὶ
3346 1618 3482 1689 θῆλυ
3512 1619 3704 1690 ἐποίη-

2123 1728 2213 1764 σεν
2238 1709 2470 1775 αὑτούςς
2506 1729 2522 1760 ι
2579 1710 2784 1782 Γράφει
2822 1710 2878 1764 δὲ
2920 1713 3017 1764 καὶ
3060 1713 3088 1764 6
3117 1711 3402 1775 Θεσπέσιος
3451 1711 3698 1775 Παῦλος·

440 1795 671 1854 Paulns:
706 1820 724 1852 ι
749 1801 1070 1863 llonorabile
1094 1810 1424 1865 connubium
1465 1811 1516 1866 in
1547 1815 1816 1882 erunibus,
1849 1825 1904 1872 et
1930 1825 1996 1872 to-

2123 1821 2140 1851 ‹
2169 1801 2360 1872 Τίμιος
2389 1802 2418 1854 6
2445 1801 2622 1872 γάμος
2640 1803 2696 1854 ἐν
2713 1802 2866 1866 πᾶσι,
2893 1803 2988 1854 καὶ
3004 1803 3036 1874 ἡ
3053 1799 3208 1872 κοίτη
3232 1799 3544 1870 ἀμίαντος.»
3567 1795 3698 1853 Εἶτα

438 1898 529 1938 rus
575 1890 952 1948 Immaculatus
981 1895 1044 1949 ⁸⁸.
1086 1915 1104 1948 ι
1161 1897 1280 1964 Quo
1305 1911 1462 1969 pacto
1503 1918 1631 1958 vero
1681 1906 2012 1976 unigenitum

437 1975 528 2030 Dei
555 1976 806 2046 Verbum,
832 1998 951 2039 cum
995 1997 1238 2044 nostram
1269 1991 1674 2050 similitudinem
1695 1975 1879 2054 subire
1910 1999 2014 2054 vel-

435 2068 533 2134 let,
557 2072 623 2123 ad
647 2075 1090 2136 constitutionem
1120 2082 1232 2137 sive
1255 2087 1660 2154 generationem
1681 2105 1791 2144 sua:
1808 2094 2010 2157 carnis,

434 2160 683 2218 humanae
711 2179 916 2224 naturae
945 2169 1089 2241 leges
1143 2173 1324 2231 valere
1377 2178 1584 2234 noluit?
1635 2179 1820 2250 Neque
1866 2184 2008 2237 enim

431 2265 496 2304 ex
531 2262 648 2308 toro
671 2266 725 2312 et
756 2260 1004 2332 conjugio
1031 2267 1180 2320 nasci
1207 2268 1396 2333 voluit,
1439 2273 1532 2326 sed
1566 2287 1631 2327 ex
1665 2273 1887 2344 Virgine
1906 2276 2007 2330 viri

431 2343 644 2435 nescia,
685 2360 994 2420 praegnante
1043 2367 1106 2408 ex
1178 2355 1406 2428 Spiritu,
1469 2343 1835 2418 obumbrante
1909 2365 2008 2435 ipsi

429 2432 626 2489 xirtute
653 2435 768 2503 Dei,
812 2441 954 2496 sicut
985 2445 1245 2516 scriptum
1273 2453 1442 2504 est".
1468 2453 1602 2507 Cum
1659 2454 1840 2525 itaque
1869 2432 2008 2512 Deus

427 2524 854 2594 conjugiumnon
903 2549 1242 2603 aspernetur,
1265 2545 1360 2596 sed
1400 2545 1580 2612 potius
1631 2524 2007 2604 benedictione

425 2631 520 2670 sua
547 2617 673 2676 illud
698 2623 1306 2698 decoret,qnamobrem
1330 2634 1605 2707 Virginem
1637 2650 2004 2710 praegnantem

427 2722 488 2761 ex
519 2709 746 2780 Spiritu,
810 2719 991 2773 carnis
1032 2736 1145 2775 sua:
1187 2733 1415 2780 matrem
1458 2743 1580 2784 esse
1610 2709 2002 2788 volueritDeus

425 2801 689 2859 exsistens
716 2805 1096 2875 Vcrbum,non
1130 2814 1287 2870 facile
1315 2818 1569 2875 dixerim.
1597 2819 1836 2877 Tametsi
1864 2839 2003 2894 quo-

426 2895 583 2949 modo
609 2912 714 2951 non
744 2901 916 2958 cuivis
946 2905 1229 2982 manifesta
1269 2907 1434 2964 fuerit
1464 2910 1580 2978 ejus
1632 2914 1707 2968 rei
1761 2916 2000 2982 occasio,

423 2984 548 3039 illud
575 2991 982 3050 consideranti?
1017 2997 1306 3054 Descendit
1337 3003 1502 3068 enim,
1547 3005 1661 3059 sive
1723 3005 1882 3063 homo
1923 3009 2002 3062 l‘a-

425 3085 540 3131 ctus
566 3089 650 3136 est
696 3081 885 3152 Filius,
933 3087 1339 3148 instauraturus
1394 3105 1575 3150 nostra
1631 3107 1884 3168 tanquam
1944 3103 1997 3157 in

426 3169 637 3240 seipse;
681 3189 744 3230 ac
773 3177 1008 3246 primum
1059 3184 1276 3252 quidem
1342 3184 1393 3240 in
1431 3198 1672 3243 sanctam
1705 3191 1994 3259 quamdam

425 3270 586 3329 atque
619 3263 990 3325 admirabilem
1062 3275 1396 3332 nativitatem
1449 3288 1503 3334 et
1556 3283 1744 3334 vitam.
1794 3283 1996 3338 Factus

423 3364 606 3408 autem
635 3365 718 3410 est
743 3359 903 3414 etiam
935 3364 1141 3433 primus
1169 3368 1282 3436 ipse
1322 3378 1483 3424 natus
1525 3385 1587 3424 ex
1641 3370 1845 3440 Spiritu
1887 3374 1996 3439 (se-

420 3445 654 3500 cundum
701 3463 921 3504 carnem
985 3452 1247 3526 inquam),
1306 3468 1364 3513 ut
1432 3461 1533 3514 hac
1601 3469 1853 3529 tanquam
1909 3464 1994 3517 via

420 3536 660 3590 etiamin
687 3554 784 3594 nos
821 3541 974 3607 ipsos
1027 3553 1341 3602 transeunte
1370 3551 1562 3619 gratia,
1592 3567 1697 3604 non
1756 3568 1822 3625 ex
1864 3568 1994 3607 san~

427 3627 882 3703 gninibusmeqne
909 3649 972 3688 ex
1004 3635 1275 3692 voluntate
1297 3641 1498 3706 carnis,
1523 3657 1694 3712 neque
1709 3659 1776 3698 ex
1801 3645 1994 3700 volun-

422 3728 528 3772 tate
557 3721 794 3787 viri,sed
829 3741 892 3780 ex
927 3725 1033 3783 Deo
1069 3743 1166 3798 per
1197 3731 1457 3794 Spiritum
1517 3738 1987 3806 regenerationem

419 3811 834 3870 intellectualem
877 3822 1154 3876 consecuti
1187 3823 1251 3889 ⁸³,
1288 3833 1342 3877 et
1395 3825 1827 3882 conformitatcm
1890 3830 1994 3900 spi-

421 3905 663 3960 ritualem
687 3923 808 3963 cum
839 3925 905 3966 eo
931 3912 1022 3982 qui
1065 3921 1257 3968 natura
1291 3929 1356 3974 ac
1381 3932 1508 3973 vere
1536 3929 1620 3973 est
1639 3918 1804 3974 Filius
1827 3921 1992 3990 adep-

418 3995 478 4061 ti,
509 3995 676 4053 Deum
735 4015 990 4058 vocemus
1011 4003 1261 4070 Patrem,
1296 4015 1458 4078 atque
1481 4009 1553 4063 ita
1606 4009 1990 4080 incorruptibi-

416 4087 490 4142 les
517 4103 960 4159 permaneamus;
990 4113 1094 4152 non
1111 4095 1223 4165 jam
1254 4099 1484 4170 amplius
1547 4101 1778 4172 priorem
1815 4103 1983 4169 illum,

415 4182 516 4236 hoc
549 4191 654 4245 est,
684 4186 946 4241 Adamum
973 4199 1181 4260 patrem
1219 4192 1499 4257 habentes.
1537 4197 1588 4249 in
1641 4211 1748 4266 quo
1789 4207 1842 4252 et
1865 4214 1988 4252 cor-

415 4276 556 4345 rupti
588 4291 824 4332 eramus.
850 4277 1056 4334 ldeirco
1079 4292 1130 4335 et
1157 4283 1406 4339 Christus
1434 4285 1632 4355 inquit.
1682 4289 1808 4342 alibi
1867 4290 1988 4359 qui-

409 4368 528 4420 dem
559 4383 573 4422 :
613 4387 631 4419 ι
671 4367 1058 4426 Nolitevocare
1073 4382 1280 4442 patrem
1304 4385 1540 4430 vestrum
1567 4377 1619 4430 in
1653 4380 1986 4438 terris.Unus

2118 1892 2234 1956 πῶς
2269 1895 2296 1945 6
2341 1891 2634 1962 μονογενὴς
2668 1890 2757 1945 τοῦ
2798 1890 2934 1944 Θεοῦ
2977 1891 3171 1959 Λόγος,
3211 1889 3310 1960 τὴν
3363 1891 3497 1961 πρὸς
3547 1893 3696 1960 ἡμᾶς

2115 1984 2371 2055 ὁμοίωσιν
2409 1982 2656 2040 ἐπελθεῖν
2690 1983 2978 2056 ἐθελήσας,
3012 1985 3073 2037 οὐ
3120 1986 3232 2047 τοῖς
3279 1985 3379 2053 τῆς
3409 1982 3696 2054 ἀνθρωπό-

2114 2089 2274 2144 τητος
2303 2073 2489 2143 νόμοις
2519 2074 2690 2142 ἐφῆκε
2716 2077 2958 2145 κρατεῖν,
2998 2075 3078 2137 εἰς
3113 2073 3394 2139 σύστασιν,
3420 2075 3534 2144 ῆτοι
3562 2075 3696 2143 γέν-

2113 2185 2267 2238 νησιν
2297 2169 2396 2238 τῆς
2423 2167 2558 2230 ἰδίας
2585 2165 2751 2220 αὐτοῦ
2779 2166 2980 2238 σαρκός
3004 2183 3018 2230 ;
3055 2168 3126 2221 Οὐ
3161 2168 3271 2239 γάρ
3305 2169 3370 2220 ὲκ
3393 2167 3571 2237 κοίτης
3597 2166 3697 2221 καὶ

2115 2259 2306 2330 γάμων
2347 2258 2608 2328 ἠνέσχετο
2653 2259 2837 2313 λαϐεῖν
2881 2260 3089 2331 αὐτὴν,
3134 2260 3250 2314 ἀλλ’
3301 2263 3367 2316 ἐκ
3415 2262 3696 2332 Παρθένου

2113 2350 2319 2421 σεμνῆς
2371 2351 2466 2404 καὶ
2520 2350 2926 2421 άπειρογάμου,
2961 2353 3381 2423 κυοφορησάσης
3426 2355 3490 2406 ὲκ
3519 2353 3694 2407 Πνεύ-

2113 2460 2314 2514 ματος,
2370 2443 2772 2514 ἑπισκιασάσης
2827 2443 2966 2514 αὐτῇ
3008 2443 3292 2514 δυνάμεως
3328 2445 3489 2508 Θεοῦ,
3545 2444 3696 2502 καθὰ

2109 2535 2440 2606 γέγραπται.
2477 2535 2612 2588 Θεοῦ
2656 2535 2952 2608 τοιγαροῦν
2987 2535 3079 2589 τὸν
3127 2537 3302 2607 γάμον
3347 2538 3447 2590 οὐκ
3486 2538 3695 2608 ἀτιμά-

2111 2645 2323 2691 σαντος,
2354 2626 2555 2698 μᾶλλον
2596 2627 2653 2681 δὲ
2689 2627 2781 2683 καὶ
2815 2628 3035 2700 εὐλογία
3068 2630 3419 2700 τιμήσαντος,
3458 2629 3691 2682 ἀνθότου

2107 2719 2384 2790 Παρθένον
2413 2719 2786 2791 κυοφοροῦσαν
2818 2723 2882 2774 ἐκ
2906 2721 3242 2790 Πνεῦματος,
3264 2721 3364 2791 τῆς
3396 2721 3530 2785 ἰδίας
3553 2739 3690 2793 σαρ-

2107 2811 2200 2874 κὸς
2234 2812 2528 2882 ἐποιήσατο
2563 2812 2772 2881 μητέρα
2809 2811 2943 2864 Θεοῦ
2989 2814 3016 2864 6
3047 2813 3240 2882 Λόγος,
3280 2814 3382 2865 οὐκ
3411 2812 3520 2882 ἔχω
3544 2813 3688 2883 φρά-

2107 2920 2217 2956 σαι.
2262 2903 2457 2957 Καίτοι
2492 2902 2609 2966 πῶς
2654 2903 2752 2974 οὐχ
2803 2903 3008 2957 ἅπασιν
3043 2904 3278 2976 ἐναργὴς
3307 2905 3503 2972 γένοιτ’
3543 2904 3610 2958 ἂν
3655 2906 3686 2973 ἠ

2103 2994 2256 3048 τοῦδε
2281 2995 2574 3064 πρόφασις,
2599 2996 2774 3048 ἐκεῖνο
2803 2995 3218 3068 διεσκεμμένοις
3237 3014 3252 3062 ;
3271 2996 3524 3064 ’Λφίκετο
3553 2996 3685 3066 γάρ,

2103 3088 2178 3149 ὼς
2205 3087 2364 3157 ἔφην,
2396 3087 2565 3158 ἤγουν
2599 3087 3026 3160 ὲνηνθρώπησεν
3060 3088 3088 3140 6
3125 3088 3272 3154 Υἱὸς,
3301 3087 3684 3158 ἀναστοιχειὼ-

2103 3195 2210 3232 σων
2242 3181 2308 3231 τὰ
2326 3178 2446 3231 καθ’
2474 3179 2620 3248 ἡμᾶς
2653 3179 2729 3243 ὡς
2755 3181 2811 3232 ἐν
2836 3181 3037 3252 ἐαυτῷ,
3069 3182 3161 3233 καὶ
3185 3181 3400 3252 πρῶτον
3424 3183 3504 3245 είς
3525 3182 3683 3249 ἁγίαν

2098 3267 2218 3322 τινὰ
2247 3269 2341 3322 καὶ
2379 3269 2841 3342 τεθαυμασμένην
2874 3271 2949 3335 ὡς
2981 3275 3038 3326 ὲν
3085 3273 3286 3343 ἐαυτῷ,
3325 3273 3416 3326 καὶ⁵
3449 3273 3680 3345 παράδο-

2101 3359 2188 3426 ξον
2215 3361 2428 3432 άληθῶς
2459 3361 2713 3428 ἀπότεξιν
2760 3365 2852 3417 καὶ
2883 3363 3028 3434 ζωήν
3049 3381 3062 3394 ·
3103 3365 3294 3434 γέγονε
3322 3365 3378 3418 δὲ
3417 3367 3512 3418 καὶ
3540 3365 3680 3434 πρῶ·

2096 3468 2184 3514 τος
2220 3451 2380 3514 αὐτὸς
2424 3453 2680 3522 γεννητὺς
2711 3454 2804 3508 τοῦ
2847 3453 3000 3522 ἁγίου
3036 3455 3354 3526 Πνεῦματος
3387 3457 3551 3524 (κατά
3582 3473 3679 3523 γε,

2098 3542 2263 3612 φημὶ,
2293 3543 2388 3616 τὴν
2413 3544 2630 3614 σάρκα),
2654 3544 2718 3597 ἵν’
2742 3545 2932 3616 ὥσπερ
2953 3544 3057 3615 ὁδῴ
3078 3545 3174 3598 καὶ
3195 3548 3275 3608 εἰς
3295 3547 3443 3616 ἡμᾶς
3466 3546 3676 3608 αὐτοὺς

2095 3633 2475 3701 διαϐαινούσης
2508 3639 2608 3708 τῆς
2637 3637 2878 3707 χάριτος,
2919 3637 3020 3690 οὐκ
3049 3636 3110 3702 ἐξ
3141 3639 3417 3707 αἱμάτων,
3459 3637 3584 3689 οὐδὲ
3613 3639 3673 3689 ἐν

2097 3725 2400 3797 Θελήματος
2431 3729 2653 3799 σαρκὸς,
2674 3728 2795 3788 οὐδὲ
2820 3731 2885 3781 ἐκ
2909 3728 3216 3799 θελήματος
3243 3728 3455 3798 ἀνδρὸς,
3473 3727 3587 3781 ἀλλ’
3612 3728 3673 3779 ἐκ

2095 3817 2232 3871 Θεοῦ
2266 3817 2356 3871 διὰ
2389 3819 2705 3888 Πνεὺματος
2745 3819 2844 3889 τὴν
2882 3820 3082 3890 νοητὴν
3123 3819 3338 3890 ἔχοντες
3378 3819 3673 3889 ἀναγέννη-

2097 3925 2200 3973 σιν,
2233 3908 2327 3962 καὶ
2374 3909 2474 3980 τὴν
2508 3910 2644 3980 πρός
2691 3927 2755 3980 γε
2803 3911 2896 3965 τὸν
2949 3911 3109 3980 φύσει
3141 3912 3237 3966 καὶ⁸
3281 3910 3496 3980 ἀληθῶς
3547 3911 3672 3964 Υίὸν

2094 3999 2447 4068 συμμορφίαν
2466 4002 2865 4072 πνευματικὴν,
2887 4002 3105 4074 Πατέρα
3134 4002 3388 4072 καλῶμεν
3408 4004 3500 4055 τὸν
3517 4001 3671 4067 Θεὸν,

2091 4093 2232 4149 οὓτω
2260 4110 2318 4146 τε
2359 4090 2626 4165 ἄφθαρτοι
2678 4092 3043 4164 διαμένωμεν,
3087 4094 3163 4158 ὡς
3200 4095 3301 4152 οὐκ
3346 4093 3426 4148 ἔτι
3460 4094 3668 4160 πατέρα

2091 4188 2180 4240 τὸν
2208 4189 2423 4257 πρῶτον
2447 4185 2684 4257 ἔχοντες,
2724 4184 3006 4237 τουτέστιν
3054 4184 3245 4256 Ἀδάμ,
3275 4187 3333 4239 ὲν
3373 4177 3420 4252 ᾧ
3447 4185 3543 4237 καὶ
3571 4186 3666 4250 ἑφ-

2092 4277 2363 4349 θάρμεθα.
2389 4278 2499 4331 Καὶ
2540 4277 2670 4344 γοῦν
2701 4275 2804 4346 ἔφη
2841 4275 3095 4344 Χριστὸς,
3129 4275 3211 4346 πῆ
3243 4276 3363 4346 μὲν,
3390 4275 3472 4330 ὅτι
3509 4293 3528 4324 ι
3549 4273 3660 4327 Καὶ

2092 4368 2304 4442 πατέρα
2339 4368 2414 4438 μὴ
2433 4367 2696 4436 καλέσητε
2720 4365 2874 4436 ὑμῶν
2903 4365 2996 4418 ἐπὶ
3009 4364 3111 4434 τῆς
3131 4366 3256 4435 γῆς,
3282 4360 3362 4430 εἷς
3385 4366 3492 4436 γάρ
3518 4365 3662 4416 ἐστιν

407 4460 551 4512 enim
599 4470 684 4516 est
709 4458 872 4516 Pater
918 4472 1100 4518 vester
1135 4463 1188 4518 in
1220 4466 1373 4521 caelis
1391 4467 1462 4534 “,
1499 4488 1519 4520 ι
1553 4469 1680 4523 alibi
1723 4486 1871 4536 rem,
1925 4481 1982 4527 ut

2101 4462 2120 4513 ὃ
2137 4461 2328 4532 Πατὴρ
2361 4459 2516 4532 ὑμῶν
2533 4460 2560 4511 ὁ
2579 4459 2638 4512 ἐν
2654 4459 2764 4521 τοῖς
2785 4457 3052 4528 οὐρανοῖς.
3071 4476 3088 4509 ι
3107 4459 3190 4529 Πῆ
3211 4457 3268 4511 δὲ
3287 4458 3372 4529 δὴ,
3386 4457 3461 4521 ὡς
3478 4459 3534 4510 ἐν
3553 4458 3660 4519 τοῖς

407 4549 495 4618 qui
531 4550 730 4605 idcirco
755 4551 822 4606 ad
849 4567 947 4608 nos
972 4554 1273 4620 descendit,
1317 4565 1375 4610 ut
1429 4573 1526 4613 nos
1573 4560 1869 4615 transferat
1915 4564 1982 4617 ad

405 4640 676 4710 propriam
702 4657 857 4709 sum
888 4657 950 4698 ac
972 4644 1214 4698 divinam
1265 4646 1578 4717 dignitatem
1607 4667 1620 4702 :
1649 4668 1667 4701 ι
1719 4649 1869 4706 Vado
1915 4652 1984 4708 ad

404 4730 616 4787 Patrem
655 4752 851 4801 meum,
881 4745 933 4792 et
968 4735 1180 4792 Patrem
1216 4749 1452 4796 vestrum
1480 4781 1495 4805 ,
1523 4751 1578 4796 et
1609 4741 1776 4797 Deum
1804 4760 1981 4800 meum

403 4837 452 4878 ct
487 4825 652 4881 Deum
691 4838 928 4884 vestrum
959 4830 1025 4882 ⁸⁸.
1063 4849 1083 4881 ι
1117 4830 1293 4902 ipsius
1335 4833 1479 4886 cnim
1533 4844 1619 4889 est.
1661 4846 1853 4891 natura
1886 4836 1982 4891 Pa-

401 4931 504 4987 ter,
541 4922 633 4992 qui
667 4922 718 4976 in
748 4924 901 4980 ccelis
942 4933 1055 4990 est,
1105 4935 1288 4980 noster
1309 4936 1485 4980 autem
1515 4926 1673 4983 Dens.
1727 4929 1861 4984 Cum
1896 4948 1980 4987 ve-

400 5027 458 5066 ro
491 5013 579 5080 qui
609 5023 799 5068 natura
834 5030 896 5068 ac
925 5031 1050 5071 vere
1089 5027 1171 5072 est
1196 5017 1388 5082 Filius,
1431 5017 1608 5074 factus
1661 5030 1746 5076 est
1815 5023 1975 5078 homo

399 5105 572 5158 nostri
607 5107 822 5172 similis,
860 5108 1025 5162 Deum
1051 5109 1220 5176 ipsum
1249 5109 1500 5166 habuisse
1533 5113 1682 5178 dicit,
1717 5115 1970 5170 nimirum

398 5195 558 5265 725
581 5199 792 5253 ratione
822 5199 1230 5254 exinanitinnis.
1261 5201 1414 5257 Dedit
1445 5213 1622 5259 autem
1679 5206 1841 5260 etiam
1874 5222 1969 5262 no-

398 5287 477 5336 lns
508 5301 666 5341 suum
702 5287 942 5344 Patrem.
978 5290 1251 5360 Scriptum
1279 5304 1363 5348 est
1401 5296 1543 5351 enim
1572 5315 1585 5353 :
1619 5315 1637 5348 ι
1697 5297 1970 5366 Quotquot

395 5381 576 5424 autem
605 5388 924 5444 receperunt
961 5395 1107 5444 cum,
1161 5381 1310 5437 dedit
1358 5385 1440 5440 eis
1463 5396 1786 5456 potestatem
1832 5387 1971 5441 ﬁlios

395 5459 486 5515 Dei
520 5463 659 5529 ﬁcri,
681 5465 764 5520 his
780 5467 867 5535 qui
899 5471 1124 5524 credunt
1154 5471 1205 5524 in
1237 5474 1456 5530 nomine
1490 5475 1659 5545 ipsius
1680 5475 1817 5528 ⁶⁶·⁸⁷.
1849 5495 1866 5527 ι
1902 5476 1970 5529 At

396 5565 528 5604 vero
567 5551 612 5606 si
641 5554 889 5621 imperite
908 5572 1166 5626 negemus
1196 5562 1262 5614 ad
1288 5573 1526 5616 nostram
1559 5563 1964 5619 similitudinem

461 5667 504 5694 *ο
551 5663 736 5736 blatth.
773 5679 886 5722 xu.
920 5667 989 5736 4.7
1017 5668 1088 5736 _“
1124 5670 1279 5722 llelu‘.
1311 5688 1430 5736 xui,
1461 5674 1493 5724 ιί

395 5728 473 5780 17.
557 5732 673 5771 r6-“
707 5731 858 5778 .lnatt.
902 5747 938 5781 l.
977 5734 1056 5782 εἳ·

2092 4555 2214 4609 καθ’
2229 4556 2374 4627 ἡμᾶς
2402 4553 2490 4608 διὰ
2513 4553 2671 4606 τοῦτο
2687 4551 3038 4622 καθιγμένος,
3067 4545 3132 4604 ἵν’
3157 4553 3305 4622 ἡμᾶς
3323 4551 3507 4624 ἀγάγῃ
3529 4549 3659 4620 πρὸς

2090 4648 2150 4701 τὸ
2185 4647 2314 4701 ἴδιον
2352 4646 2517 4702 αὑτοῦ
2546 4645 2641 4700 καὶ
2664 4643 2968 4715 θεοπρεπὲς
3003 4642 3221 4712 ἀξίωμα
3243 4657 3256 4670 ·
3297 4661 3315 4694 ι
3353 4641 3662 4713 Πορεύομαι

2093 4741 2227 4810 πρὸς
2243 4739 2334 4793 τὸν
2350 4739 2570 4809 Πατέρα
2598 4753 2700 4808 μου
2729 4736 2824 4790 καλ⁵
2845 4734 3066 4806 Πατέρα
3083 4734 3374 4805 ὕμῶν,ξκαι
3398 4732 3532 4786 Θεόν
3560 4749 3662 4803 μου

2088 4831 2182 4884 καλ⁸
2207 4829 2339 4883 Θεὸν
2371 4828 2543 4900 ὑμῶν.
2574 4847 2592 4878 ι
2615 4825 2790 4880 Αὐτοῦ
2836 4827 2935 4897 μὲν
2972 4825 3080 4897 γὰρ
3108 4825 3268 4896 φύσει
3299 4825 3488 4895 Πατὴρ
3536 4827 3565 4877 6
3605 4825 3663 4877 ὲν

2085 4924 2197 4984 τοῖς
2228 4921 2509 4991 οὐρανοῖς,
2545 4917 2702 4990 ἡμῶν
2753 4916 2809 4971 δὲ
2857 4917 3008 4980 Θεὸς.
3073 4915 3295 4987 Ἐπειδὴ
3332 4915 3389 4968 δὲ
3428 4917 3456 4966 6
3502 4916 3660 4984 φύσει

2083 5015 2178 5066 καὶ
2205 5013 2420 5084 ἀληθῶς
2443 5011 2569 5076 Υἱὸς
2597 5011 2788 5080 γέγονε
2833 5011 2953 5064 καθ’
2984 5010 3154 5080 ἡμᾶς,
3191 5009 3324 5062 Θεὸν
3366 5009 3660 5078 ἐσχηκέναι

2081 5105 2246 5176 φησιν
2284 5104 2468 5169 αὑτὸν,
2497 5085 2640 5157 κατά
2668 5120 2732 5171 γε
2756 5102 2846 5156 τὸν
2881 5104 2946 5172 τῇ
2982 5100 3207 5176 δρέπει
3234 5101 3530 5172 πρέποντα
3570 5101 3657 5154 λά-

2079 5215 2194 5266 γον.
2223 5197 2432 5250 Δέδωκε
2454 5195 2512 5248 δὲ
2542 5194 2634 5249 καὶ
2662 5196 2794 5266 ἡμῖν
2826 5193 2916 5247 τὸν
2945 5191 3141 5247 ἑαυτοῦ
3170 5193 3388 5264 Πατέρα
3408 5209 3422 5222 ·
3455 5195 3657 5263 γέγρα-

2077 5307 2208 5342 πται
2251 5289 2387 5360 γὰρ,
2429 5289 2512 5342 ὅτι
2548 5287 2742 5340 «Ὅσοι
2767 5286 2823 5338 δὲ
2853 5286 3042 5340 ἔλαϐον
3079 5286 3278 5351 αὐτὸν,
3314 5285 3511 5338 ἔδωκεν
3553 5285 3649 5338 αὐ-

2075 5385 2188 5445 τοῖς
2218 5381 2468 5450 ἐξουσίαν
2497 5380 2664 5434 τέκνα
2704 5378 2840 5432 Θεοῦ
2864 5377 3118 5446 γενέσθαι
3147 5379 3259 5440 τοῖς
3304 5376 3653 5429 πιστεύουσιν

2073 5478 2151 5538 εἰς
2189 5475 2254 5528 τὸ
2280 5475 2450 5544 ὄνομα
2477 5471 2663 5526 αὑτοῦ.
2691 5491 2708 5522 ι
2743 5465 2890 5524 Εί⁶δὲ
2931 5471 3298 5538 ἀναιρήσομεν
3329 5467 3556 5538 ἀμαθῶς
3591 5465 3652 5520 τὸ

2072 5568 2128 5620 ἐν
2161 5567 2413 5633 ἀποτέξει
2458 5562 2714 5632 γενέσθαι
2747 5565 2812 5632 τῇ
2847 5561 2969 5614 καθ’
3019 5561 3169 5629 ἡμᾶς
3202 5561 3292 5616 τὸν
3330 5560 3394 5614 ὲκ
3443 5559 3651 5629 Πατρδς

1598 5678 1639 5706 ⁶²
1670 5675 1800 5731 Luc.
1843 5691 1879 5741 ι,
1914 5677 1996 5731 50-

2177 5679 2221 5708 ⁶³
2254 5677 2404 5734 Joan.
2445 5694 2479 5740 ι,
2513 5676 2593 5730 1⁸5.
2673 5673 2714 5705 ⁸⁸
2747 5671 2932 5752 Matth.
2967 5688 3098 5727 xxm
3123 5715 3136 5740 ,
3167 5673 3218 5728 9.
3298 5672 3516 5727 “1mm.
3552 5685 3642 5732 sx,
