4038 6200
332 334 472 389 19.Ἱό

1465 330 1657 397 QUOD
1698 327 1887 386 ΠΝυὸ
1928 327 2036 383 Sl'l‘
2071 329 2431 389 CHRISTUS.

3459 337 3594 390 l‘27l

329 451 465 503 Θεοῦ
493 449 685 516 Λόγον,
727 446 819 500 τὸν
849 446 906 501 ἐν
942 447 1073 499 πᾶσι
1106 450 1479 516 πρωτεύοντα,
1512 447 1654 500 κατὰ
1696 446 1793 516 τὴν
1823 445 1901 498 τοῐ

2024 457 2206 501 natum
2236 463 2356 503 esse
2389 446 2627 502 Verbum
2653 449 2744 503 Dei
2766 462 2830 502 ex
2864 448 3045 513 Patre,
3079 449 3293 518 quodin
3342 444 3595 508 omnibus

330 543 642 610 σοφωτάτου
694 538 908 592 Παύλου
940 536 1145 607 φωνὴν,
1195 538 1329 608 πρὸς
1383 538 1505 591 τίνα
1552 538 1735 591 λοιπὸν
1777 555 1907 608 μορ-

330 634 433 702 φοῦ
444 651 616 701 μενοι,
646 632 898 702 γεννητοὶ
927 631 1063 683 Θεοῦ
1092 631 1183 684 διὰ
1223 631 1539 702 Πνεῦματος
1575 632 1911 704 χρηματιοῦ-

332 743 430 795 μεν
465 727 626 795 ἡμεῖς
651 742 665 790 ;
689 724 808 777 τίνα
829 722 923 777 τοῦ
958 723 1287 793 πράγματος
1322 723 1703 795 λαϐόντεςντὴν
1730 724 1910 795 ἀπαρο

335 815 447 887 χὴν,
483 816 515 885 ἦ
557 815 653 867 καὶ
678 816 824 877 τίνος
852 814 988 879 ὅλως
1018 816 1097 879 είς
1123 817 1269 885 ἡμᾶς
1303 816 1610 885 πέμποντος
1649 817 1709 870 τὸ
1748 816 1911 882 ἀξίω-

332 924 440 977 μας
475 909 640 960 Φαῖεν
666 907 752 969 ἂν,
773 906 849 970 ὥς
875 924 939 974 γε
968 903 1142 977 οἶμαι,
1165 908 1258 961 καὶ
1285 907 1439 961 αὐτοί
1458 924 1473 939 ·
1505 907 1616 961 Τοῦ
1640 908 1910 980 ὲνανθρω-

330 1002 405 1071 πή
416 1016 607 1063 σαντος
632 1000 828 1068 Λόγου.
856 997 991 1054 Εἶτα
1020 999 1137 1064 πῶς
1162 1000 1313 1055 ἔσται
1337 999 1493 1055 τοῦτο
1512 1001 1727 1072 ἀληθὲς,
1760 1002 1807 1053 εἰ
1833 1002 1906 1072 μὴ

330 1092 493 1155 αὐτὸς
525 1092 714 1161 γέγονε
746 1092 905 1164 σὰρξ,
943 1094 1223 1147 τουτέστιν
1252 1094 1554 1164 ἄνθρωπος,
1594 1094 1723 1148 ἴδιον
1751 1111 1909 1165 ποιη-

333 1185 568 1253 σάμενος
602 1186 761 1255 σῶμα
787 1186 848 1239 τὸ
872 1184 1234 1257 ἀνθρώπινον,
1259 1185 1384 1239 καθ’
1416 1186 1611 1239 ἕνωσιν
1642 1186 1907 1240 ἀδιάσπα-

334 1292 480 1341 στον,
505 1278 590 1331 ἵνα
617 1277 708 1331 καὶ
734 1278 900 1331 αὐτοῦ
930 1278 1137 1348 νοῆται,
1161 1278 1257 1331 xui.
1428 1277 1488 1342 ἐξ
1511 1277 1701 1348 ἐτέρου
1726 1278 1904 1345 τινός;

333 1367 549 1438 Πέμψει
587 1368 696 1441 γὰρ
724 1369 869 1423 οὕτω
912 1371 1007 1424 καὶ
1051 1371 1127 1433 εἰς
1179 1373 1323 1441 ἡμᾶς
1363 1371 1464 1441 τῆς
1501 1370 1774 1433 υἱοθεσίας
1810 1371 1908 1441 τὴν

331 1457 510 1527 χάριν,
550 1461 643 1513 καὶ
680 1462 930 1531 γεννητοὶ
962 1461 1282 1531 Πνεῦματος
1319 1463 1557 1532 ἐσόμεθα
1587 1462 1680 1515 καὶ
1721 1464 1903 1533 ἡμεῖς,

329 1549 424 1602 ἅτε
456 1550 522 1620 δὴ
549 1554 648 1622 τῆς
695 1553 990 1624 ἀνθρώπου
1028 1554 1244 1623 φύσεως
1282 1556 1342 1608 ὲν
1372 1555 1524 1625 αὐτῷ
1560 1556 1656 1609 καὶ
1702 1554 1907 1627 πρώτῳ

328 1641 600 1714 λαχούσης
628 1644 806 1698 τοῦτο.
831 1645 938 1700 Καί
962 1664 1050 1716 μοι
1075 1646 1224 1699 δοκεῖ
1240 1646 1477 1700 τοιοῦτόν
1498 1665 1549 1699 τι
1570 1647 1692 1700 καθ’
1716 1648 1907 1702 ἑαυτὸν

328 1733 679 1805 ἐννενοηκὼς,
712 1735 880 1804 φάναι
907 1754 1009 1789 που
1047 1738 1140 1790 καὶ
1170 1739 1315 1808 μάλα
1344 1738 1521 1809 ὀρθῶς
1551 1741 1580 1791 6
1618 1740 1905 1806 Θεσπέσιος

2019 541 2220 609 primas
2242 540 2447 595 obtinet
2476 541 2539 606 ⁸⁸,
2564 539 2717 607 juxta
2746 539 2895 595 Pauli
2953 541 3332 610 sapientissimi
3382 557 3594 609 voeem,

2018 629 2084 683 ad
2110 646 2270 699 quem
2320 634 2533 686 tandem
2589 632 2939 698 euulormati,
2991 648 3053 687 ex
3118 633 3223 688 Deo
3275 635 3439 705 geniti
3500 650 3596 704 per

2020 723 2280 790 Spiritum
2340 724 2749 793 appellabimur,
2802 734 2895 779 aut
2956 741 3118 795 quem
3185 725 3346 794 hujus
3392 728 3589 798 negotii

2018 813 2315 883 principem
2382 828 2447 869 ac
2507 825 2669 885 caput
2699 816 3057 871 habebimus?
3102 827 3193 871 aut
3222 820 3344 886 quis
3370 820 3592 874 omnino

2017 906 2155 961 hanc
2184 907 2498 977 dignitatem
2522 908 2577 962 in
2617 923 2715 965 nos
2767 911 3170 966 transmiserit?
3216 912 3402 967 Dicent
3465 928 3589 979 pro-

2017 998 2178 1063 fecto,
2212 1008 2272 1053 ut
2301 1000 2568 1066 arbitror,
2600 1002 2768 1056 etiam
2792 1001 2895 1070 ipsi
2923 1021 2935 1057 :
2963 1001 3199 1057 Verbum
3228 1006 3588 1058 incarnatum.

2014 1093 2303 1162 Atquiquo
2330 1103 2488 1162 pacto
2522 1109 2710 1149 verum
2733 1096 2833 1149 hoc
2866 1095 2991 1161 erit,
3020 1095 3317 1163 nisiipsum
3357 1095 3589 1149 Verbum

2016 1183 2217 1238 factum
2250 1194 2334 1239 est
2355 1200 2504 1249 caro,
2535 1186 2637 1240 hoc
2654 1195 2757 1253 est,
2783 1186 2981 1251 homo’,
3041 1187 3238 1256 quippe
3278 1186 3418 1255 quod
3463 1201 3590 1255 pro-
3678 1198 3681 1203 '

2015 1274 2189 1343 prium
2220 1276 2320 1331 sibi
2341 1277 2528 1332 fecerit
2552 1293 2749 1348 corpus
2777 1294 2839 1333 ea
2868 1279 3075 1334 unitate
3102 1279 3417 1349 quzedivelti
3444 1279 3588 1333 nulla

2015 1364 2227 1418 ratione
2243 1373 2442 1434 queat:
2473 1367 2547 1420 ita
2583 1368 2839 1421 nimirum
2863 1378 2920 1422 ut
2954 1369 3123 1437 ipsius
3164 1367 3321 1424 Verbi
3369 1383 3591 1423 censea-

2015 1465 2122 1523 tur,
2157 1465 2333 1512 etnon
2355 1458 2577 1513 alterius
2600 1458 2936 1529 cuiuspiam?
2962 1460 3071 1515 Hoc
3093 1462 3233 1516 enim
3250 1472 3406 1531 pacto
3423 1462 3587 1516 etiam

2017 1552 2069 1603 in
2097 1563 2195 1604 nos
2237 1548 2565 1604 transmittet
2622 1549 2894 1605 tiliationis
2944 1553 3500 1622 gratiam,gcnitique
3560 1568 3591 1608 c

2018 1638 2219 1709 Spiritu
2251 1638 2457 1694 erimus
2500 1637 2666 1693 etiam
2701 1654 2825 1706 nos,
2874 1649 3066 1709 utpote
3124 1653 3317 1698 natura
3350 1645 3589 1698 humana

2015 1730 2186 1785 hocin
2205 1730 2322 1800 ipso
2344 1739 2398 1785 et
2417 1728 2638 1800 quidem
2674 1730 2853 1799 primo
2878 1739 3193 1785 consecuta.
3219 1734 3296 1787 Ac
3318 1734 3447 1788 mihi
3477 1734 3591 1803 qui.

328 1824 572 1888 Παῦλος·
605 1845 624 1877 ι
664 1827 878 1899 Ὠσπερ
917 1829 1026 1899 γὰρ
1060 1828 1407 1900 ἐφορέσαμεν
1440 1829 1538 1901 τὴν
1582 1831 1766 1884 εἰκόνα
1807 1831 1899 1885 τοῦ

2008 1822 2127 1877 dem
2187 1823 2403 1878 videtur
2447 1822 2612 1877 etiam
2654 1822 2871 1877 divinus
2937 1822 3159 1887 Paulus,
3219 1824 3587 1892 hujuscemodi

326 1918 534 1987 χοϊκοῦ,
570 1918 876 1990 φορὲσομεν
908 1921 1001 1974 καὶ⁸
1038 1920 1137 1989 τὴν
1170 1922 1356 1975 είκόνα
1387 1922 1481 1976 τοῦ
1505 1923 1829 1995 ἐπουρανίου
1850 1943 1897 1977 ἰ

328 2010 541 2062 καὶτὸν
590 2011 690 2080 μὲν
739 2012 957 2082 πρῶτον
987 2012 1275 2081 ἄνθρωπον
1317 2015 1383 2067 ἐκ
1419 2016 1523 2085 γῆς
1563 2016 1665 2087 ἔφη
1698 2016 1904 2087 χοῖκὸν,

326 2100 420 2153 τὸν
467 2099 522 2152 δὲ
558 2098 808 2171 δεύτερον
848 2101 909 2167 ἐξ
948 2102 1218 2172 οὐρανοῦ·
1261 2122 1281 2155 ‹
1318 2104 1457 2157 Ἀλλ’
1504 2100 1616 2170 οἷος
1646 2106 1674 2157 ό
1701 2107 1903 2177 χοῖκὸς,

326 2190 555 2244 τοιοῦτοι
602 2193 698 2244 καὶ
720 2195 768 2247 οί
802 2193 996 2263 χοῖκοὶ,
1042 2195 1195 2265 φησι,
1226 2196 1323 2250 καὶ
1354 2192 1466 2261 οἷος
1497 2198 1526 2251 ό
1561 2199 1903 2271 ἐπουράνιος,

327 2282 562 2336 τοιοῦτοι
593 2284 686 2337 καὶ
718 2285 766 2336 oi
818 2285 1152 2355 ἐπουράνιοι.
1180 2305 1198 2337 ι
1238 2290 1428 2342 Χοῖκοὶ
1467 2291 1575 2361 γάρ
1611 2292 1799 2361 ἐσμεν,
1830 2292 1906 2356 ὡς

326 2377 390 2427 ἐκ
420 2374 620 2443 ’χοϊκοῦ
654 2375 748 2428 τοῦ
786 2376 955 2446 Ἀδὰμ
990 2380 1453 2451 παρεμπεσούσης
1488 2384 1570 2444 είς
1606 2383 1754 2452 ἡμᾶς
1804 2383 1907 2453 τῆς

322 2466 465 2536 ἀρᾶς
503 2467 605 2536 τῆς
643 2468 871 2539 φθορᾶς,
901 2469 968 2522 δι’
1003 2466 1070 2542 ἧς
1098 2472 1190 2524 καὶ
1221 2474 1250 2525 6
1291 2474 1389 2543 τῆς
1422 2474 1697 2545 ἁμαρτίας
1727 2475 1903 2529 εἰσέδυ

321 2558 505 2627 νόμος,
536 2560 563 2613 ό
585 2561 642 2611 ὲν
661 2563 774 2623 τοῖς
808 2561 996 2631 μέλεσι
1027 2565 1140 2625 τοῖς
1168 2564 1268 2633 τῆς
1304 2565 1524 2635 σαρκός.
1560 2566 1903 2636 Ἐπουράνιοι

322 2648 380 2700 δὲ
411 2650 735 2720 γεγόναμεν,
786 2652 863 2715 ὡς
915 2655 976 2707 ἐν
1029 2654 1251 2724 Χριστῷ
1296 2655 1551 2720 λαϐόντες
1596 2658 1655 2712 τὸ
1690 2659 1900 2730 χρῆμα.

324 2738 456 2800 Θεὸς
483 2740 591 2810 γὰρ
632 2740 707 2793 ὢν
747 2743 907 2810 φύσει
934 2744 1028 2796 καὶ
1079 2746 1142 2797 ὲκ
1178 2744 1313 2798 Θεοῦ
1334 2746 1429 2798 καὶ
1472 2747 1697 2814 ἄνωθεν,
1734 2752 1904 2805 κατα-

333 2832 774 2912 πεφοίτηκενεν
819 2838 931 2899 τοῖς
982 2836 1106 2890 καθ’
1154 2839 1303 2907 ἡμᾶς
1361 2840 1645 2910 ἀσυνήθως
1700 2859 1759 2895 τε
1810 2845 1904 2898 καὶ

327 2920 513 2986 ξενως,
536 2926 790 2995 γεννητὸς
815 2928 953 2981 κατὰ
978 2929 1157 3002 σάρκα
1184 2929 1423 2998 γεγονὼς
1452 2931 1546 2985 τοῦ
1570 2934 1900 3005 πνεύματος,

326 3012 414 3066 ἵνα
470 3014 615 3082 ἆγιοί
670 3035 729 3070 τε
779 3020 872 3071 καὶ
930 3021 1194 3094 ἄφθαρτοι
1233 3024 1325 3076 καὶ
1374 3026 1537 3093 ἡμεῖς
1569 3026 1692 3079 κατ’
1740 3028 1904 3083 αὐτὸν

321 3103 688 3177 διαμείνωμεν
714 3108 790 3172 ὡς
829 3108 887 3173 ὲξ
916 3111 1086 3181 ἀρχῆς
1115 3114 1208 3165 κα)⁵
1245 3114 1402 3185 ῥίζης
1425 3116 1686 3187 δευτέρας
1714 3118 1899 3185 αὑτοῦ,

322 3192 563 3264 δηλονότι
594 3199 1026 3271 καταϐαινούσης
1061 3204 1140 3265 είς
1165 3205 1315 3274 ἡμᾶς
1355 3206 1451 3276 τῆς
1479 3208 1721 3277 χάριτος.

394 3475 454 3526 Β.
494 3475 727 3543 Ἀριστα
771 3478 920 3545 ἔφης.

391 3566 454 3620 Α.
498 3566 631 3617 Τίνα
682 3565 739 3617 δὲ
787 3569 992 3635 τρόπον
1039 3569 1134 3621 καὶ
1161 3566 1477 3638 ὠμοιῶσθαί
1521 3583 1689 3636 φασιν
1742 3568 1903 3622 αὐτὸν

320 3652 465 3705 κατὰ
507 3654 687 3707 πάντα
728 3657 845 3717 τοῖς
892 3656 1162 3724 ἀδελφοῖς,
1207 3656 1485 3709 τουτέστιν
1523 3658 1691 3725 ἠμῖνς
1741 3657 1774 3727 ἢ
1810 3657 1904 3711 καὶ

322 3745 405 3808 τίς
444 3746 580 3809 ὅλως
619 3746 777 3800 νοοῖτ’
818 3747 884 3799 ἂν
925 3750 955 3800 ὀ
987 3748 1089 3818 τὴν
1131 3750 1390 3817 ὁμοίωσιν
1435 3747 1718 3813 ὑπελθὼν,
1749 3750 1797 3801 εί
1828 3748 1904 3819 μὴ

320 3836 466 3888 κατὰ
491 3836 650 3903 φύσιν
670 3838 855 3905 ἕτερος
875 3834 963 3908 ἦν,
996 3840 1089 3891 καὶ
1120 3840 1221 3892 οὐκ
1258 3838 1314 3890 ἔν
1336 3855 1399 3905 γε
1425 3840 1538 3902 τοῖς
1571 3838 1693 3891 καθ’
1718 3839 1897 3908 quiq;

320 3928 394 3980 Τὸ
452 3928 560 3999 γάρ
602 3929 665 3997 γέ
708 3947 852 3983 τισιν
907 3930 1281 4001 ὁμοιούμενον,
1323 3926 1461 3983 εἷναί
1513 3947 1617 3983 που
1683 3930 1901 3993 πάντως

318 4021 536 4089 ἀνάγκη
567 4021 822 4092 διάφορον
845 4025 975 4092 παρ’
1006 4023 1224 4086 αὐτοὺς,
1251 4023 1345 4077 καὶ
1370 4022 1468 4076 οὐκ
1488 4022 1663 4087 ἐοικὸς
1694 4024 1898 4089 αὐτοῖς,

318 4113 617 4192 ἑτεροειδὲς
663 4114 719 4167 δὲ
771 4115 989 4194 μᾶλλονΙ
1032 4114 1210 4185 εἴξουν
1261 4116 1575 4194 mellina.
1624 4116 1901 4186 Ἀνόμοιος

316 4207 499 4260 τοίνυν
560 4207 824 4279 ὑπάρχων
874 4210 1007 4278 ἡμῖν
1066 4206 1210 4262 κατὰ
1257 4208 1420 4277 φύσιν
1463 4210 1493 4263 ό
1547 4210 1896 4279 Μονογενὴς,

313 4298 633 4367 ὠμοιῶσθαι
679 4300 900 4369 λέγεται
941 4299 1180 4368 γεγονὼς
1230 4300 1351 4354 καθ’
1403 4301 1584 4372 ἡμᾶς,
1620 4302 1898 4354 τουτέστιν

314 4388 623 4457 ἄνθρωπος.
660 4391 874 4445 Γένοιτο
902 4391 948 4443 δ”
988 4391 1053 4445 ἂν
1079 4390 1236 4446 τοῦτο
1267 4393 1366 4447 καὶ
1406 4392 1552 4462 μάλα
1592 4392 1769 4465 ὀρθῶς
1802 4388 1898 4446 καὶ

2010 1912 2285 1984 quidpiam
2316 1914 2575 1977 sentiens,
2610 1914 2734 1968 alibi
2762 1914 2835 1968 ita
2897 1922 3044 1969 recte
3088 1916 3376 1969 admodum
3417 1916 3586 1970 dixis-

2009 2020 2110 2063 se:
2154 2024 2176 2059 ο
2204 2007 2672 2074 Quemadmodum
2720 2007 2867 2060 enim
2910 2008 3246 2077 portavimus
3296 2009 3589 2078 imaginem

2011 2100 2233 2167 terreni,
2263 2099 2602 2169 portabimus
2632 2098 2796 2153 etiam
2835 2099 3124 2168 imaginem
3185 2101 3424 2157 caelestis
3460 2101 3528 2155 ".
3564 2119 3583 2153 ι

2009 2191 2078 2245 Et
2107 2192 2340 2262 primum
2379 2190 2596 2261 quidem
2641 2191 2918 2271 hominem
2947 2207 3013 2247 ex
3056 2201 3220 2258 terra,
3253 2192 3388 2248 dixit
3429 2201 3594 2247 terre-

2009 2301 2168 2350 num;
2201 2287 2496 2341 secundum
2517 2299 2647 2339 vero
2669 2300 2731 2339 ex
2761 2284 2919 2349 caelo,
2944 2285 3243 2340 caelestem.
3279 2302 3297 2336 ι
3327 2283 3430 2355 Sed
3454 2300 3592 2355 qua-

2008 2377 2073 2433 lis
2110 2388 2378 2442 terreaus,
2433 2376 2567 2433 tales
2624 2387 2680 2432 et
2739 2378 2976 2441 terreni;
3028 2387 3082 2433 et
3124 2378 3585 2448 qualiscoelestis,

2009 2471 2143 2526 tales
2171 2480 2226 2525 et
2270 2470 2546 2527 caelestes.
2587 2490 2606 2523 ι
2639 2470 2865 2527 Terreni
2922 2470 3066 2527 enim
3129 2486 3337 2537 sumus,
3403 2478 3589 2537 utpote

2010 2559 2328 2614 transmissa
2357 2558 2410 2613 in
2450 2575 2548 2615 nos
2605 2576 2672 2615 ex
2720 2572 2937 2615 terreno
2983 2561 3154 2615 Adam
3207 2560 3590 2615 maledictione

2006 2650 2396 2722 corruptionis,
2439 2667 2713 2724 perquam
2744 2663 2798 2708 et
2822 2653 2905 2707 lex
2939 2655 3147 2723 peccati
3186 2655 3433 2724 irrepsit,
3465 2669 3587 2723 qua:

2005 2752 2088 2797 est
2114 2744 2166 2797 in
2195 2744 2455 2799 membris
2487 2746 2688 2800 carnis.
2721 2744 2981 2800 Ctelestes
2999 2755 3175 2800 autem
3209 2745 3335 2799 lacti
3376 2762 3585 2810 sumus,

2006 2837 2059 2891 in
2082 2835 2300 2892 Christo
2324 2836 2376 2890 id
2400 2837 2697 2891 consecuti.
2734 2837 2874 2892 Deus
2897 2838 3043 2892 enim
3069 2838 3341 2892 exsistcns
3373 2848 3584 2903 natura,

2004 2937 2058 2981 et
2086 2944 2152 2982 ex
2189 2927 2297 2983 Deo
2319 2936 2483 2997 atque
2514 2943 2577 2982 ex
2605 2929 2883 2997 supernis,
2944 2930 3223 2984 descendit
3264 2931 3328 2983 ad
3377 2941 3584 2994 nostra,

2004 3035 2143 3074 novo
2171 3031 2332 3088 atque
2378 3019 2639 3074 inusitato
2677 3035 2824 3073 more
2848 3022 3064 3089 genitus
3113 3022 3409 3075 secundum
3462 3036 3585 3075 car-

2006 3128 2127 3166 nem
2155 3111 2327 3166 factus
2350 3121 2434 3166 est
2480 3110 2736 3179 Spiritus,
2788 3121 2843 3166 ut
2877 3112 3133 3167 videlicet
3187 3113 3360 3167 sancti
3419 3123 3584 3183 atque

2009 3203 2449 3270 incorruptibiles
2500 3200 2663 3257 etiam
2723 3219 2821 3258 nos
2867 3204 2919 3257 in
2988 3205 3106 3271 ipso
3177 3219 3492 3259 maneamus
3520 3219 3587 3259 ex

2010 3297 2151 3366 ipso,
2198 3305 2457 3365 tanquam
2489 3312 2552 3351 ex
2595 3296 2864 3366 principio
2890 3305 2944 3350 et
2999 3295 3184 3351 radice
3240 3298 3497 3362 secunda,
3533 3298 3588 3352 in

2008 3403 2106 3442 nos
2137 3386 2458 3442 transmissa
2487 3389 2682 3456 gratia.

2077 3478 2138 3530 B.
2177 3479 2394 3548 Optime
2426 3480 2631 3533 dixisti.

2075 3571 2141 3621 Α.
2183 3567 2426 3634 Quonam
2461 3585 2589 3622 vero
2631 3578 2786 3636 pacto
2825 3569 2990 3622 etiam
3021 3569 3251 3623 similem
3290 3569 3460 3635 ipsum
3504 3569 3586 3623 fa—

2007 3668 2153 3715 ctum
2185 3674 2306 3713 esse
2333 3660 2484 3713 aiunt
2508 3674 2601 3724 per
2624 3659 2803 3711 omnia
2835 3658 3115 3724 fratribus,
3147 3660 3244 3711 hoc
3270 3672 3371 3722 εει,
3400 3660 3588 3713 nobis?

2006 3761 2098 3804 aut
2126 3750 2383 3818 quisnam
2407 3750 2627 3801 omnino
2659 3757 2949 3801 censeatur
2988 3748 3156 3801 fuisse
3189 3748 3233 3801 is
3262 3748 3352 3816 qui
3388 3748 3583 3801 simili-

2008 3843 2245 3897 tudinem
2281 3851 2521 3895 nostram
2550 3840 2733 3905 subiit,
2761 3840 2861 3893 nisi
2895 3841 3189 3893 secundum
3220 3850 3463 3893 naturam
3500 3842 3585 3892 di-

2006 3950 2193 3990 versus
2229 3944 2367 3999 erat,
2407 3942 2463 3986 et
2506 3948 2613 3986 non
2662 3932 2816 3985 nobis
2855 3931 3091 3986 similis?
3118 3932 3268 3997 Quod
3301 3931 3443 3985 enim
3483 3932 3584 3984 ali—

2004 4026 2199 4096 quibus
2227 4026 2404 4081 simile
2438 4023 2694 4088 ellieitur,
2745 4037 2965 4077 necesse
2998 4034 3082 4078 est
3112 4034 3171 4076 ut
3200 4023 3470 4077 diversum
3518 4024 3586 4075 ab

2004 4121 2070 4175 iis
2100 4120 2392 4184 exstiterit,
2429 4134 2601 4188 neque
2647 4117 2822 4172 simile
2853 4117 3005 4185 ipsis,
3038 4118 3131 4171 sed
3159 4117 3337 4185 potius
3367 4116 3587 4170 alterius

2002 4209 2225 4280 speciei,
2259 4209 2375 4264 sive
2408 4219 2636 4263 naturas.
2669 4208 2833 4278 726
2861 4207 3150 4261 Dissimilis
3175 4207 3356 4275 itaque
3381 4217 3586 4260 naturae

2004 4321 2035 4360 a
2069 4305 2228 4360 nobis
2252 4304 2520 4359 exsistens
2552 4302 2894 4373 Uuigenitus,
2924 4300 3116 4355 similis
3145 4299 3316 4353 lactus
3355 4314 3474 4351 esse
3499 4299 3583 4351 di-

2003 4397 2165 4460 citur,
2197 4399 2370 4449 t’actus
2416 4395 2465 4448 id
2501 4394 2641 4463 quod
2676 4407 2793 4458 nos,
2850 4391 2953 4444 hoc
2986 4399 3088 4454 est,
3137 4388 3313 4442 homo.
3359 4387 3583 4440 Factum

318 4482 519 4550 μόνως,
550 4484 607 4535 ὲν
629 4484 882 4550 ἁποτὲξει
912 4487 980 4555 τῇ
1015 4484 1137 4538 καθ’
1161 4486 1333 4555 ἡμᾶς,
1356 4487 1406 4539 εἰ
1435 4486 1532 4540 καὶ
1558 4484 1895 4557 παραδόξως,

2008 4501 2186 4544 niuem
2216 4490 2317 4542 fuit
2343 4490 2463 4551 hoc,
2503 4497 2556 4541 ct
2580 4494 2725 4540 recte
2758 4484 3045 4538 admodum
3077 4496 3141 4535 ac
3171 4481 3508 4536 solummodo
3533 4479 3582 4530 in

275 4552 292 4623 Ῑὲ
312 4572 401 4624 ἐπ’
424 4572 615 4625 αὑτοῦ.
643 4574 773 4636 Θεὸς
796 4575 905 4646 γὰρ
934 4552 1005 4645 ἦν
1028 4578 1057 4629 6
1078 4552 1281 4647 capitati
1290 4594 1468 4648 μενος.
1500 4552 1894 4647 'Opoitoyelaﬂw

311 4679 374 4730 γε
413 4664 522 4734 μὴν
561 4664 638 4727 ὡς
677 4666 921 4737 ὲψύχωτο
948 4672 1151 4740 νοερῶς
1182 4669 1244 4722 τὸ
1290 4669 1489 4723 ὲνωθὲν
1525 4669 1675 4739 αὑτῷ
1712 4668 1893 4739 σῶμα.

289 4750 295 4831 ξ
311 4756 391 4806 Οὐ
424 4755 535 4825 γὰρ
570 4773 654 4808 τοι
681 4757 742 4811 τὸ
779 4761 1025 4828 κρεῖττον
1052 4759 1163 4813 τῶν
1196 4762 1257 4813 ἐν
1282 4762 1414 4831 ἡμῖν
1440 4761 1619 4829 ἀφεὶς,
1647 4763 1894 4817 τουτέστι

289 4826 513 4917 ιιξυχὴν,
547 4848 710 4917 μόνου
743 4826 1038 4921 πεποίηται
1060 4851 1228 4920 φειδὼ
1255 4826 1451 4922 γτιῖνου
1479 4826 1753 4922 σώματος,
1776 4854 1892 4908 ἀλλ’

310 4940 446 5007 ὁμοῦ
480 4940 657 5011 ψυχῆς
696 4945 789 4996 καὶ
834 4944 1086 5014 σώματος
1121 4946 1418 5016 προενόησε
1462 4945 1639 5015 σοφῶς
1663 4948 1793 5013 Θεὸς
1817 4948 1893 5003 ὢν

311 5033 339 5082 6
368 5031 561 5099 Λόγος.

381 5209 440 5261 Β.
484 5210 751 5281 Σῦμφημι
770 5229 785 5242 ·
817 5218 1034 5285 φρονεῖς
1062 5217 1173 5289 γὰρ
1197 5219 1393 5288 ὀρθῶς.

379 5300 441 5352 Α.
484 5301 696 5355 Οὐκοῦν
733 5305 783 5356 εἰ
826 5305 1033 5373 λέγοιεν
1062 5308 1109 5360 oi
1144 5308 1210 5361 δι’
1248 5310 1518 5375 ἐναντίας,
1554 5314 1751 5383 ἥκιστα
1793 5316 1891 5385 μὲν

305 5389 573 5445 Θεοτόκον
593 5394 958 5464 ὀνομάζεσθαι
987 5399 1100 5452 δεῖν
1127 5399 1226 5471 τὴν
1245 5402 1410 5470 ἁγίαν
1439 5403 1736 5474 Παρθένον,
1756 5407 1889 5477 Χρι-

308 5482 564 5536 στοτόκον
587 5485 645 5539 δὲ
675 5487 898 5555 μᾶλλον,
929 5489 1303 5562 δυσφημοῦσιν
1324 5494 1651 5565 ἀναφανδὸν,
1674 5499 1768 5551 καὶ
1793 5500 1888 5553 τοῦ

306 5565 448 5624 εἶναι
477 5573 612 5628 Θεὸν
645 5576 740 5627 καὶ
768 5576 899 5631 Υίὸν
934 5578 1151 5650 ἀληθῶς
1184 5582 1515 5638 ἁποσοϐοῦσι
1538 5587 1790 5657 Χριστόν.
1826 5590 1887 5641 El

316 5661 421 5731 γὰρ
461 5659 602 5720 εἶναι
648 5667 968 5721 πιστεύουσι
1005 5670 1136 5723 Θεὸν
1163 5673 1376 5742 ἀληθῶς
1430 5677 1610 5742 αὑτὸν,
1645 5680 1718 5741 ὡς
1768 5682 1887 5734 καθ’

384 5753 427 5785 ⁸⁸³
458 5755 476 5809 ι
513 5759 638 5814 Cor.
682 5776 763 5825 xv,
793 5760 881 5815 2'5.
962 5762 1003 5793 ⁸³
1041 5764 1167 5819 ibid.
1200 5764 1281 5819 i9.

2003 4581 2283 4635 nativitate
2316 4589 2515 4635 nostrae
2556 4576 2744 4643 simili,
2779 4577 2990 4629 tametsi
3017 4572 3406 4627 admirabiliter
3444 4568 3585 4639 quod

2002 4672 2069 4725 ad
2111 4672 2286 4741 ipsum
2331 4672 2543 4724 attinet.
2590 4668 2733 4722 Deus
2775 4666 2920 4721 enim
2975 4674 3116 4730 erat,
3150 4664 3239 4731 qui
3273 4661 3585 4715 incarnatus

2002 4771 2105 4818 est.
2146 4763 2502 4817 Profiteamur
2540 4760 2727 4828 utique
2765 4756 3062 4809 animatum
3094 4767 3213 4807 esse
3248 4752 3585 4805 intcltectua~

2002 4855 2128 4909 liter
2151 4869 2349 4923 corpus
2392 4853 2491 4922 ipsi
2539 4851 2771 4905 unitum.
2820 4847 3006 4916 Neque
3036 4847 3180 4900 enim
3209 4843 3585 4914 pratstantim-c

2000 4947 2173 5002 nostri
2207 4956 2381 5016 parte,
2420 4946 2520 4999 hoc
2545 4952 2647 5009 est,
2681 4941 2862 4995 anima
2888 4938 3151 5009 neglecta,
3182 4936 3349 4991 solius
3380 4934 3578 4988 terreni

2000 5039 2249 5107 corporis
2281 5052 2410 5091 cura
2451 5037 2637 5090 habita
2672 5042 2773 5098 est,
2815 5032 2911 5087 sed
2939 5030 3099 5086 simul
3127 5028 3323 5082 animae
3362 5036 3417 5081 et.
3456 5042 3581 5082 cor-

1999 5131 2118 5201 pori
2151 5130 2424 5198 sapienter
2446 5127 2724 5198 prospexit
2754 5125 2893 5180 Deus
2919 5122 3187 5177 exsisleus
3212 5120 3472 5175 Verbum.

2068 5224 2128 5278 Β.
2167 5222 2494 5280 Assentior:
2532 5230 2680 5275 recte
2700 5218 2844 5273 enim
2879 5216 3072 5271 sentis.

2068 5315 2136 5368 Δ.
2169 5313 2406 5369 Proinde
2426 5313 2471 5367 si
2497 5312 2677 5365 dicant
2696 5307 3016 5369 adversarii,
3035 5314 3282 5361 sanctam
3305 5302 3578 5374 Virginem

2000 5405 2140 5461 nulla
2188 5404 2400 5459 ratione
2450 5402 2734 5471 Deiparam
2761 5397 3017 5469 appellari
3045 5398 3264 5459 debere,
3285 5396 3379 5451 sed
3407 5398 3582 5465 potius
3666 5396 3681 5412 '

1999 5499 2417 5567 Christiparam,
2453 5494 2737 5549 manifeste
2787 5491 3183 5560 blasphemant,
3216 5498 3270 5543 et
3302 5488 3577 5542 Christum

2000 5591 2164 5645 Deum
2212 5604 2275 5644 ac
2321 5604 2443 5643 vere
2490 5586 2686 5641 Filium
2720 5600 2840 5640 esse
2872 5593 3089 5654 negant.
3124 5582 3255 5636 Nam
3297 5581 3340 5634 si
3396 5580 3575 5645 ipsum

2002 5698 2184 5736 ιρι-ονε
2252 5680 2416 5737 Deum
2482 5692 2602 5734 esse
2651 5678 2895 5741 credunt,
2959 5684 3143 5746 utpote
3195 5670 3365 5726 nostri
3411 5660 3576 5719 simili
