4048 6196
490 324 622 378 ιιι-ιδ
1508 325 1566 378 S.
1605 321 1879 378 CYRILLI
1919 319 2388 376 ALEXANDRINI
2426 323 2745 379 ARCIIIEP.
3620 326 3756 378 1276

487 439 626 490 tacto
661 435 968 504 Uuigeuito,
1002 452 1100 493 cur
1118 439 1292 508 ipsius
1327 437 1641 506 genitricem
1667 437 1951 507 Deiparam
1975 452 2063 506 ap-

2172 437 2321 504 ἡμᾶς
2347 437 2631 504 γεγονότος
2673 434 2769 488 τοῦ
2803 435 3163 502 Μονογενοῦς,
3199 433 3316 490 ἄνθ’
3343 439 3466 490 ὅτου
3503 455 3759 492 mataxa-

487 529 684 598 pultare
731 539 1006 596 verentur,
1053 529 1349 586 secundum
1379 544 1597 585 carnem
1633 529 1892 599 inquam?

555 705 617 758 B.
659 705 771 760 lmo
823 706 975 760 aiunt
1009 722 1022 758 :
1060 706 1310 761 convenit
1363 707 1505 760 enim
1565 706 1815 776 privatim
1871 720 2063 760 nomen

485 800 685 854 Christi
719 800 768 855 ei
795 800 884 868 qui
909 808 994 854 est
1022 813 1086 853 ex
1130 798 1354 853 muliere
1397 807 1450 852 et
1483 798 1691 852 semine
1724 796 1912 861 David,
1947 797 2068 851 ideo

487 893 628 963 quod
662 893 736 947 sit
760 903 964 947 unctus
995 891 1198 958 Spiritu
1231 902 1444 947 sancto.
1470 891 1540 944 At
1569 890 1803 946 Verbum
1831 907 1898 946 ex
1935 892 2062 954 Deo,

488 994 744 1055 quantum
769 984 836 1040 ad
868 985 1139 1054 propriam
1167 1000 1318 1040 suam
1344 993 1590 1039 naturam
1614 985 1829 1048 attinet,
1860 998 2066 1052 nequa-

487 1093 646 1146 quam
694 1077 1021 1147 ejuscemodi
1058 1076 1228 1146 gratia
1267 1076 1488 1146 indiget,
1537 1075 1802 1144 siquidem
1847 1090 1912 1130 ex
1967 1089 2064 1129 sua

487 1179 677 1222 natura
707 1177 955 1223 sanctum
989 1177 1090 1220 est.
1122 1166 1310 1221 Nonne
1336 1167 1480 1222 enim
1511 1181 1706 1222 nomen
1739 1165 1940 1222 Christi
1964 1182 2066 1220 un-

487 1258 717 1312 ctionem
757 1257 992 1327 aliquam
1021 1256 1220 1312 factam
1255 1257 1574 1327 signiﬁcat?
1776 1311 1788 1327 η
1983 1266 2011 1292 ο

553 1351 619 1403 Α.
665 1349 829 1404 Recte
865 1349 1082 1419 quidem
1122 1349 1256 1404 dicis
1299 1365 1313 1401 :
1347 1348 1600 1403 nimirum
1635 1351 1776 1419 quod
1807 1349 1929 1419 quia
1967 1363 2067 1402 un-

486 1451 603 1496 ctus
643 1450 725 1496 est
761 1440 1094 1497 solummodo
1149 1440 1400 1495 Christus
1427 1449 1680 1504 vocatur;
1715 1444 2065 1510 quemadmo-

489 1531 610 1584 dum
652 1539 707 1585 et
735 1532 1033 1601 apostolus,
1069 1540 1291 1601 propter
1329 1529 1427 1601 τὴν
1471 1531 1798 1601 ἀποστολήν,
1827 1534 1928 1588 hoc
1961 1543 2062 1600 est,

489 1624 836 1693 legationem,
866 1623 1089 1693 angelus
1117 1623 1206 1677 διὰ
1244 1623 1304 1676 τὸ
1325 1623 1631 1692 ἀγγέλλειν,
1677 1636 1898 1696 propter
1933 1644 2067 1682 nun-

487 1716 763 1770 tiationem
811 1734 824 1769 :
878 1731 1000 1768 nam
1055 1714 1212 1784 huius
1264 1717 1481 1785 generis
1520 1718 1735 1772 nomina
1792 1719 2064 1774 actionum

2172 525 2395 596 φρίκασι
2424 525 2685 578 Θεοτὸκον
2717 526 2890 577 είπεῖν
2930 526 3029 595 τὴν
3062 525 3328 578 τεκοῦσαν
3369 526 3558 590 αὑτὸν,
3609 530 3759 581 κατά

2167 635 2252 685 γε,
2285 618 2427 688 φημὶ
2459 618 2558 688 τὴν
2588 618 2802 688 σάρκας

2239 711 2298 764 Β.
2341 710 2701 786 Ναὶμρασίν·
2731 709 2875 762 ἔοικε
2918 709 3028 780 γὰρ
3060 709 3378 780 καταμόνας
3419 709 3498 778 τῷ
3547 711 3615 763 ὲκ
3663 730 3760 779 γυ-

2169 801 2353 863 ναικὸς
2401 803 2496 854 καὶ
2539 803 2603 854 ὲκ
2655 802 2974 871 σπέρματος
3019 801 3114 855 τοῦ
3161 800 3348 864 Δαὸὶδ,
3385 801 3448 852 τὸ
3491 803 3749 868 Χριστὸν,

2168 891 2360 962 ὄνομα,
2382 892 2469 946 διὰ
2495 891 2556 945 τὸ
2591 892 2874 962 κεχρῖσθαι
2905 892 2986 963 τῷ
3018 892 3157 962 ἁγίῳ
3181 891 3459 962 Πνεύματι
3479 908 3492 919 °
3527 894 3753 962 δεηθείη

2168 984 2212 1037 δ’
2250 985 2315 1037 ἂν
2347 983 2624 1054 οὐδαμῶς,
2650 985 2711 1037 τό
2745 1000 2808 1051 γε
2840 980 2976 1056 ἧκον
3009 985 3089 1047 είς
3123 983 3260 1037 ἰδίαν
3296 983 3477 1052 φύσιν,
3513 986 3578 1037 ἐκ
3615 985 3750 1037 θεοῦ

2169 1075 2342 1143 Λόγος
2382 1074 2478 1128 τοῦ
2521 1075 2729 1128 τοιοῦδε
2772 1077 3148 1147 χαρίσματος,
3195 1076 3355 1145 είπερ
3397 1076 3546 1129 ἐστὶν
3595 1078 3751 1145 ἅγιος

2170 1167 2312 1221 κατὰ
2359 1167 2537 1236 φύσιν.
2563 1163 2640 1220 Ἦ
2672 1167 2778 1238 γὰρ
2814 1169 2937 1238 οὐχὶ
2968 1169 3028 1220 τὸ
3054 1167 3309 1235 Χριστὸς
3350 1167 3521 1237 ὄνομα
3559 1167 3748 1238 κρίσιν

2170 1259 2290 1314 τινὰ
2322 1260 2621 1329 γενομένην
2652 1261 3023 1330 ὑπεμφήνειεν
3048 1261 3149 1326 ἄν;

2239 1353 2301 1404 Α.
2347 1351 2520 1420 Ἔφης
2557 1353 2657 1422 μὲν
2698 1350 2896 1422 ὀρθῶς,
2917 1351 2991 1414 ὠς
3018 1351 3108 1404 διά
3129 1369 3211 1404 τοι
3250 1351 3311 1403 τὸ
3337 1351 3625 1420 κεχρῖσθαι
3656 1355 3752 1423 μό-

2168 1461 2257 1497 νον
2289 1444 2523 1512 Χριστδς
2568 1443 2912 1514 ὀνομάζεται,
2958 1445 3211 1514 καθάπερ
3249 1443 3440 1514 ἀμέλει
3473 1445 3568 1497 καὶ
3615 1445 3748 1498 άπὸ-

2171 1537 2354 1601 στολος
2371 1537 2460 1590 διά
2487 1538 2584 1607 τὴν
2609 1537 2936 1609 ἀποστολὴν,
2963 1537 3194 1606 ἄγγελός
3231 1553 3290 1590 τε
3332 1536 3419 1590 διὰ
3451 1537 3510 1589 τὸ
3550 1535 3752 1603 ἀγγὲλο

2169 1628 2299 1682 λειν.
2326 1628 2406 1681 Τὰ
2432 1629 2541 1698 γάρ
2569 1630 2746 1683 τοιάδε
2771 1629 2879 1682 τῶν
2899 1629 3202 1699 ὀνομάτων,
3222 1629 3560 1699 πραγμάτων
3583 1628 3751 1680 τινῶν

2172 1719 2404 1772 ποιεῖται
2433 1718 2686 1788 δήλωσιν,
2716 1719 2816 1788 οὐχ
2857 1719 3208 1773 ὑποστάσεων
3250 1717 3450 1780 ἱδικῶν,
3483 1717 3607 1770 οὔτε
3645 1719 3752 1788 μὴν

489 1807 840 1888 quarumdam
870 1805 1284 1875 explicationem
1315 1806 1564 1872 innuunt,
1598 1823 1702 1862 non
1735 1823 1866 1864 vero
1900 1823 2063 1878 pecu-

2171 1784 2982 1880 προσώπων-ὁμολογουμένων.
3041 1810 3349 1881 Κέκληνται
3395 1810 3501 1880 γὰρ
3556 1784 3657 1863 καὶ.
3697 1784 3751 1863 οἱ

489 1899 649 1952 liares
683 1898 1014 1954 substantias
1054 1898 1168 1954 sive
1215 1913 1479 1968 personas
1525 1901 1807 1956 evidentes
1860 1902 2065 1972 signiti-

487 2000 628 2046 cant.
658 1989 847 2046 Vocati
875 1991 1020 2046 enim
1051 1999 1178 2045 sunt
1203 1992 1478 2061 propheta:
1511 1993 1724 2056 christi,
1755 1994 1910 2063 juxta
1937 1995 2064 2050 illud

487 2083 538 2135 iu
562 2081 788 2137 Psalmis
809 2090 1082 2138 cantatum
1111 2103 1123 2138 :
1156 2103 1175 2136 ι
1199 2083 1375 2140 Nolite
1400 2094 1618 2153 tangere
1639 2086 1870 2141 christos
1895 2101 2060 2152 meos,

486 2175 620 2228 etin
657 2174 936 2244 prophetis
977 2174 1111 2230 meis
1141 2174 1314 2230 nolite
1350 2175 1634 2246 rnalignari
1672 2177 1738 2232 '°.
1781 2196 1801 2230 ι
1837 2177 1976 2244 Quin
2012 2189 2066 2234 et

487 2263 748 2333 propheta
780 2261 1033 2320 Habacuc
1065 2264 1138 2319 ita
1169 2265 1245 2318 ait
1272 2283 1287 2321 :
1321 2284 1340 2317 ι
1369 2264 1636 2336 Egressus
1662 2281 1720 2322 es
1750 2268 1802 2322 in
1837 2268 2063 2324 salutem

487 2355 666 2424 pepuli
705 2356 802 2420 tui,
830 2355 1040 2411 salvare
1075 2357 1310 2414 christos
1335 2367 1454 2413 tuos
1477 2359 1544 2413 τι.
1579 2379 1596 2412 ι
1625 2359 1894 2433 Caeterum
1932 2361 2065 2417 illud

485 2447 646 2500 etiam
676 2445 860 2502 dicito.
894 2445 1027 2501 Nam
1062 2458 1116 2504 et
1141 2447 1242 2519 ipsi
1276 2453 1608 2508 contendunt
1643 2451 1921 2509 Christum
1958 2470 2063 2510 non

483 2553 602 2592 esse
629 2553 818 2604 unum,
856 2547 910 2593 et
935 2538 1154 2605 Filium,
1189 2551 1444 2611 tanquam
1474 2544 1758 2598 Dominum
1790 2546 2064 2604 hominem

484 2628 686 2683 factum
719 2641 881 2700 atque
913 2631 1255 2687 incarnatum
1291 2634 1625 2704 unigenitum
1673 2636 1766 2692 Dei
1803 2638 2084 2694 Verbuma

554 2723 616 2778 Β.
659 2723 1050 2780 Contenderint
1094 2724 1342 2782 fortasse.
1395 2727 1590 2782 Volunt
1635 2728 1820 2798 utique
1867 2744 2062 2784 nomen

485 2818 606 2884 hoc,
641 2817 912 2885 Christus,
950 2834 1054 2873 non
1087 2819 1157 2876 ita
1183 2820 1476 2874 convenire
1508 2819 1686 2874 Verbo
1713 2836 1778 2874 ex
1815 2821 1922 2877 Deo
1957 2821 2064 2876 Pa-

486 2919 564 2963 tre
596 2909 778 2980 gcnito
816 2927 828 2962 :
865 2909 1008 2978 quod
1061 2909 1316 2964 nimirum
1360 2925 1465 2964 non
1498 2911 1568 2963 sit
1602 2919 1820 2965 unctum
1865 2926 2062 2968 secun-

481 2999 606 3053 dum
640 3002 912 3069 propriam
943 3015 1096 3054 suam
1146 3009 1418 3066 naturam,
1456 3011 1638 3069 utpote
1673 3003 1837 3058 Deus.
1871 3004 1977 3060 Sed
2009 3014 2063 3060 ct

2168 1903 2446 1972 προφῆται
2473 1901 2703 1972 χριστοὶ,
2737 1899 2875 1953 κατὰ
2901 1900 2962 1953 τὸ
2992 1901 3050 1953 ὲν
3085 1902 3336 1972 Ψαλμοῖς
3367 1901 3709 1972 ὑμνούμενον
3733 1919 3746 1931 ·

2174 2011 2192 2042 ι
2227 1991 2318 2060 Μὴ
2348 1992 2582 2046 ἅπτεσθε
2627 1992 2735 2046 τῶν
2782 1991 3015 2062 χριστῶν
3067 2008 3194 2062 μου,
3241 1993 3334 2045 καὶ
3373 1994 3430 2044 ὲν
3462 1995 3572 2055 τοῖς
3614 2010 3753 2061 προ-

2169 2086 2366 2155 φήταις
2393 2101 2493 2154 μου
2521 2085 2596 2154 μὴ
2631 2083 3017 2154 πονηρεύεσθε.
3052 2101 3072 2135 ι
3103 2083 3246 2154 Ἔφη
3275 2083 3332 2137 δὲ
3363 2085 3500 2138 καὶὸ
3535 2091 3752 2156 προφή-

2165 2193 2266 2247 της
2305 2174 2618 2246 Ἀ66ακούμ
2645 2193 2656 2204 ⁸
2699 2195 2716 2227 ι
2759 2173 3011 2246 Ἐξῆλθες
3056 2175 3138 2238 εἰς
3181 2175 3453 2245 σωτηρίαν
3480 2176 3612 2228 λαοῦ
3650 2193 3748 2230 σου

2130 2269 2259 2327 ,τοῦ
2294 2269 2466 2323 σῶσαι
2508 2271 2635 2333 τοὺς
2679 2269 2940 2340 χριστούς
2983 2286 3099 2324 σου.
3136 2287 3155 2320 ι
3195 2267 3342 2339 Πλὴν
3395 2270 3573 2322 ἐκεῖνο
3605 2271 3752 2340 φρά-

2169 2376 2292 2414 σον·
2326 2360 2387 2412 οὐ
2425 2360 2534 2430 γὰρ
2563 2357 2701 2412 εἷναί
2737 2377 2870 2428 φασι
2918 2360 3014 2413 καὶ
3047 2361 3202 2414 αὐτοὶ¹
3242 2361 3475 2430 Χριστὸν
3523 2361 3620 2414 ἕνα
3654 2364 3754 2416 καὶ

2169 2453 2315 2516 Υἱὸν,
2341 2451 2416 2515 ὡς
2447 2451 2650 2522 Κύριον
2684 2451 3182 2522 ἐνανορωπήσαντα
3208 2452 3297 2504 καὶ
3319 2454 3753 2522 σεσαρκωμέιιον

2167 2544 2256 2597 τὸν
2283 2543 2563 2614 Μονογενῆ
2597 2541 2690 2595 τοῦ
2713 2541 2848 2594 Θεοῦ
2885 2541 3076 2610 Λόγον.

2237 2725 2298 2777 Β.
2337 2724 2498 2778 Φαῖεν
2533 2722 2599 2776 ἂν
2649 2724 2814 2786 ἴσως,
2863 2721 3098 2776 ἑοικέναι
3137 2740 3199 2792 γε
3248 2723 3374 2794 μὴν,
3417 2722 3540 2792 οὐχὶ
3571 2722 3747 2792 δήπου

2171 2814 2370 2885 μᾶλλον
2401 2814 2479 2883 τῷ
2508 2816 2570 2866 ὲκ
2597 2812 2732 2866 Θεοῦ
2762 2813 2976 2884 ΙΙατρὸς
3018 2813 3175 2882 φύντι
3211 2815 3368 2883 Λόγῳ
3393 2813 3456 2865 τὸ
3489 2814 3744 2882 Χριστίς

2166 2907 2338 2977 ὄνομα
2373 2905 2672 2976 βούλονται,
2699 2906 2787 2958 διά
2817 2921 2897 2958 τοι
2932 2905 2991 2959 τὸ
3033 2905 3106 2977 μὴ
3134 2905 3423 2975 κεχρῖσθαι
3456 2906 3574 2957 κατ’
3611 2904 3746 2956 ἰδίαν

2169 2999 2330 3069 φύσιν
2381 2998 2457 3060 ὡς
2507 2999 2661 3053 Θεόν.
2715 2999 3132 3068 Προσεπάγουσι
3179 2998 3235 3050 δὲ
3289 2997 3461 3068 τούτῳ
3505 2998 3742 3049 κάκεῖνο.

483 3091 609 3143 illud
643 3105 858 3160 quoque
902 3091 1164 3160 adjiciunt
1196 3113 1208 3147 :
1247 3092 1432 3160 Neque
1464 3095 1630 3158 enim,
1679 3097 1950 3165 inquiunt,
1980 3106 2063 3152 est

2168 3093 2240 3146 Οὐ
2275 3091 2384 3162 γάρ
2412 3108 2516 3156 τοι,
2558 3091 2740 3159 φασὶν,
2777 3090 2852 3153 ὡς
2885 3091 2944 3142 ἓν
2973 3091 3088 3142 ἐστι
3125 3088 3236 3142 τῶν
3261 3089 3564 3159 ὀνομάτων,
3605 3088 3746 3154 άπερ

487 3196 651 3235 unum
678 3196 744 3235 ex
779 3181 844 3236 iis
870 3183 1177 3237 nominibus
1210 3199 1328 3252 qua:
1359 3185 1520 3255 727
1547 3201 1574 3238 a
1600 3186 1756 3242 nobis
1809 3189 1874 3242 de
1905 3187 2067 3242 Patre

480 3285 536 3329 ct
571 3274 776 3343 Spir-itu
803 3284 994 3330 sancto
1023 3277 1403 3344 prmdicantnr.

551 3367 615 3421 A.
659 3366 909 3420 Nondum
957 3368 1094 3423 satis
1140 3368 1423 3424 manifesta
1472 3377 1555 3424 est.
1599 3371 1793 3426 oratio.
1843 3371 2065 3429 Declara

481 3459 689 3529 itaque.
726 3459 892 3529 Recte
923 3461 1068 3516 enim
1103 3459 1316 3516 feceris.

551 3553 613 3612 Β.
657 3554 793 3608 Αιιαί
829 3554 1012 3622 igitur.
1042 3553 1468 3624 Quamplurimaa
1496 3566 1644 3621 sunt,
1673 3572 1862 3630 eaaque
1889 3562 2068 3616 divcro

477 3663 552 3702 sae
573 3647 624 3701 in
651 3647 823 3702 sacris
849 3645 1071 3702 Litteris
1093 3645 1209 3700 Filii
1229 3646 1636 3717 appellationes.
1661 3647 1896 3705 Vocatur
1920 3654 2063 3707 enim

479 3739 620 3793 Deus
651 3747 720 3792 et’
735 3738 1012 3804 Dominus,
1043 3746 1096 3792 et
1129 3739 1219 3792 lux
1255 3749 1308 3793 et
1345 3739 1472 3803 vita,
1503 3754 1713 3810 necnon
1747 3757 1837 3796 rex
1872 3753 1926 3796 et
1953 3745 2063 3797 vir-

483 3840 652 3884 tutum
691 3829 970 3895 Dominus,
1020 3841 1245 3886 sanctus
1297 3841 1352 3885 et
1384 3832 1750 3900 omnipotens.
1799 3833 2062 3890 Caeterum

479 3923 522 3977 si
558 3923 681 3992 quis
717 3923 829 3976 haec
871 3923 984 3992 ipsa
1027 3921 1096 3976 de
1147 3921 1306 3978 Patre
1340 3923 1457 3977 sive
1507 3925 1574 3977 de
1623 3922 1828 3993 Spiritu
1878 3940 2065 3985 sancto

479 4015 874 4083 prmtlicavcril,
910 4029 1245 4084 nequaquam
1263 4015 1548 4070 erraverit.
1583 4014 1749 4070 Unius
1776 4017 1920 4072 enim
1953 4035 2066 4072 na—

485 4119 636 4173 tur-aa,
674 4123 778 4162 una
803 4108 969 4163 etiam
1008 4107 1169 4163 fuerit
1194 4109 1417 4162 omnino
1440 4119 1496 4162 et
1530 4109 1852 4179 dignitatum
1887 4114 2066 4168 excel-

481 4201 666 4254 h-utia.
699 4199 756 4254 Si
785 4215 912 4270 ergo
942 4214 1137 4254 nomen
1169 4199 1370 4255 Christi
1401 4215 1526 4255 vere
1566 4204 1821 4258 convenit
1867 4203 2064 4276 Uuige-

483 4291 614 4356 nito,
670 4291 940 4345 tribuatur
985 4291 1174 4356 etiam,
1215 4291 1482 4360 inquiunt,
1537 4293 1908 4351 iudiﬂerente'r
1959 4313 2063 4351 una

479 4401 600 4440 cum
639 4383 761 4438 aliis
795 4383 1242 4452 appellationibus
1264 4394 1317 4436 et
1345 4383 1489 4437 Patri
1513 4394 1568 4439 et
1591 4384 1818 4455 Spiritui
1853 4400 2060 4445 sancto.

2165 3183 2231 3236 ἂν
2252 3183 2463 3251 λέγοιτο
2495 3181 2630 3252 πρὸς
2659 3185 2690 3252 ἡ
2701 3183 2836 3252 μῶν,
2886 3183 2980 3235 καὶ
3010 3181 3096 3235 ἐπ’
3132 3180 3299 3234 αὐτοῦ
3338 3179 3434 3233 τοῦ
3470 3179 3679 3249 Πατρὸς
3710 3178 3744 3248 ἢ

2166 3276 2258 3330 καὶ
2283 3275 2376 3328 τοῦ
2409 3273 2563 3343 ἁγίου
2592 3273 2930 3343 Πνεῦματος.
3000 3292 3002 3294 ⁷

2232 3372 2296 3420 Δ.
2341 3366 2504 3420 Οὔπω
2533 3367 2678 3437 μάλα
2717 3367 2863 3419 ἐστὶν
2893 3365 3131 3438 ἐναργὴς
3181 3367 3210 3420 ὁ
3243 3366 3433 3434 λόγος·
3472 3365 3738 3433 Ausi?“

2164 3455 2287 3513 οὖν·
2318 3460 2537 3530 δράσεις
2571 3458 2678 3529 γὰρ
2714 3457 2910 3529 ὀρθῶς.
3433 3467 3436 3470 ’

2237 3554 2297 3608 Β.
2334 3554 2532 3606 ’Ἄκουε
2577 3551 2665 3622 δή.
2717 3550 2987 3621 Πλείστην
3036 3550 3135 3622 μὲν
3176 3550 3286 3622 γὰρ
3331 3551 3428 3604 καὶ
3477 3549 3740 3618 διαφόρως

2166 3642 2594 3714 ὲξενηνεγμένην
2621 3639 2719 3712 τὴν
2753 3640 2848 3694 τοῦ
2883 3641 3012 3694 Υίοῦ
3050 3642 3264 3711 κλῆσιν,
3300 3642 3454 3712 παρὰ
3484 3644 3603 3704 ταῖς
3632 3641 3740 3693 θεο-

2167 3736 2458 3798 πνεύστοις
2507 3731 2766 3806 Γραφαῖς
2799 3732 3006 3786 ἔνεστιν
3063 3733 3212 3787 ἰδεῖν.
3259 3733 3584 3802 Ὠνόμασται
3639 3735 3742 3800 γάρ

2165 3829 2298 3892 Θεὸς
2329 3829 2422 3882 καὶ
2459 3827 2686 3898 Κύριος,
2713 3826 2808 3879 καὶ
2840 3824 2978 3894 φῶς,
3011 3823 3282 3896 καιζωὴ,
3311 3826 3405 3878 καὶ
3437 3827 3620 3895 μέντοι
3656 3827 3738 3876 καὶ

2171 3921 2447 3991 βασιλεὺς,
2499 3919 2594 3974 καὶ
2641 3919 2751 3972 τῶν
2781 3919 3063 3989 δυνάμεων
3106 3919 3340 3990 Κύριος,
3373 3919 3528 3986 ἅγιός
3568 3937 3624 3970 τε
3657 3921 3739 3971 καὶ

2167 4015 2586 4084 παντοκράτωρ.
2637 4013 2777 4066 amr
2807 4014 2856 4065 εἰ
2905 4011 3148 4084 βούλοιτό
3187 4030 3273 4075 τις
3315 4002 3408 4066 καὶ
3459 4013 3548 4064 ἐπ’
3583 4011 3740 4064 αὑτοῦ

2168 4109 2331 4177 φάναι
2359 4109 2516 4160 ταυτὶ
2543 4107 2638 4160 τοῦ
2684 4105 2923 4176 Πατρὸς,
2951 4107 3121 4176 ἡγουν
3148 4103 3242 4158 τοῦ
3285 4105 3443 4172 ἁγίου
3492 4104 3738 4174 Πνεῦμα-

2166 4219 2278 4268 τος,
2307 4202 2409 4254 οὐκ
2435 4200 2500 4254 ἂν
2541 4200 2778 4271 ἁμάρτοι
2815 4198 2910 4252 τοῦ
2947 4199 3281 4271 πρέποντος·
3335 4200 3466 4268 μιᾶς
3502 4197 3610 4267 γάρ

2169 4310 2306 4356 σεως
2341 4293 2436 4362 μία
2457 4309 2560 4344 που
2583 4293 2801 4352 πάντως
2829 4290 2984 4343 ἔσται
3083 4289 3192 4342 τῶν
3216 4289 3546 4359 ἀξιωμάτων
3578 4291 3739 4358 ὑπερ-

2167 4386 2287 4456 οχή.
2337 4385 2510 4452 Εἴπερ
2553 4380 2648 4436 οὖν
2698 4385 2848 4436 ἐστιν
2881 4382 3096 4452 άληθῶς
3128 4381 3305 4444 ἐοικὸς
3333 4383 3506 4450 ὄνομα
3533 4382 3609 4450 τῷ
3633 4384 3740 4435 Μο-

477 4477 610 4530 Cum
661 4491 788 4529 vero
831 4476 1120 4529 absurdum
1177 4476 1527 4543 vehementer
1576 4478 1666 4541 sit,
1717 4478 1770 4532 id
1823 4481 2060 4537 nominis

2168 4476 2366 4544 νογενεῖ
2384 4475 2444 4526 τὸ
2464 4472 2738 4543 Χριστὸς,
2761 4474 3031 4543 χωρείτω,
3051 4473 3236 4541 φασὶν,
3255 4473 3580 4542 άδιακρίτως
3606 4474 3745 4542 μετὰ

478 4567 622 4621 Patri
657 4574 710 4620 et
741 4565 961 4634 Spiritui
994 4576 1182 4620 sancto
1225 4566 1518 4632 ascribere,
1567 4582 1743 4636 neque
1777 4569 1874 4638 ipsi
1915 4573 2056 4625 veri-

477 4660 728 4714 similiter
770 4656 1059 4728 Uuigenito
1099 4658 1419 4725 conveniet;
1469 4657 1562 4712 sed
1608 4659 1785 4727 potius
1819 4674 1883 4715 ac
1930 4677 2057 4717 vere

478 4755 748 4810 tribuetur
775 4752 847 4807 illi
879 4753 969 4823 qui
1006 4761 1091 4807 est
1125 4767 1189 4807 ex
1219 4752 1429 4807 semine
1454 4751 1642 4819 David,
1675 4753 1742 4808 de
1777 4768 1883 4822 quo
1911 4766 2058 4812 recte

475 4855 529 4898 et
559 4844 769 4900 censeri
801 4853 856 4900 et
885 4844 989 4898 dici
1021 4852 1198 4913 potest
1225 4844 1370 4914 quod
1400 4853 1596 4898 unctus
1621 4844 1691 4898 sit
1722 4844 1946 4914 Spiritu.

2160 4566 2270 4619 τῶν
2299 4565 2473 4620 ἄλλων
2510 4563 2603 4616 καὶ
2633 4562 2721 4614 ἐπ’
2753 4562 2916 4616 αὑτοῦ
2944 4562 3038 4616 τοῦ
3066 4563 3279 4632 Πατρδς
3321 4563 3415 4615 καὶ
3460 4563 3554 4615 τοῦ
3590 4562 3742 4639 άγὶου

2162 4661 2498 4730 Πνεύματος.
2551 4657 2772 4728 Ἐπειδὴ
2805 4657 2864 4709 δέ
2911 4658 3057 4709 ἐστιν
3109 4655 3370 4709 ἀπίθανον
3420 4657 3645 4727 κομιδῇ,
3689 4657 3746 4708 τὸ

2166 4752 2497 4822 ἐφαρμόζειν
2531 4749 2664 4803 αὐτὸ
2697 4748 2773 4818 τῷ
2815 4748 2989 4818 Πατρὶ
3028 4748 3122 4800 καὶ
3149 4748 3228 4818 τῷ
3271 4748 3409 4818 άγίῳ
3443 4749 3745 4817 Πνεῦμα-τι,

2166 4844 2274 4898 οὐδ’
2303 4843 2368 4898 ἂν
2411 4840 2578 4912 αὐτῷ,
2618 4840 2759 4893 κατὰ
2795 4840 2855 4892 τὸ
2889 4840 3056 4906 είκδς,
3084 4841 3241 4894 ἔσται
3284 4840 3364 4910 τῷ
3410 4841 3742 4907 Μονογενεί·

477 4943 836 5015 ὲκνενέμηται
864 4941 923 4996 δὲ
954 4941 1176 5012 μᾶλλον,
1213 4941 1288 5004 ὡς
1317 4939 1552 5010 ἀληθῶς,
1605 4942 1683 5011 τῷ
1748 4943 1813 4996 ὲκ
1859 4944 2175 5016 σπέρματος
2238 4939 2329 4994 τοῦ
2360 4938 2546 5001 Δα6ὶδ,
2586 4939 2672 5004 ἐφ’
2714 4929 2886 5008 οὗπερ
2958 4936 3026 4990 ἂν
3074 4936 3160 5007 εἴη
3192 4935 3285 4988 καὶ
3332 4936 3746 5005 ἀνεπίπληκτον

477 5035 672 5104 κομιδῇ
717 5035 802 5098 τὸ,
827 5033 1111 5106 κεχρῖσθαι
1161 5033 1240 5104 τῷ
1292 5033 1571 5103 Πνεύματι
1618 5033 1710 5086 καὶ
1769 5037 1908 5088 νοεῖν
1962 5038 2054 5091 καὶ
2091 5037 2293 5104 λέγειν.

550 5127 613 5181 Α.
655 5127 974 5182 Communia
1027 5128 1244 5197 quidem
1294 5143 1416 5183 esse
1466 5128 1700 5183 dicimus
1751 5132 1910 5185 ctiam
1967 5145 2063 5186 nos

479 5215 623 5270 Patri
653 5228 708 5271 et
736 5219 871 5274 Filio
911 5219 1221 5300 et‘Spiritui
1259 5228 1452 5275 sancto
1480 5219 1780 5274 divinarum
1833 5222 2061 5291 dignita-
2089 5280 2092 5282 _
2129 5263 2131 5266 .

481 5318 592 5359 tum
628 5310 866 5374 nomina,
903 5312 1126 5382 parique
1157 5311 1362 5367 honore
1387 5312 1650 5367 decorare
1677 5313 2059 5368 consuevimus

411 5399 418 5408 '
481 5413 587 5468 quo
632 5396 866 5464 Patrem,
904 5402 1098 5456 Filium
1145 5421 1360 5474 quoque
1408 5420 1478 5459 ex
1533 5404 1650 5474 ipso
1697 5405 1960 5475 genitum,
1993 5419 2058 5459 ac

483 5498 740 5560 praeterea
772 5489 1030 5558 Spiritum
1061 5505 1329 5549 sanetum.
1360 5495 1650 5563 Cmtcrum,
1694 5513 1726 5552 ο
1761 5497 1884 5552 boni
1930 5496 2053 5561 viri,

481 5579 712 5635 dixerim
752 5581 1024 5649 equidem,
1064 5599 1258 5640 nomen
1307 5588 1536 5655 Christi,
1579 5592 1631 5645 id
1662 5599 1768 5656 cst,
1801 5589 1970 5656 uncti,
2003 5598 2060 5644 ct

554 5761 600 5794 7°
628 5764 774 5821 Psal.
803 5779 890 5821 etv
945 5765 1029 5822 l5.
1106 5767 1148 5798 ⁷¹
1194 5763 1398 5822 llabac.
1439 5783 1520 5837 ιιι,
1561 5769 1646 5826 l5.

2241 5131 2306 5182 A.
2346 5128 2513 5180 Κοινὰ
2543 5126 2641 5194 μὲν
2683 5119 2821 5177 εἶναί
2853 5141 3032 5194 φαμεν
3071 5123 3164 5177 καὶ¹
3192 5125 3354 5195 ἡμεῖς
3388 5123 3540 5176 αὐτοὶ
3569 5123 3746 5194 Ila-cpi

2169 5223 2261 5277 καὶ
2288 5219 2400 5290 Υἱῷ
2425 5219 2520 5272 καὶ
2556 5217 2697 5286 ἁγίῳ
2734 5215 3032 5287 Πνεύματι,
3066 5216 3174 5269 τῶν
3226 5215 3746 5286 θεοπρεπῶνάξιω·

2171 5315 2356 5385 μάτων
2379 5312 2448 5364 τὰ
2477 5310 2736 5380 ὀνόματα,
2769 5309 2866 5362 καὶ
2894 5308 3204 5380 ἰσομέτροις
3231 5307 3501 5370 εὐκλείαις
3541 5325 3746 5375 στεφα-

2163 5405 2290 5460 νοῦν
2335 5402 2641 5472 εἰθίσμεθα,
2677 5400 2812 5470 ὁμοῦ
2857 5399 2936 5470 τῷ
2975 5402 3296 5468 γεννήσαντι
3330 5400 3422 5453 τὸν
3467 5398 3528 5464 ἐξ
3578 5399 3748 5454 αὐτοῦ

2166 5493 2492 5565 γεννηθέντα
2522 5491 2669 5556 Υἱδν,
2700 5492 2796 5544 καὶ
2837 5492 3063 5562 προσέτι
3089 5491 3148 5545 τὺ
3196 5491 3418 5561 Πνεῦμα
3454 5490 3516 5544 τὸ
3551 5491 3714 5558 ἅγιον
3736 5505 3749 5520 ³

2168 5588 2328 5657 πλὴν,
2357 5579 2402 5639 ὦ
2431 5583 2713 5655 βέλτιστοι,
2746 5584 2910 5654 φαίην
2937 5583 3023 5648 ἂν,
3058 5583 3118 5636 τὸ
3145 5581 3402 5651 Χριστὸς
3423 5582 3615 5650 ὄνομα,
3647 5582 3751 5636 καὶ

4011 2431 4027 2478 ε
