4048 6196
317 362 446 420 1277

1438 353 1626 423 QUOD
1664 354 1855 411 UNUS
1896 352 2008 408 SIT
2050 354 2419 414 CHRISTUS.

3425 375 3560 428 1978

314 483 439 537 161:6
474 480 530 534 δὲ
562 480 623 533 τὸ
652 478 860 550 χρῆμα,
889 476 1164 545 τουτέστιν
1192 477 1225 547 ἡ
1256 475 1454 547 χρίσις,
1489 475 1627 545 μετά
1646 475 1752 529 τῶν
1780 472 1864 543 τῆς

1982 490 2070 530 res
2102 477 2236 546 ipsa,
2278 478 2381 532 hoc
2419 487 2523 544 est,
2559 481 2763 547 unctio,
2811 494 3091 554 postquam
3133 491 3557 546 exinanitionem

258 570 261 571 ⁷
310 573 591 642 augete;
615 572 832 642 τρόπων
867 569 1198 639 προσγέγονε
1232 568 1310 638 τῷ
1336 568 1650 635 Μονογενεῖ,
1674 566 1877 636 ἐναργῆ

314 667 405 736 τῆς
460 665 925 735 ἐνανθρωπήσεως
977 665 1091 725 τοῖς
1146 661 1516 733 ἀκροωμένοις
1566 658 1877 729 εἰσκομίζον

328 636 573 653 nm

304 756 404 827 τὴν
448 755 702 826 δήλωσιν.
731 754 855 806 ’Ὁτι
888 754 997 823 γὰρ
1026 752 1310 822 κέχρισται
1347 750 1482 803 καθὸ
1516 749 1753 819 πέφηνεν
1780 747 1876 801 ἀν-

304 844 542 915 θρωπος,
578 842 1020 912 κατασημήνειεν
1062 840 1127 894 ἂν
1155 837 1214 893 εὖ
1258 840 1421 910 μάλα.
1446 840 1509 891 Εἰ
1542 838 1640 907 μὲν
1681 833 1774 891 οὖν
1799 836 1872 906 μὴ

304 934 463 987 αὐτὸν
486 936 587 1004 τῆς
622 933 758 1004 μετά
788 932 991 1003 σαρκὸς
1013 929 1321 1001 οἰκονομίας
1357 927 1747 996 ἐϐασανίζομεν
1774 927 1875 980 A6-

304 1041 419 1095 γον,
447 1026 563 1081 ἀλλ’
602 1026 706 1090 ἔξω
740 1042 841 1078 που
873 1023 1009 1087 τέως
1037 1021 1145 1075 τῶν
1180 1021 1279 1091 τῆς
1313 1018 1596 1082 κενώσεως
1622 1018 1749 1071 ὄντα
1778 1018 1874 1088 μέ-

304 1134 448 1185 τρων
477 1116 771 1189 προύκειτο
806 1116 1024 1186 βλέπειν
1060 1113 1152 1168 τὸν
1191 1112 1452 1183 μονογενῆ
1480 1112 1575 1164 τοῦ
1605 1110 1740 1164 Θεοῦ
1771 1110 1872 1163 Λό-

302 1220 422 1277 γον,
451 1204 519 1279 ἦν
547 1208 613 1262 ἂν
635 1208 729 1262 καὶ
770 1208 913 1279 μάλα
945 1207 1167 1269 εἰκότως
1194 1203 1466 1282 ἀσύφηλον
1494 1201 1709 1273 κομιδῇ,
1733 1203 1871 1272 Χρι-

307 1302 431 1356 στὸν
479 1299 760 1371 ὀνομάζειν
806 1302 899 1353 τὸν
935 1300 1009 1371 μὴ
1040 1298 1420 1370 κεχρισμένον.
1457 1296 1675 1366 Ἐπειδὴ
1714 1295 1770 1348 δὲ
1810 1295 1870 1348 τὸ

305 1392 445 1447 θεῖον
474 1393 565 1447 καὶ
599 1393 887 1464 ἱερώτατον
918 1392 1179 1463 Γράμμα,
1215 1390 1393 1462 σάρκα
1424 1388 1672 1458 γενέσθαι
1707 1386 1868 1457 φησὶν

303 1483 485 1547 αὐτὸν,
515 1482 720 1554 πρέποι
765 1483 810 1536 δ’
842 1481 910 1536 ἂν
954 1482 1056 1553 ήδη
1097 1482 1193 1534 καὶ
1222 1483 1255 1552 ἡ
1288 1480 1467 1552 χρίσις
1516 1480 1685 1551 αὐτῷ,
1716 1496 1868 1548 γενο-

306 1573 440 1645 μένη
475 1574 604 1644 περὶ
634 1574 735 1644 τὴν
768 1574 1060 1645 σάρκωσιν,
1098 1573 1221 1642 ἥτις
1265 1573 1409 1625 ἐστὶν
1439 1570 1619 1627 αὐτοῦ.
1662 1572 1867 1642 Γράφει

301 1664 433 1734 γοῦν
457 1667 487 1719 6
516 1664 791 1734 πάνσοφος
825 1664 1034 1727 Παῦλος
1061 1681 1074 1695 ’
1110 1684 1127 1715 ι
1155 1664 1222 1717 Ὂ
1249 1680 1307 1716 τε
1333 1664 1441 1734 γάρ
1484 1662 1746 1731 ἁγιάζων,
1774 1662 1867 1717 καὶ

303 1757 353 1811 oi
388 1757 758 1829 ἁγιαζόμενοι,
807 1756 867 1823 ἐξ
897 1757 1014 1821 ἐνὸς
1070 1758 1297 1820 πάντεςο
1334 1757 1401 1810 δι’
1452 1757 1520 1827 ἢν
1561 1756 1739 1810 αἰτίαν
1768 1756 1868 1808 οὐκ

202 1904 205 1907 .
302 1850 691 1920 ἐπαισχύνεται
713 1849 976 1918 ἀδελφοὺς
1000 1850 1198 1914 αὐτοὺς
1227 1848 1430 1913 καλεῖν,
1458 1848 1649 1917 λέγων’
1668 1849 1871 1916 Ἄπαγ-

302 1944 445 2013 γελῶ
465 1944 525 1997 τὸ
552 1944 723 2014 ὄνομά
748 1959 839 1997 σου
865 1946 976 2006 τοῖς
999 1943 1246 2013 ἀδελφοῖς
1274 1959 1376 2012 μου
1397 1958 1410 1972 ·
1438 1960 1456 1993 ι
1482 1941 1737 2012 ήγιάζετο
1762 1941 1871 2009 γάρ

306 2036 426 2107 μεθ’
443 2037 622 2106 ήμῶν,
643 2037 732 2091 ὅτε
753 2038 944 2106 γέγονε
967 2036 1087 2090 καθ’
1108 2035 1404 2105 ἡμᾶς.”υτι
1427 2034 1483 2087 δὲ
1504 2033 1720 2104 ἀληθῶς
1748 2033 1870 2096 Υἱὸς

226 2192 229 2195 μ
298 2128 331 2181 6
359 2128 646 2199 χριόμενος
695 2124 784 2198 ἦν,
832 2128 966 2181 καθὸ
1003 2128 1192 2196 γέγονε
1243 2125 1400 2197 σὰρξ,
1450 2126 1619 2196 ἤγουν
1668 2126 1870 2187 τέλειος

298 2218 605 2288 ἄνθρωπος,
632 2219 964 2272 πιστώσεται
993 2218 1167 2286 λέγων
1185 2220 1213 2271 6
1233 2218 1516 2280 θεσπέσιος
1545 2217 1707 2269 Δαϐἰδ
1733 2216 1869 2287 πρὸς

297 2310 493 2363 αὐτόν·
540 2330 559 2363 ‹
604 2311 660 2365 '0
693 2310 879 2381 θρόνος
911 2328 1026 2373 σου,
1061 2312 1089 2363 6
1132 2310 1283 2374 Θεὸς,
1326 2311 1406 2372 εἰς
1433 2309 1523 2363 τὸν
1553 2308 1723 2363 αἰῶνα
1773 2307 1866 2361 τοῦ

296 2399 525 2461 αἰῶνος·
576 2399 773 2471 ῥάϐδος
805 2398 1101 2469 εὐθύτητος
1134 2399 1167 2468 ἠ
1207 2397 1400 2470 ῥάϐδος
1454 2397 1553 2467 τῆς
1590 2397 1867 2467 βασιλείας

297 2506 414 2544 σου.
450 2490 772 2561 Ἡγάπησας
797 2490 1163 2560 δικαιοσύνην,
1196 2490 1289 2544 καὶ
1318 2490 1585 2560 ἐμίσησας
1615 2488 1863 2559 ἀνομίαν,

293 2580 380 2635 διὰ
399 2581 556 2634 τοῦτο
584 2581 770 2653 ἕχρισέ
805 2599 862 2634 σε
891 2584 919 2634 6
951 2582 1102 2646 Θεὸς,
1133 2583 1161 2635 6
1184 2582 1315 2645 Θεός
1354 2598 1467 2645 σου,
1494 2581 1669 2634 ἔλαιον
1696 2582 1863 2649 ἀγαλ-

292 2669 523 2735 λιάσεως
560 2673 711 2744 παρά
738 2673 864 2737 τοὺς
899 2674 1157 2743 μετόχους
1186 2690 1299 2726 σου.
1337 2690 1354 2723 ι
1390 2672 1556 2735 Σύνες
1583 2668 1697 2738 οὖν,
1719 2674 1866 2736 ὅπως

294 2764 387 2817 καὶ
417 2762 548 2817 Θεὸν
578 2765 769 2829 εἰπὼν,
795 2767 891 2820 καὶ
921 2765 1110 2836 θρόνον
1135 2766 1281 2836 αύτῷ
1302 2766 1393 2819 τὸν
1415 2768 1493 2830 εἰς
1515 2766 1687 2820 αἰῶνα
1719 2766 1861 2830 δοὺς,

292 2854 579 2924 κεχρῖσθαί
608 2873 741 2925 φησι
778 2856 929 2928 παρά
953 2844 1110 2922 Θεοῦ,
1134 2856 1289 2927 δῆλον
1311 2858 1368 2911 δὲ
1401 2858 1481 2911 ὅτι
1504 2856 1598 2911 τοῦ
1629 2857 1861 2927 Πατρὸς,

294 2943 557 3016 ἐξαιρέτῳ
598 2946 704 2998 τινὶ
741 2946 921 3017 χρίσει
956 2948 1106 3018 παρὰ
1143 2946 1270 3011 τοὺς
1309 2948 1636 3018 μετέχοντας
1674 2947 1861 3010 αὐτοῦ,

290 3035 565 3089 τουτέστιν
600 3038 769 3106 ἡμᾶς.
805 3039 865 3091 Εἰ
907 3038 1015 3109 γὰρ
1054 3038 1275 3107 γέγονεν
1322 3039 1630 3111 ἅνθρωπος,
1682 3039 1861 3093 καίτοι

290 3124 424 3186 θεὸς
445 3123 519 3176 ὢν
549 3126 576 3177 6
603 3125 796 3192 Λόγος,
825 3125 940 3178 ἀλλ’
970 3121 1039 3196 ἦν
1068 3128 1160 3179 καὶ
1195 3125 1368 3192 οὕτως
1410 3128 1712 3199 ἀπροσδεὴς
1755 3127 1862 3182 τῶν
1892 3147 1934 3203 c

291 3215 391 3284 τῆς
428 3214 565 3277 ἰδίας
608 3214 823 3283 φύσεως
866 3216 1109 3283 ἀγαθῶν,
1156 3219 1450 3289 αὐτοτελής
1493 3237 1551 3272 τε
1603 3220 1863 3291 ὑπάρχων

291 3308 387 3359 καὶ
435 3308 650 3377 πλήρης
706 3307 928 3377 χάριτος
985 3309 1080 3361 καὶ
1134 3309 1412 3379 ἀληθείας,
1460 3311 1602 3364 κατά
1656 3330 1719 3379 γε
1764 3316 1863 3383 τὴν

304 3399 553 3454 Ἰωάννου
583 3401 798 3471 φωνήνο
826 3398 920 3454 καὶ
954 3398 1066 3471 ἔχει
1104 3400 1201 3470 μὲν
1229 3401 1389 3463 αὐτὸς
1415 3402 1618 3471 ἀρτίως
1654 3404 1734 3465 εἰς
1755 3408 1864 3458 πᾶν

292 3490 467 3545 ὁτιοῦν
492 3490 599 3545 τῶν
624 3491 964 3563 θεοπρεπῶν,
998 3493 1104 3545 ἀπὸ
1135 3479 1190 3545 δὲ
1227 3492 1318 3545 τοῦ
1362 3492 1723 3563 πληρώματος
1764 3498 1865 3549 αύ-

289 3583 384 3637 τοῦ
421 3583 620 3647 πάντες
657 3588 811 3660 ἡμεῖς
851 3584 1140 3655 ἐλάϐομεν,
1181 3584 1321 3638 κατὰ
1353 3584 1409 3637 τὸ
1456 3586 1861 3655 γεγραμμένον.

300 3670 467 3744 Ὁμοῦ
504 3676 794 3747 τοιγαροῦν
836 3678 950 3741 τοῖς
979 3677 1078 3746 τῆς
1135 3675 1269 3740 ἰδίας
1315 3676 1734 3749 ἀνθρωπότητος
1770 3679 1865 3748 μέ-

287 3779 435 3834 τροις
468 3767 566 3821 irai.
603 3767 677 3820 τὰ
704 3766 868 3821 αὐτοῦ
905 3766 1295 3837 οἰκειούμενος,
1336 3768 1570 3840 Χριστὸς
1599 3768 1862 3839 ὀνομάζε-

286 3868 399 3922 ται,
426 3856 529 3909 κᾶν
551 3858 599 3909 εί
630 3857 703 3927 μὴ
731 3857 1016 3928 κεχρῖσθαι
1055 3861 1247 3922 νοοῖτο,
1277 3862 1417 3915 κατά
1444 3858 1529 3928 γε,
1556 3861 1717 3931 φημὶ,
1740 3861 1860 3931 τὴν,

295 3955 395 4018 τῆς
428 3948 681 4020 θεότητος
714 3949 895 4025 φύσιν,
932 3952 1098 4021 ἤγουν
1127 3951 1262 4005 καθὸ
1290 3955 1489 4008 νοεῖται
1516 3952 1667 4016 Θεός.
1713 3953 1863 4007 Ἐπεὶ

290 4040 513 4111 φράσον,
550 4040 665 4104 πῶς
684 4040 887 4112 ἑτέρως
919 4043 1078 4095 νοοῖτ⁹
1111 4042 1178 4096 ἂν
1197 4043 1452 4113 Χριστὸς,
1478 4043 1608 4107 Υἱὸς
1633 4044 1726 4097 κα)⁵
1746 4045 1862 4097 Κύ-

288 4149 423 4201 ριος,
464 4132 820 4200 ἀπαξιοῦντος
848 4132 944 4187 τοῦ
990 4134 1331 4202 Μονογενοῦς
1374 4135 1472 4207 τὴν
1517 4136 1720 4206 χρίσιν,
1765 4136 1861 4190 καὶ

284 4225 392 4278 τῶν
424 4226 523 4296 τῆς
555 4224 837 4297 micam;
870 4225 1083 4297 μέτρων
1110 4226 1210 4279 οὐκ
1241 4227 1599 4297 ἀνεχομένου;

355 4401 416 4453 Β.
465 4401 691 4472 Ἑτέραν
707 4402 771 4470 γέ
802 4402 976 4473 πωςῆ
1013 4403 1136 4456 καθ’
1165 4405 1312 4476 ἡμᾶς
1355 4404 1525 4459 ἵενται
1555 4405 1767 4478 τρίϐον,
1800 4407 1860 4461 τὸ

283 4496 383 4563 τῆς
417 4496 696 4560 εὐσεϐείας
744 4499 1041 4570 μυστήριον
1083 4498 1356 4561 ἀσυνέτως
1381 4499 1852 4570 διερμηνεύοντες.

281 4582 421 4634 Φασὶ
448 4583 553 4651 γὰρ
580 4584 655 4645 ὡς
680 4587 709 4636 6
736 4585 869 4648 Θεὸς
894 4586 1064 4654 Λόγος
1092 4587 1601 4661 ἄνθρωπον-εἴληφε
1625 4589 1855 4654 τέλειον,

283 4672 350 4727 ἢκ
381 4673 694 4744 σπέρματος
726 4675 857 4730 ὄντα
888 4678 1141 4749 ’Δϐραάμ
1197 4682 1292 4733 καὶ
1342 4680 1526 4747 Δαϐῖδ,
1580 4680 1728 4734 κατὰ
1756 4681 1857 4751 τὴν

289 4765 628 4836 ἳιαγόρευσιν
651 4766 761 4819 τῶν
788 4768 1041 4837 Γραφῶν,
1073 4770 1233 4823 τοῦτο
1260 4770 1389 4824 ὄντα
1410 4770 1508 4841 τὴν
1532 4770 1694 4837 φύσιν
1718 4773 1855 4844 ὅπερ

280 4851 422 4926 ἦσαν
458 4856 676 4918 ἐκεῖνοι,
721 4845 907 4927 ὦνπερ
956 4858 1023 4910 ἐκ
1069 4859 1382 4930 σπέρματος
1432 4855 1524 4929 ἦν,
1564 4859 1852 4931 ἄνθρωπον

280 4947 486 4999 τέλειον
517 4945 616 5017 τὴν
643 4946 828 5016 φύσιν,
855 4949 919 5000 ὲκ
950 4948 1131 5019 ψυχῆς
1166 4967 1242 5017 ,τε
1274 4952 1468 5021 νοερᾶς
1511 4953 1606 5004 καὶ
1649 4953 1852 5023 σαρκὸς

282 5038 595 5093 συνεστῶτα
616 5040 984 5111 ἀνθρωπίνης,
1014 5041 1074 5095 δν
1103 5041 1389 5113 ἄνθρωπον
1406 5044 1535 5096 ὅντα
1561 5045 1681 5098 καθ’
1706 5046 1854 5116 ἡμᾶς

282 5132 376 5202 τὴν
401 5129 584 5200 φύσιν,
609 5131 927 5203 Πνεύματος
957 5134 1113 5201 ἁγίου
1142 5135 1368 5204 δυνάμει
1400 5137 1459 5189 ὲν
1480 5139 1545 5207 τῇ
1574 5136 1674 5206 τῆς
1702 5139 1849 5207 Παρ-

282 5222 431 5275 θένου
467 5222 654 5293 μήτρᾳ
690 5221 1108 5287 διαπλασθέντα,
1141 5224 1430 5294 γενόμενόν
1470 5244 1530 5279 τε
1562 5228 1626 5279 ὲκ
1668 5244 1857 5295 γυναι-

282 5310 392 5374 κὸς,
423 5311 713 5380 γενόμενον
752 5309 856 5363 ὑπὸ
880 5310 1067 5382 νόμον,
1103 5312 1189 5364 ἵνα
1238 5311 1444 5375 πάντας
1474 5314 1624 5383 ἡμᾶς
1654 5314 1849 5379 ἐξαγο-

280 5401 422 5474 ράσῃ
465 5401 566 5472 τῆς
595 5400 690 5455 τοῦ
733 5402 897 5473 νόμου
953 5402 1215 5468 δουλείας,
1256 5402 1356 5474 τὴν
1397 5404 1679 5475 πόρρωθεν
1716 5422 1850 5475 προ-

275 5489 587 5560 ωρισμένην
630 5489 901 5545 υἱοθεσίαν
933 5491 1325 5557 ἀπολαϐόντας,
1368 5493 1570 5555 καινῶς
1612 5493 1848 5562 συνῆψεν

274 5581 473 5652 ἐαυτῷ,
521 5582 751 5637 θανάτου
782 5583 883 5654 μὲν
935 5584 1115 5651 αὐτὸν,
1156 5585 1296 5639 κατά
1328 5586 1490 5655 νόμον
1523 5585 1845 5657 ἀνθρώπων,

346 5698 390 5767 ’ξ
424 5695 586 5767 Hebr,
625 5711 685 5763 ιι,
718 5696 803 5750 i2.
880 5698 924 5730 ⁷³
958 5697 1098 5752 Psal.
1148 5713 1289 5763 xuv,
1321 5697 1370 5763 7,
1410 5697 1442 5749 ε

274 5765 320 5797 ’⁸
350 5766 521 5820 Galat.
564 5765 634 5834 iv,
672 5768 724 5833 ι,
763 5767 810 5820 5.

1979 567 2161 635 subiit,
2196 567 2482 639 Unigenito
2509 574 2759 637 accessit,
2791 577 3129 633 manifestam
3168 582 3560 636 incarnationis

1979 657 2091 709 sive
2131 657 2531 715 lntmanationis
2568 662 3017 733 significationem
3070 672 3404 727 auditoribus
3458 673 3558 725 itu-

1979 745 2214 800 mittens.
2257 745 2410 812 Quod
2449 751 2592 804 enim
2640 762 2835 809 unctus
2872 756 2962 821 sit,
2995 766 3261 827 quatenus
3305 764 3555 831 apparuit

1976 833 2159 897 homo,
2194 836 2395 905 optime
2430 838 2688 895 declarat.
2719 842 2776 897 Si
2820 860 2947 916 ergo
2976 850 3382 908 consideremus
3419 854 3550 909 Ver-

1977 926 2123 993 bum,
2169 943 2272 983 non
2305 930 2464 999 quale
2499 944 2583 987 est
2623 945 2904 1007 postquam
2937 940 3457 1000 administrationem
3496 949 3548 1003 in

1975 1032 2136 1071 carne
2162 1019 2346 1082 subiit,
2375 1022 2467 1075 sed
2499 1024 2654 1092 quale
2683 1036 2799 1080 erat
2832 1029 3162 1099 unigenitum
3192 1032 3284 1089 Dei
3316 1035 3548 1091 Verbum

1975 1116 2272 1176 antequam,
2299 1112 2721 1170 exinanitionem
2745 1121 3002 1174 sustinuit
3036 1139 3049 1174 :
3088 1124 3380 1179 absurdum
3418 1143 3550 1183 sane

1976 1198 2139 1254 fuerit
2162 1201 2434 1257 Christum
2458 1221 2808 1271 vocare,eum
2836 1212 2924 1278 qui
2953 1224 3147 1267 unctus
3173 1230 3276 1268 non
3299 1218 3387 1271 sit.
3414 1217 3547 1273 Cum

1973 1303 2103 1342 vero
2135 1290 2311 1346 divina
2335 1304 2387 1347 et
2409 1297 2773 1352 sacratissima
2807 1300 3079 1370 Scriptura
3125 1320 3339 1359 carnem
3377 1308 3547 1377 ipsum

1972 1378 2172 1434 factum
2198 1395 2318 1436 esse
2335 1382 2433 1447 ait,
2453 1387 2633 1439 unctio
2649 1398 2796 1443 certe
2819 1391 2918 1457 ipsi
2947 1395 3232 1450 conveniat
3253 1396 3390 1451 facta
3408 1401 3547 1454 circa

1973 1469 2559 1543 incarnationem,qu
2584 1478 2748 1544 ipsius
2781 1489 2883 1536 est.
2906 1481 3103 1538 Scribit
3138 1486 3318 1555 itaque
3349 1492 3551 1559 sapien-

1974 1563 2213 1625 tissimus
2257 1565 2491 1621 Paulus:
2534 1586 2552 1619 ‹
2581 1566 2681 1633 Qui
2725 1571 2869 1625 enim
2922 1577 3548 1650 sanctificatetquisan-

1970 1657 2301 1720 ctiticantnr,
2341 1672 2406 1710 ex
2469 1673 2576 1711 uno
2622 1674 2830 1716 omnes.
2885 1663 3110 1733 Propter
3141 1684 3301 1737 quam
3333 1688 3548 1727 causam

1972 1760 2076 1798 non
2106 1746 2456 1799 confunditur
2490 1748 2686 1804 fratres
2721 1765 2815 1805 eos
2844 1767 3059 1821 vocare,
3100 1757 3285 1814 dicens
3334 1777 3346 1812 :
3405 1761 3543 1816 Nun-

1978 1836 2122 1890 tiabo
2149 1852 2341 1891 nomen
2399 1848 2549 1894 tuum
2588 1837 2848 1896 fratribus
2898 1845 3033 1899 meis
3062 1847 3131 1899 "’.
3170 1866 3187 1899 ι
3233 1848 3548 1905 Sanctifica-

1977 1936 2061 1981 tus
2100 1924 2242 1981 cn’nn
2290 1937 2372 1981 est
2423 1930 2730 1995 nobiscum,
2781 1936 2994 2001 quando
3041 1937 3215 1994 factus
3262 1951 3345 1995 est
3381 1943 3547 1996 nostri

1973 2016 2185 2071 similis.
2223 2017 2373 2084 Quod
2408 2028 2584 2072 autem
2610 2036 2735 2076 vere
2760 2023 2929 2078 Filius
2953 2038 3068 2081 erat
3102 2031 3192 2099 qui
3224 2042 3419 2101 unctus
3446 2044 3548 2099 est,

1972 2119 2235 2177 quatenus
2263 2111 2432 2165 factus
2456 2120 2537 2165 est
2566 2127 2713 2180 caro,
2739 2116 2852 2170 sive
2882 2119 3155 2185 perfectus
3187 2124 3369 2188 homo,
3394 2127 3547 2181 fidem

1974 2199 2131 2255 faciet
2164 2201 2375 2256 divinus
2391 2202 2579 2269 David,
2604 2204 2677 2258 ita
2708 2207 2776 2260 ad
2806 2222 2927 2261 eum
2949 2209 3387 2285 loquensz728
3408 2235 3425 2267 ι
3462 2216 3562 2273 Se-

1972 2294 2065 2346 des
2100 2302 2210 2357 tua,
2236 2292 2399 2358 Deus,
2436 2296 2487 2348 in
2514 2295 2766 2351 sacculum
2794 2300 2970 2354 saeculi
2999 2319 3013 2354 :
3038 2302 3185 2372 virga
3217 2305 3544 2373 dircctionis,

1969 2383 2118 2450 virga
2144 2384 2289 2454 regni
2327 2386 2422 2439 tui.
2457 2386 2697 2443 Dilexisti
2729 2389 3018 2458 justitiam,
3049 2402 3103 2448 et
3130 2396 3294 2451 odisti
3338 2397 3542 2466 iniqui-

1973 2482 2133 2528 tatem
2165 2493 2177 2529 :
2208 2486 2485 2546 propterea
2519 2480 2670 2534 unxit
2695 2489 2745 2534 te
2780 2481 2938 2552 Deus,
2968 2484 3107 2540 Deus
3141 2496 3264 2542 tuus
3299 2488 3418 2543 oleo
3455 2491 3548 2544 la:-

1971 2564 2099 2617 litim
2122 2579 2232 2632 pra:
2268 2568 2611 2623 consortibus
2645 2570 2750 2625 tuis
2789 2571 2857 2622 ⁷³.
2889 2591 2908 2623 ι
2946 2574 3331 2632 Animadverte
3369 2579 3548 2648 itaque

1969 2670 2076 2722 quo
2108 2665 2263 2724 pacto
2292 2672 2413 2712 cum
2460 2668 2513 2713 et
2562 2659 2728 2715 Deum
2787 2663 3102 2729 nominarit,
3138 2676 3190 2719 et
3230 2668 3407 2720 sedem
3446 2668 3546 2738 ipsi

1970 2744 2022 2797 in
2058 2746 2252 2801 saecula
2283 2749 2613 2817 attribuerit,
2645 2763 2866 2808 unctum
2894 2769 3016 2808 esse
3048 2757 3177 2811 dicit
3206 2773 3235 2811 a
3270 2759 3398 2826 Deo,
3436 2776 3545 2814 ma-

1969 2838 2225 2893 nifestum
2268 2851 2447 2895 autem
2488 2852 2572 2897 est
2611 2846 2752 2913 quod
2794 2860 2822 2899 a
2866 2846 3045 2911 Patre,
3080 2850 3276 2903 eximia
3315 2852 3545 2919 quadam

1968 2932 2221 2986 unctione
2267 2928 2633 3002 prte‘cazteris
2680 2938 3035 3006 participibus
3082 2940 3270 3007 ipsius,
3313 2943 3413 2997 hoc
3446 2929 3545 3006 est,

1970 3024 2145 3078 nobis.
2174 3023 2410 3080 Tametsi
2441 3025 2585 3079 enim
2613 3027 2814 3082 factum
2850 3038 2933 3083 est
2968 3031 3151 3095 homo,
3186 3031 3324 3086 Deus
3350 3035 3545 3103 alioqui

1968 3118 2240 3173 exsistens
2282 3116 2548 3184 Verbum,
2587 3129 2705 3174 erat
2751 3122 3140 3175 tamen.etiam
3186 3123 3288 3177 hac
3342 3126 3548 3179 ratione

1968 3210 2196 3280 propriae
2236 3224 2345 3265 suae
2390 3220 2596 3265 natura:
2631 3212 2893 3266 bonorum
2930 3227 3267 3283 nequaquam
3312 3216 3543 3285 indigus,

1966 3315 2061 3369 per
2082 3313 2142 3354 se
2172 3299 2443 3368 perfectus
2479 3300 2767 3366 exsistens,
2804 3312 2860 3356 et
2895 3319 2914 3353 ‹
2946 3302 3138 3372 plenus
3167 3304 3352 3374 gratiae
3379 3316 3433 3360 et
3459 3322 3548 3360 ve-

1965 3392 2249 3456 ritatis",
2284 3411 2301 3443 ι
2342 3401 2402 3447 ιιι
2442 3392 2617 3463 inquit
2663 3391 2923 3449 Joannes.
2950 3396 3126 3465 Atque
3172 3398 3283 3464 ipse
3332 3398 3546 3466 quidem

1965 3482 2109 3535 omni
2142 3497 2337 3551 genere
2363 3484 2668 3539 divinorum
2702 3486 2965 3539 bonorum
3001 3487 3271 3541 abundat:
3307 3506 3324 3538 ι
3363 3490 3407 3541 Α
3438 3490 3538 3557 ple-

1965 3574 2212 3627 nitudine
2234 3589 2362 3628 vero
2394 3576 2563 3643 ipsius
2590 3592 2778 3631 omnes
2803 3592 2899 3631 nos
2925 3580 3231 3646 accepimus
3249 3581 3315 3640 ⁷⁸,
3347 3600 3363 3631 ι
3393 3582 3543 3646 juxta

1966 3659 2324 3728 Scripturam.
2372 3660 2624 3716 Christus
2675 3664 2855 3731 itaque
2901 3674 3145 3731 vocatur,
3192 3667 3281 3734 qui
3318 3668 3383 3719 ad
3424 3684 3545 3735 pro-

1964 3749 2095 3818 priae
2124 3764 2236 3804 suae
2268 3750 2622 3804 humanitatis
2644 3754 3007 3807 conditionem
3039 3756 3199 3808 etiam
3229 3772 3346 3824 qua:
3377 3759 3545 3825 ipsius

1968 3854 2096 3900 sunt
2143 3844 2450 3913 cunjunxit,
2491 3848 2702 3902 tametsi
2750 3864 2854 3904 non
2907 3850 3236 3920 intelligatur
3283 3868 3401 3906 esse
3446 3873 3543 3907 uno

1962 3946 2101 4001 ctus,
2134 3935 2411 4000 nimirum,
2455 3937 2756 3993 secundum
2793 3948 3042 3995 naturam
3078 3942 3396 4004 divinitatis,
3430 3945 3542 3998 sive

1962 4039 2225 4098 quatenus
2272 4038 2521 4085 censetur
2568 4030 2731 4088 Deus.
2792 4032 3069 4102 Siquidem
3123 4035 3243 4098 dic,
3278 4038 3537 4107 obsecro,

1961 4123 2228 4191 quomodo
2262 4121 2416 4175 aliter
2444 4122 2665 4193 intelligi
2694 4126 2862 4194 possit
2883 4125 3129 4181 Christus
3153 4126 3320 4181 Filius
3353 4139 3406 4183 et
3434 4129 3539 4183 Do-

1963 4214 2160 4281 minus,
2190 4215 2235 4269 si
2268 4213 2589 4285 Unigenitus
2623 4218 2935 4272 unctionem
2983 4219 3328 4290 dedignctur,
3374 4231 3535 4291 atque

1959 4305 2344 4360 exinanitionis
2368 4307 2729 4363 conditionem
2763 4311 3061 4365 detrectet?

2030 4397 2093 4450 Β.
2133 4397 2249 4452 Alia
2282 4398 2436 4469 longe
2467 4413 2627 4468 quam
2673 4415 2769 4455 nos
2811 4401 2896 4456 via
2941 4400 3218 4469 incedunt,
3261 4405 3537 4477 religionis

1888 4489 1931 4543 D
1962 4490 2274 4560 mysterium
2307 4492 2555 4560 imperite
2580 4493 2936 4561 explicantes.
2978 4495 3146 4549 Aiunt
3192 4498 3359 4562 enim,
3395 4498 3536 4567 quod

1963 4582 2103 4635 Deus
2138 4578 2372 4635 Verbum
2427 4582 2701 4637 hominem
2748 4584 2978 4653 sumpsit
3026 4585 3346 4654 perfectum,
3391 4591 3537 4643 exsi-

1959 4680 2188 4725 slentetu
2215 4686 2280 4725 ex
2317 4673 2524 4725 semine
2553 4674 2781 4727 Abrahae
2810 4683 2863 4728 et
2888 4674 3052 4727 David
3084 4676 3150 4739 ⁷⁸,
3182 4677 3251 4729 ita
3288 4687 3346 4730 ut
3373 4678 3535 4731 edixit

1962 4762 2265 4831 Scriptura,
2303 4763 2354 4816 id
2377 4764 2549 4831 ipsum
2589 4773 2778 4817 natura
2823 4766 3196 4833 exsistentem,
3239 4770 3379 4836 quod
3426 4769 3534 4822 fuc-

1958 4863 2082 4906 rant
2115 4854 2187 4908 illi
2216 4869 2492 4922 equorum
2528 4856 2730 4910 semine
2756 4866 2873 4911 erat
2903 4858 2969 4922 '7,
3010 4859 3279 4913 hominem
3324 4862 3531 4929 perfec-

1960 4955 2069 5000 tum
2094 4955 2309 5011 natura,
2335 4961 2400 4999 ex
2426 4948 2605 5001 anima
2637 4947 2967 5017 intelligente
3003 4961 3058 5004 et
3110 4966 3276 5006 carne
3301 4953 3533 5006 humana

1958 5048 2316 5105 constantem,
2341 5055 2496 5108 quem
2516 5040 2730 5109 quidem
2764 5042 3055 5105 hominem,
3081 5058 3201 5098 cum
3225 5058 3367 5099 esset
3395 5046 3532 5115 ejus-

1960 5132 2080 5186 dem
2126 5134 2411 5187 nobiscum
2465 5141 2691 5198 naturae,
2742 5133 2975 5203 Spiritus
3023 5137 3196 5191 sancti
3234 5138 3431 5193 virtute
3481 5138 3531 5191 in

1964 5234 2119 5277 utero
2151 5224 2386 5293 Virginis
2431 5223 2741 5290 formatum,
2792 5225 2991 5280 factum
3034 5227 3135 5283 sub
3165 5228 3298 5298 lege,
3338 5238 3396 5283 ut
3435 5246 3531 5283 nos

1958 5330 2147 5371 omnes
2177 5316 2466 5371 redimeret
2494 5331 2522 5368 a
2553 5317 2810 5372 servitute
2837 5317 2967 5387 legis
2991 5319 3056 5383 ⁷⁸,
3088 5319 3395 5374 hliationem
3417 5319 3528 5389 jam

1958 5407 2086 5461 olim
2115 5408 2546 5476 prmdestinatam
2575 5408 2815 5477 adeptos,
2847 5425 2970 5465 eum
2994 5411 3293 5466 admirabili
3324 5413 3528 5467 ratione

1958 5498 2234 5568 conjunxit
2277 5508 2331 5553 et
2361 5499 2912 5568 conglutinavitsibi,
2959 5512 3013 5555 et
3048 5512 3269 5557 mortem
3312 5505 3523 5573 quidem

1957 5589 2192 5644 humano
2218 5604 2366 5644 more
2384 5592 2534 5645 obire
2564 5590 2759 5659 voluit;
2784 5594 3062 5649 suscitavit
3083 5610 3209 5649 vero
3225 5595 3467 5649 eumdem
3493 5609 3521 5647 a

1565 5697 1609 5729 ""
1634 5696 1791 5753 Joan.
1828 5716 1864 5765 t,

1968 5743 1979 5756 .
2059 5700 2102 5730 τι
2133 5699 2258 5755 ibid.
2298 5700 2379 5755 ιθ.
2457 5699 2680 5756 "Joan.
2714 5718 2810 5770 vn,
2842 5704 2932 5763 42.
3009 5694 3053 5739 1‘1
3087 5706 3125 5759 ιι
3159 5705 3281 5759 Cor.
3318 5719 3393 5766 XI,
3425 5703 3514 5758 ~22.
