4048 6196
530 282 672 341 1279

1575 282 1631 337 S.
1674 281 1949 338 CYRILLI
1982 277 2450 335 ALEXANDRINI
2494 277 2811 333 ARCHIEP.

3676 280 3817 337 1280

533 391 787 460 mortuis,
815 398 871 448 et
896 393 1074 447 evexit
1101 392 1153 446 in
1184 392 1404 459 coelum,
1440 402 1495 447 et
1520 394 1806 449 collocavit
1847 410 1877 449 a
1914 394 2121 450 dextris

2227 392 2589 464 πειρασθῆναι
2618 393 3067 462 παρασκευάσας,
3109 392 3329 463 ἐγείρας
3371 391 3428 446 δὲ
3464 393 3531 445 ὲκ
3568 395 3813 463 νεκρῶν.

535 482 648 536 Dei.
676 478 830 536 Unde
858 488 914 535 et
943 494 1104 550 supra
1133 494 1349 534 omnem
1381 482 1653 537 exsistens
1675 480 2041 551 Principatum
2066 490 2122 537 et

533 572 858 637 Potestates,
884 570 1129 627 Virtutes
1158 588 1221 627 ac
1245 572 1673 642 Dominationes,
1705 584 1937 655 etsupra
1958 590 2120 631 omne

534 680 728 718 nomen
772 663 916 734 quod
956 664 1268 720 nominatur
1297 680 1401 720 non
1445 667 1618 723 solum
1664 668 1719 723 in
1751 668 1856 724 hoc
1899 668 2117 736 saeculo,

532 772 719 811 verum
743 756 907 811 etiam
938 756 990 811 in
1017 757 1196 814 futuro
1214 758 1358 823 ",ab
1378 760 1525 814 omni
1554 769 1804 817 creatura
1828 762 2118 828 adoratur;

534 856 719 916 utpote
746 848 1165 917 inseparabilem
1197 865 1320 905 cum
1357 850 1540 905 divina
1571 861 1764 907 natura
1793 853 2124 923 conjunctio-

533 957 658 996 nem
705 942 935 1007 habens,
971 941 1222 1012 quodque
1252 942 1344 999 Dei
1376 953 1623 1013 respectu
1650 954 1817 1014 atque
1847 945 2121 1000 intellectu

532 1034 711 1089 omnis
760 1044 1010 1090 creatura
1057 1036 1107 1090 ei
1159 1036 1534 1092 adorationem
1570 1035 1801 1092 deferat.
1850 1036 2015 1107 729
2055 1037 2122 1092 Et

536 1141 710 1196 neque
752 1128 887 1183 duos
929 1128 1159 1184 dicimus
1204 1127 1367 1189 ﬁlios.
1433 1143 1610 1199 neque
1655 1128 1790 1184 duos
1848 1130 2118 1185 dominos.

533 1219 667 1273 Cum
714 1229 894 1274 autem
946 1218 1116 1275 Filius
1166 1220 1237 1275 sit
1295 1220 1592 1275 secundum
1636 1220 1928 1276 essentiam
1980 1221 2122 1276 Deus

537 1309 796 1378 Verbum,
823 1310 1133 1379 unigenitus
1178 1309 1349 1364 Filius
1374 1309 1575 1376 Patris,
1612 1310 1699 1364 cui
1727 1310 1816 1366 hic
1839 1310 2122 1381 copulatus

533 1413 621 1458 est
664 1413 720 1458 et
768 1403 1066 1474 particeps,
1111 1417 1453 1459 communem
1492 1403 1652 1457 etiam
1687 1418 1811 1457 cum
1841 1417 1906 1459 eo
1935 1403 2119 1472 appel-

535 1495 790 1550 lationem
820 1495 1155 1565 gloriamque
1177 1494 1530 1549 nanciscitur.
1557 1492 1622 1547 Et
1648 1494 1908 1550 Dominus
1930 1510 2123 1550 secun-

536 1586 662 1640 dum
694 1586 989 1641 essentiam
1025 1585 1164 1639 Deus
1189 1584 1449 1649 Verbum,
1471 1584 1556 1638 cui
1577 1585 1862 1654 copulatus
1890 1586 1999 1651 hic,
2028 1588 2124 1642 ho-

537 1678 681 1733 noris
726 1678 889 1731 etiam
915 1676 1186 1746 particeps
1221 1675 1303 1742 (it,
1333 1684 1496 1745 atque
1540 1677 1738 1732 idcirco
1767 1692 1941 1747 neque
1987 1679 2123 1734 duos

534 1768 765 1823 dicimus
800 1767 959 1833 ﬁlios,
1012 1781 1189 1835 neque
1214 1768 1351 1823 duos
1375 1768 1641 1823 dominos.
1688 1768 1967 1838 Siquidem
1997 1784 2120 1825 cum

533 1859 852 1915 manifestus
886 1859 956 1914 sit
985 1858 1073 1928 qui
1110 1860 1348 1914 essentia
1396 1874 1491 1914 sua
1525 1869 1610 1914 est
1646 1860 1904 1915 Dominus
1945 1871 2000 1915 et
2028 1861 2119 1916 Fi-

536 1947 671 2015 lius,
718 1948 1133 2018 inseparabilem
1168 1949 1377 2005 habens
1420 1965 1543 2005 cum
1581 1964 1646 2005 eo
1678 1950 2119 2020 conjunctionem

534 2040 581 2095 is
610 2041 700 2110 qui
727 2048 926 2096 nostrae
953 2040 1142 2095 salutis
1174 2056 1339 2096 causa
1363 2053 1613 2112 sumptus
1643 2052 1746 2108 est,
1771 2042 1931 2097 simul
1955 2046 2120 2099 etiam

536 2131 766 2187 infertur
810 2142 972 2202 atque
1015 2133 1333 2204 intelligitur
1374 2149 1500 2189 cum
1539 2134 1898 2205 appellatione
1957 2146 2122 2206 atque

535 2223 702 2293 gloria
730 2222 848 2278 Filii
874 2235 927 2279 et
958 2224 1194 2279 Domini.

605 2319 673 2371 A.
710 2314 754 2371 Ο
784 2316 1059 2386 ingentem
1088 2316 1417 2386 imperitiam
1452 2326 1619 2389 atque
1644 2321 1911 2376 insaniam
1932 2329 2119 2378 eorum

534 2407 626 2477 qui
658 2406 731 2461 ita
766 2422 889 2463 sese
924 2422 1037 2463 rem
1074 2408 1276 2464 habere
1314 2408 1418 2465 sibi
1458 2412 1819 2481 persuadent!
1869 2415 2122 2471 lncredu-

538 2500 663 2555 litas
688 2500 831 2556 enim
866 2514 1013 2556 mera
1039 2510 1124 2556 est
1152 2501 1266 2556 haec
1301 2518 1389 2558 res
1420 2504 1816 2575 impiarumque
1854 2507 2123 2562 inventio—

536 2608 664 2647 num
699 2593 934 2660 novitas,
967 2601 1023 2648 et
1052 2595 1216 2649 totius
1247 2595 1446 2651 divinae
1468 2611 1747 2665 sacraeque
1777 2600 2121 2667 praedicatio-

537 2685 621 2739 nis
673 2684 990 2748 subversio,
1041 2700 1162 2754 qua:
1211 2701 1376 2741 unum
1429 2702 1551 2743 esse
1603 2688 1888 2743 Dominum
1935 2690 2122 2745 Iesum

534 2773 811 2828 Christum
858 2772 1056 2827 Filium
1101 2773 1197 2829 Dei
1239 2776 1563 2845 proclamat,
1594 2777 1847 2831 nimirum
1887 2779 2122 2835 Verbum

534 2880 601 2919 ex
648 2866 757 2921 Deo
790 2866 949 2920 Patre
984 2866 1260 2922 hominem
1306 2868 1510 2922 tactum
1560 2878 1723 2938 atque
1756 2871 2121 2938 incarnatum,

537 2959 611 3010 ita
648 2966 707 3009 ut
732 2955 804 3010 sit
834 2956 946 3025 ipse
996 2954 1140 3010 Deus
1171 2955 1329 3010 simul
1357 2966 1410 3011 et
1433 2958 1629 3023 homo;
1662 2967 1717 3012 et
1746 2958 1906 3014 unius
1942 2960 2122 3015 omnia

536 3044 737 3110 divina,
763 3059 828 3099 ac
863 3056 1123 3113 prmterea
1158 3046 1416 3101 humana.
1451 3047 1549 3103 llic
1586 3050 1729 3104 enim
1754 3066 1878 3106 cum
1909 3068 2125 3118 semper
2152 3080 2195 3137 ο

535 3136 764 3191 exsistat
806 3146 1075 3206 quatenus
1110 3148 1194 3191 est
1234 3138 1396 3202 Deus,
1445 3141 1780 3198 nativitatem
1824 3147 2120 3200 secundum

535 3241 754 3281 carnem
788 3243 854 3283 ex
882 3228 1106 3282 muliere
1133 3231 1320 3285 subiit.
1357 3231 1529 3287 Unius
1561 3233 1744 3303 itaque
1788 3245 1949 3304 atque
1981 3235 2123 3304 ejus-

534 3320 654 3375 dem
692 3330 795 3383 cst,
841 3330 896 3376 et
929 3321 998 3376 ab
1038 3331 1244 3377 :eterno
1277 3339 1399 3378 esse
1434 3335 1597 3395 atque
1628 3326 1944 3393 subsistere,
1975 3340 2030 3383 et
2071 3330 2123 3383 iu

535 3411 739 3466 ultimis
777 3412 1109 3481 temporibus
1151 3414 1447 3468 secundum
1478 3430 1697 3471 carnem
1743 3426 1929 3471 natum
1975 3433 2118 3473 esse.

536 3501 636 3568 Qui
686 3519 809 3557 cum
862 3505 933 3558 sit
979 3515 1200 3561 sanctus
1249 3506 1548 3561 secundum
1600 3518 1891 3595 naturam,
1939 3520 2126 3580 utpote

538 3593 697 3659 Deus,
734 3594 1108 3651 sanetiﬁcatus
1128 3608 1210 3653 est
1237 3601 1552 3664 nobiscum,
1581 3610 1853 3670 quatenus
1875 3605 2126 3673 apparuit

537 3687 717 3750 boum,
750 3686 835 3739 cni
865 3691 1083 3756 proprie
1118 3693 1379 3746 c0nvenit
1420 3693 1772 3748 sanetitieari.
1800 3695 2041 3766 Ctnuqne
2069 3709 2127 3751 ut

535 3787 732 3830 natura
770 3777 1031 3833 Dominus
1059 3797 1270 3834 summa
1298 3783 1564 3851 dignitate
1590 3786 1903 3850 excelleret,
1938 3788 2121 3842 servili

536 3870 710 3921 fortuna
758 3878 815 3923 ut
866 3872 1084 3939 prOpria
1135 3888 1436 3943 assumpta,
1478 3875 1691 3931 Patrem
1746 3894 1901 3932 suum
1955 3879 2123 3934 Deum

535 3964 767 4026 vocavit,
792 3973 847 4016 et
878 3980 1002 4017 cum
1036 3964 1150 4034 ipse
1189 3969 1261 4021 sit
1301 3969 1411 4021 vita
1455 3978 1509 4022 et
1541 3968 1842 4035 viviﬁcans,
1871 3979 1925 4025 ut
1962 3971 2122 4040 Deus,

535 4058 837 4110 vivilicatus
870 4073 898 4109 a
941 4058 1101 4134 Patre
1131 4075 1252 4115 esse
1296 4062 1515 4128 dicitur,
1542 4073 1808 4131 quatenus
1850 4064 2011 4119 homo
2041 4064 2122 4119 fa-

534 4159 652 4201 ctus
678 4158 781 4203 est.
809 4148 1002 4203 Omnia
1027 4150 1209 4220 itaque
1233 4151 1403 4221 ipsius
1427 4165 1576 4219 sunt,
1599 4164 1654 4209 et
1677 4171 1781 4210 non
1807 4156 2126 4227 dedignatus

531 4249 614 4294 est
647 4238 1170 4296 administrationem
1214 4244 1266 4298 in
1304 4260 1487 4312 carne,
1522 4262 1683 4315 quam
1716 4258 1771 4302 et
1810 4248 1977 4304 Pater
2007 4251 2127 4320 ipse

532 4333 906 4402 comprobavit
932 4352 946 4388 :
980 4334 1249 4404 siquidem
1275 4351 1401 4390 vera
1436 4347 1563 4391 sunt
1594 4354 1716 4407 qua:
1745 4339 1944 4395 Paulus
1968 4343 2117 4397 dicit.

2223 484 2316 538 καὶ
2342 482 2636 552 ἀναγαγὼν
2675 486 2753 545 εἰς
2777 482 3028 552 οὐρανὸν,
3066 483 3160 536 καὶ
3213 483 3441 547 καθίσας
3493 486 3561 537 ὲκ
3612 485 3814 550 δεξιιίιν

2218 573 2314 628 τοῦ
2339 573 2668 628 Θεοῦ.”Οθεν
2693 574 2758 643 δὴ
2794 574 3050 644 ὑπεράνω
3094 575 3274 644 πάσης
3304 575 3568 645 ὑπάρχων
3608 575 3813 647 Ἀρχῆς

2219 683 2280 719 τε
2310 667 2405 720 καὶ
2435 665 2733 730 Ἐξουσίας,
2760 663 2857 718 καὶ
2885 664 3197 733 Δυνάμεως,
3214 664 3308 717 καὶ
3324 665 3696 734 κυριότητος,
3720 667 3816 720 καὶ

2221 758 2421 821 παντὸς
2447 757 2707 827 ὀνόματος
2730 755 3132 826 ὀνομαζομένου
3162 740 3263 809 οὑκ
3287 756 3346 809 ὲν
3386 756 3463 827 τῷ
3488 756 3661 811 αἰῶνι
3691 756 3835 811 τοὺ-’

2219 866 2298 920 τῳ
2325 850 2505 920 μόνον,
2531 848 2667 903 ἀλλά
2693 848 2788 901 καὶ
2821 849 2879 900 ὲν
2906 846 2986 917 τῷ
3023 846 3291 916 μέλλοντι,
3314 848 3413 918 τὴν
3443 849 3603 918 παρὰ
3628 849 3818 919 πάσης

2219 942 2323 1012 τῆς
2374 942 2602 1004 κτίσεως
2645 942 2862 1012 δέχεται
2915 939 3317 1010 προσκύνησιν,
3367 940 3443 1004 ὼς
3499 940 3814 1011 ἀχώριστον

2221 1035 2362 1105 πρὸς
2397 1033 2494 1104 τὴν
2537 1033 2688 1088 θείαν
2714 1033 2875 1103 φύσιν
2903 1031 3043 1103 ἔχων
3065 1032 3163 1104 τὴν
3209 1033 3531 1100 συνάφειαν,
3559 1035 3814 1104 ἀναφορᾷ

2220 1128 2356 1182 Θεοῦ
2383 1129 2479 1182 καὶ
2516 1127 2695 1198 ἐννοίᾳ
2720 1126 2901 1197 πάσης
2927 1127 3077 1197 αὑτῷ
3113 1127 3214 1196 τῆς
3244 1126 3472 1188 κτίσεως
3512 1125 3617 1196 τὴν
3646 1144 3813 1196 προσ⁴

2222 1220 2450 1290 κὺνησιν
2468 1218 2868 1288 ἀπονεμοὺσης,
2890 1220 2988 1272 καὶ
3008 1218 3140 1279 οὔτε
3163 1218 3258 1272 δύο
3278 1217 3459 1287 φαμὲν
3482 1219 3668 1282 υἱοὺς,
3687 1219 3809 1271 οὒτε

2219 1311 2315 1366 δύο
2346 1311 2566 1381 κυρίους
2588 1327 2599 1339 ⁸
2622 1310 2809 1381 ἐπειδὴ
2828 1309 2884 1364 δὲ
2906 1311 3033 1374 Υἱὸς
3050 1312 3171 1364 κατ’
3192 1310 3379 1363 οὑσίαν
3405 1311 3432 1362 ὁ
3452 1309 3589 1372 Θεὸς
3610 1311 3808 1378 Λόγος,

2220 1407 2249 1459 ὁ
2294 1403 2592 1476 μονογενὴς
2623 1404 2751 1467 Υἱὸς
2769 1402 2866 1455 τοῦ
2888 1404 3120 1473 Πατρὸς,
3157 1396 3311 1471 ᾧπερ
3340 1394 3496 1464 οὗτος
3520 1404 3815 1473 συνημμέ-

2220 1515 2307 1562 νος
2331 1514 2391 1550 τε
2421 1498 2518 1551 καὶ
2547 1497 2810 1567 μετέχων,
2835 1498 3084 1548 κοινωνεῖ
3120 1496 3217 1565 τῆς,
3258 1494 3391 1547 Υἱοῦ
3426 1497 3814 1565 προσηγορίας

2221 1591 2315 1645 καὶ
2341 1592 2527 1660 τιμῆς,
2578 1588 2673 1641 καὶ⁸
2709 1587 2914 1658 Κύριος
2951 1590 3071 1641 κατ’
3103 1586 3295 1640 οὐσίαν
3317 1589 3345 1640 ό
3375 1587 3509 1651 Θεὸς
3534 1589 3736 1655 Λόγος,
3767 1582 3816 1656 ᾧ

2224 1683 2568 1754 συνημμένος
2587 1674 2763 1745 οὗτος,
2792 1681 3041 1733 κοινωνεῖ
3058 1680 3154 1748 τῆς
3178 1679 3369 1749 τιμῆς.
3395 1680 3505 1732 Καὶ
3534 1679 3626 1732 διὰ
3650 1680 3816 1733 τοῦτο

2222 1773 2344 1829 οῦτε
2379 1773 2472 1827 δύο
2507 1773 2689 1843 φαμὲν
2747 1772 2933 1834 υἱοὺς,
2988 1769 3112 1823 οὔτε
3157 1771 3252 1823 δύο
3301 1771 3549 1840 κυρίους.
3584 1770 3815 1841 Ἐπειδὴ

2221 1865 2380 1934 δήλου
2409 1865 2502 1918 τοῦ
2525 1864 2644 1917 κατ’
2677 1862 2862 1916 οὑσίαν
2884 1861 3034 1924 ὄντος
3058 1860 3267 1930 Κυρίου
3294 1861 3389 1914 καὶ
3418 1860 3571 1927 Υἱοῦ,
3599 1862 3816 1933 ἀχώρι-

2224 1975 2348 2012 στον
2398 1957 2537 2027 ἔχων
2564 1955 2664 2026 τὴν
2699 1954 2833 2024 πρὸς
2879 1954 3045 2007 αὑτὸν
3078 1955 3377 2022 συνάφεια-δ
3407 1957 3436 2007 ὁ
3474 1956 3575 2024 τῆς
3602 1956 3816 2025 ἡμετέ-

2226 2068 2325 2121 ρας
2361 2049 2633 2121 σωτηρίας
2659 2046 2887 2117 ληφθεὶς
2921 2046 3127 2107 ἕνεκεν,
3173 2046 3605 2116 συναναφέρεται
3637 2051 3708 2118 τῇ
3750 2062 3816 2099 τε

2222 2139 2484 2212 ὀνομασίᾳ
2516 2139 2611 2192 καὶ
2635 2141 2700 2209 τῆ
2726 2140 2859 2207 τιμῇ
2882 2136 2973 2189 τοῦ
3011 2136 3137 2189 Υίοῦ
3170 2136 3377 2190 καὶτοῦ
3412 2138 3644 2209 Κυρίου.

2295 2318 2358 2369 Α.
2402 2315 2573 2368 Βαὸαὶ
2610 2316 2709 2383 τῆς
2759 2312 3049 2375 ἀσυνεσίας
3098 2312 3190 2364 καὶ
3241 2312 3556 2383 ἐμπλήκτου
3606 2314 3814 2385 φρενὸς

2225 2409 2331 2463 τῶν
2375 2402 2476 2462 ὦδε
2521 2405 2675 2459 ταῦτ’
2716 2405 2861 2475 ἔχειν
2904 2405 3005 2458 οὑκ
3054 2400 3149 2458 οἷδ’
3189 2407 3331 2468 ὅπως
3380 2404 3811 2474 ὑπειληφότωνῑ

2225 2499 2451 2554 ἀπιστία
2476 2497 2586 2568 γὰρ
2610 2496 2671 2550 τὸ
2698 2496 2908 2569 χρῆμα,
2941 2496 3037 2550 καὶ
3076 2497 3255 2569 ἕτερον
3279 2496 3449 2561 οὐδὲν,
3482 2496 3576 2548 καὶ
3602 2496 3818 2549 60603-

2224 2590 2336 2644 δῶν
2370 2589 2690 2662 εὑρεμάτων
2718 2587 2997 2656 καινότης,
3041 2587 3136 2659 καὶ
3171 2586 3447 2656 ἀνατροπὴ
3483 2586 3597 2638 τῶν
3649 2585 3815 2638 θείων

2224 2700 2284 2735 τε
2327 2683 2422 2737 καὶ
2468 2680 2627 2749 ἱερῶν
2655 2678 3045 2750 κηρυγμάτων,
3076 2678 3172 2731 ἕνα
3200 2678 3401 2748 Κύριον
3442 2676 3660 2746 Ἰησοῦν
3686 2678 3815 2747 X9:-

2228 2772 2372 2838 στὸν,
2404 2772 2496 2825 τὸν
2525 2770 2653 2827 Υίὸν
2680 2769 2773 2824 τοῦ
2807 2769 2943 2822 Θεοῦ
2974 2770 3438 2841 διακεκραγότων,
3473 2769 3564 2822 τὸν
3587 2770 3652 2821 ὲκ
3671 2769 3810 2821 Θεοῦ

2228 2864 2440 2935 Πατρὸς
2469 2863 2711 2934 δηλονότι
2749 2862 2917 2928 Λόγον
2953 2860 3453 2931 ὲνανθρωπήσαντα
3481 2861 3576 2914 καὶ
3608 2877 3808 2931 sae-ap-

2227 2955 2495 3026 κωμένον,
2539 2953 2679 3006 ὥστε
2724 2952 2862 3006 εἶναι
2890 2952 2981 3005 τὸν
3011 2952 3192 3015 αὑτὸν,
3231 2951 3363 3003 Θεὸν
3392 2951 3529 3021 ὁμοῦ
3577 2951 3674 3004 καὶ
3716 2953 3813 3005 ﬁv-

2229 3051 2463 3121 θρωπον,
2492 3052 2585 3104 καὶ
2609 3052 2727 3113 ἑνὸς
2747 3050 2813 3103 τὰ
2844 3048 3021 3102 πάντα
3042 3049 3111 3102 τά
3138 3048 3440 3117 θεοπρεπῆ,
3463 3047 3556 3100 καὶ
3585 3047 3811 3118 προσέτι

2228 3143 2298 3196 τὰ
2328 3140 2664 3212 ἀνθρώπινα.
2704 3136 2872 3204 υὺτος
2902 3140 3009 3213 γάρ
3036 3141 3297 3209 ὑπάρχων
3319 3140 3405 3192 ἀεὶ
3435 3139 3530 3192 καὶ
3574 3139 3812 3207 Opes-:1;-

2228 3232 2339 3297 κὼς
2384 3226 2527 3288 κατά
2558 3251 2622 3303 γε
2658 3234 2719 3287 τὸ
2762 3229 2901 3286 εἶναι
2935 3232 3087 3296 Θεὸς,
3138 3231 3397 3303 ὑπέμεινε
3428 3231 3687 3301 γέννησιν
3712 3231 3812 3303 τὴν

2227 3328 2367 3382 κατὰ
2412 3329 2590 3399 σάρκα
2641 3329 2706 3380 ὲκ
2757 3326 3035 3394 γυναικός.
3096 3325 3245 3388 Ἐνὸς
3288 3319 3383 3379 οῦν
3420 3326 3530 3395 ἄρα
3578 3326 3671 3378 καὶ
3714 3325 3809 3378 τοῦ

2225 3418 2391 3473 αὑτοῦ
2439 3421 2533 3472 καὶ
2566 3419 2625 3472 τὸ
2658 3418 2848 3481 ἁῖδίως
2903 3413 3044 3471 εἶναι
3079 3417 3174 3471 καὶ
3225 3417 3568 3486 ὑφεστάναι,
3604 3419 3701 3470 καὶ
3749 3419 3809 3470 ἐν

2226 3514 2475 3585 ἐσχάτοις
2510 3516 2720 3583 καιροῖς
2768 3511 2912 3565 κατά
2943 3512 3119 3580 σάρκα
3163 3511 3515 3580 γεννηθῆναι.
3564 3511 3624 3573 ὃς
3658 3513 3805 3579 ᾰγιος

2230 3602 2305 3657 ὣν
2352 3604 2492 3659 κατά
2534 3602 2697 3671 φύσιν
2726 3601 2801 3665 ὡς
2846 3600 2998 3665 Θεὸς,
3033 3600 3288 3672 ήγιάζετο
3332 3599 3449 3671 μεθ’
3486 3602 3647 3670 ἡμων
3675 3600 3806 3653 καθὸ

2229 3696 2472 3766 πέφηνεν
2501 3694 2805 3765 ἅνθρωπος,
2840 3687 2995 3765 ᾧπερ
3030 3693 3096 3747 ἂν
3129 3694 3330 3763 πρέποι
3359 3692 3422 3745 τὸ
3448 3691 3806 3760 ἀγιάςεσθαιο

2228 3788 2321 3841 καὶ
2356 3789 2414 3841 ὲν
2440 3788 2789 3850 Δεσποτικοίς
2826 3785 3089 3856 ὑπάρχων
3132 3784 3424 3856 ἀξιώμασι,
3469 3786 3567 3837 καὶ
3594 3785 3694 3856 τὴν
3718 3784 3807 3838 τοῦ

2226 3878 2412 3932 δούλου
2450 3878 2661 3949 μορφὴν
2694 3878 2769 3940 ὠς
2800 3876 2934 3930 ἰδίαν
2967 3877 3128 3947 ἔχων,
3158 3876 3292 3929 Θεὸν
3324 3876 3611 3947 ὠνόμαζεν
3644 3874 3805 3930 αὑτοῦ

2226 3970 2319 4026 τὸν
2333 3969 2571 4040 Πατέρα·
2602 3967 2742 4040 [καὶ]
2761 3967 2873 4040 ζωὴ
2890 3969 2984 4021 καὶ
3002 3969 3263 4033 ζωοποιὸς
3281 3969 3544 4040 ὑπάρχων
3563 3969 3638 4032 ὡς
3656 3968 3803 4033 Θεὸς,

2227 4058 2607 4125 ζωοποιεῖσοαι
2644 4059 2866 4127 λέγεται
2910 4060 3062 4131 παρὰ
3090 4060 3186 4113 τοῦ
3218 4061 3429 4131 Πατρὸς
3461 4061 3598 4113 καθὸ
3630 4060 3806 4129 πέτρη-

2226 4166 2316 4201 νεν
2337 4149 2642 4219 ἄνθρωπος.
2667 4149 2853 4203 Πάντα
2877 4149 3057 4201 τοίνυν
3082 4149 3244 4203 αὑτοῦ
3263 4189 3279 4213 ,
3306 4151 3398 4203 xui.
3421 4150 3520 4202 οὑκ
3550 4149 3809 4220 ἀτιμάζει

2227 4242 2324 4312 τὴν
2350 4242 2682 4311 οἰκονομίαν,
2697 4244 2763 4311 ἣν
2789 4242 2882 4294 καὶ
2904 4242 3067 4306 αὑτὸς
3092 4241 3351 4311 ἐπῄνεσεν
3368 4244 3396 4295 ὁ
3419 4242 3626 4313 Πατὴρ,
3650 4244 3806 4312 εἴπερ

2227 4334 2375 4387 ἐστὶν
2421 4333 2597 4403 ἀληθῆ
2648 4332 2718 4386 τὰ
2760 4332 2849 4386 διά
2892 4333 2994 4401 τῆς
3039 4333 3133 4387 τοῦ
3168 4334 3382 4388 Παύλου
3429 4335 3632 4403 φωνῆς.
3670 4334 3806 4387 Ποτὲ

533 4424 677 4479 Alibi
698 4425 841 4479 enim
868 4426 940 4479 ita
971 4427 1049 4481 ait
1078 4445 1091 4480 :
1128 4444 1145 4477 ι
1185 4425 1429 4495 Eumqui
1458 4444 1562 4482 non
1597 4441 2122 4500 noveratpeeeatutr.

2229 4426 2328 4496 μὲν
2355 4424 2463 4495 γὰρ
2492 4423 2619 4494 ἔφη’
2643 4444 2662 4476 ι
2689 4424 2793 4478 Τὸν
2818 4424 2895 4495 μὴ
2912 4424 3109 4493 γνόντα
3138 4426 3434 4495 ἁμαρτίαν,
3472 4424 3612 4493 ὑπὲρ
3648 4424 3808 4493 ἡμῶν

532 4534 628 4586 pro
666 4516 820 4570 nobis
847 4530 1136 4587 peceatum
1166 4519 1318 4583 fecit,
1348 4532 1407 4574 ut
1432 4537 1530 4576 nos
1556 4522 1746 4577 tiamus
1771 4523 1985 4591 iustitia
2022 4524 2120 4581 Dei

532 4610 586 4664 in
612 4610 729 4678 ipso
752 4610 819 4677 ⁸⁰;
835 4628 852 4659 ι
873 4610 1142 4665 alibivero
1165 4627 1378 4666 rursum
1405 4628 1460 4666 τι
1487 4612 1588 4678 Qui
1612 4614 1832 4683 proprio
1850 4614 1988 4669 Filio
2014 4632 2119 4671 non

531 4704 792 4773 pepercit,
828 4704 922 4760 sed
958 4720 1057 4775 pro
1090 4706 1248 4761 nobis
1295 4705 1547 4760 omnibus
1593 4704 1814 4760 tradidit
1850 4706 2023 4772 illum,
2064 4717 2123 4762 ut

532 4807 585 4849 ct
627 4814 750 4851 cuiu
786 4798 905 4867 ipso
950 4798 1132 4852 omnia
1178 4798 1335 4853 nobis
1375 4797 1638 4868 largiatur
1658 4798 1725 4851 ⁸⁸.
1759 4817 1779 4851 ι
1820 4798 1975 4852 Anne
2027 4799 2121 4853 tibi

531 4901 895 4945 consentanea
939 4890 1111 4946 sacris
1155 4890 1375 4947 Litteris
1412 4891 1679 4946 sententia
1723 4907 1842 4947 mea
1871 4892 2123 4948 videtur?

603 5071 659 5123 ll.
702 5071 962 5127 Omnino.

603 5162 668 5214 Λ.
713 5163 770 5216 Si
804 5178 953 5225 vero,
991 5170 1051 5217 ut
1077 5162 1373 5217 adversarii
1422 5161 1609 5216 volunt
1636 5161 1848 5231 sibique
1891 5176 2114 5231 persua-

534 5250 683 5315 dent,
720 5254 1053 5323 unigenitum
1100 5254 1191 5310 Dei
1236 5254 1490 5318 Verbum,
1526 5264 1750 5322 accepto
1799 5254 2017 5307 homine
2045 5268 2111 5307 ex

2230 4518 2504 4588 ἁμαρτίαν
2536 4516 2814 4587 ἐποίησεν,
2856 4516 2945 4569 ἴνα
2975 4517 3135 4584 ἡμεῖς
3164 4516 3448 4586 γενώμεθα
3491 4516 3806 4582 δικαιοσύνη

2228 4608 2363 4663 Θεοῦ
2399 4610 2457 4661 ἐν
2485 4607 2663 4679 αὑτῷο
2704 4626 2722 4659 ι
2752 4608 2883 4662 ποτὲ
2916 4607 2976 4660 δὲ
3006 4607 3167 4660 πάλιν
3190 4622 3205 4635 ο
3247 4626 3265 4658 ι
3310 4608 3406 4669 ’ος
3445 4624 3511 4675 γε
3542 4605 3640 4658 τοῦ
3677 4606 3803 4659 ἰδίου

2231 4701 2363 4756 Υἱοῦ
2400 4703 2502 4756 οὑκ
2532 4700 2807 4770 ἐφείσατο,
2847 4699 2960 4753 ἀλλ’
2994 4698 3133 4769 ὑπὲρ
3156 4698 3316 4770 ἡμῶν
3349 4699 3610 4753 ἁπάντων
3662 4715 3807 4769 παρ-

2230 4790 2429 4846 έδωκεν
2446 4791 2629 4852 αὑτὸν,
2649 4792 2737 4844 ἵνα
2766 4791 2864 4844 καὶ
2890 4788 2988 4842 σὺν
3017 4790 3164 4860 αὑτῷ
3192 4789 3261 4843 τὰ
3291 4790 3466 4844 πάντα
3490 4791 3623 4859 ἡμῖν
3655 4785 3807 4857 χαρί-

2228 4898 2411 4952 σηται.
2447 4901 2464 4933 ι
2501 4878 2627 4953 ’Ἆρ’
2647 4876 2738 4934 οὖν
2776 4880 2877 4932 οὑκ
2908 4879 3037 4932 eoeo
3073 4879 3277 4933 σκοποῦ
3305 4880 3412 4933 τῶν
3438 4877 3601 4934 ίεοῶν
3624 4878 3807 4949 Γραμ·

2228 4974 2480 5045 μάτωνὸ
2510 4974 2645 5044 πρὸς
2672 4974 2705 5044 ἠ
2714 4972 2831 5042 μῶν
2865 4974 2981 5027 ἐστι
3009 4972 3200 5041 λόγος;

2296 5067 2356 5120 Β.
2401 5066 2523 5129 Πῶς
2550 5065 2657 5135 γὰρ
2689 5065 2787 5130 οῦς

2293 5160 2358 5214 Α.
2403 5160 2463 5212 Εἰ
2489 5159 2545 5212 δὲ
2575 5159 2657 5229 δὴ,
2693 5158 2837 5213 καθά
2865 5174 3030 5227 φασιν
3062 5157 3112 5211 οἱ
3144 5158 3209 5213 δι’
3252 5156 3501 5220 ἐναντίας
3535 5156 3635 5209 καὶ
3667 5172 3803 5226 φρο·

2223 5253 2333 5305 νεῖν
2360 5250 2686 5319 ἐγνώκασιν,
2707 5252 2737 5304 ὁ
2770 5251 3062 5323 μονογενὴς
3104 5251 3201 5305 τοῦ
3231 5250 3366 5305 Θεοῦ
3400 5250 3595 5318 Λόγος,
3625 5248 3807 5301 λαϐὼν

534 5341 742 5397 semine
785 5344 956 5400 David
985 5356 1040 5401 et
1085 5347 1383 5413 Abraham,
1418 5346 1583 5417 730
1612 5346 1833 5399 formari
1878 5345 2027 5398 illum
2066 5344 2116 5396 itt

2226 5344 2504 5414 ἄνθρωπον
2556 5345 2620 5396 ἐκ
2670 5344 2987 5416 σπέρματος
3031 5344 3124 5398 τοῦ
3174 5342 3466 5397 θεσπεσίου
3513 5341 3680 5395 Δαὸὶδ
3714 5339 3809 5394 καὶ

537 5444 726 5490 sancta
751 5436 965 5505 Virgine
986 5439 1216 5504 curavit,
1234 5450 1395 5508 atque
1413 5440 1555 5494 hunc
1573 5438 1672 5493 sibi
1700 5438 1800 5509 ipsi
1824 5437 2118 5508 copulavit,

539 5535 879 5595 mortemque
928 5529 1164 5595 experiri
1217 5531 1407 5594 voluit,
1461 5546 1668 5585 necnon
1717 5531 2034 5586 suscitatum
2089 5544 2120 5583 e

610 5702 657 5737 ν’
684 5703 918 5775 Ephes.l
973 5700 1064 5769 20,
1092 5701 1181 5756 ει.
1261 5700 1305 5731 ³⁰
1333 5699 1377 5753 Π
1419 5701 1540 5756 Cor.
1585 5718 1633 5768 v,
1664 5703 1749 5753 ει.

2231 5434 2505 5508 Ἀϐραὰμ,
2540 5436 2841 5505 πλασθῆναι
2887 5436 2984 5509 μὲν
3019 5439 3080 5490 ἐν
3106 5440 3173 5509 τῇ
3207 5437 3339 5508 ἁγίᾳ
3373 5435 3638 5505 Παρθένῳ
3667 5450 3807 5504 mp.

2223 5527 2489 5582 εσκεὺασέ
2516 5545 2572 5581 τε
2614 5530 2706 5581 καὶ
2728 5528 2910 5582 τοῦτον
2941 5527 3118 5599 ἐαυτῷ
3167 5530 3395 5599 συνῆψε,
3428 5527 3522 5581 καὶ
3567 5526 3806 5580 θανάτου

1834 5702 1875 5732 ’δι
1920 5701 2073 5755 Rom.
2111 5716 2228 5765 vttt,
2260 5698 2347 5754 3‘2.
