4038 6200
265 240 400 296 1281

1400 240 1589 308 QUOD
1627 245 1820 306 UNUS
1859 246 1970 307 SIT
2005 250 2383 310 CHRISTUS.

3412 261 3551 317 ίὲεὲ

265 352 569 422 πεποίηκεν
596 353 676 415 εἰς
703 353 901 422 πεῖραν
928 349 1124 414 ἐλθεῖν,
1154 350 1249 403 καὶ
1281 351 1387 423 μὴν
1417 354 1510 406 καὶ
1542 356 1766 425 ἐγείρας
1794 359 1851 411 ὲκ

1966 364 2196 418 mortuis
2229 365 2280 419 in
2312 362 2509 419 coelum
2539 367 2781 436 sustulit,
2813 376 2868 424 et
2918 368 2986 424 ad
3016 368 3301 424 dexteram
3342 372 3435 428 Dei
3468 390 3549 429 se-

266 443 477 513 νεκρῶν
509 442 836 515 ἀνεκόμισεν
861 445 942 505 εἰς
970 444 1064 495 τὸν
1107 442 1359 513 οὐρανὸν,
1390 444 1484 497 καὶ
1511 445 1768 501 ἐκάθισεν
1800 449 1859 501 ὲν

263 534 416 607 δεξιᾷ
463 516 565 589 τοῦ.
600 534 734 588 Θεοῦ
760 551 774 566 ·
810 534 1106 605 περιττῶς,
1156 534 1233 597 ὡς
1274 533 1439 601 ἔοικε,
1475 536 1611 608 πρός
1658 555 1715 591 τε
1751 538 1859 592 τῶν

266 626 441 695 ἁγίων
470 627 744 695 πατέρων,
777 628 872 679 καὶ
904 627 1044 697 πρός
1066 642 1130 694 γε
1166 626 1324 696 ἡμῶν
1351 628 1550 693 αὐτῶν,
1587 630 1683 683 καὶ
1710 632 1860 685 ἀπά-

264 734 367 788 σης
406 736 468 786 γε
500 718 600 787 τῆς
647 717 1010 772 θεοπνεύστου
1047 718 1272 791 Γραφῆς
1303 719 1727 795 ὲνανθρωπῆσαι
1773 724 1860 778 λέ-

239 869 251 893 ⁴
283 828 437 879 γεται
463 826 475 837 ·
507 810 659 880 δηλοῖ
704 811 835 883 γάρ,
878 808 1053 880 οἶμαι,
1090 811 1263 876 τουτὶ,
1296 814 1389 866 καὶ
1420 813 1606 886 ἕτερον
1633 817 1805 884 οὐδὲν,
1830 819 1859 870 ό

270 904 542 972 πάνσοφος
582 903 856 972 Ἰωάννης,
890 900 1206 973 γεγραφὼς,
1234 903 1317 957 ὅτι
1355 922 1375 956 ι
1425 904 1485 958 '0
1513 907 1688 975 Λόγος
1720 908 1858 978 σὰρξ

271 994 506 1061 ἐγένετο.
539 1013 556 1046 ι
603 992 1032 1066 Ἀντέστραπται
1066 994 1147 1060 δὲ,
1199 996 1341 1050 κατά
1386 996 1447 1050 τὸ
1499 999 1668 1064 εἰκὸς,
1720 1000 1858 1068 πρὸς

268 1087 375 1138 πᾶν
403 1086 737 1148 τούναντίον,
770 1086 868 1158 τῆς
900 1088 1041 1158 μετά
1089 1090 1291 1160 σαρκὸς
1316 1090 1627 1161 οἰκονομίας
1654 1092 1715 1144 τὸ
1752 1110 1857 1163 μυ-

267 1178 513 1247 στήριον.
547 1178 620 1231 Ού
646 1178 753 1249 γάρ
783 1178 930 1233 ἔστιν
980 1179 1127 1243 ίδείν,
1170 1181 1246 1243 ὡς
1284 1182 1417 1246 Θεὸς
1444 1181 1520 1236 ὢν
1560 1184 1720 1252 φύσει
1763 1186 1858 1240 καὶ

265 1268 333 1320 ἐκ
380 1267 515 1320 Θεοῦ
563 1270 819 1339 πεφηνὼς
853 1272 881 1323 ὁ
918 1270 1109 1340 Λόγος,
1157 1273 1401 1343 καθῆκεν
1433 1276 1623 1328 ἑαυτὸν
1656 1280 1737 1339 είς
1766 1280 1856 1331 κέ-

269 1377 464 1424 νωσιν,
521 1361 733 1433 μορφὴν
784 1362 971 1416 δούλου
1022 1363 1239 1430 λαϐὼν,
1304 1368 1398 1419 καὶ
1454 1369 1855 1424 τεταπείνωκεν

266 1454 478 1518 ἑαυτὸν,
531 1448 647 1507 ἀλλ’
686 1455 750 1508 ἐκ
788 1474 851 1525 γε
898 1457 1004 1511 τῶν
1049 1459 1329 1525 ἐναντίων,
1370 1462 1706 1532 ἀνεκομίσθη
1756 1463 1855 1534 μὲν

264 1544 549 1614 ἅνθρωπος
585 1547 664 1609 είς
693 1546 790 1617 τὴν
822 1549 920 1619 τῆς
961 1548 1211 1620 θεότητος
1250 1550 1429 1618 δόξαν,
1463 1555 1555 1606 καὶ
1584 1555 1684 1626 τὴν
1714 1557 1857 1611 κατά

268 1638 489 1691 πάντων
538 1638 835 1709 ὑπεροχὴν,
870 1639 1031 1694 ἔλαϐε
1072 1641 1126 1694 δὲ
1161 1643 1256 1695 καὶ⁵
1301 1642 1437 1705 Θεοῦ
1475 1648 1712 1716 μορφὴν,
1759 1649 1854 1702 καὶ

1959 454 2090 510 dere
2112 456 2297 525 jussit,
2352 471 2773 529 supervacanee,
2808 468 2866 515 ut
2895 462 3128 528 videtur,
3156 476 3187 516 a
3218 464 3423 519 sanctis
3453 462 3554 518 Pa-

1961 551 2155 618 trihus,
2181 561 2237 606 et
2272 566 2302 607 a
2330 552 2484 608 nobis
2511 554 2664 624 ipsis,
2699 565 2860 626 atque
2894 557 3030 612 adeo
3060 556 3131 613 ab
3160 558 3413 613 universa
3466 573 3554 612 sa-

1959 657 2053 698 cra
2097 652 2152 697 et
2189 644 2451 700 divinitus
2493 646 2757 716 inspirata
2801 647 3083 719 Scriptura
3128 650 3292 705 homo
3345 650 3553 704 factum

1961 746 2083 789 esse
2107 734 2328 790 dicitur.
2362 734 2476 793 Hoc
2500 738 2674 802 enim,
2710 754 2886 809 neque
2920 740 3066 795 aliud
3097 741 3392 811 quidquam
3423 744 3553 796 mihi

1956 823 2270 894 signiﬁcare
2303 826 2519 882 videtur
2562 831 3003 896 sapientissimus
3048 829 3288 888 Joannes
3319 848 3440 887 cum
3476 834 3555 886 iu-

1959 914 2121 983 quit:
2157 932 2175 966 ι
2206 914 2447 972 Verbum
2491 932 2621 975 caro
2661 920 2864 976 factum
2910 931 3014 977 est.
3046 941 3064 975 ι
3100 921 3208 978 Sed
3237 922 3551 978 universum

1958 1007 2455 1065 administrationis
2490 1010 2544 1065 in
2576 1026 2741 1066 carne
2774 1016 3097 1084 mysterium
3140 1014 3298 1086 plane
3338 1016 3394 1070 in
3424 1030 3553 1069 con-

1961 1097 2183 1152 trarium
2228 1098 2550 1155 mutabitur.
2599 1099 2787 1170 Neque
2820 1102 2965 1157 enim
3012 1102 3155 1158 Deus
3187 1113 3379 1159 natura
3408 1107 3552 1160 exsi-

1960 1196 2110 1242 stens
2142 1199 2308 1259 atque
2361 1205 2427 1246 ex
2466 1190 2579 1247 Deo
2622 1193 2883 1259 Verbum,
2935 1195 3171 1265 seipsum
3203 1198 3269 1251 ad
3298 1196 3550 1252 exinani-

1961 1277 2159 1332 tionem
2200 1278 2487 1337 demisisse
2521 1284 2783 1353 cernitur,
2827 1301 3004 1356 neque
3062 1288 3432 1344 humiliavcrit
3466 1302 3551 1342 se-

1959 1369 2136 1439 ipsutn
2170 1392 2183 1427 :
2216 1375 2310 1428 sed
2341 1389 2372 1430 e
2400 1379 2674 1433 contrario
2704 1380 2905 1436 relatus
2943 1384 3160 1453 quidem
3199 1383 3361 1439 fuerit
3390 1385 3551 1438 homo

1960 1461 2014 1516 in
2049 1463 2269 1519 deitatis
2290 1465 2539 1535 gloriam,
2571 1471 2733 1539 inque
2759 1476 3144 1531 excellentiam
3175 1480 3417 1533 omnium
3452 1495 3543 1533 su-

1959 1571 2234 1625 premam;
2260 1562 2533 1629 acceperit
2558 1577 2685 1618 vero
2715 1574 2768 1620 et
2791 1566 3023 1622 formam
3051 1569 3165 1635 Dei,
3193 1582 3249 1626 et
3276 1573 3549 1627 exaltatus

1958 1644 2143 1710 fuerit,
2184 1663 2429 1708 assessor
2461 1651 2603 1708 Patri
2644 1654 2842 1710 factus.
2885 1658 3041 1713 Anne
3072 1659 3167 1714 tibi
3200 1677 3328 1718 vere
3368 1663 3548 1719 dicere

268 1727 455 1797 ὑψώθη
482 1729 701 1798 μᾶλλον,
734 1729 1020 1800 σύνθρονος
1051 1732 1292 1801 γεγονὼς
1319 1734 1397 1805 τῷ
1428 1736 1623 1807 Πατρί.
1655 1732 1731 1790 Ἦ
1756 1739 1855 1792 οὐκ
1891 1726 1932 1782 Β
1964 1738 2185 1795 videor?

262 1816 482 1887 ἀληθὲς,
508 1818 541 1885 ,ὅ
570 1834 713 1889 φημι
733 1835 748 1883 ;

336 1909 396 1961 Β.
440 1909 760 1963 Παντάπασι
797 1910 897 1981 μὲν
931 1905 1043 1965 οὖν.

335 2002 400 2054 Λ.
442 2002 503 2053 Ei
555 2001 611 2055 δὲ
661 2002 882 2073 ἀληθὲς,
927 2003 1071 2058 καθά
1108 2021 1263 2074 φασι,
1314 2008 1410 2059 καὶ
1444 2007 1724 2078 ἀπηξίωσε
1758 2010 1855 2083 τὴν

264 2095 575 2166 οἰκονομίαν
611 2098 637 2148 ὀ
664 2097 995 2167 Μονογενὴς,
1032 2098 1192 2163 ποίας
1221 2097 1301 2153 ἔτι
1331 2101 1740 2171 κατεφρόνησεν
1770 2105 1855 2157 αἰ-

268 2180 504 2252 σχύνης;
546 2185 648 2236 ποῦ
698 2184 754 2236 δὲ
801 2186 1023 2253 γέγονεν
1064 2187 1305 2256 ὑπήκοος
1342 2188 1419 2259 τῷ
1456 2192 1630 2261 Πατρὶ
1685 2194 1853 2265 μέχρι

268 2273 522 2338 Θανάτου,
562 2274 792 2327 θανάτου
818 2276 874 2328 δὲ
906 2279 1168 2349 σταυροῦ;
1208 2281 1315 2332 Καὶ
1345 2282 1395 2333 si
1430 2281 1610 2336 λαϐὼν
1639 2284 1850 2356 ἄνθρω-

268 2380 390 2430 πον,
424 2364 597 2433 ἤγαγε
630 2365 729 2435 μὲν
780 2366 875 2418 καὶ
908 2368 987 2430 είς
1036 2371 1230 2439 πεῖραν
1258 2370 1421 2423 αὑτὸν
1450 2373 1543 2425 τοῦ
1593 2372 1848 2442 θανάτου,

262 2455 603 2526 ἀνακομίσας
651 2457 707 2509 δὲ
760 2457 856 2511 καὶ
894 2460 974 2522 εἰς
1011 2460 1278 2530 οὐρανοὺς
1307 2463 1561 2536 σύνεδρον
1602 2466 1850 2537 ἀπέφηνε

260 2549 339 2620 τῷ
374 2550 567 2620 Πατρὶ,
599 2552 691 2603 ποῖ
717 2549 782 2621 δὴ
811 2550 918 2622 ἀρα
950 2546 1137 2607 λοιπὸν
1170 2556 1198 2606 ὁ
1228 2555 1393 2608 αὑτοῦ
1435 2561 1685 2624 φανεῖται
1716 2559 1845 2631 Θρόο

264 2659 373 2706 νος,
411 2644 566 2712 εἴπερ
603 2642 662 2695 οὑ
709 2642 802 2695 δύο
843 2644 1007 2711 φασὶν
1052 2646 1224 2710 υἱοὺς,
1272 2645 1365 2701 ἕνα
1395 2648 1452 2700 δὲ
1509 2651 1709 2720 μᾶλλον
1758 2652 1850 2705 τὸν

267 2731 673 2801 συνεδρεύοντα,
718 2732 811 2786 τὸν
849 2736 913 2787 ἐκ
950 2736 1267 2805 σπέρματος
1305 2736 1548 2809 δηλονότι
1595 2741 1759 2795 Δαϐίδ
1788 2760 1848 2796 τε

266 2825 360 2878 καὶ
412 2824 696 2897 ’Λϐραάμ;
744 2826 860 2889 πῶς
890 2826 935 2880 δ’
964 2827 1031 2880 ἂν
1063 2828 1158 2882 καὶ
1205 2829 1366 2892 αὐτὸς
1407 2833 1603 2905 Σωτὴρ
1640 2835 1850 2904 λέγοιτο

263 2916 517 2983 γενέσθαι
546 2917 641 2970 τοῦ
677 2919 907 2990 κόσμου,
947 2919 1040 2973 καὶ
1072 2922 1191 2993 οὐχὶ
1219 2922 1282 2994 δὴ
1321 2925 1524 2995 μᾶλλον
1556 2927 1845 2997 ἀνθρώπου

263 3010 546 3079 πρόξενος,
578 3010 698 3081 ἤτοι
726 3012 1244 3082 παρακομιστὴς,δι’
1269 3010 1329 3068 οὗ
1364 3016 1457 3069 καὶ
1489 3016 1841 3088 σεσώσμεθα’

262 3103 359 3157 καὶ
403 3103 555 3166 τέλος
594 3103 760 3172 νόμου
796 3107 890 3156 καὶ
940 3104 1234 3174 προφητῶν
1273 3106 1495 3175 γέγονεν
1530 3108 1841 3179 ἄνθρωπος,

261 3197 448 3267 ἕτερος
491 3194 566 3249 ὢν
607 3196 739 3266 παρ’
792 3194 976 3249 αὐτόν.
1009 3195 1177 3249 Λαλεῖ
1220 3197 1329 3271 γὰρ
1361 3201 1389 3252 6
1422 3200 1586 3269 νόμος
1617 3202 1679 3255 τὸ
1708 3204 1846 3275 Χρι-

262 3287 392 3342 στοῦ
423 3286 740 3357 μυστήριον,
778 3286 871 3339 καὶ
896 3288 1024 3358 περὶ
1055 3288 1220 3342 αὐτοῦ
1248 3290 1523 3361 γέγραφεν
1564 3294 1591 3344 ὁ
1618 3293 1844 3365 Μωσῆς,

262 3378 325 3442 ὃς
340 3380 431 3431 καὶ
450 3378 671 3445 γέγονεν
690 3378 818 3448 ἡμῖν
849 3379 1198 3449 παιδαγωγὸς
1229 3382 1317 3433 ἐπ’
1339 3384 1522 3436 αὐτόν.
1544 3384 1762 3455 Οἴχεται
1790 3390 1847 3442 δε

265 3488 368 3524 που
395 3470 529 3540 πρὸς
556 3469 616 3521 τὸ
640 3470 852 3541 μηδὲνὴ
872 3471 1074 3537 πίστις,
1096 3473 1246 3544 ἔρρει
1266 3473 1372 3544 γάρ
1392 3491 1403 3504 ·
1424 3475 1557 3528 ὅπου
1578 3475 1633 3529 δὲ
1653 3494 1849 3531 παντε-

263 3564 391 3627 λῶς,
406 3563 557 3617 οὐδὲν
574 3563 633 3616 τὸ
649 3564 844 3616 σεπτὸν
859 3566 891 3637 ἡ
900 3566 1014 3636 μῶν
1035 3568 1212 3638 μυστὴ
1219 3584 1353 3640 ριον.
1375 3569 1437 3620 Ὃ
1462 3568 1524 3639 δὴ
1543 3571 1638 3622 καὶ
1662 3570 1689 3620 ὀ
1708 3588 1847 3624 παν-

263 3659 479 3729 άριστος
524 3657 735 3722 Παῦλος
769 3659 1064 3731 διατρανοῖ,
1096 3660 1268 3729 λέγων
1289 3677 1302 3689 ⁸
1345 3681 1362 3713 ι
1393 3661 1484 3734 Μὴ
1502 3664 1660 3735 εἴπῃς
1686 3666 1744 3717 ὲν
1779 3668 1844 3735 τῇ

263 3753 460 3823 καρδίᾳ
508 3769 600 3806 σου
622 3768 635 3783 ο
669 3752 765 3816 Τίς
806 3754 1141 3825 ἀναϐήσεται
1188 3756 1267 3819 είς
1310 3755 1401 3808 τὸν
1432 3757 1693 3829 οὐρανόνς
1723 3776 1848 3810 του-

261 3843 412 3895 τέστι
441 3842 677 3913 Χριστὸν
708 3844 1063 3912 καταγαγεῖν,
1090 3843 1121 3916 ἦ
1146 3844 1227 3908 τίς
1246 3845 1620 3917 καταϐήσεται
1641 3849 1721 3910 εἰς
1749 3848 1847 3919 τὴν

262 3934 539 3999 ἀϐυσσον;
573 3936 818 3988 τουτέστι
864 3935 1101 4007 Χριστὸν
1151 3937 1447 4006 ἀναγαγεῖν
1495 3940 1558 3991 ἐκ
1614 3940 1843 4011 νεκρῶν.

274 4023 439 4077 ’Λλλά
469 4024 521 4075 τί
551 4023 698 4092 λέγει
724 4027 756 4095 ἡ
782 4025 1009 4095 Γραφή;
1050 4024 1244 4094 Ἐγγύς
1276 4044 1368 4080 σου
1403 4028 1464 4081 τὸ
1496 4029 1647 4099 ῥῆμά
1672 4032 1843 4096 ἐστιν,

261 4121 325 4173 ὲν
368 4118 447 4188 τῷ
495 4117 725 4187 στόματί
756 4136 847 4172 σου
893 4121 988 4173 καὶ
1022 4120 1079 4173 ὲν
1109 4123 1176 4191 τῇ
1222 4122 1418 4192 καρδίᾳ
1452 4140 1568 4183 σου,
1602 4123 1847 4178 τουτέστι

255 4209 323 4263 ’τὸ
351 4212 502 4280 ῥῆμα
531 4209 628 4279 τῆς
657 4208 913 4276 πίστεως,
945 4211 975 4265 ὃ
1012 4215 1383 4284 κηρύσσομεν,
1416 4214 1497 4267 ὅτι
1544 4214 1638 4268 ἐὰν
1686 4216 1846 4287 εἴπῃς

261 4303 320 4355 ὲν
343 4302 420 4373 τῷ
450 4303 676 4372 στόματί
709 4319 823 4368 σου,
850 4303 1055 4375 Κύριος
1086 4305 1314 4376 Ἰησοῦς,
1339 4308 1434 4360 καὶ
1466 4308 1768 4380 πιστεύσῃς
1789 4311 1845 4361 ὲν

260 4398 329 4465 τῇ
365 4395 562 4467 καρδίᾳ
592 4413 708 4462 σου,
739 4396 882 4491 ὄτι-ό
909 4396 1040 4460 Θεὸς
1062 4398 1223 4452 αὑτὸν
1262 4401 1481 4470 ἤγειρεν
1514 4404 1578 4454 ἐκ
1611 4403 1841 4474 νεκρῶν,
1876 4434 1919 4491 D

265 4485 508 4556 σωθήσῃ.
562 4506 581 4538 ι
632 4487 757 4551 Πῶς
797 4484 888 4542 οὖν
913 4489 991 4543 ἔτι
1022 4492 1164 4560 μέγα
1206 4509 1266 4545 τε
1298 4494 1391 4547 καὶ
1419 4494 1639 4557 εὐκλεὲς
1667 4496 1762 4547 καὶ
1787 4497 1845 4547 ὲν

2029 1895 2092 1951 Β.
2135 1894 2388 1955 Omnino.

2026 1990 2090 2044 A.
2126 1991 2195 2045 At
2217 1997 2260 2047 si
2297 2009 2482 2050 verum
2508 2006 2591 2051 est
2617 1998 2760 2068 quod
2790 2000 2999 2068 dicunt,
3036 2013 3090 2058 et
3117 2004 3439 2076 dedignatus
3465 2016 3549 2062 est

1962 2080 2282 2154 Unigeuitus
2327 2087 2775 2156 incarnationem,
2829 2107 2990 2161 quam
3052 2097 3267 2150 tandem
3318 2098 3548 2167 ignomi-

1958 2174 2100 2227 niam
2134 2180 2502 2248 contempsit?
2530 2192 2622 2236 aut
2650 2197 2758 2251 quo
2783 2194 2941 2253 pacto
2969 2185 3145 2242 iactus
3175 2198 3258 2243 est
3289 2188 3545 2245 obedicns

1952 2264 2100 2321 Patri
2147 2284 2315 2337 usque
2353 2272 2419 2323 ad
2452 2283 2703 2337 mortem,
2730 2285 2957 2329 mortem
2991 2288 3168 2332 autem
3193 2278 3545 2334 crueis?.lam

1953 2372 2082 2413 vero
2113 2362 2157 2413 si
2197 2372 2474 2432 acceptum
2506 2364 2655 2418 illum
2687 2365 2962 2421 hominem
2993 2378 3222 2424 mortem
3254 2371 3405 2424 obire
3430 2369 3547 2437 jus-

1952 2449 2041 2515 sit,
2079 2459 2133 2503 et
2163 2464 2410 2506 evectum
2457 2453 2509 2507 in
2551 2454 2749 2508 caelum
2789 2471 3122 2511 assessorem
3163 2456 3308 2511 Patri
3338 2458 3544 2513 consti~

1952 2541 2077 2606 tuit,
2110 2543 2328 2599 ubinam
2360 2546 2617 2614 deinceps
2654 2548 2759 2602 erit
2789 2548 3017 2605 thronus
3057 2546 3177 2605 Filii
3206 2590 3222 2617 ,
3277 2552 3544 2621 siquidem

1952 2649 2291 2706 nequaquam
2346 2641 2481 2695 duos
2542 2640 2680 2708 ﬁlios
2741 2655 2861 2697 esse
2907 2653 3175 2710 statuunt,
3227 2645 3319 2699 sed
3368 2644 3547 2713 potius

1952 2743 2119 2782 unum
2165 2730 2494 2787 assidentem
2535 2775 2550 2797 ,
2608 2735 2863 2788 nimirum
2915 2749 2979 2788 cx
3034 2738 3241 2791 semine
3283 2736 3449 2791 David
3492 2748 3546 2792 et

1950 2820 2219 2877 A‘hralne?
2244 2833 2335 2877 aut
2358 2826 2629 2893 quomodo
2659 2826 2774 2893 ipse
2807 2828 3022 2882 dicatur
3067 2828 3241 2884 factus
3273 2846 3393 2886 esse
3431 2828 3547 2884 Sal-

1952 2921 2107 2966 vator
2143 2914 2348 2980 mundi,
2378 2925 2431 2968 et
2466 2931 2570 2968 non
2606 2918 2786 2985 potius
2821 2919 3057 2974 hominis
3097 2933 3394 2988 proxeneta
3428 2924 3544 2977 sive

1950 3005 2198 3072 pararius
2239 3005 2425 3070 fuisse,
2458 3023 2554 3076 per
2578 3024 2737 3081 quem
2779 3010 2973 3065 salvati
3024 3013 3219 3067 simus?
3257 3015 3431 3086 Atque
3470 3016 3543 3070 ita

1958 3095 2082 3153 linis
2113 3098 2245 3168 legis
2271 3108 2323 3153 et
2348 3103 2735 3171 prophetarum
2765 3102 2944 3159 factus
2969 3114 3054 3158 est
3089 3106 3272 3173 homo,
3300 3107 3543 3163 diversus

1957 3191 2025 3244 ab
2059 3191 2176 3261 ipso
2202 3190 2495 3248 exsistens.
2521 3192 2792 3264 Loquitur
2826 3195 2970 3249 enim
3002 3196 3083 3249 lex
3116 3195 3317 3251 Christi
3347 3208 3543 3265 myste-

1957 3286 2120 3350 rium,
2163 3284 2304 3341 etde
2342 3286 2461 3356 ipso
2502 3288 2725 3357 scripsit
2770 3288 3003 3358 Moyses,
3034 3289 3126 3358 qui
3170 3298 3224 3344 ct
3264 3290 3438 3346 factus
3465 3301 3541 3346 est

1956 3376 2112 3430 nobis
2148 3378 2473 3447 paedagogus
2500 3380 2566 3431 ad
2598 3379 2793 3447 ipsum.
2833 3378 2994 3433 Fides
3023 3395 3151 3434 vero
3177 3392 3360 3435 nostra
3394 3382 3543 3435 irrita

1955 3469 2026 3521 sit
2052 3479 2106 3521 et
2135 3470 2186 3521 in
2217 3472 2445 3525 nihilum
2476 3470 2774 3542 redigatur,
2807 3481 2860 3525 et
2896 3474 3263 3526 venerandum
3298 3484 3543 3527 nostrum

1957 3561 2270 3630 mysterium
2322 3562 2479 3630 plane
2538 3564 2914 3618 labefactetur.
2969 3564 3120 3629 Quod
3186 3576 3241 3618 ct
3305 3569 3543 3635 optimus

1955 3651 2157 3707 Paulus
2184 3653 2441 3717 declarat,
2478 3654 2704 3707 dicens:
2740 3673 2757 3703 ι
2792 3653 2868 3707 Ne
2900 3655 3104 3709 dixeris
3140 3657 3193 3709 in
3220 3659 3381 3715 corde
3409 3668 3499 3711 tuo
3529 3677 3540 3710 :

1956 3746 2086 3812 Quis
2109 3747 2365 3799 ascendet
2389 3742 2440 3796 in
2467 3743 2663 3797 coelum
2683 3744 2705 3797 ?
2729 3744 2779 3796 id
2809 3754 2911 3807 cst,
2941 3746 3214 3799 Christum
3241 3747 3542 3815 deducere;

1956 3852 2050 3896 aut
2081 3839 2202 3908 quis
2239 3834 2608 3892 descendetin
2655 3835 2959 3905 abyssum?
3004 3836 3107 3891 hoc
3138 3847 3221 3891 est
3265 3838 3542 3892 Christum

1955 3950 1984 3989 ιι
2018 3932 2250 3989 mortuis
2272 3944 2553 3985 revocare.
2583 3929 2686 3982 Sed
2719 3929 2845 3998 quid
2869 3930 2999 3983 dicit
3025 3926 3345 3999 Scriptura?
3370 3930 3542 4003 Prope
3630 3984 3639 3995 ,

1955 4037 2039 4083 cst
2084 4026 2305 4081 verbum
2340 4027 2392 4078 in
2436 4038 2531 4078 ore
2566 4034 2675 4089 tuo,
2721 4031 2776 4075 et
2826 4021 2879 4074 in
2930 4021 3094 4076 corde
3146 4034 3255 4089 tuo,
3293 4026 3393 4079 hoc
3440 4036 3542 4089 cst,

1955 4122 2178 4175 verbum
2224 4118 2345 4172 ﬁdei
2378 4117 2520 4187 quod
2548 4114 2927 4186 praedicamus.
2969 4112 3108 4182 Quia
3152 4116 3194 4170 si
3233 4116 3542 4172 conﬁtearis

1954 4213 2127 4267 inore
2161 4221 2251 4264 tuo
2283 4209 2568 4264 Dominum
2607 4205 2817 4271 Jesum,
2851 4216 2906 4260 et
2950 4207 3003 4262 in
3041 4208 3204 4262 corde
3246 4216 3337 4263 tuo
3365 4210 3542 4263 credi-

1954 4307 2100 4385 deris
2146 4304 2304 4375 731
2357 4304 2497 4370 quod
2531 4301 2673 4356 Deus
2706 4299 2855 4354 illum
2901 4300 3184 4355 suscitavit
3219 4315 3246 4353 a
3288 4303 3541 4365 mortuis,

1953 4403 2133 4458 salvus
2168 4401 2278 4455 eris
2306 4399 2374 4452 ⁸¹.
2408 4415 2427 4449 ι
2461 4396 2581 4462 Quo
2607 4404 2765 4466 pacto
2794 4395 2957 4461 igitur
2992 4393 3096 4446 erit
3138 4392 3401 4471 deinceps.
3428 4411 3542 4447 ma-

1949 4512 2112 4571 gnum
2157 4505 2212 4548 et
2258 4490 2548 4564 gloriosum
2608 4500 2770 4559 atque
2826 4485 3204 4541 admirandum
3262 4486 3541 4556 religionis

266 4578 557 4647 ύπερτάτῳ
598 4578 839 4651 θαύματι
868 4583 928 4635 τὸ
958 4583 1055 4653 τῆς
1097 4586 1382 4649 εὐσεϐείας
1431 4587 1762 4655 μυστήριον,
1799 4587 1848 4638 εί

1957 4585 2284 4659 mysterium,
2324 4580 2369 4635 si
2397 4579 2722 4634 credendum
2764 4587 2866 4638 est,
2914 4586 2973 4627 ut
2996 4575 3082 4628 isti
3115 4589 3144 4627 a
3176 4575 3405 4629 veritate
3432 4577 3541 4629 dis-
3576 4626 3586 4643 ,

263 4669 371 4740 χρὴ
418 4668 714 4735 πιστεύειν,
760 4672 863 4739 ὅτι,
895 4674 1041 4729 καθά
1091 4693 1257 4744 φασιν
1308 4678 1357 4730 οί
1402 4676 1848 4747 διεστραμμένοι,

1957 4679 2076 4734 torti
2122 4675 2331 4739 volunt,
2377 4672 2521 4742 quod
2550 4672 2709 4724 homo
2734 4676 3007 4736 sumptus,
3032 4677 3087 4721 et
3107 4667 3217 4728 Deo
3244 4668 3419 4723 Verbo
3453 4684 3540 4737 re.

261 4761 551 4828 ἄνθρωπος
596 4762 840 4832 ληφθεὶς,
872 4767 966 4818 καὶ
996 4766 1073 4837 τῷ
1105 4768 1225 4839 Θεῷ
1252 4769 1410 4838 Λόγῳ
1438 4769 1699 4837 σχετικῶς
1730 4786 1851 4822 συν-

1957 4770 2110 4825 lative
2148 4768 2449 4839 copulatus,
2494 4774 2742 4816 mortuus
2770 4772 2851 4816 cst
2890 4772 2945 4815 ct
2983 4760 3204 4826 revixit,
3239 4770 3291 4815 ct
3339 4760 3540 4814 relatus

258 4852 530 4922 ημμένος,
569 4855 808 4909 ἀπέθανέ
844 4875 902 4911 τε
954 4861 1048 4912 καί
1096 4860 1316 4925 ἀνεϐίω,
1369 4860 1465 4914 καὶ
1513 4860 1850 4932 ἀνεκομίσθη

1957 4874 2031 4918 est
2065 4863 2117 4916 in
2162 4858 2403 4916 coelum?
2444 4854 2762 4911 Incredibile
2803 4868 2931 4909 vero
2964 4854 3240 4909 nonnullis
3272 4853 3538 4909 videbitur

264 4944 366 5014 μὲν
395 4946 473 5006 εἰς
499 4946 588 4999 τὸν
628 4949 894 5020 οὐρανόν;
947 4951 1209 5006 Ἀπιστον
1238 4951 1294 5003 δὲ
1326 4952 1456 5014 ἴσως
1489 4953 1734 5019 φανεῖταί
1763 4971 1847 5006 τι-

261 5051 368 5097 σιν,
403 5037 452 5087 εί
479 5038 554 5107 μὴ
585 5037 717 5103 Θεὸς
746 5038 820 5094 ῶν
854 5040 1015 5110 φύσει
1049 5043 1145 5095 καὶ⁸
1177 5042 1410 5112 ἀληθῶς,
1442 5046 1555 5106 τοῖς
1602 5043 1701 5113 τῆς
1726 5044 1847 5098 θεό-

261 5143 421 5196 τητος
455 5129 812 5200 ἐναϐρύνεται
845 5131 1054 5197 θάκοις,
1085 5134 1412 5199 ὲξωσθέντος
1440 5136 1580 5205 τάχα
1612 5153 1714 5190 που
1747 5135 1844 5189 τοῦ

259 5220 405 5273 κατά
432 5221 596 5289 φύσιν
629 5224 783 5290 Υίοῦ,
828 5227 921 5279 καὶ
950 5229 1327 5300 παρεστήκασι
1365 5228 1465 5298 μὲν
1498 5229 1649 5294 τάξιν
1695 5229 1846 5301 ἕχον-

257 5328 352 5376 τες
382 5313 480 5385 τὴν
522 5315 923 5391 λειτουργικὴν,
962 5320 1185 5389 ἄγγελοι
1223 5322 1316 5373 καὶ
1362 5320 1713 5391 ἀρχάγγελοι,
1750 5322 1844 5375 καὶ

256 5404 328 5457 τά
359 5404 440 5458 ἔτι
468 5408 674 5463 τούτων
717 5410 975 5464 ἐπέκεινα
1008 5414 1279 5483 Σεραφὶμ,
1313 5413 1373 5465 ού
1407 5414 1485 5483 τῷ
1526 5413 1669 5467 κατά
1710 5414 1844 5485 ἀλή-

260 5493 411 5551 θειαν
462 5498 579 5570 Υἱῷ
629 5501 726 5553 καὶ
772 5502 913 5573 Θεῷ,
963 5503 1235 5575 ἀνθρώπῳ
1280 5505 1337 5558 δὲ
1388 5504 1610 5575 μᾶλλον,
1656 5504 1715 5557 τὸ
1745 5506 1843 5578 τῆς

335 5673 379 5704 ⁸⁸
408 5673 562 5733 Rom.
594 5693 649 5743 Χ,
709 5676 824 5731 6-9.

1953 4955 2056 5010 nisi
2106 4962 2298 5008 natura
2352 4964 2414 5004 ac
2454 4963 2582 5004 vere
2624 4949 2762 5001 Deus
2794 4948 3102 5012 exsistens,
3142 4945 3361 5002 deitatis
3403 4946 3538 5001 solio

1954 5047 2238 5119 glorietur,
2270 5042 2493 5114 expulso
2534 5056 2599 5096 eo
2636 5039 2725 5110 qui
2765 5048 2962 5093 natura
3004 5055 3100 5095 sua
3129 5038 3300 5093 Filius
3324 5047 3423 5095 est.
3473 5039 3537 5094 Et

1953 5138 2385 5194 circumstabunt
2452 5135 2669 5204 quidem
2720 5132 2898 5202 angeli
2955 5139 3117 5200 atque
3185 5132 3534 5201 archangeli,

1952 5232 2146 5301 hisque
2176 5228 2538 5286 eminentiora
2566 5225 2876 5295 Seraphim,
2917 5241 3023 5279 non
3054 5234 3111 5279 ut
3141 5239 3271 5279 vero
3304 5223 3439 5280 Filio
3473 5241 3535 5281 ac

1952 5323 2065 5379 Deo
2096 5320 2408 5376 ministrent
2431 5329 2593 5387 atque
2632 5315 2953 5382 inserviant,
2979 5316 3073 5371 sed
3100 5318 3278 5387 potius
3308 5317 3533 5381 homini,

1953 5413 2042 5483 qui
2076 5411 2350 5468 ﬁliationis
2392 5423 2587 5465 nomen
2635 5422 2730 5477 per
2771 5408 3248 5478 participationem
3298 5409 3534 5465 insinua-

1952 5507 2283 5574 tionemquc,
2323 5518 2387 5559 ac
2418 5511 2604 5558 nostro
2632 5514 2784 5556 more
2811 5502 3057 5571 adeptus,
3083 5511 3133 5556 et
3161 5500 3228 5556 ad
3260 5499 3534 5555 divinissi-
