4048 6196
563 233 705 292 1Ξ85

1562 233 1617 287 S.
1662 233 1933 290 CYRILLI
1978 236 2444 297 ALEXANDRINI
2488 241 2782 297 ARCHIEP

3702 245 3853 299 1285

516 406 519 409 γ
562 368 707 409 mam
734 351 870 407 hanc
894 351 1117 419 gloriam
1147 363 1367 406 evectus
1387 360 1487 405 cst.
1514 349 1697 420 Neque
1719 354 1862 407 enim
1890 366 2141 410 verentur

2250 363 2493 433 υίότητος
2537 362 2728 432 ὄνομα,
2777 359 3053 430 μεθεκτῶς
3099 362 3195 413 καὶ
3231 360 3699 433 εἰσκεκριμένως,
3757 362 3857 414 καὶ

566 444 808 498 hmretici
838 443 1173 513 ejuseemodi
1203 442 1567 511 blasphemiae
1592 443 1951 500 deblaterare.
1994 447 2149 503 Anne

560 552 692 591 vero
727 537 889 591 etiam
947 536 1042 590 tibi
1096 550 1305 603 summa
1353 534 1637 604 impietate
1681 535 1879 590 referta
1930 536 2144 592 illorum

562 630 807 682 doctrina
837 629 1083 683 videtur?
1102 624 1233 680 Nam
1257 626 1400 695 quod
1426 626 1608 679 datum
1631 636 1793 696 alque
1817 627 2146 683 insinuatunt

561 731 667 784 est,
702 720 1056 789 rejieiendum
1091 719 1286 773 merito
1328 717 1514 781 fuerit,
1548 728 1601 772 et
1630 718 1773 787 quod
1805 719 2148 775 extrinsecus

562 811 778 865 advenit
805 811 1207 881 ascititiumque
1237 820 1340 875 eSI,
1378 810 1560 864 damni
1586 811 1895 880 suspicione
1917 827 2021 865 non
2054 827 2148 867 ca-

563 915 644 957 ret
677 923 690 957 :
727 914 784 957 ut
813 906 880 957 de
910 904 1247 973 blasphemia
1276 912 1330 958 et
1356 903 1692 959 absurditate
1720 904 1980 960 doctrinae
2013 904 2146 959 nihil

560 996 761 1059 dicam,
799 1011 921 1049 cum
959 995 1356 1049 incarnationis
1393 994 1772 1049 excellentiam
1808 996 1875 1051 ad
1909 996 2146 1067 turpitu-

559 1090 739 1143 dinem
788 1089 1027 1156 rapiant,
1071 1097 1126 1141 et
1178 1088 1419 1141 divinum
1470 1087 2011 1157 saeratissimumque
2052 1104 2150 1144 no.

558 1192 733 1234 strum
782 1180 1009 1243 cultum,
1059 1178 1567 1247 anthropolatriam,
1616 1178 1720 1235 hoc
1770 1189 1873 1242 εει,
1914 1181 2148 1234 hominis

559 1272 780 1333 cultum,
812 1285 931 1325 esse
961 1278 1225 1335 statuant,
1256 1277 1312 1323 et
1347 1283 1377 1323 a
1418 1269 1564 1324 cultu
1600 1270 1713 1325 veri
1762 1269 1885 1325 Filii
1931 1287 2028 1326 nos
2056 1272 2150 1326 ab-

559 1366 840 1429 ducentes,
886 1364 1213 1432 persuadere
1262 1361 1431 1416 velint
1476 1372 1534 1416 ut
1575 1362 1866 1431 quemdam
1911 1362 2000 1431 qui
2041 1363 2143 1432 ipsi

513 1454 521 1507 ι
560 1456 787 1510 relative
810 1456 1093 1525 copulatus
1120 1466 1201 1508 est
1229 1455 1536 1518 adoremus,
1572 1470 1729 1523 quem
1762 1469 1923 1523 supra
1958 1469 2150 1510 omnes

559 1545 899 1615 Principatus
929 1555 983 1599 et
1016 1544 1316 1597 Potestates
1346 1558 1410 1598 ae
1447 1544 1853 1598 Dominationes
1881 1545 2146 1599 constitu-

562 1646 674 1690 tum
712 1636 1002 1698 volunt”;
1043 1650 1146 1687 non
1188 1635 1254 1687 iis
1296 1633 1468 1688 solum
1511 1633 1603 1703 qui
1638 1632 1692 1687 in
1731 1635 1891 1689 terris
1924 1633 2143 1701 degunt,

560 1728 655 1781 sed
692 1738 745 1781 et
790 1727 917 1796 ipsis
957 1725 1273 1779 coelestibus
1314 1736 1367 1779 ct
1408 1724 1760 1779 rationalibus
1794 1725 2148 1793 potestatibus

561 1821 764 1875 erroris
808 1820 981 1872 labem
1013 1816 1337 1886 infligenles,
1365 1816 1410 1870 si
1457 1832 1561 1870 una
1589 1816 1866 1871 nobiseum
1899 1816 2148 1883 adorent,

490 1940 497 1945 -
560 1928 667 1966 non
702 1912 1042 1965 incarnatum
1087 1918 1282 1962 natura
1314 1924 1374 1963 ac
1403 1923 1531 1963 vere
1560 1907 1781 1973 Filium,
1814 1909 2063 1978 quodque
2084 1922 2150 1963 ex

561 2002 798 2056 essentia
848 2000 941 2052 Dei
979 2014 1043 2052 ac
1091 1998 1267 2052 Patris
1310 1986 1511 2052 effulsit
1555 1995 1813 2061 Verbum,
1853 1996 1945 2051 sed
1985 1996 2150 2051 alium

560 2095 849 2166 quemdam
889 2094 1162 2147 hominem
1197 2093 1264 2147 ab
1295 2093 1412 2162 ipso
1444 2106 1509 2146 ex
1540 2092 1749 2147 semine
1789 2090 2027 2157 Davidis,
2060 2088 2151 2160 qui

563 2186 676 2241 sola
709 2184 1005 2249 voluntate,
1037 2195 1092 2238 et
1115 2183 1478 2239 exterioribus
1514 2180 1849 2239 ornamentis
1886 2181 2150 2237 formatus

563 2277 638 2332 sit
684 2275 848 2341 Deus,
886 2289 1075 2330 revera
1102 2283 1281 2328 autem
1312 2275 1364 2328 id
1409 2289 1512 2328 non
1542 2274 1633 2329 sit.

561 2372 879 2443 σπέρματος
909 2370 1001 2423 τοῦ
1054 2370 1235 2435 Δαὸὶδ,
1273 2369 1487 2441 θελήσει
1541 2369 1681 2440 τάχα
1729 2386 1830 2422 που
1888 2370 2027 2442 μόνῃ
2069 2368 2200 2441 παρ’

558 2467 713 2533 Θεὸν,
749 2468 847 2520 οὐκ
878 2466 1005 2521 ὄντα
1052 2466 1108 2520 δὲ
1146 2466 1305 2520 τοῦτο
1331 2466 1473 2520 κατά
1520 2466 1798 2538 ἀλήθειαν,
1827 2464 2136 2537 ἄνθρωπον.

630 2559 689 2614 Β.
738 2559 904 2630 Atqui
961 2558 1176 2613 tametsi
1221 2560 1383 2613 homo
1433 2559 1744 2628 Spceialiter
1791 2557 2138 2626 intelligatur,

560 2652 833 2720 inquiunt,
884 2651 1108 2705 relative
1152 2661 1332 2706 tamen
1376 2660 1430 2705 et
1463 2659 1707 2721 respectu
1754 2648 1845 2703 Dei
1893 2648 1961 2703 ab
1993 2646 2143 2702 omni

560 2754 808 2801 creatura
831 2745 1105 2799 adoratur.

629 2840 698 2893 A.
742 2837 984 2905 Quonam
1018 2852 1149 2892 vero
1176 2846 1355 2905 pacto,
1403 2837 1651 2900 obsecro,
1674 2835 1897 2906 intelligi
1928 2850 1956 2888 a
1986 2834 2142 2889 nobis

563 2942 655 2986 aut
686 2932 849 2985 statui
879 2941 1057 3001 potest
1084 2932 1198 2985 haec
1250 2929 1440 2984 relatio
1476 2944 1638 2998 quam
1684 2928 1758 2982 ita
1800 2927 2139 2999 prredicant?

567 3023 674 3077 Sed
699 3024 1081 3090 age,divinam
1128 3036 1192 3075 ae
1231 3035 1441 3075 sacram
1490 3020 1828 3090 Scripturam
1872 3019 2141 3091 pervesti-

558 3125 769 3185 gantes,
802 3112 1116 3182 quaestionis
1140 3110 1297 3179 hujus
1345 3112 1609 3166 rationem
1656 3112 1723 3167 ab
1755 3126 1818 3167 ea
1864 3121 2138 3181 petamus.

559 3206 700 3276 Ergo
724 3219 843 3259 eum
872 3204 1033 3275 732
1065 3203 1191 3257 olim
1224 3203 1483 3258 Israelita:
1507 3212 1819 3273 contempto
1853 3212 1998 3258 metu
2021 3202 2137 3269 Dei,

558 3301 613 3355 in
643 3298 827 3353 Mosen
855 3311 908 3353 et
928 3299 1198 3353 Aaronem
1223 3297 1417 3352 acerbe
1444 3297 1852 3362 inveherentur,
1880 3293 2133 3351 Moses’et

558 3393 738 3445 Aaron
772 3391 842 3443 ita
877 3405 970 3444 eos
999 3388 1394 3458 compellarunt
1426 3406 1440 3443 :
1483 3406 1501 3439 ι
1541 3388 1673 3455 Quis
1696 3398 1777 3443 est
1809 3388 1951 3458 quod
1992 3403 2140 3442 mur-

560 3483 786 3537 mnratis
799 3492 985 3535 contra
1006 3497 1126 3537 eum
1145 3480 1167 3534 ?
1187 3479 1299 3533 Non
1318 3481 1463 3534 enim
1484 3491 1668 3534 contra
1696 3495 1812 3544 nos,
1833 3482 1924 3534 sed
1944 3491 2135 3535 contra

560 3576 724 3630 Deum
745 3585 826 3630 cst
846 3578 958 3631 hazc
979 3574 1250 3629 oblocutio
1273 3581 1449 3627 vestra
1470 3571 1569 3628 “.i
1597 3573 1898 3627 Peccarant
1920 3573 2061 3628 enim
2088 3574 2141 3628 in

559 3669 738 3723 Mosen
759 3679 812 3724 et
834 3669 1128 3731 Aaronem,
1155 3666 1247 3721 sed
1274 3664 1474 3720 factum
1504 3666 1676 3735 ipsum
1703 3666 1768 3719 ad
1798 3667 1888 3719 Dei
1913 3665 2141 3734 gloriam

557 3760 839 3829 pertinuit,
864 3769 918 3813 et
941 3759 1006 3813 ad
1033 3775 1150 3813 eam
1182 3758 1525 3813 referebatur
1545 3772 1734 3811 eorum
1764 3760 1854 3827 qui
1890 3758 2139 3826 injuriam

556 3852 862 3907 inferebant
894 3852 1173 3922 cegitatio.
1201 3851 1469 3923 caeterum
1507 3865 1611 3903 non
1641 3857 1801 3904 erant
1841 3849 1913 3903 dii
1963 3848 2139 3904 Moses

553 3956 607 4001 et
638 3946 837 4007 Aaron,
871 3958 1050 4012 neque
1092 3941 1315 3995 relative
1359 3948 1414 3995 et
1444 3951 1694 4008 respectu
1745 3939 1837 3994 Dei
1890 3949 2138 3993 creatura

554 4053 648 4091 eos
673 4037 936 4091 adoravit.
967 4034 1230 4105 Regnavit
1263 4034 1401 4087 Deus
1426 4048 1523 4103 per
1551 4032 1846 4102 prophetas
1898 4035 1949 4085 in
1978 4032 2139 4087 lsrael

554 4129 850 4181 scentulum
889 4141 1136 4183 carnem.
1172 4124 1528 4181 Postmodum
1562 4134 1912 4192 accesserunt
1948 4124 2013 4177 ad
2059 4123 2139 4177 di-

555 4222 738 4276 vinum
770 4221 1076 4276 Samuelem
1098 4220 1370 4274 dicentes:
1409 4234 1428 4268 r
1469 4215 1577 4272 Fac
1602 4217 1755 4271 nobis
1773 4230 1974 4283 regem,
1998 4216 2139 4270 sicut

554 4324 608 4369 et
632 4314 852 4384 reliquae
874 4322 1084 4383 gentes.
1126 4329 1145 4362 ι
1192 4310 1347 4378 Quod
1384 4308 1474 4364 ille
1522 4306 1732 4377 Spiritu
1782 4307 1991 4361 alllatus
2024 4322 2139 4361 mo-

553 4408 689 4462 leste
719 4416 772 4461 et
810 4405 1027 4474 quidem
1080 4403 1276 4458 merito
1331 4400 1456 4455 tulit
1506 4418 1520 4455 :
1565 4402 1659 4455 sed
1716 4400 1921 4454 audivit
1966 4400 2131 4455 Deum

555 4500 825 4554 dicentem
862 4514 874 4549 :
918 4514 936 4548 ι
977 4494 1092 4550 Non
1140 4505 1191 4547 te
1235 4498 1719 4560 contempserunt,
1779 4490 1873 4545 sed
1914 4505 2019 4556 me,
2063 4506 2132 4545 ne

555 4604 772 4660 regnem
805 4602 967 4658 super
986 4603 1081 4641 eos
1097 4586 1163 4639 ⁸⁸.
1199 4604 1217 4637 ι
1248 4586 1325 4639 Ειι
1364 4600 1555 4638 rursus
1574 4592 1764 4653 aperte
1790 4592 2137 4651 contemptus

554 4682 818 4734 rationem
861 4680 927 4731 ad
989 4676 1401 4731 Deum'referri
1460 4675 1556 4729 ait.
1624 4673 1763 4739 Quin
1800 4673 1959 4726 etiam
2022 4674 2136 4742 ipse

552 4771 794 4824 omnium
823 4768 1076 4823 Salvator
1114 4782 1178 4822 ac
1228 4766 1487 4820 Dominus
1514 4804 1529 4830 ,
1586 4764 1734 4819 deiis
1765 4764 1857 4833 qui
1893 4774 2136 4832 egestate

552 4870 895 4930 premuntur,
930 4859 1047 4913 ait:
1108 4876 1127 4909 ι
1181 4856 1453 4925 Quidquid
1502 4855 1711 4911 fecistis
1766 4856 1857 4909 uni
1905 4870 1967 4909 ex
2015 4856 2134 4910 istis

552 4953 812 5017 minimis,
845 4952 973 5006 mihi
1014 4951 1221 5005 fecistis
1275 4951 1341 5005 ⁸⁸.
1380 4969 1399 5002 ι
1436 4948 1549 5003 Hae
1605 4949 1773 5019 igitur
1829 4950 2039 5004 ratione
2086 4948 2133 5003 si

551 5049 675 5115 quis
704 5050 915 5104 dicatur
952 5046 1135 5101 colere
1165 5061 1287 5100 eum
1320 5045 1409 5114 qui
1456 5055 1539 5099 est
1570 5059 1635 5098 ex
1689 5044 1897 5099 semine
1941 5044 2131 5109 David,

554 5138 761 5195 Filione
783 5142 831 5194 id
854 5140 1143 5205 praestitit?
1166 5149 1217 5194 et
1241 5139 1343 5192 nisi
1377 5137 1498 5206 quis
1523 5137 1833 5203 crediderit,
1854 5135 2136 5192 offenderit

555 5232 797 5297 profecto
822 5248 945 5287 eum
986 5235 1075 5302 qui
1113 5243 1305 5286 natura
1334 5242 1417 5286 est
1442 5229 1633 5295 Filius,
1680 5230 1769 5298 qui
1826 5245 1885 5283 se
1919 5243 2135 5299 quoque

554 5318 654 5373 coli
682 5322 813 5387 vult,
849 5334 902 5377 et
933 5326 1118 5379 eodem
1155 5324 1310 5393 plane
1346 5322 1503 5377 modo
1527 5335 1557 5375 a
1591 5322 1747 5376 nobis
1774 5321 1943 5376 credi.
1985 5321 2129 5385 Quo-

555 5409 716 5465 modo
744 5412 908 5474 igitur
938 5431 1044 5470 non
1098 5416 1168 5468 sit
1220 5416 1397 5469 factus
1423 5430 1520 5485 par
1563 5423 1725 5483 atque
1759 5412 1983 5480 aequalis
2031 5413 2131 5465 hn-

556 5516 685 5558 nore
734 5516 921 5558 servus
976 5520 1094 5559 cum
1138 5506 1397 5572 domino,
1449 5516 1503 5561 et
1548 5506 1766 5561 deitatis
1807 5504 2127 5559 excellentia

630 5679 676 5713 ‘°
707 5679 900 5751 Ephes.
944 5697 983 5747 ι,
1013 5679 1102 5733 9.1.

2250 454 2438 525 τρόπῳ
2479 452 2557 524 τῷ
2604 452 2726 506 καθ’
2774 453 2920 523 ἡμᾶς
2969 452 3351 523 πλουτήσαντι,
3404 454 3497 505 καὶ
3541 452 3647 522 τῆς
3703 452 3860 506 οὓτω

2251 546 2730 617 θεοπρεπεστάσης
2779 543 3061 608 ἀξιωθέντι
3121 545 3307 615 τιμῆς.
3366 546 3854 613 Καταπεφρὶκασι

2248 634 2357 705 γάρ
2381 635 2581 706 ἤκιστά
2597 652 2658 703 γε
2686 636 2781 687 καὶ
2803 634 2959 688 τοῦτο
2981 634 3231 704 λέγοντες
3262 637 3310 688 ot
3342 633 3409 688 δι’
3431 633 3851 708 ἐναντίαςῖᾼτί

2249 726 2309 777 ού
2342 725 2442 795 τῆς
2462 726 2698 797 ἐσχάτης
2721 726 3065 796 ἀνοσιότητος
3091 744 3148 780 τε
3176 727 3272 780 καὶ
3300 727 3625 791 δυσσεΰείας
3658 730 3852 791 αύτοὶε

2251 817 2311 870 τὸ
2344 817 2521 888 δόγμα
2558 819 2940 889 pensanti-cat;
2982 819 3057 871 Τὸ
3093 818 3201 889 γάρ
3229 837 3313 873 τοι
3344 820 3492 873 δοτὸν
3524 822 3622 873 καὶ
3660 822 3823 873 aiax;

2251 909 2530 981 κριμένον,
2577 909 2883 981 ἀπόϐλητον
2932 910 3017 981 εἴη
3048 909 3135 975 ἂν,
3177 909 3271 963 καὶ
3313 910 3375 962 τὸ
3404 909 3647 981 θύραθεν
3687 927 3821 978 πορι

2251 1000 2397 1067 σθὲν,
2428 1001 2528 1055 οὐκ
2559 1002 2868 1055 ἀνύποπτον
2890 1001 2999 1071 ἔχει
3028 1001 3127 1073 τὴν
3156 1001 3381 1072 ζημίαν.
3414 1003 3524 1057 Καὶ
3554 1004 3755 1056 σιωπῶ
3791 1006 3851 1055 τὸ

2249 1094 2530 1163 δύσφημον
2560 1093 2639 1146 ἔτι
2674 1094 2768 1146 καὶ
2808 1094 3021 1163 ἀπηχὲς
3046 1095 3129 1158 είς
3154 1094 3364 1160 λόγους,
3391 1094 3616 1148 ἀνθότου
3656 1096 3723 1165 δὴ
3749 1095 3847 1151 οὖν

2249 1185 2350 1255 τῆς
2395 1186 2709 1256 οἰκονομίας
2763 1184 2823 1237 τὸ
2868 1185 3146 1255 ἐξαίρετον
3195 1184 3601 1257 κατασύρουσιν
3654 1189 3737 1250 είς
3785 1190 3846 1241 τὸ

2251 1277 2503 1344 ἀκαλλὲς,
2545 1277 2639 1330 καὶ
2669 1277 2768 1347 τὴν
2799 1277 2949 1331 θείαν
2973 1295 3031 1330 τε
3061 1278 3156 1331 καὶ
3191 1278 3474 1348 ἱεροτάτην
3508 1279 3675 1350 ἡμῶν
3707 1281 3844 1351 θρη-

2251 1369 2458 1435 σκείαν,
2494 1368 3005 1440 ἀνθρωπολατρείαν
3034 1370 3137 1440 ἤδη
3179 1370 3274 1422 καὶ
3305 1370 3492 1441 ἓτερον
3533 1367 3710 1425 οὖσαν
3756 1374 3849 1424 ού-

2247 1460 2336 1513 δὲν
2370 1460 2750 1527 ἀποφαίνουσι,
2798 1460 3230 1531 ἀποκομίζοντες
3269 1460 3369 1531 μὲν
3408 1462 3501 1515 τοῦ
3548 1466 3678 1516 κατ’
3707 1465 3845 1533 ἁλή-

2249 1544 2398 1598 θειαν
2458 1545 2627 1613 Υίοῦ,
2681 1547 3020 1616 συναφθέντα
3068 1547 3127 1601 δέ
3180 1566 3303 1603 τινα
3365 1551 3637 1620 σχετικῶς
3693 1556 3847 1622 αύτῴ

2252 1637 2583 1704 προσκυνεῖν
2628 1636 3045 1703 ἀναπείθοντες,
3093 1638 3152 1691 ὃν
3205 1639 3300 1692 καὶ
3351 1640 3608 1713 ὑπεράνω
3664 1645 3847 1714 πάσης

2268 1725 2467 1796 Ἀρχῆς
2495 1744 2555 1780 τε
2603 1728 2698 1783 καὶ
2738 1729 3014 1795 Ἐξουσίας
3034 1775 3047 1795 ,
3082 1732 3178 1785 καὶ
3209 1733 3565 1804 Κυριοτήτων
3593 1735 3847 1793 διελάσαι

2180 1792 2442 1885 Βῖρασλιν,
2484 1819 2606 1890 οὐχὶ
2641 1792 2824 1891 μόνοις
2869 1792 3111 1886 τοῖςνξπὶ
3149 1823 3275 1893 γῆς,
3299 1792 3451 1879 ’ἀλλά
3491 1828 3590 1879 καὶ
3646 1832 3845 1895 αὑταῖς

2254 1908 2376 1970 ταῖς
2427 1906 2540 1962 ἄνω
2586 1908 2833 1978 λογικαῖς
2881 1913 3142 1984 δυνάμεσι
3174 1915 3266 1969 τὸν
3310 1918 3404 1971 τοῦ
3457 1921 3846 1992 πεπλανῆσθαι

2254 1998 2444 2069 μῶμον
2481 2001 2799 2070 ἐπάγοντες,
2841 2006 2889 2057 εί
2924 2006 3293 2077 προσκυνοῦσι
3330 2011 3449 2079 μεθ’
3478 2014 3511 2081 ἡ
3523 2012 3643 2082 μῶν
3683 2017 3844 2068 ἐναν-

2252 2087 2619 2161 θρωπήσαντα
2665 2094 2765 2165 μὲν
2793 2095 3044 2166 οὐδαμῶς
3075 2098 3165 2150 τὸν
3213 2098 3371 2167 φύσει
3402 2119 3463 2154 τε
3494 2104 3589 2156 καὶ
3618 2105 3843 2174 ἀληθεῖ-ς

2252 2180 2402 2246 Υίὸν,
2432 2183 2526 2235 καὶ
2554 2185 2619 2237 ὲκ
2658 2186 2758 2256 τῆς
2786 2186 2880 2239 τοῦ
2932 2186 3066 2242 Θεοῦ
3097 2190 3193 2245 καὶ
3239 2191 3451 2263 Πατρὸς
3478 2195 3669 2258 οὐσίας
3702 2200 3807 2249 ἀνα
3826 2229 3840 2237 -

2251 2271 2541 2343 λάμψαντα
2581 2275 2773 2345 Λόγον,
2822 2277 2897 2342 ὡς
2933 2278 3119 2351 ἕτερον
3160 2280 3218 2333 δέ
3247 2298 3369 2337 τινα
3410 2285 3542 2354 παρ’
3570 2286 3741 2338 αὑτὸν
3782 2288 3839 2339 ἐκ

2246 2367 2410 2422 αὑτοῦ
2456 2371 2552 2424 καὶ
2591 2374 2704 2435 τοῖς
2742 2372 2975 2445 θύραθεν
3020 2374 3379 2447 ὲξωραῖσμοῖς
3424 2376 3840 2450 είδοποιηθέντα

2319 2561 2380 2615 Β.
2437 2560 2595 2615 Ἀλλά
2642 2560 2744 2616 κᾶν
2785 2562 3072 2635 ἄνθρωπος
3123 2563 3299 2628 ίδικῶς
3346 2563 3569 2633 νοῆται,
3643 2566 3834 2634 φασὶν.

2248 2653 2496 2724 ἀναφορᾷ
2524 2652 2658 2706 Θεοῦ
2696 2653 2789 2708 καὶ
2825 2654 3003 2725 ἐννοίᾳ
3047 2654 3144 2727 τὴν
3178 2654 3326 2726 παρὰ
3365 2656 3545 2727 πάσης
3578 2657 3686 2726 τῆς
3725 2657 3838 2708 xti-

2247 2761 2387 2807 σεως
2412 2745 2781 2816 προσκύνησιν
2814 2745 2949 2817 ἔχει.

2316 2835 2380 2887 Α.
2422 2831 2554 2887 Εἶτα
2583 2835 2703 2889 τίνα
2742 2836 2942 2907 τρόπον
2996 2837 3195 2909 πρέποι
3244 2837 3330 2899 ἂν,
3378 2838 3499 2891 εἰπέ
3546 2856 3657 2909 μοι,
3695 2840 3831 2910 πρὸς

2245 2924 2403 2997 ἡμῶν
2447 2926 2684 2981 νοεῖσθαι
2725 2928 2819 2980 καὶ
2852 2926 3104 2997 λέγεσθαι
3136 2929 3237 3001 τῆς
3270 2930 3399 3001 παρ’
3438 2930 3617 2983 αὐτῶν
3671 2931 3834 3001 θρυλ-

2244 3019 2513 3091 λουμένης
2546 3021 2829 3091 ἀναφορᾶς
2856 3019 2920 3073 τὸ
2962 3021 3150 3092 χρῆμα
3178 3039 3192 3089 ;
3228 3022 3338 3074 Καὶ
3370 3022 3501 3091 φέρε
3550 3022 3650 3092 τὴν
3683 3023 3834 3075 θείαν

2248 3127 2308 3163 τε
2354 3110 2447 3165 καὶ
2489 3111 2637 3182 ίεράν
2669 3111 3249 3183 πολυπραγμονοῦντες
3278 3114 3525 3185 Γραφὴν,
3553 3115 3833 3184 xui-aiter,-

2252 3219 2434 3272 σωμεν
2479 3202 2574 3256 ἀπ’
2604 3202 2773 3273 αὐτῆς
2815 3201 2875 3255 τὸ
2904 3202 3256 3273 ζητούμενον.
3308 3204 3521 3257 Οὐκοῦν
3568 3205 3837 3275 όλιγωρή-

2252 3292 2441 3357 σαντές
2491 3310 2623 3346 ποτε
2671 3294 2770 3363 τῆς
2811 3293 2892 3356 είς
2941 3293 3073 3347 Θεὸν
3124 3293 3305 3359 αἰδοῦς
3357 3296 3406 3347 οἱ
3464 3295 3526 3360 ἐξ
3594 3297 3828 3367 Ἰσραὴλ,

2248 3387 2439 3440 Μωσεῖ
2463 3403 2523 3438 τε
2568 3386 2663 3439 καὶ
2702 3386 2913 3458 Ἀαρὼν
2945 3388 3242 3457 ἐπεφύοντο
3271 3388 3508 3461 πικρῶς,
3550 3384 3668 3442 εἶτα
3700 3407 3829 3459 atpo-

2251 3477 2546 3548 πεφὼνηκε
2590 3478 2795 3547 Μωσῆς
2841 3495 2900 3531 τε
2946 3480 3041 3533 καὶ
3082 3479 3323 3550 Ἀαρών·
3371 3497 3390 3531 r
3438 3481 3536 3543 Τίς
3581 3485 3827 3534 ἐστινξτι

2248 3571 2637 3641 διαγογγύζετε
2672 3572 2793 3624 κατ’
2835 3570 3033 3637 αύτοῦ;
3063 3572 3138 3625 Ού
3170 3572 3278 3643 γὰρ
3319 3572 3440 3625 καθ’
3473 3574 3656 3642 ἡμῶν,
3700 3575 3825 3626 (illi

2248 3665 2390 3719 κατά
2417 3664 2553 3718 Θεοῦ
2581 3666 2609 3719 ό
2635 3666 2950 3737 γογγυσμὸς
2970 3665 3124 3737 ὑμῶν
3152 3660 3305 3729 οὗτός
3326 3667 3490 3719 ἐστιν.
3530 3690 3547 3717 ο
3592 3667 3827 3735 Ἐπλημ-

2251 3759 2447 3830 μέλουν
2483 3759 2581 3829 μὲν
2614 3760 2723 3831 γὰρ
2774 3760 2854 3823 είς
2892 3759 3099 3814 Μωσὲα
3145 3759 3238 3813 καὶ
3287 3752 3516 3829 Ἀαρὼν,
3553 3759 3691 3812 ἀλλὰ
3735 3760 3826 3827 τῆς

2248 3851 2400 3916 θείας
2424 3854 2628 3923 ¹ἥπτετο
2656 3851 2815 3924 δόξης
2842 3853 2902 3906 τὸ
2929 3852 3225 3923 δρώμενον,
3269 3852 3362 3905 καὶ
3390 3852 3479 3902 ἐπ’
3507 3851 3681 3921 αὐτὴν
3721 3847 3821 3920 εἴγε

2245 3938 2343 4009 τὴν
2364 3940 2665 4012 ἀναφορὰν,
2690 3940 2791 4011 τῆς
2806 3940 2914 3994 τῶν
2932 3940 3259 4012 ὑϐριζόντων
3283 3940 3579 4003 ὑπονοίαςό
3613 3957 3642 3992 τ
3649 3942 3819 4012 ςόττχ.

2246 4030 2395 4103 Πλὴν
2442 4031 2541 4084 οὐκ
2589 4026 2729 4102 ἦσαν
2760 4032 2885 4085 Geel.
2940 4031 3145 4102 Μωσῆς
3189 4049 3250 4085 τε
3302 4031 3395 4083 καὶ
3445 4031 3680 4101 Ἀαρὼν,
3710 4031 3825 4083 οὔτε

2248 4122 2356 4193 μὴν
2399 4122 2648 4193 ἀναφορᾷ
2692 4121 2851 4179 Θεοῦ.
2883 4156 2903 4178 ο
2932 4160 2949 4176 .
2983 4162 2995 4176 .
3031 4164 3045 4177 .
3076 4159 3093 4176 .
3129 4163 3145 4179 .
3179 4163 3192 4177 .
3253 4121 3340 4175 διὰ
3384 4124 3703 4193 προφητῶν,
3734 4124 3823 4174 τοῦ

2245 4214 2388 4267 κατά
2437 4216 2617 4285 σάρκα
2661 4214 2894 4287 Ἰσραήλ.
2934 4209 3069 4269 Εἶτα
3099 4215 3413 4287 προσῄεσαν
3449 4215 3702 4285 λέγοντες
3754 4215 3827 4283 τῷ

2245 4305 2516 4377 θεσπεσίῳ
2561 4308 2855 4379 Σαμουήλ⁸
2896 4327 2914 4361 r
2968 4309 3199 4378 Ποίησον
3230 4311 3363 4380 ἡμῖν
3408 4309 3652 4379 βασιλέα,
3687 4310 3825 4361 χιιθὰ

2246 4395 2343 4449 καί⁵
2381 4395 2449 4448 τὰ
2491 4396 2653 4450 λοιπά
2706 4398 2857 4470 ἔθνη.
2908 4418 2928 4452 ι
2970 4398 3114 4470 Πρὸς
3150 4399 3324 4453 ταῦτα
3372 4402 3825 4468 κατεπικραὶνετο

2246 4492 2340 4544 καὶ
2380 4491 2585 4562 σφόδρα
2633 4491 2858 4557 εἰκότως
2910 4493 2939 4545 ό
2989 4494 3458 4563 πνευματοφόρος,
3509 4490 3623 4545 ἀλλ’
3662 4492 3825 4561 ἤκουε

2238 4583 2333 4637 τοῦ
2359 4583 2494 4636 Θεοῦ
2533 4582 2805 4652 λέγοντος·
2847 4603 2864 4635 ι
2901 4584 2975 4637 Οὐ
3007 4583 3065 4637 σὲ
3098 4583 3538 4655 ὲξουθενήκασιν,
3565 4582 3681 4635 ἀλλ’
3708 4584 3821 4652 ἐμὲ,

2236 4675 2332 4729 τοῦ
2394 4676 2468 4745 μὴ
2524 4674 2828 4745 βασιλεύειν
2884 4676 2971 4727 ἐπ’
3015 4675 3233 4738 αὐτούς.
3278 4694 3296 4727 ι
3353 4674 3481 4729 Ἰδοὺ
3539 4673 3601 4745 δὴ
3646 4676 3843 4759 πάλι-ιη

2240 4766 2470 4821 κάνθάδε
2503 4766 2687 4835 σαφῶς
2719 4769 2747 4820 ό
2778 4766 2879 4835 τῆς
2908 4766 3303 4837 ὲξουθενήσεως
3342 4767 3544 4838 τρόπος
3586 4770 3672 4829 εἰς
3702 4767 3843 4818 Θεὸν

2240 4858 2354 4928 ἔχει
2396 4859 2494 4929 τὴν
2529 4858 2828 4930 ἀναφοράν.
2875 4860 2986 4913 Καὶ
3016 4859 3121 4931 μὴν
3165 4860 3258 4913 καὶ
3293 4860 3458 4923 αὐτὸς
3483 4861 3513 4911 ό
3554 4858 3669 4911 τῶν
3698 4858 3822 4911 ὅλων

2243 4951 2435 5022 Σωτὴρ
2472 4954 2566 5006 καὶ
2591 4951 2796 5023 Κύριος
2825 4953 2954 5022 περὶ
2992 4953 3102 5005 τῶν
3131 4953 3188 5006 ὲν
3218 4953 3396 5024 ἐνδείᾳ
3425 4953 3625 5023 φησίν·
3652 4969 3673 5002 ι
3718 4950 3815 5015 ‘E?

2241 5043 2365 5096 ὅσον
2419 5044 2708 5114 ἐποιήσατε
2771 5043 2851 5097 ἑνὶ
2897 5042 3103 5097 τούτων
3148 5041 3258 5096 τῶν
3308 5042 3648 5111 ἐλαχίστων,
3709 5037 3820 5107 ἐμοὶ

2241 5136 2559 5205 ἐποιήσατε.
2608 5155 2628 5189 ι
2672 5131 2797 5206 'Ap’
2831 5130 2923 5189 οῦν
2956 5135 3100 5190 κατά
3146 5134 3337 5189 τοῦτον
3381 5136 3473 5188 τὸν
3510 5134 3739 5206 τρόπον,
3776 5130 3824 5181 εἰ

2239 5244 2324 5291 τις
2358 5228 2568 5298 λέγοιτο
2594 5230 2758 5300 τιμᾷν
2788 5229 2876 5282 τὸν
2906 5229 2970 5281 ὲκ
3013 5227 3331 5299 σπέρματος
3362 5228 3548 5291 Δαϐὶδ,
3583 5227 3667 5298 τῷ
3711 5223 3825 5295 Υξῷ

2239 5320 2545 5389 πεποίηκε;
2593 5321 2697 5374 κᾶν
2748 5322 2796 5372 εί
2853 5320 2926 5391 μὴ
2975 5320 3322 5386 πιστεύσειε,
3376 5322 3823 5393 προσκέκρουκεν

2238 5413 2523 5484 ἀραρότως
2552 5413 2630 5482 τῷ
2661 5413 2802 5466 κατὰ
2838 5413 2998 5483 φύσιν
3047 5412 3181 5484 Υἱῷ,
3228 5413 3490 5485 τιμᾶσθαι
3534 5414 3679 5485 τάχα
3720 5429 3822 5464 που

2238 5506 2332 5558 καὶ
2384 5504 2545 5559 αὐτόν
2604 5504 2875 5571 ἐθέλοντι,
2925 5507 3017 5561 καὶ
3059 5505 3412 5561 πιστεύεσθαι
3474 5506 3614 5578 πρὸς
3663 5506 3825 5578 ἡμῶν

1182 5679 1227 5712 ⁸³
1260 5680 1425 5735 Exod.
1460 5697 1571 5747 xvi,
1601 5682 1653 5735 8.
1732 5682 1776 5714 ⁸⁸
1812 5680 1831 5733 1
1863 5680 1992 5751 ch.
2028 5696 2143 5747 Vlll,
2178 5680 2284 5737 4-6.
2362 5682 2406 5715 ⁸⁸
2442 5682 2629 5738 Matth.
2665 5698 2790 5753 xxv,
2826 5683 2916 5738 40.
