4038 6200
313 257 458 313 1285

1451 258 1639 326 QUOD
1678 256 1865 314 UNUS
1905 254 2012 310 SIT
2050 256 2419 312 CHRISTUS.

3436 267 3572 325 ίῖεϐ

308 377 451 430 κατὰ
496 376 588 431 τὸν
638 378 751 432 ἴσον
800 380 896 433 καὶ
944 380 1384 453 ἀπαραλλάκτως
1431 379 1623 447 ἔχοντα
1673 377 1870 445 τρόπον

2000 371 2196 442 polleat
2243 375 2294 428 id
2341 374 2486 444 quod
2516 383 2759 430 creatum
2801 385 2906 442 est,
2962 387 3018 434 et
3071 377 3213 433 Deus
3256 394 3485 447 recens,
3518 392 3574 436 ut

308 468 442 524 Εἶτα
485 471 602 535 πῶς
646 472 705 525 οὐ
752 473 976 542 γέγονεν
1025 474 1266 543 ἰσότιμον
1303 472 1401 542 μὲν
1433 470 1509 540 τῷ
1546 468 1780 537 δεσπότῃ
1828 468 1890 519 τὸ

306 561 527 627 δοῦλον,
576 565 634 616 ὲν
669 564 967 634 ὑπεροχαῖς
1006 564 1062 617 δὲ
1098 564 1351 633 θεότητος
1391 561 1453 613 τὸ
1494 558 1886 627 πεποιημένον,

307 655 400 707 καὶ
430 654 561 716 Θεὸς
583 654 915 724 πρόσφατος,
944 655 1207 717 κατά·τὰς
1238 654 1489 725 Γραφάςς
1533 651 1888 720 ὲπενήνεκται

304 744 361 798 δὲ
391 746 456 814 τῇ
485 744 618 814 ἁγία
653 745 748 796 καὶ
774 745 1047 815 ὁμοουσίῳ
1072 744 1265 815 Τριὰδι
1319 743 1380 795 τὸ
1423 740 1708 809 ἀνισοφυὲς
1749 738 1885 806 αὐτῇ

304 837 396 889 καὶ
445 836 544 890 σὺν
574 836 710 907 αὐτῇ
747 836 1221 907 προσκυνούμενον
1250 875 1265 900 ,
1318 834 1413 886 καὶ
1452 832 1551 902 τῆς
1591 832 1712 900 ἴσης
1749 829 1884 899 αὐτῇ

304 927 596 982 κοινωνοῦν
621 927 903 994 εὐκλείας;

273 1044 279 1084 ι
375 1020 436 1072 Β.
477 1021 615 1073 Φασὶ
646 1019 744 1091 τὴν
785 1020 1064 1091 ἀναφορὰν
1106 1017 1247 1072 κατὰ
1292 1016 1493 1070 τοιόνδε
1532 1012 1656 1066 τινὰ
1689 1012 1887 1083 χρῆναι

274 1110 684 1179 ⁸λαμϐάνεσθαι
737 1111 954 1181 τρόπον.
1023 1109 1361 1171 Ἐννοοῦντες
1403 1107 1511 1176 γὰρ
1563 1105 1652 1158 τὸν
1698 1103 1776 1173 τῷ
1822 1104 1887 1155 ἐκ

306 1202 623 1272 σπέρματος
672 1202 834 1255 Δαὸὶδ
873 1203 1189 1273 ἀχωρίστως
1237 1200 1578 1269 συναφθέντα
1617 1198 1748 1251 Θεὸν
1784 1196 1887 1249 Λό-

306 1308 422 1359 γον,
458 1292 871 1364 προσκυνοῦμεν
896 1294 970 1355 ὡς
1001 1293 1154 1346 Θεόν.

374 1384 437 1436 Α.
485 1378 609 1452 Ἆρ’
654 1378 747 1436 οὖν
792 1385 1010 1454 ἀπόχρη
1063 1384 1206 1454 πρὸς.
1229 1383 1290 1435 τὸ
1326 1383 1436 1435 δεῖν
1475 1380 1624 1451 αὐτῷ
1672 1379 1771 1449 τὴν
1810 1379 1886 1449 τῷ

305 1471 422 1541 Θεῷ
471 1472 787 1542 πρέπουσαν
838 1473 996 1537 δόξαν
1045 1474 1206 1535 ἑλεῖν,
1241 1474 1333 1525 καὶ
1374 1472 1483 1525 τῶν
1526 1471 1625 1539 τῆς
1655 1470 1886 1532 κτίσεως

303 1561 708 1631 ὑπερφέρεσθαι
737 1564 971 1633 μέτρων,
997 1564 1055 1616 τὸ
1089 1564 1356 1632 συνῆφθαι
1389 1563 1546 1631 μόνον
1580 1558 1757 1629 abem;
1792 1559 1884 1611 καὶ

299 1654 458 1705 τοῦτο
486 1656 858 1725 προσκυνητὸν
909 1656 999 1708 τὸν
1047 1656 1144 1709 οὐκ
1198 1657 1325 1709 ὄντα
1373 1654 1503 1707 Θεὸν
1552 1654 1877 1723 ὲργάσεται;

1997 464 2276 533 Scriptura
2333 475 2564 520 testatur
2604 467 2700 519 '7?
2742 468 3040 525 Asciscitur
3064 485 3190 525 vero
3228 470 3280 523 in
3324 484 3572 527 sanctam

1991 542 2045 612 εἰ
2073 558 2588 614 consubstantialem
2619 560 2944 616 Trinitatem
2978 562 3029 616 id
3058 562 3203 631 quod
3237 562 3468 617 diversae
3508 565 3572 619 ah

1991 663 2052 703 ea
2084 661 2293 704 natura:
2320 660 2423 716 est,
2462 667 2681 721 unaque
2714 668 2835 708 cum
2858 668 2920 708 ea
2964 655 3225 708 adoratur
3252 695 3268 720 ,
3320 669 3568 710 commu-

1992 753 2225 810 nemque
2253 748 2306 796 ct
2331 756 2515 812 parem
2547 758 2671 799 cum
2702 758 2766 798 ea
2797 743 3024 813 gloriam
3053 744 3257 800 habet?

2060 1004 2122 1062 Β.
2164 1004 2493 1059 Aiunthanc
2539 1005 2854 1061 relationem
2899 1006 3279 1076 hujuscemodi
3326 1009 3561 1079 quadam

1989 1097 2197 1153 ratione
2226 1097 2399 1166 accipi
2430 1096 2646 1151 debere.
2678 1096 2991 1154 Statuentes
3024 1102 3168 1155 enim
3198 1102 3322 1157 huic
3352 1104 3444 1173 qui
3481 1115 3565 1159 est

1989 1203 2054 1243 ex
2101 1190 2309 1244 semine
2352 1189 2533 1255 David
2578 1189 3012 1259 inseparabiliter
3063 1195 3374 1264 copulatum
3440 1210 3562 1252 esse

1988 1279 2157 1333 Deum
2195 1279 2454 1345 Verbum,
2492 1281 2785 1338 adoramus
2814 1294 2873 1339 ut
2918 1285 3105 1342 Deum.

2058 1373 2123 1425 A.
2143 1373 2305 1441 Atqui
2342 1372 2609 1429 suliicitne
2636 1376 2739 1431 hoc
2773 1378 2839 1431 ad
2864 1377 3207 1434 deferendam
3238 1379 3310 1434 illi
3333 1380 3557 1450 gloriam

1986 1477 2103 1531 qua:
2136 1463 2241 1518 Deo
2263 1466 2557 1529 convenit,
2616 1477 2671 1521 et
2715 1467 2781 1522 ad
2831 1483 2952 1522 eum
3001 1469 3137 1524 ultra
3184 1481 3558 1525 creaturarum

1984 1554 2349 1609 conditionem
2371 1556 2729 1620 evehendum,
2754 1556 2896 1625 quod
2931 1558 3252 1627 conjunctus
3271 1561 3319 1616 ei
3348 1571 3557 1615 tantum

1983 1646 2073 1711 sit,
2114 1645 2273 1714 idque
2304 1645 2631 1700 adorabilem
2666 1662 2788 1700 eum
2819 1646 2981 1700 faciet
3010 1650 3099 1716 qui
3131 1666 3236 1705 non
3263 1652 3335 1705 sit
3366 1651 3509 1707 Deus
3536 1652 3560 1705 ξ’

300 1745 416 1797 ἀλλ’
449 1722 689 1815 εὑρίσκω
720 1722 841 1800 τινὰ
861 1746 938 1816 τῷ
972 1746 1090 1817 Θεῴ
1122 1748 1347 1816 λέγοντα
1375 1746 1461 1799 διὰ
1490 1722 1594 1815 τῆς
1610 1744 1703 1797 τοῦ
1730 1745 1870 1797 Ψάλ

1983 1736 2051 1789 At
2088 1736 2297 1803 reperio
2325 1736 2614 1803 quemdam
2656 1749 2755 1803 per
2806 1733 3106 1791 Psalmistze
3142 1737 3313 1808 lyram
3365 1741 3557 1794 dicen-

299 1836 481 1898 λοντος
504 1838 671 1907 λύρας
696 1855 707 1867 ·
755 1858 773 1889 ι
815 1839 1110 1909 Ἐκολλήθη
1144 1841 1175 1909 ὴ
1209 1838 1351 1908 ψυχή
1387 1854 1484 1907 μου
1510 1837 1683 1889 ὀπίσω
1714 1853 1825 1890 σου.
1856 1854 1873 1887 ι

299 1928 503 1997 Γράφει
538 1929 592 1981 δὲ
619 1930 710 1982 καὶ
751 1932 778 1981 ὁ
815 1930 1081 2001 μακάριος
1110 1929 1351 1992 Παῦλος·
1386 1948 1403 1981 ι
1450 1929 1507 1980 Ὀ
1544 1927 1880 1997 κολλώμενος

299 2020 377 2089 τῷ
400 2020 605 2090 Κυρίῳ,
630 2020 686 2073 ἓν
714 2021 929 2092 πνεῦμά
958 2024 1122 2074 ἐστιν.
1166 2040 1183 2071 ι
1212 2016 1333 2091 Ἆρ’
1354 2015 1467 2086 οὖν,
1509 2019 1631 2072 εἰπέ
1657 2036 1765 2089 μοι,
1786 2019 1881 2071 καὶ

299 2111 519 2175 τούτους
558 2114 805 2184 ἀναφορᾷ
841 2115 977 2167 Θεοῦ
1006 2116 1477 2185 προσκυνήσομεν,
1509 2112 1583 2175 ὡς
1622 2112 1880 2181 κεκολλη-

303 2206 495 2273 μένους
528 2205 713 2274 αὐτῷ;
767 2206 959 2259 Καίτοι
997 2205 1090 2258 τοῦ
1136 2206 1405 2275 συνῆφθαι
1436 2205 1631 2274 λέγειν,
1673 2205 1734 2257 τὸ
1779 2206 1877 2276 τῆς

299 2295 605 2363 κολλήσεως
649 2294 836 2364 ὄνομα,
881 2294 1100 2364 μείζονά
1138 2311 1237 2347 που
1276 2296 1491 2358 πάντως
1524 2296 1642 2350 καὶ.
1665 2293 1872 2358 ἀξιολο-

296 2386 544 2455 γωτέραν
576 2385 674 2453 τὴν
718 2384 952 2453 ἔμφασιν
997 2384 1143 2455 ἔχει·
1176 2384 1334 2455 εἴπερ
1368 2385 1514 2438 ἐστὶν
1558 2385 1753 2455 ἀληθὲς
1797 2387 1873 2437 εἰ.

294 2480 435 2539 πεῖν,
471 2476 546 2539 ὠς
580 2477 636 2528 τό
665 2494 773 2529 τισι
808 2476 1164 2546 κολλώμενον,
1204 2479 1261 2533 ἐν
1301 2479 1547 2531 ἐπιτάσει
1579 2477 1742 2548 πολλῇ
1778 2478 1874 2549 τὴν

295 2568 588 2636 συνάφειαν
624 2566 758 2637 ἔχει.

368 2658 424 2710 Β.
471 2660 705 2713 Ἔοικεν.
1432 2704 1433 2707 η

365 2751 427 2806 A.
483 2751 726 2803 Ἀνθότου
780 2751 835 2804 δὲ
886 2752 950 2823 δὴ
999 2750 1266 2821 παρέντες
1300 2753 1397 2823 τὴν
1433 2753 1646 2815 ἕνωσιν,
1698 2753 1871 2806 καίτοι

296 2841 482 2911 φωνὴν
517 2838 681 2896 οὖσαν
726 2843 945 2913 εὐτριῦῆ
994 2845 1125 2915 παρ’
1159 2846 1290 2914 ἡμῖν
1341 2846 1544 2908 αὐτοῖς,
1584 2845 1780 2914 μᾶλλον
1814 2844 1871 2896 δὲ

295 2933 391 2985 καὶ
420 2934 486 2985 ἐκ
511 2932 619 2985 τῶν
644 2933 813 3000 ἁγίων
841 2934 1097 3003 Πατέρων
1126 2934 1560 2988 καταϐαίνουσαν
1591 2937 1669 2995 εἰς
1703 2936 1867 3005 ἡμᾶς,

1986 1837 2091 1881 tem
2129 1844 2140 1878 :
2180 1846 2197 1877 ι
2228 1826 2609 1895 Conglntinata
2655 1836 2737 1882 est
2789 1830 2966 1880 anima
3012 1843 3128 1883 mea
3164 1840 3285 1897 post
3320 1839 3370 1885 te
3399 1831 3445 1863 ⁸³
3476 1848 3493 1897 ;
3534 1851 3551 1883 ι

1981 1931 2035 1975 ct
2073 1920 2261 1974 beatus
2292 1919 2488 1973 Paulus
2536 1919 2607 1972 ita
2655 1919 2846 1974 scribit
2881 1934 2896 1975 :
2941 1939 2959 1972 ‹
3002 1918 3102 1987 Qui
3150 1922 3555 1989 conglutinatus

1982 2022 2063 2064 est
2098 2010 2327 2065 Domino
2355 2048 2370 2073 ,
2405 2025 2545 2064 unus
2582 2010 2807 2079 spiritus
2852 2022 2937 2066 est
2978 2012 3067 2068 33'.
3118 2032 3137 2065 ι
3185 2015 3341 2069 Anne
3375 2015 3555 2085 igitur,

1980 2104 2227 2166 obsecro,
2253 2102 2414 2156 etiam
2447 2102 2549 2157 hos
2572 2102 2922 2157 adorabimus
2947 2114 3194 2172 respectu
3232 2104 3344 2171 Dei,
3373 2115 3558 2174 utpote

1981 2195 2028 2249 ei
2082 2193 2527 2260 conglutinatos?
2582 2196 2744 2264 Atqui
2813 2197 3295 2267 eonglutinationis
3360 2213 3553 2252 nomen

1981 2285 2241 2354 majorem
2279 2287 2384 2340 vim
2417 2288 2577 2357 733
2607 2297 2769 2357 atque
2837 2289 3138 2358 emphasim
3189 2288 3349 2342 habet
3392 2304 3552 2358 quam

1979 2376 2397 2444 conjunctionis.
2434 2376 2712 2445 Siquidem
2750 2392 2877 2433 vere
2911 2378 3129 2445 dicitur,
3167 2379 3209 2433 si
3240 2380 3369 2448 quid
3398 2380 3551 2433 alteri

1978 2470 2209 2540 cuipiam
2235 2469 2670 2539 conglutinatam
2694 2482 2798 2535 est,
2840 2472 3214 2525 vehementem
3244 2471 3292 2526 ei
3318 2483 3551 2526 arctam-

1975 2578 2081 2633 que
2106 2578 2231 2617 cum
2258 2562 2348 2616 illo
2373 2561 2809 2631 conjunctionem
2839 2563 3196 2619 intercedere.

2046 2654 2107 2707 B.
2140 2655 2216 2708 lta
2252 2654 2487 2709 videtur.

2045 2748 2110 2799 A.
2141 2747 2251 2801 Cur
2273 2757 2477 2813 autem,
2508 2748 2710 2817 rejecto
2740 2748 2958 2803 nomine
2996 2748 3239 2816 unitatis,
3270 2763 3389 2803 cum
3421 2748 3555 2803 alio-

1974 2838 2064 2907 qui
2093 2840 2162 2893 sit
2212 2840 2466 2892 usitatum
2519 2840 2673 2893 nobis
2705 2840 2858 2909 ipsis,
2907 2840 3015 2894 imo
3067 2834 3209 2895 vero‘
3269 2856 3298 2895 a
3352 2844 3553 2896 sanctis

1978 2931 2222 2984 Patribns
2262 2930 2327 2983 ad
2365 2946 2461 2985 nos
2485 2929 2721 2996 fluxerit,
2752 2930 3192 3000 conjunctionem
3244 2933 3423 3002 potius
3460 2950 3555 2989 vo-

295 3021 593 3091 συνάιρειαν
625 3022 980 3092 ὀνομάζουσι;
1015 3023 1205 3076 Καίτοι
1242 3028 1432 3096 συγχεῖ
1465 3026 1562 3093 μὲν
1602 3027 1633 3095 ἡ
1680 3026 1870 3089 ἕνωσις

1974 3022 2157 3075 eant?
2211 3022 2374 3091 Atqui
2422 3025 2602 3078 unitas
2659 3038 2995 3093 nequaquam
3041 3024 3322 3080 confundit
3367 3042 3428 3080 ea
3482 3028 3547 3083 de

288 3113 545 3183 οὐδαμῶς
576 3114 645 3167 τὰ
694 3116 813 3167 καθ’
841 3108 915 3169 ὧν
946 3116 1009 3169 ἂν
1041 3117 1268 3184 λέγοιτο,
1296 3117 1619 3172 διαδείκνυσι
1648 3118 1702 3171 δὲ
1731 3120 1869 3187 μᾶλ-

286 3205 375 3257 λον
409 3205 509 3275 τὴν
545 3206 625 3268 είς
668 3204 727 3258 ἓν
766 3223 818 3258 τι
868 3207 1169 3280 συνδρομὴν
1220 3208 1328 3263 τῶν
1363 3210 1601 3280 ἡνῶσθαι
1646 3210 1868 3280 νοουμέ-

287 3315 414 3351 νων.
447 3297 558 3351 Καὶ
589 3298 709 3367 οὐχὶ
759 3296 932 3368 πάντη
981 3316 1041 3351 τε
1078 3301 1172 3352 καὶ
1215 3301 1432 3364 πάντως
1464 3300 1521 3354 ἒν
1557 3302 1623 3355 ἂν
1661 3302 1869 3371 λέγοιτο

291 3388 468 3458 μόνως
498 3386 560 3439 τὸ
589 3386 794 3441 ἁπλοῦν
826 3390 917 3441 καὶ
950 3389 1240 3459 μονοειδὲς,
1276 3389 1412 3443 ἀλλὰ
1443 3392 1551 3461 γὰρ
1586 3393 1679 3444 καὶ
1707 3393 1775 3445 τὰ
1805 3394 1869 3446 ὲκ

286 3481 432 3532 δυοῖν
470 3480 501 3549 ἢ
536 3479 795 3534 πλειόνων
824 3480 905 3534 ἔτι
941 3480 1038 3534 καὶ
1077 3481 1136 3545 ἐξ
1168 3481 1480 3553 ὲτεροειδῶν
1517 3485 1862 3555 συγκείμενα.

286 3574 444 3625 Δοκεῖ
491 3571 597 3641 γὰρ
624 3571 797 3637 οὕτως
844 3569 904 3626 εὖ
958 3573 1102 3643 ἔχειν
1129 3576 1242 3637 τοῖς
1270 3573 1462 3628 ταῦτα
1495 3578 1696 3644 σοφοῖς.
1750 3578 1866 3630 Κα-

285 3664 623 3735 κουργότατα
662 3665 841 3719 τοίνυν
892 3664 985 3719 τὸν
1036 3665 1133 3719 ἕνα
1180 3666 1277 3718 καὶ
1313 3666 1472 3734 φύσει
1520 3668 1614 3721 καὶ
1650 3667 1867 3738 ἀληθῶς

288 3756 435 3819 Υἱὸν,
469 3756 964 3827 ὲναενθρωπήσαντα
996 3760 1092 3811 καὶ
1125 3759 1543 3829 σεσαρκωμένον
1567 3760 1863 3827 διιστάντες

284 3849 365 3909 εἱς
392 3847 504 3911 δύο,
538 3849 927 3919 παραιτοῦνται
961 3850 1060 3919 μὲν
1093 3850 1190 3922 τὴν
1222 3852 1435 3917 ἕνωσιν,
1470 3854 1764 3923 συνάφειαν
1806 3857 1864 3908 δὲ

284 3938 663 4008 ὀνομάζουσιν,
697 3941 764 4011 ἢν
794 3941 860 3997 ἂν
895 3942 1006 4012 ἔχοι
1037 3943 1200 4013 τυχὸν
1238 3944 1330 3997 καὶ
1370 3944 1555 4015 ἕτερός
1597 3963 1683 4009 τις
1728 3946 1865 4017 πρὸς

284 4030 439 4096 Θεὸν,
475 4031 549 4093 ὡς
573 4031 631 4095 ἐξ
659 4033 858 4103 ἀρετῆς
886 4034 980 4086 καὶ
1012 4033 1285 4105 ἀγιασμοῦ
1320 4038 1598 4108 μονονουχὶ
1647 4037 1865 4091 συνδού-

286 4139 468 4191 μενος,
500 4123 641 4176 κατὰ
676 4140 739 4191 γε
766 4125 828 4177 τὸ
859 4125 963 4178 ὑπό
997 4143 1088 4179 του
1112 4124 1221 4178 τῶν
1253 4128 1548 4197 προφητῶν
1576 4128 1753 4199 ὀρθῶς
1784 4132 1862 4183 εἱ-

286 4216 541 4285 ρημένον,
572 4217 685 4278 τοῖς
725 4216 1116 4285 ἀναπίπτουσιν
1148 4218 1228 4280 εὶς
1268 4217 1330 4270 τὸ
1378 4218 1652 4290 ῥᾴθυμον·
1691 4222 1861 4274 «Συν-

280 4307 481 4379 ἀχθητε
527 4309 620 4363 καὶ
660 4309 967 4381 συνδέθητε,
1013 4310 1074 4362 τὸ
1106 4310 1256 4375 ἔθνος
1285 4309 1344 4363 τὸ
1378 4311 1718 4378 ἀπαίδευτον,
1754 4315 1863 4386 πρὸ

1978 3113 2177 3181 quibus
2206 3114 2552 3182 praedicatur,
2583 3115 2678 3171 sed
2710 3116 2886 3185 potius
2909 3116 3181 3187 signiﬁcat
3224 3134 3547 3175 concursum

1978 3206 2030 3261 in
2069 3221 2236 3260 unum
2260 3220 2463 3261 eorum-
2488 3223 2607 3276 qua:
2648 3210 2796 3261 unita
2844 3223 2966 3263 esse
3004 3209 3398 3281 intelliguntur.
3447 3213 3554 3268 Sed

1977 3311 2152 3366 neque
2191 3297 2244 3351 in
2280 3298 2590 3351 universum
2642 3298 2844 3351 dicitur
2885 3313 3052 3353 unum
3104 3300 3447 3357 solummodo
3496 3302 3551 3357 id

1975 3387 2114 3458 quod
2152 3389 2379 3458 simplex
2406 3398 2510 3452 est,
2538 3398 2699 3458 atque
2727 3390 2886 3444 unius
2916 3391 3137 3459 speciei,
3172 3408 3363 3447 verum
3384 3395 3550 3450 etiam

1976 3491 2039 3532 ea
2077 3493 2197 3547 qua:
2236 3494 2301 3534 ex
2345 3480 2555 3534 duobus
2615 3486 2709 3532 aut
2758 3479 2921 3533 etiam
2984 3479 3232 3549 pluribus
3262 3483 3428 3538 etiam
3471 3486 3552 3539 di-

1974 3585 2256 3624 versarum
2296 3572 2599 3638 specierum
2626 3570 2927 3641 composita
2966 3580 3110 3625 sunt.
3155 3572 3231 3626 lta
3260 3575 3404 3628 enim
3433 3584 3548 3630 sta-

1978 3671 2134 3717 tuunt
2172 3662 2363 3716 harum
2392 3677 2571 3716 rerum
2597 3664 2794 3731 'periti.
2837 3663 3356 3720 Fraudulentissime
3386 3668 3548 3736 igitur

1975 3767 2140 3807 unum
2172 3761 2226 3806 et
2263 3761 2451 3804 natura
2504 3761 2560 3806 et
2611 3766 2736 3807 vere
2785 3755 2979 3809 Filium
3022 3755 3294 3810 hominem
3337 3756 3544 3813 factum

1973 3851 2135 3909 atque
2176 3841 2514 3894 incarnatum
2556 3840 2951 3913 distinguentes
2986 3846 3042 3901 in
3083 3847 3210 3912 duo,
3275 3848 3539 3905 unitatem

1972 3932 2190 4001 quidem
2238 3931 2582 3999 detrectant,
2639 3936 3076 4006 conjunctionem
3121 3954 3251 3996 vero
3299 3951 3540 4010 vocant,

1972 4039 2133 4093 quam
2162 4024 2392 4079 fortasse
2419 4025 2581 4079 etiam
2609 4027 2746 4081 alius
2777 4031 3045 4099 quispiam
3074 4048 3195 4087 cum
3232 4034 3341 4089 Deo
3359 4034 3540 4101 habet,

1973 4124 2158 4186 utpote
2191 4116 2389 4170 virtute
2424 4132 2488 4171 ac
2516 4120 2947 4179 sanctificatione
2992 4132 3314 4181 tantumnon
3349 4128 3399 4181 ei
3431 4127 3543 4182 col-

1970 4208 2191 4277 ligatus,
2219 4208 2372 4278 juxta
2413 4208 2540 4263 illud
2571 4220 2721 4264 recte
2746 4227 2773 4264 a
2803 4215 3086 4283 prophetia
3115 4216 3319 4273 dictum
3353 4220 3418 4274 iis
3451 4222 3542 4289 qui

1969 4303 2035 4356 ad
2080 4301 2347 4370 ignaviam
2382 4300 2741 4355 devolvuntur
2770 4318 2782 4355 :
2816 4322 2834 4354 ι
2874 4305 3309 4379 Congregamini,
3341 4321 3392 4365 et
3431 4313 3541 4365 εοι-

280 4401 374 4454 τοῦ
405 4402 654 4470 γενέσθαι
700 4403 843 4474 ὑμᾶς
889 4403 963 4465 ὡς
997 4401 1156 4467 ἄνθος
1198 4404 1628 4476 παρερχόμενον.
1671 4425 1688 4458 ι
1729 4407 1860 4459 Συν-

1974 4394 2239 4463 ligamini,
2273 4410 2405 4465 gens
2437 4395 2709 4465 imperita,
2739 4406 3024 4467 antequam
3059 4399 3200 4455 ﬁalis
3236 4416 3330 4456 vos
3360 4411 3416 4455 ut
3442 4400 3541 4458 flos

281 4491 506 4545 ἅπτοιτο
532 4494 574 4545 δ’
617 4494 682 4548 ἂν
735 4498 828 4549 καὶ
878 4494 1126 4565 μαθητὴς
1173 4495 1476 4567 διδασκάλῳ
1523 4499 1663 4552 κατά
1695 4516 1758 4566 γε
1805 4499 1866 4552 τὸ

282 4583 601 4652 φιλομαθὲς,
634 4586 729 4637 καὶ
757 4588 918 4655 ἡμεῖς
951 4588 1219 4658 ἀλλήλοις,
1252 4588 1313 4639 οὐ
1359 4588 1481 4641 καθ’
1511 4588 1606 4641 ἕνα
1637 4589 1861 4659 τρόπον,

288 4674 415 4726 ma
448 4674 695 4738 πολλούς.
735 4677 806 4728 Ἦ
837 4678 975 4747 τάχα
1004 4695 1106 4731 που
1145 4679 1238 4731 καὶ
1271 4681 1298 4731 ὁ
1326 4677 1479 4731 τοῦδέ
1524 4695 1669 4742 τινος
1719 4681 1862 4750 πρά·

279 4782 486 4835 γματος
531 4765 821 4835 ὑπουργὸς,
857 4770 955 4822 οὐκ
1003 4769 1285 4840 ἀσυναςρὴς
1336 4769 1477 4822 κατὰ
1515 4770 1573 4821 τὸ
1614 4770 1876 4851 ἑκούσιον.

278 4857 436 4911 νοοῖτ’
464 4857 530 4911 ἂν
561 4858 784 4923 εἰκότως
816 4860 892 4931 τῷ
924 4860 1139 4914 λαϐόντι
1170 4861 1306 4932 πρὸς
1339 4861 1661 4932 ὑπουργίαν.
1702 4864 1767 4916 ⁸0
1798 4863 1854 4917 δὲ

255 4932 264 5006 Ι
279 4948 482 5016 μᾶλλον
513 4948 687 5002 ἔοικεν
772 4950 926 5022 παρὰ
945 4952 1052 5004 τῶν
1077 4953 1411 5024 καινοτόμων
1432 4956 1565 5024 ἡμῖν
1592 4956 1855 5025 συνάφεια

254 5038 486 5116 ίδηὶοῦν.
539 5041 804 5095 Διεπύθου
858 5042 967 5112 γὰρ
1015 5043 1430 5113 διατεινομένων
1482 5047 1728 5116 ἀμαθῶς,
1774 5049 1855 5101 ὅτι

275 5072 486 5107 υιμιυυν.
539 5072 804 5095 ωιςτδιυυυυ
868 5072 967 5112 γαρ
1015 5072 1430 5113 υιιιυιτινυμινων
1482 5072 1728 5116 αμαυως,
1774 5072 1855 5101 οτι

248 5072 451 5195 ίλαϐὼν
485 5132 789 5204 ἄνθρωπον,
819 5134 895 5197 ὡς
921 5134 1104 5207 ἕτερόν
1133 5153 1255 5188 τινα
1286 5136 1415 5207 παρ’
1451 5137 1641 5191 ἑαυτὸν
1684 5139 1798 5192 υἱὸν
1828 5141 1856 5193 ό

269 5218 403 5282 Θεὸς
441 5221 631 5289 Λόγοςο,
669 5224 941 5294 ὑπουργὸν
981 5224 1170 5297 ὥσπερ
1216 5227 1337 5280 τινὰ
1391 5227 1500 5281 τῶν
1544 5230 1739 5283 ἑαυτοῦ
1771 5231 1857 5283 θε-

269 5308 528 5378 λημάτων
566 5313 849 5383 ἀπέφηνεν
878 5314 1062 5377 αὐτὸν,
1094 5316 1233 5370 ὥστε
1277 5317 1370 5371 καὶ
1397 5318 1627 5374 θανάτου
1662 5322 1856 5389 πεῖραν

271 5398 430 5466 ἑλεῖν,
470 5403 764 5456 ἀναϐιῶναί
797 5422 878 5469 τε,
910 5406 1101 5467 καὶείς
1129 5407 1288 5459 αὐτὸν
1318 5408 1606 5463 ἀνελθόντα
1646 5410 1735 5463 τὸν
1764 5412 1855 5463 οὐ·

274 5491 454 5560 ρανὸν,
484 5495 597 5555 τοῖς
635 5495 733 5564 τῆς
765 5496 1005 5567 ἀρρήτου
1053 5496 1303 5568 θεότητος
1352 5500 1596 5570 ὲνιζῆσαι
1642 5499 1848 5563 θάκοις.

335 5667 389 5702 ⁸⁷
417 5671 564 5728 Psal.
595 5688 757 5741 Lux,
786 5672 873 5728 10.
954 5675 996 5707 ⁸⁸
1027 5674 1150 5731 Psal
1181 5690 1315 5740 tht,
1357 5675 1409 5731 9.

1965 4487 2280 4556 prmteriens
2317 4487 2382 4542 ⁸⁸.
2460 4486 2817 4557 Conjungitur
2867 4505 2992 4543 vero
3027 4493 3190 4545 etiam
3241 4484 3539 4564 discipulus

1964 4580 2228 4647 magistro
2263 4582 2474 4636 ratione
2502 4582 2789 4636 docilitatis
2814 4599 2829 4647 ;
2853 4589 2906 4636 et
2935 4596 3033 4635 nos
3068 4583 3205 4639 alter
3237 4586 3390 4639 alteri
3427 4601 3531 4639 non
3579 4618 3585 4631 ι

1960 4684 2068 4723 uno
2102 4672 2284 4737 modo,
2342 4674 2436 4728 sed
2485 4672 2751 4741 pluribus.
2811 4673 2876 4727 Et
2901 4673 2994 4743 qui
3054 4675 3281 4743 alicujus
3330 4678 3535 4746 negotii

1960 4762 2175 4833 adjutor
2203 4773 2315 4830 est,
2372 4779 2478 4819 non
2522 4775 2701 4833 potest
2739 4766 2933 4821 merito
2971 4767 3273 4836 disjunctus
3318 4769 3533 4825 censeri

1960 4856 2171 4911 ratione
2204 4858 2501 4912 voluntatis
2554 4857 2622 4912 ab
2668 4872 2733 4912 eo
2784 4860 2872 4927 qui
2920 4861 3094 4928 ipsum
3131 4862 3181 4913 iu
3220 4861 3529 4930 adjutorem

1963 4948 2189 5016 accepit.
2224 4947 2337 5003 Hoc
2360 4959 2538 5003 autem
2566 4950 2744 5019 potius
2772 4950 2985 5008 videtur
3005 4953 3118 5008 haec
3147 4953 3529 5010 innovatorum

1962 5039 2273 5109 conjunctio
2323 5042 2650 5112 significare.
2699 5042 2913 5099 Audisti
2962 5046 3104 5100 enim
3133 5061 3228 5102 eos
3283 5047 3531 5116 imperite

1963 5131 2351 5187 contendentes
2376 5170 2391 5197 ,
2424 5133 2564 5201 quod
2594 5133 2732 5189 Deus
2766 5132 3024 5203 Verbum,
3063 5149 3286 5207 accepto
3313 5139 3529 5195 homine

1960 5230 2216 5291 tanquam
2244 5223 2353 5278 alio
2391 5224 2623 5294 quodam
2657 5239 2721 5279 ac
2764 5225 2978 5282 diverso
3015 5242 3045 5282 a
3092 5243 3150 5283 se
3183 5228 3313 5295 lilio,
3363 5228 3527 5286 veluti

1958 5314 2258 5384 adjutorem
2321 5316 2608 5385 quemdam
2665 5327 2829 5387 atque
2854 5329 3231 5376 exsecutorem
3278 5336 3391 5375 sua:
3434 5335 3528 5377 vo-

1954 5407 2178 5461 luntatis
2209 5408 2382 5477 ipsum
2413 5409 2719 5474 constituit,
2748 5410 2817 5464 ita
2852 5421 2911 5465 ιιι
2956 5423 3009 5465 et
3040 5423 3267 5468 mortem
3296 5414 3473 5468 obiret
3505 5450 3523 5476 ,

1954 5508 2008 5555 et
2042 5499 2412 5565 revivisceret,
2448 5509 2610 5569 atque
2642 5500 2695 5556 in
2730 5501 2926 5559 cmlum
2970 5503 3196 5574 relatus,
3236 5503 3523 5563 inefl‘abilis

1489 5676 1555 5708 η’
1584 5673 1602 5727 l
1631 5675 1754 5732 Cor.
1822 5692 1899 5747 vr,
1925 5675 2010 5731 l7.
2090 5677 2134 5710 ⁸⁸
2169 5676 2408 5749 Sephon.
2443 5693 2502 5747 tt,
2537 5679 2589 5760 1,
2618 5680 2673 5735 2.
