4038 6200
544 254 680 315 1287

1561 245 1619 300 S.
1660 242 1933 300 CYBILLI
1975 242 2441 301 ALEXANDRINI
2484 246 2797 303 ARCHIEP.

3671 250 3806 308 {283

542 374 766 430 deitstis
794 371 933 428 solio
964 368 1245 425 insideret.
1291 363 1486 419 Nonne
1521 364 1665 417 enim
1700 378 1768 418 ex
1799 364 1886 419 his
1936 364 2118 418 verbis

2250 368 2297 419 ﬂ
2322 366 2430 436 γὰρ
2460 368 2582 437 οὐχι
2625 367 2803 437 πάντη
2852 383 2909 419 τε
2946 366 3038 419 καὶ
3083 365 3297 430 πάντως
3336 366 3429 420 διὰ
3471 368 3680 421 τούτων
3708 369 3811 421 τῶν

541 468 789 520 diversus
823 464 982 533 plane
1007 459 1253 515 cernitur
1309 457 1376 509 ab
1434 468 1500 510 eo
1546 455 1637 523 qui
1699 463 1785 509 est
1814 457 2006 508 natura
2068 464 2123 509 et

541 571 669 611 vere
703 555 873 610 Filius
892 555 917 607 τ

611 647 674 701 Β.
702 645 960 702 Omnino.

615 738 682 793 A.
715 738 785 790 At
815 749 936 789 cum
978 730 1149 786 semel
1190 744 1257 786 eo
1306 728 1593 784 dementia:
1646 727 2011 795 devenerint,
2065 737 2125 781 ut

543 825 865 881 existiment
924 832 1089 890 atque
1119 829 1368 873 asseram
1398 832 1504 872 non
1558 818 1735 886 ipsum
1784 818 2121 886 unigenitum

545 919 639 972 Dei
706 916 943 971 Verbum
1006 912 1178 967 nostri
1235 910 1465 966 similem
1524 908 1726 965 factum
1761 909 1930 965 fuisse
1963 953 1977 975 ,
2030 911 2123 964 sed

544 1008 819 1064 hominem
864 1004 1183 1072 sumpsisse,
1242 1016 1508 1071 quonam,
1548 1001 1799 1063 obsecro,
1837 1002 1999 1056 modo
2038 1016 2124 1055 as-

543 1101 907 1169 stintptiouem
969 1098 1109 1151 hanc
1165 1111 1193 1148 a
1245 1095 1401 1149 nobis
1449 1093 1673 1161 intelligi
1715 1092 1945 1146 volunt?
1970 1093 2127 1147 Anne

543 1202 600 1248 ut
670 1193 925 1247 edoctum
978 1204 1042 1242 ac
1109 1188 1456 1256 designatum
1511 1186 1578 1239 ab
1658 1184 1776 1252 ipso
1835 1183 1901 1237 ad
1972 1196 2130 1237 exse-

541 1285 815 1353 quendum
848 1281 1050 1347 aliquid
1105 1280 1248 1349 quod
1289 1282 1389 1348 ipsi
1437 1278 1681 1347 placeret
1713 1291 1727 1328 :
1757 1275 1983 1344 perinde
2015 1274 2129 1328 fere

545 1389 709 1445 atque
761 1389 855 1444 per
893 1372 1179 1442 quemdam
1247 1386 1311 1424 ex
1379 1368 1584 1423 sanctis
1663 1365 1943 1436 prophetis
1992 1366 2130 1419 dici-

508 1482 514 1526 ι
549 1482 648 1523 tur
683 1489 694 1522 :
744 1485 763 1518 ι
798 1467 863 1521 Ει
898 1466 1034 1519 dixit
1064 1463 1324 1525 Dominus
1354 1462 1421 1514 ad
1469 1474 1553 1513 me
1585 1476 1599 1511 :
1637 1456 1816 1520 Vade,
1866 1457 2127 1526 propheta

547 1560 711 1630 734
759 1559 824 1611 ad
871 1555 1124 1625 populum
1169 1567 1352 1606 meum
1391 1550 1556 1604 Israel
1584 1549 1669 1601 “2
1700 1565 1719 1599 ι
1758 1548 1838 1601 Ex
1882 1550 2131 1618 capram,

546 1650 691 1704 enim
730 1648 1046 1715 prophetam
1101 1642 1320 1707 ell'ecit,
1370 1650 1427 1695 et
1480 1640 1864 1694 mandatorum
1903 1653 2127 1694 suorum

555 1748 933 1795 exsecutorem
972 1735 1297 1805 designavit.

623 1830 680 1881 Β.
738 1827 984 1880 Dixerint
1030 1824 1263 1879 fortasse
1318 1838 1423 1877 non
1487 1824 1593 1878 hac
1644 1836 1869 1893 prorsus
1919 1822 2133 1877 ratione

550 1921 747 1975 factam
781 1932 901 1971 esse
938 1918 1388 1984 assumptiouem,
1425 1916 1517 1969 sed
1571 1915 1647 1967 ita
1691 1924 1752 1967 ut
1803 1913 2130 1984 intelligitur

552 2027 581 2065 a
616 2011 772 2064 nobis
800 2008 931 2062 illud
975 2022 990 2060 :
1044 2025 1062 2059 t
1098 2007 1351 2062 Formam
1377 2007 1518 2060 servi
1546 2007 1822 2076 accipiens
1844 2007 1914 2058 οι.
1954 2025 1974 2057 ι

621 2106 688 2158 Δ.
747 2103 888 2171 Ergo
934 2100 1234 2155 secundum
1288 2098 1551 2151 unitatem
1608 2097 1957 2160 indivuisam,
2007 2109 2135 2163 pro-

553 2194 730 2262 prium
761 2191 962 2244 factum
994 2203 1118 2243 esse
1151 2188 1202 2242 id
1236 2189 1380 2255 quod
1439 2196 1714 2254 sumptum
1762 2194 1847 2240 est
1886 2185 2004 2253 ejus
2044 2186 2134 2254 qui

555 2286 787 2353 accepit,
824 2284 1015 2336 merito
1046 2281 1356 2335 censebitur
1392 2295 1406 2331 :
1443 2281 1515 2333 ita
1558 2287 1615 2333 ut
1659 2289 1713 2333 et
1767 2279 1909 2331 Deus
1942 2278 2013 2331 sit
2048 2275 2138 2332 Je-

556 2394 667 2439 sns,
697 2385 754 2429 et
803 2374 913 2427 veri
950 2372 1040 2425 Dei
1084 2371 1271 2435 Filius,
1306 2384 1583 2438 unumque
1631 2382 1697 2424 ac
1725 2369 1902 2423 solum
1966 2378 2027 2422 ut
2069 2384 2138 2423 ex

534 2472 669 2523 Deo
698 2468 859 2520 Patre
892 2464 1166 2528 Verbum;
1217 2464 1432 2533 genitus
1467 2463 1686 2532 quidem
1722 2462 1982 2517 divinitus
2012 2470 2139 2515 ante

556 2559 736 2613 omnia
766 2555 961 2611 saecula
995 2563 1051 2609 et
1080 2564 1347 2622 tempora,
1375 2553 1687 2608 novissimis
1714 2562 1895 2607 autem
1941 2550 2126 2607 saeculi

560 2651 891 2719 temporibus
925 2650 1062 2702 idem
1094 2647 1387 2701 secundum
1413 2660 1630 2701 carnem
1662 2661 1731 2700 ex
1762 2647 2008 2701 muliere.

554 2748 561 2755 ί
632 2744 689 2797 Β.
719 2742 903 2811 Neque
930 2739 1075 2794 enim
1116 2747 1234 2792 erat
1259 2738 1484 2792 alterius
1510 2736 1813 2806 cuiuspiam
1840 2776 1855 2801 ,
1901 2737 1992 2791 sed
2051 2736 2136 2806 ip-

558 2837 671 2891 sius
701 2833 840 2888 facta
872 2840 955 2887 est
991 2829 1354 2896 servigforma.

628 2929 693 2982 A.
725 2926 1006 2993 Quomodo
1030 2922 1150 2978 ais?
1180 2925 1355 2985 Anne,
1390 2925 1642 2985 obsecro,
1707 2921 1758 2975 id
1796 2924 1936 2991 quod
1951 2931 2143 2977 natura

2224 460 2402 528 λόγων
2430 459 2617 531 ἕτερος
2655 458 2733 511 ὢν
2765 460 2958 529 ὁρᾶται
2993 458 3273 522 παντελῶς
3322 460 3472 529 παρά
3515 459 3610 513 τὸν
3655 459 3811 527 φύσει

2224 553 2320 605 καὶ
2354 552 2572 623 άληθῶς
2600 552 2726 604 Υῐόν
2746 569 2762 617 ;

2296 644 2357 695 Β.
2396 643 2564 714 Φημί.

2295 739 2361 795 Α.
2414 737 2633 808 Ἐπειδὴ
2674 739 2731 791 δὲ
2775 736 2921 803 ἅπαξ
2955 737 3037 800 εἰς
3083 735 3242 789 τοῦτο
3301 734 3638 789 κατώλισθον
3672 735 3809 805 ἀμα-

2226 826 2369 891 θίας,
2405 827 2481 891 ὡς
2524 826 2730 880 οἴεσθαί
2775 845 2833 881 τε
2887 828 2983 882 καὶ
3014 826 3196 895 λέγειν
3235 827 3337 879 οὐκ
3374 826 3536 881 αὑτὸν
3565 828 3812 895 γενέσθαι

2232 920 2430 989 μᾶλλον
2472 919 2594 973 καθ’
2641 922 2788 991 ἡμᾶς
2838 920 2930 974 τὸν
2982 919 3244 990 μονογενῆ
3291 916 3383 972 τοῦ
3424 918 3562 972 Θεοῦ
3621 920 3811 987 Λόγον,

2227 1009 2513 1081 ἄνθρωπον
2537 1010 2593 1064 δὲ
2623 1010 2805 1064 λαϐεῖν
2826 1027 2841 1042 ο
2866 1010 3009 1064 κατά
3034 1013 3187 1063 ποῖον
3211 1012 3319 1081 ἄρα
3350 1011 3594 1063 νοεῖσθαι
3615 1010 3812 1081 τρόπον

2227 1103 2474 1157 ἐθέλουσι
2512 1104 2647 1175 πρὸς
2695 1104 2853 1175 ἡμῶν
2896 1103 2997 1175 τὴν
3032 1103 3335 1174 άνάληψινς
3386 1099 3533 1175 Ἀρα
3584 1104 3717 1173 γὰρ,
3744 1105 3810 1169 ὡς

2231 1195 2683 1267 προχειρισθέντα
2724 1196 2851 1267 παρ’
2899 1194 3063 1250 αὑτοῦ
3098 1195 3235 1267 πρός
3274 1212 3340 1264 γε
3376 1195 3436 1248 τὸ
3465 1196 3580 1249 δεῖν
3607 1196 3801 1249 ἀποπει

2234 1286 2391 1359 privati
2434 1304 2488 1341 τι
2531 1287 2639 1339 τῶν
2682 1286 2825 1340 κατὰ
2853 1288 3078 1358 γνώμην
3119 1287 3288 1356 αὐτῷ,
3322 1287 3577 1358 καθάπερ
3628 1288 3811 1357 ἀμέλῆ

2232 1378 2326 1431 καὶ
2363 1378 2481 1441 ἑνὸς
2517 1377 2626 1431 τῶν
2659 1378 2829 1446 ἁγίων
2871 1378 3203 1449 προφητῶν*
3241 1397 3261 1429 ι
3307 1379 3421 1430 Καὶ
3449 1371 3573 1430 εἶπε
3614 1378 3815 1448 Κύριος

2232 1467 2369 1539 πρός
2405 1484 2471 1537 με
2493 1482 2507 1496 ⁸
2543 1466 2753 1532 Βάδιζε,
2785 1467 3161 1537 προφητευσον
3187 1464 3281 1518 επὶ
3319 1468 3410 1517 τὸν
3436 1464 3566 1516 λαόν
3596 1481 3701 1533 μου
3732 1464 3815 1515 τὸν

2245 1560 2497 1632 Ἰσραήλ;
2535 1579 2555 1613 ι
2598 1561 2831 1614 Αἰπόλον
2858 1560 2969 1632 γὰρ
2994 1560 3142 1623 ὄντα,
3184 1561 3473 1629 προφήτην
3498 1557 3692 1621 ἐτίθει,
3728 1558 3815 1609 καὶ

2232 1650 2341 1705 τῶν
2375 1651 2570 1705 ἑαυτοῦ
2593 1650 2915 1722 θελημάτων
2944 1650 3216 1721 ὑπουργὸν
3244 1649 3565 1714 ἀπέστειλες

2306 1832 2369 1884 B.
2407 1833 2572 1883 Φαῖεν
2616 1830 2683 1883 ἂν
2716 1830 2847 1893 ἴσως
2885 1829 2975 1897 οὐχ
3019 1822 3122 1882 ὧδέ
3167 1844 3270 1881 που
3307 1826 3522 1889 πάντως
3564 1826 3818 1894 γενέσθαι

2236 1924 2335 1994 τὴν
2368 1923 2552 1993 λῆψιν,
2595 1922 2709 1975 ἀλλ’
2739 1922 2814 1985 ὡς
2842 1921 2907 1975 ἂν
2936 1922 3117 1975 νοοῖτο
3142 1920 3278 1991 πρὸς
3307 1919 3462 1991 ἡμῶν
3491 1918 3550 1971 τὺ
3571 1958 3589 1981 ,
3617 1938 3634 1969 ι
3669 1919 3821 1987 Μορ-

2239 2015 2345 2086 φὴν
2379 2014 2563 2067 δούλου
2593 2012 2793 2068 λαϐών.
2833 2031 2852 2064 ι

2308 2108 2373 2160 Α.
2418 2104 2627 2158 Οὐκοῦν
2675 2104 2796 2157 καθ’
2836 2103 3031 2156 ἕνωσιν
3067 2102 3456 2166 ἀδιάσπαστον,
3494 2101 3621 2154 ἴδιον
3660 2117 3826 2167 γεγο-

2239 2198 2328 2261 νὸς
2358 2196 2455 2250 τοῦ
2486 2196 2741 2259 λαϐόντος
2771 2196 2832 2249 τὸ
2878 2196 3102 2266 ληφθὲν,
3148 2196 3305 2248 νοοῖτ*
3339 2194 3405 2248 ἂν
3448 2195 3700 2257 εἰκότως,
3749 2196 3825 2257 ὼς

2240 2290 2336 2343 καὶ
2365 2288 2495 2342 Θεὸν
2533 2285 2672 2341 εἶναι
2700 2288 2789 2341 τὸν
2830 2287 3058 2359 Ἰησοῦν,
3088 2286 3182 2340 καὶ
3220 2286 3357 2339 Θεοῦ
3400 2285 3493 2338 τοῦ
3521 2286 3660 2338 κατὰ
3696 2286 3830 2355 ἀλή-

2241 2378 2389 2432 θειαν
2429 2378 2575 2440 Υίὸν,
2620 2378 2716 2430 ἕνα
2756 2393 2817 2431 τε
2864 2378 2957 2430 καὶ
3006 2375 3181 2446 μόνον,
3218 2374 3295 2437 ὼς
3326 2376 3389 2428 ὲκ
3434 2374 3570 2427 Θεοῦ
3606 2374 3826 2444 Harpe;

2239 2471 2431 2538 Λόγον,
2465 2469 2795 2539 γεννηθέντα
2846 2468 2945 2538 μὲν
2984 2466 3176 2529 θεῖκῶς
3227 2465 3330 2533 πρὸ
3374 2464 3574 2525 παντὸς
3622 2465 3829 2527 αἰῶνος

2242 2563 2336 2616 καὶ
2368 2562 2585 2634 χρόνον,
2622 2561 2679 2615 ὲν
2727 2560 2975 2631 ἐσχάτοις
3002 2558 3059 2610 δὲ
3089 2556 3183 2610 τοῦ
3224 2555 3411 2618 αἰῶνος
3452 2557 3697 2625 καιροῖς,
3734 2554 3827 2606 τὸν

2242 2653 2403 2706 αὑτὸν
2428 2651 2570 2706 κατά
2601 2653 2777 2722 σάρκα
2820 2653 2885 2704 ὲκ
2914 2649 3193 2718 γυναικός.

2315 2748 2376 2799 Β.
2419 2746 2492 2799 Οὐ
2524 2744 2633 2815 γὰρ
2659 2741 2726 2816 ἦν
2756 2745 2939 2815 ἐτέρου
2978 2743 3143 2805 τινὸς,
3185 2739 3298 2793 ἀλλ’
3328 2739 3492 2794 αὑτοῦ
3524 2740 3755 2809 γέγονεν
3781 2744 3826 2810 ἡ
3904 2790 3911 2797 η,

2242 2838 2336 2890 τοῦ
2369 2836 2553 2889 δούλου
2588 2836 2790 2907 μορφή.

2314 2931 2379 2984 Α.
2422 2927 2547 2989 Πῶς
2590 2928 2756 2995 ἐφηςς
2802 2920 2947 2997 *Αρα
2978 2925 3109 2994 γὰρ,
3154 2928 3273 2980 εἰπέ
3311 2944 3422 2998 μοι,
3448 2925 3510 2979 τὸ
3546 2928 3613 2996 τῇ
3661 2925 3832 2993 φύσει

560 3032 773 3074 servum
826 3026 954 3081 est,
1014 3016 1227 3068 dicatur
1274 3029 1380 3068 non
1431 3013 1667 3068 absurde
1711 3012 1943 3068 formam
1996 3014 2137 3069 servi

2250 3018 2451 3078 δοῦλον.
2488 3015 2684 3084 λέγοιτ’
2715 3014 2782 3069 ἂν
2817 3015 2914 3067 οὐκ
2960 3015 3317 3077 ἀπεοικότως,
3369 3013 3585 3085 μορφὴν
3631 3012 3830 3065 δούλου

561 3109 874 3176 accepisse;
916 3122 982 3160 an
1011 3121 1141 3160 vero
1192 3107 1245 3160 id
1288 3106 1432 3175 quod
1479 3120 1605 3160 vere
1642 3105 1875 3160 liberutn
1904 3116 1988 3162 est
2017 3144 2032 3170 ,
2086 3115 2137 3161 el

2250 3111 2447 3173 λαϐεῖν,
2478 3108 2509 3179 ἦ
2542 3108 2602 3160 τὸ
2631 3106 2916 3177 ἐλεύθερον
2942 3106 3177 3177 άληθῶς,
3206 3106 3430 3160 καὶτῶν
3456 3105 3559 3176 τῆς
3580 3105 3834 3167 δουλείας

564 3198 747 3255 servili
777 3196 1088 3253 conditione
1110 3198 1479 3251 essentialiter
1521 3197 1773 3265 superius
1802 3198 1825 3251 ?

2250 3195 2460 3267 μέτρων
2485 3192 2758 3255 οὐσιωδῶς
2786 3191 3043 3260 ἀνωτέρω
3070 3191 3358 3261 κείμενον;

634 3291 697 3344 B.
730 3289 783 3344 ld
823 3290 966 3358 quod
1018 3288 1248 3342 liberum
1298 3298 1384 3342 est
1419 3290 1749 3343 censuerim.
1797 3289 1949 3354 Quod
1996 3289 2137 3346 enim

2314 3289 2376 3343 Β.
2416 3285 2492 3340 Τὸ
2513 3285 2796 3357 ἐλεύθερον
2823 3280 2976 3356 οἶμαι
3004 3301 3128 3339 που.
3170 3286 3234 3336 Ὃ
3263 3284 3372 3354 γὰρ
3399 3279 3467 3353 ἧν
3497 3283 3681 3353 φύσει,
3710 3285 3833 3344 πῶς

562 3391 684 3437 erat
709 3390 925 3445 natura,
950 3395 1057 3449 quo
1086 3376 1251 3450 pacto
1273 3378 1507 3450 amplius
1537 3380 1633 3433 ﬁat
1663 3378 1686 3432 ?

2250 3378 2311 3432 ἂν
2344 3378 2554 3447 γένοιτο
2585 3376 2664 3430 ἔτι
2690 3394 2705 3444 ;

633 3474 699 3528 Α.
728 3472 1111 3527 Animadverte
1131 3473 1312 3541 itaque
1329 3471 1494 3540 quod,
1514 3479 1729 3526 tametsn
1754 3472 1925 3527 nostri
1955 3471 2136 3526 simile

2314 3474 2380 3523 Α.
2424 3469 2615 3540 Ἀθρει
2642 3469 2705 3538 δὴ
2731 3465 2845 3532 οὖν,
2887 3469 2995 3531 ὅτι,
3035 3469 3209 3522 καίτοι
3239 3468 3359 3522 καθ’
3384 3468 3534 3538 ἡμᾶς
3585 3466 3832 3534 γεγονὼς

567 3568 766 3621 iactum
805 3576 889 3620 est
919 3565 1253 3633 unigenitum
1302 3564 1398 3618 Dei
1447 3542 1728 3630 'Verbum,
1786 3573 1841 3619 et
1890 3566 2137 3620 servilem

2250 3562 2276 3615 δ
2311 3563 2604 3633 μονογενὴς
2646 3560 2741 3615 τοῦ
2779 3560 2915 3615 Θεοῦ
2958 3561 3150 3630 Λόγος,
3185 3563 3279 3614 καὶ
3307 3565 3419 3624 τοῖς
3453 3561 3553 3631 τῆς
3588 3561 3833 3622 δουλείας

564 3658 932 3714 conditionem
964 3656 1194 3711 subierit
1220 3655 1433 3710 ratione
1466 3654 1824 3710 humanitatis
1855 3694 1869 3720 ,
1926 3666 2137 3709 natura-

2250 3652 2468 3722 μέτροις
2514 3651 2841 3721 ὲμϐεῦηκὼς
2885 3652 3026 3705 κατά
3065 3652 3125 3705 τὸ
3168 3651 3536 3721 ἀνθρώπινον,
3588 3668 3835 3721 προσμε-

567 3749 673 3804 lem
705 3760 885 3804 tamen
907 3763 1059 3802 suam
1086 3749 1393 3802 libertatem
1426 3746 1748 3802 testiﬁcatus
1773 3757 1857 3802 est
1876 3748 1927 3801 in
1952 3748 2137 3803 drach-

2252 3741 2604 3814 μαρτύρηκεν
2652 3741 2803 3811 αὐτῷ
2832 3741 2893 3795 τὸ
2938 3742 3081 3795 κατά
3114 3742 3276 3810 φύσιν
3310 3741 3616 3811 ἐλεύθερον,
3662 3743 3725 3794 ὲν
3770 3746 3831 3811 τῇ

574 3857 784 3897 marum
841 3842 1187 3906 coiiationes,
1230 3839 1419 3894 dicens
1474 3857 1487 3893 :
1549 3857 1567 3891 ι
1613 3839 1756 3909 Ergo
1813 3839 1967 3894 liberi
2020 3850 2137 3895 sunt

2250 3832 2356 3889 τῶν
2387 3832 2645 3905 δραχμῶν
2681 3835 3011 3905 συνεισφορᾷ
3055 3833 3259 3900 λέγων’
3322 3852 3341 3885 ι
3386 3835 3533 3903 "Aput.
3576 3850 3645 3902 γε
3682 3835 3831 3887 ἔλεός

575 3935 669 3989 lllii
704 3935 777 3987 ⁹¹.
830 3950 849 3985 ι
904 3932 1145 4003 Suscipit
1195 3932 1380 4001 itaque
1427 3932 1568 3987 servi
1617 3931 1866 3999 formam,
1920 3947 1985 3988 ea
2028 3949 2137 4002 quat

2250 3924 2397 3997 θεροί
2430 3927 2565 3980 εἰσιν
2594 3926 2644 3979 οἱ
2672 3925 2800 3981 υἱοί.
2844 3944 2863 3977 ι
2912 3926 3138 3995 Δέχεται
3161 3925 3341 3978 τοίνυν
3370 3924 3558 3978 δούλου
3594 3928 3832 3997 μορφὴν,

568 4024 926 4080 exininationi
976 4038 1189 4078 annexa
1235 4033 1365 4078 sunt
1397 4024 1500 4079 sibi
1550 4024 1854 4089 asciscens,
1901 4034 1957 4079 et
1992 4025 2137 4081 simi-

2250 4018 2317 4072 τά
2345 4018 2410 4071 ὲκ
2431 4018 2532 4088 τῆς
2557 4016 2837 4082 κενώσεως
2862 4018 3251 4090 οἰκειούμενος,
3278 4018 3371 4071 καὶ
3395 4017 3495 4089 τὴν
3524 4019 3665 4088 πρὸς
3689 4020 3834 4088 ἡμᾶς

572 4114 855 4169 litudinem
885 4115 1060 4169 nostri
1088 4129 1194 4168 non
1224 4124 1569 4184 aspernatus.
1616 4114 1803 4184 Neque
1849 4118 1995 4172 enim
2033 4118 2137 4171 ﬁeri

2250 4110 2507 4179 ὁμοίωσιν
2550 4111 2649 4164 οὐκ
2673 4111 2970 4181 ἀτιμάσας·
3016 4111 3077 4165 οὐ
3113 4112 3220 4183 γὰρ
3251 4107 3319 4183 ἦν
3350 4111 3554 4182 ἑτέρως
3597 4112 3831 4182 τιμῆσαι

572 4213 786 4275 poterat
827 4212 887 4258 ut
924 4204 1027 4257 alia
1064 4204 1275 4258 ratione
1317 4206 1551 4260 servitus
1584 4220 1706 4260 cum
1753 4206 1961 4262 honore
1994 4223 2137 4262 com-

2250 4201 2310 4254 τὸ
2343 4201 2546 4265 δοῦλον,
2577 4203 2625 4255 ει
2656 4202 2730 4272 μὴ
2770 4202 2991 4271 γέγονεν
3024 4204 3189 4257 αὐτοῦ
3229 4203 3288 4257 τὸ
3321 4202 3709 4275 δουλοπρεπὲς.
3745 4204 3831 4256 ἵνα

572 4305 893 4360 mutaretur,
915 4295 1021 4349 nisi
1051 4295 1101 4349 id
1127 4296 1270 4366 quod
1304 4298 1555 4351 servituti
1581 4302 1840 4353 convenit
1864 4302 2137 4370 proprium

2250 4293 2345 4345 καὶ
2381 4295 2447 4363 τῇ
2492 4294 2622 4364 παρ’
2650 4293 2816 4347 αὐτοῦ
2867 4295 3379 4365 καταλαμπρύνοιτο
3410 4295 3558 4365 δόξῃ,
3604 4298 3735 4366 νικᾷ
3778 4296 3834 4348 δὲ

572 4388 745 4457 ipsius
790 4387 997 4441 factum
1042 4385 1257 4451 fuisset,
1298 4397 1357 4440 ut
1400 4396 1456 4443 et
1489 4388 1661 4456 ipsius
1705 4390 1874 4461 gloria
1908 4391 2137 4446 illustra-

2250 4385 2312 4438 τὸ
2340 4380 2574 4456 προῦχον
2605 4386 2711 4449 ἀεὶ,
2757 4386 2850 4439 καὶ
2895 4386 2954 4440 τὸ
2995 4389 3062 4441 ὲκ
3092 4387 3189 4457 τῆς
3236 4387 3479 4451 δουλείας
3518 4384 3711 4458 αἶσχος
3752 4387 3835 4457 ἔθ’

572 4489 740 4533 retur.
774 4476 953 4531 Vincit
979 4479 1124 4532 enim
1153 4492 1371 4545 semper
1400 4478 1451 4533 id
1482 4481 1624 4548 quod
1662 4483 2011 4549 pratstantius
2032 4493 2137 4549 est,

571 4582 628 4626 et
656 4570 933 4635 turpitudo
961 4583 1028 4623 ex
1054 4569 1323 4623 servitute
1368 4577 1488 4624 orta
1539 4572 1592 4625 in
1630 4572 1785 4625 nobis
1813 4572 2011 4627 abolita
2040 4585 2145 4631 est.

567 4660 772 4720 Factus
805 4664 951 4717 enim
981 4662 1154 4717 nostri
1182 4661 1401 4726 similis,
1453 4661 1543 4729 qui
1577 4662 1735 4717 nobis
1763 4664 2014 4732 superior
2041 4676 2149 4732 est,

572 4764 628 4809 et
651 4754 905 4808 servilem
934 4753 1302 4808 conditionem
1334 4752 1506 4808 subiit
1535 4753 1629 4822 qui
1656 4764 1844 4807 natura
1877 4764 1962 4810 est
1986 4756 2144 4814 liber.

575 4844 783 4900 Idcirco
813 4846 975 4899 etiam
1011 4846 1063 4899 in
1106 4860 1207 4901 nos
1229 4845 1468 4915 dignitas
1492 4857 1788 4917 propagata
1819 4856 1925 4902 est.
1962 4848 2149 4905 Vocati

573 4939 721 4994 enim
755 4953 946 4995 sumus
966 4949 1023 4994 et
1048 4952 1153 4994 nos
1176 4939 1272 4993 (iiii
1306 4938 1427 5004 Dei,
1454 4948 1509 4993 et
1537 4937 1753 4993 Patrem
1785 4942 1942 4995 nobis
1974 4943 2149 4997 vindi-

574 5031 843 5094 cavimus,
861 5030 951 5100 qtti
971 5031 1322 5100 peculiariter
1336 5031 1507 5098 ipsius
1524 5029 1798 5085 esLFacta
1819 5033 1962 5086 enim
1982 5035 2148 5088 etiam

578 5124 747 5194 ipsius
781 5140 902 5194 qua:
932 5124 1213 5178 hominum
1248 5123 1468 5192 propria
1518 5132 1696 5177 erant.
1758 5122 1992 5177 Proinde
2025 5139 2148 5177 cum

578 5216 810 5270 dicimus
838 5230 960 5269 eum
999 5213 1226 5267 formam
1271 5213 1416 5268 servi
1469 5214 1746 5283 accepisse
1771 5254 1786 5281 ,
1832 5215 2145 5269 universum

580 5305 636 5358 in
668 5319 731 5359 eo
763 5306 1252 5360 administrationis
1303 5305 1357 5358 in
1388 5319 1552 5359 carne
1602 5306 1923 5375 mysterium
1977 5305 2152 5359 conti-

582 5401 760 5447 netur.
802 5392 857 5447 Si
891 5411 1019 5451 vero
1048 5395 1243 5449 Filium
1275 5394 1611 5464 proﬁtentes,
1645 5409 1813 5449 unum
1867 5403 1924 5447 et
1965 5391 2151 5447 Domi-

583 5496 730 5548 num,
766 5480 994 5538 Verbum
1021 5501 1085 5540 ex
1122 5485 1231 5542 Deo
1279 5483 1459 5552 Patre,
1525 5485 1797 5540 hominem
1838 5482 2154 5551 simpliciter

651 5662 697 5692 ’°
728 5659 929 5715 Jerem.
960 5675 1020 5722 ll,
1057 5659 1111 5711 Ξ.

2252 4477 2412 4548 ἡμῶν
2459 4480 2775 4548 ἠφανίζετο.
2830 4478 2967 4532 Καθ’
3010 4482 3158 4550 ἡμᾶς
3210 4479 3319 4551 γὰρ
3366 4479 3591 4549 γέγονεν
3632 4483 3663 4533 ὁ
3698 4482 3836 4552 ὑπὲρ

2253 4568 2424 4637 ἡμᾶς,
2456 4567 2551 4623 καὶ
2574 4564 2643 4639 ἦν
2671 4571 2729 4623 ὲν
2767 4568 2983 4640 μέτροις
3016 4572 3131 4633 τοῖς
3158 4570 3452 4633 οἰκετικοῖς
3489 4572 3517 4624 ὁ
3546 4570 3835 4642 ἐλεύθερος

2256 4657 2439 4726 φύσει.
2471 4658 2740 4731 Ταύτῃτοι
2774 4659 3060 4731 κεχώρηκε
3090 4662 3186 4714 καὶ
3214 4663 3296 4723 εἰς
3323 4662 3473 4730 ἡμᾶς
3507 4663 3570 4713 τὸ
3593 4660 3834 4731 ἀξίωμα.

2257 4749 2596 4821 Κεκλήμεθα.
2618 4750 2720 4823 γὰρ
2754 4751 2847 4805 καὶ
2874 4754 3035 4823 ἡμεῖς
3069 4752 3176 4805 υἱοὶ
3210 4750 3368 4817 Θεοῦ,
3397 4752 3841 4823 ἐπεγραψάμεθά

2255 4857 2317 4894 τε
2343 4843 2563 4914 Πατέρα
2602 4842 2692 4897 τὸν
2735 4842 2918 4906 ιδικῶς
2948 4842 3136 4900 αὑτοῦ.
3182 4843 3377 4912 Γέγονε
3403 4843 3513 4913 γὰρ
3539 4845 3635 4897 καὶ
3671 4840 3835 4896 αὐτοῦ

2256 4935 2325 4987 τὰ
2353 4934 2686 5006 ἀνθρώπινα.
2722 4935 2929 4991 Οὐκοῦν
2956 4938 3012 4989 ὲν
3054 4936 3135 5007 τῷ
3170 4936 3422 5001 λέγεσθαι
3450 4935 3641 4991 λαϐεῖν
3675 4938 3838 4989 αὐτὸν

2255 5023 2352 5095 τὴν
2395 5024 2580 5079 δούλου
2634 5027 2867 5097 μορφὴν,
2911 5027 3031 5081 ὅλον
3076 5029 3193 5081 ἐστὶ
3233 5028 3335 5098 τῆς
3380 5029 3699 5099 οἰκονομίας
3740 5025 3835 5096 τῆς

2261 5116 2400 5185 μετά
2431 5116 2632 5187 σαρκὸς
2659 5118 2720 5169 τὸ
2755 5118 3073 5188 μυστήριον.
3110 5119 3172 5171 El
3199 5118 3257 5173 δὲ
3293 5118 3417 5173 Υιὸν
3443 5116 3835 5189 ὁμολογοῦντες

2256 5207 2353 5261 ἕνα
2388 5209 2483 5262 καὶ
2512 5208 2738 5275 Κύριον,
2774 5210 2866 5265 τὸν
2898 5211 2963 5263 ὲκ
3002 5210 3137 5264 Θεοῦ
3175 5211 3384 5282 Πατρὸς
3409 5212 3604 5277 Λόγον,
3642 5224 3835 5262 κοινω-

2258 5300 2347 5353 νὸν
2378 5300 2527 5370 αὐτῷ
2556 5301 2657 5371 τῆς
2690 5302 2954 5371 υἱότητος,
2996 5303 3089 5357 καὶ
3120 5303 3301 5373 μέντοι
3326 5303 3423 5371 τῆς
3444 5302 3602 5372 δόξης
3625 5300 3836 5372 ἄνθρω-

2261 5409 2360 5445 πον
2400 5392 2588 5456 ἁπλῶς
2638 5393 2907 5464 συνῆφθαι
2956 5413 3087 5463 φασι
3135 5396 3227 5447 τὸν
3269 5397 3334 5449 ὲκ
3384 5396 3699 5463 σπέρματος
3743 5391 3840 5445 τοῦ

2262 5481 2443 5549 Δαϐἷδ,
2481 5483 2599 5555 ὥρα
2628 5482 2807 5552 λέγειν
2836 5487 2981 5557 ἡμᾶς
3011 5488 3123 5550 τοῖς
3148 5481 3250 5539 ὧδε
3274 5488 3489 5556 φρονεῖν
3514 5483 3839 5556 ᾑρημένοις,

1188 5661 1230 5690 ἰ
1257 5659 1484 5725 Philipp.
1520 5677 1578 5724 ιι,
1614 5662 1667 5716 7.
1745 5663 1789 5694 ⁹³
1827 5660 2013 5717 Matth.
2044 5676 2174 5725 uti,
