4048 6196
366 264 502 322 1289

1491 260 1679 328 QUOD
1720 259 1909 316 ΓΝΕὸ
1950 259 2056 312 SIT
2097 259 2461 315 CHNSTUS.

3474 265 3607 320 I290

365 379 701 450 φιλαλλήὶαος
729 377 1220 445 ὲπιστνγνάζοντας
1239 393 1253 408 ·
1279 396 1296 430 ι
1335 378 1428 440 Τίς
1451 378 1610 431 δώσει
1632 382 1696 449 τῇ
1729 377 1934 449 κεφαλῇ

2051 392 2108 432 ex
2134 377 2341 434 semine
2372 376 2540 433 David
2567 378 2772 433 socium
2804 376 3081 433 ﬁliationis
3123 384 3283 445 atque
3328 377 3461 432 adeo
3493 381 3608 450 glo-

368 487 466 541 μου
499 470 663 539 ὕδωρ,
699 469 793 521 καὶ
820 472 935 531 τοῖς
969 467 1268 539 ὀφθαλμοῖς
1307 486 1408 539 μου
1445 468 1626 539 πηγὴν
1656 468 1933 539 δακρύων,

362 560 460 615 καὶ
491 559 793 628 κλαύσομαι
817 559 908 611 τὸν
939 558 1067 612 λαόν
1098 576 1198 630 μου
1232 560 1421 613 τοῦτον
1459 560 1670 631 ἡμέρας
1692 560 1786 613 καὶ
1811 572 1939 614 νωι-

365 651 487 714 τόςς
525 649 1020 719 Παρεκομίσθησαν
1069 650 1179 720 γὰρ
1228 652 1308 714 είς
1348 650 1605 721 ἀδόκιμον
1652 650 1797 716 νοῦν,
1847 651 1940 705 τὸν

365 741 712 811 ἀγοράσαντα
757 742 1261 810 αὐτοὺςετΔεσπότην
1317 742 1660 813 ἀρνούμενοι.
1720 761 1740 794 ι
1795 741 1938 807 Δνάς

365 832 473 900 γὰρ
510 832 641 899 ἡμῖν
667 828 799 882 υἱῶν
824 829 1118 899 ἀνισοφοὴς
1144 829 1519 896 ἀναφαίνεται,
1547 832 1641 884 καὶ
1669 832 1794 902 δόξῃ
1826 832 1943 887 οεο-

364 923 569 989 πρεπεῖ
636 919 995 988 στεφανοῦται
1075 917 1137 971 τὸ
1203 918 1422 982 δοῦλον,
1481 922 1573 974 καὶ
1634 923 1941 992 ἰσομέτροις

365 1011 659 1080 ὑπεροχαῖς
704 1008 1145 1079 ἐκλαμπρύνεται
1197 1008 1349 1072 νόθος
1400 1026 1482 1073 τις
1531 1011 1645 1075 υίὸς
1697 1012 1774 1082 τῷ
1805 1012 1943 1065 κατὰ

367 1100 530 1170 φύσιν
566 1100 661 1153 καὶ
701 1100 938 1168 άληθῶς,
984 1100 1163 1153 καίτοι
1203 1099 1339 1152 Θεοῦ
1377 1100 1625 1169 λέγοντος
1661 1102 1940 1173 ἐναργῶς·

370 1207 394 1240 ἰ
420 1192 531 1261 Τὴν
559 1190 717 1255 δόξαν
742 1207 843 1260 μου
870 1189 1042 1260 ἑτέρῳ
1073 1191 1134 1243 οὺ
1164 1186 1338 1245 δώσω.
1371 1210 1391 1244 ι
1425 1192 1549 1255 Πῶς
1572 1192 1682 1263 γὰρ
1706 1194 1803 1263 οὐχ
1824 1195 1943 1247 Ere-

371 1299 463 1353 ρος
509 1282 689 1345 ίδικῶς
719 1281 869 1353 παρὰ
900 1282 991 1335 τὸν
1033 1282 1191 1350 φύσει
1232 1299 1292 1335 τε
1332 1284 1427 1336 καὶ
1474 1283 1689 1354 ἀληθῶς
1737 1285 1885 1348 Υξδν,
1913 1286 1944 1337 ό

366 1373 494 1443 ψιλῇ
539 1390 599 1425 τε
654 1374 747 1426 καὶ
810 1372 945 1443 μόνῃ
996 1374 1260 1446 συναφείᾳ
1310 1376 1691 1445 τετιμημένος,
1743 1378 1837 1428 καὶ
1886 1377 1943 1428 ὲν

367 1464 639 1536 ὑπηρέτου
665 1465 814 1529 τάξει
844 1463 1090 1533 ληφθεὶς,
1119 1468 1212 1519 καὶ
1234 1466 1483 1531 ἀξιωθεὶς
1513 1468 1778 1539 υίότητος,
1800 1467 1944 1521 καθά

364 1555 458 1608 καὶ
485 1557 645 1625 ἡμεῖς
672 1554 848 1615 αὐτοὶ.
871 1557 966 1608 καὶ
991 1556 1090 1625 τῆς
1118 1558 1248 1626 παρ’
1269 1557 1457 1627 ἐτέρου
1487 1558 1644 1628 δόξης
1678 1570 1943 1629 μετεσχη-

362 1643 498 1707 κὼς,
530 1646 676 1697 δόσει
721 1662 780 1697 τε
831 1646 924 1698 καὶ
978 1647 1160 1717 χάριτι
1211 1648 1347 1718 πρὸς
1378 1649 1558 1702 τοῦτο·
1584 1652 1835 1719 ἱγμένος;
1867 1653 1940 1704 Οῶ

2043 471 2121 523 ria
2152 470 2201 523 ei
2230 469 2582 537 coniunctum
2612 484 2732 525 esse
2756 470 2973 533 dicunt,
3031 479 3393 538 opportunum
3448 469 3610 525 fuerit

2040 569 2100 613 ut
2134 574 2230 615 nos
2255 575 2442 615 eorum
2465 562 2553 630 qui
2590 561 2665 615 ita
2704 561 3163 623 sentinntvicem,
3200 574 3297 630 pro
3344 574 3406 615 ea
3460 577 3612 616 com-

2046 650 2401 706 miseratione
2432 664 2594 723 qnam
2625 651 2780 705 alteri
2811 650 2998 705 alteris
3026 651 3305 716 debemus,
3345 650 3610 716 dolentes,

2042 738 2444 797 exclamemns:
2492 760 2510 793 ι
2544 745 2675 809 Quis
2718 743 2864 796 dabit
2918 741 3079 812 capiti
3130 756 3251 795 meo
3306 756 3522 809 aquam,
3559 751 3614 796 et

2040 837 2213 889 oculis
2244 836 2377 890 meis
2408 836 2571 906 735
2623 835 2823 891 fontem
2864 834 3250 904 lacrymarnm,
3306 843 3361 888 et
3408 833 3613 889 deﬂebo

2040 927 2296 997 populum
2329 940 2505 981 meum
2538 930 2678 980 hunc
2713 928 2825 980 dies
2852 936 2904 980 et
2934 926 3166 980 net-tes?
3208 925 3434 978 Adducti
3468 926 3610 985 cniut

2046 1029 2171 1072 sunt
2200 1020 2253 1071 in
2285 1028 2519 1071 mentem
2546 1017 2861 1086 reprobam,
2900 1016 3184 1069 Dominum
3228 1015 3320 1084 qui
3349 1016 3494 1084 ipsos
3525 1030 3614 1069 re-

2048 1108 2213 1161 demit
2242 1118 2503 1177 negantes
2529 1108 2599 1159 ".
2640 1126 2659 1159 ι
2701 1106 3020 1161 Dnalitatem
3077 1107 3222 1160 enim
3263 1092 3493 1159 filiorum
3522 1106 3609 1159 in-

2038 1197 2266 1266 tequalis
2285 1209 2491 1251 natura:
2507 1198 2862 1259 constituunt,
2879 1207 2930 1249 et
2948 1197 3182 1249 divinam
3205 1195 3428 1264 gloriam
3447 1194 3615 1248 ascri-

2046 1290 2180 1343 bunt
2214 1304 2391 1353 servo,
2429 1289 2735 1359 :cqnalique
2786 1288 3011 1343 honoris
3054 1287 3373 1341 excellentia
3416 1296 3619 1341 ornant

2049 1380 2291 1449 spurinm
2342 1382 2652 1447 quemdam,
2700 1394 2804 1448 qua
2838 1379 3134 1432 naturalem
3189 1392 3252 1432 ac
3290 1392 3478 1432 verum
3526 1377 3619 1433 Fi-

2047 1471 2200 1536 lium,
2233 1485 2356 1525 cum
2377 1471 2572 1538 alioqui
2611 1470 2751 1523 Deus
2778 1468 3068 1523 manifeste
3097 1468 3245 1522 dicat
3270 1482 3289 1523 ':
3333 1487 3352 1521 ι
3379 1468 3613 1523 Gloriam

2041 1572 2221 1611 meam
2254 1557 2409 1613 alteri
2443 1574 2547 1610 non
2572 1557 2710 1611 dabo
2739 1556 2807 1610 ".
2863 1574 2882 1607 ι
2922 1558 3203 1622 Quomodo
3238 1557 3379 1612 enim
3406 1572 3513 1611 non
3548 1557 3622 1611 sit

2047 1648 2293 1702 diversus
2326 1647 2618 1715 separatim
2655 1662 2682 1697 a
2720 1646 2951 1699 naturali
3010 1661 3073 1701 ac
3130 1662 3257 1702 vero
3286 1646 3424 1703 Filio
3452 1687 3468 1711 ,
3526 1648 3619 1718 qui

360 1734 660 1803 διαιρετέον
691 1729 783 1786 οὖν
832 1737 910 1797 εἰς
938 1734 1223 1805 ἄνθρωπον
1248 1736 1432 1799 ίδικῶς
1475 1739 1568 1791 καὶ
1607 1738 1739 1791 Θεὸν
1770 1739 1945 1805 Λόγον

2051 1738 2193 1791 tenui
2223 1754 2286 1791 ac
2315 1738 2428 1791 sola
2460 1736 2841 1807 conjunctione
2860 1737 3145 1791 decoratus
3174 1746 3280 1803 est,
3306 1747 3359 1791 et
3386 1738 3621 1793 ministri

367 1821 458 1875 τὸν
498 1821 869 1893 Ἐμμανουήλ.

2053 1828 2169 1882 loco
2219 1837 2547 1897 assumptus,
2584 1830 2804 1897 quique,
2838 1829 2908 1882 ita
2949 1839 3012 1883 ut
3039 1844 3137 1885 nos
3179 1829 3309 1898 ipsi,
3339 1829 3623 1898 adoptatus

368 1928 471 1983 est,
503 1920 654 1973 etab
688 1918 792 1974 alio
842 1917 1025 1987 gloria:
1071 1918 1344 1988 particeps
1380 1918 1578 1985 factus,
1624 1930 1679 1974 et
1721 1923 1862 1976 dono
1913 1924 1967 1974 et
2001 1920 2175 1989 gratia
2212 1922 2262 1974 id
2321 1929 2645 1975 consecutus
2670 1931 2750 1975 est
2774 1919 2937 1988 ~?_Non
2973 1928 3057 1975 est
3085 1923 3269 1991 itaque
3298 1906 3623 1979 dividenst

371 2008 687 2065 Emmanuel
734 2008 787 2061 in
834 2008 1108 2063 hominem
1132 2010 1386 2074 seorsim,
1427 2020 1479 2063 et
1506 2010 1558 2063 in
1589 2010 1753 2065 Deum
1793 2011 2051 2064 Verbum-

440 2108 502 2161 B.
538 2105 779 2159 Ἥκω-τά
808 2116 895 2173 γε.

439 2202 503 2251 Δ.
535 2199 746 2266 Χρῆναι
783 2196 842 2249 δέ
885 2213 1047 2267 φημι,
1092 2184 1226 2249 Θεὸν
1273 2188 1737 2269 ἐνηνόρωπηκότα
1765 2200 1945 2269 λέγειν

370 2289 550 2349 αὐτὸν,
587 2283 725 2341 εἷναί
755 2305 814 2341 τε
844 2287 985 2342 κατὰ
1004 2287 1227 2365 ταυτὸν,
1252 2288 1409 2341 τοῦτό
1436 2306 1496 2342 τε
1537 2292 1777 2345 κάκεῖνο.
1807 2292 1943 2347 Οὔτε

370 2380 479 2451 γάρ
516 2380 921 2451 ἀποπεφοίτηκε
950 2378 1043 2432 τοῦ
1087 2377 1223 2432 εἶναι
1254 2378 1387 2442 Θεὸς
1406 2381 1699 2450 γενόμενος
1739 2382 1945 2454 άνθρω·

370 2487 490 2535 πος,
521 2471 643 2524 οὔτε
676 2471 781 2541 μὴν
822 2469 1198 2539 ἀπαράδεκτον
1228 2470 1340 2540 ἔχει
1388 2471 1485 2541 τὴν
1523 2474 1853 2543 οἰκονομίαν,
1886 2475 1946 2528 τὺ

368 2564 466 2633 τῆς
486 2560 769 2623 κενώσεως
797 2558 1071 2629 ἀτιμάσας
1098 2560 1314 2630 μέτρον.

438 2654 499 2707 Β.
522 2650 631 2708 Ἦν
670 2648 767 2706 οὖν
820 2651 950 2721 ἄρα,
1007 2650 1192 2718 φασιν,
1228 2651 1511 2718 ὁμοούσιον
1549 2652 1628 2724 τῷ
1680 2654 1839 2726 Λόγῳ
1884 2648 1945 2709 ab

373 2744 532 2815 σῶμα
556 2742 743 2808 αὐτοῦ,
771 2740 988 2811 νοηθείη
1013 2740 1119 2810 γάρ
1150 2739 1216 2793 ἂν
1241 2733 1342 2793 ὦδε
1369 2741 1462 2795 καὶ
1489 2742 1586 2813 οὐχ
1615 2743 1839 2811 ἑτέρως,
1866 2740 1947 2807 εἷς

371 2838 465 2891 καὶ
494 2836 649 2905 μόνος
680 2834 826 2896 Υἱός.

439 2928 504 2980 Δ.
533 2925 724 2979 Καίτοι
750 2924 866 2987 πῶς
894 2924 954 2977 οὐ
975 2924 1138 2995 λῆρος
1166 2924 1268 2995 ἤδη
1293 2924 1485 2989 ταῦτα,
1520 2926 1613 2979 καὶ
1644 2924 1737 2980 νοῦ
1766 2934 1946 2997 τιάρας

2124 2094 2189 2157 Β.
2231 2101 2601 2170 Nequaquam.

2134 2196 2197 2247 Α.
2238 2192 2554 2247 Ceusuerim
2585 2205 2747 2255 vero,
2786 2191 3065 2245 dicendum
3101 2206 3221 2248 esse
3251 2192 3418 2249 Deum
3454 2194 3629 2249 homi-

2055 2300 2177 2338 nem
2225 2283 2496 2347 indutum,
2537 2296 2765 2351 esseque
2816 2284 3060 2336 eumdem
3109 2284 3305 2353 ipsum,
3351 2295 3405 2339 et
3436 2286 3538 2341 hoc
3573 2296 3627 2339 et

2048 2374 2203 2428 illud.
2253 2372 2437 2442 Neque
2483 2374 2629 2427 enim
2667 2373 2843 2428 factus
2881 2374 3041 2427 homo
3095 2375 3252 2430 desiit
3297 2390 3418 2431 esse
3463 2377 3626 2442 Deus,

2055 2479 2229 2535 neque
2260 2480 2448 2519 rursus
2480 2464 3003 2518 administrationem
3054 2464 3104 2518 in
3152 2479 3319 2519 carne
3362 2467 3629 2522 detrecta-

2054 2556 2150 2616 vit.
2179 2554 2562 2609 exinanitionis
2592 2554 2955 2609 conditionem
2988 2555 3310 2623 despiciens.

2128 2640 2190 2694 Β.
2233 2641 2363 2695 Erat
2411 2642 2614 2712 itaque,
2658 2644 2841 2709 aiunt,
2876 2644 3340 2699 consubstantiale
3375 2644 3629 2705 Trinitati

2055 2732 2224 2801 ipsius
2253 2747 2470 2803 corpus.
2511 2734 2583 2788 Ita
2614 2734 2784 2795 enim.
2821 2749 2995 2806 neque
3021 2735 3125 2790 alia
3158 2736 3369 2792 ratione
3404 2739 3626 2811 intelligi

2053 2835 2217 2894 queat
2240 2841 2379 2880 unus
2408 2841 2473 2880 ac
2517 2826 2667 2881 solus
2692 2825 2885 2884 Filius.

2123 2916 2187 2970 A.
2227 2917 2389 2986 Atqui
2439 2918 2709 2986 quomodo
2744 2932 2847 2971 non
2897 2918 2948 2972 id
2988 2930 3137 2974 mera
3182 2920 3252 2974 sit
3295 2922 3524 2990 insania,
3573 2936 3631 2980 et

372 3016 623 3077 παίοντος
646 3013 917 3080 ἀπόδειξις
941 3016 1212 3085 ὲναργής;
1239 3014 1364 3080 Πῶς
1386 3016 1493 3086 γὰρ
1513 3018 1571 3070 ὲν
1593 3016 1783 3082 οὐσίας
1810 3034 1946 3071 ταν-

2051 3018 2243 3063 emotre
2268 3008 2465 3064 mentis
2494 3007 2859 3066 certissimum
2883 3013 3303 3079 argumentum?
3328 3012 3446 3081 Quo
3473 3027 3629 3085 pacto

374 3107 555 3174 τότητι
580 3102 786 3156 κατίδοι
810 3118 892 3164 τις
922 3101 987 3155 ἂν
1012 3101 1081 3155 τὰ
1104 3106 1204 3173 τῆς
1237 3104 1452 3173 φύσεως
1486 3105 1663 3174 λόγοις
1694 3103 1946 3160 τοσοῦτον

2052 3100 2196 3154 enim
2243 3100 2295 3157 in
2323 3114 2431 3153 una
2465 3109 2627 3172 atque
2664 3100 2851 3155 eadem
2896 3100 3133 3154 essentia
3166 3104 3462 3159 consistere
3507 3122 3633 3175 pos-

375 3196 619 3266 ἁλλήλων
671 3192 1035 3263 διῳκισμὲνας
1076 3193 1302 3264 Ἕτερον
1348 3195 1456 3266 γάρ
1491 3212 1545 3249 τι
1601 3196 1813 3269 θεότηςν,
1855 3196 1946 3251 καὶ

2054 3186 2185 3251 sint,
2216 3202 2337 3257 qutc
2365 3189 2575 3244 ratione
2613 3196 2819 3242 natura;
2848 3193 3133 3257 tantopere
3184 3191 3324 3247 inter
3363 3208 3421 3248 se
3470 3194 3629 3250 ditl‘e-

372 3290 557 3360 ἕτερον
584 3285 966 3358 ἀνθρωπότης·
1019 3286 1143 3339 ἐπεὶ
1186 3288 1347 3341 τίνων
1378 3288 1457 3356 (a)
1493 3289 1672 3357 φαμὲν
1697 3290 1946 3357 γενέσθαι

2054 3278 2216 3332 runt?
2242 3279 2400 3333 Aliud
2430 3279 2572 3333 enim
2606 3286 2689 3334 est
2742 3278 2904 3345 Deus,
2947 3280 3089 3336 aliud
3121 3286 3316 3351 homo;
3360 3285 3629 3354 siquidem

373 3381 472 3452 τὴν
501 3380 716 3434 ἕνωσιν.
738 3376 815 3430 Οὐ
839 3375 946 3446 γὰρ
966 3374 1025 3427 ἓν
1044 3374 1123 3444 τῷ
1138 3375 1357 3445 ἀριθμῷ
1373 3376 1507 3445 φαίη
1532 3393 1616 3439 τις
1633 3380 1699 3430 ἂν
1725 3375 1861 3431 εἶναι
1884 3380 1949 3432 τὰ

374 3464 657 3542 ἓνούμενα,
685 3467 823 3522 ἀλλὰ
852 3466 945 3521 δύο
973 3464 1158 3535 τυχὸν,
1199 3466 1292 3518 καὶ
1324 3464 1516 3518 τούτου
1543 3465 1703 3532 πέρα.

2048 3384 2239 3424 eorum
2273 3370 2505 3426 dicimus
2526 3368 2727 3427 factam
2766 3384 2885 3427 esse
2930 3372 3212 3427 unitatem.
3260 3373 3444 3445 Neque
3484 3381 3628 3432 enim

2048 3460 2320 3529 quispiam
2376 3462 2648 3517 censuerit
2699 3476 2864 3517 unum
2918 3478 3148 3519 numero
3198 3463 3339 3520 facta
3393 3481 3514 3522 esse
3564 3485 3628 3523 ea

1940 3590 1945 3593 Α
2054 3562 2174 3615 quae
2205 3552 2349 3602 unita
2383 3561 2528 3615 sunt,
2566 3551 2659 3606 sed
2694 3552 2820 3614 duo,
2857 3562 2950 3605 aut
2973 3552 3061 3606 bis
3100 3553 3273 3623 plura.

445 3650 504 3702 Β.
536 3645 843 3717 Διαιρετέον
873 3641 969 3698 οὖν
994 3643 1102 3714 ἄρα
1138 3642 1274 3710 φασὶ
1299 3640 1367 3696 τὰ
1393 3640 1780 3711 ὠνομασμένοι.

443 3740 507 3793 Δ.
543 3739 618 3792 Οὐ
647 3736 964 3808 διαιρετέον,
997 3734 1074 3798 ὡς
1111 3732 1268 3803 ἔφην,
1301 3733 1381 3796 είς
1423 3731 1595 3804 ίδικὴν
1633 3732 1950 3803 ἑτερότητα,

374 3829 474 3897 τὴν
514 3827 657 3880 κατά
689 3843 754 3894 γε
805 3818 866 3881 τὸ
907 3824 1000 3879 ἀπ’
1043 3822 1290 3894 ἀλλήλων
1332 3818 1470 3875 εἶναι
1503 3822 1598 3874 καὶ
1656 3821 1951 3891 ἀναμέροςο

373 3918 775 3988 ’Συγκομιστὲον
803 3918 858 3970 δὲ
896 3916 1095 3988 μᾶλλον
1124 3918 1202 3980 είς
1227 3915 1420 3969 ἕνωσιν
1462 3910 1817 3984 άδιάτμητον.
1854 3912 1955 3965 Γέο

372 4022 500 4080 ’γονε
542 4009 651 4082 γάρ
690 4008 827 4080 σὰρζ
859 4009 888 4059 ό
916 4008 1106 4074 Λόγος,
1150 4007 1292 4067 κατὰ
1327 4007 1423 4077 τὴν
1463 4004 1711 4061 Ἰωάννου
1746 4005 1950 4074 φωνήν.

444 4188 506 4242 Β.
541 4186 662 4258 Ἀρ*
692 4182 786 4241 οὖν
812 4185 1194 4257 συγκέχυνται,
1226 4188 1321 4240 καὶ
1339 4187 1441 4257 ’μία
1468 4188 1756 4254 γεγόνασιν
1788 4188 1955 4258 ἄμφω

380 4288 564 4349 φύσις.
590 4288 591 4291 “

2130 3639 2188 3691 Β.
2223 3638 2546 3693 Dividendas
2574 3640 2737 3709 igitur
2761 3656 2883 3696 esse
2916 3642 3066 3694 aiunt
3098 3644 3195 3696 tias
3221 3644 3629 3713 appellationes.

2127 3729 2192 3781 Α.
2234 3726 2348 3782 Non
2383 3739 2508 3783 sunt
2535 3731 2851 3797 dividendae,
2896 3740 2954 3783 nt
2992 3732 3129 3798 dixi,
3167 3732 3218 3788 in
3263 3736 3525 3805 privatam
3569 3755 3633 3793 ac

2057 3817 2380 3887 peculiarem
2408 3816 2802 3885 diversitatem,
2843 3833 2963 3890 qua
2995 3820 3188 3875 emciat
3218 3832 3277 3877 ut
3310 3823 3566 3893 sejunctas
3602 3845 3630 3881 ι

2057 3924 2114 3964 se
2145 3918 2333 3963 mutuo
2366 3919 2422 3964 et
2453 3910 2678 3963 seorsim
2708 3911 3004 3965 subsistant
3043 3927 3057 3964 :
3091 3914 3185 3967 sed
3231 3915 3408 3982 potius
3448 3916 3633 3973 confe-

2060 4002 2238 4057 rendte
2288 4011 2414 4057 sunt
2470 4002 2523 4055 in
2583 4003 2842 4057 unitatem
2901 4002 3349 4060 indissolubilem.
3395 4006 3628 4064 Verbum

2057 4095 2202 4148 enim
2237 4110 2366 4149 caro
2397 4096 2599 4148 factum
2631 4104 2747 4158 est,
2778 4105 2834 4148 ut
2860 4093 3097 4171 Joannes
3133 4107 3376 4155 testatur.

2131 4183 2188 4238 Β.
2231 4182 2477 4238 Confusa
2517 4184 2700 4254 itaque
2725 4194 2856 4238 sunt
2899 4196 3135 4252 naturae,
3168 4203 3382 4261 unaque
3418 4205 3450 4246 e
3493 4191 3628 4247 dua-

2061 4276 2160 4329 bus
2197 4273 2409 4331 eiecta.
2968 4280 2973 4285 ’

446 4371 511 4423 Δ.
551 4363 681 4422 Εἶτα
718 4365 802 4430 τίς
828 4363 998 4429 οὕτως
1025 4364 1389 4437 ὲμόρόντητός
1418 4378 1476 4417 τε
1507 4367 1601 4418 καὶ
1625 4366 1844 4439 ἀμαθὴς
1864 4369 1946 4439 είη

2132 4369 2197 4424 Α.
2237 4370 2304 4424 At
2330 4369 2454 4440 quis
2498 4369 2571 4424 ita
2616 4369 2817 4425 delirus
2856 4380 2950 4425 aut
2992 4371 3275 4442 imperitus
3318 4375 3421 4440 sit,
3452 4387 3637 4434 utaut

382 4460 447 4512 ἂν
468 4460 599 4530 ὡςῆ
638 4460 735 4531 τὴν
774 4457 924 4513 Θείαν
957 4455 1165 4511 οἴεσθαι
1194 4456 1285 4511 τοῦ
1320 4458 1494 4538 Λόγου
1525 4458 1826 4530 τετράφθαι
1850 4460 1954 4528 φύς-

2061 4462 2298 4516 divinam
2353 4472 2600 4516 naturam
2654 4470 2916 4518 mutatam
2961 4476 3083 4519 esse
3137 4465 3188 4519 in
3235 4467 3285 4521 id
3333 4469 3476 4540 quod
3525 4486 3633 4527 non

384 4564 466 4600 σιν
488 4549 564 4611 είς
590 4548 726 4618 ὅπερ
750 4548 850 4600 οὐκ
881 4543 969 4618 ἦν,
998 4546 1032 4617 ἢ
1054 4547 1437 4616 μεταχωρῆσαι
1463 4546 1561 4616 τὴν
1582 4547 1783 4618 σάρκα,
1816 4550 1946 4603 κατά

2060 4564 2179 4610 erat
2209 4555 2501 4618 existimet,
2551 4562 2645 4609 aut
2702 4567 2920 4611 carnem
2958 4555 3167 4612 ratione
3211 4561 3526 4620 mutationis
3579 4564 3634 4617 in

381 4655 446 4706 γε
487 4638 578 4691 τὸν
609 4639 706 4709 τῆς
751 4638 1087 4698 ἀλλοιώσεως
1129 4636 1352 4707 τρόπον,
1381 4638 1461 4699 εἰς
1504 4637 1605 4706 τὴν
1642 4638 1809 4691 αὐτοῦ
1858 4640 1954 4694 τοῦ

383 4729 559 4797 Λόγου
583 4745 598 4791 ;
649 4728 953 4798 Ἀμήχανον
994 4727 1130 4795 γάρ·
1172 4727 1271 4780 ἕνα
1298 4736 1361 4794 γε
1394 4725 1500 4796 μὴν
1528 4726 1677 4790 Υίὸν,
1700 4729 1796 4782 καὶ
1822 4731 1954 4800 μίαν

383 4817 549 4873 αὐτοῦ
586 4816 747 4887 φύσιν
789 4812 927 4870 εἴναί
967 4831 1168 4885 φαμεν,
1197 4816 1299 4868 κᾶν
1335 4817 1384 4868 εί
1417 4818 1475 4867 ὲν
1526 4815 1825 4888 προσλήψει
1858 4838 1954 4889 γε-

382 4907 571 4962 νέσθαι
622 4906 843 4977 σαρκὸς,
886 4904 1065 4975 ψυχὴν
1113 4904 1342 4974 ἐχούσης
1379 4903 1476 4973 τὴν
1517 4906 1726 4976 νοεράν.
1778 4908 1955 4965 Αὐτοῦ

384 4998 514 5070 γάρ,
536 4997 611 5061 ὡς
637 4996 794 5067 εφην,
822 4993 1012 5063 γέγονε
1044 4993 1109 5048 τὸ
1127 4993 1488 5068 ἀνθρώπινον,
1518 4996 1716 5050 νοεῖται
1737 4997 1793 5051 δὲ
1821 5000 1957 5071 πρὸς

383 5088 563 5161 ἡμῶν,
597 5088 695 5159 οὐχ
737 5086 958 5157 ἑτέρως,
995 5083 1135 5156 πλὴν
1175 5084 1256 5137 δτι
1290 5083 1431 5138 κατὰ
1466 5084 1652 5138 τοῦτον
1685 5088 1844 5142 αὑτὸν
1866 5091 1957 5146 τὸν

384 5179 605 5250 τρόπον,
633 5176 765 5240 Θεὸς
795 5174 930 5247 όμοῠ
962 5191 1021 5227 τε
1051 5174 1146 5227 καὶ
1179 5173 1483 5244 ἄνθρωπος.

456 5268 516 5323 Β.
557 5268 678 5340 Ἆρ’
705 5264 820 5331 οὖν,
858 5266 921 5319 οὐ
949 5264 1044 5319 δύο
1081 5264 1273 5333 φύσεις
1307 5260 1415 5317 εἷεν
1448 5264 1535 5330 ἂν,
1569 5266 1705 5322 Θεοῦ
1736 5273 1831 5325 καὶ
1864 5273 1958 5325 ἀν.

385 5364 415 5414 0
425 5361 603 5432 ρὼπου
625 5399 640 5412 .

454 5499 501 5533 ⁸⁸
520 5498 719 5553 Jerem.
751 5512 827 5560 ιιι,
857 5497 910 5566 l,
937 5496 994 5551 2.
1068 5495 1115 5528 ’δ
1147 5496 1247 5551 lsa.
1280 5510 1412 5561 nu,
1439 5496 1494 5553 8.

456 5614 532 5686 (l)
561 5613 703 5684 Lege
728 5612 953 5665 τούτων.
995 5611 1094 5666 Eo.

659 5706 928 5765 PA'l‘ltUL.
972 5704 1089 5765 GR.
1133 5703 1360 5763 LXXV.

2062 4657 2308 4701 naturam
2344 4645 2505 4700 Verbi
2550 4646 2869 4701 translatam
2914 4646 3131 4703 fuisse?
3171 4649 3353 4721 Neque
3400 4657 3545 4711 enim
3582 4656 3634 4709 id

2058 4738 2173 4793 ullo
2214 4738 2372 4793 modo
2424 4739 2542 4792 ﬁeri
2604 4746 2799 4806 potest.
2854 4737 3028 4794 Unum
3086 4750 3249 4810 pdrro
3298 4742 3515 4814 Filium,
3579 4759 3634 4803 et

2063 4845 2225 4884 unam
2262 4829 2431 4898 ipsius
2459 4838 2707 4883 naturam
2730 4844 2851 4886 esse
2873 4831 3123 4897 dicimus,
3163 4838 3370 4892 tametsi
3411 4854 3631 4897 carnem

2065 4921 2243 4975 anima
2298 4920 2628 4991 intelligente
2678 4921 2956 4989 praeditam
3022 4928 3397 4995 assumpserit.
3462 4929 3634 4999 Ipsius

2063 5010 2233 5075 enim,
2268 5019 2327 5063 ut
2384 5010 2514 5073 dixi,
2566 5010 2704 5068 facta
2750 5023 2852 5088 est
2885 5012 3211 5070 humanitas.
3459 5023 3634 5090 Atque

2064 5102 2166 5155 hoc
2194 5101 2410 5170 quidem
2448 5113 2628 5171 pacto,
2666 5116 2838 5174 neque
2867 5104 2976 5160 alio
3006 5106 3115 5161 ullo
3144 5121 3395 5165 censetur
3416 5127 3447 5166 a
3478 5115 3633 5168 nobis

2068 5192 2207 5247 Deus
2230 5191 2388 5246 simul
2415 5200 2471 5245 et
2502 5192 2680 5250 homo.

2137 5281 2199 5336 Β.
2235 5281 2348 5338 Νοιι
2383 5292 2542 5339 erunt
2566 5285 2749 5354 itaque
2780 5284 2898 5343 dote
2927 5294 3156 5353 natum,
3183 5284 3277 5344 Dei
3304 5299 3359 5346 et
3377 5278 3648 5347 bominis.'

3264 5710 3331 5768 41
