  <div class='ocr_page' id='page_1' title='image "/cluster/home/n/w/nwhite01/storage/ocr_20150623/75/hvd.32044073502031/651.png"; bbox 0 0 4048 6196; ppageno 0'>
   <div class='ocr_carea' id='block_1_1' title="bbox 408 203 540 263">
    <p class='ocr_par' dir='ltr' id='par_1_1' title="bbox 408 203 540 263">
     <span class='ocr_line' id='line_1_1' title="bbox 408 203 540 263; baseline -0.038 0"><span class='ocrx_word' id='word_1_1' title='bbox 408 203 540 263; x_wconf 68' lang='grc'><strong>1991</strong></span> 
     </span>
    </p>
   </div>
   <div class='ocr_carea' id='block_1_2' title="bbox 1392 165 2631 239">
    <p class='ocr_par' dir='ltr' id='par_1_2' title="bbox 1392 165 2631 239">
     <span class='ocr_line' id='line_1_2' title="bbox 1392 165 2631 239; baseline -0.014 0"><span class='ocrx_word' id='word_1_2' title='bbox 1392 186 1449 239; x_wconf 88' lang='lat' dir='ltr'><strong>S.</strong></span> <span class='ocrx_word' id='word_1_3' title='bbox 1492 178 1764 238; x_wconf 65' lang='lat' dir='ltr'><strong>CYRiLLl</strong></span> <span class='ocrx_word' id='word_1_4' title='bbox 1804 169 2268 228; x_wconf 73' lang='lat' dir='ltr'><strong>ALEXANDRINI</strong></span> <span class='ocrx_word' id='word_1_5' title='bbox 2311 165 2631 222; x_wconf 71' lang='lat' dir='ltr'><strong>ARCINEP.</strong></span> 
     </span>
    </p>
   </div>
   <div class='ocr_carea' id='block_1_3' title="bbox 3513 149 3659 207">
    <p class='ocr_par' dir='ltr' id='par_1_3' title="bbox 3513 149 3659 207">
     <span class='ocr_line' id='line_1_3' title="bbox 3513 149 3659 207; baseline 0.021 -3"><span class='ocrx_word' id='word_1_6' title='bbox 3513 149 3659 207; x_wconf 63' lang='lat'><strong>{-292</strong></span> 
     </span>
    </p>
   </div>
   <div class='ocr_carea' id='block_1_4' title="bbox 479 268 2021 382">
    <p class='ocr_par' dir='ltr' id='par_1_4' title="bbox 479 293 2021 382">
     <span class='ocr_line' id='line_1_4' title="bbox 479 293 2021 382; baseline -0.019 -10"><span class='ocrx_word' id='word_1_7' title='bbox 479 323 541 372; x_wconf 83' lang='lat' dir='ltr'><strong>A.</strong></span> <span class='ocrx_word' id='word_1_8' title='bbox 581 313 738 370; x_wconf 80' lang='lat' dir='ltr'><strong>Aliud</strong></span> <span class='ocrx_word' id='word_1_9' title='bbox 767 310 981 382; x_wconf 86' lang='lat' dir='ltr'><strong>quidem</strong></span> <span class='ocrx_word' id='word_1_10' title='bbox 1011 317 1091 362; x_wconf 93' lang='lat' dir='ltr'><strong>est</strong></span> <span class='ocrx_word' id='word_1_11' title='bbox 1117 301 1490 362; x_wconf 31' lang='lat' dir='ltr'><strong>Deitas.‘aliud</strong></span> <span class='ocrx_word' id='word_1_12' title='bbox 1529 293 1858 354; x_wconf 81' lang='lat' dir='ltr'><strong>humanitas,</strong></span> <span class='ocrx_word' id='word_1_13' title='bbox 1884 305 1974 382; x_wconf 76' lang='grc' dir='ltr'>ττι-</span> <span class='ocrx_word' id='word_1_14' title='bbox 2004 297 2021 350; x_wconf 62' lang='grc' dir='ltr'><em>Α</em></span> 
     </span>
    </p>
   </div>
   <div class='ocr_carea' id='block_1_5' title="bbox 2133 268 3667 382">
    <p class='ocr_par' dir='ltr' id='par_1_5' title="bbox 2150 268 3667 356">
     <span class='ocr_line' id='line_1_5' title="bbox 2150 268 3667 356; baseline -0.016 -15"><span class='ocrx_word' id='word_1_15' title='bbox 2150 289 2214 340; x_wconf 77' lang='grc' dir='ltr'>Α.</span> <span class='ocrx_word' id='word_1_16' title='bbox 2259 285 2484 356; x_wconf 83' lang='grc' dir='ltr'>Ἕτερον</span> <span class='ocrx_word' id='word_1_17' title='bbox 2519 282 2618 353; x_wconf 81' lang='grc' dir='ltr'><strong>μέν</strong></span> <span class='ocrx_word' id='word_1_18' title='bbox 2649 297 2705 333; x_wconf 83' lang='grc' dir='ltr'><strong>τι</strong></span> <span class='ocrx_word' id='word_1_19' title='bbox 2743 280 2839 333; x_wconf 72' lang='grc' dir='ltr'>καὶ</span> <span class='ocrx_word' id='word_1_20' title='bbox 2876 278 3063 346; x_wconf 70' lang='grc' dir='ltr'>ἕτερον</span> <span class='ocrx_word' id='word_1_21' title='bbox 3089 272 3292 341; x_wconf 83' lang='grc' dir='ltr'>Θεότης</span> <span class='ocrx_word' id='word_1_22' title='bbox 3319 270 3416 322; x_wconf 75' lang='grc' dir='ltr'>καὶ</span> <span class='ocrx_word' id='word_1_23' title='bbox 3444 268 3667 337; x_wconf 84' lang='grc' dir='ltr'>ἀνθρω-</span> 
     </span>
    </p>
   </div>
   <div class='ocr_carea' id='block_1_6' title="bbox 412 381 1974 474">
    <p class='ocr_par' dir='ltr' id='par_1_6' title="bbox 412 381 1974 474">
     <span class='ocr_line' id='line_1_6' title="bbox 412 381 1974 474; baseline -0.02 -9"><span class='ocrx_word' id='word_1_24' title='bbox 412 414 558 466; x_wconf 89' lang='lat' dir='ltr'><strong>tione</strong></span> <span class='ocrx_word' id='word_1_25' title='bbox 588 407 706 474; x_wconf 83' lang='lat' dir='ltr'><strong>ejus</strong></span> <span class='ocrx_word' id='word_1_26' title='bbox 738 381 881 474; x_wconf 86' lang='lat' dir='ltr'><strong>quod</strong></span> <span class='ocrx_word' id='word_1_27' title='bbox 916 401 1110 468; x_wconf 85' lang='lat' dir='ltr'><strong>cuique</strong></span> <span class='ocrx_word' id='word_1_28' title='bbox 1141 398 1280 449; x_wconf 80' lang='lat' dir='ltr'><strong>inest</strong></span> <span class='ocrx_word' id='word_1_29' title='bbox 1309 411 1324 447; x_wconf 90' lang='lat'><strong>:</strong></span> <span class='ocrx_word' id='word_1_30' title='bbox 1366 402 1621 444; x_wconf 64' lang='lat' dir='ltr'><strong>caeterum</strong></span> <span class='ocrx_word' id='word_1_31' title='bbox 1664 389 1777 446; x_wconf 62' lang='lat' dir='ltr'><strong>hate</strong></span> <span class='ocrx_word' id='word_1_32' title='bbox 1801 381 1974 436; x_wconf 89' lang='lat' dir='ltr'><strong>inusi-</strong></span> 
     </span>
    </p>
   </div>
   <div class='ocr_carea' id='block_1_7' title="bbox 411 485 1978 568">
    <p class='ocr_par' dir='ltr' id='par_1_7' title="bbox 411 485 1978 568">
     <span class='ocr_line' id='line_1_7' title="bbox 411 485 1978 568; baseline -0.018 -14"><span class='ocrx_word' id='word_1_33' title='bbox 411 512 522 559; x_wconf 84' lang='lat' dir='ltr'><strong>tato</strong></span> <span class='ocrx_word' id='word_1_34' title='bbox 559 498 791 568; x_wconf 90' lang='lat' dir='ltr'><strong>quodam</strong></span> <span class='ocrx_word' id='word_1_35' title='bbox 828 493 985 548; x_wconf 90' lang='lat' dir='ltr'><strong>modo</strong></span> <span class='ocrx_word' id='word_1_36' title='bbox 1032 500 1195 558; x_wconf 90' lang='lat' dir='ltr'><strong>atque</strong></span> <span class='ocrx_word' id='word_1_37' title='bbox 1232 485 1564 540; x_wconf 85' lang='lat' dir='ltr'><strong>intellectum</strong></span> <span class='ocrx_word' id='word_1_38' title='bbox 1597 488 1838 534; x_wconf 87' lang='lat' dir='ltr'><strong>nostrum</strong></span> <span class='ocrx_word' id='word_1_39' title='bbox 1888 488 1978 526; x_wconf 83' lang='lat' dir='ltr'><strong>su-</strong></span> 
     </span>
    </p>
   </div>
   <div class='ocr_carea' id='block_1_8' title="bbox 412 567 1981 662">
    <p class='ocr_par' dir='ltr' id='par_1_8' title="bbox 412 567 1981 662">
     <span class='ocr_line' id='line_1_8' title="bbox 412 567 1981 662; baseline -0.02 -15"><span class='ocrx_word' id='word_1_40' title='bbox 412 567 639 662; x_wconf 81' lang='lat' dir='ltr'><strong>perante</strong></span> <span class='ocrx_word' id='word_1_41' title='bbox 660 588 713 642; x_wconf 91' lang='lat' dir='ltr'><strong>in</strong></span> <span class='ocrx_word' id='word_1_42' title='bbox 753 584 1014 640; x_wconf 84' lang='lat' dir='ltr'><strong>unitatem</strong></span> <span class='ocrx_word' id='word_1_43' title='bbox 1043 583 1457 637; x_wconf 89' lang='lat' dir='ltr'><strong>concurrerunt,</strong></span> <span class='ocrx_word' id='word_1_44' title='bbox 1489 573 1624 625; x_wconf 88' lang='lat' dir='ltr'><strong>citra</strong></span> <span class='ocrx_word' id='word_1_45' title='bbox 1661 567 1824 622; x_wconf 89' lang='lat' dir='ltr'><strong>ullam</strong></span> <span class='ocrx_word' id='word_1_46' title='bbox 1854 577 1981 618; x_wconf 88' lang='lat' dir='ltr'><strong>con-</strong></span> 
     </span>
    </p>
   </div>
   <div class='ocr_carea' id='block_1_9' title="bbox 413 665 1445 737">
    <p class='ocr_par' dir='ltr' id='par_1_9' title="bbox 413 665 1445 737">
     <span class='ocr_line' id='line_1_9' title="bbox 413 665 1445 737; baseline -0.016 0"><span class='ocrx_word' id='word_1_47' title='bbox 413 683 675 737; x_wconf 80' lang='lat' dir='ltr'><strong>fusionem</strong></span> <span class='ocrx_word' id='word_1_48' title='bbox 707 691 768 731; x_wconf 89' lang='lat' dir='ltr'><strong>ac</strong></span> <span class='ocrx_word' id='word_1_49' title='bbox 794 672 1170 730; x_wconf 85' lang='lat' dir='ltr'><strong>mutationem.</strong></span> <span class='ocrx_word' id='word_1_50' title='bbox 1209 665 1445 723; x_wconf 85' lang='lat' dir='ltr'><strong>Unitatis</strong></span> 
     </span>
    </p>
   </div>
   <div class='ocr_carea' id='block_1_10' title="bbox 413 766 1050 843">
    <p class='ocr_par' dir='ltr' id='par_1_10' title="bbox 413 766 1050 843">
     <span class='ocr_line' id='line_1_10' title="bbox 413 766 1050 843; baseline -0.017 -17"><span class='ocrx_word' id='word_1_51' title='bbox 413 781 571 843; x_wconf 83' lang='lat' dir='ltr'><strong>pacto</strong></span> <span class='ocrx_word' id='word_1_52' title='bbox 601 766 822 834; x_wconf 91' lang='lat' dir='ltr'><strong>intelligi</strong></span> <span class='ocrx_word' id='word_1_53' title='bbox 851 771 1050 833; x_wconf 86' lang='lat' dir='ltr'><strong>potest.</strong></span> 
     </span>
    </p>
   </div>
   <div class='ocr_carea' id='block_1_11' title="bbox 485 838 1984 925">
    <p class='ocr_par' dir='ltr' id='par_1_11' title="bbox 485 838 1984 925">
     <span class='ocr_line' id='line_1_11' title="bbox 485 838 1984 925; baseline -0.019 -11"><span class='ocrx_word' id='word_1_54' title='bbox 485 862 544 914; x_wconf 84' lang='grc' dir='ltr'>Β.</span> <span class='ocrx_word' id='word_1_55' title='bbox 586 859 656 910; x_wconf 82' lang='lat' dir='ltr'><strong>At</strong></span> <span class='ocrx_word' id='word_1_56' title='bbox 685 853 955 925; x_wconf 87' lang='lat' dir='ltr'><strong>quomodo</strong></span> <span class='ocrx_word' id='word_1_57' title='bbox 980 865 1044 906; x_wconf 70' lang='lat' dir='ltr'><strong>ex</strong></span> <span class='ocrx_word' id='word_1_58' title='bbox 1070 847 1298 909; x_wconf 87' lang='lat' dir='ltr'><strong>duobus,</strong></span> <span class='ocrx_word' id='word_1_59' title='bbox 1331 844 1612 899; x_wconf 89' lang='lat' dir='ltr'><strong>divinitate</strong></span> <span class='ocrx_word' id='word_1_60' title='bbox 1644 838 1896 893; x_wconf 87' lang='lat' dir='ltr'><strong>nimirum</strong></span> <span class='ocrx_word' id='word_1_61' title='bbox 1929 842 1984 887; x_wconf 92' lang='lat' dir='ltr'><strong>et</strong></span> 
     </span>
    </p>
   </div>
   <div class='ocr_carea' id='block_1_12' title="bbox 414 933 1571 1010">
    <p class='ocr_par' dir='ltr' id='par_1_12' title="bbox 414 933 1571 1010">
     <span class='ocr_line' id='line_1_12' title="bbox 414 933 1571 1010; baseline -0.017 -5"><span class='ocrx_word' id='word_1_62' title='bbox 414 949 771 1010; x_wconf 75' lang='lat' dir='ltr'><strong>humanitate,</strong></span> <span class='ocrx_word' id='word_1_63' title='bbox 804 957 948 998; x_wconf 84' lang='lat' dir='ltr'><strong>unus</strong></span> <span class='ocrx_word' id='word_1_64' title='bbox 966 948 1255 996; x_wconf 89' lang='lat' dir='ltr'><strong>censeatur</strong></span> <span class='ocrx_word' id='word_1_65' title='bbox 1283 933 1571 990; x_wconf 74' lang='lat' dir='ltr'><strong>Christus?</strong></span> 
     </span>
    </p>
   </div>
   <div class='ocr_carea' id='block_1_13' title="bbox 486 1021 1989 1096">
    <p class='ocr_par' dir='ltr' id='par_1_13' title="bbox 486 1021 1989 1096">
     <span class='ocr_line' id='line_1_13' title="bbox 486 1021 1989 1096; baseline -0.019 0"><span class='ocrx_word' id='word_1_66' title='bbox 486 1045 552 1096; x_wconf 76' lang='grc' dir='ltr'>Α.</span> <span class='ocrx_word' id='word_1_67' title='bbox 595 1038 708 1094; x_wconf 85' lang='lat' dir='ltr'><strong>Non</strong></span> <span class='ocrx_word' id='word_1_68' title='bbox 740 1036 846 1090; x_wconf 91' lang='lat' dir='ltr'><strong>alio</strong></span> <span class='ocrx_word' id='word_1_69' title='bbox 875 1032 1035 1089; x_wconf 89' lang='lat' dir='ltr'><strong>modo</strong></span> <span class='ocrx_word' id='word_1_70' title='bbox 1057 1027 1360 1086; x_wconf 81' lang='lat' dir='ltr'><strong>censuerim</strong></span> <span class='ocrx_word' id='word_1_71' title='bbox 1383 1069 1398 1092; x_wconf 90' lang='lat'><strong>,</strong></span> <span class='ocrx_word' id='word_1_72' title='bbox 1427 1039 1586 1094; x_wconf 89' lang='lat' dir='ltr'><strong>quam</strong></span> <span class='ocrx_word' id='word_1_73' title='bbox 1606 1036 1720 1091; x_wconf 89' lang='lat' dir='ltr'><strong>.quo</strong></span> <span class='ocrx_word' id='word_1_74' title='bbox 1754 1021 1870 1073; x_wconf 72' lang='lat' dir='ltr'><strong>(huc</strong></span> <span class='ocrx_word' id='word_1_75' title='bbox 1905 1029 1989 1068; x_wconf 70' lang='lat' dir='ltr'><strong>res</strong></span> 
     </span>
    </p>
   </div>
   <div class='ocr_carea' id='block_1_14' title="bbox 2079 357 3726 447">
    <p class='ocr_par' dir='ltr' id='par_1_14' title="bbox 2079 357 3726 447">
     <span class='ocr_line' id='line_1_14' title="bbox 2079 357 3726 447; baseline -0.015 -15"><span class='ocrx_word' id='word_1_76' title='bbox 2079 379 2267 447; x_wconf 76' lang='grc' dir='ltr'>πότης,</span> <span class='ocrx_word' id='word_1_77' title='bbox 2317 377 2462 429; x_wconf 83' lang='grc' dir='ltr'><strong>κατά</strong></span> <span class='ocrx_word' id='word_1_78' title='bbox 2487 391 2550 443; x_wconf 88' lang='grc' dir='ltr'><strong>γε</strong></span> <span class='ocrx_word' id='word_1_79' title='bbox 2577 374 2702 435; x_wconf 78' lang='grc' dir='ltr'>τοὺς</span> <span class='ocrx_word' id='word_1_80' title='bbox 2743 371 2960 430; x_wconf 76' lang='grc' dir='ltr'><strong>ἐνόντας</strong></span> <span class='ocrx_word' id='word_1_81' title='bbox 3008 363 3254 433; x_wconf 77' lang='grc' dir='ltr'>ἑκατέρῳ</span> <span class='ocrx_word' id='word_1_82' title='bbox 3298 361 3510 428; x_wconf 78' lang='grc' dir='ltr'>λόγους·</span> <span class='ocrx_word' id='word_1_83' title='bbox 3539 357 3666 411; x_wconf 81' lang='grc' dir='ltr'>ἀλλ’</span> <span class='ocrx_word' id='word_1_84' title='bbox 3706 383 3726 416; x_wconf 62' lang='grc' dir='ltr'><strong>ρ</strong></span> 
     </span>
    </p>
   </div>
   <div class='ocr_carea' id='block_1_15' title="bbox 2076 449 3675 540">
    <p class='ocr_par' dir='ltr' id='par_1_15' title="bbox 2076 449 3675 540">
     <span class='ocr_line' id='line_1_15' title="bbox 2076 449 3675 540; baseline -0.014 -18"><span class='ocrx_word' id='word_1_85' title='bbox 2076 464 2146 538; x_wconf 78' lang='grc' dir='ltr'>ἦν</span> <span class='ocrx_word' id='word_1_86' title='bbox 2172 470 2228 520; x_wconf 82' lang='grc' dir='ltr'>ὲν</span> <span class='ocrx_word' id='word_1_87' title='bbox 2257 465 2480 540; x_wconf 86' lang='grc' dir='ltr'>Χριστῷ</span> <span class='ocrx_word' id='word_1_88' title='bbox 2529 464 2696 528; x_wconf 78' lang='grc' dir='ltr'>ξένιος</span> <span class='ocrx_word' id='word_1_89' title='bbox 2735 478 2793 514; x_wconf 89' lang='grc' dir='ltr'><strong>τε</strong></span> <span class='ocrx_word' id='word_1_90' title='bbox 2827 459 2918 512; x_wconf 77' lang='grc' dir='ltr'>καὶ</span> <span class='ocrx_word' id='word_1_91' title='bbox 2963 457 3103 525; x_wconf 77' lang='grc' dir='ltr'>ὑπὲρ</span> <span class='ocrx_word' id='word_1_92' title='bbox 3141 451 3270 506; x_wconf 78' lang='grc' dir='ltr'>νοῦν</span> <span class='ocrx_word' id='word_1_93' title='bbox 3307 453 3387 513; x_wconf 82' lang='grc' dir='ltr'>εἰς</span> <span class='ocrx_word' id='word_1_94' title='bbox 3431 449 3675 516; x_wconf 77' lang='grc' dir='ltr'><strong>ἑνότητα</strong></span> 
     </span>
    </p>
   </div>
   <div class='ocr_carea' id='block_1_16' title="bbox 2084 541 3678 630">
    <p class='ocr_par' dir='ltr' id='par_1_16' title="bbox 2084 541 3678 630">
     <span class='ocr_line' id='line_1_16' title="bbox 2084 541 3678 630; baseline -0.013 -19"><span class='ocrx_word' id='word_1_95' title='bbox 2084 557 2578 630; x_wconf 75' lang='grc' dir='ltr'>συνδεδραμηκότα,</span> <span class='ocrx_word' id='word_1_96' title='bbox 2620 548 3076 630; x_wconf 25' lang='grc' dir='ltr'>συγχ-Ψωςμδῖχα</span> <span class='ocrx_word' id='word_1_97' title='bbox 3101 542 3463 618; x_wconf 25' lang='grc' dir='ltr'>οιαὶ-τροπῆς.</span> <span class='ocrx_word' id='word_1_98' title='bbox 3503 541 3678 592; x_wconf 76' lang='grc' dir='ltr'>Ἀπεο</span> 
     </span>
    </p>
   </div>
   <div class='ocr_carea' id='block_1_17' title="bbox 1490 625 2021 722">
    <p class='ocr_par' dir='ltr' id='par_1_17' title="bbox 1490 654 1982 717">
     <span class='ocr_line' id='line_1_17' title="bbox 1490 654 1982 717; baseline -0.02 0"><span class='ocrx_word' id='word_1_99' title='bbox 1490 676 1618 717; x_wconf 85' lang='lat' dir='ltr'><strong>vero</strong></span> <span class='ocrx_word' id='word_1_100' title='bbox 1663 658 1798 714; x_wconf 82' lang='lat' dir='ltr'><strong>ratio</strong></span> <span class='ocrx_word' id='word_1_101' title='bbox 1837 654 1982 710; x_wconf 90' lang='lat' dir='ltr'><strong>nullo</strong></span> 
     </span>
    </p>
   </div>
   <div class='ocr_carea' id='block_1_18' title="bbox 2133 625 3413 722">
    <p class='ocr_par' dir='ltr' id='par_1_18' title="bbox 2133 625 3413 720">
     <span class='ocr_line' id='line_1_18' title="bbox 2133 625 3413 720; baseline -0.016 -17"><span class='ocrx_word' id='word_1_102' title='bbox 2133 625 2326 720; x_wconf 73' lang='grc' dir='ltr'>ινόητος</span> <span class='ocrx_word' id='word_1_103' title='bbox 2349 625 2417 700; x_wconf 28' lang='grc' dir='ltr'><strong>*δὲ</strong></span> <span class='ocrx_word' id='word_1_104' title='bbox 2439 625 2724 707; x_wconf 67' lang='grc' dir='ltr'>παντελῶς</span> <span class='ocrx_word' id='word_1_105' title='bbox 2745 625 3170 711; x_wconf 33' lang='grc' dir='ltr'>δήτῆςένῶσεως</span> <span class='ocrx_word' id='word_1_106' title='bbox 3192 634 3413 702; x_wconf 81' lang='grc' dir='ltr'><strong>τρόπος.</strong></span> 
     </span>
    </p>
   </div>
   <div class='ocr_carea' id='block_1_19' title="bbox 2162 803 3684 886">
    <p class='ocr_par' dir='ltr' id='par_1_19' title="bbox 2162 803 3684 886">
     <span class='ocr_line' id='line_1_19' title="bbox 2162 803 3684 886; baseline -0.019 -5"><span class='ocrx_word' id='word_1_107' title='bbox 2162 830 2222 883; x_wconf 81' lang='grc' dir='ltr'>Β.</span> <span class='ocrx_word' id='word_1_108' title='bbox 2256 828 2362 879; x_wconf 74' lang='grc' dir='ltr'><strong>Καὶ</strong></span> <span class='ocrx_word' id='word_1_109' title='bbox 2393 825 2509 886; x_wconf 85' lang='grc' dir='ltr'>πῶς</span> <span class='ocrx_word' id='word_1_110' title='bbox 2537 825 2600 875; x_wconf 79' lang='grc' dir='ltr'>ἐκ</span> <span class='ocrx_word' id='word_1_111' title='bbox 2629 821 2794 878; x_wconf 88' lang='grc' dir='ltr'>δυοῖν,</span> <span class='ocrx_word' id='word_1_112' title='bbox 2820 813 3073 885; x_wconf 77' lang='grc' dir='ltr'>θεότητός</span> <span class='ocrx_word' id='word_1_113' title='bbox 3101 828 3160 864; x_wconf 76' lang='grc' dir='ltr'><strong>τε</strong></span> <span class='ocrx_word' id='word_1_114' title='bbox 3186 810 3281 862; x_wconf 74' lang='grc' dir='ltr'>καὶ</span> <span class='ocrx_word' id='word_1_115' title='bbox 3313 805 3410 860; x_wconf 83' lang='grc' dir='ltr'><strong>ἀνθ</strong></span> <span class='ocrx_word' id='word_1_116' title='bbox 3419 803 3684 876; x_wconf 80' lang='grc' dir='ltr'>ρωπότη-</span> 
     </span>
    </p>
   </div>
   <div class='ocr_carea' id='block_1_20' title="bbox 2089 910 2908 986">
    <p class='ocr_par' dir='ltr' id='par_1_20' title="bbox 2089 910 2908 986">
     <span class='ocr_line' id='line_1_20' title="bbox 2089 910 2908 986; baseline -0.017 -11"><span class='ocrx_word' id='word_1_117' title='bbox 2089 939 2200 986; x_wconf 83' lang='grc' dir='ltr'>τος,</span> <span class='ocrx_word' id='word_1_118' title='bbox 2236 917 2316 982; x_wconf 80' lang='grc' dir='ltr'>εἷς</span> <span class='ocrx_word' id='word_1_119' title='bbox 2345 917 2410 971; x_wconf 79' lang='grc' dir='ltr'>ἂν</span> <span class='ocrx_word' id='word_1_120' title='bbox 2441 918 2612 969; x_wconf 84' lang='grc' dir='ltr'><strong>νοοῖτο</strong></span> <span class='ocrx_word' id='word_1_121' title='bbox 2635 910 2908 982; x_wconf 86' lang='grc' dir='ltr'>Χριστός;</span> 
     </span>
    </p>
   </div>
   <div class='ocr_carea' id='block_1_21' title="bbox 2161 983 3684 1072">
    <p class='ocr_par' dir='ltr' id='par_1_21' title="bbox 2161 983 3684 1072">
     <span class='ocr_line' id='line_1_21' title="bbox 2161 983 3684 1072; baseline -0.017 -8"><span class='ocrx_word' id='word_1_122' title='bbox 2263 1010 2334 1062; x_wconf 81' lang='grc' dir='ltr'><strong>Οὺ</strong></span> <span class='ocrx_word' id='word_1_123' title='bbox 2375 1006 2496 1060; x_wconf 84' lang='grc' dir='ltr'>καθ’</span> <span class='ocrx_word' id='word_1_124' title='bbox 2527 1004 2715 1072; x_wconf 76' lang='grc' dir='ltr'>ἕτερον</span> <span class='ocrx_word' id='word_1_125' title='bbox 2751 995 2904 1068; x_wconf 76' lang='grc' dir='ltr'>οἶμαι</span> <span class='ocrx_word' id='word_1_126' title='bbox 2925 996 3146 1066; x_wconf 81' lang='grc' dir='ltr'>τρόπον,</span> <span class='ocrx_word' id='word_1_127' title='bbox 3169 993 3206 1062; x_wconf 77' lang='grc' dir='ltr'><strong>ἢ</strong></span> <span class='ocrx_word' id='word_1_128' title='bbox 3235 990 3355 1044; x_wconf 75' lang='grc' dir='ltr'>καθ’</span> <span class='ocrx_word' id='word_1_129' title='bbox 3383 989 3444 1041; x_wconf 82' lang='grc' dir='ltr'>ὃν</span> <span class='ocrx_word' id='word_1_130' title='bbox 3469 987 3538 1041; x_wconf 81' lang='grc' dir='ltr'>ἂν</span> <span class='ocrx_word' id='word_1_131' title='bbox 3563 983 3684 1040; x_wconf 83' lang='grc' dir='ltr'>εἷεν</span> 
     </span>
    </p>
   </div>
   <div class='ocr_carea' id='block_1_22' title="bbox 419 1079 2021 1188">
    <p class='ocr_par' dir='ltr' id='par_1_22' title="bbox 419 1111 1988 1188">
     <span class='ocr_line' id='line_1_22' title="bbox 419 1111 1988 1188; baseline -0.018 -1"><span class='ocrx_word' id='word_1_132' title='bbox 419 1135 560 1187; x_wconf 87' lang='lat' dir='ltr'><strong>inter</strong></span> <span class='ocrx_word' id='word_1_133' title='bbox 583 1145 642 1184; x_wconf 87' lang='lat' dir='ltr'><strong>se</strong></span> <span class='ocrx_word' id='word_1_134' title='bbox 668 1135 865 1184; x_wconf 84' lang='lat' dir='ltr'><strong>coeunt</strong></span> <span class='ocrx_word' id='word_1_135' title='bbox 888 1124 1085 1178; x_wconf 90' lang='lat' dir='ltr'><strong>unione</strong></span> <span class='ocrx_word' id='word_1_136' title='bbox 1107 1117 1452 1188; x_wconf 84' lang='lat' dir='ltr'><strong>inseparabili</strong></span> <span class='ocrx_word' id='word_1_137' title='bbox 1479 1125 1640 1184; x_wconf 86' lang='lat' dir='ltr'><strong>atque</strong></span> <span class='ocrx_word' id='word_1_138' title='bbox 1662 1111 1988 1167; x_wconf 84' lang='lat' dir='ltr'><strong>intellectum</strong></span> 
     </span>
    </p>
   </div>
   <div class='ocr_carea' id='block_1_23' title="bbox 2133 1079 3684 1188">
    <p class='ocr_par' dir='ltr' id='par_1_23' title="bbox 2133 1079 3684 1170">
     <span class='ocr_line' id='line_1_23' title="bbox 2133 1079 3684 1170; baseline -0.016 -14"><span class='ocrx_word' id='word_1_139' title='bbox 2133 1103 2160 1156; x_wconf 71' lang='grc' dir='ltr'><strong>ἀ</strong></span> <span class='ocrx_word' id='word_1_140' title='bbox 2189 1100 2441 1170; x_wconf 79' lang='grc' dir='ltr'>ἀλλήλοις</span> <span class='ocrx_word' id='word_1_141' title='bbox 2472 1092 2786 1164; x_wconf 77' lang='grc' dir='ltr'><strong>συνηγμένα</strong></span> <span class='ocrx_word' id='word_1_142' title='bbox 2806 1089 2943 1160; x_wconf 73' lang='grc' dir='ltr'>πρὸς</span> <span class='ocrx_word' id='word_1_143' title='bbox 2967 1087 3162 1142; x_wconf 69' lang='grc' dir='ltr'>ἕνωσιν</span> <span class='ocrx_word' id='word_1_144' title='bbox 3195 1083 3556 1153; x_wconf 78' lang='grc' dir='ltr'>ἀδιάτμητον,</span> <span class='ocrx_word' id='word_1_145' title='bbox 3581 1079 3684 1133; x_wconf 79' lang='grc' dir='ltr'>καὶ</span> 
     </span>
    </p>
   </div>
   <div class='ocr_carea' id='block_1_24' title="bbox 419 1217 975 1294">
    <p class='ocr_par' dir='ltr' id='par_1_24' title="bbox 419 1217 975 1294">
     <span class='ocr_line' id='line_1_24' title="bbox 419 1217 975 1294; baseline -0.02 -14"><span class='ocrx_word' id='word_1_146' title='bbox 419 1229 728 1294; x_wconf 85' lang='lat' dir='ltr'><strong>superante,</strong></span> <span class='ocrx_word' id='word_1_147' title='bbox 759 1227 817 1272; x_wconf 92' lang='lat' dir='ltr'><strong>ut</strong></span> <span class='ocrx_word' id='word_1_148' title='bbox 843 1217 975 1272; x_wconf 76' lang='lat' dir='ltr'><strong>dixi.</strong></span> 
     </span>
    </p>
   </div>
   <div class='ocr_carea' id='block_1_25' title="bbox 491 1306 1078 1378">
    <p class='ocr_par' dir='ltr' id='par_1_25' title="bbox 491 1306 1078 1378">
     <span class='ocr_line' id='line_1_25' title="bbox 491 1306 1078 1378; baseline -0.017 -10"><span class='ocrx_word' id='word_1_149' title='bbox 491 1313 554 1368; x_wconf 88' lang='lat' dir='ltr'><strong>B.</strong></span> <span class='ocrx_word' id='word_1_150' title='bbox 591 1309 834 1378; x_wconf 77' lang='lat' dir='ltr'><strong>Exempli</strong></span> <span class='ocrx_word' id='word_1_151' title='bbox 863 1306 1078 1377; x_wconf 77' lang='lat' dir='ltr'><strong>gratia?</strong></span> 
     </span>
    </p>
   </div>
   <div class='ocr_carea' id='block_1_26' title="bbox 490 1382 1990 1460">
    <p class='ocr_par' dir='ltr' id='par_1_26' title="bbox 490 1382 1990 1460">
     <span class='ocr_line' id='line_1_26' title="bbox 490 1382 1990 1460; baseline -0.017 0"><span class='ocrx_word' id='word_1_152' title='bbox 490 1405 558 1460; x_wconf 82' lang='grc' dir='ltr'>Δ.</span> <span class='ocrx_word' id='word_1_153' title='bbox 600 1403 790 1457; x_wconf 78' lang='lat' dir='ltr'><strong>Nonne</strong></span> <span class='ocrx_word' id='word_1_154' title='bbox 833 1413 994 1453; x_wconf 91' lang='lat' dir='ltr'><strong>unum</strong></span> <span class='ocrx_word' id='word_1_155' title='bbox 1051 1397 1283 1450; x_wconf 77' lang='lat' dir='ltr'><strong>dicimus</strong></span> <span class='ocrx_word' id='word_1_156' title='bbox 1321 1391 1593 1446; x_wconf 80' lang='lat' dir='ltr'><strong>hominem</strong></span> <span class='ocrx_word' id='word_1_157' title='bbox 1626 1384 1794 1441; x_wconf 76' lang='lat' dir='ltr'><strong>neStri</strong></span> <span class='ocrx_word' id='word_1_158' title='bbox 1840 1382 1990 1438; x_wconf 83' lang='lat' dir='ltr'><strong>simi-</strong></span> 
     </span>
    </p>
   </div>
   <div class='ocr_carea' id='block_1_27' title="bbox 2089 1181 2841 1264">
    <p class='ocr_par' dir='ltr' id='par_1_27' title="bbox 2089 1181 2841 1264">
     <span class='ocr_line' id='line_1_27' title="bbox 2089 1181 2841 1264; baseline -0.017 -18"><span class='ocrx_word' id='word_1_159' title='bbox 2089 1194 2194 1264; x_wconf 69' lang='grc' dir='ltr'>τὴν</span> <span class='ocrx_word' id='word_1_160' title='bbox 2227 1191 2370 1261; x_wconf 81' lang='grc' dir='ltr'><strong>ὑπὲρ</strong></span> <span class='ocrx_word' id='word_1_161' title='bbox 2392 1186 2537 1250; x_wconf 78' lang='grc' dir='ltr'>νοῦν,</span> <span class='ocrx_word' id='word_1_162' title='bbox 2578 1181 2841 1252; x_wconf 74' lang='grc' dir='ltr'>ὠςέφην.</span> 
     </span>
    </p>
   </div>
   <div class='ocr_carea' id='block_1_28' title="bbox 2167 1277 2604 1350">
    <p class='ocr_par' dir='ltr' id='par_1_28' title="bbox 2167 1277 2604 1350">
     <span class='ocr_line' id='line_1_28' title="bbox 2167 1277 2604 1350; baseline -0.021 -14"><span class='ocrx_word' id='word_1_163' title='bbox 2167 1286 2229 1338; x_wconf 90' lang='grc' dir='ltr'>Β.</span> <span class='ocrx_word' id='word_1_164' title='bbox 2262 1277 2387 1336; x_wconf 78' lang='grc' dir='ltr'>υἷον</span> <span class='ocrx_word' id='word_1_165' title='bbox 2417 1279 2480 1350; x_wconf 85' lang='grc' dir='ltr'>δὴ</span> <span class='ocrx_word' id='word_1_166' title='bbox 2513 1278 2604 1343; x_wconf 73' lang='grc' dir='ltr'><strong>τίς</strong></span> 
     </span>
    </p>
   </div>
   <div class='ocr_carea' id='block_1_29' title="bbox 2168 1359 3686 1452">
    <p class='ocr_par' dir='ltr' id='par_1_29' title="bbox 2168 1359 3686 1452">
     <span class='ocr_line' id='line_1_29' title="bbox 2168 1359 3686 1452; baseline -0.014 -22"><span class='ocrx_word' id='word_1_167' title='bbox 2168 1379 2232 1431; x_wconf 84' lang='grc' dir='ltr'>Δ.</span> <span class='ocrx_word' id='word_1_168' title='bbox 2258 1371 2385 1444; x_wconf 69' lang='grc' dir='ltr'><strong>Ἃρ*</strong></span> <span class='ocrx_word' id='word_1_169' title='bbox 2423 1373 2522 1442; x_wconf 78' lang='grc' dir='ltr'><strong>οὐχ</strong></span> <span class='ocrx_word' id='word_1_170' title='bbox 2559 1371 2657 1423; x_wconf 76' lang='grc' dir='ltr'>ἕνα</span> <span class='ocrx_word' id='word_1_171' title='bbox 2698 1367 2885 1452; x_wconf 72' lang='grc' dir='ltr'><strong>φαμὲν⁸</strong></span> <span class='ocrx_word' id='word_1_172' title='bbox 2919 1365 3012 1418; x_wconf 70' lang='grc' dir='ltr'><strong>τὸν</strong></span> <span class='ocrx_word' id='word_1_173' title='bbox 3047 1363 3170 1418; x_wconf 75' lang='grc' dir='ltr'>καθ’</span> <span class='ocrx_word' id='word_1_174' title='bbox 3201 1363 3350 1433; x_wconf 73' lang='grc' dir='ltr'>ἡμᾶς</span> <span class='ocrx_word' id='word_1_175' title='bbox 3386 1359 3686 1430; x_wconf 72' lang='grc' dir='ltr'>νοούμενον</span> 
     </span>
    </p>
   </div>
   <div class='ocr_carea' id='block_1_30' title="bbox 425 1450 2021 1563">
    <p class='ocr_par' dir='ltr' id='par_1_30' title="bbox 425 1473 1999 1563">
     <span class='ocr_line' id='line_1_30' title="bbox 425 1473 1999 1563; baseline -0.015 -13"><span class='ocrx_word' id='word_1_176' title='bbox 425 1498 552 1559; x_wconf 85' lang='lat' dir='ltr'><strong>lcnt,</strong></span> <span class='ocrx_word' id='word_1_177' title='bbox 579 1504 740 1563; x_wconf 83' lang='lat' dir='ltr'><strong>atque</strong></span> <span class='ocrx_word' id='word_1_178' title='bbox 766 1505 925 1546; x_wconf 88' lang='lat' dir='ltr'><strong>unam</strong></span> <span class='ocrx_word' id='word_1_179' title='bbox 959 1487 1126 1556; x_wconf 80' lang='lat' dir='ltr'><strong>ipsius</strong></span> <span class='ocrx_word' id='word_1_180' title='bbox 1157 1492 1429 1544; x_wconf 89' lang='lat' dir='ltr'><strong>naturam,</strong></span> <span class='ocrx_word' id='word_1_181' title='bbox 1468 1476 1681 1533; x_wconf 81' lang='lat' dir='ltr'><strong>tametsi</strong></span> <span class='ocrx_word' id='word_1_182' title='bbox 1714 1473 1999 1528; x_wconf 80' lang='lat' dir='ltr'><strong>uniformis</strong></span> 
     </span>
    </p>
   </div>
   <div class='ocr_carea' id='block_1_31' title="bbox 2133 1450 3688 1563">
    <p class='ocr_par' dir='ltr' id='par_1_31' title="bbox 2133 1450 3688 1563">
     <span class='ocr_line' id='line_1_31' title="bbox 2133 1450 3688 1535; baseline -0.009 -19"><span class='ocrx_word' id='word_1_183' title='bbox 2133 1465 2405 1535; x_wconf 30' lang='grc' dir='ltr'>χνθρωπον,</span> <span class='ocrx_word' id='word_1_184' title='bbox 2430 1463 2525 1514; x_wconf 79' lang='grc' dir='ltr'>καὶ</span> <span class='ocrx_word' id='word_1_185' title='bbox 2567 1461 2694 1531; x_wconf 80' lang='grc' dir='ltr'>μίαν</span> <span class='ocrx_word' id='word_1_186' title='bbox 2722 1450 2886 1511; x_wconf 69' lang='grc' dir='ltr'>αὑτοῦ</span> <span class='ocrx_word' id='word_1_187' title='bbox 2913 1455 3091 1525; x_wconf 76' lang='grc' dir='ltr'>φύσιν,</span> <span class='ocrx_word' id='word_1_188' title='bbox 3110 1453 3288 1508; x_wconf 76' lang='grc' dir='ltr'>καίτοι</span> <span class='ocrx_word' id='word_1_189' title='bbox 3318 1453 3378 1505; x_wconf 83' lang='grc' dir='ltr'>τὸ</span> <span class='ocrx_word' id='word_1_190' title='bbox 3407 1450 3688 1521; x_wconf 81' lang='grc' dir='ltr'>μονοειδὲς</span> 
     </span>
     <span class='ocr_line' id='line_1_32' title="bbox 2140 1540 3650 1563; baseline 0 0"><span class='ocrx_word' id='word_1_191' title='bbox 2140 1559 2152 1563; x_wconf 89' lang='grc'><strong><em>-</em></strong></span> <span class='ocrx_word' id='word_1_192' title='bbox 2233 1556 2254 1563; x_wconf 69' lang='grc' dir='ltr'><strong>,ι</strong></span> <span class='ocrx_word' id='word_1_193' title='bbox 2669 1550 2693 1563; x_wconf 73' lang='grc' dir='ltr'><strong>Α</strong></span> <span class='ocrx_word' id='word_1_194' title='bbox 2808 1550 2820 1563; x_wconf 76' lang='grc' dir='ltr'>ο</span> <span class='ocrx_word' id='word_1_195' title='bbox 2951 1547 2991 1563; x_wconf 66' lang='grc' dir='ltr'><strong>ιιι</strong></span> <span class='ocrx_word' id='word_1_196' title='bbox 3089 1545 3198 1563; x_wconf 57' lang='lat' dir='ltr'><strong>l0“,</strong></span> <span class='ocrx_word' id='word_1_197' title='bbox 3271 1545 3329 1563; x_wconf 21' lang='grc' dir='ltr'>ἰιι</span> <span class='ocrx_word' id='word_1_198' title='bbox 3384 1543 3524 1563; x_wconf 54' lang='grc' dir='ltr'><strong>9ηΑ9-.</strong></span> <span class='ocrx_word' id='word_1_199' title='bbox 3570 1540 3600 1563; x_wconf 83' lang='grc' dir='ltr'><strong>-Ι</strong></span> <span class='ocrx_word' id='word_1_200' title='bbox 3619 1559 3650 1563; x_wconf 40' lang='grc' dir='ltr'><strong>Α-</strong></span> 
     </span>
    </p>
   </div>
   <div class='ocr_carea' id='block_1_32' title="bbox 425 1561 1998 1650">
    <p class='ocr_par' dir='ltr' id='par_1_32' title="bbox 425 1561 1998 1650">
     <span class='ocr_line' id='line_1_33' title="bbox 425 1561 1998 1650; baseline -0.016 -11"><span class='ocrx_word' id='word_1_201' title='bbox 425 1595 481 1639; x_wconf 80' lang='grc' dir='ltr'>(ιι</span> <span class='ocrx_word' id='word_1_202' title='bbox 509 1561 736 1650; x_wconf 78' lang='lat' dir='ltr'><strong>simplex</strong></span> <span class='ocrx_word' id='word_1_203' title='bbox 775 1593 879 1633; x_wconf 93' lang='lat' dir='ltr'><strong>non</strong></span> <span class='ocrx_word' id='word_1_204' title='bbox 913 1577 1012 1638; x_wconf 87' lang='lat' dir='ltr'><strong>sit,</strong></span> <span class='ocrx_word' id='word_1_205' title='bbox 1054 1571 1148 1628; x_wconf 88' lang='lat' dir='ltr'><strong>sed</strong></span> <span class='ocrx_word' id='word_1_206' title='bbox 1177 1571 1359 1639; x_wconf 87' lang='lat' dir='ltr'><strong>potius</strong></span> <span class='ocrx_word' id='word_1_207' title='bbox 1382 1583 1449 1621; x_wconf 76' lang='lat' dir='ltr'><strong>ex</strong></span> <span class='ocrx_word' id='word_1_208' title='bbox 1480 1565 1692 1620; x_wconf 90' lang='lat' dir='ltr'><strong>duobus</strong></span> <span class='ocrx_word' id='word_1_209' title='bbox 1726 1561 1998 1632; x_wconf 86' lang='lat' dir='ltr'><strong>composi-</strong></span> 
     </span>
    </p>
   </div>
   <div class='ocr_carea' id='block_1_33' title="bbox 427 1659 1425 1742">
    <p class='ocr_par' dir='ltr' id='par_1_33' title="bbox 427 1659 1425 1742">
     <span class='ocr_line' id='line_1_34' title="bbox 427 1659 1425 1742; baseline -0.02 -11"><span class='ocrx_word' id='word_1_210' title='bbox 427 1689 534 1742; x_wconf 91' lang='lat' dir='ltr'><strong>tus,</strong></span> <span class='ocrx_word' id='word_1_211' title='bbox 560 1675 762 1733; x_wconf 84' lang='lat' dir='ltr'><strong>anima.</strong></span> <span class='ocrx_word' id='word_1_212' title='bbox 798 1670 1038 1738; x_wconf 87' lang='lat' dir='ltr'><strong>inquam,</strong></span> <span class='ocrx_word' id='word_1_213' title='bbox 1071 1672 1126 1720; x_wconf 91' lang='lat' dir='ltr'><strong>et</strong></span> <span class='ocrx_word' id='word_1_214' title='bbox 1154 1659 1425 1732; x_wconf 84' lang='lat' dir='ltr'><strong>corpore?</strong></span> 
     </span>
    </p>
   </div>
   <div class='ocr_carea' id='block_1_34' title="bbox 499 1763 863 1818">
    <p class='ocr_par' dir='ltr' id='par_1_34' title="bbox 499 1763 863 1818">
     <span class='ocr_line' id='line_1_35' title="bbox 499 1763 863 1818; baseline -0.011 0"><span class='ocrx_word' id='word_1_215' title='bbox 499 1766 557 1818; x_wconf 85' lang='grc' dir='ltr'>Β.</span> <span class='ocrx_word' id='word_1_216' title='bbox 602 1763 863 1818; x_wconf 87' lang='lat' dir='ltr'><strong>Dicimus.</strong></span> 
     </span>
    </p>
   </div>
   <div class='ocr_carea' id='block_1_35' title="bbox 500 1848 2002 1922">
    <p class='ocr_par' dir='ltr' id='par_1_35' title="bbox 500 1848 2002 1922">
     <span class='ocr_line' id='line_1_36' title="bbox 500 1848 2002 1922; baseline -0.014 -12"><span class='ocrx_word' id='word_1_217' title='bbox 500 1859 565 1910; x_wconf 79' lang='grc' dir='ltr'>Α.</span> <span class='ocrx_word' id='word_1_218' title='bbox 604 1856 672 1908; x_wconf 79' lang='lat' dir='ltr'><strong>At</strong></span> <span class='ocrx_word' id='word_1_219' title='bbox 693 1853 737 1908; x_wconf 88' lang='lat' dir='ltr'><strong>si</strong></span> <span class='ocrx_word' id='word_1_220' title='bbox 767 1851 890 1922; x_wconf 90' lang='lat' dir='ltr'><strong>quis</strong></span> <span class='ocrx_word' id='word_1_221' title='bbox 922 1848 1148 1905; x_wconf 87' lang='lat' dir='ltr'><strong>seorsim</strong></span> <span class='ocrx_word' id='word_1_222' title='bbox 1172 1854 1420 1902; x_wconf 85' lang='lat' dir='ltr'><strong>statuens</strong></span> <span class='ocrx_word' id='word_1_223' title='bbox 1450 1855 1710 1905; x_wconf 86' lang='lat' dir='ltr'><strong>carnem,</strong></span> <span class='ocrx_word' id='word_1_224' title='bbox 1742 1850 2002 1908; x_wconf 79' lang='lat' dir='ltr'><strong>separans</strong></span> 
     </span>
    </p>
   </div>
   <div class='ocr_carea' id='block_1_36' title="bbox 231 1929 2001 2006">
    <p class='ocr_par' dir='ltr' id='par_1_36' title="bbox 231 1929 2001 2006">
     <span class='ocr_line' id='line_1_37' title="bbox 231 1929 2001 2006; baseline -0.011 -6"><span class='ocrx_word' id='word_1_225' title='bbox 231 1929 248 1943; x_wconf 78' lang='grc'><strong>’</strong></span> <span class='ocrx_word' id='word_1_226' title='bbox 339 2001 356 2006; x_wconf 86' lang='lat'>_</span> <span class='ocrx_word' id='word_1_227' title='bbox 434 1961 561 2002; x_wconf 83' lang='lat' dir='ltr'><strong>vero</strong></span> <span class='ocrx_word' id='word_1_228' title='bbox 591 1945 658 2000; x_wconf 85' lang='lat' dir='ltr'><strong>ah</strong></span> <span class='ocrx_word' id='word_1_229' title='bbox 693 1959 756 1999; x_wconf 89' lang='lat' dir='ltr'><strong>ea</strong></span> <span class='ocrx_word' id='word_1_230' title='bbox 789 1943 1022 1996; x_wconf 86' lang='lat' dir='ltr'><strong>animam</strong></span> <span class='ocrx_word' id='word_1_231' title='bbox 1049 1954 1169 2006; x_wconf 79' lang='lat' dir='ltr'><strong>qua:</strong></span> <span class='ocrx_word' id='word_1_232' title='bbox 1204 1937 1301 2005; x_wconf 91' lang='lat' dir='ltr'><strong>ipsi</strong></span> <span class='ocrx_word' id='word_1_233' title='bbox 1331 1935 1477 1990; x_wconf 82' lang='lat' dir='ltr'><strong>unita</strong></span> <span class='ocrx_word' id='word_1_234' title='bbox 1512 1941 1615 1997; x_wconf 90' lang='lat' dir='ltr'><strong>est,</strong></span> <span class='ocrx_word' id='word_1_235' title='bbox 1649 1933 1701 1985; x_wconf 90' lang='lat' dir='ltr'><strong>in</strong></span> <span class='ocrx_word' id='word_1_236' title='bbox 1736 1932 1874 1985; x_wconf 89' lang='lat' dir='ltr'><strong>duos</strong></span> <span class='ocrx_word' id='word_1_237' title='bbox 1903 1930 2001 1982; x_wconf 89' lang='lat' dir='ltr'><strong>ho-</strong></span> 
     </span>
    </p>
   </div>
   <div class='ocr_carea' id='block_1_37' title="bbox 435 2021 2002 2102">
    <p class='ocr_par' dir='ltr' id='par_1_37' title="bbox 435 2021 2002 2102">
     <span class='ocr_line' id='line_1_38' title="bbox 435 2021 2002 2102; baseline -0.011 -11"><span class='ocrx_word' id='word_1_238' title='bbox 435 2037 605 2091; x_wconf 86' lang='lat' dir='ltr'><strong>mines</strong></span> <span class='ocrx_word' id='word_1_239' title='bbox 629 2049 751 2088; x_wconf 89' lang='lat' dir='ltr'><strong>eunt</strong></span> <span class='ocrx_word' id='word_1_240' title='bbox 783 2033 872 2102; x_wconf 90' lang='lat' dir='ltr'><strong>qui</strong></span> <span class='ocrx_word' id='word_1_241' title='bbox 911 2045 1050 2085; x_wconf 90' lang='lat' dir='ltr'><strong>unus</strong></span> <span class='ocrx_word' id='word_1_242' title='bbox 1088 2038 1166 2084; x_wconf 89' lang='lat' dir='ltr'><strong>est</strong></span> <span class='ocrx_word' id='word_1_243' title='bbox 1193 2028 1460 2097; x_wconf 82' lang='lat' dir='ltr'><strong>partiatur</strong></span> <span class='ocrx_word' id='word_1_244' title='bbox 1483 2066 1500 2092; x_wconf 92' lang='lat'><strong>,</strong></span> <span class='ocrx_word' id='word_1_245' title='bbox 1534 2038 1713 2078; x_wconf 91' lang='lat' dir='ltr'><strong>nonne</strong></span> <span class='ocrx_word' id='word_1_246' title='bbox 1748 2021 2002 2077; x_wconf 80' lang='lat' dir='ltr'><strong>Immani-</strong></span> 
     </span>
    </p>
   </div>
   <div class='ocr_carea' id='block_1_38' title="bbox 437 2121 1204 2184">
    <p class='ocr_par' dir='ltr' id='par_1_38' title="bbox 437 2121 1204 2184">
     <span class='ocr_line' id='line_1_39' title="bbox 437 2121 1204 2184; baseline -0.014 0"><span class='ocrx_word' id='word_1_247' title='bbox 437 2129 565 2184; x_wconf 80' lang='lat' dir='ltr'><strong>tatis</strong></span> <span class='ocrx_word' id='word_1_248' title='bbox 595 2128 859 2180; x_wconf 86' lang='lat' dir='ltr'><strong>rationem</strong></span> <span class='ocrx_word' id='word_1_249' title='bbox 889 2121 1204 2178; x_wconf 85' lang='lat' dir='ltr'><strong>snhverlat?</strong></span> 
     </span>
    </p>
   </div>
   <div class='ocr_carea' id='block_1_39' title="bbox 507 2199 2004 2286">
    <p class='ocr_par' dir='ltr' id='par_1_39' title="bbox 507 2199 2004 2286">
     <span class='ocr_line' id='line_1_40' title="bbox 507 2199 2004 2286; baseline -0.013 -15"><span class='ocrx_word' id='word_1_250' title='bbox 507 2217 566 2270; x_wconf 88' lang='grc' dir='ltr'><strong>Β.</strong></span> <span class='ocrx_word' id='word_1_251' title='bbox 609 2215 773 2286; x_wconf 83' lang='lat' dir='ltr'><strong>Atqui</strong></span> <span class='ocrx_word' id='word_1_252' title='bbox 793 2211 1222 2283; x_wconf 87' lang='lat' dir='ltr'><strong>sapientissimus</strong></span> <span class='ocrx_word' id='word_1_253' title='bbox 1240 2207 1440 2262; x_wconf 77' lang='lat' dir='ltr'><strong>Paulus</strong></span> <span class='ocrx_word' id='word_1_254' title='bbox 1474 2204 1690 2274; x_wconf 89' lang='lat' dir='ltr'><strong>inquit:</strong></span> <span class='ocrx_word' id='word_1_255' title='bbox 1722 2221 1740 2254; x_wconf 82' lang='grc' dir='ltr'><strong>ι</strong></span> <span class='ocrx_word' id='word_1_256' title='bbox 1773 2201 1830 2256; x_wconf 91' lang='lat' dir='ltr'><strong>Si</strong></span> <span class='ocrx_word' id='word_1_257' title='bbox 1863 2199 2004 2255; x_wconf 87' lang='lat' dir='ltr'><strong>enim</strong></span> 
     </span>
    </p>
   </div>
   <div class='ocr_carea' id='block_1_40' title="bbox 437 2294 2008 2367">
    <p class='ocr_par' dir='ltr' id='par_1_40' title="bbox 437 2294 2008 2367">
     <span class='ocr_line' id='line_1_41' title="bbox 437 2294 2008 2367; baseline -0.013 -1"><span class='ocrx_word' id='word_1_258' title='bbox 437 2311 597 2367; x_wconf 88' lang='lat' dir='ltr'><strong>etiam</strong></span> <span class='ocrx_word' id='word_1_259' title='bbox 627 2318 882 2362; x_wconf 81' lang='lat' dir='ltr'><strong>externus</strong></span> <span class='ocrx_word' id='word_1_260' title='bbox 915 2304 1078 2358; x_wconf 89' lang='lat' dir='ltr'><strong>homo</strong></span> <span class='ocrx_word' id='word_1_261' title='bbox 1107 2308 1290 2356; x_wconf 87' lang='lat' dir='ltr'><strong>noster</strong></span> <span class='ocrx_word' id='word_1_262' title='bbox 1323 2296 1709 2366; x_wconf 89' lang='lat' dir='ltr'><strong>corrumpitur,</strong></span> <span class='ocrx_word' id='word_1_263' title='bbox 1746 2294 1838 2348; x_wconf 88' lang='lat' dir='ltr'><strong>sed</strong></span> <span class='ocrx_word' id='word_1_264' title='bbox 1869 2294 2008 2346; x_wconf 83' lang='lat' dir='ltr'><strong>inte-</strong></span> 
     </span>
    </p>
   </div>
   <div class='ocr_carea' id='block_1_41' title="bbox 435 2391 1471 2458">
    <p class='ocr_par' dir='ltr' id='par_1_41' title="bbox 435 2391 1471 2458">
     <span class='ocr_line' id='line_1_42' title="bbox 435 2391 1471 2458; baseline -0.016 0"><span class='ocrx_word' id='word_1_265' title='bbox 435 2403 550 2458; x_wconf 88' lang='lat' dir='ltr'><strong>rior</strong></span> <span class='ocrx_word' id='word_1_266' title='bbox 577 2409 870 2454; x_wconf 75' lang='lat' dir='ltr'><strong>renovatur</strong></span> <span class='ocrx_word' id='word_1_267' title='bbox 893 2397 960 2450; x_wconf 88' lang='lat' dir='ltr'><strong>de</strong></span> <span class='ocrx_word' id='word_1_268' title='bbox 987 2394 1076 2449; x_wconf 89' lang='lat' dir='ltr'><strong>die</strong></span> <span class='ocrx_word' id='word_1_269' title='bbox 1100 2394 1154 2446; x_wconf 93' lang='lat' dir='ltr'><strong>in</strong></span> <span class='ocrx_word' id='word_1_270' title='bbox 1188 2392 1326 2447; x_wconf 90' lang='lat' dir='ltr'><strong>diem</strong></span> <span class='ocrx_word' id='word_1_271' title='bbox 1354 2391 1421 2444; x_wconf 79' lang='lat'><strong>&quot;.</strong></span> <span class='ocrx_word' id='word_1_272' title='bbox 1453 2408 1471 2440; x_wconf 73' lang='grc' dir='ltr'><strong>ι</strong></span> 
     </span>
    </p>
   </div>
   <div class='ocr_carea' id='block_1_42' title="bbox 506 2483 2010 2550">
    <p class='ocr_par' dir='ltr' id='par_1_42' title="bbox 506 2483 2010 2550">
     <span class='ocr_line' id='line_1_43' title="bbox 506 2483 2010 2550; baseline -0.012 -3"><span class='ocrx_word' id='word_1_273' title='bbox 506 2495 573 2547; x_wconf 80' lang='grc' dir='ltr'>Δ.</span> <span class='ocrx_word' id='word_1_274' title='bbox 614 2490 781 2544; x_wconf 67' lang='lat' dir='ltr'><strong>ltecte</strong></span> <span class='ocrx_word' id='word_1_275' title='bbox 823 2487 922 2542; x_wconf 86' lang='lat' dir='ltr'><strong>ais.</strong></span> <span class='ocrx_word' id='word_1_276' title='bbox 967 2483 1132 2540; x_wconf 85' lang='lat' dir='ltr'><strong>Norat</strong></span> <span class='ocrx_word' id='word_1_277' title='bbox 1180 2483 1348 2549; x_wconf 87' lang='lat' dir='ltr'><strong>enim,</strong></span> <span class='ocrx_word' id='word_1_278' title='bbox 1396 2491 1553 2536; x_wconf 89' lang='lat' dir='ltr'><strong>norat</strong></span> <span class='ocrx_word' id='word_1_279' title='bbox 1595 2489 1781 2550; x_wconf 87' lang='lat' dir='ltr'><strong>aperte</strong></span> <span class='ocrx_word' id='word_1_280' title='bbox 1826 2493 1886 2531; x_wconf 86' lang='lat' dir='ltr'><strong>ea</strong></span> <span class='ocrx_word' id='word_1_281' title='bbox 1943 2490 2010 2530; x_wconf 73' lang='lat' dir='ltr'><strong>ex</strong></span> 
     </span>
    </p>
   </div>
   <div class='ocr_carea' id='block_1_43' title="bbox 441 2573 2012 2655">
    <p class='ocr_par' dir='ltr' id='par_1_43' title="bbox 441 2573 2012 2655">
     <span class='ocr_line' id='line_1_44' title="bbox 441 2573 2012 2655; baseline -0.011 -16"><span class='ocrx_word' id='word_1_282' title='bbox 441 2584 636 2655; x_wconf 84' lang='lat' dir='ltr'><strong>quibus</strong></span> <span class='ocrx_word' id='word_1_283' title='bbox 661 2596 798 2636; x_wconf 88' lang='lat' dir='ltr'><strong>unus</strong></span> <span class='ocrx_word' id='word_1_284' title='bbox 831 2584 1064 2642; x_wconf 83' lang='lat' dir='ltr'><strong>constat,</strong></span> <span class='ocrx_word' id='word_1_285' title='bbox 1114 2584 1169 2631; x_wconf 89' lang='lat' dir='ltr'><strong>et</strong></span> <span class='ocrx_word' id='word_1_286' title='bbox 1206 2574 1566 2630; x_wconf 83' lang='lat' dir='ltr'><strong>dill&#39;erentiam</strong></span> <span class='ocrx_word' id='word_1_287' title='bbox 1615 2573 1728 2628; x_wconf 85' lang='lat' dir='ltr'><strong>sola</strong></span> <span class='ocrx_word' id='word_1_288' title='bbox 1771 2581 2012 2626; x_wconf 86' lang='lat' dir='ltr'><strong>contem-</strong></span> 
     </span>
    </p>
   </div>
   <div class='ocr_carea' id='block_1_44' title="bbox 443 2663 2014 2746">
    <p class='ocr_par' dir='ltr' id='par_1_44' title="bbox 443 2663 2014 2746">
     <span class='ocr_line' id='line_1_45' title="bbox 443 2663 2014 2746; baseline -0.008 -20"><span class='ocrx_word' id='word_1_289' title='bbox 443 2675 678 2746; x_wconf 83' lang='lat' dir='ltr'><strong>platione</strong></span> <span class='ocrx_word' id='word_1_290' title='bbox 705 2667 1109 2742; x_wconf 85' lang='lat' dir='ltr'><strong>perceptibilem</strong></span> <span class='ocrx_word' id='word_1_291' title='bbox 1142 2667 1352 2720; x_wconf 83' lang='lat' dir='ltr'><strong>statuit.</strong></span> <span class='ocrx_word' id='word_1_292' title='bbox 1390 2665 1672 2720; x_wconf 87' lang='lat' dir='ltr'><strong>llotninem</strong></span> <span class='ocrx_word' id='word_1_293' title='bbox 1709 2677 1836 2718; x_wconf 86' lang='lat' dir='ltr'><strong>vero</strong></span> <span class='ocrx_word' id='word_1_294' title='bbox 1877 2663 2014 2715; x_wconf 86' lang='lat' dir='ltr'><strong>inte-</strong></span> 
     </span>
    </p>
   </div>
   <div class='ocr_carea' id='block_1_45' title="bbox 445 2755 2010 2826">
    <p class='ocr_par' dir='ltr' id='par_1_45' title="bbox 445 2755 2010 2826">
     <span class='ocr_line' id='line_1_46' title="bbox 445 2755 2010 2826; baseline -0.009 -8"><span class='ocrx_word' id='word_1_295' title='bbox 445 2766 666 2826; x_wconf 86' lang='lat' dir='ltr'><strong>riorem,</strong></span> <span class='ocrx_word' id='word_1_296' title='bbox 717 2761 954 2816; x_wconf 88' lang='lat' dir='ltr'><strong>animam</strong></span> <span class='ocrx_word' id='word_1_297' title='bbox 1000 2768 1195 2812; x_wconf 85' lang='lat' dir='ltr'><strong>vocat:</strong></span> <span class='ocrx_word' id='word_1_298' title='bbox 1249 2765 1306 2809; x_wconf 87' lang='lat' dir='ltr'><strong>at</strong></span> <span class='ocrx_word' id='word_1_299' title='bbox 1355 2755 1718 2818; x_wconf 79' lang='lat' dir='ltr'><strong>exteriorem,</strong></span> <span class='ocrx_word' id='word_1_300' title='bbox 1769 2765 2010 2806; x_wconf 86' lang='lat' dir='ltr'><strong>carnem.</strong></span> 
     </span>
    </p>
   </div>
   <div class='ocr_carea' id='block_1_46' title="bbox 446 2840 2016 2914">
    <p class='ocr_par' dir='ltr' id='par_1_46' title="bbox 446 2840 2016 2914">
     <span class='ocr_line' id='line_1_47' title="bbox 446 2840 2016 2914; baseline -0.011 -4"><span class='ocrx_word' id='word_1_301' title='bbox 446 2855 689 2911; x_wconf 80' lang='lat' dir='ltr'><strong>Meminit</strong></span> <span class='ocrx_word' id='word_1_302' title='bbox 746 2853 890 2908; x_wconf 86' lang='lat' dir='ltr'><strong>enim</strong></span> <span class='ocrx_word' id='word_1_303' title='bbox 935 2862 1214 2904; x_wconf 87' lang='lat' dir='ltr'><strong>sacrarum</strong></span> <span class='ocrx_word' id='word_1_304' title='bbox 1268 2845 1704 2914; x_wconf 78' lang='lat' dir='ltr'><strong>Scripturarum,</strong></span> <span class='ocrx_word' id='word_1_305' title='bbox 1760 2855 1878 2910; x_wconf 63' lang='lat' dir='ltr'><strong>quae</strong></span> <span class='ocrx_word' id='word_1_306' title='bbox 1915 2840 2016 2893; x_wconf 76' lang='lat' dir='ltr'><strong>eli-</strong></span> 
     </span>
    </p>
   </div>
   <div class='ocr_carea' id='block_1_47' title="bbox 445 2930 2013 3011">
    <p class='ocr_par' dir='ltr' id='par_1_47' title="bbox 445 2930 2013 3011">
     <span class='ocr_line' id='line_1_48' title="bbox 445 2930 2013 3011; baseline -0.008 -18"><span class='ocrx_word' id='word_1_307' title='bbox 445 2941 662 3011; x_wconf 88' lang='lat' dir='ltr'><strong>quando</strong></span> <span class='ocrx_word' id='word_1_308' title='bbox 699 2953 764 2992; x_wconf 78' lang='lat' dir='ltr'><strong>ex</strong></span> <span class='ocrx_word' id='word_1_309' title='bbox 797 2945 949 3005; x_wconf 88' lang='lat' dir='ltr'><strong>parte</strong></span> <span class='ocrx_word' id='word_1_310' title='bbox 1006 2944 1174 2987; x_wconf 88' lang='lat' dir='ltr'><strong>totum</strong></span> <span class='ocrx_word' id='word_1_311' title='bbox 1204 2932 1354 2985; x_wconf 83' lang='lat' dir='ltr'><strong>nobis</strong></span> <span class='ocrx_word' id='word_1_312' title='bbox 1390 2933 1658 2985; x_wconf 87' lang='lat' dir='ltr'><strong>hominem</strong></span> <span class='ocrx_word' id='word_1_313' title='bbox 1687 2930 2013 3000; x_wconf 78' lang='lat' dir='ltr'><strong>signiﬁcant,</strong></span> 
     </span>
    </p>
   </div>
   <div class='ocr_carea' id='block_1_48' title="bbox 2099 1540 3689 1626">
    <p class='ocr_par' dir='ltr' id='par_1_48' title="bbox 2099 1540 3689 1626">
     <span class='ocr_line' id='line_1_49' title="bbox 2099 1540 3689 1626; baseline -0.012 -15"><span class='ocrx_word' id='word_1_314' title='bbox 2099 1559 2202 1610; x_wconf 81' lang='grc' dir='ltr'>οὐκ</span> <span class='ocrx_word' id='word_1_315' title='bbox 2231 1556 2465 1626; x_wconf 78' lang='grc' dir='ltr'>ἔχοντος,</span> <span class='ocrx_word' id='word_1_316' title='bbox 2505 1550 2917 1619; x_wconf 84' lang='grc' dir='ltr'><strong>συντεθειμένου</strong></span> <span class='ocrx_word' id='word_1_317' title='bbox 2946 1547 3001 1600; x_wconf 87' lang='grc' dir='ltr'>δὲ</span> <span class='ocrx_word' id='word_1_318' title='bbox 3041 1545 3240 1617; x_wconf 81' lang='grc' dir='ltr'>μᾶλλον</span> <span class='ocrx_word' id='word_1_319' title='bbox 3268 1545 3333 1596; x_wconf 83' lang='grc' dir='ltr'>ὲκ</span> <span class='ocrx_word' id='word_1_320' title='bbox 3379 1543 3546 1606; x_wconf 82' lang='grc' dir='ltr'>δυοῖν,</span> <span class='ocrx_word' id='word_1_321' title='bbox 3569 1540 3689 1610; x_wconf 80' lang='grc' dir='ltr'>ψυ-</span> 
     </span>
    </p>
   </div>
   <div class='ocr_carea' id='block_1_49' title="bbox 2032 1642 2794 1719">
    <p class='ocr_par' dir='ltr' id='par_1_49' title="bbox 2032 1642 2794 1719">
     <span class='ocr_line' id='line_1_50' title="bbox 2032 1642 2794 1719; baseline -0.02 -13"><span class='ocrx_word' id='word_1_322' title='bbox 2032 1652 2075 1706; x_wconf 85' lang='grc' dir='ltr'><strong>Β</strong></span> <span class='ocrx_word' id='word_1_323' title='bbox 2103 1648 2204 1719; x_wconf 84' lang='grc' dir='ltr'><strong>χῆς</strong></span> <span class='ocrx_word' id='word_1_324' title='bbox 2229 1646 2373 1714; x_wconf 82' lang='grc' dir='ltr'>λέγω</span> <span class='ocrx_word' id='word_1_325' title='bbox 2403 1645 2497 1699; x_wconf 79' lang='grc' dir='ltr'>καὶ</span> <span class='ocrx_word' id='word_1_326' title='bbox 2513 1642 2794 1713; x_wconf 83' lang='grc' dir='ltr'>σώματος;</span> 
     </span>
    </p>
   </div>
   <div class='ocr_carea' id='block_1_50' title="bbox 2175 1741 2474 1795">
    <p class='ocr_par' dir='ltr' id='par_1_50' title="bbox 2175 1741 2474 1795">
     <span class='ocr_line' id='line_1_51' title="bbox 2175 1741 2474 1795; baseline -0.003 -2"><span class='ocrx_word' id='word_1_327' title='bbox 2175 1741 2236 1795; x_wconf 84' lang='grc' dir='ltr'><strong>Β.</strong></span> <span class='ocrx_word' id='word_1_328' title='bbox 2269 1741 2474 1795; x_wconf 73' lang='grc' dir='ltr'>Φαμέν.</span> 
     </span>
    </p>
   </div>
   <div class='ocr_carea' id='block_1_51' title="bbox 2178 1739 3689 1901">
    <p class='ocr_par' dir='ltr' id='par_1_51' title="bbox 2178 1739 3689 1901">
     <span class='ocr_line' id='line_1_52' title="bbox 2178 1741 2474 1795; baseline -0.003 -2"><span class='ocrx_word' id='word_1_329' title='bbox 2178 1741 2236 1795; x_wconf 85' lang='grc' dir='ltr'>Β.</span> <span class='ocrx_word' id='word_1_330' title='bbox 2269 1741 2348 1793; x_wconf 61' lang='lat' dir='ltr'><strong>ita</strong></span> <span class='ocrx_word' id='word_1_331' title='bbox 2425 1757 2474 1792; x_wconf 88' lang='grc' dir='ltr'>ν.</span> 
     </span>
     <span class='ocr_line' id='line_1_53' title="bbox 2178 1739 3689 1901; baseline -0.011 -16"><span class='ocrx_word' id='word_1_332' title='bbox 2178 1833 2240 1885; x_wconf 80' lang='grc' dir='ltr'>Δ.</span> <span class='ocrx_word' id='word_1_333' title='bbox 2277 1739 2659 1901; x_wconf 62' lang='grc' dir='ltr'>Μὴμάναμέρος</span> <span class='ocrx_word' id='word_1_334' title='bbox 2690 1844 2773 1890; x_wconf 88' lang='grc' dir='ltr'><strong>τις</strong></span> <span class='ocrx_word' id='word_1_335' title='bbox 2797 1823 3083 1878; x_wconf 73' lang='grc' dir='ltr'>ἀπολαϐὼν</span> <span class='ocrx_word' id='word_1_336' title='bbox 3103 1820 3203 1891; x_wconf 80' lang='grc' dir='ltr'>τὴν</span> <span class='ocrx_word' id='word_1_337' title='bbox 3232 1820 3432 1890; x_wconf 81' lang='grc' dir='ltr'><strong>σάρκα,</strong></span> <span class='ocrx_word' id='word_1_338' title='bbox 3463 1817 3689 1887; x_wconf 80' lang='grc' dir='ltr'>διαστή-</span> 
     </span>
    </p>
   </div>
   <div class='ocr_carea' id='block_1_52' title="bbox 2111 1909 3692 1991">
    <p class='ocr_par' dir='ltr' id='par_1_52' title="bbox 2111 1909 3692 1991">
     <span class='ocr_line' id='line_1_54' title="bbox 2111 1909 3692 1991; baseline -0.008 -15"><span class='ocrx_word' id='word_1_339' title='bbox 2111 1939 2208 1986; x_wconf 87' lang='grc' dir='ltr'><strong>σας</strong></span> <span class='ocrx_word' id='word_1_340' title='bbox 2238 1922 2294 1975; x_wconf 85' lang='grc' dir='ltr'>δὲ</span> <span class='ocrx_word' id='word_1_341' title='bbox 2326 1922 2498 1991; x_wconf 80' lang='grc' dir='ltr'>αὐτῆς</span> <span class='ocrx_word' id='word_1_342' title='bbox 2517 1921 2616 1990; x_wconf 80' lang='grc' dir='ltr'>τὴν</span> <span class='ocrx_word' id='word_1_343' title='bbox 2656 1918 2948 1972; x_wconf 80' lang='grc' dir='ltr'>ὲνωθεῖσαν</span> <span class='ocrx_word' id='word_1_344' title='bbox 2967 1916 3116 1984; x_wconf 78' lang='grc' dir='ltr'>αὐτῇ</span> <span class='ocrx_word' id='word_1_345' title='bbox 3143 1912 3344 1982; x_wconf 76' lang='grc' dir='ltr'>ψυχὴν,</span> <span class='ocrx_word' id='word_1_346' title='bbox 3373 1913 3452 1974; x_wconf 88' lang='grc' dir='ltr'><strong>εἰς</strong></span> <span class='ocrx_word' id='word_1_347' title='bbox 3475 1909 3692 1980; x_wconf 82' lang='grc' dir='ltr'>ἀνθρώ-</span> 
     </span>
    </p>
   </div>
   <div class='ocr_carea' id='block_1_53' title="bbox 2111 2000 3694 2077">
    <p class='ocr_par' dir='ltr' id='par_1_53' title="bbox 2111 2000 3694 2077">
     <span class='ocr_line' id='line_1_55' title="bbox 2111 2000 3694 2077; baseline -0.009 -11"><span class='ocrx_word' id='word_1_348' title='bbox 2111 2029 2245 2076; x_wconf 84' lang='grc' dir='ltr'>πους</span> <span class='ocrx_word' id='word_1_349' title='bbox 2270 2011 2363 2065; x_wconf 84' lang='grc' dir='ltr'>δύο</span> <span class='ocrx_word' id='word_1_350' title='bbox 2389 2010 2482 2063; x_wconf 82' lang='grc' dir='ltr'>τὸν</span> <span class='ocrx_word' id='word_1_351' title='bbox 2515 2010 2610 2062; x_wconf 74' lang='grc' dir='ltr'>ἕνα</span> <span class='ocrx_word' id='word_1_352' title='bbox 2641 2009 2942 2077; x_wconf 85' lang='grc' dir='ltr'>κατατέμῃ,</span> <span class='ocrx_word' id='word_1_353' title='bbox 2983 2004 3077 2056; x_wconf 76' lang='grc' dir='ltr'>καὶ</span> <span class='ocrx_word' id='word_1_354' title='bbox 3099 2002 3190 2055; x_wconf 81' lang='grc' dir='ltr'>τὸν</span> <span class='ocrx_word' id='word_1_355' title='bbox 3210 2001 3310 2071; x_wconf 86' lang='grc' dir='ltr'>τῆς</span> <span class='ocrx_word' id='word_1_356' title='bbox 3336 2000 3694 2070; x_wconf 79' lang='grc' dir='ltr'>ἀνθρωπότη-</span> 
     </span>
    </p>
   </div>
   <div class='ocr_carea' id='block_1_54' title="bbox 2110 2098 2878 2171">
    <p class='ocr_par' dir='ltr' id='par_1_54' title="bbox 2110 2098 2878 2171">
     <span class='ocr_line' id='line_1_56' title="bbox 2110 2098 2878 2171; baseline -0.008 -15"><span class='ocrx_word' id='word_1_357' title='bbox 2110 2121 2201 2166; x_wconf 84' lang='grc' dir='ltr'><strong>τος</strong></span> <span class='ocrx_word' id='word_1_358' title='bbox 2233 2103 2293 2156; x_wconf 80' lang='grc' dir='ltr'>οὐ</span> <span class='ocrx_word' id='word_1_359' title='bbox 2325 2100 2664 2171; x_wconf 79' lang='grc' dir='ltr'>κάταφθεῑρῃ</span> <span class='ocrx_word' id='word_1_360' title='bbox 2691 2098 2878 2166; x_wconf 84' lang='grc' dir='ltr'>λόγον;</span> 
     </span>
    </p>
   </div>
   <div class='ocr_carea' id='block_1_55' title="bbox 2183 2182 3694 2265">
    <p class='ocr_par' dir='ltr' id='par_1_55' title="bbox 2183 2182 3694 2265">
     <span class='ocr_line' id='line_1_57' title="bbox 2183 2182 3694 2265; baseline -0.009 -16"><span class='ocrx_word' id='word_1_361' title='bbox 2183 2198 2242 2251; x_wconf 82' lang='grc' dir='ltr'>Β.</span> <span class='ocrx_word' id='word_1_362' title='bbox 2279 2197 2387 2248; x_wconf 73' lang='grc' dir='ltr'><strong>Καὶ</strong></span> <span class='ocrx_word' id='word_1_363' title='bbox 2412 2193 2518 2265; x_wconf 86' lang='grc' dir='ltr'>μὴν</span> <span class='ocrx_word' id='word_1_364' title='bbox 2549 2196 2578 2247; x_wconf 87' lang='grc' dir='ltr'><strong>ό</strong></span> <span class='ocrx_word' id='word_1_365' title='bbox 2603 2191 2878 2260; x_wconf 81' lang='grc' dir='ltr'>πάνσοφος</span> <span class='ocrx_word' id='word_1_366' title='bbox 2906 2187 3108 2259; x_wconf 84' lang='grc' dir='ltr'>γράφει</span> <span class='ocrx_word' id='word_1_367' title='bbox 3148 2186 3378 2249; x_wconf 75' lang='grc' dir='ltr'>Παῦλος·</span> <span class='ocrx_word' id='word_1_368' title='bbox 3427 2205 3445 2236; x_wconf 81' lang='grc' dir='ltr'><strong>ι</strong></span> <span class='ocrx_word' id='word_1_369' title='bbox 3474 2185 3535 2238; x_wconf 79' lang='grc' dir='ltr'><strong>Εἰ</strong></span> <span class='ocrx_word' id='word_1_370' title='bbox 3576 2182 3694 2253; x_wconf 99' lang='lat'><strong>7&amp;9</strong></span> 
     </span>
    </p>
   </div>
   <div class='ocr_carea' id='block_1_56' title="bbox 2115 2278 3695 2356">
    <p class='ocr_par' dir='ltr' id='par_1_56' title="bbox 2115 2278 3695 2356">
     <span class='ocr_line' id='line_1_58' title="bbox 2115 2278 3695 2356; baseline -0.008 -14"><span class='ocrx_word' id='word_1_371' title='bbox 2115 2289 2208 2342; x_wconf 73' lang='grc' dir='ltr'>καὶ</span> <span class='ocrx_word' id='word_1_372' title='bbox 2236 2290 2264 2341; x_wconf 87' lang='grc' dir='ltr'><strong>ό</strong></span> <span class='ocrx_word' id='word_1_373' title='bbox 2294 2287 2397 2350; x_wconf 75' lang='grc' dir='ltr'><strong>ἔξω</strong></span> <span class='ocrx_word' id='word_1_374' title='bbox 2439 2285 2724 2356; x_wconf 81' lang='grc' dir='ltr'>ἄνθρωπος</span> <span class='ocrx_word' id='word_1_375' title='bbox 2743 2278 3148 2351; x_wconf 75' lang='grc' dir='ltr'>διαφθείρεται,</span> <span class='ocrx_word' id='word_1_376' title='bbox 3185 2279 3303 2333; x_wconf 82' lang='grc' dir='ltr'><strong>ἀλλ’</strong></span> <span class='ocrx_word' id='word_1_377' title='bbox 3328 2279 3359 2330; x_wconf 87' lang='grc' dir='ltr'><strong>ό</strong></span> <span class='ocrx_word' id='word_1_378' title='bbox 3397 2278 3507 2331; x_wconf 77' lang='grc' dir='ltr'>ἔσω</span> <span class='ocrx_word' id='word_1_379' title='bbox 3553 2280 3695 2332; x_wconf 81' lang='grc' dir='ltr'>ἀνα-</span> 
     </span>
    </p>
   </div>
   <div class='ocr_carea' id='block_1_57' title="bbox 2115 2373 3027 2448">
    <p class='ocr_par' dir='ltr' id='par_1_57' title="bbox 2115 2373 3027 2448">
     <span class='ocr_line' id='line_1_59' title="bbox 2115 2373 3027 2448; baseline -0.012 -13"><span class='ocrx_word' id='word_1_380' title='bbox 2115 2378 2395 2435; x_wconf 83' lang='grc' dir='ltr'>καινοῦται</span> <span class='ocrx_word' id='word_1_381' title='bbox 2419 2377 2606 2448; x_wconf 75' lang='grc' dir='ltr'>ἡμέρᾳ</span> <span class='ocrx_word' id='word_1_382' title='bbox 2633 2375 2730 2428; x_wconf 83' lang='grc' dir='ltr'>καὶ</span> <span class='ocrx_word' id='word_1_383' title='bbox 2755 2373 2963 2444; x_wconf 73' lang='grc' dir='ltr'>ἡμέρᾳ.</span> <span class='ocrx_word' id='word_1_384' title='bbox 3008 2391 3027 2424; x_wconf 76' lang='grc' dir='ltr'><strong>ιι</strong></span> 
     </span>
    </p>
   </div>
   <div class='ocr_carea' id='block_1_58' title="bbox 2185 2439 3780 2541">
    <p class='ocr_par' dir='ltr' id='par_1_58' title="bbox 2185 2439 3780 2541">
     <span class='ocr_line' id='line_1_60' title="bbox 2185 2439 3780 2541; baseline -0.007 -17"><span class='ocrx_word' id='word_1_385' title='bbox 2185 2473 2250 2524; x_wconf 83' lang='grc' dir='ltr'><strong>Α.</strong></span> <span class='ocrx_word' id='word_1_386' title='bbox 2296 2439 2499 2541; x_wconf 50' lang='grc' dir='ltr'>Ὀρθῶς</span> <span class='ocrx_word' id='word_1_387' title='bbox 2525 2439 2679 2536; x_wconf 67' lang='grc' dir='ltr'>έιρης.</span> <span class='ocrx_word' id='word_1_388' title='bbox 2720 2439 2896 2538; x_wconf 45' lang='lat' dir='ltr'><strong>&quot;Haec,</strong></span> <span class='ocrx_word' id='word_1_389' title='bbox 2916 2439 3026 2519; x_wconf 43' lang='grc' dir='ltr'>’καὶ</span> <span class='ocrx_word' id='word_1_390' title='bbox 3056 2465 3170 2536; x_wconf 77' lang='grc' dir='ltr'>ᾔδει</span> <span class='ocrx_word' id='word_1_391' title='bbox 3201 2463 3401 2534; x_wconf 82' lang='grc' dir='ltr'>σαφῶς,</span> <span class='ocrx_word' id='word_1_392' title='bbox 3429 2462 3495 2516; x_wconf 88' lang='grc' dir='ltr'><strong>τά</strong></span> <span class='ocrx_word' id='word_1_393' title='bbox 3521 2460 3584 2526; x_wconf 80' lang='grc' dir='ltr'>ἐξ</span> <span class='ocrx_word' id='word_1_394' title='bbox 3615 2453 3702 2515; x_wconf 81' lang='grc' dir='ltr'>ὧν</span> <span class='ocrx_word' id='word_1_395' title='bbox 3767 2439 3780 2444; x_wconf 27' lang='grc' dir='ltr'><strong><em>τ</em></strong></span> 
     </span>
    </p>
   </div>
   <div class='ocr_carea' id='block_1_59' title="bbox 2117 2551 3702 2629">
    <p class='ocr_par' dir='ltr' id='par_1_59' title="bbox 2117 2551 3702 2629">
     <span class='ocr_line' id='line_1_61' title="bbox 2117 2551 3702 2629; baseline -0.008 -13"><span class='ocrx_word' id='word_1_396' title='bbox 2117 2564 2146 2616; x_wconf 86' lang='grc' dir='ltr'><strong>ό</strong></span> <span class='ocrx_word' id='word_1_397' title='bbox 2178 2557 2259 2626; x_wconf 78' lang='grc' dir='ltr'>εἷς</span> <span class='ocrx_word' id='word_1_398' title='bbox 2304 2564 2444 2626; x_wconf 79' lang='grc' dir='ltr'>ἐστι,</span> <span class='ocrx_word' id='word_1_399' title='bbox 2481 2559 2576 2613; x_wconf 82' lang='grc' dir='ltr'>καὶ</span> <span class='ocrx_word' id='word_1_400' title='bbox 2610 2558 2813 2629; x_wconf 80' lang='grc' dir='ltr'>θεωρίᾳ</span> <span class='ocrx_word' id='word_1_401' title='bbox 2868 2556 3005 2629; x_wconf 82' lang='grc' dir='ltr'>μόνῃ</span> <span class='ocrx_word' id='word_1_402' title='bbox 3037 2555 3259 2628; x_wconf 12' lang='grc' dir='ltr'>,ληπτὴν</span> <span class='ocrx_word' id='word_1_403' title='bbox 3309 2555 3542 2608; x_wconf 81' lang='grc' dir='ltr'>ποιεῖται</span> <span class='ocrx_word' id='word_1_404' title='bbox 3592 2551 3702 2623; x_wconf 77' lang='grc' dir='ltr'>τὴν</span> 
     </span>
    </p>
   </div>
   <div class='ocr_carea' id='block_1_60' title="bbox 2118 2643 3697 2726">
    <p class='ocr_par' dir='ltr' id='par_1_60' title="bbox 2118 2643 3697 2726">
     <span class='ocr_line' id='line_1_62' title="bbox 2118 2643 3697 2726; baseline -0.008 -17"><span class='ocrx_word' id='word_1_405' title='bbox 2118 2654 2379 2726; x_wconf 79' lang='grc' dir='ltr'>διαφοράν</span> <span class='ocrx_word' id='word_1_406' title='bbox 2403 2651 2740 2721; x_wconf 71' lang='grc' dir='ltr'>’ἄνθρωπον</span> <span class='ocrx_word' id='word_1_407' title='bbox 2779 2649 2838 2702; x_wconf 78' lang='grc' dir='ltr'>δὲ</span> <span class='ocrx_word' id='word_1_408' title='bbox 2880 2649 2972 2702; x_wconf 83' lang='grc' dir='ltr'>τὸν</span> <span class='ocrx_word' id='word_1_409' title='bbox 3021 2647 3148 2713; x_wconf 72' lang='grc' dir='ltr'>ἔσω,</span> <span class='ocrx_word' id='word_1_410' title='bbox 3185 2648 3362 2718; x_wconf 79' lang='grc' dir='ltr'>ψυχὴν</span> <span class='ocrx_word' id='word_1_411' title='bbox 3406 2643 3697 2715; x_wconf 77' lang='grc' dir='ltr'>ὀνομάζει,</span> 
     </span>
    </p>
   </div>
   <div class='ocr_carea' id='block_1_61' title="bbox 2122 2736 3700 2817">
    <p class='ocr_par' dir='ltr' id='par_1_61' title="bbox 2122 2736 3700 2817">
     <span class='ocr_line' id='line_1_63' title="bbox 2122 2736 3700 2817; baseline -0.008 -16"><span class='ocrx_word' id='word_1_412' title='bbox 2122 2748 2216 2802; x_wconf 72' lang='grc' dir='ltr'>καὶ</span> <span class='ocrx_word' id='word_1_413' title='bbox 2250 2748 2356 2817; x_wconf 82' lang='grc' dir='ltr'>μὴν</span> <span class='ocrx_word' id='word_1_414' title='bbox 2386 2746 2481 2798; x_wconf 78' lang='grc' dir='ltr'>καὶ</span> <span class='ocrx_word' id='word_1_415' title='bbox 2512 2744 2714 2815; x_wconf 82' lang='grc' dir='ltr'>σάρκα,</span> <span class='ocrx_word' id='word_1_416' title='bbox 2739 2741 2831 2794; x_wconf 81' lang='grc' dir='ltr'>τὸν</span> <span class='ocrx_word' id='word_1_417' title='bbox 2874 2740 2998 2806; x_wconf 75' lang='grc' dir='ltr'>ἔξω.</span> <span class='ocrx_word' id='word_1_418' title='bbox 3033 2739 3414 2810; x_wconf 86' lang='grc' dir='ltr'>Διαμέμνηται</span> <span class='ocrx_word' id='word_1_419' title='bbox 3455 2737 3566 2808; x_wconf 88' lang='lat'><strong>7&amp;9</strong></span> <span class='ocrx_word' id='word_1_420' title='bbox 3588 2736 3700 2789; x_wconf 81' lang='grc' dir='ltr'><strong>τῶν</strong></span> 
     </span>
    </p>
   </div>
   <div class='ocr_carea' id='block_1_62' title="bbox 2126 2826 3700 2910">
    <p class='ocr_par' dir='ltr' id='par_1_62' title="bbox 2126 2826 3700 2910">
     <span class='ocr_line' id='line_1_64' title="bbox 2126 2826 3700 2910; baseline -0.01 -17"><span class='ocrx_word' id='word_1_421' title='bbox 2126 2841 2283 2910; x_wconf 83' lang='grc' dir='ltr'>ἱερῶν</span> <span class='ocrx_word' id='word_1_422' title='bbox 2313 2835 2681 2908; x_wconf 85' lang='grc' dir='ltr'>Γραμμάτων,</span> <span class='ocrx_word' id='word_1_423' title='bbox 2703 2833 2798 2887; x_wconf 72' lang='grc' dir='ltr'>καὶ</span> <span class='ocrx_word' id='word_1_424' title='bbox 2819 2832 2925 2886; x_wconf 80' lang='grc' dir='ltr'>ἀπὸ</span> <span class='ocrx_word' id='word_1_425' title='bbox 2956 2831 3158 2902; x_wconf 83' lang='grc' dir='ltr'>μέρους</span> <span class='ocrx_word' id='word_1_426' title='bbox 3185 2829 3299 2883; x_wconf 79' lang='grc' dir='ltr'>ἐσθ’</span> <span class='ocrx_word' id='word_1_427' title='bbox 3325 2830 3414 2882; x_wconf 83' lang='grc' dir='ltr'>ὅτε</span> <span class='ocrx_word' id='word_1_428' title='bbox 3447 2828 3508 2881; x_wconf 81' lang='grc' dir='ltr'>τὸ</span> <span class='ocrx_word' id='word_1_429' title='bbox 3561 2826 3700 2896; x_wconf 78' lang='grc' dir='ltr'>σύμ-</span> 
     </span>
    </p>
   </div>
   <div class='ocr_carea' id='block_1_63' title="bbox 2125 2918 3698 3000">
    <p class='ocr_par' dir='ltr' id='par_1_63' title="bbox 2125 2918 3698 3000">
     <span class='ocr_line' id='line_1_65' title="bbox 2125 2918 3698 3000; baseline -0.01 -16"><span class='ocrx_word' id='word_1_430' title='bbox 2125 2949 2231 2984; x_wconf 85' lang='grc' dir='ltr'><strong>παν</strong></span> <span class='ocrx_word' id='word_1_431' title='bbox 2245 2931 2391 3000; x_wconf 84' lang='grc' dir='ltr'>--ήμῖν</span> <span class='ocrx_word' id='word_1_432' title='bbox 2424 2925 2868 2996; x_wconf 83' lang='grc' dir='ltr'>καταδηλούν-των</span> <span class='ocrx_word' id='word_1_433' title='bbox 2899 2923 3057 2988; x_wconf 74' lang='grc' dir='ltr'>ζῶον,</span> <span class='ocrx_word' id='word_1_434' title='bbox 3080 2922 3220 2975; x_wconf 78' lang='grc' dir='ltr'>ὥστε</span> <span class='ocrx_word' id='word_1_435' title='bbox 3254 2918 3314 2974; x_wconf 65' lang='grc' dir='ltr'><strong>τό</strong></span> <span class='ocrx_word' id='word_1_436' title='bbox 3349 2919 3514 2989; x_wconf 82' lang='grc' dir='ltr'>φάναι</span> <span class='ocrx_word' id='word_1_437' title='bbox 3546 2919 3698 2982; x_wconf 77' lang='grc' dir='ltr'>Θεὸν,</span> 
     </span>
    </p>
   </div>
   <div class='ocr_carea' id='block_1_64' title="bbox 448 3003 2021 3092">
    <p class='ocr_par' dir='ltr' id='par_1_64' title="bbox 448 3003 2016 3091">
     <span class='ocr_line' id='line_1_66' title="bbox 448 3003 2016 3091; baseline -0.006 -7"><span class='ocrx_word' id='word_1_438' title='bbox 448 3003 505 3084; x_wconf 77' lang='lat' dir='ltr'><strong>ut</strong></span> <span class='ocrx_word' id='word_1_439' title='bbox 543 3045 664 3084; x_wconf 91' lang='lat' dir='ltr'><strong>cum</strong></span> <span class='ocrx_word' id='word_1_440' title='bbox 693 3003 825 3082; x_wconf 73' lang='lat' dir='ltr'><strong>dicit</strong></span> <span class='ocrx_word' id='word_1_441' title='bbox 861 3025 1003 3078; x_wconf 87' lang='lat' dir='ltr'><strong>Deus</strong></span> <span class='ocrx_word' id='word_1_442' title='bbox 1037 3041 1050 3076; x_wconf 91' lang='lat'>:</span> <span class='ocrx_word' id='word_1_443' title='bbox 1087 3041 1106 3074; x_wconf 77' lang='grc' dir='ltr'><strong>ι</strong></span> <span class='ocrx_word' id='word_1_444' title='bbox 1141 3022 1422 3077; x_wconf 80' lang='lat' dir='ltr'><strong>Ell‘nndam</strong></span> <span class='ocrx_word' id='word_1_445' title='bbox 1455 3023 1520 3075; x_wconf 89' lang='lat' dir='ltr'><strong>de</strong></span> <span class='ocrx_word' id='word_1_446' title='bbox 1560 3020 1766 3091; x_wconf 83' lang='lat' dir='ltr'><strong>Spiritu</strong></span> <span class='ocrx_word' id='word_1_447' title='bbox 1813 3035 1934 3076; x_wconf 90' lang='lat' dir='ltr'><strong>meo</strong></span> <span class='ocrx_word' id='word_1_448' title='bbox 1964 3022 2016 3074; x_wconf 88' lang='lat' dir='ltr'><strong>itt</strong></span> 
     </span>
    </p>
   </div>
   <div class='ocr_carea' id='block_1_65' title="bbox 2133 3003 3696 3092">
    <p class='ocr_par' dir='ltr' id='par_1_65' title="bbox 2133 3012 3696 3092">
     <span class='ocr_line' id='line_1_67' title="bbox 2133 3012 3696 3092; baseline -0.007 -19"><span class='ocrx_word' id='word_1_449' title='bbox 2133 3043 2150 3073; x_wconf 78' lang='grc' dir='ltr'><strong>ι</strong></span> <span class='ocrx_word' id='word_1_450' title='bbox 2190 3020 2394 3092; x_wconf 84' lang='grc' dir='ltr'>Ἐκχεῶ</span> <span class='ocrx_word' id='word_1_451' title='bbox 2415 3019 2522 3073; x_wconf 85' lang='grc' dir='ltr'><strong>ἀπὸ</strong></span> <span class='ocrx_word' id='word_1_452' title='bbox 2538 3018 2631 3072; x_wconf 74' lang='grc' dir='ltr'>τοῦ</span> <span class='ocrx_word' id='word_1_453' title='bbox 2657 3017 2972 3088; x_wconf 73' lang='grc' dir='ltr'>Πνεῦματός</span> <span class='ocrx_word' id='word_1_454' title='bbox 2997 3032 3096 3086; x_wconf 90' lang='grc' dir='ltr'><strong>μου</strong></span> <span class='ocrx_word' id='word_1_455' title='bbox 3143 3015 3236 3067; x_wconf 80' lang='grc' dir='ltr'><strong>ἐπὶ</strong></span> <span class='ocrx_word' id='word_1_456' title='bbox 3266 3014 3447 3067; x_wconf 83' lang='grc' dir='ltr'>πᾶσαν</span> <span class='ocrx_word' id='word_1_457' title='bbox 3468 3012 3696 3083; x_wconf 64' lang='lat' dir='ltr'><strong>adipata,»</strong></span> 
     </span>
    </p>
   </div>
   <div class='ocr_carea' id='block_1_66' title="bbox 449 3113 2020 3184">
    <p class='ocr_par' dir='ltr' id='par_1_66' title="bbox 449 3113 2020 3184">
     <span class='ocr_line' id='line_1_68' title="bbox 449 3113 2020 3184; baseline -0.006 -9"><span class='ocrx_word' id='word_1_458' title='bbox 449 3121 758 3175; x_wconf 76' lang='lat' dir='ltr'><strong>universam</strong></span> <span class='ocrx_word' id='word_1_459' title='bbox 787 3131 1009 3171; x_wconf 87' lang='lat' dir='ltr'><strong>carnem</strong></span> <span class='ocrx_word' id='word_1_460' title='bbox 1038 3115 1084 3146; x_wconf 81' lang='lat'><strong>&#39;°</strong></span> <span class='ocrx_word' id='word_1_461' title='bbox 1109 3133 1124 3182; x_wconf 89' lang='lat'><strong>;</strong></span> <span class='ocrx_word' id='word_1_462' title='bbox 1156 3133 1175 3168; x_wconf 75' lang='grc' dir='ltr'><strong>ι</strong></span> <span class='ocrx_word' id='word_1_463' title='bbox 1209 3123 1262 3169; x_wconf 91' lang='lat' dir='ltr'><strong>et</strong></span> <span class='ocrx_word' id='word_1_464' title='bbox 1303 3113 1515 3184; x_wconf 77' lang='lat' dir='ltr'><strong>Moyses</strong></span> <span class='ocrx_word' id='word_1_465' title='bbox 1545 3115 1611 3168; x_wconf 89' lang='lat' dir='ltr'><strong>ad</strong></span> <span class='ocrx_word' id='word_1_466' title='bbox 1640 3113 1911 3170; x_wconf 81' lang='lat' dir='ltr'><strong>lsraelitas</strong></span> <span class='ocrx_word' id='word_1_467' title='bbox 1941 3113 2020 3166; x_wconf 81' lang='lat' dir='ltr'><strong>lo-</strong></span> 
     </span>
    </p>
   </div>
   <div class='ocr_carea' id='block_1_67' title="bbox 449 3205 2023 3280">
    <p class='ocr_par' dir='ltr' id='par_1_67' title="bbox 449 3205 2023 3280">
     <span class='ocr_line' id='line_1_69' title="bbox 449 3205 2023 3280; baseline -0.003 -18"><span class='ocrx_word' id='word_1_468' title='bbox 449 3225 622 3280; x_wconf 88' lang='lat' dir='ltr'><strong>quens</strong></span> <span class='ocrx_word' id='word_1_469' title='bbox 655 3227 671 3264; x_wconf 90' lang='lat'><strong>:</strong></span> <span class='ocrx_word' id='word_1_470' title='bbox 705 3227 724 3260; x_wconf 77' lang='grc' dir='ltr'><strong>ι</strong></span> <span class='ocrx_word' id='word_1_471' title='bbox 764 3207 822 3264; x_wconf 87' lang='lat' dir='ltr'><strong>In</strong></span> <span class='ocrx_word' id='word_1_472' title='bbox 849 3207 1188 3276; x_wconf 78' lang='lat' dir='ltr'><strong>septuaginta</strong></span> <span class='ocrx_word' id='word_1_473' title='bbox 1216 3206 1459 3276; x_wconf 89' lang='lat' dir='ltr'><strong>quinque</strong></span> <span class='ocrx_word' id='word_1_474' title='bbox 1492 3206 1778 3260; x_wconf 79' lang='lat' dir='ltr'><strong>animabus</strong></span> <span class='ocrx_word' id='word_1_475' title='bbox 1805 3205 2023 3259; x_wconf 80' lang='lat' dir='ltr'><strong>descen-</strong></span> 
     </span>
    </p>
   </div>
   <div class='ocr_carea' id='block_1_68' title="bbox 451 3296 2022 3370">
    <p class='ocr_par' dir='ltr' id='par_1_68' title="bbox 451 3296 2022 3370">
     <span class='ocr_line' id='line_1_70' title="bbox 451 3296 2022 3370; baseline -0.003 -13"><span class='ocrx_word' id='word_1_476' title='bbox 451 3307 647 3357; x_wconf 86' lang='lat' dir='ltr'><strong>derunt</strong></span> <span class='ocrx_word' id='word_1_477' title='bbox 675 3309 856 3370; x_wconf 85' lang='lat' dir='ltr'><strong>patres</strong></span> <span class='ocrx_word' id='word_1_478' title='bbox 902 3299 978 3352; x_wconf 91' lang='lat' dir='ltr'><strong>tui</strong></span> <span class='ocrx_word' id='word_1_479' title='bbox 1024 3301 1075 3353; x_wconf 92' lang='lat' dir='ltr'><strong>in</strong></span> <span class='ocrx_word' id='word_1_480' title='bbox 1123 3298 1502 3368; x_wconf 64' lang='lat' dir='ltr'><strong>Egyptnm&quot;.</strong></span> <span class='ocrx_word' id='word_1_481' title='bbox 1544 3316 1562 3348; x_wconf 73' lang='grc' dir='ltr'><strong>ι</strong></span> <span class='ocrx_word' id='word_1_482' title='bbox 1596 3297 1758 3366; x_wconf 79' lang='lat' dir='ltr'><strong>Atqui</strong></span> <span class='ocrx_word' id='word_1_483' title='bbox 1803 3297 1856 3350; x_wconf 93' lang='lat' dir='ltr'><strong>in</strong></span> <span class='ocrx_word' id='word_1_484' title='bbox 1905 3296 2022 3365; x_wconf 86' lang='lat' dir='ltr'><strong>ipso</strong></span> 
     </span>
    </p>
   </div>
   <div class='ocr_carea' id='block_1_69' title="bbox 451 3389 2020 3458">
    <p class='ocr_par' dir='ltr' id='par_1_69' title="bbox 451 3389 2020 3458">
     <span class='ocr_line' id='line_1_71' title="bbox 451 3389 2020 3458; baseline -0.004 -10"><span class='ocrx_word' id='word_1_485' title='bbox 451 3395 613 3450; x_wconf 88' lang='lat' dir='ltr'><strong>etiam</strong></span> <span class='ocrx_word' id='word_1_486' title='bbox 669 3389 1019 3446; x_wconf 83' lang='lat' dir='ltr'><strong>Emmanuele</strong></span> <span class='ocrx_word' id='word_1_487' title='bbox 1075 3391 1212 3444; x_wconf 88' lang='lat' dir='ltr'><strong>idem</strong></span> <span class='ocrx_word' id='word_1_488' title='bbox 1277 3389 1540 3444; x_wconf 89' lang='lat' dir='ltr'><strong>accidisse</strong></span> <span class='ocrx_word' id='word_1_489' title='bbox 1605 3389 2020 3458; x_wconf 85' lang='lat' dir='ltr'><strong>comperiemus.</strong></span> 
     </span>
    </p>
   </div>
   <div class='ocr_carea' id='block_1_70' title="bbox 453 3478 2025 3552">
    <p class='ocr_par' dir='ltr' id='par_1_70' title="bbox 453 3478 2025 3552">
     <span class='ocr_line' id='line_1_72' title="bbox 453 3478 2025 3552; baseline -0.006 -11"><span class='ocrx_word' id='word_1_490' title='bbox 453 3485 587 3542; x_wconf 73' lang='lat' dir='ltr'><strong>Nam</strong></span> <span class='ocrx_word' id='word_1_491' title='bbox 621 3494 739 3552; x_wconf 77' lang='lat' dir='ltr'><strong>post</strong></span> <span class='ocrx_word' id='word_1_492' title='bbox 782 3481 1064 3543; x_wconf 82' lang='lat' dir='ltr'><strong>unitatem,</strong></span> <span class='ocrx_word' id='word_1_493' title='bbox 1115 3494 1239 3534; x_wconf 90' lang='lat' dir='ltr'><strong>cum</strong></span> <span class='ocrx_word' id='word_1_494' title='bbox 1287 3493 1484 3541; x_wconf 88' lang='lat' dir='ltr'><strong>carne,</strong></span> <span class='ocrx_word' id='word_1_495' title='bbox 1523 3479 1776 3548; x_wconf 84' lang='lat' dir='ltr'><strong>inquam,</strong></span> <span class='ocrx_word' id='word_1_496' title='bbox 1810 3478 2025 3534; x_wconf 89' lang='lat' dir='ltr'><strong>tametsi</strong></span> 
     </span>
    </p>
   </div>
   <div class='ocr_carea' id='block_1_71' title="bbox 456 3568 2025 3648">
    <p class='ocr_par' dir='ltr' id='par_1_71' title="bbox 456 3568 2025 3648">
     <span class='ocr_line' id='line_1_73' title="bbox 456 3568 2025 3648; baseline -0.006 -15"><span class='ocrx_word' id='word_1_497' title='bbox 456 3575 802 3648; x_wconf 82' lang='lat' dir='ltr'><strong>Unigcuitum</strong></span> <span class='ocrx_word' id='word_1_498' title='bbox 832 3581 888 3628; x_wconf 91' lang='lat' dir='ltr'><strong>et</strong></span> <span class='ocrx_word' id='word_1_499' title='bbox 911 3571 1076 3626; x_wconf 87' lang='lat' dir='ltr'><strong>Deum</strong></span> <span class='ocrx_word' id='word_1_500' title='bbox 1105 3585 1170 3625; x_wconf 84' lang='lat' dir='ltr'><strong>ex</strong></span> <span class='ocrx_word' id='word_1_501' title='bbox 1197 3570 1307 3624; x_wconf 89' lang='lat' dir='ltr'><strong>Deo</strong></span> <span class='ocrx_word' id='word_1_502' title='bbox 1346 3568 1522 3638; x_wconf 87' lang='lat' dir='ltr'><strong>ipsqu</strong></span> <span class='ocrx_word' id='word_1_503' title='bbox 1555 3572 1677 3639; x_wconf 89' lang='lat' dir='ltr'><strong>quis</strong></span> <span class='ocrx_word' id='word_1_504' title='bbox 1707 3581 1885 3634; x_wconf 85' lang='lat' dir='ltr'><strong>vocet,</strong></span> <span class='ocrx_word' id='word_1_505' title='bbox 1921 3584 2025 3624; x_wconf 91' lang='lat' dir='ltr'><strong>non</strong></span> 
     </span>
    </p>
   </div>
   <div class='ocr_carea' id='block_1_72' title="bbox 455 3660 2025 3738">
    <p class='ocr_par' dir='ltr' id='par_1_72' title="bbox 455 3660 2025 3738">
     <span class='ocr_line' id='line_1_74' title="bbox 455 3660 2025 3738; baseline -0.008 -13"><span class='ocrx_word' id='word_1_506' title='bbox 455 3669 664 3738; x_wconf 83' lang='lat' dir='ltr'><strong>absque</strong></span> <span class='ocrx_word' id='word_1_507' title='bbox 703 3680 868 3722; x_wconf 87' lang='lat' dir='ltr'><strong>carne</strong></span> <span class='ocrx_word' id='word_1_508' title='bbox 909 3664 1023 3718; x_wconf 87' lang='lat' dir='ltr'><strong>sive</strong></span> <span class='ocrx_word' id='word_1_509' title='bbox 1053 3662 1386 3717; x_wconf 87' lang='lat' dir='ltr'><strong>humanitate</strong></span> <span class='ocrx_word' id='word_1_510' title='bbox 1415 3660 1680 3715; x_wconf 65' lang='lat' dir='ltr'><strong>easistere</strong></span> <span class='ocrx_word' id='word_1_511' title='bbox 1718 3669 2025 3715; x_wconf 87' lang='lat' dir='ltr'><strong>censeatur.</strong></span> 
     </span>
    </p>
   </div>
   <div class='ocr_carea' id='block_1_73' title="bbox 454 3752 2028 3823">
    <p class='ocr_par' dir='ltr' id='par_1_73' title="bbox 454 3752 2028 3823">
     <span class='ocr_line' id='line_1_75' title="bbox 454 3752 2028 3823; baseline -0.007 -6"><span class='ocrx_word' id='word_1_512' title='bbox 454 3762 534 3817; x_wconf 78' lang='lat' dir='ltr'><strong>Ac</strong></span> <span class='ocrx_word' id='word_1_513' title='bbox 567 3773 774 3823; x_wconf 87' lang='lat' dir='ltr'><strong>rursus,</strong></span> <span class='ocrx_word' id='word_1_514' title='bbox 811 3755 1023 3811; x_wconf 88' lang='lat' dir='ltr'><strong>tametsi</strong></span> <span class='ocrx_word' id='word_1_515' title='bbox 1057 3755 1177 3823; x_wconf 89' lang='lat' dir='ltr'><strong>quis</strong></span> <span class='ocrx_word' id='word_1_516' title='bbox 1206 3754 1380 3823; x_wconf 90' lang='lat' dir='ltr'><strong>ipsum</strong></span> <span class='ocrx_word' id='word_1_517' title='bbox 1406 3760 1562 3806; x_wconf 91' lang='lat' dir='ltr'><strong>vocet</strong></span> <span class='ocrx_word' id='word_1_518' title='bbox 1599 3752 1894 3821; x_wconf 89' lang='lat' dir='ltr'><strong>hominem,</strong></span> <span class='ocrx_word' id='word_1_519' title='bbox 1922 3766 2028 3808; x_wconf 89' lang='lat' dir='ltr'><strong>non</strong></span> 
     </span>
    </p>
   </div>
   <div class='ocr_carea' id='block_1_74' title="bbox 457 3843 1742 3915">
    <p class='ocr_par' dir='ltr' id='par_1_74' title="bbox 457 3843 1742 3915">
     <span class='ocr_line' id='line_1_76' title="bbox 457 3843 1742 3915; baseline -0.006 -7"><span class='ocrx_word' id='word_1_520' title='bbox 457 3853 707 3908; x_wconf 74' lang='lat' dir='ltr'><strong>excludet</strong></span> <span class='ocrx_word' id='word_1_521' title='bbox 730 3851 797 3904; x_wconf 88' lang='lat' dir='ltr'><strong>ab</strong></span> <span class='ocrx_word' id='word_1_522' title='bbox 827 3863 893 3904; x_wconf 94' lang='lat' dir='ltr'><strong>eo</strong></span> <span class='ocrx_word' id='word_1_523' title='bbox 918 3847 1058 3915; x_wconf 86' lang='lat' dir='ltr'><strong>quod</strong></span> <span class='ocrx_word' id='word_1_524' title='bbox 1089 3845 1160 3900; x_wconf 92' lang='lat' dir='ltr'><strong>sit</strong></span> <span class='ocrx_word' id='word_1_525' title='bbox 1197 3844 1338 3900; x_wconf 90' lang='lat' dir='ltr'><strong>Deus</strong></span> <span class='ocrx_word' id='word_1_526' title='bbox 1371 3853 1426 3899; x_wconf 91' lang='lat' dir='ltr'><strong>et</strong></span> <span class='ocrx_word' id='word_1_527' title='bbox 1461 3843 1742 3900; x_wconf 86' lang='lat' dir='ltr'><strong>Dominus.</strong></span> 
     </span>
    </p>
   </div>
   <div class='ocr_carea' id='block_1_75' title="bbox 528 3933 2029 4000">
    <p class='ocr_par' dir='ltr' id='par_1_75' title="bbox 528 3933 2029 4000">
     <span class='ocr_line' id='line_1_77' title="bbox 528 3933 2029 4000; baseline -0.008 0"><span class='ocrx_word' id='word_1_528' title='bbox 528 3945 592 4000; x_wconf 89' lang='lat' dir='ltr'><strong>B.</strong></span> <span class='ocrx_word' id='word_1_529' title='bbox 631 3944 897 3998; x_wconf 68' lang='lat' dir='ltr'><strong>Caeterum</strong></span> <span class='ocrx_word' id='word_1_530' title='bbox 933 3938 978 3994; x_wconf 92' lang='lat' dir='ltr'><strong>si</strong></span> <span class='ocrx_word' id='word_1_531' title='bbox 1008 3952 1168 3991; x_wconf 83' lang='lat' dir='ltr'><strong>unam</strong></span> <span class='ocrx_word' id='word_1_532' title='bbox 1199 3950 1316 3992; x_wconf 86' lang='lat' dir='ltr'><strong>esse</strong></span> <span class='ocrx_word' id='word_1_533' title='bbox 1346 3936 1576 3991; x_wconf 80' lang='lat' dir='ltr'><strong>dicimus</strong></span> <span class='ocrx_word' id='word_1_534' title='bbox 1611 3933 1726 3988; x_wconf 83' lang='lat' dir='ltr'><strong>Filii</strong></span> <span class='ocrx_word' id='word_1_535' title='bbox 1758 3945 2029 3998; x_wconf 84' lang='lat' dir='ltr'><strong>naturam,</strong></span> 
     </span>
    </p>
   </div>
   <div class='ocr_carea' id='block_1_76' title="bbox 461 4026 2035 4102">
    <p class='ocr_par' dir='ltr' id='par_1_76' title="bbox 461 4026 2035 4102">
     <span class='ocr_line' id='line_1_78' title="bbox 461 4026 2035 4102; baseline -0.008 -10"><span class='ocrx_word' id='word_1_536' title='bbox 461 4035 674 4092; x_wconf 87' lang='lat' dir='ltr'><strong>tametsi</strong></span> <span class='ocrx_word' id='word_1_537' title='bbox 717 4031 1048 4102; x_wconf 78' lang='lat' dir='ltr'><strong>intelligatur</strong></span> <span class='ocrx_word' id='word_1_538' title='bbox 1079 4031 1423 4093; x_wconf 87' lang='lat' dir='ltr'><strong>incarnatus,</strong></span> <span class='ocrx_word' id='word_1_539' title='bbox 1469 4026 1833 4081; x_wconf 86' lang='lat' dir='ltr'><strong>necessarium</strong></span> <span class='ocrx_word' id='word_1_540' title='bbox 1877 4026 2035 4096; x_wconf 87' lang='lat' dir='ltr'><strong>plane</strong></span> 
     </span>
    </p>
   </div>
   <div class='ocr_carea' id='block_1_77' title="bbox 461 4117 2036 4182">
    <p class='ocr_par' dir='ltr' id='par_1_77' title="bbox 461 4117 2036 4182">
     <span class='ocr_line' id='line_1_79' title="bbox 461 4117 2036 4182; baseline -0.007 0"><span class='ocrx_word' id='word_1_541' title='bbox 461 4136 547 4182; x_wconf 88' lang='lat' dir='ltr'><strong>est</strong></span> <span class='ocrx_word' id='word_1_542' title='bbox 572 4134 630 4180; x_wconf 90' lang='lat' dir='ltr'><strong>ut</strong></span> <span class='ocrx_word' id='word_1_543' title='bbox 659 4123 1030 4180; x_wconf 82' lang='lat' dir='ltr'><strong>confusionem</strong></span> <span class='ocrx_word' id='word_1_544' title='bbox 1071 4129 1125 4174; x_wconf 90' lang='lat' dir='ltr'><strong>et</strong></span> <span class='ocrx_word' id='word_1_545' title='bbox 1175 4120 1456 4174; x_wconf 87' lang='lat' dir='ltr'><strong>misturam</strong></span> <span class='ocrx_word' id='word_1_546' title='bbox 1499 4117 1694 4172; x_wconf 78' lang='lat' dir='ltr'><strong>factam</strong></span> <span class='ocrx_word' id='word_1_547' title='bbox 1728 4118 1894 4172; x_wconf 82' lang='lat' dir='ltr'><strong>fuisse</strong></span> <span class='ocrx_word' id='word_1_548' title='bbox 1927 4129 2036 4172; x_wconf 79' lang='lat' dir='ltr'><strong>Sta-</strong></span> 
     </span>
    </p>
   </div>
   <div class='ocr_carea' id='block_1_78' title="bbox 465 4209 2034 4282">
    <p class='ocr_par' dir='ltr' id='par_1_78' title="bbox 465 4209 2034 4282">
     <span class='ocr_line' id='line_1_80' title="bbox 465 4209 2034 4282; baseline -0.006 -10"><span class='ocrx_word' id='word_1_549' title='bbox 465 4229 702 4281; x_wconf 87' lang='lat' dir='ltr'><strong>tuatnus,</strong></span> <span class='ocrx_word' id='word_1_550' title='bbox 733 4216 983 4282; x_wconf 86' lang='lat' dir='ltr'><strong>absorpta</strong></span> <span class='ocrx_word' id='word_1_551' title='bbox 1009 4211 1403 4281; x_wconf 87' lang='lat' dir='ltr'><strong>quodammodo</strong></span> <span class='ocrx_word' id='word_1_552' title='bbox 1431 4211 1482 4263; x_wconf 90' lang='lat' dir='ltr'><strong>in</strong></span> <span class='ocrx_word' id='word_1_553' title='bbox 1515 4211 1634 4279; x_wconf 80' lang='lat' dir='ltr'><strong>ipso</strong></span> <span class='ocrx_word' id='word_1_554' title='bbox 1665 4209 1902 4263; x_wconf 73' lang='lat' dir='ltr'><strong>humana</strong></span> <span class='ocrx_word' id='word_1_555' title='bbox 1935 4225 2034 4262; x_wconf 91' lang='lat' dir='ltr'><strong>na-</strong></span> 
     </span>
    </p>
   </div>
   <div class='ocr_carea' id='block_1_79' title="bbox 2127 3103 3699 3181">
    <p class='ocr_par' dir='ltr' id='par_1_79' title="bbox 2127 3103 3699 3181">
     <span class='ocr_line' id='line_1_81' title="bbox 2127 3103 3699 3181; baseline -0.012 -8"><span class='ocrx_word' id='word_1_556' title='bbox 2127 3113 2331 3173; x_wconf 85' lang='grc' dir='ltr'>Μωσέα</span> <span class='ocrx_word' id='word_1_557' title='bbox 2373 3129 2436 3181; x_wconf 90' lang='grc' dir='ltr'><strong>γε</strong></span> <span class='ocrx_word' id='word_1_558' title='bbox 2476 3110 2581 3181; x_wconf 83' lang='grc' dir='ltr'>μὴν</span> <span class='ocrx_word' id='word_1_559' title='bbox 2625 3108 3148 3180; x_wconf 82' lang='grc' dir='ltr'>προσδιαλεγόμενον</span> <span class='ocrx_word' id='word_1_560' title='bbox 3198 3107 3313 3169; x_wconf 84' lang='grc' dir='ltr'>τοῖς</span> <span class='ocrx_word' id='word_1_561' title='bbox 3351 3105 3411 3170; x_wconf 78' lang='grc' dir='ltr'>ἐξ</span> <span class='ocrx_word' id='word_1_562' title='bbox 3464 3103 3699 3174; x_wconf 74' lang='grc' dir='ltr'>Ἰσραὴλ,</span> 
     </span>
    </p>
   </div>
   <div class='ocr_carea' id='block_1_80' title="bbox 2133 3196 3705 3273">
    <p class='ocr_par' dir='ltr' id='par_1_80' title="bbox 2133 3196 3705 3273">
     <span class='ocr_line' id='line_1_82' title="bbox 2133 3196 3705 3273; baseline -0.007 -16"><span class='ocrx_word' id='word_1_563' title='bbox 2133 3223 2152 3256; x_wconf 77' lang='grc' dir='ltr'><strong>ι</strong></span> <span class='ocrx_word' id='word_1_564' title='bbox 2206 3205 2293 3257; x_wconf 90' lang='grc' dir='ltr'>Ἐν</span> <span class='ocrx_word' id='word_1_565' title='bbox 2323 3203 2692 3273; x_wconf 76' lang='grc' dir='ltr'>ἑϐδομήκοντα</span> <span class='ocrx_word' id='word_1_566' title='bbox 2737 3199 2898 3252; x_wconf 83' lang='grc' dir='ltr'>πέντε</span> <span class='ocrx_word' id='word_1_567' title='bbox 2940 3198 3137 3267; x_wconf 82' lang='grc' dir='ltr'>ψυχαῖς</span> <span class='ocrx_word' id='word_1_568' title='bbox 3175 3196 3488 3266; x_wconf 79' lang='grc' dir='ltr'>κατέϐησαν</span> <span class='ocrx_word' id='word_1_569' title='bbox 3513 3196 3563 3248; x_wconf 85' lang='grc' dir='ltr'><strong>οἱ</strong></span> <span class='ocrx_word' id='word_1_570' title='bbox 3593 3211 3705 3247; x_wconf 81' lang='grc' dir='ltr'><strong>πα-</strong></span> 
     </span>
    </p>
   </div>
   <div class='ocr_carea' id='block_1_81' title="bbox 2129 3283 3705 3368">
    <p class='ocr_par' dir='ltr' id='par_1_81' title="bbox 2129 3283 3705 3368">
     <span class='ocr_line' id='line_1_83' title="bbox 2129 3283 3705 3368; baseline -0.006 -17"><span class='ocrx_word' id='word_1_571' title='bbox 2129 3299 2284 3368; x_wconf 79' lang='grc' dir='ltr'>τέρες</span> <span class='ocrx_word' id='word_1_572' title='bbox 2315 3314 2408 3349; x_wconf 86' lang='grc' dir='ltr'><strong>σου</strong></span> <span class='ocrx_word' id='word_1_573' title='bbox 2437 3297 2515 3358; x_wconf 84' lang='grc' dir='ltr'><strong>εἰς</strong></span> <span class='ocrx_word' id='word_1_574' title='bbox 2542 3294 2837 3362; x_wconf 71' lang='grc' dir='ltr'>Αἴγυπτον,</span> <span class='ocrx_word' id='word_1_575' title='bbox 2872 3309 2891 3342; x_wconf 73' lang='grc' dir='ltr'><strong>ι</strong></span> <span class='ocrx_word' id='word_1_576' title='bbox 2920 3291 3013 3343; x_wconf 77' lang='grc' dir='ltr'>καὶ</span> <span class='ocrx_word' id='word_1_577' title='bbox 3044 3289 3130 3342; x_wconf 73' lang='grc' dir='ltr'><strong>ἐπ’</strong></span> <span class='ocrx_word' id='word_1_578' title='bbox 3154 3289 3320 3343; x_wconf 74' lang='grc' dir='ltr'>αὐτοῦ</span> <span class='ocrx_word' id='word_1_579' title='bbox 3349 3289 3408 3342; x_wconf 85' lang='grc' dir='ltr'>δὲ</span> <span class='ocrx_word' id='word_1_580' title='bbox 3435 3283 3582 3342; x_wconf 77' lang='grc' dir='ltr'>τουτὶ</span> <span class='ocrx_word' id='word_1_581' title='bbox 3610 3286 3705 3342; x_wconf 84' lang='grc' dir='ltr'>τοῦ</span> 
     </span>
    </p>
   </div>
   <div class='ocr_carea' id='block_1_82' title="bbox 2143 3381 3707 3459">
    <p class='ocr_par' dir='ltr' id='par_1_82' title="bbox 2143 3381 3707 3459">
     <span class='ocr_line' id='line_1_84' title="bbox 2143 3381 3707 3459; baseline -0.006 -19"><span class='ocrx_word' id='word_1_582' title='bbox 2143 3386 2490 3459; x_wconf 76' lang='grc' dir='ltr'>Ἐμμανουήλ</span> <span class='ocrx_word' id='word_1_583' title='bbox 2531 3385 2755 3453; x_wconf 84' lang='grc' dir='ltr'>γεγονὸς</span> <span class='ocrx_word' id='word_1_584' title='bbox 2790 3385 3116 3453; x_wconf 71' lang='grc' dir='ltr'>εὑρήσομεν.</span> <span class='ocrx_word' id='word_1_585' title='bbox 3158 3381 3314 3436; x_wconf 84' lang='grc' dir='ltr'><strong>Μετὰ</strong></span> <span class='ocrx_word' id='word_1_586' title='bbox 3345 3382 3458 3452; x_wconf 87' lang='grc' dir='ltr'><strong>γάρ</strong></span> <span class='ocrx_word' id='word_1_587' title='bbox 3487 3398 3571 3435; x_wconf 83' lang='grc' dir='ltr'><strong>τοι</strong></span> <span class='ocrx_word' id='word_1_588' title='bbox 3605 3381 3707 3450; x_wconf 76' lang='grc' dir='ltr'>τὴν</span> 
     </span>
    </p>
   </div>
   <div class='ocr_carea' id='block_1_83' title="bbox 2132 3471 3708 3547">
    <p class='ocr_par' dir='ltr' id='par_1_83' title="bbox 2132 3471 3708 3547">
     <span class='ocr_line' id='line_1_85' title="bbox 2132 3471 3708 3547; baseline -0.006 -15"><span class='ocrx_word' id='word_1_589' title='bbox 2132 3481 2346 3543; x_wconf 74' lang='grc' dir='ltr'>ἕνωσιν,</span> <span class='ocrx_word' id='word_1_590' title='bbox 2381 3478 2517 3547; x_wconf 87' lang='grc' dir='ltr'>πρός</span> <span class='ocrx_word' id='word_1_591' title='bbox 2540 3476 2604 3546; x_wconf 89' lang='grc' dir='ltr'><strong>γέ</strong></span> <span class='ocrx_word' id='word_1_592' title='bbox 2641 3475 2900 3546; x_wconf 82' lang='grc' dir='ltr'>φημιτὴν</span> <span class='ocrx_word' id='word_1_593' title='bbox 2936 3474 3138 3544; x_wconf 85' lang='grc' dir='ltr'>σάρκα,</span> <span class='ocrx_word' id='word_1_594' title='bbox 3179 3472 3281 3526; x_wconf 80' lang='grc' dir='ltr'>κᾶν</span> <span class='ocrx_word' id='word_1_595' title='bbox 3305 3471 3584 3542; x_wconf 84' lang='grc' dir='ltr'>Μονογενῆ</span> <span class='ocrx_word' id='word_1_596' title='bbox 3613 3471 3708 3526; x_wconf 79' lang='grc' dir='ltr'>καὶ</span> 
     </span>
    </p>
   </div>
   <div class='ocr_carea' id='block_1_84' title="bbox 2133 3562 3707 3633">
    <p class='ocr_par' dir='ltr' id='par_1_84' title="bbox 2133 3562 3707 3633">
     <span class='ocr_line' id='line_1_86' title="bbox 2133 3562 3707 3633; baseline -0.006 -10"><span class='ocrx_word' id='word_1_597' title='bbox 2133 3570 2264 3624; x_wconf 84' lang='grc' dir='ltr'>Θεὸν</span> <span class='ocrx_word' id='word_1_598' title='bbox 2299 3571 2362 3622; x_wconf 85' lang='grc' dir='ltr'>ἐκ</span> <span class='ocrx_word' id='word_1_599' title='bbox 2397 3567 2554 3631; x_wconf 80' lang='grc' dir='ltr'>Θεοῦ,</span> <span class='ocrx_word' id='word_1_600' title='bbox 2593 3565 2844 3620; x_wconf 78' lang='grc' dir='ltr'>καλέσειέ</span> <span class='ocrx_word' id='word_1_601' title='bbox 2890 3582 2974 3628; x_wconf 87' lang='grc' dir='ltr'><strong>τις</strong></span> <span class='ocrx_word' id='word_1_602' title='bbox 3008 3564 3191 3628; x_wconf 67' lang='grc' dir='ltr'>αὑτὸν,</span> <span class='ocrx_word' id='word_1_603' title='bbox 3221 3564 3283 3617; x_wconf 84' lang='grc' dir='ltr'>οὐ</span> <span class='ocrx_word' id='word_1_604' title='bbox 3326 3563 3450 3633; x_wconf 82' lang='grc' dir='ltr'>δίχα</span> <span class='ocrx_word' id='word_1_605' title='bbox 3505 3562 3707 3632; x_wconf 68' lang='grc' dir='ltr'>σαρκὸς</span> 
     </span>
    </p>
   </div>
   <div class='ocr_carea' id='block_1_85' title="bbox 2137 3653 3709 3732">
    <p class='ocr_par' dir='ltr' id='par_1_85' title="bbox 2137 3653 3709 3732">
     <span class='ocr_line' id='line_1_87' title="bbox 2137 3653 3709 3732; baseline -0.004 -18"><span class='ocrx_word' id='word_1_606' title='bbox 2137 3663 2301 3732; x_wconf 73' lang='grc' dir='ltr'>ἡγουν</span> <span class='ocrx_word' id='word_1_607' title='bbox 2335 3658 2752 3730; x_wconf 82' lang='grc' dir='ltr'>ἀνθρωπότητος</span> <span class='ocrx_word' id='word_1_608' title='bbox 2779 3657 2937 3710; x_wconf 84' lang='grc' dir='ltr'>νοοῖτ’</span> <span class='ocrx_word' id='word_1_609' title='bbox 2964 3655 3030 3710; x_wconf 81' lang='grc' dir='ltr'>ἂν</span> <span class='ocrx_word' id='word_1_610' title='bbox 3063 3655 3347 3727; x_wconf 80' lang='grc' dir='ltr'>ὑπάρχειν.</span> <span class='ocrx_word' id='word_1_611' title='bbox 3381 3653 3498 3708; x_wconf 79' lang='grc' dir='ltr'>Κᾶν</span> <span class='ocrx_word' id='word_1_612' title='bbox 3531 3655 3709 3707; x_wconf 79' lang='grc' dir='ltr'>εῖτουν</span> 
     </span>
    </p>
   </div>
   <div class='ocr_carea' id='block_1_86' title="bbox 2136 3734 3708 3824">
    <p class='ocr_par' dir='ltr' id='par_1_86' title="bbox 2136 3734 3708 3824">
     <span class='ocr_line' id='line_1_88' title="bbox 2136 3734 3708 3824; baseline -0.006 -17"><span class='ocrx_word' id='word_1_613' title='bbox 2136 3753 2421 3824; x_wconf 76' lang='grc' dir='ltr'>ἄνθρωπον</span> <span class='ocrx_word' id='word_1_614' title='bbox 2449 3751 2615 3819; x_wconf 78' lang='grc' dir='ltr'>λέγοι,</span> <span class='ocrx_word' id='word_1_615' title='bbox 2660 3749 2760 3802; x_wconf 80' lang='grc' dir='ltr'>οὐκ</span> <span class='ocrx_word' id='word_1_616' title='bbox 2804 3734 3135 3819; x_wconf 66' lang='grc' dir='ltr'>ἀττοσοόήσει</span> <span class='ocrx_word' id='word_1_617' title='bbox 3164 3747 3257 3801; x_wconf 80' lang='grc' dir='ltr'>τοῦ</span> <span class='ocrx_word' id='word_1_618' title='bbox 3287 3743 3426 3800; x_wconf 74' lang='grc' dir='ltr'>εἶναι</span> <span class='ocrx_word' id='word_1_619' title='bbox 3457 3746 3588 3800; x_wconf 83' lang='grc' dir='ltr'>Θεδν</span> <span class='ocrx_word' id='word_1_620' title='bbox 3613 3744 3708 3800; x_wconf 71' lang='grc' dir='ltr'>καὶ</span> 
     </span>
    </p>
   </div>
   <div class='ocr_carea' id='block_1_87' title="bbox 2141 3845 2360 3916">
    <p class='ocr_par' dir='ltr' id='par_1_87' title="bbox 2141 3845 2360 3916">
     <span class='ocr_line' id='line_1_89' title="bbox 2141 3845 2360 3916; baseline -0.023 -17"><span class='ocrx_word' id='word_1_621' title='bbox 2141 3845 2360 3916; x_wconf 79' lang='grc' dir='ltr'><strong>Κύριον.</strong></span> 
     </span>
    </p>
   </div>
   <div class='ocr_carea' id='block_1_88' title="bbox 2211 3932 3710 4007">
    <p class='ocr_par' dir='ltr' id='par_1_88' title="bbox 2211 3932 3710 4007">
     <span class='ocr_line' id='line_1_90' title="bbox 2211 3932 3710 4007; baseline -0.003 -18"><span class='ocrx_word' id='word_1_622' title='bbox 2211 3939 2268 3990; x_wconf 86' lang='grc' dir='ltr'>Β.</span> <span class='ocrx_word' id='word_1_623' title='bbox 2313 3937 2450 3992; x_wconf 76' lang='grc' dir='ltr'><strong>Ἀλλ’</strong></span> <span class='ocrx_word' id='word_1_624' title='bbox 2490 3937 2537 3989; x_wconf 85' lang='grc' dir='ltr'>εἰ</span> <span class='ocrx_word' id='word_1_625' title='bbox 2571 3937 2696 4007; x_wconf 83' lang='grc' dir='ltr'>μίαν</span> <span class='ocrx_word' id='word_1_626' title='bbox 2724 3932 2862 3988; x_wconf 81' lang='grc' dir='ltr'>εἶναι</span> <span class='ocrx_word' id='word_1_627' title='bbox 2909 3935 3070 4004; x_wconf 84' lang='grc' dir='ltr'>φύσιν</span> <span class='ocrx_word' id='word_1_628' title='bbox 3106 3935 3236 3988; x_wconf 81' lang='grc' dir='ltr'><strong>Υἱοῦ</strong></span> <span class='ocrx_word' id='word_1_629' title='bbox 3271 3951 3474 4004; x_wconf 76' lang='grc' dir='ltr'>φαμεν,</span> <span class='ocrx_word' id='word_1_630' title='bbox 3512 3933 3614 3986; x_wconf 76' lang='grc' dir='ltr'>κᾶν</span> <span class='ocrx_word' id='word_1_631' title='bbox 3663 3934 3710 3986; x_wconf 83' lang='grc' dir='ltr'>εἰ</span> 
     </span>
    </p>
   </div>
   <div class='ocr_carea' id='block_1_89' title="bbox 2140 4021 3710 4097">
    <p class='ocr_par' dir='ltr' id='par_1_89' title="bbox 2140 4021 3710 4097">
     <span class='ocr_line' id='line_1_91' title="bbox 2140 4021 3710 4097; baseline -0.001 -19"><span class='ocrx_word' id='word_1_632' title='bbox 2140 4029 2311 4079; x_wconf 79' lang='grc' dir='ltr'>νοοῖτο</span> <span class='ocrx_word' id='word_1_633' title='bbox 2371 4025 2806 4097; x_wconf 74' lang='grc' dir='ltr'>σεσαρκωμένος,</span> <span class='ocrx_word' id='word_1_634' title='bbox 2858 4025 3008 4078; x_wconf 80' lang='grc' dir='ltr'>πᾶ.σά</span> <span class='ocrx_word' id='word_1_635' title='bbox 3045 4043 3161 4089; x_wconf 84' lang='grc' dir='ltr'><strong>πως</strong></span> <span class='ocrx_word' id='word_1_636' title='bbox 3201 4025 3414 4094; x_wconf 82' lang='grc' dir='ltr'>ἀνάγκη</span> <span class='ocrx_word' id='word_1_637' title='bbox 3460 4021 3710 4092; x_wconf 81' lang='grc' dir='ltr'>γενέσθαι</span> 
     </span>
    </p>
   </div>
   <div class='ocr_carea' id='block_1_90' title="bbox 2143 4116 3712 4189">
    <p class='ocr_par' dir='ltr' id='par_1_90' title="bbox 2143 4116 3712 4189">
     <span class='ocr_line' id='line_1_92' title="bbox 2143 4116 3712 4189; baseline -0.001 -19"><span class='ocrx_word' id='word_1_638' title='bbox 2143 4119 2357 4189; x_wconf 80' lang='grc' dir='ltr'>φυρμὸν</span> <span class='ocrx_word' id='word_1_639' title='bbox 2409 4118 2692 4188; x_wconf 77' lang='grc' dir='ltr'>ὁμολογεῖν</span> <span class='ocrx_word' id='word_1_640' title='bbox 2725 4118 2819 4172; x_wconf 78' lang='grc' dir='ltr'>καὶ</span> <span class='ocrx_word' id='word_1_641' title='bbox 2867 4116 3191 4188; x_wconf 74' lang='grc' dir='ltr'>σύγκρασιν,</span> <span class='ocrx_word' id='word_1_642' title='bbox 3227 4116 3712 4188; x_wconf 69' lang='grc' dir='ltr'>ὑποκλεπτομένης</span> 
     </span>
    </p>
   </div>
   <div class='ocr_carea' id='block_1_91' title="bbox 2141 4207 3710 4280">
    <p class='ocr_par' dir='ltr' id='par_1_91' title="bbox 2141 4207 3710 4280">
     <span class='ocr_line' id='line_1_93' title="bbox 2141 4207 3710 4280; baseline -0.003 -18"><span class='ocrx_word' id='word_1_643' title='bbox 2141 4209 2328 4280; x_wconf 85' lang='grc' dir='ltr'>ὥσπερ</span> <span class='ocrx_word' id='word_1_644' title='bbox 2354 4210 2453 4280; x_wconf 81' lang='grc' dir='ltr'>τῆς</span> <span class='ocrx_word' id='word_1_645' title='bbox 2477 4209 2764 4280; x_wconf 87' lang='grc' dir='ltr'>ἀνθρώπου</span> <span class='ocrx_word' id='word_1_646' title='bbox 2793 4209 3008 4278; x_wconf 82' lang='grc' dir='ltr'>φύσεως</span> <span class='ocrx_word' id='word_1_647' title='bbox 3037 4210 3095 4262; x_wconf 81' lang='grc' dir='ltr'>ὲν</span> <span class='ocrx_word' id='word_1_648' title='bbox 3124 4207 3290 4279; x_wconf 78' lang='grc' dir='ltr'>αὐτῷ.</span> <span class='ocrx_word' id='word_1_649' title='bbox 3323 4209 3387 4262; x_wconf 87' lang='grc' dir='ltr'>Τί</span> <span class='ocrx_word' id='word_1_650' title='bbox 3411 4208 3520 4278; x_wconf 79' lang='grc' dir='ltr'><strong>γάρ</strong></span> <span class='ocrx_word' id='word_1_651' title='bbox 3557 4209 3588 4278; x_wconf 79' lang='grc' dir='ltr'>ἡ</span> <span class='ocrx_word' id='word_1_652' title='bbox 3615 4207 3710 4259; x_wconf 84' lang='grc' dir='ltr'>άν-</span> 
     </span>
    </p>
   </div>
   <div class='ocr_carea' id='block_1_92' title="bbox 464 4299 2021 4375">
    <p class='ocr_par' dir='ltr' id='par_1_92' title="bbox 464 4301 2021 4374">
     <span class='ocr_line' id='line_1_94' title="bbox 464 4301 2021 4374; baseline -0.007 -8"><span class='ocrx_word' id='word_1_653' title='bbox 464 4320 604 4366; x_wconf 89' lang='lat' dir='ltr'><strong>tura.</strong></span> <span class='ocrx_word' id='word_1_654' title='bbox 631 4308 769 4374; x_wconf 84' lang='lat' dir='ltr'><strong>Quid</strong></span> <span class='ocrx_word' id='word_1_655' title='bbox 806 4306 950 4361; x_wconf 89' lang='lat' dir='ltr'><strong>enim</strong></span> <span class='ocrx_word' id='word_1_656' title='bbox 980 4313 1062 4359; x_wconf 88' lang='lat' dir='ltr'><strong>est</strong></span> <span class='ocrx_word' id='word_1_657' title='bbox 1089 4305 1322 4358; x_wconf 88' lang='lat' dir='ltr'><strong>humana</strong></span> <span class='ocrx_word' id='word_1_658' title='bbox 1357 4311 1550 4356; x_wconf 86' lang='lat' dir='ltr'><strong>natura</strong></span> <span class='ocrx_word' id='word_1_659' title='bbox 1581 4315 1702 4354; x_wconf 89' lang='lat' dir='ltr'><strong>cum</strong></span> <span class='ocrx_word' id='word_1_660' title='bbox 1737 4301 2021 4355; x_wconf 69' lang='lat' dir='ltr'><strong>divinitati:</strong></span> 
     </span>
    </p>
   </div>
   <div class='ocr_carea' id='block_1_93' title="bbox 2133 4299 3613 4375">
    <p class='ocr_par' dir='ltr' id='par_1_93' title="bbox 2145 4299 3613 4375">
     <span class='ocr_line' id='line_1_95' title="bbox 2145 4299 3613 4375; baseline -0.005 -19"><span class='ocrx_word' id='word_1_661' title='bbox 2145 4300 2362 4375; x_wconf 85' lang='grc' dir='ltr'>θρώπου</span> <span class='ocrx_word' id='word_1_662' title='bbox 2401 4299 2562 4370; x_wconf 81' lang='grc' dir='ltr'>φύσις</span> <span class='ocrx_word' id='word_1_663' title='bbox 2591 4300 2728 4369; x_wconf 76' lang='grc' dir='ltr'>πρὸς</span> <span class='ocrx_word' id='word_1_664' title='bbox 2754 4299 2852 4371; x_wconf 83' lang='grc' dir='ltr'>τὴν</span> <span class='ocrx_word' id='word_1_665' title='bbox 2888 4303 2989 4372; x_wconf 84' lang='grc' dir='ltr'>τῆς</span> <span class='ocrx_word' id='word_1_666' title='bbox 3019 4300 3271 4369; x_wconf 82' lang='grc' dir='ltr'>θεότητος</span> <span class='ocrx_word' id='word_1_667' title='bbox 3310 4301 3613 4371; x_wconf 72' lang='grc' dir='ltr'>ὑπεροχήνς</span> 
     </span>
    </p>
   </div>
   <div class='ocr_carea' id='block_1_94' title="bbox 461 4395 1050 4461">
    <p class='ocr_par' dir='ltr' id='par_1_94' title="bbox 461 4395 1050 4461">
     <span class='ocr_line' id='line_1_96' title="bbox 461 4395 1050 4461; baseline -0.02 0"><span class='ocrx_word' id='word_1_668' title='bbox 461 4399 780 4461; x_wconf 77' lang='lat' dir='ltr'><strong>excellentia</strong></span> <span class='ocrx_word' id='word_1_669' title='bbox 809 4397 1000 4453; x_wconf 86' lang='lat' dir='ltr'><strong>collata</strong></span> <span class='ocrx_word' id='word_1_670' title='bbox 1027 4395 1050 4449; x_wconf 86' lang='lat'><strong>?</strong></span> 
     </span>
    </p>
   </div>
   <div class='ocr_carea' id='block_1_95' title="bbox 538 4483 2039 4564">
    <p class='ocr_par' dir='ltr' id='par_1_95' title="bbox 538 4483 2039 4564">
     <span class='ocr_line' id='line_1_97' title="bbox 538 4483 2039 4564; baseline -0.02 1"><span class='ocrx_word' id='word_1_671' title='bbox 538 4492 698 4564; x_wconf 78' lang='grc'><strong>737</strong></span> <span class='ocrx_word' id='word_1_672' title='bbox 720 4489 784 4544; x_wconf 74' lang='grc' dir='ltr'><strong>Α·</strong></span> <span class='ocrx_word' id='word_1_673' title='bbox 813 4488 1170 4543; x_wconf 70' lang='lat' dir='ltr'><strong>vehememel‘</strong></span> <span class='ocrx_word' id='word_1_674' title='bbox 1191 4483 1433 4556; x_wconf 69' lang='grc' dir='ltr'>ρτοΐθοιο</span> <span class='ocrx_word' id='word_1_675' title='bbox 1463 4484 1742 4552; x_wconf 87' lang='lat' dir='ltr'><strong>tmperitus</strong></span> <span class='ocrx_word' id='word_1_676' title='bbox 1763 4484 1918 4539; x_wconf 85' lang='lat' dir='ltr'><strong>fuerit</strong></span> <span class='ocrx_word' id='word_1_677' title='bbox 1949 4487 2039 4556; x_wconf 89' lang='lat' dir='ltr'><strong>qui</strong></span> 
     </span>
    </p>
   </div>
   <div class='ocr_carea' id='block_1_96' title="bbox 469 4577 2042 4642">
    <p class='ocr_par' dir='ltr' id='par_1_96' title="bbox 469 4577 2042 4642">
     <span class='ocr_line' id='line_1_98' title="bbox 469 4577 2042 4642; baseline -0.005 0"><span class='ocrx_word' id='word_1_678' title='bbox 469 4586 838 4642; x_wconf 81' lang='lat' dir='ltr'><strong>confusionem</strong></span> <span class='ocrx_word' id='word_1_679' title='bbox 864 4593 918 4638; x_wconf 89' lang='lat' dir='ltr'><strong>et</strong></span> <span class='ocrx_word' id='word_1_680' title='bbox 941 4583 1222 4636; x_wconf 84' lang='lat' dir='ltr'><strong>misturam</strong></span> <span class='ocrx_word' id='word_1_681' title='bbox 1251 4577 1449 4642; x_wconf 82' lang='lat' dir='ltr'><strong>lactant</strong></span> <span class='ocrx_word' id='word_1_682' title='bbox 1490 4577 1658 4632; x_wconf 80' lang='lat' dir='ltr'><strong>fuisse</strong></span> <span class='ocrx_word' id='word_1_683' title='bbox 1691 4579 1905 4633; x_wconf 84' lang='lat' dir='ltr'><strong>dixerit.</strong></span> <span class='ocrx_word' id='word_1_684' title='bbox 1939 4579 2042 4635; x_wconf 82' lang='lat' dir='ltr'><strong>Ne—</strong></span> 
     </span>
    </p>
   </div>
   <div class='ocr_carea' id='block_1_97' title="bbox 468 4671 2042 4749">
    <p class='ocr_par' dir='ltr' id='par_1_97' title="bbox 468 4671 2042 4749">
     <span class='ocr_line' id='line_1_99' title="bbox 468 4671 2042 4749; baseline -0.006 -15"><span class='ocrx_word' id='word_1_685' title='bbox 468 4694 572 4749; x_wconf 86' lang='lat' dir='ltr'><strong>que</strong></span> <span class='ocrx_word' id='word_1_686' title='bbox 603 4692 731 4732; x_wconf 87' lang='lat' dir='ltr'><strong>vero</strong></span> <span class='ocrx_word' id='word_1_687' title='bbox 757 4689 920 4730; x_wconf 90' lang='lat' dir='ltr'><strong>unam</strong></span> <span class='ocrx_word' id='word_1_688' title='bbox 963 4674 1158 4728; x_wconf 77' lang='lat' dir='ltr'><strong>factum</strong></span> <span class='ocrx_word' id='word_1_689' title='bbox 1201 4687 1322 4727; x_wconf 89' lang='lat' dir='ltr'><strong>esse</strong></span> <span class='ocrx_word' id='word_1_690' title='bbox 1369 4680 1615 4725; x_wconf 86' lang='lat' dir='ltr'><strong>naturam</strong></span> <span class='ocrx_word' id='word_1_691' title='bbox 1661 4671 1956 4736; x_wconf 79' lang='lat' dir='ltr'><strong>incarnati,</strong></span> <span class='ocrx_word' id='word_1_692' title='bbox 1987 4683 2042 4725; x_wconf 88' lang='lat' dir='ltr'><strong>et</strong></span> 
     </span>
    </p>
   </div>
   <div class='ocr_carea' id='block_1_98' title="bbox 470 4759 2041 4843">
    <p class='ocr_par' dir='ltr' id='par_1_98' title="bbox 470 4759 2041 4843">
     <span class='ocr_line' id='line_1_100' title="bbox 470 4759 2041 4843; baseline -0.008 -17"><span class='ocrx_word' id='word_1_693' title='bbox 470 4773 561 4843; x_wconf 88' lang='lat' dir='ltr'><strong>qui</strong></span> <span class='ocrx_word' id='word_1_694' title='bbox 588 4771 639 4825; x_wconf 92' lang='lat' dir='ltr'><strong>in</strong></span> <span class='ocrx_word' id='word_1_695' title='bbox 660 4769 1140 4836; x_wconf 62' lang='lat' dir='ltr'><strong>homineycrsatus</strong></span> <span class='ocrx_word' id='word_1_696' title='bbox 1157 4773 1238 4818; x_wconf 88' lang='lat' dir='ltr'><strong>est</strong></span> <span class='ocrx_word' id='word_1_697' title='bbox 1256 4762 1668 4824; x_wconf 76' lang='lat' dir='ltr'><strong>declaravimus.</strong></span> <span class='ocrx_word' id='word_1_698' title='bbox 1690 4759 1874 4830; x_wconf 84' lang='lat' dir='ltr'><strong>Neque</strong></span> <span class='ocrx_word' id='word_1_699' title='bbox 1896 4761 2041 4816; x_wconf 87' lang='lat' dir='ltr'><strong>enim</strong></span> 
     </span>
    </p>
   </div>
   <div class='ocr_carea' id='block_1_99' title="bbox 471 4852 2042 4933">
    <p class='ocr_par' dir='ltr' id='par_1_99' title="bbox 471 4852 2042 4933">
     <span class='ocr_line' id='line_1_101' title="bbox 471 4852 2042 4933; baseline -0.004 -19"><span class='ocrx_word' id='word_1_700' title='bbox 471 4862 757 4933; x_wconf 85' lang='lat' dir='ltr'><strong>quisquam</strong></span> <span class='ocrx_word' id='word_1_701' title='bbox 779 4857 1102 4914; x_wconf 81' lang='lat' dir='ltr'><strong>necessariis</strong></span> <span class='ocrx_word' id='word_1_702' title='bbox 1119 4865 1174 4932; x_wconf 86' lang='lat' dir='ltr'><strong>et</strong></span> <span class='ocrx_word' id='word_1_703' title='bbox 1191 4855 1334 4910; x_wconf 86' lang='lat' dir='ltr'><strong>veris</strong></span> <span class='ocrx_word' id='word_1_704' title='bbox 1350 4855 1678 4926; x_wconf 79' lang='lat' dir='ltr'><strong>syllogismis</strong></span> <span class='ocrx_word' id='word_1_705' title='bbox 1705 4852 1758 4907; x_wconf 85' lang='lat' dir='ltr'><strong>id</strong></span> <span class='ocrx_word' id='word_1_706' title='bbox 1788 4855 2042 4909; x_wconf 85' lang='lat' dir='ltr'><strong>demons-</strong></span> 
     </span>
    </p>
   </div>
   <div class='ocr_carea' id='block_1_100' title="bbox 478 4944 2043 5022">
    <p class='ocr_par' dir='ltr' id='par_1_100' title="bbox 478 4944 2043 5022">
     <span class='ocr_line' id='line_1_102' title="bbox 478 4944 2043 5022; baseline -0.006 -15"><span class='ocrx_word' id='word_1_707' title='bbox 478 4963 621 5008; x_wconf 87' lang='lat' dir='ltr'><strong>trare</strong></span> <span class='ocrx_word' id='word_1_708' title='bbox 641 4961 818 5022; x_wconf 83' lang='lat' dir='ltr'><strong>queat.</strong></span> <span class='ocrx_word' id='word_1_709' title='bbox 853 4950 957 5004; x_wconf 87' lang='lat' dir='ltr'><strong>Sed</strong></span> <span class='ocrx_word' id='word_1_710' title='bbox 984 4948 1028 5004; x_wconf 88' lang='lat' dir='ltr'><strong>si</strong></span> <span class='ocrx_word' id='word_1_711' title='bbox 1045 4963 1194 5001; x_wconf 86' lang='lat' dir='ltr'><strong>suam</strong></span> <span class='ocrx_word' id='word_1_712' title='bbox 1213 4946 1542 5001; x_wconf 81' lang='lat' dir='ltr'><strong>voluntatem</strong></span> <span class='ocrx_word' id='word_1_713' title='bbox 1563 4945 1720 4999; x_wconf 85' lang='lat' dir='ltr'><strong>nobis</strong></span> <span class='ocrx_word' id='word_1_714' title='bbox 1743 4944 1911 5013; x_wconf 86' lang='lat' dir='ltr'><strong>legem</strong></span> <span class='ocrx_word' id='word_1_715' title='bbox 1931 4955 2043 4999; x_wconf 87' lang='lat' dir='ltr'><strong>sta-</strong></span> 
     </span>
    </p>
   </div>
   <div class='ocr_carea' id='block_1_101' title="bbox 478 5035 2042 5110">
    <p class='ocr_par' dir='ltr' id='par_1_101' title="bbox 478 5035 2042 5110">
     <span class='ocr_line' id='line_1_103' title="bbox 478 5035 2042 5110; baseline -0.006 -13"><span class='ocrx_word' id='word_1_716' title='bbox 478 5053 652 5110; x_wconf 89' lang='lat' dir='ltr'><strong>tuunt,</strong></span> <span class='ocrx_word' id='word_1_717' title='bbox 672 5043 954 5099; x_wconf 89' lang='lat' dir='ltr'><strong>consilium</strong></span> <span class='ocrx_word' id='word_1_718' title='bbox 973 5039 1210 5094; x_wconf 89' lang='lat' dir='ltr'><strong>inierunt</strong></span> <span class='ocrx_word' id='word_1_719' title='bbox 1234 5038 1372 5107; x_wconf 85' lang='lat' dir='ltr'><strong>quod</strong></span> <span class='ocrx_word' id='word_1_720' title='bbox 1399 5035 1641 5092; x_wconf 77' lang='lat' dir='ltr'><strong>stabilire</strong></span> <span class='ocrx_word' id='word_1_721' title='bbox 1668 5049 1773 5090; x_wconf 90' lang='lat' dir='ltr'><strong>non</strong></span> <span class='ocrx_word' id='word_1_722' title='bbox 1795 5044 2042 5104; x_wconf 89' lang='lat' dir='ltr'><strong>possunt.</strong></span> 
     </span>
    </p>
   </div>
   <div class='ocr_carea' id='block_1_102' title="bbox 477 5127 2047 5197">
    <p class='ocr_par' dir='ltr' id='par_1_102' title="bbox 477 5127 2047 5197">
     <span class='ocr_line' id='line_1_104' title="bbox 477 5127 2047 5197; baseline -0.004 -9"><span class='ocrx_word' id='word_1_723' title='bbox 477 5134 870 5188; x_wconf 81' lang='lat' dir='ltr'><strong>Adhaerendum</strong></span> <span class='ocrx_word' id='word_1_724' title='bbox 901 5133 1045 5186; x_wconf 90' lang='lat' dir='ltr'><strong>enim</strong></span> <span class='ocrx_word' id='word_1_725' title='bbox 1083 5131 1238 5185; x_wconf 82' lang='lat' dir='ltr'><strong>nobis</strong></span> <span class='ocrx_word' id='word_1_726' title='bbox 1271 5139 1385 5193; x_wconf 85' lang='lat' dir='ltr'><strong>est.</strong></span> <span class='ocrx_word' id='word_1_727' title='bbox 1417 5144 1522 5184; x_wconf 88' lang='lat' dir='ltr'><strong>non</strong></span> <span class='ocrx_word' id='word_1_728' title='bbox 1557 5128 1719 5197; x_wconf 84' lang='lat' dir='ltr'><strong>ipsis,</strong></span> <span class='ocrx_word' id='word_1_729' title='bbox 1747 5127 1842 5182; x_wconf 88' lang='lat' dir='ltr'><strong>sed</strong></span> <span class='ocrx_word' id='word_1_730' title='bbox 1877 5141 2047 5182; x_wconf 74' lang='lat' dir='ltr'><strong>sacra:</strong></span> 
     </span>
    </p>
   </div>
   <div class='ocr_carea' id='block_1_103' title="bbox 479 5219 2041 5292">
    <p class='ocr_par' dir='ltr' id='par_1_103' title="bbox 479 5219 2041 5292">
     <span class='ocr_line' id='line_1_105' title="bbox 479 5219 2041 5292; baseline -0.007 -11"><span class='ocrx_word' id='word_1_731' title='bbox 479 5225 791 5291; x_wconf 61' lang='lat' dir='ltr'><strong>Scriptura.</strong></span> <span class='ocrx_word' id='word_1_732' title='bbox 820 5222 876 5276; x_wconf 92' lang='lat' dir='ltr'><strong>Si</strong></span> <span class='ocrx_word' id='word_1_733' title='bbox 906 5237 1034 5278; x_wconf 87' lang='lat' dir='ltr'><strong>vero</strong></span> <span class='ocrx_word' id='word_1_734' title='bbox 1065 5224 1396 5286; x_wconf 77' lang='lat' dir='ltr'><strong>existimant,</strong></span> <span class='ocrx_word' id='word_1_735' title='bbox 1421 5221 1544 5292; x_wconf 89' lang='lat' dir='ltr'><strong>quia</strong></span> <span class='ocrx_word' id='word_1_736' title='bbox 1567 5229 1756 5274; x_wconf 86' lang='lat' dir='ltr'><strong>natura</strong></span> <span class='ocrx_word' id='word_1_737' title='bbox 1787 5219 2041 5282; x_wconf 85' lang='lat' dir='ltr'><strong>humana,</strong></span> 
     </span>
    </p>
   </div>
   <div class='ocr_carea' id='block_1_104' title="bbox 2217 4479 3716 4553">
    <p class='ocr_par' dir='ltr' id='par_1_104' title="bbox 2217 4479 3716 4553">
     <span class='ocr_line' id='line_1_106' title="bbox 2217 4479 3716 4553; baseline -0.005 -16"><span class='ocrx_word' id='word_1_738' title='bbox 2217 4486 2280 4537; x_wconf 84' lang='lat' dir='ltr'><strong>A.</strong></span> <span class='ocrx_word' id='word_1_739' title='bbox 2307 4483 2558 4537; x_wconf 74' lang='grc' dir='ltr'>Μάλιστα</span> <span class='ocrx_word' id='word_1_740' title='bbox 2593 4481 2710 4553; x_wconf 80' lang='grc' dir='ltr'>μὲν,</span> <span class='ocrx_word' id='word_1_741' title='bbox 2747 4481 2792 4535; x_wconf 79' lang='grc' dir='ltr'>ὦ</span> <span class='ocrx_word' id='word_1_742' title='bbox 2841 4483 3042 4552; x_wconf 80' lang='grc' dir='ltr'>ἑταῖρε,</span> <span class='ocrx_word' id='word_1_743' title='bbox 3093 4480 3452 4552; x_wconf 82' lang='grc' dir='ltr'>περιττοεπὴς</span> <span class='ocrx_word' id='word_1_744' title='bbox 3485 4483 3512 4534; x_wconf 88' lang='grc' dir='ltr'><strong>ό</strong></span> <span class='ocrx_word' id='word_1_745' title='bbox 3545 4479 3716 4548; x_wconf 74' lang='grc' dir='ltr'>λέγων</span> 
     </span>
    </p>
   </div>
   <div class='ocr_carea' id='block_1_105' title="bbox 2147 4572 3719 4647">
    <p class='ocr_par' dir='ltr' id='par_1_105' title="bbox 2147 4572 3719 4647">
     <span class='ocr_line' id='line_1_107' title="bbox 2147 4572 3719 4647; baseline -0.003 -19"><span class='ocrx_word' id='word_1_746' title='bbox 2147 4575 2362 4647; x_wconf 79' lang='grc' dir='ltr'>φυρμὸν</span> <span class='ocrx_word' id='word_1_747' title='bbox 2387 4574 2638 4642; x_wconf 79' lang='grc' dir='ltr'>γενέσθαι</span> <span class='ocrx_word' id='word_1_748' title='bbox 2667 4574 2759 4626; x_wconf 71' lang='grc' dir='ltr'>καὶ</span> <span class='ocrx_word' id='word_1_749' title='bbox 2784 4573 3100 4643; x_wconf 80' lang='grc' dir='ltr'>σύγκρασιν.</span> <span class='ocrx_word' id='word_1_750' title='bbox 3130 4573 3262 4626; x_wconf 80' lang='grc' dir='ltr'><strong>Οὐδὲ</strong></span> <span class='ocrx_word' id='word_1_751' title='bbox 3291 4572 3385 4643; x_wconf 75' lang='grc' dir='ltr'><strong>μία</strong></span> <span class='ocrx_word' id='word_1_752' title='bbox 3407 4572 3544 4644; x_wconf 74' lang='grc' dir='ltr'>πρὸς</span> <span class='ocrx_word' id='word_1_753' title='bbox 3562 4572 3719 4642; x_wconf 77' lang='grc' dir='ltr'>ἡμῶν</span> 
     </span>
    </p>
   </div>
   <div class='ocr_carea' id='block_1_106' title="bbox 2146 4665 3720 4739">
    <p class='ocr_par' dir='ltr' id='par_1_106' title="bbox 2146 4665 3720 4739">
     <span class='ocr_line' id='line_1_108' title="bbox 2146 4665 3720 4739; baseline -0.003 -19"><span class='ocrx_word' id='word_1_754' title='bbox 2146 4669 2462 4739; x_wconf 79' lang='grc' dir='ltr'>ὡμολόγητο</span> <span class='ocrx_word' id='word_1_755' title='bbox 2499 4667 2662 4734; x_wconf 76' lang='grc' dir='ltr'>φύσις</span> <span class='ocrx_word' id='word_1_756' title='bbox 2691 4665 3110 4736; x_wconf 85' lang='grc' dir='ltr'>σεσαρκωμένου</span> <span class='ocrx_word' id='word_1_757' title='bbox 3142 4682 3202 4717; x_wconf 85' lang='grc' dir='ltr'><strong>τε</strong></span> <span class='ocrx_word' id='word_1_758' title='bbox 3254 4665 3346 4718; x_wconf 81' lang='grc' dir='ltr'>καὶ</span> <span class='ocrx_word' id='word_1_759' title='bbox 3372 4665 3720 4735; x_wconf 73' lang='grc' dir='ltr'>ένηνθρωπη·</span> 
     </span>
    </p>
   </div>
   <div class='ocr_carea' id='block_1_107' title="bbox 2149 4757 3722 4829">
    <p class='ocr_par' dir='ltr' id='par_1_107' title="bbox 2149 4757 3722 4829">
     <span class='ocr_line' id='line_1_109' title="bbox 2149 4757 3722 4829; baseline -0.003 -16"><span class='ocrx_word' id='word_1_760' title='bbox 2149 4760 2324 4823; x_wconf 84' lang='grc' dir='ltr'>κότος.</span> <span class='ocrx_word' id='word_1_761' title='bbox 2355 4759 2430 4811; x_wconf 85' lang='grc' dir='ltr'><strong>Οὐ</strong></span> <span class='ocrx_word' id='word_1_762' title='bbox 2463 4759 2571 4829; x_wconf 81' lang='grc' dir='ltr'><strong>γάρ</strong></span> <span class='ocrx_word' id='word_1_763' title='bbox 2617 4757 2682 4811; x_wconf 85' lang='grc' dir='ltr'>ἂν</span> <span class='ocrx_word' id='word_1_764' title='bbox 2718 4757 2825 4828; x_wconf 79' lang='grc' dir='ltr'>ἔχοι</span> <span class='ocrx_word' id='word_1_765' title='bbox 2850 4775 2932 4820; x_wconf 86' lang='grc' dir='ltr'><strong>τις</strong></span> <span class='ocrx_word' id='word_1_766' title='bbox 2960 4757 3016 4823; x_wconf 82' lang='grc' dir='ltr'>ἐξ</span> <span class='ocrx_word' id='word_1_767' title='bbox 3038 4757 3352 4826; x_wconf 78' lang='grc' dir='ltr'>ἀναγκαίων</span> <span class='ocrx_word' id='word_1_768' title='bbox 3380 4774 3436 4810; x_wconf 86' lang='grc' dir='ltr'><strong>τε</strong></span> <span class='ocrx_word' id='word_1_769' title='bbox 3469 4759 3563 4810; x_wconf 68' lang='grc' dir='ltr'>καὶ</span> <span class='ocrx_word' id='word_1_770' title='bbox 3594 4758 3722 4826; x_wconf 77' lang='grc' dir='ltr'><strong>ἀλη-</strong></span> 
     </span>
    </p>
   </div>
   <div class='ocr_carea' id='block_1_108' title="bbox 2152 4849 3724 4920">
    <p class='ocr_par' dir='ltr' id='par_1_108' title="bbox 2152 4849 3724 4920">
     <span class='ocr_line' id='line_1_110' title="bbox 2152 4849 3724 4920; baseline -0.002 -16"><span class='ocrx_word' id='word_1_771' title='bbox 2152 4851 2259 4904; x_wconf 83' lang='grc' dir='ltr'>θῶν</span> <span class='ocrx_word' id='word_1_772' title='bbox 2307 4849 2680 4920; x_wconf 82' lang='grc' dir='ltr'>συλλογισμῶν</span> <span class='ocrx_word' id='word_1_773' title='bbox 2716 4851 2985 4902; x_wconf 83' lang='grc' dir='ltr'>ποιεῖσθαι</span> <span class='ocrx_word' id='word_1_774' title='bbox 3018 4849 3116 4920; x_wconf 83' lang='grc' dir='ltr'>τὴν</span> <span class='ocrx_word' id='word_1_775' title='bbox 3151 4851 3330 4916; x_wconf 80' lang='grc' dir='ltr'>δεῖξιν.</span> <span class='ocrx_word' id='word_1_776' title='bbox 3378 4849 3516 4902; x_wconf 82' lang='grc' dir='ltr'><strong>Ἀλλ’</strong></span> <span class='ocrx_word' id='word_1_777' title='bbox 3543 4851 3592 4902; x_wconf 79' lang='grc' dir='ltr'>εξ</span> <span class='ocrx_word' id='word_1_778' title='bbox 3629 4850 3724 4919; x_wconf 77' lang='grc' dir='ltr'>μὲν</span> 
     </span>
    </p>
   </div>
   <div class='ocr_carea' id='block_1_109' title="bbox 2150 4941 3727 5014">
    <p class='ocr_par' dir='ltr' id='par_1_109' title="bbox 2150 4941 3727 5014">
     <span class='ocr_line' id='line_1_111' title="bbox 2150 4941 3727 5014; baseline -0.001 -18"><span class='ocrx_word' id='word_1_779' title='bbox 2150 4944 2313 5014; x_wconf 88' lang='grc' dir='ltr'>νόμον</span> <span class='ocrx_word' id='word_1_780' title='bbox 2343 4944 2474 5014; x_wconf 80' lang='grc' dir='ltr'>ἡμῖν</span> <span class='ocrx_word' id='word_1_781' title='bbox 2515 4943 2574 4995; x_wconf 86' lang='grc' dir='ltr'><strong>τὺ</strong></span> <span class='ocrx_word' id='word_1_782' title='bbox 2623 4943 2819 4995; x_wconf 84' lang='grc' dir='ltr'>οἰκεῖον</span> <span class='ocrx_word' id='word_1_783' title='bbox 2871 4943 3048 4996; x_wconf 75' lang='grc' dir='ltr'>ἱστᾶσι</span> <span class='ocrx_word' id='word_1_784' title='bbox 3103 4943 3333 5014; x_wconf 82' lang='grc' dir='ltr'>θέλημα,</span> <span class='ocrx_word' id='word_1_785' title='bbox 3361 4941 3727 5011; x_wconf 70' lang='grc' dir='ltr'>διελογίσαντο</span> 
     </span>
    </p>
   </div>
   <div class='ocr_carea' id='block_1_110' title="bbox 2154 5032 3728 5106">
    <p class='ocr_par' dir='ltr' id='par_1_110' title="bbox 2154 5032 3728 5106">
     <span class='ocr_line' id='line_1_112' title="bbox 2154 5032 3728 5106; baseline -0.003 -17"><span class='ocrx_word' id='word_1_786' title='bbox 2154 5034 2366 5106; x_wconf 82' lang='grc' dir='ltr'>βουλὴν,</span> <span class='ocrx_word' id='word_1_787' title='bbox 2392 5035 2459 5106; x_wconf 80' lang='grc' dir='ltr'>ἢν</span> <span class='ocrx_word' id='word_1_788' title='bbox 2489 5034 2548 5087; x_wconf 83' lang='grc' dir='ltr'>οὐ</span> <span class='ocrx_word' id='word_1_789' title='bbox 2592 5034 2665 5106; x_wconf 87' lang='grc' dir='ltr'>μὴ</span> <span class='ocrx_word' id='word_1_790' title='bbox 2689 5033 2956 5088; x_wconf 83' lang='grc' dir='ltr'>δύνωνται</span> <span class='ocrx_word' id='word_1_791' title='bbox 2997 5035 3210 5104; x_wconf 80' lang='grc' dir='ltr'>στῆσαι.</span> <span class='ocrx_word' id='word_1_792' title='bbox 3245 5032 3584 5106; x_wconf 83' lang='grc' dir='ltr'>Προσεκτέον</span> <span class='ocrx_word' id='word_1_793' title='bbox 3619 5033 3728 5102; x_wconf 83' lang='lat'><strong>7&amp;9</strong></span> 
     </span>
    </p>
   </div>
   <div class='ocr_carea' id='block_1_111' title="bbox 2151 5125 3730 5200">
    <p class='ocr_par' dir='ltr' id='par_1_111' title="bbox 2151 5125 3730 5200">
     <span class='ocr_line' id='line_1_113' title="bbox 2151 5125 3730 5200; baseline -0.001 -21"><span class='ocrx_word' id='word_1_794' title='bbox 2151 5130 2306 5200; x_wconf 76' lang='grc' dir='ltr'>ἡμῖν,</span> <span class='ocrx_word' id='word_1_795' title='bbox 2335 5128 2433 5180; x_wconf 81' lang='grc' dir='ltr'>οὐκ</span> <span class='ocrx_word' id='word_1_796' title='bbox 2456 5126 2686 5190; x_wconf 80' lang='grc' dir='ltr'>ἐκείνοις</span> <span class='ocrx_word' id='word_1_797' title='bbox 2715 5126 2935 5197; x_wconf 79' lang='grc' dir='ltr'>μᾶλλον.</span> <span class='ocrx_word' id='word_1_798' title='bbox 2963 5125 3096 5180; x_wconf 82' lang='grc' dir='ltr'><strong>ἀλλά</strong></span> <span class='ocrx_word' id='word_1_799' title='bbox 3124 5130 3190 5198; x_wconf 77' lang='grc' dir='ltr'><strong>τῇ</strong></span> <span class='ocrx_word' id='word_1_800' title='bbox 3220 5125 3564 5193; x_wconf 82' lang='grc' dir='ltr'>θεοπνεύστῳ</span> <span class='ocrx_word' id='word_1_801' title='bbox 3593 5125 3730 5195; x_wconf 82' lang='grc' dir='ltr'>Γρα-</span> 
     </span>
    </p>
   </div>
   <div class='ocr_carea' id='block_1_112' title="bbox 2157 5210 3732 5290">
    <p class='ocr_par' dir='ltr' id='par_1_112' title="bbox 2157 5210 3732 5290">
     <span class='ocr_line' id='line_1_114' title="bbox 2157 5210 3732 5290; baseline -0.004 -18"><span class='ocrx_word' id='word_1_802' title='bbox 2157 5221 2252 5290; x_wconf 79' lang='grc' dir='ltr'>φῇ.</span> <span class='ocrx_word' id='word_1_803' title='bbox 2283 5218 2342 5271; x_wconf 81' lang='grc' dir='ltr'><strong>Εἰ</strong></span> <span class='ocrx_word' id='word_1_804' title='bbox 2368 5217 2426 5270; x_wconf 85' lang='grc' dir='ltr'>δὲ</span> <span class='ocrx_word' id='word_1_805' title='bbox 2457 5216 2568 5269; x_wconf 87' lang='grc' dir='ltr'>δεῖν</span> <span class='ocrx_word' id='word_1_806' title='bbox 2589 5217 2809 5280; x_wconf 83' lang='grc' dir='ltr'>οἴονται,</span> <span class='ocrx_word' id='word_1_807' title='bbox 2833 5217 2920 5270; x_wconf 78' lang='grc' dir='ltr'>διὰ</span> <span class='ocrx_word' id='word_1_808' title='bbox 2951 5216 3010 5269; x_wconf 81' lang='grc' dir='ltr'>τὸ</span> <span class='ocrx_word' id='word_1_809' title='bbox 3033 5214 3171 5269; x_wconf 83' lang='grc' dir='ltr'>εἶναι</span> <span class='ocrx_word' id='word_1_810' title='bbox 3202 5215 3367 5287; x_wconf 73' lang='grc' dir='ltr'>μηδὲν</span> <span class='ocrx_word' id='word_1_811' title='bbox 3398 5213 3496 5286; x_wconf 83' lang='grc' dir='ltr'>τὴν</span> <span class='ocrx_word' id='word_1_812' title='bbox 3519 5210 3732 5284; x_wconf 84' lang='grc' dir='ltr'>ἀνθρώ·</span> 
     </span>
    </p>
   </div>
   <div class='ocr_carea' id='block_1_113' title="bbox 481 5300 2021 5380">
    <p class='ocr_par' dir='ltr' id='par_1_113' title="bbox 481 5309 2021 5380">
     <span class='ocr_line' id='line_1_115' title="bbox 481 5309 2021 5380; baseline -0.007 -7"><span class='ocrx_word' id='word_1_813' title='bbox 481 5317 526 5374; x_wconf 91' lang='lat' dir='ltr'><strong>si</strong></span> <span class='ocrx_word' id='word_1_814' title='bbox 579 5328 702 5368; x_wconf 90' lang='lat' dir='ltr'><strong>cum</strong></span> <span class='ocrx_word' id='word_1_815' title='bbox 742 5313 918 5367; x_wconf 88' lang='lat' dir='ltr'><strong>divina</strong></span> <span class='ocrx_word' id='word_1_816' title='bbox 956 5315 1270 5368; x_wconf 81' lang='lat' dir='ltr'><strong>excellentia</strong></span> <span class='ocrx_word' id='word_1_817' title='bbox 1309 5321 1668 5380; x_wconf 85' lang='lat' dir='ltr'><strong>comparetur,</strong></span> <span class='ocrx_word' id='word_1_818' title='bbox 1721 5309 1852 5364; x_wconf 89' lang='lat' dir='ltr'><strong>nihil</strong></span> <span class='ocrx_word' id='word_1_819' title='bbox 1887 5309 2021 5378; x_wconf 74' lang='lat' dir='ltr'><strong>plain</strong></span> 
     </span>
    </p>
   </div>
   <div class='ocr_carea' id='block_1_114' title="bbox 2133 5300 3732 5380">
    <p class='ocr_par' dir='ltr' id='par_1_114' title="bbox 2158 5300 3732 5378">
     <span class='ocr_line' id='line_1_116' title="bbox 2158 5300 3732 5378; baseline -0.004 -17"><span class='ocrx_word' id='word_1_820' title='bbox 2158 5325 2258 5361; x_wconf 84' lang='grc' dir='ltr'>που</span> <span class='ocrx_word' id='word_1_821' title='bbox 2288 5307 2448 5376; x_wconf 77' lang='grc' dir='ltr'>φύσιν</span> <span class='ocrx_word' id='word_1_822' title='bbox 2479 5305 2555 5371; x_wconf 87' lang='grc' dir='ltr'><strong>ὡς</strong></span> <span class='ocrx_word' id='word_1_823' title='bbox 2590 5307 2725 5378; x_wconf 74' lang='grc' dir='ltr'>πρός</span> <span class='ocrx_word' id='word_1_824' title='bbox 2754 5323 2817 5375; x_wconf 84' lang='grc' dir='ltr'><strong>γε</strong></span> <span class='ocrx_word' id='word_1_825' title='bbox 2859 5307 2954 5378; x_wconf 83' lang='grc' dir='ltr'>τὴν</span> <span class='ocrx_word' id='word_1_826' title='bbox 2982 5306 3129 5360; x_wconf 81' lang='grc' dir='ltr'>θείαν</span> <span class='ocrx_word' id='word_1_827' title='bbox 3158 5305 3454 5378; x_wconf 80' lang='grc' dir='ltr'>ὑπεροχὴν,</span> <span class='ocrx_word' id='word_1_828' title='bbox 3499 5300 3732 5356; x_wconf 78' lang='grc' dir='ltr'>ὑποκλέ-</span> 
     </span>
    </p>
   </div>
   <div class='ocr_carea' id='block_1_115' title="bbox 479 5394 2021 5474">
    <p class='ocr_par' dir='ltr' id='par_1_115' title="bbox 479 5403 2014 5474">
     <span class='ocr_line' id='line_1_117' title="bbox 479 5403 2014 5474; baseline -0.006 -12"><span class='ocrx_word' id='word_1_829' title='bbox 479 5418 584 5474; x_wconf 77' lang='lat' dir='ltr'><strong>est,</strong></span> <span class='ocrx_word' id='word_1_830' title='bbox 626 5403 828 5459; x_wconf 84' lang='lat' dir='ltr'><strong>idcirco</strong></span> <span class='ocrx_word' id='word_1_831' title='bbox 864 5406 1168 5474; x_wconf 69' lang='lat' dir='ltr'><strong>absorptam</strong></span> <span class='ocrx_word' id='word_1_832' title='bbox 1214 5415 1375 5474; x_wconf 81' lang='lat' dir='ltr'><strong>atque</strong></span> <span class='ocrx_word' id='word_1_833' title='bbox 1407 5406 1744 5473; x_wconf 80' lang='lat' dir='ltr'><strong>absumptam</strong></span> <span class='ocrx_word' id='word_1_834' title='bbox 1780 5415 1934 5465; x_wconf 82' lang='lat' dir='ltr'><strong>esse,</strong></span> <span class='ocrx_word' id='word_1_835' title='bbox 1985 5416 2014 5453; x_wconf 86' lang='grc' dir='ltr'><strong>ιι</strong></span> 
     </span>
    </p>
   </div>
   <div class='ocr_carea' id='block_1_116' title="bbox 2133 5394 3736 5474">
    <p class='ocr_par' dir='ltr' id='par_1_116' title="bbox 2153 5394 3736 5468">
     <span class='ocr_line' id='line_1_118' title="bbox 2153 5394 3736 5468; baseline -0.004 -15"><span class='ocrx_word' id='word_1_836' title='bbox 2153 5399 2380 5453; x_wconf 79' lang='grc' dir='ltr'>πτεσθαξ</span> <span class='ocrx_word' id='word_1_837' title='bbox 2402 5417 2460 5452; x_wconf 75' lang='grc' dir='ltr'><strong>τε</strong></span> <span class='ocrx_word' id='word_1_838' title='bbox 2491 5399 2583 5453; x_wconf 71' lang='grc' dir='ltr'>καὶ</span> <span class='ocrx_word' id='word_1_839' title='bbox 2610 5397 2970 5467; x_wconf 80' lang='grc' dir='ltr'>δαπανᾶσθαι,</span> <span class='ocrx_word' id='word_1_840' title='bbox 2994 5397 3133 5452; x_wconf 87' lang='grc' dir='ltr'><strong>καθά</strong></span> <span class='ocrx_word' id='word_1_841' title='bbox 3167 5415 3328 5468; x_wconf 76' lang='grc' dir='ltr'>φασιν</span> <span class='ocrx_word' id='word_1_842' title='bbox 3359 5396 3534 5464; x_wconf 74' lang='grc' dir='ltr'>αὐτοὶ,</span> <span class='ocrx_word' id='word_1_843' title='bbox 3570 5394 3736 5450; x_wconf 81' lang='grc' dir='ltr'>πάλιν</span> 
     </span>
    </p>
   </div>
   <div class='ocr_carea' id='block_1_117' title="bbox 552 5577 2041 5647">
    <p class='ocr_par' dir='ltr' id='par_1_117' title="bbox 552 5577 2041 5647">
     <span class='ocr_line' id='line_1_119' title="bbox 552 5577 2041 5647; baseline -0.006 -6"><span class='ocrx_word' id='word_1_844' title='bbox 552 5585 600 5625; x_wconf 76' lang='grc'><strong><em>⁵⁵</em></strong></span> <span class='ocrx_word' id='word_1_845' title='bbox 620 5583 663 5641; x_wconf 87' lang='grc' dir='ltr'><strong>ιι</strong></span> <span class='ocrx_word' id='word_1_846' title='bbox 688 5581 818 5639; x_wconf 88' lang='lat' dir='ltr'><strong>Cor.</strong></span> <span class='ocrx_word' id='word_1_847' title='bbox 843 5594 916 5647; x_wconf 70' lang='lat' dir='ltr'><strong>Iv,</strong></span> <span class='ocrx_word' id='word_1_848' title='bbox 955 5577 1035 5632; x_wconf 86' lang='lat' dir='ltr'><strong>l6.</strong></span> <span class='ocrx_word' id='word_1_849' title='bbox 1110 5579 1155 5610; x_wconf 82' lang='grc'>⁹⁶</span> <span class='ocrx_word' id='word_1_850' title='bbox 1181 5577 1294 5634; x_wconf 81' lang='lat' dir='ltr'><strong>Joel</strong></span> <span class='ocrx_word' id='word_1_851' title='bbox 1342 5581 1514 5644; x_wconf 75' lang='lat'><strong>&quot;.28.</strong></span> <span class='ocrx_word' id='word_1_852' title='bbox 1589 5583 1632 5614; x_wconf 77' lang='grc'><strong>’⁷</strong></span> <span class='ocrx_word' id='word_1_853' title='bbox 1671 5581 1824 5635; x_wconf 85' lang='lat' dir='ltr'><strong>Dent.</strong></span> <span class='ocrx_word' id='word_1_854' title='bbox 1865 5596 1917 5645; x_wconf 84' lang='lat' dir='ltr'><strong>x,</strong></span> <span class='ocrx_word' id='word_1_855' title='bbox 1952 5578 2041 5633; x_wconf 67' lang='grc' dir='ltr'>Ἡ.</span> 
     </span>
    </p>
   </div>
  </div>
