4048 6196
349 5346 357 5419 l

368 219 503 276 £9.95

364 428 462 497 τὴν
493 424 719 493 δύναμιν
740 419 834 473 τοῦ
854 419 1009 473 Θεοῦ.
1036 437 1056 469 ι
1081 418 1155 471 Οὐ
1178 418 1286 489 γὰρ
1314 413 1382 488 ἦν
1407 418 1688 489 ἀμήχανον
1702 417 1782 487 τῷ
1807 418 1932 487 φιλ-

368 513 640 583 ανθρώπῳ
667 509 807 580 Θεῷ,
826 507 1004 562 οἰστὸν
1033 508 1226 562 ἑαυτὸν
1273 507 1553 577 ἀποφῆναι
1580 510 1693 571 τοῖς
1722 508 1823 578 τῆς
1842 510 1937 562 ἁν-

365 604 711 675 θρωπότητος
725 600 965 673 μέτροις,
981 601 1075 653 καὶ
1087 599 1244 653 τοῦτο
1260 601 1390 669 ἡμῖν
1403 602 1540 670 προῦ
1549 600 1784 669 πέφηνεν
1796 601 1938 653 alvi.-

362 692 662 764 γματωδῶς
681 690 884 744 Μωσέα
911 688 1308 760 μυσταγωγῶν,
1338 688 1433 742 καὶ
1458 687 1520 741 τὸ
1543 688 1645 758 τῆς
1669 688 1938 759 ὲνανθρω-

365 784 586 852 σιτήσεως
642 781 944 851 μυστήριον
994 779 1070 843 ὡς
1123 780 1181 831 ὲν
1234 777 1422 840 τύποις
1464 777 1550 830 ἔτι
1606 776 1934 847 ζωγραφῶν.

376 873 733 943 Ἐπεφοίτησε
767 873 865 942 μὲν
902 871 1011 942 γάρ
1046 872 1101 923 ὲν
1129 870 1261 923 εῖδει
1304 869 1477 938 πυρὸς
1519 868 1595 938 τῷ
1628 869 1773 940 βάτῳ
1799 869 1938 923 κατὰ

361 970 461 1042 τὴν
491 968 699 1039 ἔρημον
729 965 865 1037 (il),
900 965 997 1018 xui.
1026 964 1363 1033 ὲνήστραπτε
1400 961 1500 1031 μὲν
1536 960 1614 1030 τῷ
1652 962 1841 1031 θάμνῳ
1878 963 1940 1016 τὸ

362 1062 496 1131 πῦρ,
532 1059 676 1131 πλὴν
716 1060 778 1112 ού
809 1055 1148 1111 κατεκαίετο.
1176 1052 1502 1123 Τεθαύμακε
1524 1052 1584 1105 δὲ
1624 1052 1722 1121 τὴν
1748 1053 1938 1120 ὅρασιν

361 1156 391 1207 6
420 1152 649 1222 Μωσῆς.
682 1150 875 1202 Καίτοι
905 1146 1021 1210 πῶς
1045 1146 1145 1199 οὐκ
1166 1142 1478 1213 ἀσύμὸατον
1502 1141 1588 1212 εἵη
1619 1142 1685 1194 ἂν
1706 1142 1785 1212 τῷ
1805 1144 1940 1213 πυρὶ

363 1244 424 1297 τὸ
456 1243 653 1310 ξύλονς
686 1239 852 1309 Οίστὴ
882 1238 939 1292 δὲ
976 1238 1124 1299 ὅπως
1166 1236 1286 1298 ταῖς
1316 1234 1414 1303 τῆς
1443 1232 1641 1302 φλογὸς
1682 1232 1941 1302 ἐμϐολαῖς

365 1338 397 1404 ἡ
428 1334 880 1402 εύκατάπρηστος
912 1328 1036 1397 ὕλη.
1077 1326 1217 1379 Ἀλλ’
1249 1320 1339 1396 ἦν.
1365 1324 1441 1386 ὼς
1480 1324 1607 1392 ἔφη.
1639 1322 1939 1393 μυστηρίου

364 1426 424 1479 τὸ
456 1426 647 1498 χρῆμα
689 1422 877 1486 τύπος,
902 1418 1085 1490 οίστὴν
1132 1417 1523 1485 ἀποφαίνοντος
1560 1417 1673 1477 τοῖς
1693 1415 1795 1484 τῆς
1842 1416 1940 1467 άν-

365 1518 714 1589 θρωπότητος
740 1514 957 1583 μέτροις
979 1510 1077 1580 τὴν
1114 1508 1265 1561 Θείαν
1289 1506 1382 1559 τοῦ
1413 1506 1586 1574 Λόγου
1626 1504 1811 1573 φύσιν,
1844 1505 1942 1557 αὐ-

364 1606 459 1659 τοῦ
516 1623 581 1674 γε
634 1604 939 1666 ἐθέλοντος
993 1600 1244 1654 ἀδυνατεῖ
1301 1597 1409 1668 γὰρ
1464 1594 1613 1667 αὐτῷ
1660 1595 1940 1660 παντελῶς

366 1698 540 1752 οὐδέν.

439 1791 501 1843 Β.
545 1792 633 1854 ’ἒς
664 1785 723 1843 εὖ
762 1785 876 1841 ἴσθι
902 1803 1006 1852 τοι,
1050 1784 1124 1857 μὴ
1164 1784 1229 1839 ἂν
1261 1781 1478 1838 ἑλέσθαι
1511 1778 1580 1834 τὰ
1602 1778 1694 1832 ῐσα
1731 1781 1946 1851 φρονεῖν

367 1882 565 1945 αὐτοὺς
593 1882 787 1945 ἄλλως.
1642 1892 1645 1893 ⁷

442 1976 508 2025 Δ.
554 1974 747 2026 Ἔσται
778 1973 957 2028 τοίνυν
982 1972 1077 2025 καὶ
1121 1969 1505 2042 ἀναμφιλόγως
1523 1973 1671 2037 υἱοὺς
1694 1972 1824 2044 ἡμῖν
1856 1970 1949 2025 δύο

370 2065 465 2118 καὶ
494 2066 749 2135 χριστοὺς
786 2066 817 2117 6
863 2065 1000 2135 πρὸς
1038 2063 1220 2117 αὐτῶν
1259 2062 1577 2134 πρεσϐεύων
1607 2064 1784 2134 λόγος.

441 2155 504 2208 Β.
536 2152 640 2206 Δύο
676 2154 797 2224 μὲν,
844 2154 996 2223 οὐχί·
1032 2153 1165 2223 φασὶ⁵
1212 2153 1292 2216 δὲ,
1315 2153 1397 2205 ὅτι
1442 2148 1522 2216 εἷς
1571 2153 1671 2223 μέν
1721 2155 1871 2207 ἐστιν
1919 2152 1949 2204 6

370 2242 513 2296 κατὰ
548 2241 710 2311 φύσιν
748 2242 899 2305 Υἱὸς,
929 2244 958 2296 6
1008 2243 1074 2295 ἐκ
1118 2241 1254 2295 Θεοῦ
1300 2242 1515 2314 Πατρὸς
1562 2243 1764 2311 Λόγος·
1819 2244 1849 2295 6
1891 2242 1948 2295 δὲ

371 2329 617 2401 ληφθεὶς,
658 2331 943 2400 ἄνθρωπος
975 2331 1076 2401 μὲν
1100 2332 1217 2385 ἐστι
1275 2330 1435 2401 φύσει
1466 2332 1560 2385 τοῦ
1598 2334 1782 2396 Δασιδ,
1821 2334 1949 2398 Υίὸς

368 2418 427 2471 δὲ
465 2420 558 2473 τοῦ
593 2420 748 2487 Θεοῦ,
773 2422 861 2475 διὰ
889 2422 949 2474 τὸ
970 2421 1292 2492 ἀνειλῆφθαι
1331 2422 1438 2476 ὑπὸ
1466 2424 1560 2477 τοῦ
1586 2423 1720 2478 Θεοῦ
1746 2425 1945 2493 Λόγου,

368 2508 428 2574 ὃς
465 2511 555 2565 διὰ.
581 2510 642 2563 τὸ
670 2513 1050 2582 κατῳκηκέναι
1080 2515 1137 2566 ὲν
1173 2513 1320 2584 αύτῷ
1350 2515 1442 2567 τὸν
1481 2514 1613 2569 Θεὸν
1636 2516 1828 2585 Λόγον,
1867 2519 1948 2581 είς

369 2600 574 2672 ταύτην
619 2597 752 2673 ἦλθε
796 2603 896 2672 τὴν
929 2602 1109 2669 ἀξίαν,
1158 2604 1252 2657 καὶ
1296 2606 1478 2674 χάριτι
1526 2605 1627 2677 τὴν
1676 2606 1949 2663 υἱοθεσίαν

372 2690 510 2761 ἔχει.

444 2785 509 2837 Δ.
544 2781 677 2839 Εἶτα
711 2787 835 2841 ὅποι
865 2787 996 2841 ποτὲ
1028 2787 1117 2842 νοῦ
1144 2789 1238 2842 καὶ
1268 2788 1464 2860 φρενὸς
1495 2788 1624 2843 ῐοιεν
1656 2789 1721 2843 ἂν
1745 2791 1794 2843 oi
1820 2790 1946 2859 τῇδε

371 2875 715 2943 δοξάζοντεςς
783 2881 853 2931 Ἢ
903 2880 1019 2943 πῶς
1064 2881 1124 2933 οὐ
1179 2881 1344 2935 δυάδα
1383 2881 1547 2949 φασιν
1607 2880 1759 2945 υἱῶν,
1815 2882 1948 2935 ἁπο-

371 2969 671 3033 διῑστάντες
708 2971 953 3041 ἀλλήλων
993 2973 1279 3044 ἄνθρωπον
1312 2976 1405 3028 κα)⁵
1439 2974 1605 3039 Θεόν;
1634 2974 1806 3046 Εἴπερ
1832 2975 1948 3028 ἐστὶ

371 3063 493 3116 κατ’
522 3063 743 3129 αὐτοὺς,
765 3064 793 3115 6
821 3063 919 3132 μὲν
946 3063 1105 3131 φύσει
1131 3067 1225 3117 καὶ
1251 3066 1486 3134 άληθῶς,
1518 3068 1545 3119 ὁ
1567 3065 1625 3119 δὲ
1641 3066 1824 3138 χάριτι
1847 3067 1947 3137 τὴν

371 3153 644 3208 υἱοθεσίαν
687 3153 846 3223 ἔχων,
877 3155 970 3208 καί⁵
998 3158 1078 3218 εἰς
1111 3155 1317 3227 ταύτην
1344 3153 1474 3226 ἦλθε
1514 3157 1612 3227 τὴν
1656 3157 1837 3225 ἀξίαν,
1872 3158 1948 3221 ὡς

372 3245 707 3309 ἐνοικοῦντος
756 3245 905 3318 αύτῷ
946 3245 1041 3300 τοῦ
1092 3247 1300 3314 Λόγου;
1340 3244 1466 3318 ⁷Λρ“
1504 3243 1596 3300 οὖν
1628 3248 1739 3318 ἔχει
1787 3266 1839 3301 τι
1886 3249 1949 3302 τὸ

376 3337 560 3406 μεῖξον
591 3340 619 3391 6
660 3339 780 3391 καθ’
818 3338 984 3408 ἡμᾶς.
1019 3338 1357 3401 ἐναυλίζεται
1402 3339 1511 3406 γὰρ
1545 3340 1640 3391 καὶ
1673 3342 1803 3409 ἡμῖν
1850 3341 1949 3393 αύ-

372 3428 505 3494 τρῖς,
543 3427 638 3481 καὶ
664 3425 799 3496 πρός
826 3441 889 3494 γε
917 3423 1075 3478 τοῦτο
1103 3425 1251 3495 ἡμᾶς
1288 3424 1511 3495 ὲμπεδοί
1534 3424 1707 3492 λέγων
1732 3429 1760 3479 6
1788 3428 1947 3497 ίερὼ-
1978 3466 1979 3469 η

373 3536 532 3583 τατος
571 3519 816 3582 Παῦλος·
853 3536 877 3569 ‹
923 3516 1127 3570 Τούτου
1169 3515 1330 3586 χάριν
1357 3515 1593 3584 κάμπτω
1637 3514 1708 3567 τὰ
1747 3516 1950 3583 γόνατά

376 3627 477 3679 μου
507 3610 645 3680 πρὸς
677 3611 768 3662 τὸν
794 3610 1015 3680 Πατέρα
1042 3606 1137 3661 τοῦ
1160 3607 1366 3679 Κυρίου
1406 3607 1563 3676 ἡμῶν
1601 3606 1774 3676 Ἰησοῦ
1805 3608 1944 3677 Χρι-

375 3700 522 3765 στοῦ,
572 3702 630 3768 ἐξ
676 3694 735 3754 οὗ
779 3702 929 3753 πᾶσα
973 3698 1178 3769 πατριὰ
1217 3699 1276 3751 ἐν
1313 3698 1529 3768 οὐρανῷ
1565 3698 1659 3751 καὶ
1716 3700 1808 3752 ἐπὶ
1844 3699 1949 3767 γῆς

372 3791 718 3860 ὀνομάζεται,
748 3792 832 3844 ἴνα
867 3791 942 3860 δῷ
970 3791 1097 3861 ὑμῖν
1124 3790 1269 3843 κατὰ
1288 3791 1381 3842 τδν
1401 3788 1628 3844 πλοῦτον
1666 3790 1765 3860 τῆς
1790 3790 1949 3860 δόξης

372 3877 557 3941 αὑτοῦ,
587 3878 812 3949 δυνάμει
850 3879 1254 3951 κραταιωθῆναι
1282 3878 1370 3932 διὰ
1398 3880 1492 3933 τοῦ
1516 3879 1830 3951 Πνεύματος
1855 3881 1949 3932 αὑ⁹

370 3968 489 4032 τοῦ,
526 3970 851 4041 κατοικῆσαι
867 3971 957 4025 τὸν
984 3971 1217 4041 Χριστὸν
1239 3972 1295 4022 ἐν
1318 3973 1438 4033 ταῖς
1469 3969 1715 4040 καρδίαις
1736 3970 1942 4041 ὑμῶν.»

387 4063 475 4115 Ἐν
507 4063 635 4131 ἡμῖν
662 4062 771 4131 γάρ
806 4063 921 4114 ἐστι
938 4061 1026 4114 διὰ
1048 4061 1141 4113 τοῦ
1161 4062 1499 4131 Πνεύματος,
1532 4081 1552 4113 ι
1576 4063 1633 4114 ὲν
1662 4057 1706 4131 ᾧ
1743 4064 1947 4134 κράζο-

377 4166 497 4225 μεν·
526 4152 697 4205 Ἀὗϐᾶ
721 4153 750 4204 ὁ
778 4151 1241 4223 Πατήρ.»ούκοῦν
1274 4152 1394 4204 κατ’
1419 4153 1609 4206 οὐδένα
1634 4155 1835 4225 τρόπον
1862 4157 1944 4227 εἴη

370 4246 438 4298 ἂν
465 4243 533 4296 τά
565 4242 687 4295 καθ’
714 4244 859 4313 ἡμᾶς
884 4244 943 4295 ἓν
983 4243 1211 4314 μείοσιν,
1248 4244 1296 4295 εἰ
1337 4243 1443 4296 τῶν
1479 4245 1610 4297 ἴσων
1646 4244 1946 4316 ἡξιούμεθα

372 4334 521 4404 παρὰ
552 4332 647 4386 τοῦ
681 4332 814 4385 Θεοῦ
859 4333 951 4385 καὶ
1002 4335 1232 4404 Πατρός.
1273 4333 1470 4403 Χάριτι
1500 4335 1613 4405 γὰρ
1649 4336 1741 4387 καὶ
1785 4338 1946 4407 ἡμεῖς
1975 4363 2024 4421 D

374 4424 480 4477 uici.
517 4426 610 4477 καὶ
660 4423 790 4479 θεοί.
839 4424 1205 4496 Ἐνηνέγμεθα
1236 4424 1294 4477 δὲ
1346 4424 1564 4487 πάντως
1609 4427 1690 4488 είς
1743 4426 1946 4496 ταύτην

372 4514 472 4581 τὴν
506 4516 760 4583 ὑπερφυᾶ
791 4517 884 4567 καὶ
913 4515 1369 4586 τεθαυμασμένην
1399 4515 1575 4581 ἀξίαν,
1620 4515 1695 4577 ὡς
1722 4516 1945 4570 ἔναυλον

374 4600 588 4670 ἔχοντες
624 4604 713 4656 τὸν
760 4608 1021 4677 μονογενῆ
1064 4606 1159 4659 τοῦ
1198 4607 1330 4659 Θεοῦ
1365 4606 1557 4673 Λόγον.
1606 4607 1843 4660 ’Λνόσιον
1888 4609 1945 4662 δὲ

374 4689 467 4741 καὶ
499 4692 845 4762 ἀπόπληκτον
880 4696 1178 4759 παντελῶς,
1205 4696 1265 4749 τὸ
1315 4694 1578 4764 ἠξιῶσθαι
1626 4694 1803 4763 λέγειν
1844 4700 1943 4751 αὐ-

372 4779 497 4841 τοὺς
530 4782 627 4849 τῆς
674 4781 942 4844 υἱοθεσίας
974 4785 1064 4836 τὸν
1114 4784 1341 4851 Ἰησοῦν,
1391 4783 1485 4835 καὶ
1532 4783 1608 4847 ὡς
1634 4786 1691 4838 ἐν
1722 4788 1943 4859 χάριτος

375 4870 538 4939 μοίρᾳ
564 4869 661 4939 τὴν
689 4872 780 4923 ἐπὶ
811 4872 944 4941 τῷδε
966 4874 1120 4937 δόξαν
1146 4876 1304 4929 ἑλεῖν.

441 4965 501 5018 Β.
532 4965 773 5034 Φράσαις
801 4965 867 5019 ἂν
894 4968 1061 5030 ὅπως.

436 5056 503 5109 Α.
546 5056 654 5109 Καὶ
683 5055 844 5125 μάλα.
887 5056 1107 5127 Πρῶτον
1139 5058 1237 5127 μὲν
1284 5059 1413 5129 γὰρ,
1447 5060 1520 5124 ὡς
1563 5060 1720 5129 ἔφην,
1755 5060 1941 5132 ἕτερος

438 5234 482 5267 ³⁸
517 5234 705 5290 Matth.
758 5248 896 5300 χχιι,
928 5234 1016 5289 9.9.
1091 5235 1137 5266 ”
1183 5236 1349 5291 Exod.
1385 5252 1468 5303 ιιι,
1499 5239 1535 5292 2
1569 5253 1724 5309 seqq.

1482 210 1672 278 QUOD
1709 210 1897 267 UNUS
1936 209 2041 265 SIT
2079 212 2443 270 CHRISTUS.

364 336 615 405 ἐροῦμεν·
646 349 666 382 ι
705 327 1017 391 Πλανᾶσθε,
1054 327 1129 399 μὴ
1154 326 1358 390 είδότες
1385 327 1483 391 τὰς
1508 327 1750 396 Γραφὲις,
1799 327 1934 397 μηδὲ

2047 330 2138 399 ipsi
2202 332 2420 398 volunt,
2478 333 2674 388 iterum
2744 334 3247 403 respondebimus:

1802 5239 1818 5271 ί
1851 5238 2047 5308 Ephes.
2098 5254 2177 5303 Ill,
2218 5240 2407 5296 14-16.

3473 220 3610 278 ιεθι

3327 353 3347 387 ι
3402 335 3611 392 Erratis

2040 420 2343 475 nescientes
2393 421 2725 490 Scripturas,
2777 437 2950 491 neque
2995 423 3288 491 potentiam
3348 422 3535 481 Dei”.
3584 447 3605 480 ι

2039 507 2222 578 Neque
2243 510 2389 565 enim
2429 520 2549 566 erat
2581 510 2796 568 diﬂicile
2825 512 3209 583 benignissimo
3234 514 3342 570 Deo
3374 516 3612 584 gestabi-

2040 598 2143 652 lem
2173 614 2236 654 ac
2267 600 2598 657 tolerabilem
2631 617 2690 657 se
2712 602 2956 671 praebere
2992 603 3245 658 humana:
3274 604 3607 672 conditioni;

2040 698 2201 758 atque
2264 691 2364 745 hoc
2411 692 2628 761 quidem
2692 693 2849 748 nobis
2909 692 3132 763 ﬁgurate
3176 696 3613 765 praasigniﬁcavit

2041 780 2221 834 Mosen
2252 782 2544 848 instruens,
2574 793 2631 839 et
2657 784 3048 840 incarnationis
3092 787 3409 854 mysterium
3449 785 3612 843 veluti

2041 871 2094 925 in
2140 873 2279 943 typis
2317 875 2494 929 adhuc
2548 883 2711 946 atque
2754 877 2960 933 umbris
3016 878 3343 933 describens.
3380 877 3611 934 Immisit

2040 964 2181 1017 enim
2212 979 2271 1019 se
2292 964 2347 1018 in
2384 965 2556 1020 forma
2584 966 2722 1034 ignis
2751 968 2885 1022 rubo
2914 968 2965 1021 in
2991 970 3224 1023 deserto.
3274 968 3447 1037 Atque
3473 970 3611 1040 ignis

2041 1055 2257 1121 quidem
2296 1056 2349 1110 in
2406 1056 2540 1112 rubo
2567 1058 2855 1124 emicabat,
2891 1074 3063 1127 neque
3117 1070 3294 1113 tamen
3347 1061 3613 1114 adureba.

2039 1154 2151 1199 tur.
2194 1146 2472 1203 Attonitus
2529 1147 2629 1201 fuit
2668 1149 2784 1215 ejus
2840 1149 2917 1201 rei
2974 1150 3280 1216 spectaculo
3311 1148 3520 1219 Moyses
3540 1149 3609 1205 ⁹⁹.

2041 1235 2203 1304 Atqui
2240 1253 2345 1306 quo
2376 1248 2529 1307 pacto
2554 1253 2659 1293 non
2692 1248 2816 1308 agat
2849 1239 2986 1306 ignis
3016 1239 3071 1292 in
3116 1238 3365 1309 lignum?
3393 1239 3613 1293 Materia

2042 1338 2221 1383 tamen
2255 1344 2373 1397 quae
2398 1330 2555 1385 facile
2597 1330 2848 1386 succendi
2880 1339 3057 1399 potest
3082 1329 3310 1385 ﬂamma)
3350 1331 3456 1384 vim
3494 1345 3615 1398 pcr-

2044 1418 2184 1473 tulit.
2237 1419 2504 1474 Czeterum
2557 1432 2696 1487 erat,
2753 1434 2812 1475 ut
2868 1423 3011 1489 dixi,
3071 1438 3157 1477 res
3213 1426 3323 1479 haec
3373 1423 3612 1493 mysterii

2044 1509 2420 1574 adumbratio,
2469 1512 2753 1566 declarans
2804 1512 3135 1568 tolerabilem
3200 1516 3312 1567 fore
3367 1498 3615 1577 humana:

2046 1598 2400 1655 imbecillitati
2446 1602 2681 1658 divinam
2731 1602 2888 1663 Verbi
2930 1612 3207 1668 naturam,
3237 1608 3351 1675 ipso
3396 1606 3470 1661 ila
3513 1622 3613 1665 vo-

1975 1686 2019 1740 B
2049 1690 2213 1746 lente.
2253 1690 2399 1746 Nihil
2429 1695 2571 1748 enim
2610 1693 2712 1763 ipsi
2741 1706 2824 1749 est
2850 1696 3199 1763 impossibile.

2058 1794 2061 1795 '
2119 1779 2181 1834 Β.
2225 1780 2394 1848 Quam
2427 1793 2573 1838 recte
2602 1785 2741 1839 nosti
2770 1784 2888 1843 illos
2916 1784 2994 1844 ita
3022 1789 3225 1840 sentire
3260 1789 3438 1849 nolle!

2120 1968 2185 2023 Α.
2245 1966 2389 2026 Duos
2440 1968 2620 2041 itaque
2668 1972 2859 2041 procul
2908 1973 3067 2028 dubio
3129 1971 3311 2043 ﬁlios,
3372 1979 3429 2030 et
3480 1971 3616 2030 duos

2050 2062 2284 2117 cbristos
2310 2062 2522 2117 illorum
2551 2078 2730 2118 sermo
2762 2064 2917 2118 nobis
2948 2065 3226 2135 prmdicat.

2120 2151 2183 2206 Β.
2223 2152 2367 2208 Duos
2401 2152 2640 2222 quidem,
2682 2167 3050 2222 nequaquam.
3092 2154 3259 2209 Aiunt
3288 2168 3419 2210 vero
3454 2170 3619 2210 unum

2050 2241 2265 2311 quidem
2318 2256 2437 2297 esse
2475 2242 2766 2297 secundum
2808 2253 3055 2296 naturam
3102 2242 3336 2311 Filium,
3383 2243 3622 2300 Verbum

2049 2345 2116 2386 ex
2143 2333 2251 2388 Deo
2280 2331 2439 2387 Patre
2467 2351 2481 2400 ;
2508 2348 2630 2387 eum
2657 2343 2837 2388 autem
2880 2334 2970 2403 qui
3015 2345 3324 2403 assumptus
3368 2344 3486 2398 est,
3522 2338 3620 2390 ho-

2051 2423 2251 2477 minem
2282 2424 2499 2493 quidem
2530 2437 2651 2479 esse
2675 2434 2867 2479 natura
2901 2424 3099 2493 David,
3131 2425 3224 2480 Dei
3269 2440 3397 2481 vero
3426 2425 3619 2484 Filium

2052 2511 2172 2568 ideo
2198 2515 2339 2585 quod
2370 2530 2398 2568 a
2429 2515 2608 2571 Verbo
2636 2516 2733 2571 Dei
2768 2526 3076 2587 assumptus
3100 2518 3189 2582 sit,
3222 2526 3277 2573 et
3312 2517 3435 2585 quia
3475 2517 3624 2571 inha-

2049 2606 2237 2661 bitavit
2285 2607 2337 2660 in
2387 2606 2503 2675 ipso
2542 2606 2779 2662 Verbum
2826 2607 2953 2672 Dei,
3003 2608 3248 2663 eamdem
3303 2607 3622 2678 dignitatem

2048 2705 2372 2752 consecutus
2409 2706 2511 2761 est,
2542 2706 2596 2751 et
2630 2696 2793 2751 Filius
2814 2712 2917 2766 per
2947 2699 3175 2766 gratiam
3209 2706 3312 2753 est.

2119 2788 2183 2841 A.
2225 2787 2421 2856 Atquo
2462 2798 2616 2857 pacto
2640 2803 2745 2843 non
2782 2789 2894 2842 sint.
2948 2798 3139 2843 emota:
3195 2789 3390 2844 mentis
3418 2789 3508 2859 qui
3547 2788 3622 2844 ita

2050 2879 2331 2935 statuunt?
2359 2888 2452 2933 aut
2477 2880 2742 2948 quomodo
2775 2895 2879 2934 non
2915 2880 3047 2935 duos
3082 2881 3222 2936 ﬁlios
3258 2882 3499 2946 faciunt,
3540 2898 3624 2937 se-

2053 2982 2305 3041 parantes
2339 2971 2480 3026 inter
2513 2987 2571 3025 se
2612 2971 2881 3025 hominem
2909 2979 2962 3025 et
2989 2971 3193 3026 Deum?
3222 2973 3499 3042 Siquidem
3541 2982 3625 3028 est

2050 3074 2114 3113 ex
2166 3060 2406 3129 ipsorum
2460 3060 2726 3114 sententia
2770 3058 2856 3112 hic
2892 3059 3107 3128 quidem
3158 3071 3349 3116 natura
3388 3076 3452 3116 ac
3499 3076 3626 3117 vere

2050 3151 2242 3213 Filius,
2288 3151 2373 3205 hic
2410 3165 2537 3205 vero
2588 3165 2683 3220 per
2729 3149 3073 3218 ad0ptiouem
3123 3151 3312 3207 eadem
3365 3155 3626 3224 dignitate

2052 3243 2306 3312 praeditus
2359 3253 2473 3309 est,
2541 3252 2725 3312 utpote
2772 3242 3115 3298 inhabitants
3169 3244 3343 3315 ipsum
3408 3244 3627 3302 Verbo?

2051 3333 2223 3388 liabet
2250 3333 2433 3404 itaque
2461 3332 2664 3400 aliquid
2692 3333 2924 3402 amplius
2954 3334 3123 3388 nostri
3154 3334 3368 3390 similis.
3403 3335 3635 3393 lnhabi-'

2054 3434 2129 3477 tat
2177 3426 2320 3479 enim
2357 3426 2519 3479 etiam
2564 3426 2615 3478 in
2677 3424 2990 3494 nobisipsis.
3032 3424 3195 3493 .Quod
3241 3434 3297 3481 et
3340 3410 3635 3485 conﬁrmat

2050 3514 2449 3568 sacratissimus
2477 3512 2674 3567 Paulus
2696 3514 2915 3566 dicens:
2942 3512 3107 3584 733
3129 3533 3145 3563 ι
3162 3515 3331 3582 liujus
3352 3517 3426 3569 rei
3450 3512 3637 3605 gratia;

2050 3602 2208 3657 ﬂecto
2270 3617 2439 3670 genua
2501 3617 2616 3655 mea
2649 3602 2714 3654 ad
2761 3600 2975 3656 Patrem
3034 3602 3246 3657 Domini
3296 3606 3463 3658 nostri
3498 3605 3627 3661 Jt‘Sll

2049 3690 2273 3756 Christi,
2321 3706 2387 3745 ex
2432 3705 2538 3758 quo
2566 3692 2742 3744 omnis
2798 3692 3095 3760 paternitas
3152 3693 3202 3745 in
3261 3693 3414 3748 caelis
3460 3706 3513 3750 ct
3570 3682 3637 3751 inv

2052 3792 2195 3837 terra
2240 3783 2568 3847 nominatur,
2612 3788 2670 3835 ut
2716 3770 2805 3836 det
2855 3783 3006 3836 vobis
3063 3786 3357 3839 secundum
3407 3774 3637 3844 divitias!

2051 3876 2234 3945 gloriae
2260 3889 2392 3938 sum,
2427 3872 2623 3926 virtute
2668 3872 3005 3927 corroborari
3033 3890 3128 3943 per
3173 3876 3434 3947 Spiritum
3480 3872 3636 3950 ejus,

2050 3965 2299 4021 habitare
2321 3962 2598 4018 Christum
2633 3962 2689 4016 in
2731 3963 3211 4031 cordibusznostris
3244 3969 3284 4021 ¹.
3326 3989 3343 4021 ι
3374 3968 3427 4024 ln
3468 3973 3624 4026 nobis

2050 4057 2190 4110 enim
2226 4066 2309 4112 est
2344 4070 2438 4127 per
2465 4052 2779 4123 Spiritunm
2818 4053 2871 4109 in
2926 4073 3033 4127 quo
3072 4059 3410 4116 clamamus:
3447 4064 3622 4127 Abba,

2049 4147 2213 4201 Pater
2235 4148 2278 4200 ’.
2326 4164 2344 4197 ι
2393 4142 2546 4197 Nulla
2594 4144 2778 4213 itaque
2829 4146 3039 4201 ratiune
3088 4149 3292 4203 erimus
3340 4151 3625 4208 inferiores

2050 4243 2211 4297 ctiam
2245 4255 2374 4305 nos,
2399 4238 2667 4308 siquidem
2710 4239 2849 4295 Deus
2876 4254 2939 4294 ac
2968 4238 3132 4294 Pater
3168 4256 3263 4297 nos
3314 4244 3501 4299 iisdem
3534 4261 3639 4307 re-V

2052 4335 2151 4387 bus
2184 4333 2437 4401 dignatus
2481 4340 2584 4385 est.
2627 4329 2760 4384 Nam
2802 4340 2856 4386 et
2889 4347 2991 4388 nos
3025 4347 3120 4401 per
3153 4334 3381 4401 gratiam
3434 4351 3623 4392 sumus

2053 4406 2239 4478 ﬁlii'et
2261 4424 2357 4477 dii.
2385 4420 2655 4477 Translati
2688 4439 2851 4493 porro
2884 4439 3072 4479 sumus
3111 4427 3333 4479 omnino
3378 4428 3443 4482 ad
3474 4442 3624 4482 eam-

2052 4520 2174 4573 dem
2249 4517 2395 4570 illam
2458 4518 2950 4585 supereminentem
3017 4529 3180 4587 atque
3249 4521 3622 4575 admirandam

2050 4610 2388 4678 dignitatem,
2430 4617 2614 4677 utpote
2663 4610 2997 4663 inhabitante
3050 4611 3104 4664 in
3159 4613 3312 4667 nobis
3349 4613 3623 4683 unigenito

2050 4701 2143 4755 Dei
2180 4701 2371 4756 Verbo.
2410 4700 2634 4769 impium
2670 4715 2796 4754 vero
2828 4712 2882 4755 et
2925 4702 3220 4756 absurdum
3262 4718 3486 4773 prorsus
3515 4704 3621 4759 foe.

2051 4792 2120 4845 rit
2152 4792 2332 4844 dicere
2373 4790 2622 4859 dignatus
2665 4804 2786 4844 esse
2838 4806 2935 4844 nos
2978 4790 3162 4847 Jesum
3212 4791 3507 4861 ﬁliatione,
3555 4810 3645 4850 ac.

2053 4883 2211 4935 veluti
2239 4897 2333 4948 per
2353 4882 2581 4952 gratiam
2624 4882 2766 4938 hunc
2797 4883 3053 4938 honorem
3081 4886 3376 4957 accepisse.

2119 4974 2179 5026 Β.
2225 4972 2321 5028 Dic
2360 4973 2650 5043 quomodo.

2120 5062 2185 5114 Λ.
2229 5060 2431 5117 Dicam.
2457 5062 2695 5117 Primum
2730 5066 2899 5133 enim,
2936 5077 2994 5121 ut
3037 5066 3169 5137 dixi,
3201 5067 3445 5128 diversus
3478 5066 3618 5124 exsi-

2485 5245 2505 5273 ²
2536 5240 2711 5296 Galat.
2745 5256 2817 5307 IV,
2852 5242 2905 5296 6.

1595 5416 1743 5473 BON.
1788 5416 2110 5473 VULCANII
2151 5418 2380 5475 NOTAE.

443 5590 551 5659 ill)
589 5589 818 5660 Cyrillus
844 5590 1123 5662 Claphyris
1166 5592 1220 5644 in
1256 5590 1497 5644 Ea'odum
1530 5606 1648 5662 cap.
1680 5593 1735 5658 5,
1769 5593 1818 5647 id
1847 5592 2284 5671 latiusiexplicat.
