  <div class='ocr_page' id='page_1' title='image "/cluster/home/n/w/nwhite01/storage/ocr_20150623/75/hvd.32044073502031/654.png"; bbox 0 0 4048 6196; ppageno 0'>
   <div class='ocr_carea' id='block_1_1' title="bbox 402 382 528 438">
    <p class='ocr_par' dir='ltr' id='par_1_1' title="bbox 402 382 528 438">
     <span class='ocr_line' id='line_1_1' title="bbox 402 382 528 438; baseline 0 -1"><span class='ocrx_word' id='word_1_1' title='bbox 402 382 528 438; x_wconf 73' lang='grc'><strong>1297</strong></span> 
     </span>
    </p>
   </div>
   <div class='ocr_carea' id='block_1_2' title="bbox 1502 378 2467 447">
    <p class='ocr_par' dir='ltr' id='par_1_2' title="bbox 1502 378 2467 447">
     <span class='ocr_line' id='line_1_2' title="bbox 1502 378 2467 447; baseline 0.01 -11"><span class='ocrx_word' id='word_1_2' title='bbox 1502 378 1693 446; x_wconf 84' lang='lat' dir='ltr'><strong>QUOD</strong></span> <span class='ocrx_word' id='word_1_3' title='bbox 1737 381 1921 439; x_wconf 75' lang='lat' dir='ltr'><strong>UNUS</strong></span> <span class='ocrx_word' id='word_1_4' title='bbox 1955 383 2062 438; x_wconf 82' lang='lat' dir='ltr'><strong>SIT</strong></span> <span class='ocrx_word' id='word_1_5' title='bbox 2102 384 2467 447; x_wconf 79' lang='lat' dir='ltr'><strong>CHRISTUS.</strong></span> 
     </span>
    </p>
   </div>
   <div class='ocr_carea' id='block_1_3' title="bbox 3495 403 3627 461">
    <p class='ocr_par' dir='ltr' id='par_1_3' title="bbox 3495 403 3627 461">
     <span class='ocr_line' id='line_1_3' title="bbox 3495 403 3627 461; baseline 0.03 -3"><span class='ocrx_word' id='word_1_6' title='bbox 3495 403 3627 461; x_wconf 68' lang='grc' dir='ltr'>ιεεε</span> 
     </span>
    </p>
   </div>
   <div class='ocr_carea' id='block_1_4' title="bbox 396 495 1959 581">
    <p class='ocr_par' dir='ltr' id='par_1_4' title="bbox 396 495 1956 571">
     <span class='ocr_line' id='line_1_4' title="bbox 396 495 1956 571; baseline 0.002 -16"><span class='ocrx_word' id='word_1_7' title='bbox 396 504 426 554; x_wconf 88' lang='lat'><strong>6</strong></span> <span class='ocrx_word' id='word_1_8' title='bbox 452 502 513 554; x_wconf 70' lang='grc' dir='ltr'>ἑκ</span> <span class='ocrx_word' id='word_1_9' title='bbox 546 496 674 553; x_wconf 83' lang='grc' dir='ltr'>Θεοῦ</span> <span class='ocrx_word' id='word_1_10' title='bbox 700 496 912 568; x_wconf 69' lang='lat' dir='ltr'><strong>Ila-:96;</strong></span> <span class='ocrx_word' id='word_1_11' title='bbox 940 496 1131 564; x_wconf 89' lang='grc' dir='ltr'>Λόγος,</span> <span class='ocrx_word' id='word_1_12' title='bbox 1159 495 1249 550; x_wconf 74' lang='grc' dir='ltr'><strong>διὰ</strong></span> <span class='ocrx_word' id='word_1_13' title='bbox 1269 497 1331 550; x_wconf 79' lang='grc' dir='ltr'>τὸ</span> <span class='ocrx_word' id='word_1_14' title='bbox 1361 498 1425 551; x_wconf 76' lang='grc' dir='ltr'>ὲκ</span> <span class='ocrx_word' id='word_1_15' title='bbox 1450 498 1763 571; x_wconf 81' lang='grc' dir='ltr'>σπέρματος</span> <span class='ocrx_word' id='word_1_16' title='bbox 1791 502 1956 558; x_wconf 77' lang='grc' dir='ltr'>αὐτοῦ</span> 
     </span>
    </p>
   </div>
   <div class='ocr_carea' id='block_1_5' title="bbox 2063 495 3629 581">
    <p class='ocr_par' dir='ltr' id='par_1_5' title="bbox 2063 503 3629 581">
     <span class='ocr_line' id='line_1_5' title="bbox 2063 503 3629 581; baseline 0.013 -23"><span class='ocrx_word' id='word_1_17' title='bbox 2063 503 2186 560; x_wconf 87' lang='lat' dir='ltr'><strong>bum</strong></span> <span class='ocrx_word' id='word_1_18' title='bbox 2215 523 2283 563; x_wconf 79' lang='lat' dir='ltr'><strong>ex</strong></span> <span class='ocrx_word' id='word_1_19' title='bbox 2322 508 2432 564; x_wconf 83' lang='lat' dir='ltr'><strong>Deo</strong></span> <span class='ocrx_word' id='word_1_20' title='bbox 2478 508 2659 565; x_wconf 84' lang='lat' dir='ltr'><strong>Patre.</strong></span> <span class='ocrx_word' id='word_1_21' title='bbox 2702 511 2864 581; x_wconf 76' lang='lat' dir='ltr'><strong>Atqui</strong></span> <span class='ocrx_word' id='word_1_22' title='bbox 2914 517 3219 570; x_wconf 78' lang='lat' dir='ltr'><strong>censuerim</strong></span> <span class='ocrx_word' id='word_1_23' title='bbox 3260 517 3379 573; x_wconf 83' lang='lat' dir='ltr'><strong>illos</strong></span> <span class='ocrx_word' id='word_1_24' title='bbox 3409 534 3439 572; x_wconf 76' lang='grc' dir='ltr'><strong><em>ι</em></strong></span> <span class='ocrx_word' id='word_1_25' title='bbox 3476 522 3629 578; x_wconf 80' lang='lat' dir='ltr'><strong>nobis</strong></span> 
     </span>
    </p>
   </div>
   <div class='ocr_carea' id='block_1_6' title="bbox 395 584 1958 663">
    <p class='ocr_par' dir='ltr' id='par_1_6' title="bbox 395 584 1958 663">
     <span class='ocr_line' id='line_1_6' title="bbox 395 584 1958 663; baseline -0.001 -19"><span class='ocrx_word' id='word_1_26' title='bbox 395 588 796 661; x_wconf 78' lang='grc' dir='ltr'>γενέσθαικατὰ</span> <span class='ocrx_word' id='word_1_27' title='bbox 824 586 923 657; x_wconf 84' lang='grc' dir='ltr'>τὴν</span> <span class='ocrx_word' id='word_1_28' title='bbox 956 588 1157 658; x_wconf 83' lang='grc' dir='ltr'>σάρκα.</span> <span class='ocrx_word' id='word_1_29' title='bbox 1185 587 1400 658; x_wconf 81' lang='grc' dir='ltr'>Χρῆναι</span> <span class='ocrx_word' id='word_1_30' title='bbox 1427 588 1484 642; x_wconf 83' lang='grc' dir='ltr'>δὲ</span> <span class='ocrx_word' id='word_1_31' title='bbox 1506 584 1661 660; x_wconf 77' lang='grc' dir='ltr'>οἶμαι</span> <span class='ocrx_word' id='word_1_32' title='bbox 1690 592 1785 646; x_wconf 71' lang='grc' dir='ltr'>καὶ</span> <span class='ocrx_word' id='word_1_33' title='bbox 1820 592 1958 663; x_wconf 79' lang='grc' dir='ltr'>πρὸς</span> 
     </span>
    </p>
   </div>
   <div class='ocr_carea' id='block_1_7' title="bbox 395 679 1956 752">
    <p class='ocr_par' dir='ltr' id='par_1_7' title="bbox 395 679 1956 752">
     <span class='ocr_line' id='line_1_7' title="bbox 395 679 1956 752; baseline 0.001 -17"><span class='ocrx_word' id='word_1_34' title='bbox 395 682 542 752; x_wconf 69' lang='grc' dir='ltr'>ἡμῶν</span> <span class='ocrx_word' id='word_1_35' title='bbox 574 679 789 735; x_wconf 67' lang='grc' dir='ltr'>ἀκοίειν</span> <span class='ocrx_word' id='word_1_36' title='bbox 836 679 1065 742; x_wconf 72' lang='grc' dir='ltr'>αὐτοὺς,</span> <span class='ocrx_word' id='word_1_37' title='bbox 1110 679 1171 732; x_wconf 82' lang='grc' dir='ltr'><strong>τὺ</strong></span> <span class='ocrx_word' id='word_1_38' title='bbox 1220 681 1349 750; x_wconf 82' lang='grc' dir='ltr'>παρ’</span> <span class='ocrx_word' id='word_1_39' title='bbox 1381 679 1547 734; x_wconf 83' lang='grc' dir='ltr'>αὑτοῦ</span> <span class='ocrx_word' id='word_1_40' title='bbox 1594 680 1687 735; x_wconf 89' lang='grc' dir='ltr'><strong>τοῦ</strong></span> <span class='ocrx_word' id='word_1_41' title='bbox 1721 683 1956 752; x_wconf 79' lang='grc' dir='ltr'><strong>Χριστοῦ</strong></span> 
     </span>
    </p>
   </div>
   <div class='ocr_carea' id='block_1_8' title="bbox 390 770 1959 844">
    <p class='ocr_par' dir='ltr' id='par_1_8' title="bbox 390 770 1959 844">
     <span class='ocr_line' id='line_1_8' title="bbox 390 770 1959 844; baseline 0.003 -19"><span class='ocrx_word' id='word_1_42' title='bbox 390 775 497 835; x_wconf 77' lang='grc' dir='ltr'>τοῖς</span> <span class='ocrx_word' id='word_1_43' title='bbox 525 772 783 825; x_wconf 81' lang='grc' dir='ltr'><strong>Ἰουδαίων</strong></span> <span class='ocrx_word' id='word_1_44' title='bbox 815 770 1153 841; x_wconf 71' lang='grc' dir='ltr'><strong>καθηγηταῖς</strong></span> <span class='ocrx_word' id='word_1_45' title='bbox 1181 771 1489 841; x_wconf 75' lang='grc' dir='ltr'><strong>εἰρημένον·</strong></span> <span class='ocrx_word' id='word_1_46' title='bbox 1527 793 1545 824; x_wconf 85' lang='grc' dir='ltr'><strong>ι</strong></span> <span class='ocrx_word' id='word_1_47' title='bbox 1570 774 1633 827; x_wconf 89' lang='grc' dir='ltr'>Τί</span> <span class='ocrx_word' id='word_1_48' title='bbox 1664 775 1790 844; x_wconf 81' lang='grc' dir='ltr'>ὑμῖν</span> <span class='ocrx_word' id='word_1_49' title='bbox 1814 775 1959 829; x_wconf 75' lang='grc' dir='ltr'>δοκεῖ</span> 
     </span>
    </p>
   </div>
   <div class='ocr_carea' id='block_1_9' title="bbox 390 860 1956 933">
    <p class='ocr_par' dir='ltr' id='par_1_9' title="bbox 390 860 1956 933">
     <span class='ocr_line' id='line_1_9' title="bbox 390 860 1956 933; baseline 0.004 -18"><span class='ocrx_word' id='word_1_50' title='bbox 390 862 515 932; x_wconf 75' lang='grc' dir='ltr'>περὶ</span> <span class='ocrx_word' id='word_1_51' title='bbox 537 862 626 915; x_wconf 90' lang='grc' dir='ltr'><strong>τοῦ</strong></span> <span class='ocrx_word' id='word_1_52' title='bbox 652 860 889 932; x_wconf 80' lang='grc' dir='ltr'><strong>Χριστοῦ</strong></span> <span class='ocrx_word' id='word_1_53' title='bbox 911 878 926 922; x_wconf 87' lang='lat'><strong>;</strong></span> <span class='ocrx_word' id='word_1_54' title='bbox 953 861 1096 920; x_wconf 84' lang='grc' dir='ltr'>τίνος</span> <span class='ocrx_word' id='word_1_55' title='bbox 1112 860 1223 924; x_wconf 86' lang='grc' dir='ltr'>υἱός</span> <span class='ocrx_word' id='word_1_56' title='bbox 1253 864 1402 925; x_wconf 75' lang='grc' dir='ltr'>ὲστις</span> <span class='ocrx_word' id='word_1_57' title='bbox 1428 882 1446 912; x_wconf 78' lang='grc' dir='ltr'><strong>ι</strong></span> <span class='ocrx_word' id='word_1_58' title='bbox 1470 865 1587 917; x_wconf 76' lang='grc' dir='ltr'>Κᾶν</span> <span class='ocrx_word' id='word_1_59' title='bbox 1612 867 1661 917; x_wconf 84' lang='grc' dir='ltr'><strong>εί</strong></span> <span class='ocrx_word' id='word_1_60' title='bbox 1694 869 1850 933; x_wconf 75' lang='grc' dir='ltr'>φαῖεν</span> <span class='ocrx_word' id='word_1_61' title='bbox 1874 868 1956 921; x_wconf 88' lang='grc' dir='ltr'>ὃτι</span> 
     </span>
    </p>
   </div>
   <div class='ocr_carea' id='block_1_10' title="bbox 386 952 1957 1022">
    <p class='ocr_par' dir='ltr' id='par_1_10' title="bbox 386 952 1957 1022">
     <span class='ocr_line' id='line_1_10' title="bbox 386 952 1957 1022; baseline 0.003 -16"><span class='ocrx_word' id='word_1_62' title='bbox 386 953 475 1006; x_wconf 87' lang='grc' dir='ltr'><strong>τοῦ</strong></span> <span class='ocrx_word' id='word_1_63' title='bbox 504 953 686 1013; x_wconf 72' lang='grc' dir='ltr'>Δαῦὶδ,</span> <span class='ocrx_word' id='word_1_64' title='bbox 730 952 1050 1006; x_wconf 77' lang='grc' dir='ltr'>ἀκούσονται</span> <span class='ocrx_word' id='word_1_65' title='bbox 1086 952 1220 1021; x_wconf 76' lang='grc' dir='ltr'>πρὸς</span> <span class='ocrx_word' id='word_1_66' title='bbox 1260 952 1437 1022; x_wconf 74' lang='grc' dir='ltr'>ἡμῶν·</span> <span class='ocrx_word' id='word_1_67' title='bbox 1472 972 1488 1002; x_wconf 88' lang='grc' dir='ltr'><strong>ι</strong></span> <span class='ocrx_word' id='word_1_68' title='bbox 1513 955 1637 1018; x_wconf 86' lang='grc' dir='ltr'>Πῶς</span> <span class='ocrx_word' id='word_1_69' title='bbox 1669 952 1760 1009; x_wconf 81' lang='grc' dir='ltr'><strong>οῦν</strong></span> <span class='ocrx_word' id='word_1_70' title='bbox 1792 958 1957 1012; x_wconf 70' lang='grc' dir='ltr'>Δαϋὶδ</span> 
     </span>
    </p>
   </div>
   <div class='ocr_carea' id='block_1_11' title="bbox 386 1043 1956 1116">
    <p class='ocr_par' dir='ltr' id='par_1_11' title="bbox 386 1043 1956 1116">
     <span class='ocr_line' id='line_1_11' title="bbox 386 1043 1956 1116; baseline 0.001 -16"><span class='ocrx_word' id='word_1_71' title='bbox 386 1046 442 1100; x_wconf 76' lang='grc' dir='ltr'>ὲν</span> <span class='ocrx_word' id='word_1_72' title='bbox 473 1046 745 1116; x_wconf 79' lang='grc' dir='ltr'>Πνεῦματι</span> <span class='ocrx_word' id='word_1_73' title='bbox 779 1043 980 1116; x_wconf 82' lang='grc' dir='ltr'><strong>Κύριον</strong></span> <span class='ocrx_word' id='word_1_74' title='bbox 1026 1044 1189 1097; x_wconf 76' lang='grc' dir='ltr'>αὐτὸν</span> <span class='ocrx_word' id='word_1_75' title='bbox 1225 1044 1396 1105; x_wconf 83' lang='grc' dir='ltr'>καλεῖ,</span> <span class='ocrx_word' id='word_1_76' title='bbox 1447 1045 1641 1114; x_wconf 79' lang='grc' dir='ltr'>λέγων·</span> <span class='ocrx_word' id='word_1_77' title='bbox 1679 1066 1697 1097; x_wconf 85' lang='grc' dir='ltr'><strong>ι</strong></span> <span class='ocrx_word' id='word_1_78' title='bbox 1734 1044 1899 1101; x_wconf 83' lang='grc' dir='ltr'>Εἶπεν</span> <span class='ocrx_word' id='word_1_79' title='bbox 1926 1050 1956 1102; x_wconf 88' lang='lat'><strong>6</strong></span> 
     </span>
    </p>
   </div>
   <div class='ocr_carea' id='block_1_12' title="bbox 383 1135 1957 1208">
    <p class='ocr_par' dir='ltr' id='par_1_12' title="bbox 383 1135 1957 1208">
     <span class='ocr_line' id='line_1_12' title="bbox 383 1135 1957 1208; baseline 0.005 -20"><span class='ocrx_word' id='word_1_80' title='bbox 383 1135 581 1207; x_wconf 82' lang='grc' dir='ltr'>Κύριος</span> <span class='ocrx_word' id='word_1_81' title='bbox 611 1136 691 1206; x_wconf 81' lang='grc' dir='ltr'>τῷ</span> <span class='ocrx_word' id='word_1_82' title='bbox 721 1136 908 1207; x_wconf 84' lang='grc' dir='ltr'>Κυρίῳ</span> <span class='ocrx_word' id='word_1_83' title='bbox 942 1153 1061 1205; x_wconf 87' lang='grc' dir='ltr'>μου·</span> <span class='ocrx_word' id='word_1_84' title='bbox 1092 1136 1275 1190; x_wconf 84' lang='grc' dir='ltr'>Κάθου</span> <span class='ocrx_word' id='word_1_85' title='bbox 1301 1140 1363 1190; x_wconf 78' lang='grc' dir='ltr'>ἐκ</span> <span class='ocrx_word' id='word_1_86' title='bbox 1386 1137 1575 1203; x_wconf 79' lang='grc' dir='ltr'>δεξιῶν</span> <span class='ocrx_word' id='word_1_87' title='bbox 1607 1157 1731 1208; x_wconf 84' lang='grc' dir='ltr'>μου,</span> <span class='ocrx_word' id='word_1_88' title='bbox 1761 1142 1865 1204; x_wconf 75' lang='grc' dir='ltr'>ἕως</span> <span class='ocrx_word' id='word_1_89' title='bbox 1890 1141 1957 1195; x_wconf 81' lang='grc' dir='ltr'>ἂν</span> 
     </span>
    </p>
   </div>
   <div class='ocr_carea' id='block_1_13' title="bbox 386 1222 1951 1296">
    <p class='ocr_par' dir='ltr' id='par_1_13' title="bbox 386 1222 1951 1296">
     <span class='ocr_line' id='line_1_13' title="bbox 386 1222 1951 1296; baseline 0.003 -19"><span class='ocrx_word' id='word_1_90' title='bbox 386 1222 464 1277; x_wconf 87' lang='grc' dir='ltr'>θῶ</span> <span class='ocrx_word' id='word_1_91' title='bbox 504 1225 627 1286; x_wconf 75' lang='grc' dir='ltr'>τοὺς</span> <span class='ocrx_word' id='word_1_92' title='bbox 665 1222 890 1294; x_wconf 73' lang='grc' dir='ltr'>ἐχθρούς</span> <span class='ocrx_word' id='word_1_93' title='bbox 942 1240 1034 1275; x_wconf 88' lang='grc' dir='ltr'><strong>σου</strong></span> <span class='ocrx_word' id='word_1_94' title='bbox 1092 1224 1387 1277; x_wconf 79' lang='grc' dir='ltr'>ὑποπόδιον</span> <span class='ocrx_word' id='word_1_95' title='bbox 1431 1226 1541 1278; x_wconf 85' lang='grc' dir='ltr'>τῶν</span> <span class='ocrx_word' id='word_1_96' title='bbox 1606 1228 1783 1281; x_wconf 74' lang='grc' dir='ltr'>ποδῶν</span> <span class='ocrx_word' id='word_1_97' title='bbox 1826 1247 1951 1296; x_wconf 87' lang='grc' dir='ltr'>σου;</span> 
     </span>
    </p>
   </div>
   <div class='ocr_carea' id='block_1_14' title="bbox 383 1310 1955 1391">
    <p class='ocr_par' dir='ltr' id='par_1_14' title="bbox 383 1310 1955 1391">
     <span class='ocr_line' id='line_1_14' title="bbox 383 1310 1955 1391; baseline 0.004 -22"><span class='ocrx_word' id='word_1_98' title='bbox 383 1315 446 1369; x_wconf 84' lang='lat' dir='ltr'><strong>El</strong></span> <span class='ocrx_word' id='word_1_99' title='bbox 476 1310 566 1368; x_wconf 82' lang='grc' dir='ltr'><strong>οῦν</strong></span> <span class='ocrx_word' id='word_1_100' title='bbox 593 1315 757 1368; x_wconf 74' lang='grc' dir='ltr'>Δαδὶδ</span> <span class='ocrx_word' id='word_1_101' title='bbox 790 1317 849 1368; x_wconf 86' lang='grc' dir='ltr'>ἐν</span> <span class='ocrx_word' id='word_1_102' title='bbox 878 1316 1159 1385; x_wconf 75' lang='grc' dir='ltr'>Πνεῦματι</span> <span class='ocrx_word' id='word_1_103' title='bbox 1193 1318 1351 1371; x_wconf 87' lang='grc' dir='ltr'>καλεῖ</span> <span class='ocrx_word' id='word_1_104' title='bbox 1379 1319 1541 1373; x_wconf 80' lang='grc' dir='ltr'>αὐτὸν</span> <span class='ocrx_word' id='word_1_105' title='bbox 1578 1320 1801 1391; x_wconf 77' lang='grc' dir='ltr'><strong>Κύριον,</strong></span> <span class='ocrx_word' id='word_1_106' title='bbox 1841 1323 1955 1387; x_wconf 85' lang='grc' dir='ltr'>πῶς</span> 
     </span>
    </p>
   </div>
   <div class='ocr_carea' id='block_1_15' title="bbox 380 1394 1950 1481">
    <p class='ocr_par' dir='ltr' id='par_1_15' title="bbox 380 1394 1950 1481">
     <span class='ocr_line' id='line_1_15' title="bbox 380 1394 1950 1481; baseline 0.004 -22"><span class='ocrx_word' id='word_1_107' title='bbox 380 1404 507 1469; x_wconf 82' lang='grc' dir='ltr'>Υίδς</span> <span class='ocrx_word' id='word_1_108' title='bbox 530 1406 692 1459; x_wconf 72' lang='grc' dir='ltr'>αὑτοῦ</span> <span class='ocrx_word' id='word_1_109' title='bbox 714 1408 913 1468; x_wconf 78' lang='grc' dir='ltr'>ὲστιν,»</span> <span class='ocrx_word' id='word_1_110' title='bbox 941 1409 969 1459; x_wconf 98' lang='lat'><strong>6</strong></span> <span class='ocrx_word' id='word_1_111' title='bbox 1000 1407 1076 1477; x_wconf 82' lang='grc' dir='ltr'>μὴ</span> <span class='ocrx_word' id='word_1_112' title='bbox 1106 1394 1244 1461; x_wconf 81' lang='grc' dir='ltr'>κατὰ</span> <span class='ocrx_word' id='word_1_113' title='bbox 1269 1409 1428 1476; x_wconf 72' lang='grc' dir='ltr'>φύσιν</span> <span class='ocrx_word' id='word_1_114' title='bbox 1459 1411 1553 1462; x_wconf 70' lang='grc' dir='ltr'><strong>καὶ</strong></span> <span class='ocrx_word' id='word_1_115' title='bbox 1570 1411 1782 1481; x_wconf 83' lang='grc' dir='ltr'>άληθῶς</span> <span class='ocrx_word' id='word_1_116' title='bbox 1805 1413 1950 1479; x_wconf 78' lang='grc' dir='ltr'>Υἱὸς,</span> 
     </span>
    </p>
   </div>
   <div class='ocr_carea' id='block_1_16' title="bbox 380 1498 1950 1575">
    <p class='ocr_par' dir='ltr' id='par_1_16' title="bbox 380 1498 1950 1575">
     <span class='ocr_line' id='line_1_16' title="bbox 380 1498 1950 1575; baseline 0.006 -27"><span class='ocrx_word' id='word_1_117' title='bbox 380 1498 521 1555; x_wconf 77' lang='grc' dir='ltr'>καθά</span> <span class='ocrx_word' id='word_1_118' title='bbox 553 1514 717 1566; x_wconf 79' lang='grc' dir='ltr'>φασιν</span> <span class='ocrx_word' id='word_1_119' title='bbox 768 1499 817 1549; x_wconf 82' lang='grc' dir='ltr'>οἱ</span> <span class='ocrx_word' id='word_1_120' title='bbox 851 1498 1152 1562; x_wconf 78' lang='grc' dir='ltr'>διεναντίας</span> <span class='ocrx_word' id='word_1_121' title='bbox 1175 1539 1187 1561; x_wconf 93' lang='grc'><strong>,</strong></span> <span class='ocrx_word' id='word_1_122' title='bbox 1224 1500 1534 1569; x_wconf 79' lang='grc' dir='ltr'>συνεδρεῦει</span> <span class='ocrx_word' id='word_1_123' title='bbox 1564 1520 1623 1555; x_wconf 88' lang='grc' dir='ltr'><strong>τε</strong></span> <span class='ocrx_word' id='word_1_124' title='bbox 1670 1505 1746 1573; x_wconf 62' lang='grc' dir='ltr'>τις)</span> <span class='ocrx_word' id='word_1_125' title='bbox 1803 1505 1950 1575; x_wconf 84' lang='grc' dir='ltr'>Θεῷ,</span> 
     </span>
    </p>
   </div>
   <div class='ocr_carea' id='block_1_17' title="bbox 377 1588 1955 1664">
    <p class='ocr_par' dir='ltr' id='par_1_17' title="bbox 377 1588 1955 1664">
     <span class='ocr_line' id='line_1_17' title="bbox 377 1588 1955 1664; baseline 0.004 -23"><span class='ocrx_word' id='word_1_126' title='bbox 377 1588 469 1641; x_wconf 74' lang='grc' dir='ltr'>καὶ</span> <span class='ocrx_word' id='word_1_127' title='bbox 496 1588 810 1658; x_wconf 84' lang='grc' dir='ltr'>όμόθρονος,</span> <span class='ocrx_word' id='word_1_128' title='bbox 842 1588 963 1641; x_wconf 79' lang='grc' dir='ltr'>εἰπέ</span> <span class='ocrx_word' id='word_1_129' title='bbox 1009 1606 1121 1658; x_wconf 86' lang='grc' dir='ltr'>μοι,</span> <span class='ocrx_word' id='word_1_130' title='bbox 1151 1589 1230 1660; x_wconf 83' lang='grc' dir='ltr'>τῷ</span> <span class='ocrx_word' id='word_1_131' title='bbox 1281 1592 1500 1646; x_wconf 86' lang='grc' dir='ltr'>πάντων</span> <span class='ocrx_word' id='word_1_132' title='bbox 1538 1595 1828 1663; x_wconf 79' lang='grc' dir='ltr'><strong>κρατοῦντι</strong></span> <span class='ocrx_word' id='word_1_133' title='bbox 1870 1596 1955 1664; x_wconf 87' lang='grc' dir='ltr'>γί-</span> 
     </span>
    </p>
   </div>
   <div class='ocr_carea' id='block_1_18' title="bbox 375 1679 1951 1751">
    <p class='ocr_par' dir='ltr' id='par_1_18' title="bbox 375 1679 1951 1751">
     <span class='ocr_line' id='line_1_18' title="bbox 375 1679 1951 1751; baseline 0.003 -18"><span class='ocrx_word' id='word_1_134' title='bbox 375 1696 559 1744; x_wconf 78' lang='grc' dir='ltr'>νεταις</span> <span class='ocrx_word' id='word_1_135' title='bbox 616 1680 833 1743; x_wconf 79' lang='grc' dir='ltr'><strong>Καίτοι,</strong></span> <span class='ocrx_word' id='word_1_136' title='bbox 895 1679 1039 1734; x_wconf 89' lang='grc' dir='ltr'>καθά</span> <span class='ocrx_word' id='word_1_137' title='bbox 1104 1697 1270 1749; x_wconf 76' lang='grc' dir='ltr'>φησιν</span> <span class='ocrx_word' id='word_1_138' title='bbox 1320 1681 1348 1733; x_wconf 91' lang='lat'><strong>6</strong></span> <span class='ocrx_word' id='word_1_139' title='bbox 1395 1682 1668 1751; x_wconf 60' lang='grc' dir='ltr'>πάνσοφος</span> <span class='ocrx_word' id='word_1_140' title='bbox 1720 1685 1951 1750; x_wconf 82' lang='grc' dir='ltr'>Παῦλος,</span> 
     </span>
    </p>
   </div>
   <div class='ocr_carea' id='block_1_19' title="bbox 372 1770 1949 1845">
    <p class='ocr_par' dir='ltr' id='par_1_19' title="bbox 372 1770 1949 1845">
     <span class='ocr_line' id='line_1_19' title="bbox 372 1770 1949 1845; baseline 0.003 -21"><span class='ocrx_word' id='word_1_141' title='bbox 372 1770 549 1825; x_wconf 72' lang='grc' dir='ltr'>οὐδενὶ</span> <span class='ocrx_word' id='word_1_142' title='bbox 619 1770 839 1823; x_wconf 82' lang='grc' dir='ltr'>πώποτε</span> <span class='ocrx_word' id='word_1_143' title='bbox 908 1771 1017 1824; x_wconf 80' lang='grc' dir='ltr'>τῶν</span> <span class='ocrx_word' id='word_1_144' title='bbox 1069 1772 1317 1838; x_wconf 83' lang='grc' dir='ltr'>ἀγγέλων</span> <span class='ocrx_word' id='word_1_145' title='bbox 1375 1772 1596 1843; x_wconf 75' lang='grc' dir='ltr'>εἴρηκεν</span> <span class='ocrx_word' id='word_1_146' title='bbox 1657 1777 1685 1827; x_wconf 88' lang='lat'><strong>6</strong></span> <span class='ocrx_word' id='word_1_147' title='bbox 1736 1776 1949 1845; x_wconf 72' lang='grc' dir='ltr'>Πατήρ·</span> 
     </span>
    </p>
   </div>
   <div class='ocr_carea' id='block_1_20' title="bbox 380 1860 1953 1933">
    <p class='ocr_par' dir='ltr' id='par_1_20' title="bbox 380 1860 1953 1933">
     <span class='ocr_line' id='line_1_20' title="bbox 380 1860 1953 1933; baseline 0.004 -17"><span class='ocrx_word' id='word_1_148' title='bbox 380 1881 402 1921; x_wconf 70' lang='grc' dir='ltr'><strong>ι</strong></span> <span class='ocrx_word' id='word_1_149' title='bbox 434 1862 561 1926; x_wconf 85' lang='grc' dir='ltr'>Υἱός</span> <span class='ocrx_word' id='word_1_150' title='bbox 606 1880 707 1933; x_wconf 84' lang='grc' dir='ltr'><strong>μου</strong></span> <span class='ocrx_word' id='word_1_151' title='bbox 742 1860 792 1915; x_wconf 78' lang='grc' dir='ltr'>εἶ</span> <span class='ocrx_word' id='word_1_152' title='bbox 826 1862 912 1917; x_wconf 85' lang='grc' dir='ltr'><strong>σύ.</strong></span> <span class='ocrx_word' id='word_1_153' title='bbox 948 1882 967 1915; x_wconf 79' lang='grc' dir='ltr'><strong>ι</strong></span> <span class='ocrx_word' id='word_1_154' title='bbox 1008 1863 1147 1916; x_wconf 78' lang='grc' dir='ltr'>Ἀλλ’</span> <span class='ocrx_word' id='word_1_155' title='bbox 1178 1864 1320 1916; x_wconf 72' lang='grc' dir='ltr'>οὐδὲ·</span> <span class='ocrx_word' id='word_1_156' title='bbox 1366 1884 1384 1915; x_wconf 83' lang='grc' dir='ltr'><strong>ι</strong></span> <span class='ocrx_word' id='word_1_157' title='bbox 1422 1866 1603 1918; x_wconf 86' lang='grc' dir='ltr'>Κάθου</span> <span class='ocrx_word' id='word_1_158' title='bbox 1658 1868 1722 1921; x_wconf 80' lang='grc' dir='ltr'>ἐκ</span> <span class='ocrx_word' id='word_1_159' title='bbox 1765 1868 1953 1933; x_wconf 77' lang='grc' dir='ltr'>δεξιῶν</span> 
     </span>
    </p>
   </div>
   <div class='ocr_carea' id='block_1_21' title="bbox 377 1952 1955 2029">
    <p class='ocr_par' dir='ltr' id='par_1_21' title="bbox 377 1952 1955 2029">
     <span class='ocr_line' id='line_1_21' title="bbox 377 1952 1955 2029; baseline 0.004 -22"><span class='ocrx_word' id='word_1_160' title='bbox 377 1970 501 2024; x_wconf 85' lang='grc' dir='ltr'>μου.</span> <span class='ocrx_word' id='word_1_161' title='bbox 538 1974 556 2005; x_wconf 86' lang='grc'>›</span> <span class='ocrx_word' id='word_1_162' title='bbox 594 1952 745 2017; x_wconf 77' lang='grc' dir='ltr'>Εἶτα,</span> <span class='ocrx_word' id='word_1_163' title='bbox 784 1954 901 2017; x_wconf 84' lang='grc' dir='ltr'>πῶς</span> <span class='ocrx_word' id='word_1_164' title='bbox 932 1955 990 2008; x_wconf 85' lang='grc' dir='ltr'>ὲν</span> <span class='ocrx_word' id='word_1_165' title='bbox 1019 1958 1131 2018; x_wconf 86' lang='grc' dir='ltr'>τοῖς</span> <span class='ocrx_word' id='word_1_166' title='bbox 1173 1956 1499 2026; x_wconf 79' lang='grc' dir='ltr'>ὑπερτάτοις</span> <span class='ocrx_word' id='word_1_167' title='bbox 1537 1958 1833 2029; x_wconf 80' lang='grc' dir='ltr'>ἀξιώμασι,</span> <span class='ocrx_word' id='word_1_168' title='bbox 1862 1962 1955 2013; x_wconf 79' lang='grc' dir='ltr'>καὶ</span> 
     </span>
    </p>
   </div>
   <div class='ocr_carea' id='block_1_22' title="bbox 373 2048 1955 2122">
    <p class='ocr_par' dir='ltr' id='par_1_22' title="bbox 373 2048 1955 2122">
     <span class='ocr_line' id='line_1_22' title="bbox 373 2048 1955 2122; baseline 0.003 -20"><span class='ocrx_word' id='word_1_169' title='bbox 373 2050 434 2102; x_wconf 74' lang='grc' dir='ltr'>ἑν</span> <span class='ocrx_word' id='word_1_170' title='bbox 466 2052 578 2112; x_wconf 79' lang='grc' dir='ltr'>τοῖς</span> <span class='ocrx_word' id='word_1_171' title='bbox 604 2050 703 2118; x_wconf 86' lang='grc' dir='ltr'>τῆς</span> <span class='ocrx_word' id='word_1_172' title='bbox 730 2048 984 2119; x_wconf 82' lang='grc' dir='ltr'><strong>θεότητος</strong></span> <span class='ocrx_word' id='word_1_173' title='bbox 1018 2049 1206 2114; x_wconf 81' lang='grc' dir='ltr'>θάκοις</span> <span class='ocrx_word' id='word_1_174' title='bbox 1232 2051 1260 2102; x_wconf 90' lang='lat'><strong>6</strong></span> <span class='ocrx_word' id='word_1_175' title='bbox 1291 2053 1355 2103; x_wconf 86' lang='grc' dir='ltr'>ὲκ</span> <span class='ocrx_word' id='word_1_176' title='bbox 1378 2052 1660 2116; x_wconf 76' lang='grc' dir='ltr'>γυναικὸς.</span> <span class='ocrx_word' id='word_1_177' title='bbox 1688 2052 1781 2105; x_wconf 76' lang='grc' dir='ltr'><strong>καὶ</strong></span> <span class='ocrx_word' id='word_1_178' title='bbox 1811 2053 1955 2122; x_wconf 79' lang='grc' dir='ltr'>πέρα</span> 
     </span>
    </p>
   </div>
   <div class='ocr_carea' id='block_1_23' title="bbox 373 2138 1957 2211">
    <p class='ocr_par' dir='ltr' id='par_1_23' title="bbox 373 2138 1957 2211">
     <span class='ocr_line' id='line_1_23' title="bbox 373 2138 1957 2211; baseline 0.002 -19"><span class='ocrx_word' id='word_1_179' title='bbox 373 2138 558 2209; x_wconf 81' lang='grc' dir='ltr'><strong>πάσης</strong></span> <span class='ocrx_word' id='word_1_180' title='bbox 591 2140 790 2210; x_wconf 81' lang='grc' dir='ltr'>’Λρχῆς</span> <span class='ocrx_word' id='word_1_181' title='bbox 822 2140 915 2193; x_wconf 78' lang='grc' dir='ltr'>καὶ</span> <span class='ocrx_word' id='word_1_182' title='bbox 936 2140 1291 2209; x_wconf 67' lang='grc' dir='ltr'>κυριότητος,</span> <span class='ocrx_word' id='word_1_183' title='bbox 1323 2141 1537 2211; x_wconf 85' lang='grc' dir='ltr'>Θρὸνων</span> <span class='ocrx_word' id='word_1_184' title='bbox 1564 2159 1621 2195; x_wconf 83' lang='grc' dir='ltr'><strong>τε</strong></span> <span class='ocrx_word' id='word_1_185' title='bbox 1648 2144 1742 2195; x_wconf 73' lang='grc' dir='ltr'>καὶ</span> <span class='ocrx_word' id='word_1_186' title='bbox 1770 2145 1957 2209; x_wconf 83' lang='grc' dir='ltr'>Ἑξου-</span> 
     </span>
    </p>
   </div>
   <div class='ocr_carea' id='block_1_24' title="bbox 376 2231 1955 2308">
    <p class='ocr_par' dir='ltr' id='par_1_24' title="bbox 376 2231 1955 2308">
     <span class='ocr_line' id='line_1_24' title="bbox 376 2231 1955 2308; baseline 0.004 -25"><span class='ocrx_word' id='word_1_187' title='bbox 376 2231 519 2294; x_wconf 89' lang='grc' dir='ltr'>σίας,</span> <span class='ocrx_word' id='word_1_188' title='bbox 574 2232 668 2285; x_wconf 70' lang='grc' dir='ltr'>καὶ</span> <span class='ocrx_word' id='word_1_189' title='bbox 717 2232 918 2294; x_wconf 85' lang='grc' dir='ltr'>παντὸς</span> <span class='ocrx_word' id='word_1_190' title='bbox 964 2232 1228 2301; x_wconf 85' lang='grc' dir='ltr'>ὀνόματος</span> <span class='ocrx_word' id='word_1_191' title='bbox 1280 2233 1716 2303; x_wconf 77' lang='grc' dir='ltr'>ὀνομαζομένους</span> <span class='ocrx_word' id='word_1_192' title='bbox 1765 2236 1955 2308; x_wconf 81' lang='grc' dir='ltr'>’Δθρει</span> 
     </span>
    </p>
   </div>
   <div class='ocr_carea' id='block_1_25' title="bbox 371 2321 1956 2398">
    <p class='ocr_par' dir='ltr' id='par_1_25' title="bbox 371 2321 1956 2398">
     <span class='ocr_line' id='line_1_25' title="bbox 371 2321 1956 2398; baseline 0.004 -22"><span class='ocrx_word' id='word_1_193' title='bbox 371 2322 617 2387; x_wconf 80' lang='grc' dir='ltr'>δὲ,ὄπως</span> <span class='ocrx_word' id='word_1_194' title='bbox 637 2326 664 2377; x_wconf 91' lang='lat'><strong>6</strong></span> <span class='ocrx_word' id='word_1_195' title='bbox 696 2324 896 2395; x_wconf 81' lang='grc' dir='ltr'>Κύριος</span> <span class='ocrx_word' id='word_1_196' title='bbox 927 2324 1120 2391; x_wconf 76' lang='grc' dir='ltr'>λέγων’</span> <span class='ocrx_word' id='word_1_197' title='bbox 1145 2344 1162 2374; x_wconf 92' lang='grc' dir='ltr'><strong>ι</strong></span> <span class='ocrx_word' id='word_1_198' title='bbox 1192 2326 1250 2377; x_wconf 82' lang='lat' dir='ltr'><strong>Ei</strong></span> <span class='ocrx_word' id='word_1_199' title='bbox 1280 2321 1371 2379; x_wconf 80' lang='grc' dir='ltr'>οὖν</span> <span class='ocrx_word' id='word_1_200' title='bbox 1400 2326 1565 2379; x_wconf 72' lang='grc' dir='ltr'><strong>Δαὸὶδ</strong></span> <span class='ocrx_word' id='word_1_201' title='bbox 1594 2328 1650 2379; x_wconf 77' lang='grc' dir='ltr'>ἐν</span> <span class='ocrx_word' id='word_1_202' title='bbox 1680 2328 1956 2398; x_wconf 80' lang='grc' dir='ltr'>Πνεύματι</span> 
     </span>
    </p>
   </div>
   <div class='ocr_carea' id='block_1_26' title="bbox 371 2412 1957 2489">
    <p class='ocr_par' dir='ltr' id='par_1_26' title="bbox 371 2412 1957 2489">
     <span class='ocr_line' id='line_1_26' title="bbox 371 2412 1957 2489; baseline 0.004 -24"><span class='ocrx_word' id='word_1_203' title='bbox 371 2412 580 2483; x_wconf 73' lang='grc' dir='ltr'>Κύριον</span> <span class='ocrx_word' id='word_1_204' title='bbox 633 2413 922 2483; x_wconf 76' lang='grc' dir='ltr'><strong>ὀνομάζει,</strong></span> <span class='ocrx_word' id='word_1_205' title='bbox 970 2416 1088 2478; x_wconf 80' lang='grc' dir='ltr'>πῶς</span> <span class='ocrx_word' id='word_1_206' title='bbox 1142 2416 1254 2478; x_wconf 75' lang='grc' dir='ltr'>υίὸς</span> <span class='ocrx_word' id='word_1_207' title='bbox 1304 2416 1466 2469; x_wconf 80' lang='grc' dir='ltr'>αὑτοῦ</span> <span class='ocrx_word' id='word_1_208' title='bbox 1505 2418 1652 2483; x_wconf 75' lang='grc' dir='ltr'>ὲστις</span> <span class='ocrx_word' id='word_1_209' title='bbox 1694 2437 1711 2469; x_wconf 80' lang='grc' dir='ltr'><strong>ι</strong></span> <span class='ocrx_word' id='word_1_210' title='bbox 1743 2423 1957 2489; x_wconf 79' lang='grc' dir='ltr'>φρονεῖν</span> 
     </span>
    </p>
   </div>
   <div class='ocr_carea' id='block_1_27' title="bbox 371 2501 1954 2578">
    <p class='ocr_par' dir='ltr' id='par_1_27' title="bbox 371 2501 1954 2578">
     <span class='ocr_line' id='line_1_27' title="bbox 371 2501 1954 2578; baseline 0.005 -23"><span class='ocrx_word' id='word_1_211' title='bbox 371 2501 664 2555; x_wconf 79' lang='grc' dir='ltr'>ἀναπείθει</span> <span class='ocrx_word' id='word_1_212' title='bbox 689 2504 816 2565; x_wconf 71' lang='grc' dir='ltr'>τοὺς</span> <span class='ocrx_word' id='word_1_213' title='bbox 844 2505 1003 2575; x_wconf 70' lang='grc' dir='ltr'>οἵπερ</span> <span class='ocrx_word' id='word_1_214' title='bbox 1024 2505 1088 2557; x_wconf 78' lang='grc' dir='ltr'>ἂν</span> <span class='ocrx_word' id='word_1_215' title='bbox 1119 2502 1227 2557; x_wconf 79' lang='grc' dir='ltr'>εἷεν</span> <span class='ocrx_word' id='word_1_216' title='bbox 1250 2506 1346 2575; x_wconf 78' lang='grc' dir='ltr'>τῆς</span> <span class='ocrx_word' id='word_1_217' title='bbox 1370 2506 1620 2578; x_wconf 77' lang='grc' dir='ltr'>ἀληθείας</span> <span class='ocrx_word' id='word_1_218' title='bbox 1645 2510 1954 2577; x_wconf 68' lang='grc' dir='ltr'>ὲρευνηταὶ,</span> 
     </span>
    </p>
   </div>
   <div class='ocr_carea' id='block_1_28' title="bbox 369 2589 1954 2668">
    <p class='ocr_par' dir='ltr' id='par_1_28' title="bbox 369 2589 1954 2668">
     <span class='ocr_line' id='line_1_28' title="bbox 369 2589 1954 2668; baseline 0.006 -25"><span class='ocrx_word' id='word_1_219' title='bbox 369 2589 447 2653; x_wconf 82' lang='grc' dir='ltr'><strong>ὡς</strong></span> <span class='ocrx_word' id='word_1_220' title='bbox 480 2593 539 2645; x_wconf 78' lang='grc' dir='ltr'>ὲν</span> <span class='ocrx_word' id='word_1_221' title='bbox 576 2592 789 2661; x_wconf 82' lang='grc' dir='ltr'>μεθέξει</span> <span class='ocrx_word' id='word_1_222' title='bbox 826 2594 1028 2663; x_wconf 81' lang='grc' dir='ltr'>σαρκὸς</span> <span class='ocrx_word' id='word_1_223' title='bbox 1054 2595 1149 2647; x_wconf 58' lang='grc' dir='ltr'><strong>καὶ⁸</strong></span> <span class='ocrx_word' id='word_1_224' title='bbox 1178 2596 1408 2665; x_wconf 77' lang='grc' dir='ltr'>αἵματος</span> <span class='ocrx_word' id='word_1_225' title='bbox 1435 2598 1674 2665; x_wconf 86' lang='grc' dir='ltr'>γεγονὼς</span> <span class='ocrx_word' id='word_1_226' title='bbox 1702 2600 1731 2651; x_wconf 90' lang='lat'><strong>6</strong></span> <span class='ocrx_word' id='word_1_227' title='bbox 1764 2600 1954 2668; x_wconf 80' lang='grc' dir='ltr'>Λόγος,</span> 
     </span>
    </p>
   </div>
   <div class='ocr_carea' id='block_1_29' title="bbox 374 2676 1958 2759">
    <p class='ocr_par' dir='ltr' id='par_1_29' title="bbox 374 2676 1958 2759">
     <span class='ocr_line' id='line_1_29' title="bbox 374 2676 1958 2759; baseline 0.008 -27"><span class='ocrx_word' id='word_1_228' title='bbox 374 2676 455 2743; x_wconf 68' lang='grc' dir='ltr'>εἷς</span> <span class='ocrx_word' id='word_1_229' title='bbox 491 2684 769 2754; x_wconf 80' lang='grc' dir='ltr'>μεμένηκε</span> <span class='ocrx_word' id='word_1_230' title='bbox 802 2685 898 2739; x_wconf 71' lang='grc' dir='ltr'>καὶ</span> <span class='ocrx_word' id='word_1_231' title='bbox 919 2684 1092 2748; x_wconf 87' lang='grc' dir='ltr'>οῦτως</span> <span class='ocrx_word' id='word_1_232' title='bbox 1131 2686 1280 2748; x_wconf 78' lang='grc' dir='ltr'>Υἱὸς,</span> <span class='ocrx_word' id='word_1_233' title='bbox 1311 2690 1392 2740; x_wconf 71' lang='grc' dir='ltr'><strong>ὅτι</strong></span> <span class='ocrx_word' id='word_1_234' title='bbox 1433 2689 1532 2759; x_wconf 76' lang='grc' dir='ltr'><strong>μέν</strong></span> <span class='ocrx_word' id='word_1_235' title='bbox 1566 2691 1681 2743; x_wconf 80' lang='grc' dir='ltr'>ἐστι</span> <span class='ocrx_word' id='word_1_236' title='bbox 1708 2690 1861 2755; x_wconf 81' lang='grc' dir='ltr'>Θεὸς,</span> <span class='ocrx_word' id='word_1_237' title='bbox 1895 2694 1958 2746; x_wconf 79' lang='grc' dir='ltr'>ὲκ</span> 
     </span>
    </p>
   </div>
   <div class='ocr_carea' id='block_1_30' title="bbox 371 2770 1954 2852">
    <p class='ocr_par' dir='ltr' id='par_1_30' title="bbox 371 2770 1954 2852">
     <span class='ocr_line' id='line_1_30' title="bbox 371 2770 1954 2852; baseline 0.007 -27"><span class='ocrx_word' id='word_1_238' title='bbox 371 2770 710 2842; x_wconf 76' lang='grc' dir='ltr'>θεοπρεποῦς</span> <span class='ocrx_word' id='word_1_239' title='bbox 732 2777 1007 2847; x_wconf 77' lang='grc' dir='ltr'>ὑπεροχῆς</span> <span class='ocrx_word' id='word_1_240' title='bbox 1032 2779 1127 2831; x_wconf 73' lang='grc' dir='ltr'>καὶ</span> <span class='ocrx_word' id='word_1_241' title='bbox 1153 2779 1471 2849; x_wconf 73' lang='grc' dir='ltr'>κυριότητος</span> <span class='ocrx_word' id='word_1_242' title='bbox 1492 2782 1954 2852; x_wconf 62' lang='grc' dir='ltr'>μαρτυρούμενος</span> 
     </span>
    </p>
   </div>
   <div class='ocr_carea' id='block_1_31' title="bbox 371 2864 1961 2943">
    <p class='ocr_par' dir='ltr' id='par_1_31' title="bbox 371 2864 1961 2943">
     <span class='ocr_line' id='line_1_31' title="bbox 371 2864 1961 2943; baseline 0.008 -28"><span class='ocrx_word' id='word_1_243' title='bbox 371 2864 458 2921; x_wconf 81' lang='grc' dir='ltr'><strong>δτι</strong></span> <span class='ocrx_word' id='word_1_244' title='bbox 491 2864 548 2916; x_wconf 81' lang='grc' dir='ltr'>δὲ</span> <span class='ocrx_word' id='word_1_245' title='bbox 582 2864 818 2936; x_wconf 76' lang='grc' dir='ltr'>πέφηνεν</span> <span class='ocrx_word' id='word_1_246' title='bbox 862 2868 1169 2938; x_wconf 74' lang='grc' dir='ltr'>ἄνθρωπος,</span> <span class='ocrx_word' id='word_1_247' title='bbox 1201 2868 1295 2922; x_wconf 85' lang='grc' dir='ltr'><strong>τοῦ</strong></span> <span class='ocrx_word' id='word_1_248' title='bbox 1333 2871 1427 2923; x_wconf 72' lang='grc' dir='ltr'>καὶ</span> <span class='ocrx_word' id='word_1_249' title='bbox 1464 2870 1593 2924; x_wconf 80' lang='grc' dir='ltr'>Υίοῦ</span> <span class='ocrx_word' id='word_1_250' title='bbox 1616 2874 1961 2943; x_wconf 79' lang='grc' dir='ltr'>χρηματίσαι</span> 
     </span>
    </p>
   </div>
   <div class='ocr_carea' id='block_1_32' title="bbox 373 2951 1360 3029">
    <p class='ocr_par' dir='ltr' id='par_1_32' title="bbox 373 2951 1360 3029">
     <span class='ocr_line' id='line_1_32' title="bbox 373 2951 1360 3029; baseline 0.005 -22"><span class='ocrx_word' id='word_1_251' title='bbox 373 2953 544 3007; x_wconf 79' lang='grc' dir='ltr'>Δαδὶδ</span> <span class='ocrx_word' id='word_1_252' title='bbox 564 2951 623 3009; x_wconf 83' lang='grc' dir='ltr'>εὖ</span> <span class='ocrx_word' id='word_1_253' title='bbox 665 2957 810 3025; x_wconf 86' lang='grc' dir='ltr'>μάλα</span> <span class='ocrx_word' id='word_1_254' title='bbox 837 2961 1360 3029; x_wconf 82' lang='grc' dir='ltr'>κατασημαίνοντος.</span> 
     </span>
    </p>
   </div>
   <div class='ocr_carea' id='block_1_33' title="bbox 450 3049 1959 3130">
    <p class='ocr_par' dir='ltr' id='par_1_33' title="bbox 450 3049 1959 3130">
     <span class='ocr_line' id='line_1_33' title="bbox 450 3049 1959 3130; baseline 0.007 -29"><span class='ocrx_word' id='word_1_255' title='bbox 450 3049 511 3102; x_wconf 91' lang='grc' dir='ltr'><strong>Β.</strong></span> <span class='ocrx_word' id='word_1_256' title='bbox 553 3051 716 3103; x_wconf 78' lang='grc' dir='ltr'>Φαῖεν</span> <span class='ocrx_word' id='word_1_257' title='bbox 758 3052 825 3104; x_wconf 83' lang='grc' dir='ltr'>ἂν</span> <span class='ocrx_word' id='word_1_258' title='bbox 868 3051 998 3115; x_wconf 78' lang='grc' dir='ltr'>ἴσως</span> <span class='ocrx_word' id='word_1_259' title='bbox 1037 3056 1131 3107; x_wconf 70' lang='grc' dir='ltr'>καὶ</span> <span class='ocrx_word' id='word_1_260' title='bbox 1159 3056 1295 3125; x_wconf 64' lang='grc' dir='ltr'>πρός</span> <span class='ocrx_word' id='word_1_261' title='bbox 1326 3073 1389 3123; x_wconf 88' lang='grc' dir='ltr'><strong>γε</strong></span> <span class='ocrx_word' id='word_1_262' title='bbox 1415 3056 1608 3127; x_wconf 84' lang='grc' dir='ltr'>ταῦτα,</span> <span class='ocrx_word' id='word_1_263' title='bbox 1639 3059 1959 3130; x_wconf 84' lang='grc' dir='ltr'>διατεκμαί-</span> 
     </span>
    </p>
   </div>
   <div class='ocr_carea' id='block_1_34' title="bbox 373 3138 1958 3222">
    <p class='ocr_par' dir='ltr' id='par_1_34' title="bbox 373 3138 1958 3222">
     <span class='ocr_line' id='line_1_34' title="bbox 373 3138 1958 3222; baseline 0.006 -27"><span class='ocrx_word' id='word_1_264' title='bbox 373 3159 547 3215; x_wconf 87' lang='grc' dir='ltr'>ρομαι</span> <span class='ocrx_word' id='word_1_265' title='bbox 574 3143 701 3212; x_wconf 88' lang='grc' dir='ltr'>γάρ·</span> <span class='ocrx_word' id='word_1_266' title='bbox 726 3138 851 3212; x_wconf 63' lang='grc' dir='ltr'><strong>Ἆρ’</strong></span> <span class='ocrx_word' id='word_1_267' title='bbox 878 3145 942 3196; x_wconf 79' lang='grc' dir='ltr'>ἐκ</span> <span class='ocrx_word' id='word_1_268' title='bbox 970 3145 1068 3214; x_wconf 80' lang='grc' dir='ltr'>τῆς</span> <span class='ocrx_word' id='word_1_269' title='bbox 1101 3146 1286 3210; x_wconf 75' lang='grc' dir='ltr'>οὐσίας</span> <span class='ocrx_word' id='word_1_270' title='bbox 1310 3148 1405 3201; x_wconf 90' lang='grc' dir='ltr'><strong>τοῦ</strong></span> <span class='ocrx_word' id='word_1_271' title='bbox 1436 3148 1570 3203; x_wconf 86' lang='grc' dir='ltr'>Θεοῦ</span> <span class='ocrx_word' id='word_1_272' title='bbox 1605 3153 1697 3203; x_wconf 79' lang='grc' dir='ltr'>καὶ</span> <span class='ocrx_word' id='word_1_273' title='bbox 1728 3152 1958 3222; x_wconf 73' lang='grc' dir='ltr'>[ἰατρὸς.</span> 
     </span>
    </p>
   </div>
   <div class='ocr_carea' id='block_1_35' title="bbox 373 3231 1958 3313">
    <p class='ocr_par' dir='ltr' id='par_1_35' title="bbox 373 3231 1958 3313">
     <span class='ocr_line' id='line_1_35' title="bbox 373 3231 1958 3313; baseline 0.006 -24"><span class='ocrx_word' id='word_1_274' title='bbox 373 3236 478 3289; x_wconf 73' lang='grc' dir='ltr'>καὶ</span> <span class='ocrx_word' id='word_1_275' title='bbox 531 3235 691 3289; x_wconf 75' lang='grc' dir='ltr'>αὑτὸν</span> <span class='ocrx_word' id='word_1_276' title='bbox 744 3231 883 3289; x_wconf 78' lang='grc' dir='ltr'>εἶναι</span> <span class='ocrx_word' id='word_1_277' title='bbox 942 3236 1186 3309; x_wconf 81' lang='grc' dir='ltr'>δώσομεν</span> <span class='ocrx_word' id='word_1_278' title='bbox 1233 3240 1326 3293; x_wconf 83' lang='grc' dir='ltr'>τὸν</span> <span class='ocrx_word' id='word_1_279' title='bbox 1370 3243 1434 3294; x_wconf 85' lang='grc' dir='ltr'>ὲκ</span> <span class='ocrx_word' id='word_1_280' title='bbox 1489 3242 1805 3313; x_wconf 80' lang='grc' dir='ltr'>σπέρματος</span> <span class='ocrx_word' id='word_1_281' title='bbox 1863 3243 1958 3298; x_wconf 86' lang='grc' dir='ltr'><strong>τοῦ</strong></span> 
     </span>
    </p>
   </div>
   <div class='ocr_carea' id='block_1_36' title="bbox 371 3328 581 3394">
    <p class='ocr_par' dir='ltr' id='par_1_36' title="bbox 371 3328 581 3394">
     <span class='ocr_line' id='line_1_36' title="bbox 371 3328 581 3394; baseline -0.014 -10"><span class='ocrx_word' id='word_1_282' title='bbox 371 3328 547 3384; x_wconf 73' lang='grc' dir='ltr'>Δαϐίδ</span> <span class='ocrx_word' id='word_1_283' title='bbox 566 3345 581 3394; x_wconf 90' lang='lat'><strong>;</strong></span> 
     </span>
    </p>
   </div>
   <div class='ocr_carea' id='block_1_37' title="bbox 454 3420 1961 3492">
    <p class='ocr_par' dir='ltr' id='par_1_37' title="bbox 454 3420 1961 3492">
     <span class='ocr_line' id='line_1_37' title="bbox 454 3420 1961 3492; baseline 0.004 -18"><span class='ocrx_word' id='word_1_284' title='bbox 454 3424 522 3476; x_wconf 83' lang='lat' dir='ltr'><strong>A.</strong></span> <span class='ocrx_word' id='word_1_285' title='bbox 554 3420 749 3473; x_wconf 87' lang='grc' dir='ltr'>Καίτοι</span> <span class='ocrx_word' id='word_1_286' title='bbox 782 3421 899 3485; x_wconf 77' lang='grc' dir='ltr'><strong>πῶς</strong></span> <span class='ocrx_word' id='word_1_287' title='bbox 954 3422 986 3491; x_wconf 80' lang='grc' dir='ltr'><strong>ἡ</strong></span> <span class='ocrx_word' id='word_1_288' title='bbox 1018 3421 1197 3475; x_wconf 79' lang='grc' dir='ltr'>τοιάδε</span> <span class='ocrx_word' id='word_1_289' title='bbox 1231 3421 1425 3484; x_wconf 83' lang='grc' dir='ltr'>πεῦσις</span> <span class='ocrx_word' id='word_1_290' title='bbox 1473 3423 1535 3475; x_wconf 82' lang='grc' dir='ltr'>οὐ</span> <span class='ocrx_word' id='word_1_291' title='bbox 1575 3422 1708 3475; x_wconf 77' lang='grc' dir='ltr'>πολὺ</span> <span class='ocrx_word' id='word_1_292' title='bbox 1740 3425 1805 3492; x_wconf 85' lang='grc' dir='ltr'>δὴ</span> <span class='ocrx_word' id='word_1_293' title='bbox 1839 3426 1961 3480; x_wconf 86' lang='grc' dir='ltr'>λίαν</span> 
     </span>
    </p>
   </div>
   <div class='ocr_carea' id='block_1_38' title="bbox 374 3510 1959 3589">
    <p class='ocr_par' dir='ltr' id='par_1_38' title="bbox 374 3510 1959 3589">
     <span class='ocr_line' id='line_1_38' title="bbox 374 3510 1959 3589; baseline 0.001 -23"><span class='ocrx_word' id='word_1_294' title='bbox 374 3512 443 3566; x_wconf 80' lang='grc' dir='ltr'>τὸ</span> <span class='ocrx_word' id='word_1_295' title='bbox 488 3511 765 3589; x_wconf 69' lang='grc' dir='ltr'>ἀσύφηλον</span> <span class='ocrx_word' id='word_1_296' title='bbox 811 3510 965 3581; x_wconf 77' lang='grc' dir='ltr'>ἔχεις</span> <span class='ocrx_word' id='word_1_297' title='bbox 1008 3512 1120 3565; x_wconf 75' lang='grc' dir='ltr'>Καὶ</span> <span class='ocrx_word' id='word_1_298' title='bbox 1162 3512 1475 3582; x_wconf 76' lang='grc' dir='ltr'>ὰπᾳδόντως</span> <span class='ocrx_word' id='word_1_299' title='bbox 1525 3510 1593 3566; x_wconf 80' lang='grc' dir='ltr'>ἂν</span> <span class='ocrx_word' id='word_1_300' title='bbox 1640 3512 1847 3580; x_wconf 81' lang='grc' dir='ltr'>γένοιτο</span> <span class='ocrx_word' id='word_1_301' title='bbox 1895 3519 1959 3584; x_wconf 81' lang='grc' dir='ltr'>τῇ</span> 
     </span>
    </p>
   </div>
   <div class='ocr_carea' id='block_1_39' title="bbox 377 3600 1965 3671">
    <p class='ocr_par' dir='ltr' id='par_1_39' title="bbox 377 3600 1965 3671">
     <span class='ocr_line' id='line_1_39' title="bbox 377 3600 1965 3671; baseline 0 -18"><span class='ocrx_word' id='word_1_302' title='bbox 377 3600 478 3653; x_wconf 87' lang='grc' dir='ltr'><strong>τοῦ</strong></span> <span class='ocrx_word' id='word_1_303' title='bbox 522 3601 819 3671; x_wconf 80' lang='grc' dir='ltr'>μυστηρίου</span> <span class='ocrx_word' id='word_1_304' title='bbox 853 3601 1080 3671; x_wconf 83' lang='grc' dir='ltr'>δυνάμει</span> <span class='ocrx_word' id='word_1_305' title='bbox 1110 3601 1203 3653; x_wconf 69' lang='grc' dir='ltr'>καὶ</span> <span class='ocrx_word' id='word_1_306' title='bbox 1252 3602 1364 3663; x_wconf 80' lang='grc' dir='ltr'>τοῖς</span> <span class='ocrx_word' id='word_1_307' title='bbox 1394 3600 1493 3670; x_wconf 85' lang='grc' dir='ltr'>τῆς</span> <span class='ocrx_word' id='word_1_308' title='bbox 1532 3600 1788 3670; x_wconf 74' lang='grc' dir='ltr'>ἀληθείας</span> <span class='ocrx_word' id='word_1_309' title='bbox 1815 3601 1965 3669; x_wconf 55' lang='grc' dir='ltr'>φιλοε</span> 
     </span>
    </p>
   </div>
   <div class='ocr_carea' id='block_1_40' title="bbox 379 3690 682 3759">
    <p class='ocr_par' dir='ltr' id='par_1_40' title="bbox 379 3690 682 3759">
     <span class='ocr_line' id='line_1_40' title="bbox 379 3690 682 3759; baseline -0.007 -15"><span class='ocrx_word' id='word_1_310' title='bbox 379 3690 647 3759; x_wconf 75' lang='grc' dir='ltr'>Θεάμοσιν</span> <span class='ocrx_word' id='word_1_311' title='bbox 666 3708 682 3754; x_wconf 86' lang='lat'><strong>;</strong></span> 
     </span>
    </p>
   </div>
   <div class='ocr_carea' id='block_1_41' title="bbox 456 3783 975 3853">
    <p class='ocr_par' dir='ltr' id='par_1_41' title="bbox 456 3783 975 3853">
     <span class='ocr_line' id='line_1_41' title="bbox 456 3783 975 3853; baseline 0 -17"><span class='ocrx_word' id='word_1_312' title='bbox 456 3785 515 3836; x_wconf 88' lang='grc' dir='ltr'><strong>Β.</strong></span> <span class='ocrx_word' id='word_1_313' title='bbox 556 3783 767 3853; x_wconf 81' lang='grc' dir='ltr'>Φράσον</span> <span class='ocrx_word' id='word_1_314' title='bbox 804 3784 975 3845; x_wconf 85' lang='grc' dir='ltr'>ὅπως.</span> 
     </span>
    </p>
   </div>
   <div class='ocr_carea' id='block_1_42' title="bbox 462 3873 1965 3945">
    <p class='ocr_par' dir='ltr' id='par_1_42' title="bbox 462 3873 1965 3945">
     <span class='ocr_line' id='line_1_42' title="bbox 462 3873 1965 3945; baseline 0.001 -18"><span class='ocrx_word' id='word_1_315' title='bbox 462 3876 524 3928; x_wconf 81' lang='grc' dir='ltr'>Λ.</span> <span class='ocrx_word' id='word_1_316' title='bbox 565 3876 655 3945; x_wconf 79' lang='grc' dir='ltr'><strong>Μὴ</strong></span> <span class='ocrx_word' id='word_1_317' title='bbox 681 3875 790 3944; x_wconf 88' lang='grc' dir='ltr'><strong>γάρ</strong></span> <span class='ocrx_word' id='word_1_318' title='bbox 821 3874 1220 3945; x_wconf 81' lang='grc' dir='ltr'>μοιδιέλῃς,ὡς</span> <span class='ocrx_word' id='word_1_319' title='bbox 1251 3873 1438 3945; x_wconf 71' lang='grc' dir='ltr'>ἕτερόν</span> <span class='ocrx_word' id='word_1_320' title='bbox 1467 3891 1590 3928; x_wconf 88' lang='grc' dir='ltr'>τινα</span> <span class='ocrx_word' id='word_1_321' title='bbox 1620 3874 1793 3941; x_wconf 84' lang='grc' dir='ltr'>λέγων</span> <span class='ocrx_word' id='word_1_322' title='bbox 1816 3874 1965 3945; x_wconf 77' lang='grc' dir='ltr'>παρὰ</span> 
     </span>
    </p>
   </div>
   <div class='ocr_carea' id='block_1_43' title="bbox 379 3966 1963 4038">
    <p class='ocr_par' dir='ltr' id='par_1_43' title="bbox 379 3966 1963 4038">
     <span class='ocr_line' id='line_1_43' title="bbox 379 3966 1963 4038; baseline -0.001 -18"><span class='ocrx_word' id='word_1_323' title='bbox 379 3968 478 4020; x_wconf 79' lang='grc' dir='ltr'>τὸν</span> <span class='ocrx_word' id='word_1_324' title='bbox 509 3966 603 4019; x_wconf 72' lang='grc' dir='ltr'>ἕνα</span> <span class='ocrx_word' id='word_1_325' title='bbox 633 3967 867 4036; x_wconf 82' lang='grc' dir='ltr'>Χριστὸν</span> <span class='ocrx_word' id='word_1_326' title='bbox 894 3967 989 4019; x_wconf 78' lang='grc' dir='ltr'>καὶ</span> <span class='ocrx_word' id='word_1_327' title='bbox 1011 3967 1135 4020; x_wconf 71' lang='grc' dir='ltr'>Υἰὸν</span> <span class='ocrx_word' id='word_1_328' title='bbox 1172 3966 1396 4038; x_wconf 73' lang='grc' dir='ltr'>Κύριον,</span> <span class='ocrx_word' id='word_1_329' title='bbox 1436 3967 1526 4020; x_wconf 81' lang='grc' dir='ltr'>τὸν</span> <span class='ocrx_word' id='word_1_330' title='bbox 1555 3969 1620 4019; x_wconf 84' lang='grc' dir='ltr'>ὲκ</span> <span class='ocrx_word' id='word_1_331' title='bbox 1653 3967 1963 4038; x_wconf 84' lang='grc' dir='ltr'>σπέρματος</span> 
     </span>
    </p>
   </div>
   <div class='ocr_carea' id='block_1_44' title="bbox 386 4058 1965 4129">
    <p class='ocr_par' dir='ltr' id='par_1_44' title="bbox 386 4058 1965 4129">
     <span class='ocr_line' id='line_1_44' title="bbox 386 4058 1965 4129; baseline 0.001 -18"><span class='ocrx_word' id='word_1_332' title='bbox 386 4058 485 4111; x_wconf 89' lang='grc' dir='ltr'><strong>τοῦ</strong></span> <span class='ocrx_word' id='word_1_333' title='bbox 515 4058 697 4111; x_wconf 76' lang='grc' dir='ltr'>Δαϐίδ.</span> <span class='ocrx_word' id='word_1_334' title='bbox 734 4059 793 4111; x_wconf 83' lang='grc' dir='ltr'>Ὀ</span> <span class='ocrx_word' id='word_1_335' title='bbox 831 4058 938 4129; x_wconf 87' lang='grc' dir='ltr'><strong>γάρ</strong></span> <span class='ocrx_word' id='word_1_336' title='bbox 976 4076 1058 4111; x_wconf 87' lang='grc' dir='ltr'><strong>τοι</strong></span> <span class='ocrx_word' id='word_1_337' title='bbox 1098 4058 1197 4126; x_wconf 71' lang='grc' dir='ltr'>τῆς</span> <span class='ocrx_word' id='word_1_338' title='bbox 1233 4058 1524 4129; x_wconf 77' lang='grc' dir='ltr'>ὀρθότητος</span> <span class='ocrx_word' id='word_1_339' title='bbox 1558 4059 1734 4125; x_wconf 85' lang='grc' dir='ltr'>λόγος.</span> <span class='ocrx_word' id='word_1_340' title='bbox 1780 4058 1869 4112; x_wconf 79' lang='grc' dir='ltr'>τὸν</span> <span class='ocrx_word' id='word_1_341' title='bbox 1901 4061 1965 4112; x_wconf 84' lang='grc' dir='ltr'>ἐκ</span> 
     </span>
    </p>
   </div>
   <div class='ocr_carea' id='block_1_45' title="bbox 382 4149 1965 4220">
    <p class='ocr_par' dir='ltr' id='par_1_45' title="bbox 382 4149 1965 4220">
     <span class='ocr_line' id='line_1_45' title="bbox 382 4149 1965 4220; baseline -0.001 -17"><span class='ocrx_word' id='word_1_342' title='bbox 382 4150 521 4203; x_wconf 77' lang='grc' dir='ltr'>θεοῦ</span> <span class='ocrx_word' id='word_1_343' title='bbox 568 4149 779 4220; x_wconf 77' lang='grc' dir='ltr'>Πατρὸς</span> <span class='ocrx_word' id='word_1_344' title='bbox 815 4149 988 4216; x_wconf 75' lang='grc' dir='ltr'>φύντα</span> <span class='ocrx_word' id='word_1_345' title='bbox 1026 4150 1154 4201; x_wconf 76' lang='grc' dir='ltr'>Υἱὸν</span> <span class='ocrx_word' id='word_1_346' title='bbox 1204 4149 1488 4218; x_wconf 80' lang='grc' dir='ltr'>μονογενῆ,</span> <span class='ocrx_word' id='word_1_347' title='bbox 1539 4151 1699 4203; x_wconf 75' lang='grc' dir='ltr'>αὑτὸν</span> <span class='ocrx_word' id='word_1_348' title='bbox 1741 4151 1836 4203; x_wconf 70' lang='grc' dir='ltr'>καὶ</span> <span class='ocrx_word' id='word_1_349' title='bbox 1866 4151 1965 4219; x_wconf 78' lang='grc' dir='ltr'>οὐχ</span> 
     </span>
    </p>
   </div>
   <div class='ocr_carea' id='block_1_46' title="bbox 387 4236 1965 4314">
    <p class='ocr_par' dir='ltr' id='par_1_46' title="bbox 387 4236 1965 4314">
     <span class='ocr_line' id='line_1_46' title="bbox 387 4236 1965 4314; baseline 0 -20"><span class='ocrx_word' id='word_1_350' title='bbox 387 4242 579 4314; x_wconf 70' lang='grc' dir='ltr'>ἕτερον</span> <span class='ocrx_word' id='word_1_351' title='bbox 608 4236 748 4295; x_wconf 77' lang='grc' dir='ltr'>εἶναι</span> <span class='ocrx_word' id='word_1_352' title='bbox 780 4240 1029 4310; x_wconf 81' lang='grc' dir='ltr'>βούλεται</span> <span class='ocrx_word' id='word_1_353' title='bbox 1058 4242 1148 4294; x_wconf 71' lang='grc' dir='ltr'><strong>τὸν</strong></span> <span class='ocrx_word' id='word_1_354' title='bbox 1179 4242 1243 4293; x_wconf 86' lang='grc' dir='ltr'>ὲκ</span> <span class='ocrx_word' id='word_1_355' title='bbox 1272 4241 1436 4293; x_wconf 70' lang='grc' dir='ltr'>Δαὸὶδ</span> <span class='ocrx_word' id='word_1_356' title='bbox 1473 4246 1613 4295; x_wconf 80' lang='grc' dir='ltr'>κατά</span> <span class='ocrx_word' id='word_1_357' title='bbox 1647 4243 1843 4313; x_wconf 84' lang='grc' dir='ltr'>σάρκα.</span> <span class='ocrx_word' id='word_1_358' title='bbox 1873 4242 1965 4308; x_wconf 80' lang='grc' dir='ltr'><strong>Μὴ</strong></span> 
     </span>
    </p>
   </div>
   <div class='ocr_carea' id='block_1_47' title="bbox 387 4332 1965 4404">
    <p class='ocr_par' dir='ltr' id='par_1_47' title="bbox 387 4332 1965 4404">
     <span class='ocr_line' id='line_1_47' title="bbox 387 4332 1965 4404; baseline -0.001 -18"><span class='ocrx_word' id='word_1_359' title='bbox 387 4334 569 4387; x_wconf 84' lang='grc' dir='ltr'>τοίνυν</span> <span class='ocrx_word' id='word_1_360' title='bbox 619 4332 678 4397; x_wconf 77' lang='grc' dir='ltr'><strong>ἐξ</strong></span> <span class='ocrx_word' id='word_1_361' title='bbox 731 4334 1043 4403; x_wconf 82' lang='grc' dir='ltr'>ἀμετρήτου</span> <span class='ocrx_word' id='word_1_362' title='bbox 1102 4332 1370 4400; x_wconf 88' lang='grc' dir='ltr'>λεγόντων</span> <span class='ocrx_word' id='word_1_363' title='bbox 1403 4334 1831 4404; x_wconf 73' lang='grc' dir='ltr'>ὲμϐροντησίας,</span> <span class='ocrx_word' id='word_1_364' title='bbox 1883 4335 1965 4387; x_wconf 85' lang='grc' dir='ltr'>ὅτι</span> 
     </span>
    </p>
   </div>
   <div class='ocr_carea' id='block_1_48' title="bbox 390 4423 1967 4496">
    <p class='ocr_par' dir='ltr' id='par_1_48' title="bbox 390 4423 1967 4496">
     <span class='ocr_line' id='line_1_48' title="bbox 390 4423 1967 4496; baseline 0.001 -19"><span class='ocrx_word' id='word_1_365' title='bbox 390 4424 579 4495; x_wconf 79' lang='grc' dir='ltr'>ὥσπερ</span> <span class='ocrx_word' id='word_1_366' title='bbox 607 4427 635 4478; x_wconf 92' lang='lat'><strong>6</strong></span> <span class='ocrx_word' id='word_1_367' title='bbox 664 4425 721 4491; x_wconf 76' lang='grc' dir='ltr'>ἐξ</span> <span class='ocrx_word' id='word_1_368' title='bbox 749 4425 979 4496; x_wconf 78' lang='grc' dir='ltr'>οὐρανοῦ</span> <span class='ocrx_word' id='word_1_369' title='bbox 1016 4423 1292 4477; x_wconf 82' lang='grc' dir='ltr'>κατελθὼν</span> <span class='ocrx_word' id='word_1_370' title='bbox 1325 4425 1517 4489; x_wconf 83' lang='grc' dir='ltr'>Λόγος,</span> <span class='ocrx_word' id='word_1_371' title='bbox 1551 4426 1651 4479; x_wconf 78' lang='grc' dir='ltr'><strong>οῦκ</strong></span> <span class='ocrx_word' id='word_1_372' title='bbox 1681 4425 1794 4480; x_wconf 84' lang='grc' dir='ltr'>ἔστι</span> <span class='ocrx_word' id='word_1_373' title='bbox 1826 4425 1967 4478; x_wconf 69' lang='grc' dir='ltr'>κατὰ</span> 
     </span>
    </p>
   </div>
   <div class='ocr_carea' id='block_1_49' title="bbox 2062 596 3629 677">
    <p class='ocr_par' dir='ltr' id='par_1_49' title="bbox 2062 596 3629 677">
     <span class='ocr_line' id='line_1_49' title="bbox 2062 596 3629 677; baseline 0.01 -27"><span class='ocrx_word' id='word_1_374' title='bbox 2062 596 2290 665; x_wconf 89' lang='lat' dir='ltr'><strong>idipsum</strong></span> <span class='ocrx_word' id='word_1_375' title='bbox 2329 600 2518 654; x_wconf 84' lang='lat' dir='ltr'><strong>audire</strong></span> <span class='ocrx_word' id='word_1_376' title='bbox 2546 601 2765 661; x_wconf 84' lang='lat' dir='ltr'><strong>debere.</strong></span> <span class='ocrx_word' id='word_1_377' title='bbox 2794 602 2936 672; x_wconf 87' lang='lat' dir='ltr'><strong>quod</strong></span> <span class='ocrx_word' id='word_1_378' title='bbox 2978 604 3229 660; x_wconf 76' lang='lat' dir='ltr'><strong>Christus</strong></span> <span class='ocrx_word' id='word_1_379' title='bbox 3258 607 3373 677; x_wconf 85' lang='lat' dir='ltr'><strong>ipse</strong></span> <span class='ocrx_word' id='word_1_380' title='bbox 3417 607 3629 665; x_wconf 67' lang='lat' dir='ltr'><strong>Judaeu-</strong></span> 
     </span>
    </p>
   </div>
   <div class='ocr_carea' id='block_1_50' title="bbox 2061 688 3632 761">
    <p class='ocr_par' dir='ltr' id='par_1_50' title="bbox 2061 688 3632 761">
     <span class='ocr_line' id='line_1_50' title="bbox 2061 688 3632 761; baseline 0.013 -23"><span class='ocrx_word' id='word_1_381' title='bbox 2061 700 2179 740; x_wconf 89' lang='lat' dir='ltr'><strong>rnm</strong></span> <span class='ocrx_word' id='word_1_382' title='bbox 2216 688 2548 757; x_wconf 88' lang='lat' dir='ltr'><strong>principilms</strong></span> <span class='ocrx_word' id='word_1_383' title='bbox 2596 692 2775 748; x_wconf 81' lang='lat' dir='ltr'><strong>dixit:</strong></span> <span class='ocrx_word' id='word_1_384' title='bbox 2834 712 2853 745; x_wconf 82' lang='grc' dir='ltr'><strong>ι</strong></span> <span class='ocrx_word' id='word_1_385' title='bbox 2913 694 3051 761; x_wconf 89' lang='lat' dir='ltr'><strong>Quid</strong></span> <span class='ocrx_word' id='word_1_386' title='bbox 3101 698 3253 750; x_wconf 82' lang='lat' dir='ltr'><strong>vobis</strong></span> <span class='ocrx_word' id='word_1_387' title='bbox 3303 700 3515 754; x_wconf 83' lang='lat' dir='ltr'><strong>videtur</strong></span> <span class='ocrx_word' id='word_1_388' title='bbox 3563 702 3632 759; x_wconf 87' lang='lat' dir='ltr'><strong>de</strong></span> 
     </span>
    </p>
   </div>
   <div class='ocr_carea' id='block_1_51' title="bbox 2058 776 3632 853">
    <p class='ocr_par' dir='ltr' id='par_1_51' title="bbox 2058 776 3632 853">
     <span class='ocr_line' id='line_1_51' title="bbox 2058 776 3632 853; baseline 0.013 -26"><span class='ocrx_word' id='word_1_389' title='bbox 2058 776 2318 833; x_wconf 85' lang='lat' dir='ltr'><strong>Christo?</strong></span> <span class='ocrx_word' id='word_1_390' title='bbox 2352 782 2504 849; x_wconf 82' lang='lat' dir='ltr'><strong>cujus</strong></span> <span class='ocrx_word' id='word_1_391' title='bbox 2542 782 2681 837; x_wconf 72' lang='lat' dir='ltr'><strong>filius</strong></span> <span class='ocrx_word' id='word_1_392' title='bbox 2707 792 2793 839; x_wconf 84' lang='lat' dir='ltr'><strong>est</strong></span> <span class='ocrx_word' id='word_1_393' title='bbox 2821 786 2888 839; x_wconf 67' lang='grc' dir='ltr'><strong>’ἲ</strong></span> <span class='ocrx_word' id='word_1_394' title='bbox 2929 806 2948 836; x_wconf 72' lang='grc' dir='ltr'><strong>ι</strong></span> <span class='ocrx_word' id='word_1_395' title='bbox 2980 786 3132 853; x_wconf 86' lang='lat' dir='ltr'><strong>Quod</strong></span> <span class='ocrx_word' id='word_1_396' title='bbox 3165 789 3208 842; x_wconf 89' lang='lat' dir='ltr'><strong>si</strong></span> <span class='ocrx_word' id='word_1_397' title='bbox 3236 791 3492 850; x_wconf 69' lang='lat' dir='ltr'><strong>dixerint.</strong></span> <span class='ocrx_word' id='word_1_398' title='bbox 3528 794 3632 847; x_wconf 82' lang='lat' dir='ltr'><strong>Da-</strong></span> 
     </span>
    </p>
   </div>
   <div class='ocr_carea' id='block_1_52' title="bbox 2058 869 3631 948">
    <p class='ocr_par' dir='ltr' id='par_1_52' title="bbox 2058 869 3631 948">
     <span class='ocr_line' id='line_1_52' title="bbox 2058 869 3631 948; baseline 0.013 -30"><span class='ocrx_word' id='word_1_399' title='bbox 2058 869 2218 932; x_wconf 83' lang='lat' dir='ltr'><strong>vidis,</strong></span> <span class='ocrx_word' id='word_1_400' title='bbox 2266 872 2486 927; x_wconf 78' lang='lat' dir='ltr'><strong>audient</strong></span> <span class='ocrx_word' id='word_1_401' title='bbox 2532 888 2560 925; x_wconf 73' lang='grc' dir='ltr'>τι</span> <span class='ocrx_word' id='word_1_402' title='bbox 2619 875 2817 928; x_wconf 77' lang='lat' dir='ltr'><strong>nobis:</strong></span> <span class='ocrx_word' id='word_1_403' title='bbox 2871 894 2891 928; x_wconf 82' lang='grc' dir='ltr'><strong>ι</strong></span> <span class='ocrx_word' id='word_1_404' title='bbox 2923 876 3201 944; x_wconf 84' lang='lat' dir='ltr'><strong>Quomodo</strong></span> <span class='ocrx_word' id='word_1_405' title='bbox 3255 883 3417 948; x_wconf 69' lang='lat' dir='ltr'><strong>igitur</strong></span> <span class='ocrx_word' id='word_1_406' title='bbox 3465 883 3631 939; x_wconf 73' lang='grc' dir='ltr'>υιιιίιΙ</span> 
     </span>
    </p>
   </div>
   <div class='ocr_carea' id='block_1_53' title="bbox 2059 957 3633 1033">
    <p class='ocr_par' dir='ltr' id='par_1_53' title="bbox 2059 957 3633 1033">
     <span class='ocr_line' id='line_1_53' title="bbox 2059 957 3633 1033; baseline 0.012 -22"><span class='ocrx_word' id='word_1_407' title='bbox 2059 957 2343 1013; x_wconf 79' lang='lat' dir='ltr'><strong>Dominum</strong></span> <span class='ocrx_word' id='word_1_408' title='bbox 2394 964 2566 1027; x_wconf 81' lang='lat' dir='ltr'><strong>ipsum</strong></span> <span class='ocrx_word' id='word_1_409' title='bbox 2618 964 2671 1019; x_wconf 88' lang='lat' dir='ltr'><strong>itt</strong></span> <span class='ocrx_word' id='word_1_410' title='bbox 2724 964 2925 1033; x_wconf 87' lang='lat' dir='ltr'><strong>Spiritu</strong></span> <span class='ocrx_word' id='word_1_411' title='bbox 2986 981 3164 1032; x_wconf 80' lang='lat' dir='ltr'><strong>vocat.</strong></span> <span class='ocrx_word' id='word_1_412' title='bbox 3211 972 3443 1029; x_wconf 72' lang='grc' dir='ltr'>ιΙὶοιτιιει</span> <span class='ocrx_word' id='word_1_413' title='bbox 3489 973 3633 1029; x_wconf 77' lang='lat' dir='ltr'><strong>Dixit</strong></span> 
     </span>
    </p>
   </div>
   <div class='ocr_carea' id='block_1_54' title="bbox 2057 1048 3632 1126">
    <p class='ocr_par' dir='ltr' id='par_1_54' title="bbox 2057 1048 3632 1126">
     <span class='ocr_line' id='line_1_54' title="bbox 2057 1048 3632 1126; baseline 0.01 -23"><span class='ocrx_word' id='word_1_414' title='bbox 2057 1048 2321 1104; x_wconf 88' lang='lat' dir='ltr'><strong>Dominus</strong></span> <span class='ocrx_word' id='word_1_415' title='bbox 2349 1050 2574 1107; x_wconf 89' lang='lat' dir='ltr'><strong>Dumino</strong></span> <span class='ocrx_word' id='word_1_416' title='bbox 2604 1071 2725 1108; x_wconf 90' lang='lat' dir='ltr'><strong>meo</strong></span> <span class='ocrx_word' id='word_1_417' title='bbox 2756 1074 2770 1111; x_wconf 89' lang='lat'><strong>:</strong></span> <span class='ocrx_word' id='word_1_418' title='bbox 2803 1057 2942 1111; x_wconf 88' lang='lat' dir='ltr'><strong>Sede</strong></span> <span class='ocrx_word' id='word_1_419' title='bbox 2972 1073 3002 1113; x_wconf 89' lang='lat' dir='ltr'><strong>a</strong></span> <span class='ocrx_word' id='word_1_420' title='bbox 3031 1061 3235 1115; x_wconf 78' lang='lat' dir='ltr'><strong>dextris</strong></span> <span class='ocrx_word' id='word_1_421' title='bbox 3269 1062 3423 1126; x_wconf 74' lang='lat' dir='ltr'><strong>meis,</strong></span> <span class='ocrx_word' id='word_1_422' title='bbox 3456 1062 3632 1118; x_wconf 80' lang='lat' dir='ltr'><strong>donec</strong></span> 
     </span>
    </p>
   </div>
   <div class='ocr_carea' id='block_1_55' title="bbox 2056 1144 3628 1221">
    <p class='ocr_par' dir='ltr' id='par_1_55' title="bbox 2056 1144 3628 1221">
     <span class='ocr_line' id='line_1_55' title="bbox 2056 1144 3628 1221; baseline 0.012 -30"><span class='ocrx_word' id='word_1_423' title='bbox 2056 1155 2248 1209; x_wconf 87' lang='lat' dir='ltr'><strong>ponam</strong></span> <span class='ocrx_word' id='word_1_424' title='bbox 2286 1144 2534 1199; x_wconf 84' lang='lat' dir='ltr'><strong>inimicos</strong></span> <span class='ocrx_word' id='word_1_425' title='bbox 2563 1157 2681 1199; x_wconf 87' lang='lat' dir='ltr'><strong>tuos</strong></span> <span class='ocrx_word' id='word_1_426' title='bbox 2705 1148 2999 1203; x_wconf 86' lang='lat' dir='ltr'><strong>scahelium</strong></span> <span class='ocrx_word' id='word_1_427' title='bbox 3047 1153 3240 1221; x_wconf 89' lang='lat' dir='ltr'><strong>pedum</strong></span> <span class='ocrx_word' id='word_1_428' title='bbox 3274 1155 3534 1209; x_wconf 78' lang='lat' dir='ltr'><strong>tuorum?</strong></span> <span class='ocrx_word' id='word_1_429' title='bbox 3572 1156 3628 1210; x_wconf 87' lang='lat' dir='ltr'><strong>Si</strong></span> 
     </span>
    </p>
   </div>
   <div class='ocr_carea' id='block_1_56' title="bbox 2055 1232 3629 1313">
    <p class='ocr_par' dir='ltr' id='par_1_56' title="bbox 2055 1232 3629 1313">
     <span class='ocr_line' id='line_1_56' title="bbox 2055 1232 3629 1313; baseline 0.01 -30"><span class='ocrx_word' id='word_1_430' title='bbox 2055 1245 2184 1299; x_wconf 77' lang='lat' dir='ltr'><strong>ergo</strong></span> <span class='ocrx_word' id='word_1_431' title='bbox 2212 1232 2373 1285; x_wconf 86' lang='lat' dir='ltr'><strong>David</strong></span> <span class='ocrx_word' id='word_1_432' title='bbox 2408 1234 2459 1286; x_wconf 93' lang='lat' dir='ltr'><strong>in</strong></span> <span class='ocrx_word' id='word_1_433' title='bbox 2493 1235 2693 1304; x_wconf 91' lang='lat' dir='ltr'><strong>Spiritu</strong></span> <span class='ocrx_word' id='word_1_434' title='bbox 2726 1249 2879 1292; x_wconf 87' lang='lat' dir='ltr'><strong>vocat</strong></span> <span class='ocrx_word' id='word_1_435' title='bbox 2916 1241 3089 1308; x_wconf 80' lang='lat' dir='ltr'><strong>ipsum</strong></span> <span class='ocrx_word' id='word_1_436' title='bbox 3141 1243 3422 1297; x_wconf 89' lang='lat' dir='ltr'><strong>Duminmn</strong></span> <span class='ocrx_word' id='word_1_437' title='bbox 3444 1285 3460 1310; x_wconf 92' lang='grc'><strong>,</strong></span> <span class='ocrx_word' id='word_1_438' title='bbox 3494 1260 3629 1313; x_wconf 77' lang='lat' dir='ltr'><strong>quo-</strong></span> 
     </span>
    </p>
   </div>
   <div class='ocr_carea' id='block_1_57' title="bbox 2056 1322 3629 1397">
    <p class='ocr_par' dir='ltr' id='par_1_57' title="bbox 2056 1322 3629 1397">
     <span class='ocr_line' id='line_1_57' title="bbox 2056 1322 3629 1397; baseline 0.013 -25"><span class='ocrx_word' id='word_1_439' title='bbox 2056 1322 2215 1372; x_wconf 86' lang='lat' dir='ltr'><strong>modo</strong></span> <span class='ocrx_word' id='word_1_440' title='bbox 2239 1322 2379 1377; x_wconf 83' lang='lat' dir='ltr'><strong>titius</strong></span> <span class='ocrx_word' id='word_1_441' title='bbox 2408 1324 2522 1390; x_wconf 87' lang='lat' dir='ltr'><strong>ejus</strong></span> <span class='ocrx_word' id='word_1_442' title='bbox 2547 1335 2684 1389; x_wconf 60' lang='lat' dir='ltr'><strong>est,»</strong></span> <span class='ocrx_word' id='word_1_443' title='bbox 2712 1329 2799 1397; x_wconf 90' lang='lat' dir='ltr'><strong>qtti</strong></span> <span class='ocrx_word' id='word_1_444' title='bbox 2831 1346 2935 1383; x_wconf 90' lang='lat' dir='ltr'><strong>non</strong></span> <span class='ocrx_word' id='word_1_445' title='bbox 2959 1342 3039 1385; x_wconf 75' lang='lat' dir='ltr'><strong>est</strong></span> <span class='ocrx_word' id='word_1_446' title='bbox 3072 1334 3390 1388; x_wconf 88' lang='lat' dir='ltr'><strong>naturaliter</strong></span> <span class='ocrx_word' id='word_1_447' title='bbox 3407 1351 3470 1387; x_wconf 78' lang='lat' dir='ltr'><strong>at:</strong></span> <span class='ocrx_word' id='word_1_448' title='bbox 3501 1351 3629 1392; x_wconf 79' lang='lat' dir='ltr'><strong>vero</strong></span> 
     </span>
    </p>
   </div>
   <div class='ocr_carea' id='block_1_58' title="bbox 2056 1406 3622 1491">
    <p class='ocr_par' dir='ltr' id='par_1_58' title="bbox 2056 1406 3622 1491">
     <span class='ocr_line' id='line_1_58' title="bbox 2056 1406 3622 1491; baseline 0.012 -31"><span class='ocrx_word' id='word_1_449' title='bbox 2056 1406 2225 1462; x_wconf 82' lang='lat' dir='ltr'><strong>Filius</strong></span> <span class='ocrx_word' id='word_1_450' title='bbox 2261 1410 2302 1473; x_wconf 75' lang='grc'>⁸,</span> <span class='ocrx_word' id='word_1_451' title='bbox 2353 1421 2408 1464; x_wconf 90' lang='grc' dir='ltr'><strong>ιιι</strong></span> <span class='ocrx_word' id='word_1_452' title='bbox 2472 1415 2705 1469; x_wconf 71' lang='lat' dir='ltr'><strong>lucretici</strong></span> <span class='ocrx_word' id='word_1_453' title='bbox 2746 1421 3009 1474; x_wconf 80' lang='lat' dir='ltr'><strong>censent?</strong></span> <span class='ocrx_word' id='word_1_454' title='bbox 3038 1435 3128 1474; x_wconf 90' lang='lat' dir='ltr'><strong>aut</strong></span> <span class='ocrx_word' id='word_1_455' title='bbox 3156 1439 3261 1489; x_wconf 91' lang='lat' dir='ltr'><strong>quo</strong></span> <span class='ocrx_word' id='word_1_456' title='bbox 3297 1438 3455 1491; x_wconf 79' lang='lat' dir='ltr'><strong>pacto</strong></span> <span class='ocrx_word' id='word_1_457' title='bbox 3487 1426 3622 1479; x_wconf 87' lang='lat' dir='ltr'><strong>assi-</strong></span> 
     </span>
    </p>
   </div>
   <div class='ocr_carea' id='block_1_59' title="bbox 2055 1500 3627 1582">
    <p class='ocr_par' dir='ltr' id='par_1_59' title="bbox 2055 1500 3627 1582">
     <span class='ocr_line' id='line_1_59' title="bbox 2055 1500 3627 1582; baseline 0.008 -29"><span class='ocrx_word' id='word_1_458' title='bbox 2055 1500 2143 1554; x_wconf 85' lang='lat' dir='ltr'><strong>det</strong></span> <span class='ocrx_word' id='word_1_459' title='bbox 2178 1500 2286 1555; x_wconf 89' lang='lat' dir='ltr'><strong>Deo</strong></span> <span class='ocrx_word' id='word_1_460' title='bbox 2328 1504 2490 1557; x_wconf 86' lang='lat' dir='ltr'><strong>totius</strong></span> <span class='ocrx_word' id='word_1_461' title='bbox 2534 1509 2768 1561; x_wconf 86' lang='lat' dir='ltr'><strong>universi</strong></span> <span class='ocrx_word' id='word_1_462' title='bbox 2823 1509 3091 1566; x_wconf 88' lang='lat' dir='ltr'><strong>Domino?</strong></span> <span class='ocrx_word' id='word_1_463' title='bbox 3134 1514 3315 1580; x_wconf 79' lang='lat' dir='ltr'><strong>Atqui,</strong></span> <span class='ocrx_word' id='word_1_464' title='bbox 3365 1515 3627 1582; x_wconf 75' lang='lat' dir='ltr'><strong>quemad-</strong></span> 
     </span>
    </p>
   </div>
   <div class='ocr_carea' id='block_1_60' title="bbox 2055 1592 3624 1667">
    <p class='ocr_par' dir='ltr' id='par_1_60' title="bbox 2055 1592 3624 1667">
     <span class='ocr_line' id='line_1_60' title="bbox 2055 1592 3624 1667; baseline 0.007 -23"><span class='ocrx_word' id='word_1_465' title='bbox 2055 1592 2272 1645; x_wconf 82' lang='lat' dir='ltr'><strong>modum</strong></span> <span class='ocrx_word' id='word_1_466' title='bbox 2318 1594 2753 1661; x_wconf 84' lang='lat' dir='ltr'><strong>sapientissitmts</strong></span> <span class='ocrx_word' id='word_1_467' title='bbox 2804 1595 3004 1652; x_wconf 84' lang='lat' dir='ltr'><strong>Paulus</strong></span> <span class='ocrx_word' id='word_1_468' title='bbox 3054 1601 3248 1667; x_wconf 81' lang='lat' dir='ltr'><strong>inquit.</strong></span> <span class='ocrx_word' id='word_1_469' title='bbox 3284 1604 3483 1656; x_wconf 91' lang='lat' dir='ltr'><strong>nemini</strong></span> <span class='ocrx_word' id='word_1_470' title='bbox 3521 1619 3624 1655; x_wconf 80' lang='lat' dir='ltr'><strong>nu-</strong></span> 
     </span>
    </p>
   </div>
   <div class='ocr_carea' id='block_1_61' title="bbox 2053 1684 3627 1753">
    <p class='ocr_par' dir='ltr' id='par_1_61' title="bbox 2053 1684 3627 1753">
     <span class='ocr_line' id='line_1_61' title="bbox 2053 1684 3627 1753; baseline 0.011 -21"><span class='ocrx_word' id='word_1_471' title='bbox 2053 1697 2214 1751; x_wconf 86' lang='lat' dir='ltr'><strong>qnam</strong></span> <span class='ocrx_word' id='word_1_472' title='bbox 2265 1684 2576 1753; x_wconf 75' lang='lat' dir='ltr'><strong>angelorum</strong></span> <span class='ocrx_word' id='word_1_473' title='bbox 2631 1687 2767 1739; x_wconf 80' lang='lat' dir='ltr'><strong>dixit</strong></span> <span class='ocrx_word' id='word_1_474' title='bbox 2815 1687 3020 1743; x_wconf 87' lang='lat' dir='ltr'><strong>Pater:</strong></span> <span class='ocrx_word' id='word_1_475' title='bbox 3078 1708 3098 1741; x_wconf 89' lang='grc' dir='ltr'><strong>ι</strong></span> <span class='ocrx_word' id='word_1_476' title='bbox 3155 1690 3324 1747; x_wconf 82' lang='lat' dir='ltr'><strong>Filius</strong></span> <span class='ocrx_word' id='word_1_477' title='bbox 3377 1709 3526 1747; x_wconf 89' lang='lat' dir='ltr'><strong>meus</strong></span> <span class='ocrx_word' id='word_1_478' title='bbox 3566 1709 3627 1750; x_wconf 78' lang='lat' dir='ltr'><strong>es</strong></span> 
     </span>
    </p>
   </div>
   <div class='ocr_carea' id='block_1_62' title="bbox 2059 1773 3626 1843">
    <p class='ocr_par' dir='ltr' id='par_1_62' title="bbox 2059 1773 3626 1843">
     <span class='ocr_line' id='line_1_62' title="bbox 2059 1773 3626 1843; baseline 0.007 -18"><span class='ocrx_word' id='word_1_479' title='bbox 2059 1782 2113 1825; x_wconf 88' lang='lat' dir='ltr'><strong>tu</strong></span> <span class='ocrx_word' id='word_1_480' title='bbox 2137 1773 2182 1825; x_wconf 84' lang='grc'><strong>⁷.</strong></span> <span class='ocrx_word' id='word_1_481' title='bbox 2226 1792 2243 1823; x_wconf 79' lang='grc' dir='ltr'><strong>ι</strong></span> <span class='ocrx_word' id='word_1_482' title='bbox 2286 1774 2390 1826; x_wconf 81' lang='lat' dir='ltr'><strong>Sed</strong></span> <span class='ocrx_word' id='word_1_483' title='bbox 2425 1792 2639 1843; x_wconf 88' lang='lat' dir='ltr'><strong>neque:</strong></span> <span class='ocrx_word' id='word_1_484' title='bbox 2678 1795 2697 1828; x_wconf 81' lang='grc' dir='ltr'><strong>ε</strong></span> <span class='ocrx_word' id='word_1_485' title='bbox 2734 1776 2872 1831; x_wconf 86' lang='lat' dir='ltr'><strong>Sede</strong></span> <span class='ocrx_word' id='word_1_486' title='bbox 2904 1796 2931 1829; x_wconf 90' lang='lat' dir='ltr'><strong>a</strong></span> <span class='ocrx_word' id='word_1_487' title='bbox 2972 1779 3174 1832; x_wconf 84' lang='lat' dir='ltr'><strong>dextris</strong></span> <span class='ocrx_word' id='word_1_488' title='bbox 3199 1782 3332 1834; x_wconf 86' lang='lat' dir='ltr'><strong>meis</strong></span> <span class='ocrx_word' id='word_1_489' title='bbox 3352 1784 3395 1835; x_wconf 81' lang='grc'><strong>⁸.</strong></span> <span class='ocrx_word' id='word_1_490' title='bbox 3433 1801 3452 1833; x_wconf 76' lang='grc' dir='ltr'><strong>ι</strong></span> <span class='ocrx_word' id='word_1_491' title='bbox 3486 1781 3626 1836; x_wconf 69' lang='lat' dir='ltr'><strong>Prat-</strong></span> 
     </span>
    </p>
   </div>
   <div class='ocr_carea' id='block_1_63' title="bbox 1987 1853 3630 1942">
    <p class='ocr_par' dir='ltr' id='par_1_63' title="bbox 1987 1853 3630 1942">
     <span class='ocr_line' id='line_1_63' title="bbox 1987 1853 3630 1942; baseline 0.007 -27"><span class='ocrx_word' id='word_1_492' title='bbox 1987 1853 2027 1907; x_wconf 70' lang='grc' dir='ltr'><strong>Β</strong></span> <span class='ocrx_word' id='word_1_493' title='bbox 2056 1871 2202 1917; x_wconf 81' lang='lat' dir='ltr'><strong>terea</strong></span> <span class='ocrx_word' id='word_1_494' title='bbox 2230 1867 2499 1931; x_wconf 89' lang='lat' dir='ltr'><strong>quomodo</strong></span> <span class='ocrx_word' id='word_1_495' title='bbox 2524 1868 2573 1919; x_wconf 90' lang='lat' dir='ltr'><strong>in</strong></span> <span class='ocrx_word' id='word_1_496' title='bbox 2610 1884 2862 1936; x_wconf 88' lang='lat' dir='ltr'><strong>suprema</strong></span> <span class='ocrx_word' id='word_1_497' title='bbox 2893 1871 2978 1922; x_wconf 88' lang='lat' dir='ltr'><strong>illa</strong></span> <span class='ocrx_word' id='word_1_498' title='bbox 3005 1873 3268 1942; x_wconf 77' lang='lat' dir='ltr'><strong>dignitate</strong></span> <span class='ocrx_word' id='word_1_499' title='bbox 3320 1873 3455 1925; x_wconf 88' lang='lat' dir='ltr'><strong>etin</strong></span> <span class='ocrx_word' id='word_1_500' title='bbox 3492 1873 3630 1927; x_wconf 83' lang='lat' dir='ltr'><strong>solio</strong></span> 
     </span>
    </p>
   </div>
   <div class='ocr_carea' id='block_1_64' title="bbox 2058 1956 3631 2033">
    <p class='ocr_par' dir='ltr' id='par_1_64' title="bbox 2058 1956 3631 2033">
     <span class='ocr_line' id='line_1_64' title="bbox 2058 1956 3631 2033; baseline 0.005 -24"><span class='ocrx_word' id='word_1_501' title='bbox 2058 1956 2359 2009; x_wconf 83' lang='lat' dir='ltr'><strong>divinitatis</strong></span> <span class='ocrx_word' id='word_1_502' title='bbox 2386 1957 2590 2011; x_wconf 76' lang='lat' dir='ltr'><strong>sedebit</strong></span> <span class='ocrx_word' id='word_1_503' title='bbox 2616 1960 2709 2028; x_wconf 90' lang='lat' dir='ltr'><strong>qui</strong></span> <span class='ocrx_word' id='word_1_504' title='bbox 2742 1974 2806 2013; x_wconf 82' lang='lat' dir='ltr'><strong>ex</strong></span> <span class='ocrx_word' id='word_1_505' title='bbox 2841 1962 3065 2017; x_wconf 88' lang='lat' dir='ltr'><strong>muliere</strong></span> <span class='ocrx_word' id='word_1_506' title='bbox 3106 1973 3265 2017; x_wconf 84' lang='lat' dir='ltr'><strong>natus</strong></span> <span class='ocrx_word' id='word_1_507' title='bbox 3306 1973 3407 2026; x_wconf 83' lang='lat' dir='ltr'><strong>est,</strong></span> <span class='ocrx_word' id='word_1_508' title='bbox 3438 1978 3631 2033; x_wconf 76' lang='lat' dir='ltr'><strong>supra-</strong></span> 
     </span>
    </p>
   </div>
   <div class='ocr_carea' id='block_1_65' title="bbox 2058 2046 3634 2114">
    <p class='ocr_par' dir='ltr' id='par_1_65' title="bbox 2058 2046 3634 2114">
     <span class='ocr_line' id='line_1_65' title="bbox 2058 2046 3634 2114; baseline 0.01 -17"><span class='ocrx_word' id='word_1_509' title='bbox 2058 2060 2162 2114; x_wconf 91' lang='lat' dir='ltr'><strong>qne</strong></span> <span class='ocrx_word' id='word_1_510' title='bbox 2187 2061 2377 2099; x_wconf 88' lang='lat' dir='ltr'><strong>omnes</strong></span> <span class='ocrx_word' id='word_1_511' title='bbox 2403 2046 2744 2113; x_wconf 73' lang='lat' dir='ltr'><strong>Principatus</strong></span> <span class='ocrx_word' id='word_1_512' title='bbox 2776 2060 2827 2104; x_wconf 89' lang='lat' dir='ltr'><strong>et</strong></span> <span class='ocrx_word' id='word_1_513' title='bbox 2865 2052 3267 2108; x_wconf 75' lang='lat' dir='ltr'><strong>nominationes</strong></span> <span class='ocrx_word' id='word_1_514' title='bbox 3293 2070 3357 2107; x_wconf 87' lang='lat' dir='ltr'><strong>ac</strong></span> <span class='ocrx_word' id='word_1_515' title='bbox 3383 2054 3634 2114; x_wconf 78' lang='lat' dir='ltr'><strong>Thronos</strong></span> 
     </span>
    </p>
   </div>
   <div class='ocr_carea' id='block_1_66' title="bbox 2058 2138 3637 2215">
    <p class='ocr_par' dir='ltr' id='par_1_66' title="bbox 2058 2138 3637 2215">
     <span class='ocr_line' id='line_1_66' title="bbox 2058 2138 3637 2215; baseline 0.006 -21"><span class='ocrx_word' id='word_1_516' title='bbox 2058 2150 2110 2195; x_wconf 85' lang='lat' dir='ltr'><strong>cl</strong></span> <span class='ocrx_word' id='word_1_517' title='bbox 2138 2138 2476 2202; x_wconf 81' lang='lat' dir='ltr'><strong>Polestates.</strong></span> <span class='ocrx_word' id='word_1_518' title='bbox 2522 2157 2792 2211; x_wconf 82' lang='lat' dir='ltr'><strong>supraque</strong></span> <span class='ocrx_word' id='word_1_519' title='bbox 2842 2159 3002 2199; x_wconf 89' lang='lat' dir='ltr'><strong>omne</strong></span> <span class='ocrx_word' id='word_1_520' title='bbox 3048 2160 3240 2199; x_wconf 86' lang='lat' dir='ltr'><strong>nomen</strong></span> <span class='ocrx_word' id='word_1_521' title='bbox 3291 2149 3431 2215; x_wconf 90' lang='lat' dir='ltr'><strong>quod</strong></span> <span class='ocrx_word' id='word_1_522' title='bbox 3473 2165 3637 2203; x_wconf 72' lang='lat' dir='ltr'><strong>voca-</strong></span> 
     </span>
    </p>
   </div>
   <div class='ocr_carea' id='block_1_67' title="bbox 2060 2232 3631 2305">
    <p class='ocr_par' dir='ltr' id='par_1_67' title="bbox 2060 2232 3631 2305">
     <span class='ocr_line' id='line_1_67' title="bbox 2060 2232 3631 2305; baseline 0.006 -20"><span class='ocrx_word' id='word_1_523' title='bbox 2060 2232 2232 2285; x_wconf 78' lang='lat' dir='ltr'><strong>tnr’?</strong></span> <span class='ocrx_word' id='word_1_524' title='bbox 2296 2232 2684 2289; x_wconf 78' lang='lat' dir='ltr'><strong>AnimadVerte</strong></span> <span class='ocrx_word' id='word_1_525' title='bbox 2763 2250 2888 2288; x_wconf 83' lang='lat' dir='ltr'><strong>vero</strong></span> <span class='ocrx_word' id='word_1_526' title='bbox 2969 2252 3077 2304; x_wconf 90' lang='lat' dir='ltr'><strong>quo</strong></span> <span class='ocrx_word' id='word_1_527' title='bbox 3148 2248 3307 2305; x_wconf 85' lang='lat' dir='ltr'><strong>pacto</strong></span> <span class='ocrx_word' id='word_1_528' title='bbox 3369 2238 3631 2296; x_wconf 85' lang='lat' dir='ltr'><strong>Dominus</strong></span> 
     </span>
    </p>
   </div>
   <div class='ocr_carea' id='block_1_68' title="bbox 2058 2323 3631 2399">
    <p class='ocr_par' dir='ltr' id='par_1_68' title="bbox 2058 2323 3631 2399">
     <span class='ocr_line' id='line_1_68' title="bbox 2058 2323 3631 2399; baseline 0.004 -22"><span class='ocrx_word' id='word_1_529' title='bbox 2058 2323 2283 2379; x_wconf 81' lang='lat' dir='ltr'><strong>dicens:</strong></span> <span class='ocrx_word' id='word_1_530' title='bbox 2319 2344 2336 2374; x_wconf 84' lang='grc' dir='ltr'><strong>ι</strong></span> <span class='ocrx_word' id='word_1_531' title='bbox 2375 2325 2430 2379; x_wconf 86' lang='lat' dir='ltr'><strong>Si</strong></span> <span class='ocrx_word' id='word_1_532' title='bbox 2458 2342 2586 2395; x_wconf 82' lang='lat' dir='ltr'><strong>ergo</strong></span> <span class='ocrx_word' id='word_1_533' title='bbox 2623 2326 2787 2380; x_wconf 90' lang='lat' dir='ltr'><strong>David</strong></span> <span class='ocrx_word' id='word_1_534' title='bbox 2818 2328 2870 2380; x_wconf 90' lang='lat' dir='ltr'><strong>in</strong></span> <span class='ocrx_word' id='word_1_535' title='bbox 2896 2327 3101 2398; x_wconf 77' lang='lat' dir='ltr'><strong>Spiritu</strong></span> <span class='ocrx_word' id='word_1_536' title='bbox 3138 2330 3422 2383; x_wconf 83' lang='lat' dir='ltr'><strong>Dominum</strong></span> <span class='ocrx_word' id='word_1_537' title='bbox 3452 2342 3631 2399; x_wconf 76' lang='lat' dir='ltr'><strong>Vttc:tl,</strong></span> 
     </span>
    </p>
   </div>
   <div class='ocr_carea' id='block_1_69' title="bbox 2062 2415 3635 2491">
    <p class='ocr_par' dir='ltr' id='par_1_69' title="bbox 2062 2415 3635 2491">
     <span class='ocr_line' id='line_1_69' title="bbox 2062 2415 3635 2491; baseline 0.004 -26"><span class='ocrx_word' id='word_1_538' title='bbox 2062 2415 2332 2482; x_wconf 84' lang='lat' dir='ltr'><strong>quomodo</strong></span> <span class='ocrx_word' id='word_1_539' title='bbox 2354 2415 2522 2470; x_wconf 72' lang='lat' dir='ltr'><strong>Filius</strong></span> <span class='ocrx_word' id='word_1_540' title='bbox 2554 2416 2669 2481; x_wconf 83' lang='lat' dir='ltr'><strong>ejus</strong></span> <span class='ocrx_word' id='word_1_541' title='bbox 2694 2419 2810 2471; x_wconf 80' lang='lat' dir='ltr'><strong>est?</strong></span> <span class='ocrx_word' id='word_1_542' title='bbox 2839 2439 2859 2470; x_wconf 72' lang='grc' dir='ltr'><strong>ι</strong></span> <span class='ocrx_word' id='word_1_543' title='bbox 2885 2421 3128 2474; x_wconf 81' lang='lat' dir='ltr'><strong>veritatis</strong></span> <span class='ocrx_word' id='word_1_544' title='bbox 3162 2421 3635 2491; x_wconf 75' lang='lat' dir='ltr'><strong>investigatmihus</strong></span> 
     </span>
    </p>
   </div>
   <div class='ocr_carea' id='block_1_70' title="bbox 2060 2506 3634 2584">
    <p class='ocr_par' dir='ltr' id='par_1_70' title="bbox 2060 2506 3634 2584">
     <span class='ocr_line' id='line_1_70' title="bbox 2060 2506 3634 2584; baseline 0.008 -29"><span class='ocrx_word' id='word_1_545' title='bbox 2060 2506 2387 2573; x_wconf 82' lang='lat' dir='ltr'><strong>persuadere</strong></span> <span class='ocrx_word' id='word_1_546' title='bbox 2424 2508 2533 2558; x_wconf 90' lang='lat' dir='ltr'><strong>vult</strong></span> <span class='ocrx_word' id='word_1_547' title='bbox 2556 2508 2697 2573; x_wconf 90' lang='lat' dir='ltr'><strong>quod</strong></span> <span class='ocrx_word' id='word_1_548' title='bbox 2730 2508 2965 2563; x_wconf 69' lang='lat' dir='ltr'><strong>Verbum</strong></span> <span class='ocrx_word' id='word_1_549' title='bbox 3001 2509 3093 2563; x_wconf 86' lang='lat' dir='ltr'><strong>Dei</strong></span> <span class='ocrx_word' id='word_1_550' title='bbox 3121 2513 3303 2565; x_wconf 74' lang='lat' dir='ltr'><strong>carnis</strong></span> <span class='ocrx_word' id='word_1_551' title='bbox 3331 2525 3380 2564; x_wconf 87' lang='lat' dir='ltr'><strong>et</strong></span> <span class='ocrx_word' id='word_1_552' title='bbox 3411 2514 3634 2584; x_wconf 73' lang='lat' dir='ltr'><strong>Sangui-</strong></span> 
     </span>
    </p>
   </div>
   <div class='ocr_carea' id='block_1_71' title="bbox 2063 2598 3635 2669">
    <p class='ocr_par' dir='ltr' id='par_1_71' title="bbox 2063 2598 3635 2669">
     <span class='ocr_line' id='line_1_71' title="bbox 2063 2598 3635 2669; baseline 0.005 -21"><span class='ocrx_word' id='word_1_553' title='bbox 2063 2598 2146 2650; x_wconf 87' lang='lat' dir='ltr'><strong>nis</strong></span> <span class='ocrx_word' id='word_1_554' title='bbox 2188 2601 2457 2668; x_wconf 74' lang='lat' dir='ltr'><strong>particeps</strong></span> <span class='ocrx_word' id='word_1_555' title='bbox 2490 2600 2712 2665; x_wconf 81' lang='lat' dir='ltr'><strong>factnm,</strong></span> <span class='ocrx_word' id='word_1_556' title='bbox 2744 2602 2908 2656; x_wconf 85' lang='lat' dir='ltr'><strong>etiam</strong></span> <span class='ocrx_word' id='word_1_557' title='bbox 2948 2603 3049 2656; x_wconf 88' lang='lat' dir='ltr'><strong>hoc</strong></span> <span class='ocrx_word' id='word_1_558' title='bbox 3083 2614 3239 2669; x_wconf 84' lang='lat' dir='ltr'><strong>pacto</strong></span> <span class='ocrx_word' id='word_1_559' title='bbox 3274 2605 3468 2659; x_wconf 82' lang='lat' dir='ltr'><strong>mansit</strong></span> <span class='ocrx_word' id='word_1_560' title='bbox 3499 2621 3635 2660; x_wconf 86' lang='lat' dir='ltr'><strong>unus</strong></span> 
     </span>
    </p>
   </div>
   <div class='ocr_carea' id='block_1_72' title="bbox 2063 2690 3635 2764">
    <p class='ocr_par' dir='ltr' id='par_1_72' title="bbox 2063 2690 3635 2764">
     <span class='ocr_line' id='line_1_72' title="bbox 2063 2690 3635 2764; baseline 0.003 -20"><span class='ocrx_word' id='word_1_561' title='bbox 2063 2690 2225 2762; x_wconf 70' lang='grc'>740</span> <span class='ocrx_word' id='word_1_562' title='bbox 2249 2692 2432 2755; x_wconf 85' lang='lat' dir='ltr'><strong>Fiiins.</strong></span> <span class='ocrx_word' id='word_1_563' title='bbox 2474 2695 2636 2749; x_wconf 86' lang='lat' dir='ltr'><strong>Deum</strong></span> <span class='ocrx_word' id='word_1_564' title='bbox 2684 2696 2900 2764; x_wconf 86' lang='lat' dir='ltr'><strong>quidem</strong></span> <span class='ocrx_word' id='word_1_565' title='bbox 2942 2709 3063 2748; x_wconf 81' lang='lat' dir='ltr'><strong>esse</strong></span> <span class='ocrx_word' id='word_1_566' title='bbox 3107 2710 3171 2747; x_wconf 76' lang='lat' dir='ltr'><strong>ex</strong></span> <span class='ocrx_word' id='word_1_567' title='bbox 3208 2693 3389 2748; x_wconf 85' lang='lat' dir='ltr'><strong>divina</strong></span> <span class='ocrx_word' id='word_1_568' title='bbox 3444 2709 3635 2761; x_wconf 87' lang='lat' dir='ltr'><strong>snper-</strong></span> 
     </span>
    </p>
   </div>
   <div class='ocr_carea' id='block_1_73' title="bbox 2059 2784 3637 2849">
    <p class='ocr_par' dir='ltr' id='par_1_73' title="bbox 2059 2784 3637 2849">
     <span class='ocr_line' id='line_1_73' title="bbox 2059 2784 3637 2849; baseline 0.001 -13"><span class='ocrx_word' id='word_1_569' title='bbox 2059 2786 2349 2837; x_wconf 88' lang='lat' dir='ltr'><strong>eminentia</strong></span> <span class='ocrx_word' id='word_1_570' title='bbox 2380 2795 2429 2838; x_wconf 87' lang='lat' dir='ltr'><strong>et</strong></span> <span class='ocrx_word' id='word_1_571' title='bbox 2460 2786 2829 2839; x_wconf 84' lang='lat' dir='ltr'><strong>dominatione</strong></span> <span class='ocrx_word' id='word_1_572' title='bbox 2861 2784 3145 2838; x_wconf 78' lang='lat' dir='ltr'><strong>derlarans</strong></span> <span class='ocrx_word' id='word_1_573' title='bbox 3165 2804 3179 2849; x_wconf 83' lang='lat'>;</span> <span class='ocrx_word' id='word_1_574' title='bbox 3203 2786 3475 2841; x_wconf 83' lang='lat' dir='ltr'><strong>hominem</strong></span> <span class='ocrx_word' id='word_1_575' title='bbox 3507 2797 3637 2839; x_wconf 78' lang='lat' dir='ltr'><strong>vero</strong></span> 
     </span>
    </p>
   </div>
   <div class='ocr_carea' id='block_1_74' title="bbox 2062 2874 3313 2945">
    <p class='ocr_par' dir='ltr' id='par_1_74' title="bbox 2062 2874 3313 2945">
     <span class='ocr_line' id='line_1_74' title="bbox 2062 2874 3313 2945; baseline 0.002 -17"><span class='ocrx_word' id='word_1_576' title='bbox 2062 2874 2284 2939; x_wconf 70' lang='lat' dir='ltr'><strong>factum,</strong></span> <span class='ocrx_word' id='word_1_577' title='bbox 2319 2891 2415 2945; x_wconf 89' lang='lat' dir='ltr'><strong>per</strong></span> <span class='ocrx_word' id='word_1_578' title='bbox 2443 2876 2494 2931; x_wconf 83' lang='lat' dir='ltr'><strong>id</strong></span> <span class='ocrx_word' id='word_1_579' title='bbox 2531 2879 2673 2945; x_wconf 85' lang='lat' dir='ltr'><strong>quod</strong></span> <span class='ocrx_word' id='word_1_580' title='bbox 2710 2886 2863 2931; x_wconf 83' lang='lat' dir='ltr'><strong>vocet</strong></span> <span class='ocrx_word' id='word_1_581' title='bbox 2898 2875 3092 2932; x_wconf 77' lang='lat' dir='ltr'><strong>Filium</strong></span> <span class='ocrx_word' id='word_1_582' title='bbox 3125 2877 3313 2931; x_wconf 91' lang='lat' dir='ltr'><strong>David.</strong></span> 
     </span>
    </p>
   </div>
   <div class='ocr_carea' id='block_1_75' title="bbox 2135 3050 3635 3122">
    <p class='ocr_par' dir='ltr' id='par_1_75' title="bbox 2135 3050 3635 3122">
     <span class='ocr_line' id='line_1_75' title="bbox 2135 3050 3635 3122; baseline 0.003 -18"><span class='ocrx_word' id='word_1_583' title='bbox 2135 3050 2194 3111; x_wconf 80' lang='grc' dir='ltr'><strong>Β.</strong></span> <span class='ocrx_word' id='word_1_584' title='bbox 2239 3053 2484 3109; x_wconf 72' lang='lat' dir='ltr'><strong>Dixeriut</strong></span> <span class='ocrx_word' id='word_1_585' title='bbox 2510 3052 2575 3105; x_wconf 89' lang='lat' dir='ltr'><strong>ad</strong></span> <span class='ocrx_word' id='word_1_586' title='bbox 2608 3053 2721 3106; x_wconf 74' lang='lat' dir='ltr'><strong>lucc</strong></span> <span class='ocrx_word' id='word_1_587' title='bbox 2750 3052 3001 3113; x_wconf 80' lang='lat' dir='ltr'><strong>fortasse,</strong></span> <span class='ocrx_word' id='word_1_588' title='bbox 3033 3061 3296 3122; x_wconf 86' lang='lat' dir='ltr'><strong>quantum</strong></span> <span class='ocrx_word' id='word_1_589' title='bbox 3321 3051 3635 3121; x_wconf 78' lang='lat' dir='ltr'><strong>conjectura</strong></span> 
     </span>
    </p>
   </div>
   <div class='ocr_carea' id='block_1_76' title="bbox 2062 3143 3639 3212">
    <p class='ocr_par' dir='ltr' id='par_1_76' title="bbox 2062 3143 3639 3212">
     <span class='ocr_line' id='line_1_76' title="bbox 2062 3143 3639 3212; baseline 0.002 -15"><span class='ocrx_word' id='word_1_590' title='bbox 2062 3144 2319 3208; x_wconf 83' lang='lat' dir='ltr'><strong>consequi</strong></span> <span class='ocrx_word' id='word_1_591' title='bbox 2359 3157 2575 3211; x_wconf 88' lang='lat' dir='ltr'><strong>possum</strong></span> <span class='ocrx_word' id='word_1_592' title='bbox 2611 3160 2626 3197; x_wconf 88' lang='lat'><strong>:</strong></span> <span class='ocrx_word' id='word_1_593' title='bbox 2660 3143 2802 3212; x_wconf 77' lang='lat' dir='ltr'><strong>Ergo</strong></span> <span class='ocrx_word' id='word_1_594' title='bbox 2844 3160 2911 3199; x_wconf 80' lang='lat' dir='ltr'><strong>ex</strong></span> <span class='ocrx_word' id='word_1_595' title='bbox 2949 3144 3182 3199; x_wconf 89' lang='lat' dir='ltr'><strong>essentia</strong></span> <span class='ocrx_word' id='word_1_596' title='bbox 3230 3143 3322 3196; x_wconf 91' lang='lat' dir='ltr'><strong>Dei</strong></span> <span class='ocrx_word' id='word_1_597' title='bbox 3359 3160 3421 3199; x_wconf 88' lang='lat' dir='ltr'><strong>ac</strong></span> <span class='ocrx_word' id='word_1_598' title='bbox 3461 3144 3639 3200; x_wconf 73' lang='lat' dir='ltr'><strong>Patris</strong></span> 
     </span>
    </p>
   </div>
   <div class='ocr_carea' id='block_1_77' title="bbox 2064 3235 3639 3306">
    <p class='ocr_par' dir='ltr' id='par_1_77' title="bbox 2064 3235 3639 3306">
     <span class='ocr_line' id='line_1_77' title="bbox 2064 3235 3639 3306; baseline 0.003 -18"><span class='ocrx_word' id='word_1_599' title='bbox 2064 3236 2344 3290; x_wconf 79' lang='lat' dir='ltr'><strong>fatendum</strong></span> <span class='ocrx_word' id='word_1_600' title='bbox 2377 3235 2535 3291; x_wconf 83' lang='lat' dir='ltr'><strong>fuerit</strong></span> <span class='ocrx_word' id='word_1_601' title='bbox 2566 3251 2686 3291; x_wconf 88' lang='lat' dir='ltr'><strong>esse</strong></span> <span class='ocrx_word' id='word_1_602' title='bbox 2715 3237 2879 3291; x_wconf 87' lang='lat' dir='ltr'><strong>etiam</strong></span> <span class='ocrx_word' id='word_1_603' title='bbox 2927 3251 3049 3293; x_wconf 87' lang='lat' dir='ltr'><strong>eum</strong></span> <span class='ocrx_word' id='word_1_604' title='bbox 3091 3236 3182 3306; x_wconf 90' lang='lat' dir='ltr'><strong>qui</strong></span> <span class='ocrx_word' id='word_1_605' title='bbox 3218 3247 3302 3291; x_wconf 88' lang='lat' dir='ltr'><strong>est</strong></span> <span class='ocrx_word' id='word_1_606' title='bbox 3330 3250 3395 3291; x_wconf 79' lang='lat' dir='ltr'><strong>ex</strong></span> <span class='ocrx_word' id='word_1_607' title='bbox 3434 3238 3639 3292; x_wconf 79' lang='lat' dir='ltr'><strong>setnino</strong></span> 
     </span>
    </p>
   </div>
   <div class='ocr_carea' id='block_1_78' title="bbox 2064 3328 2275 3381">
    <p class='ocr_par' dir='ltr' id='par_1_78' title="bbox 2064 3328 2275 3381">
     <span class='ocr_line' id='line_1_78' title="bbox 2064 3328 2275 3381; baseline 0 0"><span class='ocrx_word' id='word_1_608' title='bbox 2064 3328 2228 3381; x_wconf 67' lang='lat' dir='ltr'><strong>David</strong></span> <span class='ocrx_word' id='word_1_609' title='bbox 2252 3329 2275 3381; x_wconf 83' lang='lat'><strong>?</strong></span> 
     </span>
    </p>
   </div>
   <div class='ocr_carea' id='block_1_79' title="bbox 2134 3418 3638 3490">
    <p class='ocr_par' dir='ltr' id='par_1_79' title="bbox 2134 3418 3638 3490">
     <span class='ocr_line' id='line_1_79' title="bbox 2134 3418 3638 3490; baseline 0.003 -19"><span class='ocrx_word' id='word_1_610' title='bbox 2134 3419 2201 3471; x_wconf 79' lang='grc' dir='ltr'><strong>Α.</strong></span> <span class='ocrx_word' id='word_1_611' title='bbox 2242 3419 2311 3471; x_wconf 82' lang='lat' dir='ltr'><strong>At</strong></span> <span class='ocrx_word' id='word_1_612' title='bbox 2343 3435 2472 3474; x_wconf 85' lang='lat' dir='ltr'><strong>vero</strong></span> <span class='ocrx_word' id='word_1_613' title='bbox 2505 3418 2775 3488; x_wconf 88' lang='lat' dir='ltr'><strong>quomodo</strong></span> <span class='ocrx_word' id='word_1_614' title='bbox 2798 3433 2903 3473; x_wconf 86' lang='lat' dir='ltr'><strong>non</strong></span> <span class='ocrx_word' id='word_1_615' title='bbox 2937 3420 3052 3475; x_wconf 65' lang='lat' dir='ltr'><strong>haec</strong></span> <span class='ocrx_word' id='word_1_616' title='bbox 3092 3420 3442 3490; x_wconf 79' lang='lat' dir='ltr'><strong>interrogatio</strong></span> <span class='ocrx_word' id='word_1_617' title='bbox 3484 3418 3638 3475; x_wconf 84' lang='lat' dir='ltr'><strong>stoli-</strong></span> 
     </span>
    </p>
   </div>
   <div class='ocr_carea' id='block_1_80' title="bbox 2064 3508 3640 3576">
    <p class='ocr_par' dir='ltr' id='par_1_80' title="bbox 2064 3508 3640 3576">
     <span class='ocr_line' id='line_1_80' title="bbox 2064 3508 3640 3576; baseline 0.003 -17"><span class='ocrx_word' id='word_1_618' title='bbox 2064 3509 2250 3563; x_wconf 81' lang='lat' dir='ltr'><strong>ditatis</strong></span> <span class='ocrx_word' id='word_1_619' title='bbox 2280 3510 2431 3576; x_wconf 86' lang='lat' dir='ltr'><strong>plena</strong></span> <span class='ocrx_word' id='word_1_620' title='bbox 2469 3521 2778 3573; x_wconf 72' lang='grc' dir='ltr'>ρριιευιιιιιι,</span> <span class='ocrx_word' id='word_1_621' title='bbox 2810 3519 2863 3563; x_wconf 88' lang='lat' dir='ltr'><strong>et</strong></span> <span class='ocrx_word' id='word_1_622' title='bbox 2896 3526 2924 3563; x_wconf 87' lang='lat' dir='ltr'><strong>a</strong></span> <span class='ocrx_word' id='word_1_623' title='bbox 2962 3509 3222 3565; x_wconf 82' lang='lat' dir='ltr'><strong>studiosis</strong></span> <span class='ocrx_word' id='word_1_624' title='bbox 3253 3508 3499 3565; x_wconf 74' lang='lat' dir='ltr'><strong>veritatis</strong></span> <span class='ocrx_word' id='word_1_625' title='bbox 3530 3508 3640 3565; x_wconf 81' lang='lat' dir='ltr'><strong>vir-</strong></span> 
     </span>
    </p>
   </div>
   <div class='ocr_carea' id='block_1_81' title="bbox 2066 3598 3297 3668">
    <p class='ocr_par' dir='ltr' id='par_1_81' title="bbox 2066 3598 3297 3668">
     <span class='ocr_line' id='line_1_81' title="bbox 2066 3598 3297 3668; baseline 0.002 -20"><span class='ocrx_word' id='word_1_626' title='bbox 2066 3599 2166 3665; x_wconf 78' lang='lat' dir='ltr'><strong>tuti</strong></span> <span class='ocrx_word' id='word_1_627' title='bbox 2196 3599 2436 3668; x_wconf 78' lang='lat' dir='ltr'><strong>mysterii</strong></span> <span class='ocrx_word' id='word_1_628' title='bbox 2468 3600 2625 3666; x_wconf 85' lang='lat' dir='ltr'><strong>plane</strong></span> <span class='ocrx_word' id='word_1_629' title='bbox 2664 3614 2963 3668; x_wconf 79' lang='lat' dir='ltr'><strong>repugnare</strong></span> <span class='ocrx_word' id='word_1_630' title='bbox 2988 3598 3297 3666; x_wconf 76' lang='lat' dir='ltr'><strong>iudicetur?</strong></span> 
     </span>
    </p>
   </div>
   <div class='ocr_carea' id='block_1_82' title="bbox 2140 3776 2680 3845">
    <p class='ocr_par' dir='ltr' id='par_1_82' title="bbox 2140 3776 2680 3845">
     <span class='ocr_line' id='line_1_82' title="bbox 2140 3776 2680 3845; baseline -0.004 -13"><span class='ocrx_word' id='word_1_631' title='bbox 2140 3777 2205 3832; x_wconf 52' lang='grc' dir='ltr'>Β,</span> <span class='ocrx_word' id='word_1_632' title='bbox 2247 3776 2341 3831; x_wconf 86' lang='lat' dir='ltr'><strong>Dic</strong></span> <span class='ocrx_word' id='word_1_633' title='bbox 2371 3791 2476 3845; x_wconf 86' lang='lat' dir='ltr'><strong>quo</strong></span> <span class='ocrx_word' id='word_1_634' title='bbox 2502 3784 2680 3844; x_wconf 87' lang='lat' dir='ltr'><strong>pacto.</strong></span> 
     </span>
    </p>
   </div>
   <div class='ocr_carea' id='block_1_83' title="bbox 2128 3866 3637 3937">
    <p class='ocr_par' dir='ltr' id='par_1_83' title="bbox 2128 3866 3637 3937">
     <span class='ocr_line' id='line_1_83' title="bbox 2128 3866 3637 3937; baseline -0.001 -14"><span class='ocrx_word' id='word_1_635' title='bbox 2128 3869 2195 3924; x_wconf 85' lang='lat' dir='ltr'><strong>A.</strong></span> <span class='ocrx_word' id='word_1_636' title='bbox 2248 3868 2326 3923; x_wconf 73' lang='lat' dir='ltr'><strong>Ne</strong></span> <span class='ocrx_word' id='word_1_637' title='bbox 2384 3868 2514 3921; x_wconf 89' lang='lat' dir='ltr'><strong>mihi</strong></span> <span class='ocrx_word' id='word_1_638' title='bbox 2577 3870 2691 3922; x_wconf 68' lang='lat' dir='ltr'><strong>haec</strong></span> <span class='ocrx_word' id='word_1_639' title='bbox 2753 3866 3003 3929; x_wconf 87' lang='lat' dir='ltr'><strong>dividas.</strong></span> <span class='ocrx_word' id='word_1_640' title='bbox 3052 3877 3305 3937; x_wconf 86' lang='lat' dir='ltr'><strong>tanquam</strong></span> <span class='ocrx_word' id='word_1_641' title='bbox 3370 3867 3637 3922; x_wconf 76' lang='lat' dir='ltr'><strong>diversum</strong></span> 
     </span>
    </p>
   </div>
   <div class='ocr_carea' id='block_1_84' title="bbox 2070 3958 3637 4029">
    <p class='ocr_par' dir='ltr' id='par_1_84' title="bbox 2070 3958 3637 4029">
     <span class='ocr_line' id='line_1_84' title="bbox 2070 3958 3637 4029; baseline 0.001 -16"><span class='ocrx_word' id='word_1_642' title='bbox 2070 3960 2360 4029; x_wconf 83' lang='lat' dir='ltr'><strong>quemdam</strong></span> <span class='ocrx_word' id='word_1_643' title='bbox 2391 3969 2637 4013; x_wconf 76' lang='lat' dir='ltr'><strong>statuens</strong></span> <span class='ocrx_word' id='word_1_644' title='bbox 2664 3958 2732 4013; x_wconf 81' lang='lat' dir='ltr'><strong>ab</strong></span> <span class='ocrx_word' id='word_1_645' title='bbox 2761 3975 2866 4013; x_wconf 92' lang='lat' dir='ltr'><strong>uno</strong></span> <span class='ocrx_word' id='word_1_646' title='bbox 2896 3960 3115 4015; x_wconf 84' lang='lat' dir='ltr'><strong>Christo</strong></span> <span class='ocrx_word' id='word_1_647' title='bbox 3148 3972 3199 4014; x_wconf 85' lang='lat' dir='ltr'><strong>et</strong></span> <span class='ocrx_word' id='word_1_648' title='bbox 3234 3959 3367 4013; x_wconf 82' lang='lat' dir='ltr'><strong>Filio</strong></span> <span class='ocrx_word' id='word_1_649' title='bbox 3390 3958 3637 4024; x_wconf 82' lang='lat' dir='ltr'><strong>Domino,</strong></span> 
     </span>
    </p>
   </div>
   <div class='ocr_carea' id='block_1_85' title="bbox 2066 4053 3640 4121">
    <p class='ocr_par' dir='ltr' id='par_1_85' title="bbox 2066 4053 3640 4121">
     <span class='ocr_line' id='line_1_85' title="bbox 2066 4053 3640 4121; baseline 0.001 -15"><span class='ocrx_word' id='word_1_650' title='bbox 2066 4067 2187 4106; x_wconf 89' lang='lat' dir='ltr'><strong>eum</strong></span> <span class='ocrx_word' id='word_1_651' title='bbox 2215 4053 2305 4121; x_wconf 89' lang='lat' dir='ltr'><strong>qui</strong></span> <span class='ocrx_word' id='word_1_652' title='bbox 2344 4062 2425 4105; x_wconf 85' lang='lat' dir='ltr'><strong>est</strong></span> <span class='ocrx_word' id='word_1_653' title='bbox 2450 4068 2517 4106; x_wconf 71' lang='lat' dir='ltr'><strong>ex</strong></span> <span class='ocrx_word' id='word_1_654' title='bbox 2549 4053 2753 4106; x_wconf 79' lang='lat' dir='ltr'><strong>seu-ine</strong></span> <span class='ocrx_word' id='word_1_655' title='bbox 2793 4055 2980 4108; x_wconf 78' lang='lat' dir='ltr'><strong>David.</strong></span> <span class='ocrx_word' id='word_1_656' title='bbox 3021 4053 3275 4109; x_wconf 76' lang='lat' dir='ltr'><strong>Veritatis</strong></span> <span class='ocrx_word' id='word_1_657' title='bbox 3322 4054 3466 4107; x_wconf 80' lang='lat' dir='ltr'><strong>enim</strong></span> <span class='ocrx_word' id='word_1_658' title='bbox 3504 4053 3640 4108; x_wconf 88' lang='lat' dir='ltr'><strong>ratio</strong></span> 
     </span>
    </p>
   </div>
   <div class='ocr_carea' id='block_1_86' title="bbox 2069 4140 3636 4212">
    <p class='ocr_par' dir='ltr' id='par_1_86' title="bbox 2069 4140 3636 4212">
     <span class='ocr_line' id='line_1_86' title="bbox 2069 4140 3636 4212; baseline 0.001 -18"><span class='ocrx_word' id='word_1_659' title='bbox 2069 4142 2169 4194; x_wconf 85' lang='lat' dir='ltr'><strong>hoc</strong></span> <span class='ocrx_word' id='word_1_660' title='bbox 2201 4140 2313 4195; x_wconf 78' lang='grc' dir='ltr'>νιιιι</span> <span class='ocrx_word' id='word_1_661' title='bbox 2345 4154 2402 4195; x_wconf 86' lang='grc' dir='ltr'><strong>ιιι</strong></span> <span class='ocrx_word' id='word_1_662' title='bbox 2435 4144 2747 4207; x_wconf 71' lang='lat' dir='ltr'><strong>nnigenilus</strong></span> <span class='ocrx_word' id='word_1_663' title='bbox 2780 4140 2943 4195; x_wconf 85' lang='lat' dir='ltr'><strong>Filius</strong></span> <span class='ocrx_word' id='word_1_664' title='bbox 2969 4158 3034 4197; x_wconf 78' lang='lat' dir='ltr'><strong>ex</strong></span> <span class='ocrx_word' id='word_1_665' title='bbox 3074 4142 3180 4196; x_wconf 86' lang='lat' dir='ltr'><strong>Deo</strong></span> <span class='ocrx_word' id='word_1_666' title='bbox 3212 4142 3373 4196; x_wconf 80' lang='lat' dir='ltr'><strong>Patre</strong></span> <span class='ocrx_word' id='word_1_667' title='bbox 3399 4143 3636 4212; x_wconf 78' lang='lat' dir='ltr'><strong>genitus,</strong></span> 
     </span>
    </p>
   </div>
   <div class='ocr_carea' id='block_1_87' title="bbox 2068 4232 3638 4300">
    <p class='ocr_par' dir='ltr' id='par_1_87' title="bbox 2068 4232 3638 4300">
     <span class='ocr_line' id='line_1_87' title="bbox 2068 4232 3638 4300; baseline 0.003 -17"><span class='ocrx_word' id='word_1_668' title='bbox 2068 4232 2184 4300; x_wconf 83' lang='lat' dir='ltr'><strong>ipse</strong></span> <span class='ocrx_word' id='word_1_669' title='bbox 2213 4241 2267 4300; x_wconf 78' lang='lat' dir='ltr'><strong>et</strong></span> <span class='ocrx_word' id='word_1_670' title='bbox 2294 4247 2397 4285; x_wconf 89' lang='lat' dir='ltr'><strong>non</strong></span> <span class='ocrx_word' id='word_1_671' title='bbox 2442 4234 2578 4287; x_wconf 87' lang='lat' dir='ltr'><strong>alius</strong></span> <span class='ocrx_word' id='word_1_672' title='bbox 2631 4233 2702 4287; x_wconf 82' lang='lat' dir='ltr'><strong>sit</strong></span> <span class='ocrx_word' id='word_1_673' title='bbox 2745 4248 2810 4287; x_wconf 75' lang='lat' dir='ltr'><strong>ex</strong></span> <span class='ocrx_word' id='word_1_674' title='bbox 2847 4233 3011 4286; x_wconf 79' lang='lat' dir='ltr'><strong>David</strong></span> <span class='ocrx_word' id='word_1_675' title='bbox 3061 4235 3354 4287; x_wconf 82' lang='lat' dir='ltr'><strong>secundum</strong></span> <span class='ocrx_word' id='word_1_676' title='bbox 3400 4248 3638 4287; x_wconf 81' lang='lat' dir='ltr'><strong>rarnetn.</strong></span> 
     </span>
    </p>
   </div>
   <div class='ocr_carea' id='block_1_88' title="bbox 2067 4322 3638 4393">
    <p class='ocr_par' dir='ltr' id='par_1_88' title="bbox 2067 4322 3638 4393">
     <span class='ocr_line' id='line_1_88' title="bbox 2067 4322 3638 4393; baseline 0 -15"><span class='ocrx_word' id='word_1_677' title='bbox 2067 4322 2331 4378; x_wconf 84' lang='lat' dir='ltr'><strong>Audiendi</strong></span> <span class='ocrx_word' id='word_1_678' title='bbox 2370 4324 2548 4392; x_wconf 85' lang='lat' dir='ltr'><strong>itaque</strong></span> <span class='ocrx_word' id='word_1_679' title='bbox 2582 4341 2685 4378; x_wconf 92' lang='lat' dir='ltr'><strong>non</strong></span> <span class='ocrx_word' id='word_1_680' title='bbox 2714 4337 2864 4386; x_wconf 87' lang='lat' dir='ltr'><strong>sunt,</strong></span> <span class='ocrx_word' id='word_1_681' title='bbox 2904 4326 2992 4391; x_wconf 91' lang='lat' dir='ltr'><strong>qui</strong></span> <span class='ocrx_word' id='word_1_682' title='bbox 3025 4341 3088 4377; x_wconf 74' lang='lat' dir='ltr'><strong>ex</strong></span> <span class='ocrx_word' id='word_1_683' title='bbox 3120 4325 3377 4379; x_wconf 83' lang='lat' dir='ltr'><strong>immensa</strong></span> <span class='ocrx_word' id='word_1_684' title='bbox 3405 4324 3638 4393; x_wconf 79' lang='lat' dir='ltr'><strong>quadam</strong></span> 
     </span>
    </p>
   </div>
   <div class='ocr_carea' id='block_1_89' title="bbox 2070 4413 3641 4484">
    <p class='ocr_par' dir='ltr' id='par_1_89' title="bbox 2070 4413 3641 4484">
     <span class='ocr_line' id='line_1_89' title="bbox 2070 4413 3641 4484; baseline 0.002 -19"><span class='ocrx_word' id='word_1_685' title='bbox 2070 4413 2276 4467; x_wconf 85' lang='lat' dir='ltr'><strong>insania</strong></span> <span class='ocrx_word' id='word_1_686' title='bbox 2316 4415 2520 4478; x_wconf 82' lang='lat' dir='ltr'><strong>volunt,</strong></span> <span class='ocrx_word' id='word_1_687' title='bbox 2571 4416 2711 4482; x_wconf 85' lang='lat' dir='ltr'><strong>quod</strong></span> <span class='ocrx_word' id='word_1_688' title='bbox 2764 4416 2906 4469; x_wconf 72' lang='lat' dir='ltr'><strong>sicut</strong></span> <span class='ocrx_word' id='word_1_689' title='bbox 2958 4413 3184 4468; x_wconf 87' lang='lat' dir='ltr'><strong>Verbum</strong></span> <span class='ocrx_word' id='word_1_690' title='bbox 3238 4416 3379 4484; x_wconf 86' lang='lat' dir='ltr'><strong>quod</strong></span> <span class='ocrx_word' id='word_1_691' title='bbox 3440 4429 3470 4466; x_wconf 88' lang='lat' dir='ltr'><strong>e</strong></span> <span class='ocrx_word' id='word_1_692' title='bbox 3502 4414 3641 4468; x_wconf 76' lang='lat' dir='ltr'><strong>cmlo</strong></span> 
     </span>
    </p>
   </div>
   <div class='ocr_carea' id='block_1_90' title="bbox 392 4504 1959 4587">
    <p class='ocr_par' dir='ltr' id='par_1_90' title="bbox 392 4514 1959 4585">
     <span class='ocr_line' id='line_1_90' title="bbox 392 4514 1959 4585; baseline 0.001 -18"><span class='ocrx_word' id='word_1_693' title='bbox 392 4516 554 4584; x_wconf 82' lang='grc' dir='ltr'>φύσιν</span> <span class='ocrx_word' id='word_1_694' title='bbox 590 4517 715 4580; x_wconf 68' lang='grc' dir='ltr'>Υἱὸς</span> <span class='ocrx_word' id='word_1_695' title='bbox 755 4517 848 4570; x_wconf 88' lang='grc' dir='ltr'><strong>τοῦ</strong></span> <span class='ocrx_word' id='word_1_696' title='bbox 884 4516 1065 4577; x_wconf 78' lang='grc' dir='ltr'>Δαόξδ,</span> <span class='ocrx_word' id='word_1_697' title='bbox 1115 4514 1302 4580; x_wconf 83' lang='grc' dir='ltr'>Οῦτως</span> <span class='ocrx_word' id='word_1_698' title='bbox 1327 4517 1447 4571; x_wconf 73' lang='grc' dir='ltr'>οὐδὲ</span> <span class='ocrx_word' id='word_1_699' title='bbox 1485 4518 1512 4569; x_wconf 85' lang='lat'><strong>6</strong></span> <span class='ocrx_word' id='word_1_700' title='bbox 1560 4519 1623 4569; x_wconf 80' lang='grc' dir='ltr'>ἐκ</span> <span class='ocrx_word' id='word_1_701' title='bbox 1655 4517 1959 4585; x_wconf 77' lang='grc' dir='ltr'>σπέρματος</span> 
     </span>
    </p>
   </div>
   <div class='ocr_carea' id='block_1_91' title="bbox 2063 4504 3639 4587">
    <p class='ocr_par' dir='ltr' id='par_1_91' title="bbox 2073 4504 3639 4568">
     <span class='ocr_line' id='line_1_91' title="bbox 2073 4504 3639 4568; baseline 0.002 -13"><span class='ocrx_word' id='word_1_702' title='bbox 2073 4504 2350 4560; x_wconf 84' lang='lat' dir='ltr'><strong>descendit</strong></span> <span class='ocrx_word' id='word_1_703' title='bbox 2383 4521 2485 4558; x_wconf 91' lang='lat' dir='ltr'><strong>non</strong></span> <span class='ocrx_word' id='word_1_704' title='bbox 2524 4515 2607 4559; x_wconf 77' lang='lat' dir='ltr'><strong>est</strong></span> <span class='ocrx_word' id='word_1_705' title='bbox 2637 4508 2929 4560; x_wconf 86' lang='lat' dir='ltr'><strong>secundum</strong></span> <span class='ocrx_word' id='word_1_706' title='bbox 2979 4517 3222 4559; x_wconf 87' lang='lat' dir='ltr'><strong>naturam</strong></span> <span class='ocrx_word' id='word_1_707' title='bbox 3263 4507 3402 4559; x_wconf 81' lang='lat' dir='ltr'><strong>tilias</strong></span> <span class='ocrx_word' id='word_1_708' title='bbox 3438 4505 3639 4568; x_wconf 81' lang='lat' dir='ltr'><strong>David,</strong></span> 
     </span>
    </p>
   </div>
   <div class='ocr_carea' id='block_1_92' title="bbox 391 4605 1963 4676">
    <p class='ocr_par' dir='ltr' id='par_1_92' title="bbox 391 4605 1963 4676">
     <span class='ocr_line' id='line_1_92' title="bbox 391 4605 1963 4676; baseline -0.002 -14"><span class='ocrx_word' id='word_1_709' title='bbox 391 4607 486 4662; x_wconf 77' lang='grc' dir='ltr'><strong>τοῦ</strong></span> <span class='ocrx_word' id='word_1_710' title='bbox 515 4606 697 4667; x_wconf 70' lang='grc' dir='ltr'>Δαόὶδ,</span> <span class='ocrx_word' id='word_1_711' title='bbox 727 4608 854 4669; x_wconf 80' lang='grc' dir='ltr'>Υἱός</span> <span class='ocrx_word' id='word_1_712' title='bbox 877 4609 991 4659; x_wconf 78' lang='grc' dir='ltr'>ἐστι</span> <span class='ocrx_word' id='word_1_713' title='bbox 1019 4607 1160 4660; x_wconf 83' lang='grc' dir='ltr'>κατὰ</span> <span class='ocrx_word' id='word_1_714' title='bbox 1183 4606 1345 4673; x_wconf 75' lang='grc' dir='ltr'>φύσιν</span> <span class='ocrx_word' id='word_1_715' title='bbox 1372 4605 1466 4659; x_wconf 82' lang='grc' dir='ltr'><strong>τοῦ</strong></span> <span class='ocrx_word' id='word_1_716' title='bbox 1483 4605 1638 4658; x_wconf 78' lang='grc' dir='ltr'>Θεοῦ.</span> <span class='ocrx_word' id='word_1_717' title='bbox 1676 4607 1734 4657; x_wconf 85' lang='grc'><strong>’0</strong></span> <span class='ocrx_word' id='word_1_718' title='bbox 1759 4607 1868 4676; x_wconf 84' lang='grc' dir='ltr'><strong>γάρ</strong></span> <span class='ocrx_word' id='word_1_719' title='bbox 1882 4623 1963 4659; x_wconf 90' lang='grc' dir='ltr'><strong>τοι</strong></span> 
     </span>
    </p>
   </div>
   <div class='ocr_carea' id='block_1_93' title="bbox 394 4695 1963 4766">
    <p class='ocr_par' dir='ltr' id='par_1_93' title="bbox 394 4695 1963 4766">
     <span class='ocr_line' id='line_1_93' title="bbox 394 4695 1963 4766; baseline 0 -18"><span class='ocrx_word' id='word_1_720' title='bbox 394 4696 557 4765; x_wconf 78' lang='grc' dir='ltr'>φύσει</span> <span class='ocrx_word' id='word_1_721' title='bbox 586 4695 680 4748; x_wconf 73' lang='grc' dir='ltr'>καὶ</span> <span class='ocrx_word' id='word_1_722' title='bbox 712 4696 923 4765; x_wconf 75' lang='grc' dir='ltr'>άληθῶς</span> <span class='ocrx_word' id='word_1_723' title='bbox 951 4698 1015 4749; x_wconf 82' lang='grc' dir='ltr'>ὲκ</span> <span class='ocrx_word' id='word_1_724' title='bbox 1047 4696 1140 4749; x_wconf 85' lang='grc' dir='ltr'><strong>τοῦ</strong></span> <span class='ocrx_word' id='word_1_725' title='bbox 1181 4696 1388 4766; x_wconf 78' lang='grc' dir='ltr'>Πατρὸς</span> <span class='ocrx_word' id='word_1_726' title='bbox 1418 4695 1740 4765; x_wconf 75' lang='grc' dir='ltr'>ἀναλάμψας</span> <span class='ocrx_word' id='word_1_727' title='bbox 1772 4698 1963 4762; x_wconf 77' lang='grc' dir='ltr'>Λόγος,</span> 
     </span>
    </p>
   </div>
   <div class='ocr_carea' id='block_1_94' title="bbox 396 4784 1968 4857">
    <p class='ocr_par' dir='ltr' id='par_1_94' title="bbox 396 4784 1968 4857">
     <span class='ocr_line' id='line_1_94' title="bbox 396 4784 1968 4857; baseline -0.002 -17"><span class='ocrx_word' id='word_1_728' title='bbox 396 4788 454 4840; x_wconf 70' lang='grc' dir='ltr'>ἐν</span> <span class='ocrx_word' id='word_1_729' title='bbox 486 4786 790 4857; x_wconf 56' lang='grc' dir='ltr'>προσλήψει</span> <span class='ocrx_word' id='word_1_730' title='bbox 818 4785 1052 4853; x_wconf 75' lang='grc' dir='ltr'>γεγονὼς</span> <span class='ocrx_word' id='word_1_731' title='bbox 1085 4787 1284 4855; x_wconf 79' lang='grc' dir='ltr'>σαρκὸς</span> <span class='ocrx_word' id='word_1_732' title='bbox 1313 4787 1404 4838; x_wconf 83' lang='grc' dir='ltr'>καὶ</span> <span class='ocrx_word' id='word_1_733' title='bbox 1436 4785 1685 4854; x_wconf 74' lang='grc' dir='ltr'>αἵματος,</span> <span class='ocrx_word' id='word_1_734' title='bbox 1716 4784 1968 4855; x_wconf 87' lang='grc' dir='ltr'>καθάπερ</span> 
     </span>
    </p>
   </div>
   <div class='ocr_carea' id='block_1_95' title="bbox 396 4876 1966 4948">
    <p class='ocr_par' dir='ltr' id='par_1_95' title="bbox 396 4876 1966 4948">
     <span class='ocr_line' id='line_1_95' title="bbox 396 4876 1966 4948; baseline -0.003 -15"><span class='ocrx_word' id='word_1_735' title='bbox 396 4879 533 4948; x_wconf 71' lang='grc' dir='ltr'>ἔφην</span> <span class='ocrx_word' id='word_1_736' title='bbox 572 4876 793 4948; x_wconf 78' lang='grc' dir='ltr'>ἀρτίως,</span> <span class='ocrx_word' id='word_1_737' title='bbox 827 4878 1131 4947; x_wconf 77' lang='grc' dir='ltr'>μεμένηκεν</span> <span class='ocrx_word' id='word_1_738' title='bbox 1159 4880 1187 4929; x_wconf 91' lang='grc' dir='ltr'>ὁ</span> <span class='ocrx_word' id='word_1_739' title='bbox 1217 4877 1399 4939; x_wconf 72' lang='grc' dir='ltr'>αὐτὸς,</span> <span class='ocrx_word' id='word_1_740' title='bbox 1433 4876 1698 4938; x_wconf 76' lang='grc' dir='ltr'>τουτέστι,</span> <span class='ocrx_word' id='word_1_741' title='bbox 1726 4876 1882 4944; x_wconf 82' lang='grc' dir='ltr'>φύσει</span> <span class='ocrx_word' id='word_1_742' title='bbox 1908 4893 1966 4929; x_wconf 86' lang='grc' dir='ltr'><strong>τε</strong></span> 
     </span>
    </p>
   </div>
   <div class='ocr_carea' id='block_1_96' title="bbox 397 4963 1973 5038">
    <p class='ocr_par' dir='ltr' id='par_1_96' title="bbox 397 4963 1973 5038">
     <span class='ocr_line' id='line_1_96' title="bbox 397 4963 1973 5038; baseline -0.001 -16"><span class='ocrx_word' id='word_1_743' title='bbox 397 4971 490 5024; x_wconf 85' lang='grc' dir='ltr'><strong>καί</strong></span> <span class='ocrx_word' id='word_1_744' title='bbox 521 4966 736 5038; x_wconf 83' lang='grc' dir='ltr'>άληθῶς</span> <span class='ocrx_word' id='word_1_745' title='bbox 759 4969 885 5029; x_wconf 70' lang='grc' dir='ltr'><strong>Υἱὸς</strong></span> <span class='ocrx_word' id='word_1_746' title='bbox 920 4966 1013 5019; x_wconf 88' lang='grc' dir='ltr'><strong>τοῦ</strong></span> <span class='ocrx_word' id='word_1_747' title='bbox 1054 4968 1285 5036; x_wconf 66' lang='grc' dir='ltr'>Πατρός,</span> <span class='ocrx_word' id='word_1_748' title='bbox 1324 4963 1402 5029; x_wconf 78' lang='grc' dir='ltr'>εἷς</span> <span class='ocrx_word' id='word_1_749' title='bbox 1432 4968 1506 5019; x_wconf 81' lang='grc' dir='ltr'>ὢν</span> <span class='ocrx_word' id='word_1_750' title='bbox 1537 4967 1628 5019; x_wconf 74' lang='grc' dir='ltr'>καὶ</span> <span class='ocrx_word' id='word_1_751' title='bbox 1664 4968 1846 5035; x_wconf 87' lang='grc' dir='ltr'>μόνος,</span> <span class='ocrx_word' id='word_1_752' title='bbox 1875 4970 1973 5021; x_wconf 60' lang='grc' dir='ltr'><strong>καλ⁵</strong></span> 
     </span>
    </p>
   </div>
   <div class='ocr_carea' id='block_1_97' title="bbox 395 5055 1968 5129">
    <p class='ocr_par' dir='ltr' id='par_1_97' title="bbox 395 5055 1968 5129">
     <span class='ocr_line' id='line_1_97' title="bbox 395 5055 1968 5129; baseline -0.016 0"><span class='ocrx_word' id='word_1_753' title='bbox 395 5060 495 5129; x_wconf 69' lang='grc' dir='ltr'><strong>οὐχ</strong></span> <span class='ocrx_word' id='word_1_754' title='bbox 527 5060 601 5122; x_wconf 72' lang='grc' dir='ltr'><strong>ὡς</strong></span> <span class='ocrx_word' id='word_1_755' title='bbox 634 5058 820 5128; x_wconf 71' lang='grc' dir='ltr'>ἕτερος</span> <span class='ocrx_word' id='word_1_756' title='bbox 859 5056 977 5126; x_wconf 81' lang='grc' dir='ltr'>μεθ’</span> <span class='ocrx_word' id='word_1_757' title='bbox 1008 5058 1219 5125; x_wconf 78' lang='grc' dir='ltr'>ἑτέρου,</span> <span class='ocrx_word' id='word_1_758' title='bbox 1250 5057 1338 5109; x_wconf 83' lang='grc' dir='ltr'>ἵνα</span> <span class='ocrx_word' id='word_1_759' title='bbox 1376 5057 1471 5109; x_wconf 66' lang='grc' dir='ltr'>καὶ</span> <span class='ocrx_word' id='word_1_760' title='bbox 1496 5055 1553 5107; x_wconf 82' lang='grc' dir='ltr'>ἓν</span> <span class='ocrx_word' id='word_1_761' title='bbox 1589 5056 1752 5108; x_wconf 74' lang='grc' dir='ltr'>αὐτοῦ</span> <span class='ocrx_word' id='word_1_762' title='bbox 1781 5058 1968 5127; x_wconf 80' lang='grc' dir='ltr'>νοῆται</span> 
     </span>
    </p>
   </div>
   <div class='ocr_carea' id='block_1_98' title="bbox 398 5147 1969 5222">
    <p class='ocr_par' dir='ltr' id='par_1_98' title="bbox 398 5147 1969 5222">
     <span class='ocr_line' id='line_1_98' title="bbox 398 5147 1969 5222; baseline -0.001 -18"><span class='ocrx_word' id='word_1_763' title='bbox 398 5152 709 5222; x_wconf 82' lang='grc' dir='ltr'>πρόσωπον.</span> <span class='ocrx_word' id='word_1_764' title='bbox 755 5149 1176 5218; x_wconf 84' lang='grc' dir='ltr'>Συναγείροντες</span> <span class='ocrx_word' id='word_1_765' title='bbox 1225 5149 1333 5219; x_wconf 74' lang='grc' dir='ltr'><strong>γὰρ</strong></span> <span class='ocrx_word' id='word_1_766' title='bbox 1382 5147 1553 5210; x_wconf 70' lang='grc' dir='ltr'>οὕτως</span> <span class='ocrx_word' id='word_1_767' title='bbox 1598 5148 1733 5219; x_wconf 77' lang='grc' dir='ltr'>πρὸς</span> <span class='ocrx_word' id='word_1_768' title='bbox 1778 5148 1969 5203; x_wconf 71' lang='grc' dir='ltr'>ἕνωσιν</span> 
     </span>
    </p>
   </div>
   <div class='ocr_carea' id='block_1_99' title="bbox 399 5238 1967 5316">
    <p class='ocr_par' dir='ltr' id='par_1_99' title="bbox 399 5238 1967 5316">
     <span class='ocr_line' id='line_1_99' title="bbox 399 5238 1967 5316; baseline -0.006 -16"><span class='ocrx_word' id='word_1_769' title='bbox 399 5244 598 5316; x_wconf 81' lang='grc' dir='ltr'>ἀληθῆ,</span> <span class='ocrx_word' id='word_1_770' title='bbox 628 5245 722 5299; x_wconf 79' lang='grc' dir='ltr'><strong>καὶ</strong></span> <span class='ocrx_word' id='word_1_771' title='bbox 744 5245 842 5315; x_wconf 85' lang='grc' dir='ltr'>τὴν</span> <span class='ocrx_word' id='word_1_772' title='bbox 871 5243 1013 5312; x_wconf 81' lang='grc' dir='ltr'>ὑπὲρ</span> <span class='ocrx_word' id='word_1_773' title='bbox 1034 5240 1158 5294; x_wconf 88' lang='grc' dir='ltr'>νοῦν</span> <span class='ocrx_word' id='word_1_774' title='bbox 1193 5240 1284 5293; x_wconf 84' lang='grc' dir='ltr'><strong>καί</strong></span> <span class='ocrx_word' id='word_1_775' title='bbox 1333 5239 1489 5306; x_wconf 74' lang='grc' dir='ltr'>Λόγον</span> <span class='ocrx_word' id='word_1_776' title='bbox 1516 5241 1584 5292; x_wconf 71' lang='grc' dir='ltr'><strong>τὰ</strong></span> <span class='ocrx_word' id='word_1_777' title='bbox 1605 5241 1715 5300; x_wconf 88' lang='grc' dir='ltr'>τοῖς</span> <span class='ocrx_word' id='word_1_778' title='bbox 1740 5238 1837 5308; x_wconf 83' lang='grc' dir='ltr'>τῆς</span> <span class='ocrx_word' id='word_1_779' title='bbox 1865 5238 1967 5307; x_wconf 77' lang='grc' dir='ltr'><strong>φύ-</strong></span> 
     </span>
    </p>
   </div>
   <div class='ocr_carea' id='block_1_100' title="bbox 399 5329 1969 5403">
    <p class='ocr_par' dir='ltr' id='par_1_100' title="bbox 399 5329 1969 5403">
     <span class='ocr_line' id='line_1_100' title="bbox 399 5329 1969 5403; baseline -0.003 -17"><span class='ocrx_word' id='word_1_780' title='bbox 399 5349 538 5397; x_wconf 86' lang='grc' dir='ltr'>σεως</span> <span class='ocrx_word' id='word_1_781' title='bbox 578 5333 758 5398; x_wconf 88' lang='grc' dir='ltr'>λόγοις</span> <span class='ocrx_word' id='word_1_782' title='bbox 808 5333 944 5403; x_wconf 72' lang='grc' dir='ltr'>πρὸς</span> <span class='ocrx_word' id='word_1_783' title='bbox 973 5331 1337 5401; x_wconf 80' lang='grc' dir='ltr'>ἀνομοιότητα</span> <span class='ocrx_word' id='word_1_784' title='bbox 1387 5329 1837 5398; x_wconf 83' lang='grc' dir='ltr'>διεσχοινισμένα,</span> <span class='ocrx_word' id='word_1_785' title='bbox 1871 5330 1969 5399; x_wconf 82' lang='grc' dir='ltr'>τὴν</span> 
     </span>
    </p>
   </div>
   <div class='ocr_carea' id='block_1_101' title="bbox 399 5420 1966 5496">
    <p class='ocr_par' dir='ltr' id='par_1_101' title="bbox 399 5420 1966 5496">
     <span class='ocr_line' id='line_1_101' title="bbox 399 5420 1966 5496; baseline -0.003 -19"><span class='ocrx_word' id='word_1_786' title='bbox 399 5424 612 5496; x_wconf 79' lang='grc' dir='ltr'>ἀπλανῆ</span> <span class='ocrx_word' id='word_1_787' title='bbox 633 5425 729 5495; x_wconf 79' lang='grc' dir='ltr'>τῆς</span> <span class='ocrx_word' id='word_1_788' title='bbox 748 5426 984 5487; x_wconf 84' lang='grc' dir='ltr'>πίστεως</span> <span class='ocrx_word' id='word_1_789' title='bbox 1010 5422 1336 5494; x_wconf 74' lang='grc' dir='ltr'>βαδιουμεθα</span> <span class='ocrx_word' id='word_1_790' title='bbox 1355 5421 1558 5492; x_wconf 81' lang='grc' dir='ltr'>τρίϐον.</span> <span class='ocrx_word' id='word_1_791' title='bbox 1576 5421 1712 5473; x_wconf 83' lang='grc' dir='ltr'>Ἕνα</span> <span class='ocrx_word' id='word_1_792' title='bbox 1736 5420 1842 5491; x_wconf 79' lang='grc' dir='ltr'><strong>γὰρ</strong></span> <span class='ocrx_word' id='word_1_793' title='bbox 1872 5421 1966 5473; x_wconf 79' lang='grc' dir='ltr'>καὶ</span> 
     </span>
    </p>
   </div>
   <div class='ocr_carea' id='block_1_102' title="bbox 397 5510 1970 5585">
    <p class='ocr_par' dir='ltr' id='par_1_102' title="bbox 397 5510 1970 5585">
     <span class='ocr_line' id='line_1_102' title="bbox 397 5510 1970 5585; baseline -0.001 -18"><span class='ocrx_word' id='word_1_794' title='bbox 397 5514 491 5568; x_wconf 80' lang='grc' dir='ltr'>τὸν</span> <span class='ocrx_word' id='word_1_795' title='bbox 523 5515 684 5569; x_wconf 77' lang='grc' dir='ltr'>αὐτὸν</span> <span class='ocrx_word' id='word_1_796' title='bbox 716 5511 855 5569; x_wconf 84' lang='grc' dir='ltr'>εἶναί</span> <span class='ocrx_word' id='word_1_797' title='bbox 896 5531 1073 5585; x_wconf 84' lang='grc' dir='ltr'>φαμεν</span> <span class='ocrx_word' id='word_1_798' title='bbox 1091 5513 1323 5585; x_wconf 83' lang='grc' dir='ltr'>Χριστὸν</span> <span class='ocrx_word' id='word_1_799' title='bbox 1355 5512 1582 5581; x_wconf 82' lang='grc' dir='ltr'>Ἰησοῦν,</span> <span class='ocrx_word' id='word_1_800' title='bbox 1613 5513 1674 5564; x_wconf 82' lang='grc' dir='ltr'>ὲκ</span> <span class='ocrx_word' id='word_1_801' title='bbox 1703 5510 1836 5563; x_wconf 88' lang='grc' dir='ltr'>Θεοῦ</span> <span class='ocrx_word' id='word_1_802' title='bbox 1872 5511 1970 5581; x_wconf 79' lang='grc' dir='ltr'>μὲν</span> 
     </span>
    </p>
   </div>
   <div class='ocr_carea' id='block_1_103' title="bbox 400 5600 1968 5676">
    <p class='ocr_par' dir='ltr' id='par_1_103' title="bbox 400 5600 1968 5676">
     <span class='ocr_line' id='line_1_103' title="bbox 400 5600 1968 5676; baseline -0.003 -17"><span class='ocrx_word' id='word_1_803' title='bbox 400 5604 637 5675; x_wconf 80' lang='grc' dir='ltr'>Πατρὸς,</span> <span class='ocrx_word' id='word_1_804' title='bbox 668 5608 742 5668; x_wconf 79' lang='grc' dir='ltr'>ὡς</span> <span class='ocrx_word' id='word_1_805' title='bbox 768 5605 899 5658; x_wconf 80' lang='grc' dir='ltr'>Θεὸν</span> <span class='ocrx_word' id='word_1_806' title='bbox 916 5606 1106 5672; x_wconf 86' lang='grc' dir='ltr'>Λόγον,</span> <span class='ocrx_word' id='word_1_807' title='bbox 1126 5605 1190 5661; x_wconf 79' lang='grc' dir='ltr'>ἐκ</span> <span class='ocrx_word' id='word_1_808' title='bbox 1215 5602 1527 5676; x_wconf 80' lang='grc' dir='ltr'>σπέρματος</span> <span class='ocrx_word' id='word_1_809' title='bbox 1550 5603 1605 5656; x_wconf 76' lang='grc' dir='ltr'>δὲ</span> <span class='ocrx_word' id='word_1_810' title='bbox 1635 5600 1774 5655; x_wconf 77' lang='grc' dir='ltr'>κατὰ</span> <span class='ocrx_word' id='word_1_811' title='bbox 1793 5602 1968 5672; x_wconf 86' lang='grc' dir='ltr'>σάρκα</span> 
     </span>
    </p>
   </div>
   <div class='ocr_carea' id='block_1_104' title="bbox 475 5778 1961 5853">
    <p class='ocr_par' dir='ltr' id='par_1_104' title="bbox 475 5778 1961 5853">
     <span class='ocr_line' id='line_1_104' title="bbox 475 5778 1961 5853; baseline -0.007 -16"><span class='ocrx_word' id='word_1_812' title='bbox 475 5786 493 5815; x_wconf 85' lang='grc'><strong><em>⁸</em></strong></span> <span class='ocrx_word' id='word_1_813' title='bbox 526 5783 710 5837; x_wconf 75' lang='lat' dir='ltr'><strong>Matth.</strong></span> <span class='ocrx_word' id='word_1_814' title='bbox 748 5798 878 5845; x_wconf 69' lang='grc' dir='ltr'>χλιι,</span> <span class='ocrx_word' id='word_1_815' title='bbox 923 5782 998 5834; x_wconf 64' lang='lat'><strong>52.</strong></span> <span class='ocrx_word' id='word_1_816' title='bbox 1074 5782 1090 5811; x_wconf 81' lang='grc'>⁸</span> <span class='ocrx_word' id='word_1_817' title='bbox 1129 5784 1255 5837; x_wconf 80' lang='lat' dir='ltr'><strong>ihid.</strong></span> <span class='ocrx_word' id='word_1_818' title='bbox 1288 5779 1469 5853; x_wconf 56' lang='lat'><strong>45-63.</strong></span> <span class='ocrx_word' id='word_1_819' title='bbox 1551 5781 1567 5808; x_wconf 77' lang='grc'><strong><em>⁷</em></strong></span> <span class='ocrx_word' id='word_1_820' title='bbox 1607 5779 1762 5849; x_wconf 81' lang='lat' dir='ltr'><strong>Hebr.</strong></span> <span class='ocrx_word' id='word_1_821' title='bbox 1818 5794 1852 5841; x_wconf 91' lang='grc' dir='ltr'><strong>ι,</strong></span> 
     </span>
    </p>
   </div>
   <div class='ocr_carea' id='block_1_105' title="bbox 2072 4595 3642 4669">
    <p class='ocr_par' dir='ltr' id='par_1_105' title="bbox 2072 4595 3642 4669">
     <span class='ocr_line' id='line_1_105' title="bbox 2072 4595 3642 4669; baseline -0.001 -18"><span class='ocrx_word' id='word_1_822' title='bbox 2072 4597 2146 4652; x_wconf 88' lang='lat' dir='ltr'><strong>ita</strong></span> <span class='ocrx_word' id='word_1_823' title='bbox 2182 4613 2355 4667; x_wconf 88' lang='lat' dir='ltr'><strong>neque</strong></span> <span class='ocrx_word' id='word_1_824' title='bbox 2381 4599 2426 4652; x_wconf 85' lang='lat' dir='ltr'><strong>is</strong></span> <span class='ocrx_word' id='word_1_825' title='bbox 2446 4599 2535 4669; x_wconf 86' lang='lat' dir='ltr'><strong>qui</strong></span> <span class='ocrx_word' id='word_1_826' title='bbox 2565 4609 2646 4653; x_wconf 80' lang='lat' dir='ltr'><strong>est</strong></span> <span class='ocrx_word' id='word_1_827' title='bbox 2681 4614 2744 4653; x_wconf 81' lang='lat' dir='ltr'><strong>ex</strong></span> <span class='ocrx_word' id='word_1_828' title='bbox 2785 4603 2987 4653; x_wconf 83' lang='lat' dir='ltr'><strong>semine</strong></span> <span class='ocrx_word' id='word_1_829' title='bbox 3032 4596 3195 4651; x_wconf 85' lang='lat' dir='ltr'><strong>David</strong></span> <span class='ocrx_word' id='word_1_830' title='bbox 3233 4608 3315 4651; x_wconf 90' lang='lat' dir='ltr'><strong>est</strong></span> <span class='ocrx_word' id='word_1_831' title='bbox 3346 4595 3511 4649; x_wconf 82' lang='lat' dir='ltr'><strong>Filius</strong></span> <span class='ocrx_word' id='word_1_832' title='bbox 3553 4612 3642 4650; x_wconf 82' lang='lat' dir='ltr'><strong>se-</strong></span> 
     </span>
    </p>
   </div>
   <div class='ocr_carea' id='block_1_106' title="bbox 2075 4687 3641 4756">
    <p class='ocr_par' dir='ltr' id='par_1_106' title="bbox 2075 4687 3641 4756">
     <span class='ocr_line' id='line_1_106' title="bbox 2075 4687 3641 4756; baseline 0.001 -16"><span class='ocrx_word' id='word_1_833' title='bbox 2075 4691 2309 4747; x_wconf 86' lang='lat' dir='ltr'><strong>cundum</strong></span> <span class='ocrx_word' id='word_1_834' title='bbox 2345 4702 2587 4743; x_wconf 88' lang='lat' dir='ltr'><strong>naturam</strong></span> <span class='ocrx_word' id='word_1_835' title='bbox 2622 4690 2733 4744; x_wconf 85' lang='lat' dir='ltr'><strong>Dei.</strong></span> <span class='ocrx_word' id='word_1_836' title='bbox 2770 4690 2902 4744; x_wconf 70' lang='lat' dir='ltr'><strong>Nam</strong></span> <span class='ocrx_word' id='word_1_837' title='bbox 2946 4690 3174 4743; x_wconf 68' lang='lat' dir='ltr'><strong>Verbum</strong></span> <span class='ocrx_word' id='word_1_838' title='bbox 3201 4692 3341 4756; x_wconf 89' lang='lat' dir='ltr'><strong>quod</strong></span> <span class='ocrx_word' id='word_1_839' title='bbox 3378 4687 3641 4741; x_wconf 87' lang='lat' dir='ltr'><strong>naturali-</strong></span> 
     </span>
    </p>
   </div>
   <div class='ocr_carea' id='block_1_107' title="bbox 2077 4780 3645 4840">
    <p class='ocr_par' dir='ltr' id='par_1_107' title="bbox 2077 4780 3645 4840">
     <span class='ocr_line' id='line_1_107' title="bbox 2077 4780 3645 4840; baseline -0.001 -7"><span class='ocrx_word' id='word_1_840' title='bbox 2077 4789 2157 4833; x_wconf 88' lang='lat' dir='ltr'><strong>ter</strong></span> <span class='ocrx_word' id='word_1_841' title='bbox 2187 4796 2250 4833; x_wconf 91' lang='lat' dir='ltr'><strong>ac</strong></span> <span class='ocrx_word' id='word_1_842' title='bbox 2285 4794 2411 4833; x_wconf 85' lang='lat' dir='ltr'><strong>vere</strong></span> <span class='ocrx_word' id='word_1_843' title='bbox 2443 4796 2507 4834; x_wconf 76' lang='lat' dir='ltr'><strong>ex</strong></span> <span class='ocrx_word' id='word_1_844' title='bbox 2545 4780 2702 4833; x_wconf 80' lang='lat' dir='ltr'><strong>Patre</strong></span> <span class='ocrx_word' id='word_1_845' title='bbox 2732 4780 2962 4840; x_wconf 72' lang='lat' dir='ltr'><strong>eiiulsit.</strong></span> <span class='ocrx_word' id='word_1_846' title='bbox 2994 4794 3115 4832; x_wconf 90' lang='lat' dir='ltr'><strong>cum</strong></span> <span class='ocrx_word' id='word_1_847' title='bbox 3164 4793 3383 4833; x_wconf 87' lang='lat' dir='ltr'><strong>carnem</strong></span> <span class='ocrx_word' id='word_1_848' title='bbox 3427 4789 3479 4830; x_wconf 87' lang='lat' dir='ltr'><strong>et</strong></span> <span class='ocrx_word' id='word_1_849' title='bbox 3520 4794 3645 4832; x_wconf 85' lang='lat' dir='ltr'><strong>san-</strong></span> 
     </span>
    </p>
   </div>
   <div class='ocr_carea' id='block_1_108' title="bbox 2076 4870 3642 4941">
    <p class='ocr_par' dir='ltr' id='par_1_108' title="bbox 2076 4870 3642 4941">
     <span class='ocr_line' id='line_1_108' title="bbox 2076 4870 3642 4941; baseline 0 -19"><span class='ocrx_word' id='word_1_850' title='bbox 2076 4872 2290 4940; x_wconf 79' lang='lat' dir='ltr'><strong>guinem</strong></span> <span class='ocrx_word' id='word_1_851' title='bbox 2327 4874 2636 4941; x_wconf 81' lang='lat' dir='ltr'><strong>assumpsit,</strong></span> <span class='ocrx_word' id='word_1_852' title='bbox 2669 4873 3114 4940; x_wconf 89' lang='lat' dir='ltr'><strong>quemadmodum</strong></span> <span class='ocrx_word' id='word_1_853' title='bbox 3145 4870 3303 4924; x_wconf 86' lang='lat' dir='ltr'><strong>modo</strong></span> <span class='ocrx_word' id='word_1_854' title='bbox 3332 4870 3460 4930; x_wconf 81' lang='lat' dir='ltr'><strong>dixi.</strong></span> <span class='ocrx_word' id='word_1_855' title='bbox 3487 4884 3642 4922; x_wconf 84' lang='lat' dir='ltr'><strong>man-</strong></span> 
     </span>
    </p>
   </div>
   <div class='ocr_carea' id='block_1_109' title="bbox 2073 4958 3639 5026">
    <p class='ocr_par' dir='ltr' id='par_1_109' title="bbox 2073 4958 3639 5026">
     <span class='ocr_line' id='line_1_109' title="bbox 2073 4958 3639 5026; baseline -0.002 -9"><span class='ocrx_word' id='word_1_856' title='bbox 2073 4964 2147 5017; x_wconf 76' lang='lat' dir='ltr'><strong>sit</strong></span> <span class='ocrx_word' id='word_1_857' title='bbox 2184 4964 2345 5021; x_wconf 89' lang='lat' dir='ltr'><strong>idem.</strong></span> <span class='ocrx_word' id='word_1_858' title='bbox 2396 4964 2496 5016; x_wconf 89' lang='lat' dir='ltr'><strong>hoc</strong></span> <span class='ocrx_word' id='word_1_859' title='bbox 2547 4972 2653 5026; x_wconf 89' lang='lat' dir='ltr'><strong>est,</strong></span> <span class='ocrx_word' id='word_1_860' title='bbox 2706 4974 2892 5016; x_wconf 86' lang='lat' dir='ltr'><strong>natura</strong></span> <span class='ocrx_word' id='word_1_861' title='bbox 2924 4971 2979 5015; x_wconf 89' lang='lat' dir='ltr'><strong>et</strong></span> <span class='ocrx_word' id='word_1_862' title='bbox 3028 4977 3151 5016; x_wconf 86' lang='lat' dir='ltr'><strong>vere</strong></span> <span class='ocrx_word' id='word_1_863' title='bbox 3204 4960 3371 5015; x_wconf 84' lang='lat' dir='ltr'><strong>Filius</strong></span> <span class='ocrx_word' id='word_1_864' title='bbox 3422 4958 3639 5014; x_wconf 76' lang='lat' dir='ltr'><strong>Patris:</strong></span> 
     </span>
    </p>
   </div>
   <div class='ocr_carea' id='block_1_110' title="bbox 2078 5052 3643 5119">
    <p class='ocr_par' dir='ltr' id='par_1_110' title="bbox 2078 5052 3643 5119">
     <span class='ocr_line' id='line_1_110' title="bbox 2078 5052 3643 5119; baseline -0.002 -10"><span class='ocrx_word' id='word_1_865' title='bbox 2078 5069 2219 5110; x_wconf 88' lang='lat' dir='ltr'><strong>unus</strong></span> <span class='ocrx_word' id='word_1_866' title='bbox 2243 5055 2511 5109; x_wconf 78' lang='lat' dir='ltr'><strong>exsiStens</strong></span> <span class='ocrx_word' id='word_1_867' title='bbox 2538 5070 2602 5107; x_wconf 87' lang='lat' dir='ltr'><strong>ac</strong></span> <span class='ocrx_word' id='word_1_868' title='bbox 2646 5054 2814 5117; x_wconf 87' lang='lat' dir='ltr'><strong>solus.</strong></span> <span class='ocrx_word' id='word_1_869' title='bbox 2849 5066 2902 5108; x_wconf 89' lang='lat' dir='ltr'><strong>et</strong></span> <span class='ocrx_word' id='word_1_870' title='bbox 2936 5069 3038 5108; x_wconf 93' lang='lat' dir='ltr'><strong>non</strong></span> <span class='ocrx_word' id='word_1_871' title='bbox 3085 5063 3142 5107; x_wconf 86' lang='grc' dir='ltr'><strong>ιιι</strong></span> <span class='ocrx_word' id='word_1_872' title='bbox 3182 5053 3317 5106; x_wconf 85' lang='lat' dir='ltr'><strong>alius</strong></span> <span class='ocrx_word' id='word_1_873' title='bbox 3355 5069 3475 5107; x_wconf 87' lang='lat' dir='ltr'><strong>cum</strong></span> <span class='ocrx_word' id='word_1_874' title='bbox 3515 5052 3643 5119; x_wconf 86' lang='lat' dir='ltr'><strong>alio,</strong></span> 
     </span>
    </p>
   </div>
   <div class='ocr_carea' id='block_1_111' title="bbox 2078 5142 3667 5213">
    <p class='ocr_par' dir='ltr' id='par_1_111' title="bbox 2078 5142 3667 5213">
     <span class='ocr_line' id='line_1_111' title="bbox 2078 5142 3667 5213; baseline -0.001 -14"><span class='ocrx_word' id='word_1_875' title='bbox 2078 5153 2135 5200; x_wconf 85' lang='lat' dir='ltr'><strong>ut</strong></span> <span class='ocrx_word' id='word_1_876' title='bbox 2156 5156 2209 5199; x_wconf 88' lang='lat' dir='ltr'><strong>et</strong></span> <span class='ocrx_word' id='word_1_877' title='bbox 2238 5160 2342 5199; x_wconf 85' lang='lat' dir='ltr'><strong>una</strong></span> <span class='ocrx_word' id='word_1_878' title='bbox 2373 5146 2538 5213; x_wconf 87' lang='lat' dir='ltr'><strong>ipsius</strong></span> <span class='ocrx_word' id='word_1_879' title='bbox 2568 5155 2850 5200; x_wconf 77' lang='lat' dir='ltr'><strong>censeatur</strong></span> <span class='ocrx_word' id='word_1_880' title='bbox 2877 5160 3129 5212; x_wconf 83' lang='lat' dir='ltr'><strong>persona.</strong></span> <span class='ocrx_word' id='word_1_881' title='bbox 3169 5142 3278 5199; x_wconf 88' lang='lat' dir='ltr'><strong>lloc</strong></span> <span class='ocrx_word' id='word_1_882' title='bbox 3308 5146 3453 5198; x_wconf 79' lang='lat' dir='ltr'><strong>enim</strong></span> <span class='ocrx_word' id='word_1_883' title='bbox 3491 5155 3667 5211; x_wconf 84' lang='lat' dir='ltr'><strong>pacto</strong></span> 
     </span>
    </p>
   </div>
   <div class='ocr_carea' id='block_1_112' title="bbox 2078 5235 3648 5300">
    <p class='ocr_par' dir='ltr' id='par_1_112' title="bbox 2078 5235 3648 5300">
     <span class='ocr_line' id='line_1_112' title="bbox 2078 5235 3648 5300; baseline -0.001 -10"><span class='ocrx_word' id='word_1_884' title='bbox 2078 5238 2397 5290; x_wconf 86' lang='lat' dir='ltr'><strong>reducentes</strong></span> <span class='ocrx_word' id='word_1_885' title='bbox 2447 5238 2513 5290; x_wconf 89' lang='lat' dir='ltr'><strong>ad</strong></span> <span class='ocrx_word' id='word_1_886' title='bbox 2552 5251 2733 5290; x_wconf 84' lang='lat' dir='ltr'><strong>veram</strong></span> <span class='ocrx_word' id='word_1_887' title='bbox 2771 5236 3054 5300; x_wconf 86' lang='lat' dir='ltr'><strong>unitatem,</strong></span> <span class='ocrx_word' id='word_1_888' title='bbox 3092 5246 3147 5290; x_wconf 88' lang='lat' dir='ltr'><strong>et</strong></span> <span class='ocrx_word' id='word_1_889' title='bbox 3199 5235 3530 5289; x_wconf 87' lang='lat' dir='ltr'><strong>intellectqu</strong></span> <span class='ocrx_word' id='word_1_890' title='bbox 3583 5248 3648 5289; x_wconf 85' lang='lat' dir='ltr'><strong>ac</strong></span> 
     </span>
    </p>
   </div>
   <div class='ocr_carea' id='block_1_113' title="bbox 2077 5329 3647 5397">
    <p class='ocr_par' dir='ltr' id='par_1_113' title="bbox 2077 5329 3647 5397">
     <span class='ocr_line' id='line_1_113' title="bbox 2077 5329 3647 5397; baseline -0.001 -16"><span class='ocrx_word' id='word_1_891' title='bbox 2077 5340 2311 5383; x_wconf 80' lang='lat' dir='ltr'><strong>mentem</strong></span> <span class='ocrx_word' id='word_1_892' title='bbox 2347 5338 2583 5383; x_wconf 87' lang='lat' dir='ltr'><strong>nostram</strong></span> <span class='ocrx_word' id='word_1_893' title='bbox 2633 5338 2975 5395; x_wconf 85' lang='lat' dir='ltr'><strong>superantem</strong></span> <span class='ocrx_word' id='word_1_894' title='bbox 3015 5344 3136 5397; x_wconf 68' lang='lat' dir='ltr'><strong>qum</strong></span> <span class='ocrx_word' id='word_1_895' title='bbox 3181 5329 3389 5384; x_wconf 88' lang='lat' dir='ltr'><strong>ratione</strong></span> <span class='ocrx_word' id='word_1_896' title='bbox 3442 5338 3647 5380; x_wconf 59' lang='lat' dir='ltr'><strong>natura</strong></span> 
     </span>
    </p>
   </div>
   <div class='ocr_carea' id='block_1_114' title="bbox 2077 5416 3646 5485">
    <p class='ocr_par' dir='ltr' id='par_1_114' title="bbox 2077 5416 3646 5485">
     <span class='ocr_line' id='line_1_114' title="bbox 2077 5416 3646 5485; baseline -0.004 -10"><span class='ocrx_word' id='word_1_897' title='bbox 2077 5420 2356 5475; x_wconf 87' lang='lat' dir='ltr'><strong>dissimilia</strong></span> <span class='ocrx_word' id='word_1_898' title='bbox 2396 5418 2537 5473; x_wconf 88' lang='lat' dir='ltr'><strong>inter</strong></span> <span class='ocrx_word' id='word_1_899' title='bbox 2566 5433 2625 5473; x_wconf 88' lang='lat' dir='ltr'><strong>se</strong></span> <span class='ocrx_word' id='word_1_900' title='bbox 2664 5428 2809 5485; x_wconf 90' lang='lat' dir='ltr'><strong>sunt,</strong></span> <span class='ocrx_word' id='word_1_901' title='bbox 2856 5426 3056 5474; x_wconf 84' lang='lat' dir='ltr'><strong>rectam</strong></span> <span class='ocrx_word' id='word_1_902' title='bbox 3086 5418 3209 5473; x_wconf 84' lang='lat' dir='ltr'><strong>ﬁdei</strong></span> <span class='ocrx_word' id='word_1_903' title='bbox 3259 5420 3397 5472; x_wconf 86' lang='lat' dir='ltr'><strong>viam</strong></span> <span class='ocrx_word' id='word_1_904' title='bbox 3444 5416 3646 5472; x_wconf 83' lang='lat' dir='ltr'><strong>insisti-</strong></span> 
     </span>
    </p>
   </div>
   <div class='ocr_carea' id='block_1_115' title="bbox 2079 5505 3645 5583">
    <p class='ocr_par' dir='ltr' id='par_1_115' title="bbox 2079 5505 3645 5583">
     <span class='ocr_line' id='line_1_115' title="bbox 2079 5505 3645 5583; baseline -0.005 -17"><span class='ocrx_word' id='word_1_905' title='bbox 2079 5526 2219 5583; x_wconf 79' lang='lat' dir='ltr'><strong>mus.</strong></span> <span class='ocrx_word' id='word_1_906' title='bbox 2252 5510 2431 5566; x_wconf 87' lang='lat' dir='ltr'><strong>Unum</strong></span> <span class='ocrx_word' id='word_1_907' title='bbox 2470 5509 2614 5565; x_wconf 89' lang='lat' dir='ltr'><strong>enim</strong></span> <span class='ocrx_word' id='word_1_908' title='bbox 2642 5510 2805 5564; x_wconf 87' lang='lat' dir='ltr'><strong>etiam</strong></span> <span class='ocrx_word' id='word_1_909' title='bbox 2834 5510 3008 5579; x_wconf 87' lang='lat' dir='ltr'><strong>ipsuttt</strong></span> <span class='ocrx_word' id='word_1_910' title='bbox 3044 5524 3165 5566; x_wconf 79' lang='lat' dir='ltr'><strong>esse</strong></span> <span class='ocrx_word' id='word_1_911' title='bbox 3194 5510 3424 5569; x_wconf 85' lang='lat' dir='ltr'><strong>dicimus</strong></span> <span class='ocrx_word' id='word_1_912' title='bbox 3457 5505 3645 5564; x_wconf 80' lang='lat' dir='ltr'><strong>Jesum</strong></span> 
     </span>
    </p>
   </div>
   <div class='ocr_carea' id='block_1_116' title="bbox 2076 5597 3641 5671">
    <p class='ocr_par' dir='ltr' id='par_1_116' title="bbox 2076 5597 3641 5671">
     <span class='ocr_line' id='line_1_116' title="bbox 2076 5597 3641 5671; baseline -0.001 -12"><span class='ocrx_word' id='word_1_913' title='bbox 2076 5603 2348 5659; x_wconf 82' lang='lat' dir='ltr'><strong>Christum</strong></span> <span class='ocrx_word' id='word_1_914' title='bbox 2384 5617 2395 5653; x_wconf 94' lang='lat'><strong>:</strong></span> <span class='ocrx_word' id='word_1_915' title='bbox 2431 5616 2497 5656; x_wconf 79' lang='lat' dir='ltr'><strong>ex</strong></span> <span class='ocrx_word' id='word_1_916' title='bbox 2522 5600 2630 5656; x_wconf 89' lang='lat' dir='ltr'><strong>Deo</strong></span> <span class='ocrx_word' id='word_1_917' title='bbox 2658 5601 2876 5671; x_wconf 81' lang='lat' dir='ltr'><strong>quidem</strong></span> <span class='ocrx_word' id='word_1_918' title='bbox 2903 5598 3065 5659; x_wconf 81' lang='lat' dir='ltr'><strong>Patre</strong></span> <span class='ocrx_word' id='word_1_919' title='bbox 3095 5611 3153 5657; x_wconf 87' lang='lat' dir='ltr'><strong>ut</strong></span> <span class='ocrx_word' id='word_1_920' title='bbox 3180 5601 3349 5659; x_wconf 81' lang='lat' dir='ltr'><strong>Deum</strong></span> <span class='ocrx_word' id='word_1_921' title='bbox 3375 5597 3641 5659; x_wconf 77' lang='lat' dir='ltr'><strong>Verbum;</strong></span> 
     </span>
    </p>
   </div>
   <div class='ocr_carea' id='block_1_117' title="bbox 2042 5774 2883 5844">
    <p class='ocr_par' dir='ltr' id='par_1_117' title="bbox 2042 5774 2883 5844">
     <span class='ocr_line' id='line_1_117' title="bbox 2042 5774 2883 5844; baseline -0.004 -14"><span class='ocrx_word' id='word_1_922' title='bbox 2042 5778 2060 5806; x_wconf 80' lang='grc'><strong>⁸</strong></span> <span class='ocrx_word' id='word_1_923' title='bbox 2108 5776 2235 5830; x_wconf 89' lang='lat' dir='ltr'><strong>ibid.</strong></span> <span class='ocrx_word' id='word_1_924' title='bbox 2282 5776 2362 5828; x_wconf 82' lang='lat' dir='ltr'><strong>l5.</strong></span> <span class='ocrx_word' id='word_1_925' title='bbox 2445 5776 2467 5806; x_wconf 85' lang='lat'><strong>&#39;</strong></span> <span class='ocrx_word' id='word_1_926' title='bbox 2503 5774 2763 5844; x_wconf 81' lang='lat' dir='ltr'><strong>Ephes.t,</strong></span> <span class='ocrx_word' id='word_1_927' title='bbox 2795 5777 2883 5829; x_wconf 67' lang='lat'><strong>2|.</strong></span> 
     </span>
    </p>
   </div>
  </div>
