4038 6200
474 332 607 389 1299
1464 333 1521 387 S.
1562 332 1839 390 CYRILLI
1882 331 2344 390 ALEXANDRINI
2384 333 2704 391 ARCHIEP.
3586 329 3715 384 1500

471 459 538 500 ex
595 445 803 500 semine
862 453 1063 511 autem,
1119 447 1414 521 secundum
1477 462 1732 513 carnem,
1799 449 2030 505 Davidis.

2143 454 2237 508 τοῦ
2267 454 2556 508 θεσπεσίου
2584 451 2769 505 Δαϐίδ.
2817 451 2888 503 ’Ἢ
2927 449 3026 503 οὐκ
3063 448 3262 519 ἄριστά
3311 464 3392 500 σοι
3434 445 3607 501 ταῦτα
3638 446 3715 500 δι-

471 534 624 587 Aune
648 534 742 587 tibi
768 542 913 589 recte
934 534 1000 588 de
1031 534 1113 589 his
1137 537 1313 602 egisse
1348 535 1534 591 videor
1552 536 1579 589 ?

535 622 597 677 Β.
635 620 892 677 Omnino.
1658 608 1664 613 ’

538 714 610 768 Α.
650 713 922 769 Caeterum
967 714 1169 784 aliquid
1216 725 1477 785 praeterea
1524 718 1855 775 adversariis
1904 717 2041 788 adji-

469 820 630 860 ctam.

538 897 600 951 Β.
642 897 908 964 Quidnam
928 899 955 952 ?

539 989 605 1043 Δ.
650 988 835 1059 Neque
882 992 1025 1045 enim
1081 991 1427 1061 Unigenitum
1472 994 1639 1050 Deum
1681 993 1914 1051 Verbum
1959 1011 2044 1052 es-

470 1081 699 1135 sentiam
724 1097 789 1137 ex
829 1083 938 1137 Deo
980 1082 1140 1139 Patre
1173 1086 1370 1141 habere
1421 1088 1681 1156 credunt;
1732 1090 1825 1143 sed
1878 1089 2045 1144 horni-

356 1208 360 1213 ς
471 1187 594 1227 nem
629 1173 806 1242 illum,
838 1176 930 1244 qui
978 1191 1074 1243 per
1120 1179 1574 1243 coniunctionem,
1609 1192 1665 1233 ut
1704 1182 1803 1250 ipsi
1836 1183 2040 1247 volunt,

470 1276 782 1335 assumptus
806 1277 912 1333 est,
952 1283 1020 1323 ex
1062 1271 1271 1323 semine
1303 1268 1477 1324 David'
1524 1271 1727 1324 factum
1768 1286 1887 1325 esse
1915 1286 2046 1325 con-

473 1361 725 1414 tendunt.

542 1449 603 1502 Il.
645 1451 719 1503 Ita
752 1452 925 1507 aiunt.

541 1542 608 1593 Α.
653 1540 941 1610 Superabit
974 1543 1155 1613 itaque
1198 1544 1418 1598 omnino
1472 1540 1708 1599 Verbum
1763 1544 1905 1615 quod
1944 1560 2041 1598 na-

470 1640 590 1686 tura
625 1650 688 1688 ac
713 1649 837 1688 vere
876 1634 1015 1689 Deus
1044 1645 1146 1698 est,
1173 1650 1295 1689 eum
1341 1636 1435 1704 qui
1471 1647 1553 1692 est
1588 1652 1656 1691 ex
1701 1640 1908 1693 semine
1942 1638 2045 1691 Du-

468 1723 605 1776 vid:
653 1734 708 1778 et
766 1734 918 1779 tanto
971 1727 1187 1796 quidem
1237 1727 1498 1794 excellet,
1553 1740 1815 1799 quantum
1867 1740 1948 1785 est
1986 1730 2038 1784 in

2146 546 2409 615 εσκέφθαι
2437 544 2579 597 δοκῶ
2601 559 2616 607 ;

2212 638 2277 689 B.
2317 635 2469 690 Πάνυ
2502 634 2600 703 μὲν
2627 628 2741 687 οῦν.

2214 729 2280 783 Α.
2322 726 2748 797 Προσερήσομαι
2795 723 2853 778 δέ
2882 740 2934 777 τι
2987 722 3080 776 καὶ
3120 722 3306 795 ἕτερον
3352 722 3477 785 τοὺς
3508 721 3715 776 Stem-

2143 820 2284 882 τίας.

2215 912 2277 965 Β.
2311 910 2385 963 Τὸ
2416 909 2471 963 τί
2501 908 2564 980 δὴ
2595 910 2729 978 (Mc;

2214 1004 2279 1056 Α.
2321 1002 2396 1055 Οὐ
2425 1001 2532 1071 γὰρ
2559 1002 2623 1053 ὲκ
2641 997 2733 1051 τοῦ
2765 996 2980 1067 Πατρδς
3006 996 3103 1067 τὴν
3130 994 3363 1065 ὕπαρξιν
3385 993 3531 1064 ἔχειν
3556 1012 3720 1047 πεπιδ

2148 1095 2405 1149 στεύκασι
2441 1092 2534 1146 τὸν
2579 1092 2841 1162 μονογενῆ
2874 1090 3004 1142 Θεὸν
3034 1088 3228 1156 Λόγον,
3267 1086 3355 1139 τόν
3382 1103 3443 1154 γε
3484 1086 3613 1156 μὴν,
3641 1087 3720 1149 ὡς

2146 1187 2299 1241 αὐτοί
2334 1202 2463 1254 φασι
2492 1183 2768 1255 ληφθέντα
2806 1181 2946 1235 κατὰ
2980 1180 3276 1248 συνάφειαν
3321 1178 3625 1247 ἄνθρωπον,
3652 1180 3720 1230 ἐκ

2148 1278 2462 1346 σπέρματος
2509 1272 2761 1327 γενέσθαι
2820 1272 2914 1325 τοῦ
2968 1270 3255 1324 θεσπεσίου
3309 1269 3471 1323 Δαϐὶδ
3519 1270 3717 1322 διατείὲ

2145 1386 2301 1422 νοντα
2313 1386 2347 1420 τ.

2215 1460 2277 1511 Β.
2318 1458 2475 1512 Οὕτω
2507 1456 2661 1527 φασί.

2213 1554 2277 1605 Δ.
2318 1549 2707 1617 Πλεονεκτήσει
2737 1547 2801 1620 δὴ
2852 1542 2944 1601 οὖν
2990 1547 3166 1617 πάντη
3211 1562 3271 1599 τε
3327 1544 3420 1598 καὶ
3474 1543 3718 1608 πάντως

2130 1643 2303 1717 ⁴φύσει
2325 1661 2382 1698 τε
2405 1643 2500 1698 καὶ
2514 1642 2639 1713 δόξῃ
2664 1641 2796 1704 Θεὸς
2819 1639 2914 1705 ὢν,
2941 1642 2971 1694 ὁ
2990 1639 3180 1707 Λόγος.
3205 1637 3297 1691 τὸν
3322 1638 3385 1690 ἐκ
3404 1636 3722 1707 σπέρματος
3791 1629 3797 1635 ’

2145 1737 2237 1790 τοῦ
2260 1735 2443 1790 Δαὸίδ.
2482 1734 2591 1789 Kal.
2628 1732 2977 1805 ὑπεραλεῖται
3025 1730 3294 1790 τοσοῦτον,
3328 1730 3453 1781 ὅσον
3492 1727 3558 1780 ἂν
3604 1726 3724 1795 ἔχοι

469 1823 784 1868 naturarum
824 1816 1121 1872 diﬂ‘erenu'a
1165 1820 1455 1873 intervalli.
1510 1820 1617 1874 Aut
1664 1821 1708 1875 si
1750 1822 1819 1875 ita
1866 1838 1929 1877 se
1955 1838 2030 1875 res

2141 1826 2201 1879 τὸ
2233 1822 2564 1897 μεσολαϐοῦν
2595 1821 2706 1876 τῶν
2733 1821 2947 1891 φύσεων
2975 1824 3007 1890 ἡ
3048 1819 3299 1890 διαφορά.
3330 1818 3401 1870 Ἦ
3429 1817 3586 1888 εἴπερ
3614 1817 3722 1869 οὐκ

469 1919 577 1959 non
611 1906 769 1959 habet
804 1922 867 1962 ac
909 1909 1048 1972 dico,
1084 1924 1181 1962 cur
1220 1911 1402 1980 itaque
1451 1912 1831 1981 distinguunt?
1868 1914 2041 1982 Atque

470 1994 599 2050 huic
622 1999 839 2066 quidem
873 2001 1116 2053 tribuunt
1147 2001 1332 2070 gloria:
1365 2002 1672 2058 facultatem
1694 2046 1707 2065 ,
1742 2006 1884 2060 hunc
1914 2021 2041 2061 vero

466 2095 722 2155 tauquam
756 2091 1025 2161 acceperit
1049 2092 1416 2157 introducunt,
1452 2104 1615 2164 atque
1657 2097 1707 2149 id
1747 2096 1887 2165 quod
1936 2106 2037 2163 est,

468 2177 642 2232 instar
658 2181 801 2246 doni,
822 2191 983 2251 atque
1001 2182 1156 2254 741
1184 2184 1431 2239 beneﬁcii
1446 2186 1795 2241 lncrifecisse.
1815 2187 2041 2242 Inferior

467 2277 648 2321 autem
680 2277 734 2322 et
765 2270 1032 2337 posterior
1073 2282 1156 2325 est
1190 2272 1281 2341 qui
1313 2274 1532 2344 accipit,
1572 2290 1731 2341 quam
1779 2276 1867 2343 qui
1911 2276 2035 2343 dat;

465 2366 521 2408 et
556 2358 601 2411 is
626 2358 716 2427 qui
746 2359 813 2413 ab
838 2360 944 2414 alio
970 2360 1152 2431 gloria;
1187 2364 1455 2431 particeps
1514 2363 1762 2432 edicitur,
1801 2380 1962 2434 quam
1994 2366 2039 2421 is

466 2446 560 2513 qui
598 2447 822 2518 gloriam
856 2449 1186 2520 impertitur.

535 2536 597 2593 B.
619 2538 928 2609 Maximam,
947 2544 1204 2610 arbitror,
1230 2548 1392 2600 etiam
1414 2546 1515 2616 ipsi
1539 2547 1898 2603 diﬂ'eremiam
1923 2557 2039 2603 sta-

465 2639 626 2685 tuunt
656 2633 801 2687 inter
823 2634 986 2689 Deum
1014 2646 1070 2690 et
1109 2637 1375 2693 homines.

534 2721 603 2776 A.
631 2723 794 2792 Atqui
825 2726 1094 2793 quomodo
1126 2727 1561 2796 sapientissimus
1592 2727 1795 2784 Paulus
1830 2728 2037 2783 divino-

462 2827 584 2866 rum
618 2816 997 2883 mysteriorum
1034 2818 1287 2873 minister
1322 2820 1495 2890 ipsum
1534 2821 1680 2875 illum
1728 2822 1819 2891 qui
1845 2822 2035 2892 prmiti-

463 2914 624 2958 catur
658 2906 1046 2961 inhabitantem
1080 2909 1133 2963 in
1163 2925 1221 2966 se
1244 2910 1475 2976 habens,
1505 2925 1558 2967 et
1586 2914 1811 2983 loquens
1834 2914 1885 2967 in
1910 2913 2034 2983 Spi-

462 2994 598 3057 ritu,
617 2997 910 3050 secundum
939 3012 1157 3053 carnem
1190 3016 1256 3055 ex
1280 3002 1480 3057 Judaais
1511 3011 1564 3057 et
1594 3002 1761 3057 Deum
1782 3004 2033 3072 appellat,

459 3097 519 3142 et
550 3089 891 3145 benedictum
924 3107 1047 3147 esse
1074 3095 1200 3148 dicit
1229 3096 1281 3149 in
1329 3097 1523 3151 smcula
1550 3116 1562 3151 :
1589 3113 1744 3151 amen
1781 3096 1867 3150 “?
1896 3096 2032 3162 Quid

462 3182 715 3249 superius
770 3190 857 3237 est
929 3182 1041 3237 Deo
1101 3186 1193 3253 qui
1242 3199 1407 3254 supra
1466 3199 1655 3240 omnes
1714 3186 1837 3240 est?
1902 3158 2103 3253 quidc

462 3284 644 3326 autem
688 3272 866 3343 majus
912 3273 965 3329 in
1003 3273 1176 3329 Verbo
1206 3278 1350 3345 quod
1379 3291 1447 3332 ex
1485 3276 1647 3331 Patre
1677 3277 1915 3346 genitum
1948 3286 2033 3333 est

459 3363 584 3433 quis
604 3364 993 3432 deprehendat,
1013 3380 1172 3433 quam
1198 3366 1251 3420 in
1281 3381 1346 3421 eo
1365 3367 1456 3437 qui
1483 3368 1777 3422 secundum
1814 3382 2031 3422 carnem

457 3468 527 3506 ex
556 3452 800 3511 Iudaeis?
838 3457 1104 3526 siquidem
1135 3470 1220 3513 est
1251 3458 1388 3514 alius
1423 3459 1491 3513 ab
1534 3460 1649 3530 ipso
1692 3468 1746 3514 et
1789 3458 2031 3530 peculia-

457 3543 593 3599 riter
618 3545 786 3603 Filius
810 3556 973 3618 atque
997 3548 1095 3603 hoc
1128 3564 1232 3604 non
1272 3564 1417 3606 vere.

527 3632 591 3687 Β.
623 3635 729 3690 Sed
755 3637 1023 3692 admissus
1051 3647 1155 3702 est,
1188 3638 1460 3708 inquiunt,
1488 3642 1785 3697 scentulum
1808 3644 2031 3713 conjun-

456 3725 692 3780 ctionem
722 3727 768 3781 is
794 3728 884 3795 qui
908 3736 993 3782 est
1024 3744 1087 3782 ex
1118 3731 1324 3785 semine
1348 3730 1539 3795 David,
1572 3743 1626 3786 et
1660 3749 1779 3787 cum
1814 3736 2029 3791 inhabi-

456 3816 585 3869 tarit
629 3816 683 3869 in
714 3816 829 3886 ipso
880 3815 1019 3870 Deus
1067 3820 1336 3874 exsistens
1388 3820 1651 3888 Verbum,
1684 3838 2028 3880 communem

453 3926 577 3966 cum
625 3910 716 3964 illo
750 3911 1069 3981 dignitatem
1107 3922 1159 3965 et
1197 3912 1421 3981 gloriam
1459 3918 1839 3984 consequitur;
1885 3918 2027 3985 quod

451 4009 510 4057 et
558 4001 959 4057 sacratissimus
998 4001 1197 4056 Paulus
1241 4004 1307 4058 de
1355 4004 1472 4074 ipso
1530 4006 1778 4062 scribens
1828 4010 2024 4065 docet:

458 4110 482 4146 ι
514 4091 651 4159 Quia
683 4093 855 4150 factus
877 4104 962 4151 est
997 4096 1255 4149 obediens
1286 4095 1432 4149 Patri
1478 4111 1647 4165 usque
1676 4098 1741 4151 ad
1774 4112 2023 4166 mortem,

450 4193 684 4239 mortem
727 4195 905 4240 autem
955 4186 1154 4240 crucis.
1189 4185 1311 4239 Ideo
1339 4194 1393 4239 et
1428 4185 1568 4241 Deus
1596 4189 2028 4256 superexaltavit

449 4295 599 4345 eum,
631 4289 685 4335 et
721 4280 870 4334 dedit
902 4279 952 4333 ei
994 4294 1189 4333 nomen
1220 4280 1363 4346 quod
1396 4289 1480 4333 est
1527 4292 1694 4348 super
1718 4294 1879 4336 omne
1927 4296 2025 4336 no-

449 4387 578 4426 men
609 4371 677 4436 “,
717 4389 737 4423 ι
777 4372 878 4426 hoc
909 4379 1011 4437 est,
1043 4362 1204 4424 Deus.
1228 4368 1267 4397 ῖ⁸
1310 4394 1318 4400 ι

518 4468 583 4517 A.
612 4463 972 4518 Peculiariter
1006 4464 1208 4533 itaque,
1237 4448 1395 4516 etut
1422 4461 1635 4517 diverso
1665 4465 1892 4519 seorsim
1927 4465 2018 4519 Fi-
2056 4495 2097 4548 υ
2197 4459 2261 4510 Α.
2303 4457 2429 4527 ’Ἆρ’
2471 4450 2564 4508 οὖν
2606 4453 2789 4517 ἶδικῶς
2836 4469 2895 4505 τε
2944 4451 3038 4504 καὶ
3080 4450 3152 4513 ὡς
3180 4448 3352 4520 ἑτέρῳ
3396 4466 3407 4502 1

518 4554 636 4598 mni
673 4563 757 4598 est
788 4569 850 4598 ρι
889 4555 1094 4598 gemina
1131 4554 1314 4598 navit]-
1350 4553 1535 4598 dalnm
1565 4551 1734 4598 fuisse
1763 4554 1945 4598 dimml
1989 4572 2017 4598 ει
2128 4549 2244 4598 Υἱῶ
2271 4549 2347 4598 τῶ
2382 4550 2447 4598 ὲκ
2479 4546 2793 4598 σπέρματος
2814 4543 2975 4597 Δαϐὶδ
3006 4540 3251 4595 δὶδόσθαι
3274 4540 3407 4598 φασὶ

2084 4536 2093 4603 ἶ
2128 4549 2244 4621 Υίῷ
2271 4549 2347 4620 τῷ
2382 4550 2447 4600 ὲκ
2479 4546 2793 4615 σπέρματος
2814 4543 2975 4597 Δαϐὶδ
3006 4540 3251 4595 δ;δόσοαι
3274 4540 3407 4610 φασὶ
3434 4538 3585 4609 παρὰ
3610 4536 3707 4589 τοῦ

448 4554 525 4610 lio
549 4554 637 4624 qui
673 4563 757 4609 est
788 4569 854 4609 ex
889 4555 1094 4610 semine
1131 4554 1316 4624 David,
1350 4553 1535 4608 datum
1565 4551 1734 4608 fuisse
1763 4554 1951 4610 dicunt
1989 4572 2019 4610 a

444 4644 559 4701 Deo
589 4662 787 4701 nomen
817 4649 959 4716 quod
990 4658 1075 4700 est
1103 4661 1265 4716 super
1291 4659 1451 4699 omne
1486 4657 1702 4698 nomen.

515 4738 573 4792 Β.
604 4738 680 4792 Ita
704 4738 875 4792 aiunt.
895 4736 1030 4792 (Cum
1060 4738 1203 4791 enim
1256 4734 1578 4806 Unigenitus
1606 4737 1679 4790 sit
1709 4734 1849 4792 Deus
1879 4746 2018 4793 et‘cx

441 4831 556 4886 Deo
581 4831 882 4885 secundum
919 4840 1192 4892 naturam,
1228 4829 1498 4897 quomodo
1533 4827 1609 4882 illi
1638 4829 1821 4883 datum
1854 4828 2019 4886 fuerit

441 4923 492 4977 itl
524 4923 666 4990 quod
700 4937 763 4977 ex
786 4937 845 4976 se
865 4921 1024 4976 habet
1048 4921 1071 4972 Ἰ

510 5015 576 5066 Δ.
620 5012 761 5082 Ergo
791 5012 835 5065 si
864 5012 931 5065 de
957 5012 1073 5079 ipso
1101 5010 1304 5064 dictum
1345 5026 1447 5064 non
1494 5019 1575 5065 est
1615 5011 1758 5079 quod
1788 5026 2013 5078 accepe-

439 5099 535 5161 rit,
562 5098 902 5166 inquirantus
933 5109 1191 5154 accurate
1237 5099 1592 5168 quamobrem
1626 5101 1841 5155 divinus
1871 5100 2011 5154 Pau-

438 5186 525 5240 lus
558 5189 875 5256 scripserit:
911 5208 929 5241 ι
970 5189 1082 5244 Hoc
1118 5191 1261 5244 enim
1299 5190 1497 5261 sentite
1529 5190 1582 5243 in
1618 5190 1769 5245 vobis
1797 5193 1938 5260 quod
1957 5202 2012 5245 et

439 5276 495 5330 in
521 5274 740 5331 Christo
771 5278 898 5333 Jesu
926 5299 941 5334 :
979 5282 1069 5349 qui
1116 5297 1238 5335 cum
1288 5281 1340 5334 in
1368 5282 1537 5335 forma
1565 5280 1656 5335 Dei
1704 5288 1869 5344 esset,
1902 5296 2006 5333 non

440 5368 690 5439 rapinam
729 5372 1027 5425 arbitratus
1074 5383 1156 5426 est
1188 5389 1246 5427 se
1272 5388 1393 5428 esse
1437 5374 1697 5443 aequalem
1741 5374 1871 5436 Deo,
1912 5373 2007 5427 sed

440 5460 798 5528 semetipsum
832 5461 1153 5530 exinauivit,
1184 5465 1415 5519 formam
1447 5466 1593 5521 servi
1639 5465 1932 5534 accipiens,
1958 5464 2008 5517 in

436 5552 846 5610 similitudinem
887 5550 1166 5605 hominum
1197 5554 1372 5609 factus
1427 5565 1482 5611 et
1524 5556 1709 5611 habitu
1758 5558 2011 5612 inventus

506 5731 549 5762 ¹⁰
582 5730 739 5786 Rom.
775 5747 850 5797 ix,
891 5729 944 5784 5.
1025 5728 1065 5759 ¹³
1108 5725 1332 5793 Philipp.
1370 5741 1425 5790 ιι,
1461 5726 1515 5790 8,
1545 5724 1598 5778 9.

2144 1915 2289 1968 ἔστιν
2324 1913 2522 1984 ἀληθὲς
2560 1914 2588 1966 ὃ
2631 1929 2796 1982 φημι,
2826 1910 3126 1981 διαιροῦσιν
3170 1908 3286 1963 ἀνθ’
3318 1909 3465 1970 ὅτου,
3508 1908 3603 1960 καὶ
3634 1907 3724 1975 τῷ

2146 2006 2243 2076 μὲν
2272 2005 2493 2075 νέμουσι
2544 2002 2643 2071 τῆς
2670 2000 2829 2070 δόξης
2858 1999 2956 2070 τὴν
2991 1998 3256 2064 ἐξουσίαν,
3283 1997 3373 2050 τόν
3393 1997 3451 2050 δὲ
3485 1996 3724 2050 λαϐόντα

2143 2095 2600 2168 παρακομίζουσι,
2624 2095 2717 2147 καὶ
2737 2092 2884 2146 τοῦθ’
2909 2094 3045 2162 ὅπερ
3074 2091 3241 2154 ἐστὶν,
3269 2092 3325 2143 ὲν
3342 2088 3494 2153 τάξει
3513 2089 3723 2159 γερῶχη

2143 2190 2234 2243 καὶ
2258 2191 2315 2242 ὲν
2344 2187 2685 2259 χαρίσματος
2708 2185 2874 2255 μοίρᾳ
2908 2183 3275 2254 κερδαίνοντα.
3304 2181 3477 2235 Μεῖον
3501 2180 3555 2233 δὲ
3587 2180 3727 2233 πάν-

2139 2276 2248 2343 τώς
2283 2278 2378 2331 καὶ
2432 2280 2489 2330 ἐν
2519 2276 2791 2343 δευτέροις
2846 2274 2941 2327 τοῦ
2988 2274 3260 2335 διδόντος,
3304 2271 3365 2323 τὸ
3407 2270 3724 2341 δεχόμενον,

2141 2374 2235 2426 καὶ
2271 2370 2364 2425 τοῦ
2396 2367 2730 2434 δοξάζοντος,
2773 2366 2834 2420 τὸ
2880 2366 2980 2436 τῆς
3027 2364 3156 2436 παρ’
3198 2361 3361 2416 αὑτοῦ
3397 2362 3555 2432 δόξης
3583 2378 3727 2429 μετ-

2141 2463 2395 2533 εσχηκός.

2210 2554 2271 2605 Β.
2314 2550 2600 2620 Πλείστην,
2624 2544 2799 2620 οἶμαι,
2833 2546 2928 2601 καὶ
2957 2543 3112 2599 αὐτοὶ
3137 2546 3289 2614 φαῖεν
3312 2541 3374 2596 ἂν
3395 2539 3490 2612 τὴν
3516 2539 3728 2608 διαιροο

2143 2638 2240 2711 ράν
2268 2636 2405 2691 Θεοῦ
2436 2654 2496 2690 τε
2521 2636 2621 2690 καὶί
2652 2632 2975 2706 ἀνθρώπων.

2208 2735 2272 2785 Α.
2308 2726 2444 2784 Εἶτα
2473 2728 2590 2792 πῶς
2615 2729 2643 2780 ὁ
2674 2728 2949 2794 πάνσοφος
2980 2723 3210 2786 Παῦλος,
3239 2722 3268 2775 ὁ
3299 2721 3407 2774 τῶν
3430 2718 3586 2772 Θείων
3622 2734 3733 2787 μυ·

2142 2824 2380 2895 στηρίων
2417 2820 2730 2892 ίερουργὸς,
2770 2819 2802 2870 ὁ
2856 2815 3021 2869 αὑτὸν
3066 2814 3272 2868 ἐνοικον
3300 2812 3439 2881 ἔχων
3485 2810 3577 2862 τὸν
3619 2826 3731 2877 κη-

2140 2916 2484 2989 ρυττόμενον,
2513 2913 2605 2966 καὶ
2626 2911 2805 2964 λαλῶν
2831 2911 2887 2961 ὲν
2917 2905 3217 2977 Πνεῦματι,
3245 2904 3335 2957 τὸν
3359 2900 3500 2957 κατὰ
3539 2901 3728 2971 σάρκα

2138 2987 2200 3073 ἐξ
2230 3006 2518 3068 Ἰουδαίων,
2552 3003 2644 3056 καὶ
2668 3001 2799 3054 Θεὸν
2832 2997 3222 3069 ὀνομάζει,καὶ
3254 2993 3545 3063 εὐλογητδν
3578 2987 3727 3044 εἷναί

2140 3116 2303 3169 φησιν
2334 3099 2411 3161 εἰς
2455 3096 2581 3158 τοὺς
2617 3092 2842 3155 αἰῶνας,
2900 3091 3080 3161 ἀμήν;
3115 3087 3179 3140 Τί
3215 3085 3275 3139 τὺ
3330 3084 3585 3137 ἐπέκεινα
3618 3080 3731 3135 ’τοῦΔ

2137 3193 2228 3245 ἐπὶ
2258 3188 2458 3253 παντὸς
2496 3186 2632 3241 Θεοῦ
2659 3202 2675 3251 ;
2721 3185 2781 3238 τί
2801 3184 2858 3237 δὲ
2888 3183 2948 3236 τὸ
2984 3181 3169 3253 μεῖζον
3206 3181 3264 3231 ὲν
3294 3177 3370 3247 τῷ
3398 3178 3463 3229 ὲκ
3504 3176 3727 3245 Πατρὸς

2136 3283 2478 3354 φύντιΛόγῳ
2514 3279 2854 3348 καταθρήσαι
2883 3292 2968 3338 τις
3014 3273 3081 3327 ἂν
3132 3271 3286 3342 παρά
3338 3286 3402 3337 γε
3451 3267 3545 3321 τὸν
3574 3266 3725 3320 κατὰ

2137 3374 2315 3445 σάρκα
2347 3372 2407 3437 ἐξ
2444 3370 2731 3436 Ἰουδαίων,
2759 3368 2915 3437 εἴπερ
2960 3365 3107 3417 ἐστὶν
3152 3363 3339 3432 ἕτερος
3371 3360 3502 3431 παρ’
3533 3357 3726 3423 αὐτὸν,

2136 3466 2229 3520 καὶ
2259 3464 2443 3527 ἱδικῶς
2471 3462 2598 3527 Υἱός
2620 3462 2744 3515 ’καὶ
2779 3457 2932 3512 τοῦτο
2956 3457 3056 3510 οὐκ
3076 3454 3290 3526 ἀληθῶς
3310 3472 3340 3519 ;;

2204 3642 2268 3695 Β.
2322 3638 2461 3693 Ἀλλ’
2502 3636 2781 3707 εἰσεδέχθη
2829 3634 2972 3690 κατά
3005 3628 3320 3702 συνάφειαν,
3355 3630 3542 3699 φασὶν,
3589 3629 3621 3681 δ
3656 3629 3722 3680 ἐκ

2136 3733 2452 3803 σπέρματος
2470 3729 2566 3783 τοῦ
2595 3728 2780 3792 Δαὸὶδ,
2804 3728 2896 3780 καὶ
2927 3726 3227 3796 ἐπειδήπερ
3256 3722 3531 3793 ἐνῴκησεν
3566 3720 3723 3787 αὐτῷ

2132 3824 2267 3887 Θεὸς
2293 3822 2366 3875 ὢν
2392 3824 2420 3875 ὁ
2466 3821 2659 3889 Λόγος,
2686 3822 2932 3872 κοινωνεῖ
2958 3818 3057 3887 τῆς
3102 3815 3257 3880 ἀξίας
3295 3812 3443 3884 αὐτῷ
3469 3812 3567 3864 καὶ
3612 3811 3719 3879 τῆς

2130 3917 2317 3987 τιμῆς.
2350 3915 2461 3967 Καὶ
2497 3912 2656 3966 τοῦτο
2684 3910 2885 3977 διδάξει
2923 3910 3152 3980 γράφων
3184 3909 3211 3959 ὁ
3247 3906 3540 3978 ἱερώτατος
3562 3902 3719 3957 Παῦ-

2130 4008 2220 4070 λος
2249 4006 2378 4076 περὶ
2415 4003 2601 4059 αὐτοῦ’
2644 4022 2662 4054 ι
2696 4002 2817 4055 Ὀτι
2841 4000 3065 4069 γέγονεν
3117 3999 3356 4069 ὑπήκοος
3405 3993 3483 4063 τῷ
3538 3991 3715 4060 Πατρῖ

2134 4097 2296 4167 μέχρι
2327 4095 2579 4160 θανάτου,
2617 4093 2850 4147 Θανάτου
2880 4092 2945 4146 δὲη
2977 4090 3213 4161 σταυροῦ
3233 4105 3247 4120 ο
3271 4087 3351 4140 διὸ
3389 4086 3487 4139 καὶ
3518 4087 3548 4137 ὁ
3578 4083 3713 4145 Θεὸς

2130 4188 2291 4242 αὑτὸν
2362 4186 2712 4258 ὑπερύψωσε,
2766 4186 2861 4238 καὶ
2908 4183 3201 4253 ἐχαρίσατο
3250 4177 3400 4247 αὐτῷ
3438 4176 3611 4246 ὃνομα
3650 4174 3715 4226 ω

2128 4280 2270 4351 ὑπὲρ
2304 4281 2411 4333 πᾶν
2438 4280 2628 4348 ὄνομα,
2656 4297 2673 4329 ι
2702 4276 2859 4331 τοῦτο
2888 4276 2945 4329 δέ
2970 4273 3369 4338 ὲστι·τὸ,.Θεός.

2197 4459 2261 4510 Α.
2303 4457 2429 4527 'Ap’
2471 4450 2564 4508 οὖν
2606 4453 2789 4517 ίδικῶς
2836 4469 2895 4505 τε
2944 4451 3038 4504 καὶ
3080 4450 3152 4513 ὡς
3180 4447 3352 4520 ἑτέρῳ
3396 4446 3709 4516 καταμόνας

2124 4643 2260 4697 Θεοῦ
2290 4643 2350 4695 τὸ
2377 4640 2549 4710 ὄνομα
2573 4638 2633 4691 τὸ
2663 4637 2804 4707 ὑπὲρ
2828 4636 2934 4689 πᾶν
2971 4635 3171 4704 ὅνομα;

2194 4737 2255 4788 Β.
2295 4734 2405 4786 Νοιὶ⁸
2462 4730 2615 4802 φασί.
2650 4727 2769 4798 Θεῷ
2820 4727 2929 4797 γὰρ
2974 4726 3088 4779 ὄντι
3151 4724 3246 4777 καὶ
3282 4724 3347 4775 lx
3376 4721 3517 4775 Θεοῦ
3564 4720 3707 4774 κατὰ

2123 4822 2295 4892 φύσιν
2347 4819 2424 4891 τῷ
2475 4818 2803 4887 Μονογενεῖ,
2848 4816 2963 4878 πῶς
3009 4814 3075 4867 ἂν
3118 4813 3328 4883 γένοιτο
3358 4811 3532 4877 δοτὺν,
3566 4812 3703 4881 ὅπερ

2122 4915 2235 4985 ἑχει
2259 4930 2274 4981 ;

2190 5007 2257 5060 Δ.
2301 5004 2512 5061 Οὐκοῦν
2544 5004 2593 5057 εί
2645 5001 2721 5074 μὴ
2770 5002 2857 5055 ἐπ’
2889 4999 3051 5054 αὐτοῦ
3097 4999 3337 5053 τέθειται
3374 4999 3436 5053 τὸ
3493 4997 3695 5059 λαϐεῖν,

2123 5096 2497 5168 βασανιζέσθω
2539 5094 2771 5158 λεπτῶς,
2808 5093 2866 5160 ἐξ
2908 5086 2981 5146 ὧν
3024 5092 3300 5162 γέγραφεν
3345 5091 3509 5153 αὐτὸς
3550 5091 3579 5141 ὁ
3608 5088 3697 5140 οε-

2120 5190 2341 5253 σπέσιος
2372 5187 2604 5253 Παῦλος,
2634 5206 2651 5239 ι
2682 5184 2852 5239 Τοῦτο
2872 5184 2979 5254 γὰρ
3010 5185 3257 5255 φρονεῖτε
3285 5182 3517 5243 ἕκαστος
3543 5181 3695 5250 ὑμῶν

2119 5281 2318 5348 αὐτῶν,
2344 5281 2372 5334 ὂ
2412 5281 2507 5333 καὶ
2543 5280 2600 5333 ὲν
2653 5277 2873 5348 Χριστῷ
2909 5275 3081 5345 Ἰησοῦ
3105 5291 3119 5306 ·
3144 5275 3203 5337 ὃς
3240 5276 3296 5326 ὲν
3342 5276 3524 5344 μορφῇ
3560 5270 3691 5325 Θεοῦ

2119 5376 2401 5445 ὑπάρχων,
2432 5375 2531 5443 οὐχ
2563 5371 2857 5443 ἁρπαγμὸν
2902 5370 3147 5440 ἡγήσατο
3176 5366 3235 5419 τὸ
3268 5361 3410 5420 εἶναι
3434 5366 3524 5418 ἴσα
3551 5364 3691 5433 Θεῷ,

2117 5466 2231 5518 ἀλλ’
2260 5465 2453 5519 ἑαυτὸν
2481 5465 2736 5531 ὲκένωσε,
2772 5461 2983 5534 μορφὴν
3014 5459 3201 5513 δούλου
3228 5456 3429 5522 λαϐὼν,
3456 5459 3514 5511 ἐν
3539 5459 3687 5526 ὁμοι-

2117 5555 2297 5627 ώματι
2343 5557 2631 5628 ἀνθρώπου
2660 5555 2968 5626 γενόμενος,
3020 5553 3115 5607 καὶ
3155 5551 3396 5622 σχήματι
3447 5545 3689 5618 εὑρεθεὶς

3961 2449 3963 2473 l

3956 2940 3963 3347 ἦ
