4038 6200
372 263 506 321 £301

1500 263 1689 330 QUOD
1734 262 1918 318 UNL'S
1957 263 2061 318 SIT
2101 264 2465 323 CHRISTUS.

3492 273 3512 324 l
3526 268 3627 325 502

370 382 451 443 ὡς
502 376 820 449 ἄνθρωπος·
870 377 1235 431 ἐταπείνωσεν
1280 377 1471 431 ἑαυτὸν
1518 379 1810 449 γενόμενος
1843 381 1947 431 ῦπ-

2052 389 2109 435 ut
2164 382 2345 437 homo.
2392 382 2704 440 llumiliavit
2744 385 3095 454 semetipsum
3150 384 3325 438 factus
3370 385 3629 439 ohediens

374 472 537 538 ήκοος
560 469 722 538 μέχρι
758 467 1012 533 Θανάτου,
1045 466 1274 522 Θανάτου
1301 470 1357 522 δὲ
1394 468 1656 534 σταυροῦ*
1686 469 1767 521 διὸ
1798 470 1892 523 καὶ
1924 472 1953 523 ὁ

374 561 507 623 Θεὸς
530 559 691 613 αὑτὸν
724 558 1072 629 ὑπερύψωσε,
1107 561 1202 613 κα¹ι⁵
1237 560 1532 633 ἐχαρίσατο
1564 559 1714 631 αὐτῷ
1742 560 1802 613 τὸ
1833 561 1951 613 ὅνο-

380 670 474 722 μα,
500 650 562 703 τὸ
586 650 727 721 ὑπὲρ
750 651 856 704 πᾶν
886 650 1076 722 ὄνομα.
1100 670 1118 702 ›
1145 653 1318 722 Εἴπερ
1341 647 1434 705 οὖν
1465 654 1579 705 ὲστι
1611 653 1731 705 κατ’
1756 653 1952 714 αὐτοὺς

374 745 404 797 ὁ
434 745 497 796 ἐκ
537 744 854 813 σπέρματος
893 742 988 795 τοῦ
1017 743 1181 796 Δαδὶδ
1225 743 1408 806 ίδικῶς
1436 761 1494 797 τε
1518 744 1611 797 καὶ
1640 744 1953 813 καταμόνας

375 832 662 904 νοούμενος
689 834 996 905 ἄνθρωπος,
1019 834 1080 887 τὸ
1100 834 1239 904 ὑπὲρ
1263 836 1369 888 πᾶν
1398 834 1567 903 ὄνομα
1591 833 1791 896 λαϐὼν,
1814 836 1951 887 ἀπο-

362 913 682 993 ’φαινόντων
730 924 892 978 αὐτὸν
934 926 1358 995 προϋπάρχοντα
1398 925 1496 994 μὲν
1525 926 1584 976 ὲν
1618 928 1801 995 μορφῇ
1857 926 1951 977 τοῦ

377 1016 538 1083 Θεοῦ,
562 1017 663 1087 οὐχ
689 1019 1043 1087 ἡγησάμενον
1070 1017 1127 1070 δὲ
1148 1016 1442 1087 ἁρπαγμὸν
1463 1016 1523 1068 τὸ
1543 1011 1682 1068 εἶναι
1701 1017 1793 1068 ίσα
1811 1015 1950 1086 Θεῷ,

379 1109 474 1162 καὶ
494 1109 627 1179 πρός
649 1126 711 1176 γε
727 1110 919 1179 τούτῳ,
934 1108 1167 1163 λαϐόντα
1181 1109 1282 1180 τὴν
1300 1107 1489 1161 δούλου
1512 1108 1748 1181 μορφὴν,
1763 1109 1838 1171 ὡς
1854 1108 1954 1162 οὐκ

381 1198 571 1269 ἔχοντα
596 1199 858 1270 δηλονότι,
886 1200 977 1253 καὶ
1003 1202 1103 1253 οὐκ
1134 1200 1263 1254 ὄντα
1287 1200 1445 1253 τοῦτο
1478 1202 1607 1267 πρὶν
1633 1200 1792 1271 λάϐῃ.
1817 1200 1954 1254 Καί-

379 1310 483 1357 τοι,
507 1292 650 1345 καθά
674 1309 838 1362 φασιν
866 1293 1041 1356 αὐτοὶ,
1064 1293 1158 1345 καὶ
1193 1296 1409 1365 φρονεῖν
1436 1291 1763 1360 ἐγνώκασιν,
1794 1293 1953 1356 αὑτός

381 1386 527 1437 ἐστιν
558 1388 589 1454 ἡ
644 1385 739 1437 τοῦ
771 1385 956 1438 δούλου
1005 1387 1210 1457 μορφή.
1262 1381 1394 1438 Εἶτα
1433 1386 1547 1449 πῶς
1579 1384 1645 1438 ἂν
1676 1384 1846 1454 αὐτὴν
1879 1385 1954 1447 ὡς

379 1477 477 1529 οὐκ
498 1475 636 1546 ἔχων
667 1477 854 1543 λάόοι;
890 1477 1007 1541 πῶς
1043 1478 1087 1530 δ’
1124 1477 1188 1530 ἂν
1219 1478 1309 1531 καὶ
1355 1476 1645 1549 ἄνθρωπος
1674 1479 1731 1531 ὲν
1759 1476 1956 1547 ὁμοιῶ-

382 1579 515 1632 ματι
544 1562 846 1633 ἀνθρώπων
883 1566 1139 1633 γενέσθαι
1178 1569 1383 1632 νοοῖτο;
1422 1568 1728 1638 εὑρίσκοιτο
1769 1566 1826 1619 δὲ
1861 1566 1954 1620 καὶ

377 1651 456 1714 ὡς
501 1652 787 1723 ἄνθρωπος
836 1656 1113 1726 σχήματι;
1165 1656 1254 1727 ἄρ’
1304 1653 1398 1711 οὖν
1461 1658 1842 1729 περιτρέψειεν
1888 1658 1954 1711 ἂν

2058 488 2225 543 usque
2258 474 2323 529 ad
2359 484 2610 540 mortem,
2646 487 2873 531 mortem
2926 484 3104 531 autem
3142 476 3343 530 crucis.
3397 476 3628 546 Propter

2056 564 2199 629 quod
2235 563 2460 645 et’Deus
2483 564 2743 621 exaltavit
2775 566 2954 628 illum,
2988 575 3042 619 et
3069 566 3291 620 donavit
3324 565 3401 619 illi
3429 579 3627 619 nomen

2054 652 2195 719 quod
2228 661 2313 707 est
2351 670 2517 724 super
2554 671 2715 712 omne
2755 671 2950 710 nomen
2985 656 3050 709 ι’.
3092 674 3110 707 ›
3149 656 3205 710 Si
3248 669 3400 725 ergo,
3438 663 3496 709 ιιι
3527 654 3628 724 iPSi

2056 743 2259 808 volunt,
2288 745 2333 799 is
2367 748 2567 816 quiest
2604 763 2671 803 ex
2707 749 2913 804 semine
2958 748 3123 803 David
3170 748 3521 817 peculiariter
3564 761 3628 801 ac

2054 831 2227 886 solum
2271 845 2525 891 censetur
2563 839 2726 894 homo
2754 880 2768 904 ,
2814 849 3037 907 accepto
3087 838 3304 892 nomine
3355 838 3494 906 quod
3547 846 3630 890 est

2055 938 2219 991 super
2250 942 2412 981 omne
2439 944 2655 997 nomen,
2684 946 2804 985 cum
2850 930 2948 999 ipsi
2983 939 3225 983 statuant
3274 929 3448 997 ipsum
3479 928 3630 996 prius

2055 1020 2331 1076 exstitisse
2366 1022 2583 1090 quidem
2636 1022 2689 1076 in
2730 1022 2902 1077 forma
2948 1022 3064 1087 Dei,
3102 1037 3205 1076 non
3240 1035 3367 1075 vero
3395 1020 3629 1074 arbitra—

2057 1121 2169 1165 tum
2202 1126 2323 1166 esse
2355 1114 2598 1182 rapinam
2631 1128 2751 1169 esse
2778 1115 3041 1184 aequalem
3095 1116 3221 1176 Deo,
3256 1128 3319 1167 ac
3370 1121 3631 1182 praeterea

2056 1205 2331 1274 accepisse
2357 1203 2587 1260 formam
2620 1206 2787 1268 servi.
2817 1206 3073 1260 nimirum
3114 1212 3172 1259 ut
3202 1219 3264 1259 ea
3295 1218 3400 1258 non
3438 1202 3632 1273 praedi-

2060 1305 2192 1359 tum,
2240 1311 2416 1365 neque
2470 1297 2823 1352 exsistentem
2872 1297 2923 1353 id
2988 1306 3277 1366 antequam
3336 1294 3628 1363 acciperet.

2055 1386 2320 1454 Cumque,
2361 1396 2418 1439 ut
2453 1388 2553 1456 ipsi
2596 1390 2782 1443 dicunt
2827 1399 2883 1445 et
2926 1390 3135 1445 sentire
3180 1387 3379 1453 solent,
3411 1387 3526 1456 ipse
3561 1386 3633 1440 sit

2057 1475 2218 1546 742
2241 1475 2380 1531 servi
2416 1476 2628 1529 forma:
2662 1492 2896 1551 quonam
2943 1488 3099 1548 pacto
3135 1493 3252 1531 eam
3307 1486 3364 1531 nt
3394 1491 3501 1531 non
3538 1476 3633 1529 lia-

2059 1569 2188 1623 bens
2223 1568 2616 1637 accipiat?aut
2639 1572 2910 1638 quomodo
2941 1571 3106 1624 etiam
3144 1576 3303 1625 homo
3338 1570 3389 1623 in
3441 1569 3633 1624 simili-

2061 1661 2301 1719 tudinem
2342 1661 2621 1715 hominum
2648 1659 2828 1715 factus
2858 1660 3239 1730 intelligatur?
3273 1670 3364 1714 ant
3387 1658 3632 1714 invenia-

379 1740 578 1805 αὐτοὺς
609 1744 701 1796 καὶ
734 1744 831 1813 οὐχ
862 1724 1108 1809 ἑκόντας,
1139 1724 1239 1818 ﬁeri;
1276 1765 1392 1811 πως
1423 1724 1779 1803 τῶν-ἐννοιῶν
1804 1751 1835 1820 ἡ
1869 1750 1954 1802 δύ-

2063 1763 2151 1806 tur
2181 1753 2345 1807 etiam
2376 1752 2561 1806 habitu
2593 1760 2649 1804 ut
2678 1750 2877 1806 homo?
2918 1749 3036 1820 Ipsa
3090 1752 3272 1818 itaque
3301 1751 3633 1820 contempla-

378 1847 562 1902 ναμις,
597 1831 689 1885 ἐπί
722 1848 784 1901 γε
812 1833 872 1886 τὸ
893 1833 1002 1888 δεῖν
1032 1834 1231 1888 εἰδέναι
1259 1835 1321 1889 τὸ
1344 1836 1564 1908 ἀληθές.

452 2017 514 2073 Β.
554 2016 626 2070 Τὸ
657 2018 805 2071 ποῖον
824 2034 838 2081 ;

451 2112 517 2165 Α.
567 2110 623 2163 '0
649 2110 758 2181 γὰρ
793 2110 1052 2181 ὑπάρχων
1085 2113 1143 2164 ἐν
1182 2114 1364 2182 μορφῇ
1400 2112 1493 2165 τοῦ
1534 2112 1669 2165 Θεοῦ
1714 2114 1807 2166 καὶ
1845 2115 1956 2166 Πα-

382 2200 510 2271 τρὸς
537 2200 668 2263 Θεὸς
692 2201 883 2269 Λόγος,
916 2202 944 2253 ό
972 2202 1071 2272 τῆς
1094 2203 1444 2265 ὑποστάσεως
1468 2202 1633 2256 αὑτοῦ
1656 2204 1955 2275 χαρακτὴρ.

380 2294 410 2344 ὁ
442 2292 585 2346 κατὰ
615 2294 722 2345 πᾶν
768 2290 945 2346 ὁτιοῦν
982 2293 1251 2364 ίσομερῶς
1289 2294 1429 2364 ἔχων
1460 2295 1539 2365 τῷ
1574 2294 1825 2363 φύσαντι,
1868 2314 1958 2349 κε-

380 2383 622 2436 κένωκεν
648 2384 859 2439 ἑαυτόν.

450 2476 510 2527 Β.
552 2476 661 2529 Καὶ
683 2477 812 2529 ποία
834 2477 918 2541 τίς
939 2478 1087 2531 ἐστιν
1111 2480 1145 2549 ἡ
1177 2479 1437 2545 κένωσις;

448 2566 512 2620 Α.
552 2566 623 2619 Τὸ
654 2569 712 2619 ὲν
746 2569 1050 2640 προσλήψει
1079 2570 1330 2638 γενέσθαι
1366 2570 1587 2642 σαρκὸς,
1623 2572 1713 2625 καὶ
1741 2573 1798 2625 ἐν
1839 2572 1958 2626 δού-

380 2652 472 2707 λου
507 2659 710 2727 μορφῇ,
738 2659 771 2728 ἡ
798 2657 935 2730 πρὸς
963 2660 1112 2729 ἡμᾶς
1145 2660 1408 2730 ὁμοίωσις
1435 2661 1526 2714 τοῦ
1556 2662 1630 2733 μὴ
1657 2661 1777 2716 καθ’
1809 2664 1957 2732 ἡμᾶς

383 2745 504 2799 κατ’
536 2746 671 2801 ἰδίαν
711 2747 896 2816 φύσιν,
928 2747 1043 2801 ἀλλ’
1074 2750 1214 2820 ὑπὲρ
1246 2751 1428 2803 πᾶσαν
1456 2750 1608 2814 ὄντος
1633 2752 1731 2821 τὴν
1758 2751 1954 2804 κτίσιν.

381 2836 539 2891 Οῦτω
575 2840 972 2893 τεταπείνωκεν
1013 2841 1228 2906 ἑαυτὸν,
1271 2842 1460 2905 καθεὶς
1498 2843 1855 2913 οἰκονομικῶς
1899 2844 1958 2894 ἐν

380 2930 493 2989 τοῖς
524 2929 624 2999 τῆς
664 2928 1079 3001 ἀνθρωπότητος
1129 2932 1368 3003 μέτροις.
1416 2932 1556 2985 Ἀλλ’
1586 2928 1654 3003 ἧν
1680 2934 1771 2987 καὶ
1813 2932 1957 2987 οὕτω

375 3020 532 3085 Θεὸς,
582 3020 658 3083 ὼς
710 3020 785 3092 μὴ
838 3014 1172 3093 δοτὸνέχων
1216 3023 1278 3075 τὸ
1309 3022 1468 3091 φύσει
1533 3024 1733 3094 προσὸν
1784 3024 1951 3094 αὐτῷ.

378 3112 671 3183 Τοιγάρτοι
733 3113 826 3165 καὶ
864 3112 1067 3183 ἔφασκε
1122 3115 1257 3187 πρὸς
1289 3114 1381 3168 τὸν
1433 3117 1491 3169 ὲν
1541 3117 1653 3178 τοῖς
1709 3116 1956 3186 οὐρανοῖς

377 3206 598 3277 Πατέρα
634 3206 725 3260 καὶ
754 3207 904 3263 Θεόν·
943 3225 961 3258 ι
996 3208 1198 3279 Πάτερ,
1242 3209 1464 3275 δόξασόν
1506 3226 1572 3278 με
1622 3212 1689 3279 τῇ
1740 3209 1889 3280 δόξῃ,

375 3289 542 3365 εἶχον,
579 3296 684 3369 πρὸ
718 3296 812 3350 τοῦ
838 3296 1163 3365 τὸνεκόσμον
1194 3294 1353 3361 εἶναι,
1388 3298 1538 3367 παρὰ
1563 3299 1664 3351 σοί.
1692 3318 1709 3348 ›
1739 3299 1813 3350 Οὐ
1848 3297 1956 3369 γάρ

374 3401 460 3438 τοι
490 3388 646 3451 φαῖεν
665 3385 752 3450 ἂν,
776 3383 930 3457 οἶμαί
959 3404 1085 3452 που,
1112 3386 1451 3456 προκόσμιον
1501 3387 1657 3451 δόξαν
1699 3388 1775 3451 ὠς
1821 3390 1957 3441 ίδίαν

379 3478 571 3542 αἰτεῖν,
600 3475 693 3529 τὸν
729 3478 793 3530 ὲκ
831 3477 1149 3547 σπέρματος
1182 3476 1275 3529 τοῦ
1311 3476 1475 3528 Δαόὶδ
1502 3478 1559 3528 ὲν
1586 3477 1835 3546 ἐσχάτοις
1862 3477 1955 3530 τοῦ

293 3575 297 3579 ”
377 3568 570 3632 αἰῶνος
597 3568 859 3639 τεχθέντα
902 3571 1132 3640 καιροῖς,
1175 3567 1333 3640 εἴπερ
1367 3567 1514 3620 ἐστὶν
1555 3569 1742 3639 ἕτερος
1776 3568 1958 3630 ίδικῶς

375 3659 506 3722 Υἱὸς
539 3661 691 3729 παρᾶ
718 3661 810 3713 τὸν
836 3661 994 3730 φύσει
1021 3678 1081 3713 τε
1113 3661 1206 3713 καὶ
1234 3659 1471 3727 άληθῶς,
1509 3659 1954 3731 θεοπρεπεστάτη

374 3750 433 3803 δὲ
474 3752 674 3821 μᾶλλον
702 3750 790 3822 εἴη
808 3751 872 3805 ἂν
903 3753 937 3823 ἡ
968 3750 1144 3804 τοιάδε
1183 3751 1356 3821 φωνή.
1387 3750 1538 3803 Ἔδει
1568 3750 1697 3821 γὰρ,
1722 3750 1829 3803 ἔδει
1863 3752 1958 3803 καὶ

379 3844 493 3902 τοῖς
528 3844 627 3912 τῆς
685 3841 1108 3913 ἁνθρωπότητος
1150 3842 1316 3894 αὑτὸν
1360 3840 1809 3911 συμπλάττεσθαι
1857 3840 1957 3911 μέ-

378 3950 548 4003 τροις,
583 3933 676 3987 xui.
718 3934 1088 4005 άπαράσημον
1123 3932 1267 4003 ἔχειν
1295 3933 1393 4003 τῆς
1426 3932 1766 4003 θεοπρεποῦς
1800 3933 1957 4000 ἀξίας

376 4023 477 4093 τὴν
508 4023 782 4096 ὑπεροχὴν
800 4024 1073 4087 οὑσιωδῶς
1097 4025 1320 4078 ἐνοῦσαν
1346 4023 1515 4094 αὐτῷ,
1536 4024 1788 4094 καθάπερ
1818 4025 1956 4094 ἁμέ-

376 4115 460 4168 λει
495 4118 588 4170 καὶ
603 4116 679 4186 τῷ
715 4118 909 4189 Πατρί.
928 4117 1080 4170 Ἐπεὶ
1109 4117 1231 4170 τίνα
1256 4116 1457 4187 τρόπον
1478 4115 1675 4187 ἀληθὲς
1704 4116 1818 4182 τὸ,ι
1844 4118 1957 4170 Οὐκ

375 4207 531 4262 ἔσται
564 4211 621 4262 ἐν
655 4211 739 4262 σο)⁵
760 4210 891 4273 Θεὸς
921 4210 1287 4279 πρόσφατος,ι
1315 4209 1368 4262 εί
1387 4225 1450 4277 γε
1484 4208 1810 4262 θεοποιεϊται
1832 4212 1955 4263 κατ’

372 4299 576 4363 αὐτοὺς
598 4299 885 4371 ἄνθρωπος
920 4301 1184 4370 συναφείᾳ
1216 4302 1281 4371 τῇ
1319 4300 1455 4372 πρὸς
1480 4301 1572 4355 τὸν
1604 4300 1797 4370 Λόγον,
1832 4301 1957 4353 σύν-

2063 1844 2269 1897 tionum
2305 1843 2387 1897 vis
2409 1857 2503 1897 eos
2534 1842 2697 1897 etiam
2730 1841 2931 1897 invitos
2974 1842 3040 1897 ad
3075 1841 3328 1896 veritatis
3364 1841 3631 1912 cognitio-

2060 1949 2180 1987 nem
2208 1932 2512 2002 compellat.

2131 2025 2189 2078 Β.
2226 2024 2563 2094 Cujusnam?

2131 2117 2195 2167 A.
2233 2113 2372 2170 Deus
2415 2116 2555 2169 enim
2598 2112 2829 2168 Verbum
2878 2113 2930 2167 in
2985 2112 3159 2168 forma
3206 2114 3297 2169 Dei
3349 2129 3412 2168 ac
3456 2112 3633 2170 Patris

2059 2208 2349 2271 exsistens,
2378 2218 2432 2260 et
2475 2208 2760 2260 character
2804 2206 3056 2260 essentia:
3106 2205 3294 2275 ipsius,
3324 2205 3416 2276 qui
3456 2205 3634 2259 omni-

2060 2298 2218 2351 moda
2270 2298 2624 2354 similitudine
2672 2296 2819 2352 Patri
2867 2296 3094 2367 :equalis
3156 2305 3281 2363 est,
3332 2294 3632 2361 exinanivit

2058 2388 2430 2458 semetipsum.

2134 2477 2196 2531 B.
2225 2477 2481 2544 Qumnam
2514 2493 2641 2532 vero
2670 2485 2753 2531 est
2777 2476 2860 2530 illa
2892 2475 3223 2530 exinanitno.’

2132 2567 2196 2621 A.
2223 2568 2541 2636 Assumptio
2568 2566 2752 2621 carnis
2783 2575 2837 2621 et
2868 2565 3055 2620 formae
3092 2565 3331 2632 servilis,
3356 2574 3410 2621 et
3440 2565 3633 2626 simili-

2059 2659 2188 2712 tudo
2222 2658 2413 2724 nostri,
2446 2657 2561 2725 ejus
2591 2657 2853 2728 quijuna
2881 2673 3031 2712 suam
3066 2665 3312 2712 naturam
3346 2658 3501 2712 nobis
3536 2672 3632 2711 ne—

2060 2767 2325 2821 quaquam
2364 2751 2557 2805 similis
2600 2759 2703 2815 est,
2734 2750 2827 2804 sed
2877 2765 3093 2804 omnem
3130 2758 3431 2805 creaturam
3475 2748 3636 2819 longe

2057 2851 2294 2911 superat.
2317 2841 2391 2896 Ita
2418 2840 2719 2895 bumiliavit
2741 2842 2998 2910 seipsum,
3024 2840 3315 2896 demittens
3336 2853 3395 2895 se
3419 2855 3515 2910 per
3537 2841 3635 2894 ad-

2061 2932 2514 2988 ministrationem
2549 2934 2601 2987 in
2643 2948 2808 2987 carne
2835 2933 2901 2985 ad
2940 2934 3186 2990 humanm
3213 2942 3419 2987 natura:
3452 2933 3636 2987 condi-

2064 3025 2286 3079 tionem.
2320 3025 2588 3080 Cazterum
2622 3033 2739 3080 erat
2761 3025 2922 3079 etiam
2960 3026 3061 3079 hoc
3089 3033 3243 3096 pacto
3267 3023 3429 3089 Deus,
3451 3033 3636 3093 utpote

2063 3116 2152 3183 qui
2207 3116 2257 3169 id
2307 3115 2448 3185 quod
2495 3131 2560 3169 ex
2614 3124 2802 3168 natura
2847 3128 2945 3169 sua
2971 3114 3156 3177 habet,
3194 3128 3300 3167 non
3343 3114 3633 3182 acceperit.

2060 3207 2293 3263 Proinde
2342 3217 2396 3260 et
2451 3208 2516 3260 ad
2559 3208 2838 3262 caelestem
2884 3206 3100 3259 Patrem
3152 3219 3217 3260 ac
3265 3205 3430 3259 Deum
3476 3204 3634 3267 dixit,

2064 3316 2082 3348 ι
2117 3297 2300 3363 Pater,
2349 3298 2592 3367 gloriﬁca
2634 3312 2719 3351 me
2749 3313 2811 3351 ea
2858 3295 3028 3364 gloria
3059 3310 3220 3365 quam
3269 3295 3431 3349 habui
3477 3305 3634 3350 ante-

2061 3405 2221 3456 quam
2278 3388 2509 3443 mnmlus
2568 3397 2743 3454 esset,
2789 3388 2930 3457 apud
2970 3398 3022 3442 te
3071 3387 3134 3442 η.
3192 3406 3210 3438 ι
3257 3384 3443 3459 Neque
3492 3388 3634 3442 enim

2060 3479 2317 3539 dixerint.
2347 3481 2603 3543 arbitror,
2638 3479 2864 3549 gloriam
2889 3494 3007 3548 qua:
3040 3489 3163 3533 ante
3188 3478 3634 3536 constitutionem

2062 3569 2245 3621 mundi
2288 3569 2410 3634 fuit,
2448 3580 2705 3637 tanquam
2740 3568 3015 3635 propriam
3056 3577 3241 3636 petere
3271 3584 3392 3621 eum
3425 3568 3516 3636 qui
3562 3583 3630 3621 ex

2059 3659 2267 3713 semine
2307 3658 2474 3711 David
2507 3659 2820 3713 novissimis
2862 3657 3046 3711 saeculi
3100 3658 3441 3725 temporibus
3468 3665 3633 3711 natus

2060 3748 2181 3815 fuit,
2211 3748 2257 3803 si
2290 3757 2375 3801 est
2398 3746 2536 3801 alius
2568 3746 2798 3801 seorsim
2830 3745 3001 3800 Filius
3032 3747 3099 3801 ab
3132 3761 3199 3800 eo
3241 3746 3331 3814 qui
3369 3746 3632 3800 naturali-

2063 3850 2143 3895 ter
2172 3853 2235 3893 ac
2272 3852 2401 3894 vere
2435 3837 2488 3892 id
2515 3845 2621 3903 est,
2654 3838 2748 3893 sed
2780 3837 2959 3909 potius
2984 3852 3047 3893 ea
3075 3852 3175 3892 vox
3201 3836 3475 3891 divinitati
3505 3851 3633 3892 eon-

2060 3931 2330 3988 veniebat.
2364 3929 2620 3998 Oportnit
2653 3930 2797 3985 enim
2838 3930 2987 3984 illum
3040 3938 3097 3984 et
3142 3930 3391 3984 humanae
3429 3939 3635 3982 naturae

2060 4022 2276 4078 modulo
2312 4021 2665 4087 conformari,
2702 4031 2865 4091 atque
2920 4022 3182 4092 integram
3230 4021 3425 4075 divinae
3460 4019 3636 4089 digni-

2060 4113 2188 4168 tatis
2249 4110 2623 4167 excellentiam
2676 4112 2953 4177 retinere,
2994 4105 3363 4164 essentialiter
3413 4106 3467 4160 in
3517 4105 3635 4174 ipso

2058 4203 2437 4265 exsistentem,
2473 4202 2614 4254 sicut
2647 4211 2701 4255 et
2742 4200 2796 4253 in
2826 4199 3007 4254 Patre.
3048 4197 3326 4268 Siquidem
3360 4197 3633 4267 quomodo

2060 4307 2242 4347 verum
2272 4292 2375 4346 erit
2407 4291 2536 4343 illud
2565 4308 2578 4343 :
2621 4308 2639 4341 ‹
2667 4288 2781 4344 Νοιι
2801 4288 2903 4343 erit
2932 4288 2983 4342 in
3022 4300 3073 4342 te
3102 4287 3244 4342 Deus
3279 4302 3473 4342 recens
3493 4287 3559 4351 ¹⁶,
3609 4304 3628 4337 ι

376 4389 568 4461 θρονός
600 4410 659 4444 τε
707 4393 802 4444 καὶ
831 4392 1086 4456 κοινωνὸς
1118 4390 1195 4462 τῷ
1226 4393 1401 4464 Πατρὶ
1438 4393 1539 4465 τῆς
1581 4392 1738 4460 ἀξίας
1760 4392 1954 4448 ἀναδε-

2060 4386 2103 4439 si
2159 4383 2312 4453 juxta
2363 4383 2577 4438 illornm
2634 4381 2943 4452 opinionem
2998 4380 3162 4435 homo
3211 4378 3444 4435 elﬁcitur
3493 4377 3636 4433 Deus

376 4479 662 4550 δειγμένος
684 4499 699 4547 ;

454 4660 514 4713 Β.
552 4656 628 4716 Εῦ
665 4658 820 4732 ἔφης.

449 4755 515 4806 Α.
554 4753 679 4817 Πῶς
702 4754 747 4806 δ’
776 4754 841 4807 ἂν
862 4758 1053 4825 νοῆσαι
1081 4756 1281 4826 πρέποι
1306 4754 1367 4807 τὸ
1393 4752 1480 4805 διὰ
1496 4752 1593 4821 τῆς
1618 4750 1712 4804 τοῦ
1742 4751 1956 4805 Παύλου

373 4847 563 4917 φωνῆς
618 4849 796 4917 σοφῶς
837 4850 1155 4921 εἰρημένον⁸
1208 4868 1226 4899 ι
1263 4847 1327 4901 Εἰ
1362 4846 1471 4916 γὰρ
1530 4846 1623 4898 καὶ
1679 4846 1786 4898 είσὶ
1841 4846 1953 4898 θεοὶ

376 4940 562 4993 πολλοὶ
586 4939 642 4992 ἔν
666 4957 727 4993 τε
762 4940 977 5012 οὐρανῷ
1013 4942 1107 4993 καὶ
1130 4939 1225 4991 ἐπὶ
1252 4938 1377 5008 γῆς,
1403 4936 1519 4991 ἀλλ’
1543 4939 1674 5007 ἡμῖν
1702 4931 1781 5000 εἷς
1820 4936 1953 4999 Θεὸς

375 5031 404 5083 ὁ
429 5030 641 5102 Πατὴρ,
676 5029 735 5096 ἐξ
773 5022 833 5082 οὗ
866 5029 934 5082 τὰ
974 5028 1170 5090 πάντα,
1204 5026 1300 5079 καὶ
1338 5027 1500 5096 ἡμεῖς
1538 5022 1597 5087 ἐξ
1635 5022 1820 5087 αὑτοῦ,
1855 5022 1952 5076 καὶ

377 5116 457 5185 εἷς
500 5123 705 5193 Κύριος
748 5120 957 5191 Ἰησοῦς
1010 5119 1261 5190 Χριστὸς,
1305 5116 1374 5169 δι’
1422 5112 1482 5170 οῦ
1522 5116 1590 5168 τά
1627 5115 1823 5180 πάντα,
1856 5118 1951 5167 καὶ

376 5214 537 5282 ἡμεῖς
566 5214 632 5267 δι’
657 5213 844 5267 αὑτοῦ.
874 5232 892 5265 ι
923 5212 1069 5274 Ἐνὸς
1103 5212 1159 5264 δὲ
1189 5211 1340 5272 ὄντος
1370 5207 1575 5278 Κυρίου
1616 5206 1790 5276 Ἰησοῦ
1819 5208 1953 5277 Χρι-

377 5302 527 5367 στοῦ,
553 5305 648 5358 καὶ
671 5304 738 5356 δι’
763 5304 929 5357 αὐτοῦ
953 5304 1023 5357 τὰ
1055 5305 1233 5357 πάντα
1262 5301 1537 5372 παρῆχθαι
1575 5301 1711 5371 πρὸς
1738 5300 1953 5369 γένεσιν

375 5389 436 5446 εὖ
480 5394 626 5464 μάλα
652 5394 1009 5466 διειρηκότος,
1034 5396 1086 5447 τί
1120 5394 1410 5466 δράσομεν,
1436 5387 1480 5445 ὦ
1505 5394 1764 5459 γενναῖοι,
1788 5391 1956 5462 διορι-

375 5484 582 5553 ζόντων
630 5487 786 5558 ὑμῶν
837 5489 932 5543 τοῦ
987 5487 1387 5558 ἀναληφθέντος
1440 5485 1752 5563 ἀνθρώπου,
1811 5486 1957 5542 καθά

453 5663 496 5694 ⁸³
535 5660 769 5729 Pnilipp.
800 5676 859 5727 n,
892 5662 1005 5716 5-9.
1089 5659 1309 5717 l'Joan.
1349 5674 1478 5726 xvn,

2057 4492 2155 4546 per
2190 4474 2631 4544 coniunctionem
2667 4488 2789 4527 cum
2823 4470 3027 4538 Verbo,
3062 4487 3310 4528 assessor
3361 4479 3416 4528 et
3462 4471 3633 4542 parti-

2058 4585 2185 4638 ceps
2218 4568 2406 4640 gloriae
2432 4582 2553 4623 cum
2586 4565 2747 4621 Patre
2776 4562 3132 4620 declaratus?

2129 4664 2188 4715 Β.
2230 4664 2395 4717 llecte
2426 4662 2579 4715 dicis.

2129 4756 2193 4809 Δ.
2225 4753 2504 4820 Quomodo
2545 4762 2726 4806 autem
2768 4750 2992 4821 intelligi
3031 4751 3206 4821 possit
3242 4748 3371 4803 illud
3407 4764 3436 4802 a
3468 4745 3635 4803 Paulo

2060 4847 2332 4916 Sapienter
2379 4843 2600 4907 dictem,
2643 4860 2661 4894 ι
2701 4843 2760 4897 Si
2795 4844 2940 4897 enim
2995 4843 3155 4896 etiam
3204 4849 3332 4895 sunt
3378 4839 3449 4893 dii
3482 4838 3634 4903 multi

2063 4938 2114 4990 in
2150 4935 2289 4991 coelo
2324 4945 2377 4989 et
2406 4935 2458 4987 in
2490 4944 2632 4988 terra
2670 4950 2685 4987 :
2734 4943 2792 4988 at
2821 4932 2975 4986 nobis
3006 4946 3144 4985 unus
3178 4932 3321 4984 Deus
3341 4928 3531 5005 Pater,
3567 4944 3633 4998 ex

2063 5042 2170 5096 quo
2205 5028 2407 5093 omnia,
2451 5034 2505 5080 et
2527 5039 2626 5080 nos
2648 5039 2716 5081 ex
2748 5026 2865 5093 ipso
2890 5040 2905 5087 ;
2930 5030 2984 5077 et
3015 5036 3155 5075 unus
3186 5020 3447 5075 Dominus
3475 5019 3635 5074 Jesns

2063 5117 2329 5181 Christus,
2365 5134 2460 5186 per
2482 5132 2645 5187 quem
2675 5117 2880 5178 omnia,
2919 5123 2974 5169 et
3016 5127 3113 5168 nos
3143 5128 3239 5184 per
3274 5112 3447 5185 ipsum
3482 5111 3567 5167 ⁸⁵2
3603 5133 3622 5165 ›

2060 5206 2193 5262 Cum
2236 5221 2362 5261 vero
2407 5222 2546 5261 unus
2604 5206 2675 5262 sit
2727 5207 2989 5263 Dominus
3034 5203 3189 5259 Jesus
3244 5202 3523 5274 Christus,
3576 5213 3634 5257 et

2061 5315 2156 5371 per
2197 5299 2370 5368 ipsum
2410 5297 2593 5350 omnia
2632 5297 2698 5351 ad
2742 5308 2921 5352 ortum
2977 5296 3208 5350 adducta
3260 5308 3382 5349 esse
3428 5292 3631 5348 Paulus

2065 5396 2363 5451 rectissime
2394 5394 2577 5447 dicat:
2617 5393 2742 5463 quid
2780 5407 3021 5463 agemus,
3061 5392 3197 5446 boni
3222 5390 3346 5455 viri,
3380 5403 3502 5444 cum
3532 5401 3630 5438 vos

2063 5493 2397 5553 assumptum
2454 5482 2628 5547 illum,
2678 5490 2738 5541 ut
2790 5482 2991 5547 dicitis,
3043 5480 3318 5536 hominem
3369 5494 3399 5532 a
3451 5474 3633 5530 Verbo

1665 5658 1706 5691 "
1732 5657 1901 5715 Exod.
1950 5657 2137 5724 “,5;
2167 5654 2303 5711 Psal
2340 5672 2502 5724 Lxxx,
2541 5658 2620 5710 10.
2704 5655 2785 5710 ⁸³1
2822 5654 2948 5712 Cor.
2986 5671 3106 5717 vnt,
3145 5653 3194 5716 5,
3224 5651 3272 5703 6.
