4038 6200
315 315 446 370 ιόυδ

1438 304 1625 371 ρυοο
1668 304 1852 361 UNUS
1891 304 1996 360 SIT
2036 304 2401 364 CHRISTUS.

3433 320 3575 379 Πιοᾶ

318 424 626 495 συναφθεὶς,
649 422 763 476 ἀλλ’
812 420 889 482 ὡς
933 417 1066 479 Θεὸς
1096 414 1335 484 γεγονὼς
1389 418 1446 468 ὲν
1484 417 1739 487 ὁμοιώσει
1780 417 1889 469 τῶν

1998 417 2491 486 periclitabantur:
2523 432 2582 475 ιιι
2614 424 2665 477 in
2706 425 2823 494 ipso
2860 434 2914 481 et
2942 426 3161 497 quidem
3202 428 3378 498 primo
3399 444 3570 500 genus

315 511 823 574 κεκινδυνευκότων,
853 508 920 563 ἶν’
950 509 1011 561 ὲν
1041 507 1189 576 αὑτῷ
1222 507 1317 560 καὶ
1350 506 1554 577 πρώτῳ
1582 507 1645 559 τὸ
1676 505 1888 576 ἀνθρώ-

318 627 465 664 πινον
497 607 655 674 γένος
683 601 1096 671 ἀναπλάττηται
1126 598 1267 671 πρὸς
1288 599 1349 651 τὸ
1380 600 1438 652 ὲν
1464 599 1680 669 ἀρχαῖς.
1706 598 1892 651 Πάντα

315 700 418 769 γὰρ
450 694 518 767 ἦν
542 698 600 749 ὲν
632 694 781 763 αῦτῷ
808 691 991 744 καινά.

380 790 441 841 Β.
484 784 696 839 Οὐκοῦν
731 780 1151 849 διαϐεϐλήσεται
1194 777 1332 848 πρὸς
1366 778 1543 847 ἡμῶν,
1582 776 1644 830 τὸ
1694 778 1890 847 χρῆναι

315 879 531 948 φρονεῖν
556 877 590 947 ἢ
614 877 816 941 λέγειν,
849 871 1132 941 ἄνθρωπον
1163 867 1428 937 συνῆφθαι
1457 867 1535 936 τῷ
1558 867 1677 937 Θεῷ
1706 870 1885 937 Λόγῳ,

317 969 408 1022 καὶ
442 967 702 1021 κοινωνὸν
736 963 990 1033 γενέσθαι
1018 961 1116 1031 τῆς
1147 958 1300 1023 ἀξίας
1335 958 1506 1028 αὐτῷ,
1526 962 1618 1011 καὶ
1646 959 1703 1011 ἐν
1738 959 1888 1022 τάξει

316 1061 538 1132 χάριτος
568 1060 667 1128 τὴν
696 1055 968 1110 υἱοθεσίαν
1000 1052 1163 1122 ἔχειν.

384 1153 453 1204 Δ.
492 1150 817 1203 Παντάπασι
869 1147 965 1216 μὲν
1017 1140 1130 1197 οὖν.
1166 1144 1240 1196 υὺ
1282 1142 1391 1213 γὰρ
1428 1140 1537 1195 οἶδε
1578 1141 1739 1196 τοῦτο
1785 1139 1892 1195 τῶν

322 1235 480 1307 ιερῶν
500 1235 847 1305 Γραμμάτων
868 1235 901 1302 ἡ
923 1231 1172 1300 δύναμις.
1202 1229 1411 1301 εὕρεμα
1440 1230 1495 1283 δὲ
1527 1231 1725 1300 μᾶλλόν
1752 1234 1889 1296 ἐστι,

322 1327 603 1394 φιλοκὲνου
638 1342 695 1379 τε
734 1324 826 1377 καὶ
856 1321 1138 1393 ἀδρανοῦς,
1172 1322 1266 1374 καὶ
1302 1322 1642 1391 παρειμένης
1672 1322 1887 1393 φρενὸς,

324 1419 415 1475 καὶ
441 1418 540 1472 οὐκ
582 1416 811 1487 ἐχούσης
850 1416 982 1485 ὁρᾷν
1008 1413 1101 1466 τοῦ
1133 1414 1431 1484 μυστηρίου
1471 1412 1533 1466 τὸ
1563 1411 1745 1481 βάθος.
1780 1412 1890 1466 Ποῦ

323 1503 431 1574 γάρ
456 1520 540 1556 τοι
576 1502 821 1556 τοιοῦτον
861 1502 1011 1571 παρὰ
1036 1500 1137 1569 τῆς
1184 1501 1346 1569 ἁγίας
1387 1500 1602 1571 εἴρηται
1631 1502 1670 1552 Γ
1673 1501 1889 1572 ραφῆς;

334 1591 389 1646 Ὁ
430 1592 530 1662 μὲν
557 1591 666 1662 γὰρ
714 1591 998 1654 Θεσπέσιος
1035 1589 1245 1656 Παῦλος
1288 1590 1389 1661 τῆς
1421 1591 1891 1663 ὲνανθρωπήσεως

320 1681 411 1737 τοῦ
444 1681 783 1751 Μονογενοῦς
812 1681 1112 1752 διατρανῶν
1149 1678 1210 1734 εὖ
1271 1682 1416 1752 μάλα
1464 1682 1525 1735 τὸ
1562 1684 1883 1753 μυστήριον·

1992 506 2287 563 humanum
2307 512 2372 564 ad
2402 513 2694 581 pristinum
2711 526 2913 571 statum
2938 517 3352 575 instauraretur.
3372 518 3569 587 Omnia

1990 599 2135 653 enim
2161 611 2318 655 erant
2351 602 2403 656 in
2437 606 2557 672 ipso
2587 621 2723 659 nova
2750 608 2817 663 ".

2071 774 2133 831 B.
2166 775 2493 841 Rt-jiciemus
2539 782 2723 848 itaque
2766 782 2906 836 hanc
2955 784 3265 850 opinionem
3314 794 3568 854 tanquam

1991 878 2299 928 errottcattt,
2348 870 2489 933 quod
2542 870 2702 923 liottto
2744 874 2816 925 sit
2857 874 3185 938 coniunctus
3227 874 3337 931 Deo
3373 876 3564 945 Verbo,

1991 967 2045 1009 et
2075 958 2343 1026 particeps
2374 961 2561 1028 gloria:
2602 979 2723 1015 cum
2754 964 2871 1029 ipso
2898 964 3148 1030 elfectus,
3175 971 3435 1039 quodque
3472 984 3570 1038 per

1991 1048 2219 1115 gratiam
2245 1051 2533 1115 adoptatus
2562 1053 2635 1105 sit
2666 1055 2716 1105 itt
2746 1054 2965 1109 Filium.

2058 1138 2124 1192 Α.
2157 1139 2407 1195 Omnino.
2440 1142 2627 1212 Neque
2669 1146 2817 1200 enim
2867 1162 2938 1201 ex
2984 1149 3159 1204 sacris
3195 1149 3416 1205 Litteris
3445 1164 3570 1221 pro-

1991 1230 2105 1282 bari
2133 1241 2345 1297 potest:
2376 1237 2469 1287 sed
2495 1237 2676 1304 potius
2711 1249 3080 1293 coututetttum
3116 1251 3199 1294 est
3232 1240 3435 1311 ingenii
3469 1244 3571 1297 im-

1992 1317 2221 1384 Itccillis,
2260 1325 2471 1379 remissi
2528 1336 2584 1381 et
2624 1329 2884 1382 novitatis
2925 1330 3196 1392 studiosi,
3253 1345 3316 1386 ac
3372 1333 3570 1386 utentis

1991 1424 2110 1477 quae
2155 1415 2393 1479 mysterii
2436 1415 2781 1472 altitudinem
2830 1422 3142 1489 perspicere
3180 1432 3433 1489 nequeat.
3464 1420 3569 1479 Ubi

1991 1502 2133 1553 enim
2183 1503 2291 1556 tale
2334 1504 2612 1573 quidpiam
2660 1509 2711 1560 itt
2764 1522 2923 1562 sacra
2971 1512 3253 1579 Scriptura
3298 1509 3573 1582 reperias?

1991 1588 2125 1645 Nam
2152 1592 2370 1648 divinus
2403 1594 2604 1650 Paulus
2638 1598 2957 1667 mysterium
3013 1600 3407 1656 incarnationis
3436 1599 3571 1657 Uni-

1992 1684 2154 1753 geniti
2186 1686 2389 1753 optime
2414 1686 2769 1741 dillucidatts:
2797 1707 2813 1735 ι
2836 1686 2971 1755 Quia
3004 1703 3133 1759 ergo
3160 1694 3335 1758 pueri,
3371 1694 3566 1761 inquit.

328 1791 347 1827 ι
379 1772 599 1843 Ἐπειδὴ
622 1774 728 1844 γὰρ
758 1773 826 1826 τὰ
853 1773 1062 1837 παιδία,
1095 1772 1250 1844 φησι,
1292 1772 1688 1844 κεκοινώνηκεν
1725 1775 1893 1844 αἷμα-

1998 1779 2527 1832 communicavernnt
2551 1781 2703 1834 carni
2745 1788 2800 1833 et
2838 1780 3111 1850 sanguini,
3138 1789 3195 1834 et
3225 1782 3341 1847 ipse
3371 1783 3568 1837 simili-

323 1881 409 1928 τος
433 1865 528 1918 καὶ
558 1866 782 1934 σαρκὸς,
806 1865 899 1917 καὶ
923 1864 1085 1927 αὐτὸς
1114 1865 1511 1936 παραπλησίως
1534 1866 1761 1936 μετέσχε
1785 1865 1893 1919 τῶν

323 1956 516 2021 αὐτῶν,
542 1957 627 2010 ἵνα
656 1957 741 2010 διὰ
760 1955 850 2009 τοῦ
882 1956 1113 2009 θανάτου
1146 1958 1471 2028 καταργήσῃ
1494 1956 1584 2009 τὸν
1615 1957 1675 2010 τὸ
1695 1958 1895 2028 κράτος

324 2046 513 2116 ἔχοντα
553 2046 646 2100 τοῦ
687 2046 941 2111 Θανάτου,
989 2046 1257 2109 τουτέστι,
1302 2047 1393 2099 τὸν
1429 2047 1691 2101 διάϐολον.
1729 2067 1748 2099 ι
1784 2049 1896 2101 Καὶ

326 2137 432 2209 μὴν
462 2138 556 2191 καὶ
605 2138 832 2209 ἑτέρωθί
866 2154 967 2191 που
995 2154 1008 2167 '
1047 2155 1065 2187 ι
1099 2138 1171 2191 Τὸ
1219 2137 1328 2209 γὰρ
1372 2138 1636 2192 ἀδύνατον
1681 2139 1774 2191 τοῦ
1809 2140 1896 2194 νό-

327 2244 449 2299 μου,
473 2229 533 2280 ὲν
558 2222 602 2295 ᾧ
634 2227 848 2299 ἠσθένει
874 2228 960 2281 διὰ
987 2227 1085 2296 τῆς
1114 2229 1334 2298 σαρκὸς,
1366 2230 1394 2281 ὁ
1424 2227 1557 2291 Θεὸς
1585 2229 1675 2281 τὸν
1699 2230 1892 2283 ἑαυτοῦ

325 2316 451 2371 Υίὸν
484 2317 727 2388 πέμψας,
778 2318 835 2370 ἐν
869 2316 1173 2387 ὁμοιώματι
1219 2317 1421 2390 σαρκὸς
1452 2320 1748 2389 ἁμαρτίας,
1801 2320 1894 2372 καὶ

323 2408 453 2477 περὶ
503 2408 778 2477 ἁμαρτίας
851 2408 1139 2477 κατέκρινε
1210 2407 1307 2477 τὴν
1381 2408 1656 2479 ἁμαρτίαν
1717 2409 1775 2461 ἐν
1827 2411 1893 2479 τῇ

323 2484 507 2569 σαρκὶ,
542 2499 629 2552 ἵνα
661 2498 722 2551 τὸ
747 2499 1024 2567 δικαίωμα
1055 2499 1148 2552 τοῦ
1182 2500 1348 2569 νόμου
1380 2500 1644 2571 πληρωθῇ
1674 2502 1729 2553 ἐν
1764 2501 1894 2571 ἡμῖν

320 2593 429 2653 τοῖς
459 2592 532 2661 μὴ
564 2590 707 2644 κατὰ
737 2591 917 2662 σάρκα
947 2589 1367 2661 περιπατοῦσιν,
1393 2592 1529 2644 ἀλλὰ
1557 2593 1701 2646 κατὰ
1732 2592 1895 2646 πνεῦ-

326 2699 422 2753 μα.
460 2702 478 2734 ι
515 2684 987 2753 Κεκοινωνηκέναι
1009 2683 1065 2736 δέ
1091 2701 1271 2753 φαμεν
1296 2685 1526 2754 αἵματος
1552 2687 1645 2738 και
1672 2687 1892 2758 σαρκὸς,

323 2773 470 2827 κατά
497 2790 559 2840 γε
586 2774 678 2827 τὸν
710 2777 820 2838 τοῖς
859 2774 1189 2847 θετρήμοσιν
1215 2777 1428 2829 ἐοικότα
1456 2775 1603 2841 νοῦν,
1636 2779 1696 2830 οὺ
1719 2779 1808 2832 τὸν
1837 2781 1895 2832 ὲν

326 2865 491 2935 σαρκὶ
528 2866 623 2917 καὶ
651 2866 841 2936 αἵματι
871 2869 990 2920 κατ’
1029 2867 1166 2919 ἰδίαν
1196 2868 1377 2937 φύσιν,
1402 2871 1494 2922 καὶ
1525 2871 1723 2941 ἑτέρως
1756 2867 1895 2925 εἶναι

325 2956 399 3026 μὴ
423 2954 737 3025 δυνάμενον,
784 2957 918 3013 ἀλλὰ
955 2959 1044 3010 τὸν
1089 2960 1191 3013 οὐκ
1242 2959 1369 3013 ὅντα
1398 2960 1554 3014 τοῦτό
1586 2979 1751 3029 ποτε,
1801 2964 1895 3016 καὶ

322 3046 538 3116 φόσεως
578 3048 769 3118 ἑτέρας
807 3048 840 3119 ἢ
900 3050 1018 3103 καθ’
1066 3052 1233 3121 ἡμᾶς’
1280 3054 1560 3121 γεγονέναι
1590 3054 1647 3108 δὲ
1694 3058 1785 3109 καὶ
1829 3057 1894 3109 ἐκ

322 3139 599 3205 γυναικὸς,
637 3140 729 3193 καὶ
773 3141 831 3192 ἐν
876 3141 1180 3212 ὁμοιώματι
1223 3145 1426 3214 σαρκὸς
1464 3146 1759 3217 ἁμαρτίας.
1806 3148 1896 3201 τὸν

320 3227 388 3282 δι’
418 3230 586 3299 ἡμᾶς,
618 3229 742 3282 καθ’
774 3232 945 3300 ἡμᾶς,
979 3234 1117 3303 μετὰ
1146 3233 1241 3287 τοῦ
1265 3236 1357 3288 καὶ
1388 3236 1528 3301 ὑπὲρ
1561 3239 1731 3308 ἡμᾶς.
1762 3240 1897 3294 καθὸ

322 3322 520 3374 νοεῖται
550 3320 699 3384 Θεός.
730 3321 924 3391 Γέγονε
951 3326 1049 3395 μὲν
1077 3326 1169 3379 καὶ
1202 3327 1339 3397 σὰρξ
1363 3330 1390 3380 ὁ
1437 3328 1632 3395 Λόγος,
1663 3330 1802 3401 πλὴν
1833 3332 1895 3385 οὐ

324 3410 462 3482 σὰρξ
498 3413 807 3483 ἁμαρτίας,
848 3416 963 3469 ἀλλ’
1012 3419 1071 3469 ὲν
1122 3416 1428 3487 ὁμοιώματι
1476 3420 1675 3488 σαρκὸς
1712 3422 1916 3494 apag-”

322 3502 466 3569 τίας,
501 3506 911 3577 συνανεστράφη
937 3509 1035 3577 μὲν
1065 3506 1291 3570 τοῖς“ὲπ“ι
1316 3508 1417 3578 τῆς
1439 3510 1559 3579 γῆς,
1584 3510 1659 3573 ὡς
1688 3511 1897 3584 ἄνθρω-

323 3610 443 3658 πος,
481 3595 574 3647 καὶ
622 3596 679 3647 ὲν
709 3596 1018 3668 ὁμοιώματι
1048 3598 1240 3665 γέγονε
1285 3598 1362 3670 τῷ
1394 3599 1514 3652 καθ’
1556 3601 1724 3669 ἡμᾶς,
1758 3602 1897 3673 πλὴν

322 3685 387 3740 οῦ
419 3686 535 3756 μεθ’
564 3688 721 3759 ἡμῶν
752 3688 843 3758 ὑφ’
881 3690 1179 3761 ἁμαρτίαν,
1214 3689 1328 3744 ἀλλ’
1354 3693 1610 3746 ἐπέκεινα
1639 3693 1731 3746 τοῦ
1762 3695 1900 3749 εἰδέ-

325 3793 417 3830 ναι
454 3778 815 3849 πλημμελείν.
856 3776 964 3833 Ἦν
998 3780 1105 3852 γὰρ
1134 3783 1161 3834 ὀ
1200 3783 1361 3847 αὐτὸς
1393 3782 1523 3848 Θεὸς
1552 3801 1611 3836 τε
1639 3785 1772 3855 ὁμοῦ
1805 3786 1900 3839 καὶ

324 3865 630 3936 ἄνθρωπος.
656 3870 720 3921 0i
749 3869 808 3921 δὲ
837 3872 935 3940 τὴν
976 3868 1119 3923 οὕτω
1146 3862 1349 3941 σεπτὴν
1388 3873 1481 3926 καὶ
1520 3873 1901 3945 τεθαυμασμέ-

325 3973 428 4026 νην
462 3960 771 4029 οἰκονομίαν
828 3961 1195 4033 ἀποφέροντες
1227 3964 1325 4017 οὐκ
1356 3960 1451 4017 οἷδ’
1474 3966 1622 4029 ὅπως
1651 3967 1744 4021 τοῦ
1784 3968 1899 4022 Μο-

320 4048 597 4118 νογενοῦς,
626 4051 909 4122 ἄνθρωπον
946 4052 1095 4122 αὐτῷ
1120 4055 1452 4108 συνάπτουσι
1490 4057 1778 4127 σχετικῶς,
1816 4077 1901 4112 τις

325 4142 459 4209 μαῖς
488 4143 610 4204 ταῖς
638 4141 872 4211 θύραθεν
908 4144 1328 4215 ὲξωραῖσμὲνον,
1364 4149 1458 4200 καὶ
1483 4149 1742 4222 ἀλλοτρίᾳ
1774 4151 1903 4225 δόξῃ

320 4230 836 4303 λελαμπρυσμένον,
887 4235 978 4288 καὶ
1024 4237 1085 4288 οῦ
1140 4236 1271 4288 Θεὸν
1321 4237 1560 4308 ἀληθῶς,
1599 4241 1734 4294 ἀλλὰ
1766 4242 1900 4295 Θεοῦ

320 4325 582 4377 κοινωνὸν
630 4327 725 4377 καὶ
762 4326 1008 4395 μέτοχον,
1060 4328 1155 4379 καὶ
1205 4328 1332 4381 Υίὸν
1387 4330 1756 4404 ψευδώνυμον,
1808 4335 1902 4389 καὶ

1999 1872 2082 1917 ter
2111 1865 2452 1934 participavit
2492 1866 2721 1931 eisdem,
2757 1879 2817 1921 ttt
2861 1884 2958 1937 per
2991 1881 3220 1924 mortem
3267 1871 3570 1926 destrueret

1996 1968 2118 2007 eum
2152 1956 2245 2021 qui
2290 1956 2521 2011 habebat
2550 1960 2739 2013 mortis
2764 1959 3072 2028 imperium,
3104 1961 3206 2014 ltoc
3240 1971 3346 2025 εει,
3383 1961 3570 2015 diabo-

2001 2038 2110 2090 lum
2145 2040 2213 2094 ”.
2254 2060 2273 2092 ι
2304 2041 2367 2095 Ει
2396 2043 2501 2096 alio
2534 2045 2585 2097 itt
2619 2045 2738 2099 loco
2771 2064 2784 2101 :
2818 2065 2837 2097 ι
2878 2047 3028 2113 Quod
3058 2048 3203 2102 cnim
3236 2048 3569 2115 impossibile

1996 2138 2116 2181 erat
2163 2129 2265 2199 legi
2312 2132 2363 2185 itt
2405 2148 2514 2202 quo
2553 2135 2932 2190 intirtuabatur
2974 2154 3070 2205 per
3117 2154 3384 2193 carnem:
3429 2140 3572 2195 Deus

1996 2218 2189 2275 Filium
2230 2238 2385 2277 suum
2423 2227 2645 2281 mittens
2673 2228 2725 2282 itt
2771 2229 3181 2284 similitudinem
3224 2231 3408 2286 carnis
3440 2246 3565 2300 pec.

1996 2310 2125 2374 cati,
2155 2322 2209 2365 et
2254 2313 2321 2367 de
2364 2327 2587 2383 peccato
2632 2319 2908 2373 damnavit
2940 2333 3216 2389 peccatum
3265 2324 3317 2377 itt
3360 2338 3567 2379 carne:

1997 2412 2053 2455 ut
2075 2404 2395 2472 justiticatio
2423 2409 2554 2478 legis
2584 2410 2899 2479 impleretur
2923 2413 2977 2467 itt
3014 2414 3189 2479 nobis,
3223 2416 3312 2482 qui
3346 2431 3450 2469 non
3479 2430 3568 2471 se-

1996 2494 2228 2547 cundum
2264 2512 2484 2552 carnem
2518 2501 2884 2565 ambulamus,
2915 2505 3010 2557 sed
3062 2506 3360 2558 secundum
3405 2506 3570 2573 spiri-

1998 2595 2107 2640 tum
2147 2588 2215 2640 “.
2256 2607 2276 2641 ι
2320 2588 2768 2648 Comtnttnicasse
2827 2605 3010 2650 autem
3048 2596 3280 2650 dicimus
3308 2598 3459 2650 carni
3512 2604 3569 2652 et

1995 2679 2251 2748 sanguini
2298 2680 2453 2750 juxta
2492 2685 2707 2738 modum
2751 2685 2949 2741 divinis
2988 2687 3219 2756 eloquiis
3244 2690 3570 2742 convenien-

2000 2778 2107 2822 tem
2155 2785 2259 2823 tton
2292 2785 2414 2825 eum
2440 2774 2532 2841 qui
2565 2775 2617 2827 itt
2654 2789 2820 2829 carne
2864 2787 2918 2830 et
2966 2776 3232 2846 sanguine
3270 2779 3566 2831 secundum

1995 2860 2269 2927 propriam
2313 2872 2563 2917 naturam
2627 2866 2984 2932 versabatur,
3032 2882 3206 2938 neque
3254 2868 3412 2922 aliter
3449 2884 3572 2925 esse

1996 2955 2359 3021 poterat;sed
2380 2955 2471 3023 qui
2510 2956 2560 3009 id
2592 2972 2871 3025 nunquam
2907 2958 3099 3021 fuerat,
3131 2969 3185 3014 et
3217 2968 3424 3013 natura:
3452 2971 3570 3014 erat

2000 3044 2226 3099 diversa:
2263 3060 2294 3099 a
2326 3056 2510 3100 nostra
2548 3064 2563 3100 :
2602 3048 2804 3102 factum
2839 3064 2966 3102 vero
2996 3065 3118 3103 esse
3157 3052 3321 3103 etiam
3357 3067 3423 3105 ex
3454 3068 3572 3105 utu-

1999 3135 2133 3190 liere
2167 3136 2235 3203 ”,
2265 3147 2319 3191 et
2351 3138 2404 3191 itt
2436 3139 2844 3193 sittiilitudinettt
2870 3142 3049 3194 carnis
3085 3142 3292 3210 peccati
3324 3143 3413 3212 qui
3446 3158 3573 3212 pt'o-

1996 3238 2116 3297 pter
2145 3245 2245 3283 nos
2268 3230 2435 3284 nostri
2462 3231 2655 3284 similis
2685 3241 2769 3284 est
2796 3230 3053 3286 effectus:
3085 3234 3155 3287 ita
3186 3244 3363 3286 tamen
3395 3246 3452 3287 ιιι
3476 3249 3574 3290 no-

1994 3321 2079 3376 bis
2109 3323 2359 3391 superior
2381 3334 2547 3388 esset,
2576 3333 2841 3394 quatenus
2868 3334 2948 3379 est
2982 3325 3140 3379 Dens.
3171 3323 3407 3380 Verbum
3429 3327 3574 3381 enim

1997 3425 2123 3464 caro
2160 3413 2363 3469 factum
2398 3423 2523 3481 est;
2558 3425 2812 3470 caeterum
2845 3432 2948 3470 non
2976 3431 3104 3470 caro
3139 3418 3368 3486 peccati,
3396 3419 3487 3471 sed
3517 3416 3574 3471 ia

1998 3502 2404 3559 similitudinem
2452 3507 2634 3560 carnis
2687 3509 2916 3576 peccati.
2969 3507 3035 3561 Et
3079 3518 3328 3563 versatus
3360 3509 3575 3572 quidem

1999 3603 2080 3647 est
2115 3609 2234 3647 cum
2270 3596 2603 3658 hominibus,
2633 3607 2691 3649 ut
2725 3598 2908 3660 homo,
2954 3597 3232 3664 nostrique
3266 3596 3465 3650 similis
3499 3594 3577 3649 fa-

1999 3694 2140 3747 ctus,
2170 3687 2261 3739 sed
2295 3701 2401 3739 ιιοιι
2432 3701 2536 3739 una
2573 3686 2854 3740 uobiscum
2889 3696 3109 3753 peccato
3142 3685 3431 3750 obnoxius,
3477 3684 3575 3739 sed

2001 3791 2030 3830 a
2060 3786 2283 3845 peccato
2321 3776 2478 3845 plane
2512 3776 2668 3830 liber.
2710 3778 2839 3831 Erat
2881 3778 3025 3830 enim
3073 3778 3187 3846 ipse
3236 3776 3375 3832 Dens
3411 3777 3581 3852 simtti

1998 3879 2054 3924 et
2083 3870 2261 3922 Immo.
2306 3868 2367 3923 lli
2420 3883 2550 3925 vero
2597 3869 2961 3924 venerabilem
3013 3871 3151 3924 lianc
3212 3879 3376 3939 atque
3418 3870 3581 3924 ιιιιιιιί-

2006 3963 2226 4016 randant
2280 3962 2714 4017 incarnationem
2777 3965 2843 4017 ab
2906 3960 3197 4032 Unigenito
3241 3963 3428 4018 nescio
3473 3977 3581 4032 quo

2003 4062 2162 4120 pacto
2196 4054 2511 4117 avellentes,
2767 4054 3036 4107 hominem
3080 4053 3177 4121 ipsi
3220 4054 3411 4108 Stricte
3442 4068 3579 4108 cou-

1997 4141 2255 4213 jungnnt,
2295 4144 2538 4198 externis
2586 4143 2947 4212 aseititiisque
2982 4144 3276 4197 Imttoribtts
3306 4157 3577 4210 ornatum,

2005 4246 2168 4303 atque
2199 4234 2373 4287 aliena
2410 4234 2581 4304 gloria
2617 4234 2982 4304 spleutliduttt,
3026 4249 3197 4303 neque
3226 4248 3350 4287 vt-re
3389 4234 3581 4299 Deum,

2004 4327 2098 4380 sed
2144 4325 2236 4379 Dei
2301 4326 2641 4395 participem,
2681 4336 2735 4382 et
2779 4325 2895 4378 falsi
2953 4326 3186 4379 nominis
3235 4325 3479 4391 Filium,
3527 4336 3582 4381 et

322 4415 554 4487 Σωτῆρα
604 4417 951 4487 σωζόμενον.
1005 4420 1109 4471 καὶ
1164 4419 1532 4492 λυτρούμενοι)
1581 4428 1895 4499 Λυτρωτήν·

2013 4415 2354 4471 Salvatorent
2382 4432 2503 4470 eum
2537 4418 2628 4486 qui
2662 4418 2900 4473 salvatus
2933 4417 3039 4482 sit,
3071 4426 3236 4487 atque
3282 4418 3582 4485 redempto-

323 4504 508 4558 καίτοι
537 4510 877 4578 γεγραφότος
898 4500 994 4563 ὧδὶ
1024 4511 1118 4563 τοῦ
1146 4516 1414 4586 μακαρίου
1440 4517 1674 4571 Παύλου·
1702 4540 1720 4569 ι
1753 4520 1905 4574 Ἑπέ-

325 4612 465 4663 φανε
490 4596 599 4667 γὰρ
635 4600 667 4667 ή
697 4599 854 4669 χάρις
901 4602 991 4654 τοῦ
1040 4603 1232 4676 Θεοῦή
1278 4610 1545 4679 σωτήριος
1595 4611 1761 4663 πᾶσιν
1806 4611 1902 4664 ἀν-

324 4684 591 4757 θρώποις,
651 4688 737 4741 ἵνα
779 4692 1148 4765 ἀρνησάμενοι
1197 4696 1293 4767 τὴν
1345 4698 1626 4761 ἀσέὄειαν,
1663 4700 1757 4753 καὶ
1807 4700 1904 4764 τὰς

323 4778 602 4847 κοσμικὰς
633 4781 948 4849 ἐπιθυμίας,
976 4787 1270 4857 σωφρόνως
1314 4790 1408 4842 καὶ
1439 4790 1695 4854 ἐπιεικῶς
1722 4791 1902 4861 ζήσω-

327 4886 434 4939 μεν
467 4873 523 4923 ὲν
562 4872 640 4943 τῷ
690 4873 785 4927 νῦν
831 4877 1007 4941 αἰῶνι,
1037 4879 1457 4949 προσδεχόμενοι
1484 4881 1582 4951 τὴν
1623 4884 1900 4954 μακαρίαν

321 4961 537 5028 ἐλπίδα,
570 4965 662 5017 καὶ
693 4968 1017 5035 ἐπιφάνειαν
1049 4972 1148 5050 της
1181 4969 1341 5040 δόξης
1368 4969 1460 5023 τοῦ
1505 4972 1739 5041 μεγάλου
1764 4973 1897 5027 Θεοῦ

321 5052 423 5105 καὶ
459 5054 708 5126 Σωτῆρος
731 5059 887 5129 ἡμῶν
932 5059 1109 5131 Ἰησοῦ
1140 5061 1396 5132 Χριστοῦ.
1432 5082 1450 5113 ι

396 5142 456 5198 Β.
486 5145 616 5211 Ναὶ,
645 5150 829 5216 φασίν.
846 5149 1066 5223 Ἐπειδὴ
1094 5151 1202 5221 γὰρ
1215 5152 1349 5215 ὅλως
1376 5153 1579 5225 ἠξιώθη
1602 5158 1897 5226 συναφείας

318 5232 424 5322 τῆς
448 5234 580 5304 πρὸς
605 5236 695 5291 τὸν
726 5238 857 5294 Θεὸν
887 5241 1080 5310 Λόγον,
1109 5243 1282 5312 μέγας
1306 5244 1400 5297 καὶ
1423 5245 1583 5309 αὐτὸς
1604 5246 1893 5322 ὠνομάσθη

317 5319 478 5386 Θεὸς,
518 5324 695 5380 καίτοι
721 5328 961 5399 γεγονὼς
991 5330 1059 5384 ὲκ
1091 5332 1405 5404 σπέρματος
1428 5333 1521 5388 τοῦ
1550 5334 1730 5391 Δαὸίδ.

396 5499 461 5550 Α.
520 5497 693 5554 Βαὸαὶ
739 5501 841 5573 τῆς
890 5504 1233 5580 ἀποπληξίας
1256 5508 1295 5577 ί,
1342 5526 1362 5560 ι
1388 5509 1690 5573 Φάσκοντες
1759 5506 1898 5565 εἶναι

2007 4523 2121 4563 rem
2158 4523 2281 4561 eum
2328 4508 2418 4577 qui
2464 4510 2772 4581 redemptus
2805 4518 2908 4575 est,
2960 4525 3082 4563 cunt
3134 4509 3338 4578 alioqui
3392 4510 3580 4563 beatus

2007 4598 2206 4653 Paulus
2238 4600 2519 4655 manifeste
2546 4601 2616 4654 ita
2636 4601 2875 4656 scribat:
2908 4621 2925 4653 ι
2956 4601 3376 4669 Apparttiteuittt
3405 4600 3578 4669 gratia

2014 4691 2109 4745 Dei
2149 4690 2448 4746 Salvatoris
2481 4692 2649 4744 nostri
2680 4693 2930 4746 omnibus
2962 4691 3291 4751 hominibus,
3326 4691 3583 4743 erudit-ns
3644 4712 3651 4720 ο

2006 4798 2104 4836 nos
2122 4792 2179 4835 ιιι
2200 4783 2532 4852 abnegantes
2557 4784 2882 4850 impietatem
2907 4793 2961 4836 et
2984 4782 3264 4837 saecularia
3289 4780 3583 4847 desideria,

2006 4874 2186 4928 sobrie
2215 4884 2269 4927 et
2304 4875 2449 4940 juste
2488 4883 2541 4927 et
2593 4875 2678 4943 pie
2711 4873 2954 4927 vivamus
2992 4874 3044 4926 itt
3091 4874 3194 4927 ltoc
3223 4871 3445 4933 stccnlo.
3476 4886 3577 4926 ex-

2005 4973 2308 5031 Speetatttes
2340 4965 2553 5019 beatam
2578 4981 2729 5030 Spem
2777 4976 2829 5018 et
2863 4966 3149 5017 adventum
3177 4963 3361 5031 gloria:
3402 4961 3579 5032 magni

2004 5054 2096 5111 Dei
2123 5065 2177 5108 et
2218 5056 2516 5111 Salvatoris
2544 5057 2710 5112 nostri
2741 5054 2867 5111 Jesu
2908 5055 3107 5110 Cltristi
3132 5055 3199 5110 ³⁸.
3233 5074 3252 5109 ο

2078 5146 2139 5201 li.
2184 5147 2258 5201 Ita
2297 5150 2465 5202 aiunt.
2496 5147 2783 5218 Postquam
2815 5146 2957 5201 enim
2988 5146 3157 5201 semel
3186 5145 3460 5200 admissus
3490 5154 3581 5203 est

2004 5240 2068 5292 ad
2107 5238 2538 5304 coniunctionem
2585 5254 2706 5293 cum
2748 5238 2857 5293 Deo
2898 5235 3095 5301 Verbo,
3139 5251 3363 5309 magnus
3411 5239 3585 5295 etiam

2003 5331 2116 5399 ipse
2164 5331 2303 5387 Deus
2356 5341 2577 5387 vocatus
2613 5340 2716 5395 est,
2772 5329 2987 5385 tametsi
3042 5344 3109 5386 ex
3153 5330 3359 5385 semine
3406 5328 3586 5395 David,

2003 5432 2173 5476 ortus.
2404 5468 2409 5473 .

2074 5510 2139 5565 Α.
2179 5512 2223 5568 0
2250 5512 2574 5567 immensum
2615 5513 2924 5583 stuporem!
2962 5531 2981 5566 t
3007 5511 3142 5570 Cum
3177 5528 3235 5571 se
3268 5514 3444 5569 dicant
3480 5527 3575 5564 δας.

398 5678 442 5710 ¹¹
472 5677 512 5732 ιι
535 5679 658 5736 Cor.
702 5697 753 5745 ν,
789 5683 870 5738 l7.
950 5685 993 5721 "
1017 5683 1180 5741 Hebr.
1218 5686 1394 5750 p.14.
1466 5688 1511 5719 ’δ
1541 5685 1698 5745 Rom.
1736 5705 1852 5751 vttt.
1882 5691 1895 5745 ἓ

1998 5730 2015 5745 .
2084 5692 2127 5725 ’³
2162 5689 2337 5749 Galat.
2364 5707 2438 5751 tv.
2483 5691 2532 5747 6.
2613 5693 2657 5726 ⁸⁸
2689 5688 2795 5749 Tit.
2825 5707 2884 5753 ιι.
2919 5689 3109 5746 11-13.
