4048 6196
452 299 590 356 £307

1489 296 1546 352 S.
1578 294 1854 354 CYRILLI
1893 282 2366 351 ΑιΕΧΑΝῦΙιῙΝι
2407 298 2731 355 ARCHIEP.

3588 293 3613 346 1
3626 294 3739 349 508

452 426 683 485 pientes,
740 416 888 473 stulti
950 416 1077 471 facti
1130 423 1276 481 sunt,
1316 432 1334 465 ι
1379 414 1529 484 juxta
1584 414 1924 482 Scripturam
1952 411 2022 463 ’⁷.

2153 414 2309 482 ιοφοὶ,
2352 418 2773 489 ἐμωράνθησαν.
2810 436 2827 468 ι
2863 415 3004 471 κατὰ
3031 416 3091 468 τὸ
3112 412 3524 484 γεγραμμένον.
3582 411 3742 465 Μεθ-

456 509 770 564 'l'raducunt
813 509 978 574 enim,
1020 514 1081 559 ut
1112 505 1248 569 dixi,
1282 520 1496 558 omnem
1530 504 1779 573 mysterii
1818 501 2026 557 Christi

453 600 562 654 vim
591 616 654 655 ac
685 602 934 653 virtutem
981 598 1032 651 in
1065 597 1420 651 contrarium.
1461 596 1527 649 Et
1560 598 1702 665 quod
1744 594 1919 661 ipsum
1951 592 2032 645 di-

455 700 587 748 cunt
622 692 838 761 dignum
872 704 936 742 eo
968 688 1172 742 honore
1198 686 1496 756 judicatum
1537 701 1678 748 esse,
1722 684 1850 737 nihil
1888 682 2031 736 aliud

457 793 542 840 est
573 799 732 852 quam
775 795 1118 835 communem
1160 780 1395 850 aliquem
1439 779 1713 833 hominem
1774 786 2028 837 statuere,

458 886 513 930 et
546 873 914 928 diversitatem
957 872 1247 941 quamdam
1295 872 1569 943 imperite,
1611 887 1675 925 ac
1716 870 2031 924 dualitatent

460 964 692 1018 filiorum
743 962 1074 1016 adorandam
1123 977 1449 1032 proponere,
1505 975 1737 1030 quorum
1784 958 1923 1012 alter
1966 958 2037 1011 sit

457 1064 652 1109 natura
703 1068 765 1108 ac
809 1067 941 1108 vere
969 1053 1162 1121 Filius,
1198 1056 1337 1108 alter
1382 1053 1651 1107 ascititius
1697 1058 1752 1105 ει
1798 1048 2033 1119 spurius,

457 1145 700 1214 nihilque
734 1146 942 1200 habens
983 1144 1125 1214 quod
1169 1161 1324 1199 suum
1359 1146 1467 1207 sit;
1504 1144 1578 1197 ita
1621 1151 1680 1197 ut
1714 1141 1791 1196 illi
1819 1138 2039 1209 perinde

458 1252 524 1291 ac
564 1236 720 1290 nobis
749 1236 858 1291 dici
893 1236 1107 1304 possit:
1142 1254 1159 1286 ι
1194 1235 1331 1301 Quid
1369 1236 1535 1288 habes
1560 1232 1702 1303 quod
1739 1246 1841 1286 non
1886 1245 2039 1285 acce-

458 1327 605 1396 peris
625 1327 706 1380 "?
740 1346 760 1379 ι
807 1324 1077 1380 Ριωιετειι
1130 1326 1259 1395 quid
1310 1325 1375 1378 de
1428 1323 1829 1393 sapientissimo
1874 1318 2041 1372 Paulo

459 1428 783 1482 statuemus,
844 1418 916 1471 ita
971 1420 1184 1473 dicente
1223 1436 1235 1471 :
1270 1437 1286 1468 ι
1321 1416 1413 1471 Dei
1468 1416 1612 1470 enim
1664 1414 1836 1469 Filius
1883 1412 2040 1467 Jesus

462 1509 739 1572 Christus,
773 1509 863 1576 qui
902 1508 955 1561 in
994 1507 1149 1561 vobis
1193 1523 1285 1575 per
1323 1522 1424 1561 nos
1455 1504 1779 1576 praedicatus
1809 1513 1914 1567 est,
1945 1516 2041 1570 per

460 1615 548 1655 me
579 1611 634 1655 et
665 1598 942 1653 Silvanum
977 1609 1031 1653 et
1058 1597 1425 1661 Timotheum,
1464 1611 1569 1651 non
1597 1596 1701 1649 fuit
1734 1596 1785 1650 in
1814 1596 1915 1661 illo
1942 1613 2040 1653 εει·

461 1700 516 1745 ει
548 1707 676 1755 non,
712 1691 804 1747 sed
836 1707 933 1745 ssr
962 1690 1014 1744 in
1045 1691 1137 1744 illo
1170 1689 1272 1744 fuit
1295 1690 1361 1743 ’³.
1394 1708 1413 1741 ι
1449 1688 1729 1754 Quomodo
1757 1689 1902 1742 enim
1934 1704 2039 1742 non

2136 512 2314 563 ιστᾶσι
2362 512 2490 583 γὰρ,
2531 513 2606 575 ὡς
2626 512 2783 581 ἔφην,
2816 508 2909 562 τοῦ
2950 507 3093 563 κατὰ
3132 506 3368 579 Χριστὸν
3419 504 3740 575 μυστηρίου

2133 601 2232 672 τὴν
2261 602 2508 671 δύναμιν,
2559 606 2639 666 εἰς
2677 604 2785 656 πᾶν
2827 599 3157 663 τούναντίον,
3194 598 3289 651 καὶ
3320 597 3417 666 μὲν
3457 594 3742 665 ἠξιῶσθαι

2134 692 2313 760 λέγειν
2354 692 2536 758 αὐτὸν,
2578 692 2662 763 εἴη
2694 691 2759 745 ἂν
2810 691 2998 762 ἕτερον
3032 688 3205 750 οὐδὲν,
3242 685 3384 757 πλὴν
3416 686 3499 737 ὅτι
3546 684 3741 736 κοινὸν

2137 783 2427 855 ἄνθρωπον
2448 783 2796 850 ἀποφαίνειν,
2828 783 2922 835 καὶ
2948 782 3027 844 εἰς
3058 779 3351 851 ἑτερότητα
3369 778 3468 846 τὴν
3492 776 3738 828 εἰσάπαν

2140 875 2508 947 ἀποτειχίζειν
2578 875 2841 938 ἀϐούλως,
2919 873 2995 935 ὼς
3067 872 3199 923 υἱῶν
3262 868 3503 922 νοεῖσθαι
3559 867 3739 919 δυάδα

2138 967 2545 1039 προσκυνητὴν,
2602 961 2677 1021 ὧν
2735 970 2763 1019 ὁ
2812 967 2910 1036 μέν
2956 966 3076 1016 ἐστι
3122 961 3283 1031 φύσει
3331 961 3425 1013 καὶ
3483 957 3734 1025 ἀληθῶς,

2141 1057 2368 1129 θάτερός
2389 1076 2453 1127 γε
2495 1058 2622 1129 μὴν,
2657 1056 2967 1127 εἰσποιητός
2998 1072 3057 1107 τε
3098 1054 3194 1107 καὶ
3221 1051 3391 1115 νόθος,
3438 1050 3538 1103 καὶ
3576 1048 3737 1101 οὐδὲν

2140 1148 2280 1217 ἔχων
2334 1149 2359 1201 ὃ
2402 1149 2551 1200 ἐστιν
2602 1147 2792 1211 αὑτοῦ,
2844 1147 2933 1198 ἵνα
2987 1145 3080 1198 καὶ
3138 1142 3289 1211 αὐτῷ
3327 1140 3557 1208 λέγηται
3614 1136 3735 1207 μεθ’

2141 1238 2329 1309 ἡμῶν*
2382 1256 2400 1288 ι
2430 1238 2493 1289 Τί
2528 1236 2636 1307 γὰρ
2685 1237 2849 1306 ἔχεις,
2895 1234 2924 1287 ὃ
2954 1235 3053 1287 οὐκ
3100 1232 3322 1296 ἕλαϐες;
3381 1249 3400 1281 ι
3428 1226 3563 1282 Εἶτα
3611 1229 3736 1280 ὅποι

2142 1331 2275 1383 ποτὲ
2311 1330 2575 1400 βαδιεῖται
2618 1328 2793 1397 λέγων
2834 1329 2861 1380 ὁ
2906 1326 3184 1393 πάνσοιρος
3215 1320 3448 1384 Παῦλος,
3476 1339 3495 1372 ι
3543 1319 3607 1372 Ὀ
3636 1315 3733 1370 τοῦ

2142 1420 2277 1473 Θεοῦ
2301 1422 2409 1490 γὰρ
2438 1420 2565 1483 Υἱὸς
2596 1418 2830 1489 Χριστὸς
2868 1417 3095 1489 Ἰησοῦς,
3124 1418 3152 1468 ὁ
3185 1414 3395 1483 ἐνιὺμῖν
3428 1408 3737 1481 κηρυχθεὶς

2141 1514 2208 1567 δι’
2251 1513 2387 1583 ἐμοῦ
2427 1513 2520 1566 καὶ
2558 1510 2847 1565 Σιλουανοῦ
2887 1509 2983 1563 καὶ
3030 1505 3319 1577 Τιμοθέου,
3374 1503 3475 1556 οὐκ
3511 1502 3737 1569 ἐγένετο

2144 1606 2252 1660 Ναὶ
2281 1606 2377 1659 καὶ
2412 1605 2508 1669 Ob,
2548 1603 2684 1657 ἀλλὰ
2712 1603 2817 1657 Ναί
2856 1604 2914 1654 ὲν
2948 1600 3097 1670 αὐτῷ
3131 1598 3341 1667 γέγονε.
3379 1614 3396 1646 ι
3450 1593 3574 1657 [Ιῶς
3621 1593 3734 1662 γὰρ

2145 1698 2206 1751 οὐ
2233 1699 2423 1767 γέγονε
2456 1696 2556 1750 Ναί
2585 1698 2680 1750 καὶ
2720 1694 2794 1747 Ob
2813 1736 2826 1758 ,
2856 1696 2903 1747 εἰ
2938 1693 3068 1755 Θεὸς
3092 1687 3231 1743 εἶναι
3262 1688 3479 1757 λέγεται
3511 1688 3607 1739 καὶ
3632 1685 3737 1738 οὐκ

462 1783 626 1837 fuerit
665 1798 762 1837 εει·
806 1792 860 1836 ει
886 1797 1027 1847 nou,
1061 1782 1105 1837 si
1140 1782 1281 1836 Deus
1322 1796 1441 1835 esse
1478 1780 1697 1845 dicitur,
1730 1790 1782 1834 et
1821 1795 1926 1834 non
1960 1791 2042 1835 est

2153 1790 2259 1843 ἔστι
2297 1789 2465 1853 Θεόςς
2515 1789 2563 1840 εἰ
2590 1784 3029 1855 κατεψευσμένον
3057 1784 3141 1835 ἐπ’
3174 1780 3339 1834 αὑτοῦ
3367 1779 3448 1842 τὸ,
3479 1778 3609 1839 Υἱός
3636 1776 3735 1829 καὶ

463 1873 646 1945 Deus]?
680 1875 724 1928 si
754 1874 889 1928 falso
918 1874 984 1928 de
1012 1875 1129 1943 ipso
1168 1873 1367 1927 dicitur
1399 1872 1547 1937 illud,
1583 1871 1754 1926 Filius
1783 1882 1837 1926 et
1862 1872 2045 1926 Domi-

465 1967 606 2021 nus?
639 1966 696 2020 Si
736 1981 864 2020 vero
893 1966 963 2019 ita
1007 1980 1067 2019 se
1098 1980 1189 2020 res
1225 1964 1406 2028 habet,
1440 1974 1493 2017 ut
1529 1964 1614 2018 iSIi
1650 1964 1858 2031 volunt,
1888 1979 2046 2033 opor-

466 2060 632 2114 tuerit
656 2059 841 2125 etiam,
874 2067 933 2113 ut
971 2058 1234 2121 arbitror,
1269 2059 1492 2113 dicere:
1532 2075 1550 2107 ι
1577 2057 1767 2112 Gratia
1802 2058 1894 2111 Dei
1926 2073 2043 2111 sum

467 2147 521 2202 id
552 2148 692 2217 qttud
722 2162 838 2201 sum
863 2148 932 2205 ³⁸,
964 2167 983 2199 ι
1018 2149 1169 2215 Quod
1202 2150 1345 2205 enim
1378 2148 1705 2203 naturaliter
1744 2161 1849 2200 non
1883 2146 2045 2209 inest,

466 2239 562 2293 sed
589 2239 931 2295 extrinsecus
973 2241 1205 2295 ascitum
1236 2250 1338 2302 est,
1372 2250 1425 2295 et
1455 2240 1522 2293 ab
1561 2238 1666 2292 alio
1697 2239 1901 2303 datum,
1940 2254 2045 2291 non

469 2340 554 2384 est
596 2332 881 2385 dicendum
929 2331 1045 2400 ejus
1076 2334 1169 2401 qui
1217 2332 1444 2399 accepit,
1496 2329 1589 2385 sed
1625 2328 1744 2399 ejus
1774 2328 1865 2397 qui
1903 2328 2049 2382 dedit

469 2428 631 2487 atque
666 2418 893 2489 largitus
930 2430 1034 2475 est.
1083 2423 1199 2487 Quo
1240 2430 1399 2490 pacto
1445 2429 1621 2475 autem
1669 2419 1850 2472 dixit:
1888 2437 1906 2469 ι
1939 2418 2048 2483 Ego

470 2524 586 2563 sunt
622 2508 838 2564 Veritas
860 2512 927 2577 “,
960 2531 977 2563 ι
1019 2514 1062 2567 si
1107 2513 1240 2567 nihil
1289 2514 1343 2567 in
1386 2515 1502 2582 ipso
1544 2521 1627 2567 est
1676 2510 1827 2566 veri?
1883 2510 2047 2579 Atqui

471 2601 984 2671 comprehenderint
1026 2603 1189 2657 etiam
1234 2605 1407 2673 ipsum
1456 2605 1715 2671 tenebrzn,
1761 2605 1807 2659 si
1862 2604 2051 2657 menti-

474 2704 579 2749 tur.
608 2694 874 2751 Cazterum
901 2714 920 2747 ι
946 2710 1053 2751 non
1083 2696 1213 2751 fecit
1239 2705 1541 2765 peccatum,
1574 2711 1751 2767 neque
1798 2695 2049 2750 inventus

472 2794 555 2840 est
581 2786 634 2841 in
663 2802 757 2841 ore
785 2787 955 2857 ipsius
986 2787 1161 2855 dolus,
1196 2806 1214 2840 ι
1246 2796 1305 2842 ιιι
1338 2789 1602 2859 scriptum
1633 2797 1717 2843 est
1737 2789 1805 2841 ³¹.

537 2874 598 2930 Β.
638 2875 755 2931 Non
777 2891 928 2933 sane.

550 2967 610 3022 Λ.
653 2968 911 3034 Quaenam
950 2986 1081 3025 vero
1116 2970 1278 3026 fuerit
1321 2972 1654 3039 exinanitio;
1695 2983 1789 3029 aut
1837 2975 1923 3030 cui
1961 2990 2052 3030 ac-

476 3059 707 3127 ciderit?
741 3059 925 3128 Neque
958 3061 1104 3116 enim
1134 3079 1463 3134 quemquant
1495 3065 1833 3121 exinanitum
1867 3068 2051 3121 videre

475 3162 582 3215 est,
616 3150 780 3223 746
801 3151 895 3207 sed
926 3154 1104 3223 potius
1139 3165 1330 3209 contra
1357 3156 1660 3226 impletum,
1694 3174 1817 3212 cum
1851 3156 2051 3226 alioqui

477 3240 863 3311 plenitudinem
910 3257 981 3296 ex
1025 3257 1120 3297 sua
1173 3255 1365 3299 natura
1407 3247 1624 3302 habeat.
1676 3246 1861 3316 Neque
1908 3248 2053 3301 cnim

478 3329 657 3383 aliena
696 3344 798 3400 ope
837 3332 1010 3401 eguit;
1068 3342 1123 3386 et
1173 3348 1635 3403 supervacaneum
1682 3336 1733 3389 in
1785 3350 1850 3390 eo
1895 3335 2057 3389 fuerit

480 3422 747 3490 accipere,
785 3438 907 3477 cum
933 3439 997 3478 ex
1036 3439 1133 3479 sua
1159 3435 1354 3478 natura
1389 3426 1460 3479 sit
1489 3425 1939 3496 perfectissimus,
1967 3427 2055 3481 ni-

482 3514 661 3584 hilque
697 3516 745 3569 ei
789 3516 961 3582 desit;
996 3517 1090 3571 sed
1138 3532 1203 3571 ex
1240 3517 1574 3586 plenitudine
1613 3518 1819 3573 Christi
1870 3534 2057 3573 omnes

483 3621 580 3659 nos
641 3607 1054 3676 accepimus”,
1108 3622 1285 3677 neque
1359 3607 1664 3663 divinorum
1719 3609 2055 3678 eloquiorum

485 3713 760 3764 praecones
815 3699 1028 3754 mentiti
1076 3699 1297 3755 fuerint.
1336 3700 1536 3756 Plenus
1585 3702 1731 3756 enim
1773 3711 1857 3755 est
1899 3700 2059 3755 Citri-

484 3802 619 3858 stus,
655 3807 828 3861 neque
850 3792 1142 3863 quidquam
1188 3794 1410 3848 omnino
1442 3798 1495 3849 in
1532 3794 1648 3863 ipso
1684 3802 1788 3857 est,
1820 3793 1960 3862 quod
1995 3791 2062 3845 ab

484 3882 590 3937 alio
616 3885 906 3952 acceperit,
932 3893 1199 3954 quatenus
1229 3895 1480 3938 censetur
1509 3896 1564 3938 et
1592 3896 1671 3940 est
1704 3887 1841 3939 Deus
1875 3903 1887 3938 :
1923 3894 2061 3937 tam-

484 3977 586 4030 etsi
650 3978 925 4047 proprium
998 3979 1160 4033 etiam
1237 3979 1285 4032 ei
1339 3979 1539 4032 factum
1593 3988 1712 4044 εει,
1787 3977 2058 4046 accipere,

487 4076 708 4137 propter
740 4070 988 4123 humanae
1035 4078 1242 4124 natura:
1281 4070 1680 4133 conditionem;
1712 4077 1764 4121 et
1795 4078 2062 4137 quatenus

488 4161 739 4227 apparuit
793 4162 966 4215 nostri
1019 4162 1234 4215 similis.
1293 4161 1460 4217 Nobis
1508 4161 1683 4227 enim,
1742 4172 1795 4215 et
1847 4160 2062 4229 quidem

488 4261 635 4306 recte
684 4254 941 4307 dicatur:
983 4271 1002 4304 ι
1034 4252 1173 4321 Quid
1209 4255 1353 4309 enim
1405 4252 1594 4319 babes,
1629 4251 1773 4321 quod
1820 4265 1926 4305 non
1971 4264 2063 4303 ac-

488 4342 717 4410 cepisti?
747 4363 765 4395 ι

2145 1883 2385 1953 Κῦριος;
2429 1882 2645 1951 Ἔχοντι
2676 1879 2731 1931 δὲ
2761 1872 2888 1940 ὧδε,
2928 1875 3073 1930 καθά
3103 1891 3265 1942 φασιν
3310 1871 3482 1933 αὐτοὶ,
3528 1867 3734 1938 πρέποι

2145 1972 2231 2041 ἂν,
2271 1970 2424 2043 οἶμαι
2462 1990 2585 2038 που,
2629 1972 2718 2024 καὶ
2756 1970 2817 2022 τὸ
2853 1969 3048 2039 χρῆναι
3091 1967 3309 2034 λέγειν·
3376 1983 3394 2015 ι
3421 1961 3617 2032 Χάριτι
3676 1958 3737 2011 δὲ

2146 2063 2279 2116 Θεοῦ
2312 2065 2427 2133 εἰμι
2461 2063 2488 2115 ὃ
2528 2064 2660 2131 εἰμι.
2693 2079 2711 2111 ι
2764 2060 2838 2111 Τὸ
2870 2057 2979 2127 γὰρ
3027 2056 3101 2126 μὴ
3147 2054 3308 2123 φύσει
3354 2050 3571 2122 προσὸν,
3612 2046 3733 2100 ἀλλ’

2147 2155 2348 2221 ἔξωθεν
2401 2155 2496 2207 καὶ
2544 2150 2977 2223 εἰσκεκριμὲνον,
3016 2147 3109 2200 καὶ
3161 2146 3292 2214 παρ’
3323 2144 3510 2214 ἑτέρου
3555 2140 3731 2203 δοτὸν,

2147 2246 2268 2318 οὐχὶ
2295 2246 2388 2299 τοῦ
2419 2247 2677 2309 λαϐόντος
2705 2244 2792 2313 εἴη
2821 2244 2886 2296 ἂν
2912 2240 3132 2313 μᾶλλον,
3162 2238 3303 2291 ἀλλὰ
3327 2236 3419 2290 τοῦ
3448 2234 3737 2303 νείμαντος

2148 2340 2241 2391 και
2268 2338 2658 2409 χαρισαμένου,
2693 2335 2817 2397 Πῶς
2845 2334 2902 2386 δὲ
2933 2333 3026 2385 καὶ
3062 2331 3323 2399 ἔφασκεν,
3370 2346 3389 2379 ι
3431 2322 3571 2393 Ἐγώ
3614 2324 3735 2391 εἰμι

2147 2434 2180 2502 ἡ
2218 2432 2463 2502 ἀλήθεια,
2505 2451 2523 2481 ι
2569 2430 2616 2481 εἰ
2648 2428 2814 2499 μηδὲν
2841 2426 3036 2496 ἀληθὲς
3059 2424 3145 2477 ἐπ’
3174 2420 3361 2484 αὑτοῦ,
3396 2414 3739 2484 Κατεῖήφθη

2149 2527 2291 2595 τάχα
2334 2541 2437 2577 που
2476 2524 2569 2575 καὶ
2600 2520 2703 2574 ὑπὸ
2748 2523 2847 2591 τῆς
2888 2516 3130 2578 σκοτίας,
3180 2515 3224 2567 εἰ
3262 2510 3534 2581 ψεύδεται.
3586 2506 3742 2557 Ἀλλ’

2158 2638 2176 2669 ι
2208 2618 2308 2670 οὐκ
2339 2615 2593 2685 ἐποίησεν
2645 2612 2942 2683 ἁμαρτίαν,
2973 2609 3093 2661 οὐδὲ
3129 2604 3322 2677 εὑρέθη
3347 2602 3493 2663 δόλος
3543 2602 3604 2652 ὲν
3658 2597 3743 2668 τῷ

2154 2706 2381 2777 στόματι
2404 2704 2592 2768 αὑτοῦ,
2622 2723 2639 2755 ι
2676 2701 2820 2756 καθὰ
2852 2700 3180 2772 γέγραπται.

2223 2884 2283 2945 Β.
2319 2882 2395 2935 Οὐ
2420 2881 2529 2952 γὰρ
2558 2875 2670 2934 οὖν.

2224 2978 2289 3030 Α.
2323 2975 2432 3028 Ποῦ
2471 2974 2529 3026 δὲ
2562 2975 2594 3044 ή
2643 2972 2909 3037 κένωσις;
2969 2969 3066 3024 καὶ
3104 2970 3248 3033 τίνος
3281 2968 3348 3021 ἂν
3379 2967 3553 3018 νοοῖτο
3581 2957 3740 3029 γενέ-

2076 3105 2121 3162 c
2157 3070 2279 3124 σθαι
2316 3068 2531 3132 λοιπόν;
2581 3067 2656 3118 Οὐ
2700 3063 2809 3135 γὰρ
2847 3064 2992 3116 ἐστιν
3046 3062 3171 3115 ἰδεῖν
3205 3055 3577 3126 κεκενωμένον
3618 3047 3743 3162 τινὰ

2161 3162 2377 3234 μᾶλλον,
2405 3160 2518 3213 ἀλλ’
2545 3159 2608 3211 ἐκ
2633 3175 2693 3227 γε
2721 3157 2828 3210 τῶν
2858 3154 3115 3207 ἐναντίων
3137 3153 3243 3222 πλη
3255 3150 3346 3221 pati
3356 3165 3535 3219 μενον,
3562 3143 3740 3196 καίτοι

2156 3254 2217 3307 τὸ
2244 3253 2450 3324 πλῆρες
2475 3251 2666 3321 ἔχοντα
2697 3250 2817 3302 κατ’
2852 3248 2985 3301 ἰδίαν
3014 3248 3196 3316 φύσιν.
3230 3244 3301 3296 Οὑ
3324 3242 3434 3311 γὰρ
3456 3240 3521 3293 ἂν
3547 3234 3737 3303 ἐδεήθη

2157 3345 2265 3400 τῶν
2299 3344 2428 3415 παρ’
2458 3343 2667 3413 ἐτέρου,
2701 3340 2796 3395 καὶ
2845 3338 3096 3409 περιττὸν
3128 3333 3196 3407 ἦν
3245 3333 3392 3404 αὐτῷ
3431 3330 3493 3383 τὸ
3537 3327 3738 3385 λαϐεῖν,

2157 3414 2573 3499 οἵκοθενίὲχοντι
2603 3429 2661 3481 τὸ
2688 3427 2992 3492 αὐτοτελὲς,
3040 3425 3220 3479 καὶτὸ
3246 3422 3383 3494 πρὸς
3415 3422 3525 3473 πᾶν
3563 3414 3740 3471 ὁτιοῦν

2158 3521 2524 3593 ἀποχρώντως
2546 3522 2686 3590 ἕχον,
2726 3520 2842 3574 ἀλλ’
2872 3520 2937 3573 ἐκ
2973 3517 3342 3590 πληρώματος
3373 3513 3469 3567 τοῦ
3502 3506 3741 3582 Χριστοῦ

2161 3616 2360 3677 πάντες
2396 3615 2557 3684 ἡμεῖς
2604 3612 2889 3682 ἐλάϐομεν,
2936 3612 3031 3664 καὶ
3074 3611 3176 3663 οὐκ
3211 3608 3277 3662 ἂν
3301 3603 3651 3675 διαψεύσαιτο
3683 3597 3745 3650 τὸ

2160 3704 2265 3757 τῶν
2290 3703 2566 3773 θεηγόρων
2595 3704 2876 3772 κήρυγμα.
2912 3702 3132 3772 Πλήρηξ
3176 3698 3283 3770 γὰρ
3311 3700 3338 3751 ὁ
3367 3693 3624 3768 Χριστὸς,
3651 3690 3744 3743 καὶ

2160 3794 2311 3849 δοτὸν
2338 3794 2486 3863 αὐτῷ
2518 3792 2798 3855 παντελῶς
2828 3792 3001 3856 οὐδὲν,
3050 3790 3193 3844 καθὰ
3237 3791 3439 3841 νοεῖται
3488 3784 3585 3836 καὶ
3630 3780 3743 3832 ἔστι

2162 3890 2315 3955 Θεὸς,
2351 3890 2398 3942 εἰ
2452 3888 2546 3940 καὶ
2593 3887 2815 3956 γέγονεν
2866 3883 3029 3937 αὑτοῦ
3066 3882 3127 3935 τὸ
3167 3881 3369 3945 λαϐεῖν,
3412 3876 3499 3929 διὰ
3549 3875 3609 3926 τὸ
3651 3872 3745 3939 τῆς

2164 3981 2578 4054 ἁνθρωπότητος
2623 3979 2840 4050 μέτρον,
2891 3976 2985 4029 καὶ
3014 3975 3151 4028 καθὸ
3181 3972 3386 4041 πέφηνε
3418 3966 3546 4021 καθ’
3576 3965 3743 4034 ἡμᾶς,

2163 4070 2245 4138 οἷς
2274 4073 2339 4128 ἂν
2368 4074 2578 4142 λέγοιτο
2615 4072 2710 4125 καὶ
2762 4068 2908 4142 μάλα
2954 4066 3151 4140 ὀρθῶς·
3200 4086 3217 4118 ι
3246 4062 3310 4116 Ti
3355 4060 3463 4131 γὰρ
3512 4058 3679 4128 ἔχεις,
3718 4054 3747 4105 ὅ

2164 4167 2263 4219 οὐκ
2292 4166 2480 4230 ἔλαϐες
2499 4182 2513 4231 ;
2540 4183 2557 4216 ι

555 4434 616 4486 Β.
657 4434 816 4489 Certe
857 4435 961 4490 hoc
999 4443 1272 4499 asserunt,
1303 4451 1465 4490 unqu
1512 4449 1631 4490 esse
1663 4433 1961 4495 Christum,
2001 4440 2051 4485 et

2229 4438 2289 4489 B.
2319 4434 2446 4500 Ναὶ,
2484 4432 2669 4501 φησιν,
2725 4425 2806 4493 εἷς
2859 4430 2977 4482 ἐστι
3016 4422 3268 4496 Χριστὸς,
3325 4418 3419 4472 καὶ
3466 4415 3613 4477 Υἱὸς,
3654 4412 3750 4465 καὶ

488 4529 706 4594 Filium,
734 4542 787 4583 et
816 4529 1125 4596 Dominum,
1156 4527 1389 4582 Verbum
1422 4543 1487 4580 ex
1525 4526 1631 4579 Deo
1668 4525 1827 4577 Putre
1847 4524 1912 4587 ³⁵,
1940 4537 2067 4576 con-

486 4622 676 4691 juncto
713 4620 928 4675 interim
964 4622 1063 4689 ipsi
1100 4635 1164 4674 eo
1201 4619 1288 4688 qui
1321 4627 1406 4672 est
1438 4632 1503 4671 ex
1531 4616 1735 4669 semine
1767 4614 1952 4667 David.

566 4714 633 4767 A.
681 4713 750 4766 At
807 4712 954 4766 dicat
998 4712 1198 4781 aliquis
1244 4710 1350 4763 illis
1381 4728 1393 4763 :
1420 4708 1519 4774 Qui
1575 4706 1921 4771 conjttuctum
1962 4702 2063 4756 sibi

491 4804 656 4859 habet
701 4802 890 4870 alium,
931 4817 1036 4857 non
1083 4812 1263 4871 potest
1320 4801 1529 4855 censeri
1580 4814 1737 4862 unus,
1783 4796 1877 4851 sed
1927 4807 2066 4847 unus

493 4911 613 4949 cum
644 4910 772 4960 uno,
801 4895 906 4949 hoc
937 4905 1042 4959 est,
1091 4893 1235 4947 alio:
1263 4893 1369 4947 duo
1395 4900 1573 4945 autem
1619 4891 1671 4944 lii
1708 4902 1928 4958 prorsus
1969 4885 2077 4940 sint

497 5000 718 5042 necesse
755 4994 859 5042 est.
891 4986 1043 5041 Unus
1068 4999 1199 5039 vero
1238 4985 1565 5053 intelligetur
1599 4996 1783 5036 revera
1828 4995 1950 5035 esse
1989 4977 2076 5031 Fi-

497 5078 623 5142 lius,
655 5080 700 5133 si
727 5079 974 5135 eumdem
1018 5079 1261 5133 dicamus
1292 5092 1414 5133 esse
1456 5092 1520 5131 ex
1556 5076 1664 5130 Deo
1690 5075 1908 5144 quidem
1943 5069 2079 5125 divi—

498 5169 646 5224 nitus
685 5172 928 5241 genitum
955 5170 1123 5226 Deum
1154 5168 1431 5237 Verbum;
1465 5167 1860 5222 adutirabiliter
1897 5175 2078 5219 autem

503 5258 773 5316 hominem
808 5270 864 5317 et
894 5263 1189 5317 secundum
1225 5276 1443 5315 carnem
1490 5258 1686 5313 factum
1723 5272 1789 5313 ex
1825 5257 2062 5311 muliere.

503 5349 561 5401 Si
593 5361 720 5401 vero
748 5367 868 5405 eum
897 5354 985 5421 qui
1032 5362 1115 5407 est
1146 5369 1210 5423 ex
1254 5353 1463 5407 semine
1496 5350 1659 5405 David
1706 5348 1930 5405 εεοι·εἱιιι
1964 5357 2074 5402 sta-

501 5446 718 5496 tuentes
765 5454 828 5494 ac
876 5443 1272 5514 dislinguculcs
1312 5459 1499 5499 verum
1549 5441 1718 5498 Deum
1777 5451 1831 5497 ει
1876 5440 2072 5497 Filium

579 5656 623 5688 "
656 5654 811 5709 Rom.
843 5668 882 5713 ι,
914 5650 1003 5705 22.
1081 5649 1125 5680 ’⁸
1152 5648 1170 5701 l
1195 5650 1319 5703 Cor.
1354 5667 1426 5715 tv,
1459 5652 1511 5703 7.

505 5724 702 5784 ll’ttr.
733 5742 792 5796 ιι,
823 5723 913 5780 22.
989 5719 1034 5753 ⁸³
1077 5718 1227 5777 ,luau.
1259 5734 1296 5785 ι,
1330 5720 1411 5773 l6.
1491 5720 1534 5752 ³⁸
1566 5718 1584 5772 l
1611 5720 1733 5775 Cor.
1768 5736 1883 5783 vm,
1926 5723 1975 5772 (ἱ.

1600 5654 1645 5684 ’⁸
1686 5652 1726 5704 ll
1759 5650 1880 5705 Cor.
1918 5666 1955 5710 ι.
1992 5653 2073 5709 ις).
2153 5652 2198 5685 ³ο
2232 5651 2248 5706 l
2279 5652 2401 5708 Cor.
2442 5666 2531 5714 sv,
2568 5647 2653 5701 10.

2172 4530 2397 4600 Κύριος,
2451 4527 2479 4578 ὁ
2528 4525 2592 4576 ἐκ
2645 4521 2779 4575 Θεοῦ
2841 4519 3055 4590 Πατρὸς
3120 4514 3320 4583 Λόγος,
3388 4506 3752 4576 συναφθέντος

2173 4622 2318 4693 αὐτῷ
2355 4618 2448 4674 τοῦ
2485 4621 2549 4672 ὲκ
2586 4616 2902 4687 σπέρματος
2932 4610 3117 4665 Δαϐίδ.

2245 4718 2310 4768 Λ.
2375 4712 2535 4776 Ἀλλ’,
2569 4704 2613 4763 ὧ
2666 4708 2949 4779 βέλτιστοι,
3012 4702 3144 4772 φαίη
3198 4715 3278 4761 τις
3333 4696 3399 4749 ἂν
3459 4692 3667 4752 αὐτοῖς,
3725 4688 3755 4739 ὁ

2178 4804 2520 4875 συνημμένον
2552 4802 2693 4871 ἔχων
2733 4798 2940 4867 ἕτερον,
2977 4790 3059 4856 εἷς
3089 4792 3188 4844 οὐκ
3211 4788 3278 4841 ἂν
3304 4785 3495 4844 νοοῖτο,
3547 4779 3752 4875 atde-sv;

2189 4863 2329 4951 ’Λλλζ
2356 4863 2436 4960 εἷς
2467 4863 2750 4965 μεθἀἑνὸς,
2780 4863 2948 4960 ἤγουν
2983 4883 3102 4955 μεθ’
3142 4881 3351 4951 ἐτέρου,
3398 4875 3492 4928 δύο
3520 4871 3578 4925 δὲ
3609 4863 3757 4965 οῦτοι

2178 4992 2354 5062 πάντη
2384 5008 2443 5042 τε
2469 4963 2567 5041 καὶ
2601 4986 2837 5046 πάντως.
2892 4976 2985 5042 Εἷς
3024 4978 3069 5029 δ’
3106 4975 3172 5029 ἂν
3217 4974 3387 5027 νοοῖτο
3428 4966 3573 5021 κατὰ
3622 4963 3759 5062 ἁλη-

2180 5056 2621 5150 θειακίὺπάρχων
2650 5075 2798 5141 Υἱὸς,
2834 5075 2882 5126 εἰ
2920 5072 3011 5124 τὸν
3055 5067 3219 5121 αὑτὸν
3266 5063 3407 5120 εἷναί
3438 5056 3759 5150 φαμεν,-ἐκ

2180 5171 2314 5225 Θεοῦ
2352 5171 2448 5239 μὲν
2474 5147 2670 5229 θεῖκῶς
2700 5162 3027 5234 γεννηθέντα
3057 5157 3189 5211 Θεὸν
3218 5155 3410 5224 Λόγονο
3436 5147 3761 5239 παραδόξοις

2180 5264 2237 5318 δὲ
2264 5237 2569 5333 ἄνθρωπον,
2601 5258 2695 5311 καὶ
2726 5254 2865 5309 κατὰ
2893 5253 3071 5323 σάρκα
3100 5251 3165 5303 ὲκ
3201 5244 3477 5317 γυναικός.
3509 5242 3572 5295 Εἰ
3694 5237 3760 5305 δὴ

2180 5354 2273 5406 τὸν
2310 5329 2382 5405 ἐκ*
2405 5350 2722 5420 σπέρματος
2747 5346 2841 5398 τοῦ
2876 5343 3039 5396 Δαϐὶδ
3071 5342 3177 5411 ἰδίᾳ
3204 5338 3444 5399 τιθέντες
3503 5333 3600 5386 καὶ
3644 5329 3762 5382 διο-

2187 5445 2447 5516 ρίζοντες,
2501 5439 2593 5493 τοῦ
2647 5438 2786 5492 κατὰ
2819 5437 3077 5507 ἀλήθειαν
3114 5429 3255 5487 εἶναι
3302 5429 3433 5484 Θεὸν
3476 5426 3572 5480 καὶ
3631 5422 3763 5474 Υξὸν

2755 5644 2797 5676 ³⁸
2838 5641 2992 5699 Joan.
3020 5655 3131 5709 xrv,
3173 5639 3226 5695 6.
3336 5636 3381 5670 υ
3407 5632 3510 5689 lsa.
3544 5644 3671 5692 LIII,
3705 5627 3761 5692 9;
