4038 6200
332 381 355 426 3
366 377 472 427 3309

1470 368 1656 435 QUOD
1696 366 1884 423 UNUS
1926 365 2033 421 SIT
2070 366 2439 425 CHRiSTUS.

3457 368 3599 426 {5ft}

331 492 704 562 ἐκπέμπουσι,
757 485 1011 541 κοινωνὸν
1041 487 1099 541 δέ
1137 487 1334 558 μᾶλλον
1374 489 1621 557 υῖότητος
1666 487 1765 541 καὶ
1819 486 1913 556 μέ-

2031 502 2140 543 esse
2169 490 2378 555 nolunt,
2407 490 2497 544 sed
2534 487 2713 558 potius
2741 486 3056 555 participem
3091 485 3360 540 liliationis
3393 494 3446 541 et
3480 487 3595 556 glo-

330 596 491 649 τοχον
517 578 675 647 δόξης
703 575 913 639 ὀθνείας
944 571 1085 629 εἶναί
1110 594 1294 646 φασιν,
1328 578 1387 630 οὐ
1418 578 1615 647 μάτην,
1648 577 1728 640 ὼς
1742 572 1914 646 οἶμαι,

331 670 431 731 τὰς
474 670 626 740 παρὰ
672 668 777 720 τῶν
836 667 1108 720 Ἰουδαίων
1147 668 1417 730 διαϐολὰς,
1464 669 1548 719 ἐπ’
1582 668 1732 737 αὐτῷ
1764 684 1918 735 γενο-

336 761 503 831 μένας
536 760 862 831 εὑρήσομεν.
902 760 1180 827 Ἕφασκον
1219 760 1344 829 γὰρ,
1396 761 1475 813 δτι
1517 779 1535 811 ι
1569 761 1706 831 Περὶ
1751 758 1917 812 καλοῦ

332 849 491 919 ἔργου
527 850 587 901 οῦ
624 848 913 919 λιθάζομέν
948 866 1029 911 σε,
1072 848 1207 901 ἀλλὰ
1246 850 1374 919 περὶ
1424 850 1791 921 βλασφημίας,
1839 852 1918 904 ὅτι

335 942 397 993 σὺ
427 942 715 1011 ἄνθρωπος
743 942 839 1008 ὢν,
872 946 1044 1005 ποιεῖς
1077 943 1267 996 ἐαυτὸν
1299 944 1452 997 Θεόν.

405 1030 467 1082 Β.
504 1032 618 1084 Καὶ
654 1030 761 1102 μὴν
789 1032 882 1085 καὶ
911 1032 1048 1085 Θεὸν
1072 1033 1164 1085 καὶ
1192 1033 1317 1086 Υἰὸν
1343 1033 1593 1104 ἀληθινὸν
1616 1031 1757 1090 εἷναί
1787 1055 1918 1107 φασι

337 1122 429 1174 16v
459 1122 555 1175 ἐνα
584 1124 836 1194 Χριστόν.

408 1214 477 1266 Α.
533 1215 699 1284 Δῆλον
752 1215 807 1266 δὲ
864 1215 945 1268 ὅτι
988 1216 1079 1268 16v
1129 1216 1192 1269 ἐκ
1246 1216 1378 1269 Θεοῦ
1431 1219 1623 1286 Λόγον,
1687 1219 1921 1274 λαϐόντα

340 1305 485 1358 κατὰ
512 1305 808 1374 συνάφειαι)
837 1306 925 1360 τὸν
952 1309 1016 1360 ἐκ
1048 1308 1361 1377 σπέρματος
1396 1309 1490 1361 τοῦ
1522 1310 1705 1363 Δαϐίδ.

411 1397 473 1454 Β.
515 1397 654 1450 Ἀλλ’
693 1401 741 1451 εἰ
784 1400 855 1469 μή
889 1400 1038 1451 ἐστιν
1068 1399 1227 1462 αὐτὸς
1256 1402 1284 1452 6
1321 1402 1383 1453 ἐκ
1412 1400 1546 1453 Θεοῦ
1578 1402 1791 1473 [ἰατρὸς
1821 1403 1923 1455 Λό-

340 1504 455 1556 τος,
503 1490 531 1541 6
578 1490 671 1541 καὶ
719 1489 867 1543 κατὰ
909 1491 1091 1561 σάρκα
1135 1493 1199 1544 ἐκ
1252 1492 1527 1559 γυναικὸς,
1577 1492 1691 1545 ἀλλ’
1739 1494 1923 1561 ἕτερος

343 1580 462 1649 μεθ’
496 1579 706 1650 ἐτέρου,
742 1580 859 1643 πῶς
891 1581 956 1634 ἂν
987 1582 1197 1650 λέγοιτο
1237 1583 1502 1654 Χριστὸς,
1536 1585 1565 1636 ὁ
1606 1583 1682 1654 μὴ
1737 1601 1923 1657 κεχρι-

342 1669 557 1739 σμένος,
586 1670 731 1724 καθὰ
762 1672 855 1724 καὶ
888 1671 1190 1739 φθάσαντες
1216 1673 1480 1745 εἴπομεν;

407 1761 472 1813 Α.
507 1759 735 1825 Οὐκοῦν,
769 1762 816 1813 εἰ
848 1762 920 1832 μή
963 1763 1110 1815 ἐστιν
1139 1762 1325 1832 ἕτερος
1370 1760 1521 1831 παρὰ
1555 1760 1647 1814 τὸν
1684 1762 1746 1814 ἐκ
1787 1760 1921 1813 Θεοῦ

2028 582 2121 635 ria:
2150 581 2337 635 alienw
2378 595 2500 635 esse
2534 587 2791 643 statuunt,
2840 593 2944 631 non
2978 578 3201 642 frustra,
3236 586 3293 629 ut
3333 577 3589 639 arbitror,

2026 672 2195 728 Judaei
2238 674 2386 727 illum
2446 673 2759 727 calumniati
2816 672 3034 735 fuerint,
3084 671 3364 723 dicentes:
3402 688 3419 720 ι
3455 668 3593 734 Quia

2027 767 2097 819 ob
2132 766 2331 819 bonum
2374 780 2509 833 opus
2541 781 2643 818 non
2681 764 2977 833 lapidamus
3017 773 3090 825 te,
3124 762 3217 815 sed
3254 762 3321 813 ob
3355 759 3595 828 blasphe-

2028 856 2234 919 miam,
2294 857 2435 923 quod
2499 871 2621 909 cum
2692 856 2767 909 sis
2844 857 3047 919 homo,
3129 852 3300 906 facias
3366 852 3595 920 teipsum

2026 948 2192 1004 Deum
2217 948 2282 1001 ³⁸.
2314 965 2334 1001 ι

2093 1037 2157 1092 Β.
2192 1038 2352 1106 Atqui
2394 1046 2446 1090 et
2487 1037 2653 1091 Deum
2704 1046 2758 1092 et
2805 1037 2998 1092 Filium
3046 1052 3163 1093 esse
3197 1037 3385 1092 dicunt
3429 1053 3591 1091 unum

2026 1129 2325 1185 Christum.

2099 1222 2164 1276 A.
2206 1221 2436 1277 Verbum
2482 1222 2691 1276 scilicet
2727 1238 2789 1276 ex
2836 1220 2968 1287 Deo,
3000 1221 3142 1290 quod
3177 1220 3469 1289 assumpsit
3514 1235 3598 1272 ra—

2031 1315 2177 1369 tione
2206 1315 2607 1384 conjunctionis
2641 1331 2761 1368 eum
2800 1314 2889 1383 qui
2942 1323 3026 1369 est
3072 1329 3137 1367 ex
3175 1313 3382 1367 semine
3408 1312 3596 1366 David.

2100 1403 2161 1457 Β.
2204 1402 2492 1469 Caeterum,
2519 1405 2567 1457 si
2601 1420 2705 1457 non
2731 1414 2813 1457 est
2842 1405 3017 1474 ipsum
3048 1418 3112 1457 ex
3143 1403 3252 1456 Deo
3278 1402 3438 1456 Patre
3465 1399 3599 1455 Ver-

2027 1493 2177 1554 bum,
2205 1494 2349 1561 quod
2374 1503 2428 1547 et
2457 1494 2752 1547 secundum
2783 1508 3001 1548 carnem
3028 1503 3108 1549 est
3135 1510 3200 1548 ex
3233 1493 3478 1557 muliere,
3507 1493 3599 1546 sed

2028 1585 2164 1640 alius
2190 1600 2311 1639 cum
2353 1584 2489 1649 alio;
2526 1585 2793 1652 quomodo
2828 1586 3037 1638 dicatur
3076 1585 3320 1639 Christus
3361 1584 3451 1654 qui
3493 1601 3596 1638 non

2029 1687 2109 1733 est
2136 1686 2349 1744 unctus,
2380 1686 2439 1730 ut
2472 1685 2525 1731 et
2550 1685 2676 1729 ante
2708 1675 2994 1728 diximus?

2099 1767 2165 1823 Α.
2206 1768 2344 1836 Ergo
2378 1768 2423 1822 si
2474 1767 2519 1822 is
2558 1766 2648 1834 qui
2686 1773 2768 1820 est
2803 1779 2868 1818 ex
2911 1765 3116 1818 semine
3152 1766 3317 1820 David
3367 1782 3469 1821 non
3516 1775 3600 1821 est

337 1853 554 1924 Πατρὸς
590 1854 784 1920 Λόγον,
810 1855 838 1906 ὀ
866 1857 929 1907 ἐκ
960 1855 1277 1925 σπέρματος
1322 1853 1415 1906 τοῦ
1456 1852 1638 1917 Δαϐὶδ,
1679 1852 1921 1922 λεγέσθω

2031 1860 2161 1913 alius
2210 1876 2239 1913 a
2285 1860 2459 1914 Verbo
2515 1874 2583 1913 ex
2620 1858 2728 1912 Deo
2781 1856 2960 1919 Patre,
3012 1854 3226 1909 dicatur
3257 1858 3421 1910 etiam
3474 1869 3600 1911 ante

340 1945 436 1997 καὶ
465 1943 808 2014 προαιώνιος.

410 2036 472 2088 Β.
508 2030 642 2088 Εἶτα
693 2034 811 2097 πῶς
851 2037 878 2087 6
912 2036 1187 2104 πάνσοφος
1233 2034 1465 2098 Παῦλος,
1509 2035 1788 2089 ἐκϐάλλων
1824 2037 1922 2106 τὴν

341 2127 518 2194 δόξαν,
552 2128 626 2191 ὡς
665 2130 721 2180 ἐν
764 2128 1099 2199 ἐρωτήσεσιν
1142 2132 1291 2181 ἐστιν
1320 2128 1569 2182 ἁπαιτῶν
1601 2130 1694 2182 καὶ
1728 2128 1921 2195 λέγων,

345 2239 364 2271 ι
407 2219 612 2291 Ἰησοῦς
637 2221 871 2289 Χριστὸς
908 2221 1032 2289 χθὲς
1053 2221 1145 2273 καὶ
1174 2222 1413 2290 σήμερον
1436 2223 1464 2274 6
1495 2220 1680 2287 αὐτὸς,
1715 2223 1807 2275 καὶ
1840 2223 1920 2285 εἰς

342 2313 465 2375 τοὺς
491 2312 713 2375 αἰῶνας.
740 2331 758 2363 ι
792 2312 853 2364 Εἰ
898 2312 1027 2380 γοῦν
1060 2313 1150 2365 καὶ
1192 2312 1397 2382 ἕτερος,
1440 2313 1469 2364 6
1508 2313 1620 2383 γὰρ
1658 2313 1785 2383 χθὲς
1833 2316 1925 2367 καὶ

338 2404 599 2475 σήμερον,
632 2404 814 2473 φησιν,
856 2396 1081 2473 Ἰησοῦς,
1118 2405 1145 2455 ὀ
1174 2403 1336 2467 αὐτὸς
1366 2403 1517 2457 ἔσται
1561 2406 1656 2459 καὶ
1690 2407 1770 2468 εἰς
1799 2408 1926 2470 τοὺς

337 2494 563 2557 αἰῶνας,
602 2496 915 2565 πρόσφατος
953 2494 1217 2563 δηλονότι,
1252 2495 1349 2549 καί
1383 2495 1509 2565 χθὲς
1536 2499 1630 2549 καὶ
1661 2498 1922 2568 σήμερον,

337 2588 516 2641 καίτοι
554 2586 646 2640 τοῦ
696 2586 831 2640 Θεοῦ
868 2586 1043 2655 Λόγου
1093 2585 1171 2657 τῷ
1222 2586 1334 2658 ἰδίῳ
1384 2588 1560 2659 Πατρί
1592 2604 1925 2659 συνυφεστηέ

340 2679 521 2744 κότος.

412 2770 481 2824 Δ.
514 2769 767 2823 Μάλιστα
828 2770 928 2839 μὲν
979 2768 1243 2835 ἀδικοῦσι,
1302 2771 1763 2843 παροχετεύοντες
1794 2760 1795 2763 η
1828 2774 1926 2845 τὴν

346 2859 632 2930 ἀλήθειαν,
665 2862 757 2913 ἐπὶ
796 2861 857 2913 τό
886 2878 950 2929 γε
985 2862 1167 2930 σφίσιν
1197 2863 1380 2925 αὐτοῖς
1409 2864 1686 2927 ἀσυνέτως
1713 2864 1924 2930 δοκοῦν,

343 2947 445 3002 καὶ
495 2948 603 3000 τῶν
657 2948 818 3019 ἰερῶν
865 2950 1211 3020 Γραμμάτων
1253 2951 1313 3004 16
1347 2952 1572 3023 ἀκριϐὲς
1625 2955 1922 3025 παραφθεί-

348 3056 555 3111 ροντες.
592 3039 654 3092 Εἰ
698 3040 756 3091 δὲ
785 3040 847 3109 δή
880 3058 964 3103 τις
1016 3041 1160 3110 λέγοι
1206 3043 1300 3096 καὶ
1330 3044 1658 3114 προαιὼνιον
1691 3047 1927 3118 Χριστὸν

358 3128 588 3236 Ἰησοῦν,
629 3131 730 3182 οὐκ
774 3130 839 3184 ἂν
882 3130 1111 3201 ἁμάρτοι
1140 3132 1426 3202 τάληθοῦς,
1476 3135 1636 3208 εἰπερ
1666 3138 1814 3191 ἐστὶν
1846 3134 1926 3203 εἷς
1952 3178 1997 3236 C

342 3218 474 3280 Υῐὴς
509 3220 605 3279 καὶ
632 3219 857 3289 Κύριος,
886 3221 914 3273 6
956 3220 1282 3291 προαιώνιος
1308 3224 1499 3292 Λόγος,
1533 3227 1633 3298 τήν
1672 3230 1731 3280 ἐν
1763 3230 1926 3300 ἐσχά-

342 3329 456 3375 τοις
500 3310 594 3364 τοῦ
628 3311 823 3374 αἰῶνος
871 3314 1083 3383 καιροῖς
1131 3314 1273 3366 κατὰ
1328 3314 1506 3383 σάρκα
1552 3317 1617 3369 ἐκ
1665 3319 1925 3385 γυναικὸς

346 3402 648 3471 ϐπομείνας
674 3402 947 3473 γέννησιν.
983 3403 1108 3455 Ὅτι
1146 3402 1203 3455 δὲ
1226 3403 1325 3456 οὐκ
1358 3404 1647 3472 ἠλλοίωται
1685 3410 1925 3475 γεγονὼς

346 3492 628 3563 ἄνθρωπος
656 3493 779 3546 καθ’
805 3495 954 3563 ἡμᾶς
987 3495 1014 3545 6
1050 3493 1243 3560 Λόγος,
1290 3495 1667 3565 διαμεμήνυκε
1696 3497 1869 3568 λέγων
1896 3502 1925 3553 ὀ

346 3584 813 3654 Πνευματοφόρος
851 3604 869 3635 ‹
904 3582 1109 3653 Ἰησοῦς
1138 3584 1372 3654 Χριστὸς
1405 3585 1533 3655 χθές
1560 3586 1652 3639 καί
1684 3589 1926 3659 σήμερον

345 3677 375 3728 6
404 3676 585 3739 αὐτὸς,
614 3675 711 3728 καὶ
735 3676 815 3738 εἰς
840 3676 967 3738 τοὺς
1002 3675 1225 3738 αἰῶνας.
1256 3694 1276 3726 ι
1316 3676 1425 3729 Καὶ
1456 3678 1788 3748 σημαντικὸν
1826 3679 1925 3748 μέν

346 3765 443 3821 τοῦ
480 3767 873 3838 παρῳχηκότος
910 3766 1102 3836 χρόνου
1149 3768 1404 3832 ποιεῖται,
1442 3769 1501 3820 16
1526 3768 1691 3837 χθές,
1727 3769 1821 3822 τοῦ
1862 3787 1926 3839 γε

353 3858 461 3930 μὴν
502 3859 811 3924 ἐνεστῶτος,
855 3859 917 3911 τὸ
954 3856 1240 3928 σήμερον,
1266 3859 1361 3912 τοῦ
1407 3861 1464 3913 δὲ
1509 3861 1802 3926 ἐνεστῶτος
1834 3864 1927 3917 καὶ

353 3947 657 4019 μέλλοντος,
684 3950 764 4012 16,
799 3949 878 4011 εἰς
899 3950 1026 4012 τοὺς
1047 3949 1271 4013 αἰῶνας.
1300 3951 1362 4002 Εἰ
1392 3951 1449 4004 δὲ
1472 3952 1673 4005 οἴονταί
1697 3971 1747 4006 τι
1767 3955 1927 4023 σοφὸν

349 4041 741 4112 ἐννενοηκέναι,
769 4040 829 4094 16
857 4040 1000 4110 χθές
1042 4042 1135 4094 καὶ
1172 4043 1444 4112 σήμερον
1477 4045 1597 4099 ἀντὶ
1631 4046 1724 4098 τοῦ
1760 4063 1929 4117 προσ-

350 4135 522 4205 φάτου
549 4132 849 4203 δεχόμενοι,
889 4130 1277 4201 διατεινόμενοί
1316 4151 1376 4186 τε
1426 4135 1518 4188 καὶ
1558 4134 1826 4204 λέγοντες,
1865 4137 1927 4190 '0

347 4225 474 4297 χθὲς
508 4224 600 4277 καὶ
639 4226 895 4295 σήμερον,
931 4222 1047 4286 πῶς
1092 4222 1157 4276 ἂν
1180 4226 1264 4294 εἴη
1305 4226 1398 4279 καὶ
1426 4229 1507 4291 εἰς
1542 4230 1669 4292 τοὺς
1696 4229 1924 4297 αἰῶνας;

351 4318 765 4386 μεταστήσομεν
786 4314 880 4368 καὶ
904 4315 1062 4384 ἡμεῖς
1089 4314 1187 4386 τὴν
1208 4317 1304 4387 τῆς
1329 4318 1650 4390 ἐρωτήσεως
1677 4320 1925 4392 δύναμιν,

350 4409 433 4471 εἰς
480 4408 541 4460 16
598 4406 722 4477 ἕχον
763 4407 1043 4469 ἐναντίως.
1089 4408 1146 4460 ’0
1184 4408 1293 4479 γὰρ
1331 4411 1411 4473 εἰς
1450 4411 1577 4475 τοὺς
1616 4412 1817 4477 αἰῶνας
1854 4411 1928 4466 ὢν

2024 1951 2219 2006 saecula
2256 1953 2553 2005 exstitisse.

2096 2046 2156 2099 li.
2199 2045 2269 2099 At
2323 2062 2430 2115 quo
2477 2054 2632 2113 pacto
2676 2044 3107 2114 sapientissimus
3136 2043 3334 2099 Paulus
3386 2044 3596 2113 inquit:

2036 2156 2054 2188 ι
2089 2136 2248 2191 Jesns
2300 2137 2547 2190 Christus
2591 2135 2706 2189 heri
2761 2144 2816 2188 et
2868 2134 3028 2187 hodie
3073 2152 3088 2188 :
3138 2135 3253 2204 ipse
3293 2144 3346 2189 et
3395 2136 3445 2189 in
3499 2151 3602 2189 sa:-

2028 2231 2147 2285 Cuia
2176 2230 2220 2260 ³⁸
2246 2230 2268 2283 ?
2298 2249 2315 2280 ›
2365 2230 2420 2282 Si
2470 2243 2596 2299 ergo
2629 2228 2791 2282 etiam
2843 2228 2983 2281 alius
3018 2236 3099 2280 est
3125 2225 3302 2294 (Jesus
3328 2228 3491 2290 enim,
3521 2227 3603 2280 in-

2028 2325 2164 2391 quit,
2198 2334 2289 2376 est
2320 2323 2434 2375 heri
2466 2328 2520 2375 et
2549 2319 2751 2391 hodie),
2778 2320 2919 2373 idem
2968 2319 3069 2372 erit
3105 2319 3267 2373 etiam
3299 2319 3349 2373 in
3382 2318 3598 2381 saecula,

2028 2426 2221 2465 recens
2272 2411 2552 2475 nimirum,
2600 2418 2653 2464 et
2711 2409 2873 2463 hodie
2922 2416 3086 2476 atque
3125 2407 3279 2461 heri:
3313 2407 3438 2463 licet
3468 2408 3600 2462 Ver-

2027 2502 2153 2556 bum
2187 2518 2307 2557 eum
2340 2501 2501 2556 Patre
2531 2501 2849 2557 coexsistat.

2103 2764 2169 2820 A.
2216 2763 2503 2832 Perperam
2546 2773 2695 2818 certe
2737 2761 2960 2827 faciunt,
3002 2763 3310 2818 derivantes
3339 2759 3507 2831 747
3539 2772 3603 2813 ac

2030 2860 2432 2926 distorquentes
2457 2855 2741 2910 veritatem
2787 2855 2853 2909 ad
2902 2869 3051 2909 suam
3091 2853 3393 2922 imperitam
3425 2851 3604 2905 libidi-

2029 2965 2186 3012 nem,
2239 2960 2294 3003 et
2336 2962 2613 3001 sacrarum
2666 2946 2991 3001 Litterarum
3050 2959 3231 3001 veram
3282 2942 3602 3000 sententiam

2029 3050 2463 3109 eorrumpentes.
2502 3037 2557 3092 Si
2606 3054 2734 3092 vero
2780 3039 2903 3106 quis
2941 3037 3289 3091 allirmaverit
3328 3034 3602 3090 Christum

2031 3129 2211 3186 Jesum
2261 3140 2386 3184 ante
2434 3129 2632 3183 saecula
2687 3129 2984 3192 exstitisse,
3034 3144 3060 3179 a
3100 3142 3228 3181 vero
3266 3138 3603 3193 nequaquam

2032 3223 2385 3278 aberraverit.
2417 3222 2697 3292 Siquidem
2747 3230 2831 3275 est
2875 3234 3014 3273 unus
3043 3217 3211 3272 Filius
3242 3229 3295 3274 et
3321 3216 3603 3279 Dominus,

2031 3315 2267 3372 Verbum
2319 3325 2443 3371 ante
2487 3314 2706 3379 saecula,
2759 3312 2901 3383 quod
2956 3312 3010 3365 in
3064 3310 3372 3365 novissimis
3421 3307 3602 3363 saeculi

2033 3408 2364 3477 temporibus
2397 3407 2729 3461 nativitatem
2780 3403 3077 3458 secundum
3130 3417 3346 3456 carnem
3393 3416 3458 3454 ex
3495 3415 3609 3453 mu-

2032 3498 2164 3553 liere
2192 3500 2377 3553 subiit.
2408 3498 2560 3565 Quod
2608 3505 2787 3553 autem
2826 3496 3063 3552 Verbum
3105 3493 3263 3549 homo
3312 3494 3479 3546 nostri
3516 3490 3606 3545 si-

2032 3589 2175 3642 milis
2203 3589 2400 3641 factum
2429 3590 2769 3642 immutatum
2803 3602 2907 3639 non
2932 3590 3019 3647 sit,
3050 3586 3382 3651 significavit
3409 3566 3607 3638 Paulus

2037 3677 2239 3746 Spiritu
2289 3675 2497 3730 afﬂatus
2544 3678 2773 3729 dicens:
2808 3694 2825 3724 ι
2857 3675 3016 3728 Jcsus
3059 3674 3310 3728 Christus
3361 3674 3514 3726 hodie
3554 3684 3606 3727 et

2035 3769 2173 3833 heri,
2209 3768 2325 3835 ipse
2366 3767 2504 3820 etin
2542 3766 2775 3829 sazcnla;
2811 3783 2828 3813 ι
2868 3780 2931 3819 ac
2961 3781 3053 3833 per
3095 3765 3227 3827 heri,
3273 3763 3603 3833 praeteritum

2036 3871 2243 3929 tempus
2290 3858 2523 3922 iudicat;
2578 3873 2673 3925 per
2713 3856 2903 3919 hodie,
2956 3871 3234 3927 praesens;
3284 3871 3380 3925 per
3413 3857 3604 3907 swcuta

2035 3970 2182 4018 vero,
2218 3965 2454 4021 praesens
2484 3957 2539 4005 et
2573 3949 2830 4002 futurum.
2873 3948 3003 4001 Αιεί
3046 3955 3235 4016 putant
3266 3961 3325 3999 se
3353 3960 3602 4011 magnum

2034 4048 2234 4118 aliquid
2266 4045 2627 4114 excogitasse,
2670 4043 2810 4109 quod
2857 4056 2953 4105 per
2982 4040 3093 4094 heri
3125 4048 3179 4093 et
3212 4038 3385 4101 hodie,
3420 4051 3599 4090 recen-

2037 4151 2143 4196 tem
2176 4137 2500 4206 intelligant,
2525 4134 2595 4188 ita
2620 4134 3006 4188 contendentes
3038 4150 3052 4187 :
3084 4132 3185 4198 Qui
3223 4130 3339 4185 heri
3364 4140 3417 4183 et
3446 4129 3605 4182 hodie

2035 4244 2136 4298 est,
2171 4229 2443 4303 quomodo
2475 4228 2547 4283 sit
2573 4227 2735 4280 etiam
2780 4225 2830 4278 in
2862 4224 3095 4277 saecula?
3138 4221 3526 4275 transferemus
3553 4227 3606 4273 et

2036 4341 2136 4381 nos
2186 4320 2629 4391 interrogationis
2682 4316 2790 4369 vim
2843 4317 2895 4370 in
2944 4313 3277 4368 contrarium
3315 4331 3328 4366 :
3370 4312 3603 4365 Verbum

2036 4417 2177 4472 enim
2209 4415 2476 4469 exsistens
2524 4411 2574 4464 in
2622 4407 2841 4469 sarcula,
2878 4422 2984 4476 quo
3021 4415 3174 4475 pacto
3207 4405 3427 4473 recipiat
3464 4403 3513 4456 in
3549 4416 3606 4455 se

352 4497 549 4565 Λόγος,
585 4499 702 4559 πῶς
732 4496 799 4583 av
819 4497 971 4550 λάϐοι
996 4498 1058 4550 16
1086 4498 1213 4568 χθὲς
1233 4501 1325 4552 καὶ
1348 4501 1588 4573 σήμερον
1615 4504 1703 4572 ἐφ’
1731 4506 1925 4575 ἐαυτῷ,

2036 4510 2147 4563 heri
2172 4517 2226 4561 et
2267 4504 2467 4559 hodie?
2508 4501 2781 4571 Siquidem
2822 4510 2906 4553 εει
2938 4513 3076 4552 unus
3100 4496 3369 4559 Christus,
3402 4505 3458 4550 et
3497 4508 3604 4548 non

354 4586 512 4657 εἴπερ
536 4588 682 4639 ἐστιν
714 4582 794 4650 εἷς
840 4590 869 4640 6
914 4591 1169 4660 Χριστὸς,
1202 4591 1299 4644 καὶ
1331 4594 1391 4644 οὐ
1426 4594 1756 4662 μεμέρισται
1786 4596 1924 4649 κατὰ

354 4678 454 4749 τὴν
484 4677 580 4731 τοῦ
615 4677 901 4733 Θεσπεσίου
942 4682 1156 4736 Παύλου
1204 4685 1404 4753 φωνήν.
1450 4684 1573 4735 Ὅτι
1637 4685 1745 4755 γὰρ
1785 4686 1928 4740 οὕτω

354 4769 495 4841 πρὸς
526 4769 685 4839 ἡμῶν
720 4769 890 4823 ἐθέλει
922 4774 1303 4843 γνωρίζεσθαι,
1342 4774 1636 4826 κάντεῦθεν
1670 4776 1790 4847 εἴσῃ
1823 4795 1923 4829 τοι.

354 4862 552 4915 Καίτοι
590 4861 701 4933 γὰρ
732 4862 1008 4934 ὁρώμενος
1036 4866 1091 4916 ἐν
1125 4864 1309 4932 σαρκὶ,
1339 4864 1432 4915 καὶ
1458 4866 1567 4927 τοῖς
1592 4866 1690 4934 τῆς
1719 4868 1928 4938 ἀνθρω-

354 4955 586 5026 πότητος
610 4957 830 5029 μέτροις
853 4955 1199 5028 ἐμϐεϐηκὼς,
1221 4956 1320 5026 τὴν
1347 4956 1673 5026 προαιὼνιον
1697 4958 1804 5011 ὖπα
1816 4960 1927 5029 ρξιν

352 5046 531 5119 ἑαυτῷ
591 5047 1131 5120 προσμεμαρτύρηκε
1186 5045 1360 5113 λέγων
1392 5063 1404 5076 ·
1482 5063 1501 5096 ι
1544 5048 1734 5118 Ἀμὴν,
1780 5051 1927 5120 ἀμὴν

351 5137 496 5205 λέγω
526 5140 675 5208 ὑμῖν,
703 5140 837 5209 πρὶν
879 5138 1128 5209 Ἀϐραὰμ
1155 5138 1427 5205 γενέσθαι,
1468 5138 1578 5206 ἐγώ
1600 5142 1732 5210 εἰμι.
1763 5160 1780 5191 ι
1818 5143 1927 5195 Καὶ

354 5230 536 5283 πάλιν·
570 5249 587 5279 ι
617 5232 680 5283 Εἰ
710 5232 779 5283 τὰ
802 5230 1022 5298 ἐπίγεια
1043 5226 1194 5282 εἶπον
1226 5230 1376 5300 ὑμῖν,
1404 5232 1497 5283 καὶ
1526 5231 1586 5282 οὐ
1617 5233 1924 5301 πιστεύετε,

352 5317 493 5385 πῶς,
526 5320 621 5373 ἐὰν
688 5322 827 5373 εἴπω
870 5321 998 5390 ὑμῖν
1042 5320 1107 5374 τὰ
1160 5320 1479 5389 ἐπουράνια,
1523 5321 1876 5386 «Lautior-:13;
1905 5344 1921 5373 ι

2033 4612 2113 4655 εει
2147 4598 2372 4662 divisus,
2417 4594 2569 4664 juxta
2605 4592 2769 4646 divini
2818 4590 2960 4643 illius
3004 4588 3153 4642 Pauli
3201 4604 3406 4651 vocem.
3444 4582 3605 4652 Quod

2032 4692 2175 4746 enim
2220 4689 2292 4743 ita
2336 4704 2365 4739 a
2410 4685 2564 4740 nobis
2609 4682 2865 4752 cognosci
2916 4680 3168 4741 voluerit,
3209 4681 3332 4733 inde
3378 4677 3603 4747 intelligi

2033 4791 2226 4851 potest.
2257 4777 2514 4844 Quamvis
2559 4775 2704 4829 enim
2736 4775 2788 4827 in
2831 4788 2996 4826 carne
3037 4772 3366 4841 apparuerit,
3406 4778 3462 4824 et
3503 4770 3604 4822 hu-

2035 4887 2204 4924 mana:
2237 4878 2443 4922 naturae
2471 4866 2832 4921 conditionem
2878 4864 3127 4926 subierit,
3171 4879 3228 4918 se
3270 4874 3446 4916 tzmien
3484 4870 3602 4914 ante

2034 4959 2228 5013 saecula
2287 4956 2561 5011 exstitisse
2608 4964 2853 5017 testatur,
2903 4955 3129 5008 dicens:
3162 4971 3181 5004 ι
3210 4951 3399 5016 Amen,
3448 4964 3603 5004 amen

2035 5051 2155 5104 dico
2183 5048 2357 5114 vobis,
2389 5059 2674 5116 antequam
2703 5047 2977 5099 Abraham
3022 5046 3176 5097 ﬁeret
3208 5058 3306 5113 ego
3336 5059 3453 5097 sum
3476 5041 3544 5097 ³⁷.
3578 5061 3599 5096 ι

2037 5143 2101 5195 Et
2146 5155 2361 5194 rursum
2395 5160 2406 5194 :
2441 5157 2458 5189 ι
2488 5136 2544 5191 Si
2589 5148 2801 5191 terrena
2843 5137 2952 5189 dixi
3000 5136 3169 5201 vobis,
3217 5146 3270 5189 et
3304 5151 3405 5189 non
3433 5136 3601 5190 credi-

2028 5236 2121 5298 tic,
2152 5234 2441 5301 quomodo,
2469 5231 2514 5284 si
2542 5231 2788 5285 cmlestia
2822 5229 3010 5283 dixero
3034 5230 3203 5295 vobis,
3227 5229 3461 5284 credetis
3477 5227 3559 5282 ”?
3578 5249 3596 5281 ι

2033 5327 2135 5379 Et:
2177 5342 2195 5374 ι
2225 5322 2392 5376 Nemo
2436 5322 2676 5377 ascendit
2726 5323 2778 5374 in
2833 5321 3031 5373 C(Bltlltt
3078 5321 3180 5375 nisi
3234 5321 3323 5390 qui
3357 5336 3422 5373 ex
3466 5320 3600 5375 coelo

354 5408 483 5460 Καί·
523 5427 541 5461 ι
574 5410 763 5473 Οὐδεὶς
785 5410 1126 5481 ἀναϐέϐηκεν
1149 5412 1228 5472 εἰς
1252 5410 1343 5463 τὸν
1367 5411 1615 5480 οὐρανὸν,
1635 5413 1681 5463 εἰ
1715 5411 1788 5482 μὴ
1816 5416 1843 5465 6
1867 5415 1926 5465 ἐκ

2031 5413 2326 5479 descendit,
2373 5412 2540 5466 Filius
2584 5411 2815 5465 hominis
2844 5411 2908 5464 ”.
2942 5430 2961 5463 ι
3011 5410 3141 5465 Nam
3182 5420 3237 5465 ut
3290 5426 3501 5480 semper
3547 5419 3599 5461 et

352 5499 448 5551 τοῦ
489 5500 722 5571 οὐρανοῦ
754 5501 1019 5564 καταϐὰς,
1062 5504 1091 5553 6
1139 5501 1264 5564 Υἱὸς
1309 5500 1405 5554 τοῦ
1435 5500 1744 5571 ἀνθρώπου.
1768 5523 1785 5552 ι
1844 5505 1930 5566 Ὠς

353 5589 464 5661 γὰρ
502 5591 766 5662 ὑπάρχων
785 5593 874 5645 ἀεὶ
903 5594 994 5646 καὶ
1020 5591 1344 5663 προαιώνιος
1379 5594 1572 5662 Λόγος,
1605 5592 1930 5665 καθιγμένος

428 5772 471 5801 ³⁸
504 5770 659 5826 Joan.
690 5790 740 5833 κ,
773 5772 860 5827 55.
938 5773 980 5803 ³⁸
1010 5772 1171 5828 licbr.
1200 5787 1318 5838 xm,
1352 5773 1402 5826 8.

2033 5519 2158 5559 ante
2197 5504 2393 5558 saecula
2437 5502 2702 5557 exsistens
2749 5501 2979 5557 Verbum
3037 5503 3308 5557 descendit
3340 5500 3596 5557 e'caalis:

2031 5596 2224 5652 deinde
2257 5594 2397 5649 idem
2425 5593 2673 5664 apparuit
2699 5593 2859 5649 homo
2889 5592 3060 5649 nostri
3093 5593 3303 5659 similis,
3343 5600 3599 5657 tantulam

1481 5774 1523 5805 δ⁷
1554 5770 1708 5827 Joan.
1736 5789 1853 5839 vm,
2057 5774 2099 5807 ³⁸
2127 5771 2280 5831 Joau.
2314 5792 2394 5843 ιιι,
2432 5775 2513 5830 l2.
2588 5773 2632 5806 ³9
2663 5772 2791 5829 ibid.
2826 5771 2916 5825 i3.
