4038 6200
438 290 571 350 ιδιι

1459 281 1516 336 8.
1554 275 1833 335 ογειιιιι
1873 268 2343 329 ΑιεΧΑΝωυΝι
2383 266 2708 327 ARCHIEP.

3553 258 3698 319 1511

443 424 581 468 unus
616 406 867 463 Christus
906 415 961 460 et
1012 401 1293 466 Dominus,
1336 407 1392 454 et
1439 396 1657 469 quando
1704 394 1880 453 factus
1929 402 2044 452 est.

2146 391 2174 457 ξ
2205 390 2473 463 οὐρανῶν,
2506 384 2627 442 εἶτα
2659 382 2918 456 πεφηνὼς
2957 384 2987 436 6
3023 380 3185 444 αὐτὸς
3245 379 3370 434 καθ’
3417 378 3587 448 ἡμᾶς.
3618 378 3699 444 ὡς

441 516 593 569 caro,
628 496 933 568 hujusmodi
968 494 1180 550 locutus
1205 499 1310 547 est.

512 674 576 729 Β.
630 673 803 727 Aliam
860 684 1074 741 quoque
1144 668 1408 722 rationem
1467 666 1872 734 excogitarutit.
1937 665 2014 716 lta

443 767 611 827 enim,
629 766 799 828 aiunt,
816 764 1119 815 censendus
1134 771 1215 814 est
1242 760 1287 812 is
1306 760 1393 829 qui
1422 769 1501 812 est
1522 774 1583 811 ex
1604 758 1809 813 semine
1831 754 2017 818 David,

444 871 565 916 esse
597 855 764 910 Filius
792 854 907 916 Dei,
942 853 1082 905 sicut
1110 862 1163 904 et
1195 850 1369 919 ipsum
1420 848 1647 901 Verbum
1678 863 1742 900 ex
1779 848 1884 900 fleo
1920 844 2019 897 Pa~

448 958 529 1005 tre
574 947 772 999 dicitur
824 958 946 998 esse
990 941 1157 997 Filius
1203 941 1390 997 David.
1449 939 1653 995 Natura
1708 938 1872 1002 enim,
1915 950 2019 990 non

445 1036 600 1095 alius.

519 1129 588 1183 A.
627 1126 780 1180 Verte
816 1126 997 1195 itaque
1022 1123 1200 1179 laudis
1222 1122 1364 1177 ratio
1397 1120 1687 1190 recipiatur
1715 1128 1772 1173 nt
1799 1118 1871 1171 ita
1902 1131 2023 1171 cre-

448 1219 606 1276 datur
644 1218 878 1272 Verbum
908 1233 1037 1271 caro
1078 1216 1303 1279 factum,
1343 1215 1441 1268 hoc
1482 1222 1563 1267 est
1618 1213 1778 1265 homo
1812 1228 1825 1264 :
1861 1220 2025 1278 atque

449 1308 652 1364 idcirco
684 1308 851 1363 Filius
888 1306 1055 1361 David
1103 1321 1207 1361 non
1253 1306 1493 1369 lictitins,
1530 1303 1624 1357 sed
1674 1312 1928 1369 tanquam
1957 1314 2022 1353 ex

450 1403 567 1470 ipso
613 1399 925 1471 apparuerit
975 1399 1271 1452 secundum
1302 1408 1545 1454 carnem,
1575 1400 1629 1445 et
1675 1389 1933 1444 manserit
1973 1389 2025 1443 id

448 1491 591 1560 quod
629 1500 767 1552 erat,
798 1488 1051 1544 nimirum
1091 1487 1232 1540 Deus
1274 1499 1305 1538 ει
1350 1483 1480 1536 Deo.
1518 1481 1726 1535 Idcirco
1757 1488 1817 1533 et
1852 1481 2024 1532 sancti

453 1582 800 1653 evangelista
849 1581 1083 1635 scientes
1128 1578 1300 1645 ipsum
1336 1574 1505 1628 Deum
1558 1572 1719 1625 simul
1760 1582 1814 1625 et
1848 1573 2025 1627 homi-

453 1690 579 1729 nem
629 1688 789 1736 esse,
840 1672 913 1725 ita
961 1668 1027 1722 ad
1079 1682 1177 1721 nos
1221 1667 1288 1720 de
1332 1667 1448 1733 ipso
1484 1662 1831 1735 7481οςιηί
1879 1672 2026 1719 sunt.

2116 477 2198 545 εἷς
2239 480 2475 550 Χριστὸς
2517 480 2615 533 καὶ⁵
2653 475 2887 548 Κύριος,
2930 473 3029 527 καὶ
3069 472 3159 525 ὅτε
3197 468 3391 538 γέγονε
3430 463 3591 537 σὰρξ,
3624 464 3697 520 τὰ

2116 574 2293 630 τοιάδε
2321 570 2506 643 φησίν.
3544 599 3563 605 -

2188 664 2251 718 Β.
2296 660 2617 733 Ἐξεύρηταί
2641 676 2726 723 τις
2761 659 2945 721 αὐτοῖς
2981 655 3075 709 καὶ
3110 654 3297 724 ἕτερος
3324 650 3503 719 λόγος.
3537 649 3693 703 Ἐστι

2118 757 2177 811 δὲ
2231 750 2408 819 οὗτος,
2472 751 2618 805 οὕτω
2659 751 2770 822 γὰρ
2805 748 3000 820 χρῆναί
3055 763 3218 815 φασιν
3274 744 3403 797 Υἱὸν
3455 740 3694 795 νοεῖσθαι

2120 848 2256 903 Θεοῦ
2296 847 2386 899 τόν
2423 846 2489 897 ἐκ
2528 843 2843 913 σπέρματος
2870 839 2965 893 τοῦ
2994 837 3176 898 Δαῦὶδ,
3217 835 3294 898 ῶς
3318 834 3383 886 ἂν
3411 832 3506 886 καὶ
3534 832 3697 894 αὐτὸς

2120 944 2150 995 6
2173 943 2239 994 ὲκ
2276 938 2410 993 Θεοῦ
2453 937 2663 1003 Πατρὺς
2686 935 2855 1001 Λόγος
2888 932 3018 995 Υἱὸς
3056 926 3193 985 εἶναι
3220 927 3431 996 λέγοιτο
3461 923 3558 977 τοῦ
3592 926 3696 978 Aa.

2123 1034 2227 1087 6E6.
2255 1031 2416 1085 Φύσει
2446 1030 2578 1099 γὰρ,
2612 1028 2723 1080 οὐδ’
2751 1027 2957 1097 ἕτερος.

2193 1122 2259 1175 Α.
2299 1118 2530 1183 Οὐκοῦν,
2564 1120 2593 1171 6
2631 1117 2731 1187 τῆς
2771 1113 3006 1185 ἀληθοῦς
3037 1111 3301 1172 αἰνέσεως
3342 1107 3531 1161 εἰσίτω
3570 1103 3697 1173 196-

2126 1229 2247 1276 πος,
2284 1211 2353 1263 ἵν’
2403 1209 2544 1261 οὕτω
2596 1204 2921 1275 πιστεύηται
2968 1200 3105 1272 σὰρξ
3147 1197 3384 1269 γεγονὼς
3426 1198 3455 1249 6
3505 1194 3699 1261 Λόγος,

2126 1302 2402 1357 τουτέστιν
2455 1297 2761 1369 ἄνθρωπος,
2788 1296 2887 1350 καὶ
2916 1293 3004 1348 διὰ
3036 1291 3217 1351 τοῦτο.
3247 1288 3373 1351 Υἱὸς
3409 1285 3507 1340 τοῦ
3537 1282 3700 1336 At:sz

2126 1397 2186 1448 οὐ
2213 1391 2679 1462 κατεψευσμένος.
2726 1387 2864 1441 Ἀλλ’
2894 1385 2968 1449 ὡς
2993 1383 3052 1449 ἐξ
3077 1380 3242 1436 αὐτοῦ
3271 1375 3529 1448 πεφηνὼς
3559 1374 3706 1428 κατὰ

2131 1486 2333 1556 σάρκα,
2366 1482 2461 1536 καὶ
2491 1478 2816 1551 μεμενηκὼς
2849 1479 2989 1546 ὅπερ
3031 1471 3121 1546 ἦν,
3155 1472 3311 1543 δῆλον
3341 1470 3399 1522 δὲ
3443 1470 3529 1521 ὅτι
3568 1466 3703 1529 Θεὸς

2131 1579 2196 1631 ὲκ
2228 1574 2386 1628 Θεοῦ.
2440 1574 2553 1628 Καὶ
2591 1571 2719 1640 γοῦν
2750 1571 2801 1623 οί
2838 1567 2948 1621 τῶν
2977 1564 3212 1636 γενικῶν
3260 1561 3385 1634 [γρ.
3420 1558 3705 1627 εὐαγγελι-

2133 1666 2278 1739 κῶν]
2308 1664 2678 1737 κηρυγμάτων
2708 1660 3000 1739 ἱερουργοὶ,
3041 1657 3132 1711 τὸν
3160 1655 3323 1709 αὑτὸν
3348 1650 3704 1719 γινώσκοντες

458 1765 736 1832 Scriptum
775 1762 921 1817 enim
955 1768 1042 1813 est
1072 1760 1137 1814 de
1179 1726 1642 1823 beato-BapIisiav,
1670 1757 1811 1824 quod
1845 1775 1863 1808 ι
1906 1755 2032 1811 Pos-

2146 1726 2537 1826 Βεόνδτεηόμοῦ
2578 1755 2668 1809 καὶ
2700 1726 3005 1823 ἄνθρωπον,
3039 1749 3166 1810 τοὺς
3209 1744 3337 1816 περὶ
3373 1740 3539 1796 αὑτοῦ
3568 1740 3708 1809 πρὸς

459 1852 627 1907 tridie
653 1851 797 1904 videt
823 1848 1011 1904 Jesum
1040 1848 1346 1901 venientem
1378 1847 1442 1898 ad
1466 1859 1544 1911 se,
1572 1854 1628 1898 et
1654 1846 1782 1900 dicit
1831 1865 1844 1899 :
1896 1847 2035 1902 Ecce

456 1942 643 2011 Agnus
678 1941 797 2003 Dei,
840 1940 931 2010 qui
966 1938 1101 1994 tollit
1147 1947 1429 2007 peccatum
1480 1937 1686 1991 mundi.
1723 1936 1824 1991 llic
1857 1947 1941 1991 est
1968 1938 2034 1991 de

457 2048 567 2104 quo
613 2032 769 2087 dixi:
800 2030 928 2085 Post
970 2046 1055 2084 me
1101 2030 1249 2082 venit
1297 2029 1400 2094 vir,
1441 2028 1530 2097 qui
1576 2038 1701 2082 ante
1747 2042 1831 2083 me
1862 2029 2033 2083 factus

459 2134 566 2189 est,
611 2123 738 2194 quia
782 2123 930 2191 prior
978 2136 1064 2175 me
1115 2130 1254 2183 erat,
1304 2128 1359 2174 et
1407 2134 1505 2188 ego
1538 2119 1841 2173 nesciebam
1884 2133 2031 2184 eunt,

460 2219 557 2274 sed
591 2226 652 2285 ut
698 2213 1079 2270 manifestetur
1127 2212 1181 2266 in
1228 2210 1416 2275 Israel,
1447 2222 1728 2281 propterea
1771 2210 1895 2283 veni
1935 2225 2035 2280 ego

461 2307 519 2375 in
566 2322 709 2378 aqua
759 2306 1045 2374 baptizans
1066 2303 1134 2359 “.
1174 2322 1193 2356 ι
1225 2301 1486 2372 lntelligis
1543 2305 1726 2372 itaque
1766 2303 2035 2372 quomodo

458 2401 637 2454 virum
707 2412 925 2457 vocans,
982 2410 1288 2465 aguumque
1347 2396 1521 2464 ipsum
1574 2393 1872 2465 appellans,
1929 2407 2036 2447 non

462 2488 626 2542 alium
666 2500 789 2540 esse
838 2484 969 2539 dicit
1001 2484 1092 2551 qui
1142 2483 1280 2537 tollit
1312 2497 1533 2552 peccata
1581 2482 1785 2547 mundi,
1832 2493 1886 2535 et
1932 2498 2041 2534 ma-

460 2592 621 2650 gnam
660 2577 801 2630 hanc
840 2584 1005 2644 atque
1050 2574 1371 2629 immensam
1417 2575 1766 2643 divinamqne
1808 2573 2039 2643 dignita-

461 2678 572 2726 tem
597 2671 648 2725 ei
671 2669 881 2723 tribuit.
918 2668 1059 2721 Ante
1091 2681 1219 2721 vero
1258 2682 1323 2720 ac
1354 2666 1585 2735 priorem
1612 2680 1671 2721 se
1714 2665 1914 2720 factum
1942 2665 2038 2732 ait,

462 2760 591 2817 licet
634 2759 901 2832 posterior
961 2756 1161 2823 fuerit,
1212 2758 1422 2813 ratione
1471 2757 1725 2811 nimirum
1783 2756 2041 2826 temporis

465 2866 574 2922 quo
620 2851 916 2905 secundum
967 2863 1188 2903 carnem
1238 2857 1398 2902 natus
1443 2857 1546 2902 est.
1604 2846 1864 2914 Quamvis
1894 2847 2040 2901 enint

467 2942 788 2999 Emmanuel
831 2950 1098 3012 quatenus
1146 2942 1304 2995 homo
1351 2948 1475 3009 post
1523 2938 1671 2993 illum
1718 2948 1877 2994 natus
1919 2938 2041 3003 iuit,

2132 1851 2283 1920 ἡμᾶς
2315 1846 2639 1915 πεποίηνται
2673 1842 2885 1911 λόγους.
2930 1838 3244 1907 Γέγραπται
3283 1834 3414 1902 γοῦν
3458 1831 3585 1901 περὶ
3612 1827 3707 1882 τοῦ

2138 1940 2409 2011 μακαρίου
2443 1934 2772 1998 Βαπτιστοῦ,
2811 1934 2892 1985 ὃτι
2928 1949 2945 1980 ι
2973 1931 3052 1999 Τῇ
3081 1928 3339 1997 ἐπαύριον
3385 1922 3572 1992 βλέπει
3615 1918 3707 1973 τὸν

2147 2032 2351 2103 Ἰησοῦν
2406 2030 2701 2100 ἐρχόμενον
2761 2023 2897 2094 πρὸς
2946 2019 3127 2084 αὑτὸν,
3164 2017 3260 2070 καὶ
3313 2014 3484 2083 λέγει*
3531 2012 3640 2065 Ἴδε
3681 2012 3713 2063 6

2151 2124 2348 2194 ’Λμνδς
2382 2120 2473 2175 τοῦ
2507 2118 2667 2180 Θεοῦ,
2706 2118 2734 2170 ὁ
2780 2116 2949 2185 αἴρων
3003 2110 3279 2181 ἁμαρτίαν
3322 2106 3418 2161 τοῦ
3476 2105 3711 2173 κόσμου,

2136 2212 2287 2279 οῦτός
2330 2219 2448 2267 ἐστι
2491 2212 2620 2281 περὶ
2662 2202 2723 2262 οῦ
2774 2205 2884 2274 ἐγὼ
2918 2200 3090 2257 εἷπον·
3127 2201 3330 2254 Ὀπίσω
3363 2216 3464 2268 μου
3496 2197 3714 2267 ἔρχεται

2137 2310 2299 2379 ἀνὴρ,
2350 2307 2408 2369 ὃς
2453 2301 2764 2376 ἔμπροσθέν
2803 2316 2904 2370 μου
2947 2297 3193 2364 γέγονεν,
3231 2295 3316 2347 ὅτι
3356 2289 3569 2359 πρῶτός
3612 2285 3713 2357 μού

2139 2405 2277 2463 ἔστι,
2306 2397 2462 2467 κάγὼ
2491 2398 2592 2450 οὐκ
2635 2391 2774 2447 εἶδον
2821 2390 3006 2454 αὑτὸν,
3042 2387 3157 2441 ἀλλ’
3210 2387 3293 2438 ἵνα
3319 2381 3605 2452 φανερωθῇ
3639 2378 3720 2449 τῷ

2153 2490 2391 2561 Ἰσραὴλ,
2424 2488 2514 2542 διὰ
2546 2484 2701 2539 τοῦτο
2748 2479 2911 2555 ἦλθον
2944 2479 3054 2548 ἐγὼ
3086 2479 3144 2530 ὲν
3179 2476 3328 2529 ὕδατι
3360 2470 3666 2542 βαπτίζων.
3691 2486 3711 2518 ι

2142 2556 2427 2643 Σύνες-οῦν
2465 2578 2613 2638 ὅπως
2641 2574 2809 2641 ἄνδρα
2844 2571 3041 2641 ⁸λέγων,
3090 2566 3182 2619 καὶ
3228 2563 3393 2632 ἀμνὸν
3430 2556 3720 2628 ὀνομάζων

2141 2669 2327 2733 αὐτὸν,
2356 2668 2456 2737 οὐχ
2486 2666 2674 2736 ἕτερον
2705 2659 2843 2715 εἶναί
2873 2677 3007 2731 φησι
3032 2657 3122 2711 τὸν
3153 2656 3378 2727 αἴροντα
3401 2652 3497 2721 τὴν
3528 2651 3715 2718 ἁμαρ·

2141 2764 2263 2817 τίαν
2303 2760 2396 2814 τοῦ
2448 2759 2677 2829 κόσμου,
2719 2755 2814 2808 καὶ
2859 2753 2920 2805 τὸ
2966 2752 3108 2820 μέγα
3151 2747 3308 2801 τοῦτο
3361 2744 3452 2798 καὶ
3483 2740 3721 2808 ἐξαίσιον

2143 2852 2361 2926 ἀληθῶς
2427 2850 2522 2905 καὶ
2608 2846 2908 2916 θεοπρεπὲς
2983 2841 3199 2911 ἀξίωμα
3280 2834 3719 2908 προσνενέμηκεν

2145 2922 2312 3016 αὐτῷ.
2355 2938 2706 3011 Ἐμπροσθεν
2743 2937 2802 2990 δὲ
2846 2935 2941 2990 καὶ
2983 2934 3197 3006 πρῶτον
3244 2926 3499 2998 γενέσθαι
3557 2922 3720 2993 φησιν

469 3045 586 3092 erat
614 3046 789 3089 tamen
835 3042 961 3087 ante
1000 3033 1180 3087 omnia
1212 3032 1430 3100 satcula,
1476 3044 1536 3087 ut
1585 3032 1746 3087 Dens.
1786 3032 2039 3099 Ejusdem

2146 3034 2332 3098 αὑτοῦ,
2364 3032 2539 3086 καίτοι
2568 3029 2800 3083 κατόπιν
2837 3026 3149 3095 γενόμενον.
3180 3020 3323 3076 κατά
3353 3018 3419 3087 γέ
3457 3032 3601 3085 φημι
3634 3012 3724 3066 τὸν

470 3126 654 3195 itaque
698 3137 779 3179 εει
820 3133 874 3177 et
920 3132 1194 3177 recentem
1242 3138 1365 3179 esse
1412 3123 1619 3177 ratione
1661 3122 1909 3176 humana:
1949 3137 2043 3176 na-

472 3227 631 3279 turae,
667 3227 720 3270 et
746 3225 1033 3277 mternnm,
1066 3215 1276 3268 ratione
1314 3217 1526 3269 divinaz.
1572 3213 1779 3269 Idcirco
1815 3223 1871 3269 et
1913 3202 2063 3281 prae-6

474 3307 844 3361 stautissimus
900 3307 987 3361 ille
1041 3305 1273 3371 Petrus,
1322 3319 1429 3358 non
1486 3304 1686 3357 nudum
1736 3311 1791 3358 et
1845 3304 2046 3371 absque

475 3414 640 3454 carne
684 3398 985 3467 reSpiciens
1043 3397 1301 3459 Verbum,
1352 3395 1444 3449 sed
1495 3394 1636 3464 quod
1688 3394 1740 3447 in
1779 3408 1943 3448 carne
1992 3403 2048 3448 et

475 3490 739 3561 sanguine
778 3502 1140 3560 apparuerat,
1190 3489 1527 3543 manifestam
1588 3495 1643 3543 et.
1687 3486 2046 3540 certissimam

477 3584 603 3640 ﬁdei
640 3585 693 3640 in
739 3584 910 3655 ipsum
956 3582 1346 3652 professionem
1396 3581 1530 3641 edit,
1564 3581 1790 3635 dicens:
1826 3598 1844 3633 ‹
1879 3578 1957 3632 Tn
1990 3594 2049 3634 es

476 3677 734 3732 Christus
767 3676 933 3730 Filius
965 3675 1058 3728 Dei
1092 3675 1217 3728 vivi.
1252 3692 1270 3725 ι
1309 3673 1405 3727 Cui
1438 3671 1688 3727 Christus
1726 3671 1999 3741 respondit
2032 3686 2047 3723 :

484 3770 710 3824 «Beatus
733 3785 811 3831 es,
828 3769 1037 3830 Simon,
1062 3767 1133 3819 fili
1155 3765 1321 3828 .lonm,
1340 3766 1462 3831 quia
1486 3779 1613 3819 caro
1635 3772 1687 3818 et
1703 3766 1921 3831 sanguis
1946 3777 2051 3816 non

480 3863 736 3918 revelavit
766 3861 884 3923 tibi,
918 3860 1010 3914 sed
1045 3858 1204 3913 Pater
1234 3871 1387 3910 mens
1421 3856 1510 3922 qui
1545 3862 1630 3908 est
1666 3855 1716 3907 in
1750 3855 1903 3908 cmlis
1924 3853 1993 3907 “.
2027 3872 2045 3904 ι

480 3950 547 4008 At
586 3953 686 4007 nisi
724 3952 891 4006 altum
943 3962 1129 4004 revera
1176 3957 1259 4000 est
1297 3945 1638 4015 mysterium,
1669 3954 1723 3999 et
1764 3944 1903 3997 Deus
1936 3954 2054 3998 erat

484 4047 541 4102 in
590 4060 755 4099 carne
785 4062 799 4099 :
832 4044 992 4097 homo
1025 4048 1226 4102 autem,
1280 4046 1338 4090 ut
1371 4036 1469 4106 ipsi
1506 4034 1707 4097 volunt.
1742 4034 2052 4088 liliatiouetn

483 4149 583 4205 per
630 4134 856 4203 gratiam
914 4138 1268 4193 consecutus,
1310 4127 1581 4197 quomodo
1627 4124 1854 4194 intliguit
1909 4133 2057 4178 tanto

486 4225 728 4297 mysterii
772 4225 1023 4285 doctore,
1060 4222 1195 4273 adeo
1242 4230 1301 4272 ut
1353 4234 1512 4273 nemo
1546 4218 1853 4269 mortalimn
1888 4215 2051 4269 disci-

484 4320 609 4390 pqu
634 4318 904 4375 revelarit.
939 4316 1030 4371 scd
1064 4330 1091 4368 a
1122 4315 1281 4369 Patre
1311 4314 1426 4383 ipso
1449 4313 1498 4365 id
1523 4312 1749 4364 edoctus
1778 4310 1887 4363 sit?
1916 4309 2056 4376 Quin

485 4386 540 4468 et
568 4408 816 4479 discipuli
849 4422 970 4460 cum
1011 4406 1159 4459 illum
1196 4402 1487 4485 aliquando
1518 4401 1569 4453 in
1615 4401 1748 4452 tnari
1795 4402 2055 4452 obambu-
2088 4386 2131 4440 Ῐ)

484 4502 688 4560 lantem
725 4496 1021 4566 conspicati
1059 4504 1265 4556 essent,
1299 4490 1512 4545 attoniti
1559 4489 1819 4543 miraculo
1847 4488 2055 4559 profes-

488 4594 692 4648 sionem
731 4589 851 4644 fidei
887 4602 999 4642 sua:
1023 4587 1333 4644 ediderunt,
1358 4582 1601 4635 dicentes
1630 4598 1643 4635 :
1680 4597 1698 4630 ι
1727 4577 1865 4633 Vere
1891 4576 2057 4633 Filius

487 4684 581 4740 Dei
611 4700 666 4739 es
688 4685 754 4737 ".
791 4701 811 4735 ι
854 4682 921 4736 At
956 4682 1001 4736 si
1029 4681 1226 4734 notlms
1255 4687 1307 4732 et
1339 4674 1455 4729 falsi
1493 4672 1723 4728 nominis
1745 4681 1847 4736 est,
1873 4681 1927 4726 et
1949 4671 2059 4726 ad-

488 4774 773 4828 ventitium
824 4771 873 4827 ei
925 4779 1010 4824 est
1058 4766 1202 4837 quod
1257 4766 1330 4821 sit
1383 4764 1573 4829 Filius,
1632 4762 1895 4816 mendacii
1945 4762 2063 4818 illos

493 4876 742 4935 arguant,
779 4864 919 4933 quod
945 4870 997 4917 et
1017 4856 1376 4928 jurejurando
1403 4855 1810 4911 confirmarunt.
1838 4854 2065 4921 Adjece-

494 4965 618 5007 runt
645 4955 812 5018 enim,
850 4972 868 5005 ι
898 4967 1046 5017 vere,
1076 4968 1096 5000 ι
1121 4955 1495 5003 asseverantes
1530 4945 1703 5014 ipsum
1727 4958 1849 4999 esse
1871 4944 2067 4999 Filium

496 5042 589 5097 Dei
618 5061 679 5097 ac
712 5044 910 5099 Patris.

2143 3131 2243 3199 τῆς
2286 3124 2427 3179 κατὰ
2481 3123 2662 3192 σάρκα
2694 3120 3001 3190 γεννήσεως
3047 3115 3256 3185 χρόνον.
3317 3112 3379 3164 Ei
3425 3109 3533 3179 γὰρ
3574 3110 3727 3159 ἐστιν

2146 3194 2401 3289 ὀψιγενὴς
2432 3214 2569 3268 καθὸ
2597 3212 2882 3280 ἄνθρωπος
2906 3210 2935 3261 6
2977 3201 3345 3276 Ἐμμανουὴ).,
3381 3200 3493 3253 ἀλλ’
3524 3194 3588 3269 ἦν
3620 3195 3726 3266 προ

2148 3310 2349 3371 παντὸς
2406 3305 2597 3368 αἰῶνος
2655 3304 2729 3367 ὡς
2777 3300 2929 3363 Θεός.
2964 3296 3140 3350 Αὑτοῦ
3190 3292 3475 3362 τοιγαροῦν
3525 3290 3621 3343 καὶ
3669 3289 3731 3340 τὺ

2150 3402 2461 3473 πρόσφατον
2495 3393 2871 3467 ἀνθρωπίνως,
2903 3390 2997 3445 καὶ
3036 3388 3096 3442 τὸ
3133 3388 3306 3440 ἀΐδιον
3336 3383 3553 3447 θεῑκῶς,
3592 3378 3732 3433 ταύ-

2148 3511 2219 3567 τῃ
2248 3512 2329 3548 τοι
2356 3493 2450 3547 καὶ
2488 3494 2517 3544 ὁ
2545 3489 2879 3560 πανάριστος
2933 3484 3168 3554 Πέτρος,
3219 3481 3279 3533 οὗ
3330 3477 3557 3547 γυμνξ-ν,
3601 3473 3731 3527 οὐδὲ

2152 3564 2389 3656 ἄσαρκον
2420 3578 2836 3649 καταθεῶμενον
2861 3576 2950 3629 τὸν
2973 3576 3163 3643 Λόγον,
3199 3571 3312 3625 ἀλλ’
3342 3571 3401 3622 ὲν
3432 3569 3595 3637 σαρκὶ
3636 3564 3735 3618 καὶ

2151 3678 2344 3746 αἵματι
2400 3672 2699 3743 πεφηνότα,
2739 3668 2927 3737 σαφῶς
2964 3683 3025 3719 τε
3065 3665 3159 3717 καὶ
3208 3660 3459 3723 ἀπλανῶς
3503 3659 3604 3727 τῆς
3656 3658 3736 3718 είς

2154 3765 2315 3819 αὑτὸν
2360 3761 2595 3823 πίστεως
2639 3758 2741 3829 τὴν
2784 3755 3042 3811 ἀπόδοσιν
3091 3753 3348 3811 ἐποιεῖτο,
3379 3747 3576 3815 λέγων.
3616 3764 3635 3793 ι
3660 3744 3735 3798 Συ

2154 3852 2203 3909 εἷ
2229 3858 2256 3909 6
2282 3853 2536 3925 Χριστὸς,
2570 3853 2599 3905 6
2627 3850 2755 3912 Υἱὸς
2782 3847 2875 3901 τοῦ
2900 3844 3035 3900 Θεοῦ
3069 3843 3163 3897 τοῦ
3190 3842 3405 3907 ζῶντος.
3431 3858 3448 3890 ι
3497 3836 3735 3903 ’Δκὴκοε

2153 3948 2210 4001 δὲ
2241 3946 2378 4018 πρὸς
2404 3943 2580 3997 τοῦτο·
2621 3941 2936 4009 «Μακάριος
2968 3933 3039 4001 εἴ,
3073 3935 3276 4005 Σίμων,
3304 3932 3418 4001 Bap
3453 3929 3632 3991 Ἰωνᾶ,
3657 3928 3738 3980 ὅτι

2158 4036 2296 4109 σὰρξ
2326 4034 2421 4088 καὶ
2466 4027 2603 4103 αἷμα
2645 4032 2745 4084 οὐκ
2788 4026 3104 4097 ἀπεκάλυψέ
3150 4041 3254 4086 σοι,
3299 4022 3413 4075 ἀλλ’
3461 4022 3491 4074 6
3544 4018 3739 4085 Πατήρ

2161 4107 2287 4199 μου,
2344 4130 2373 4181 6
2419 4130 2477 4181 ὲν
2527 4128 2640 4187 τοῖς
2699 4123 2970 4193 οὐρανοῖς.
2998 4138 3017 4171 ι
3092 4116 3230 4171 Ἀλλ’
3269 4117 3318 4168 εί
3381 4113 3457 4184 μὴ
3504 4109 3640 4182 βαθὺ
3678 4107 3739 4159 τὸ

2162 4196 2486 4295 μυστήριον,
2513 4219 2607 4271 καὶ
2639 4214 2769 4278 Θεὸς
2798 4211 2866 4284 ἦν
2907 4213 2963 4264 ὲν
2993 4209 3180 4281 σαρκὶ,
3220 4206 3505 4277 ἄνθρωπος
3527 4202 3582 4255 δὲ
3616 4196 3739 4252 κατ’

2161 4316 2378 4379 αὐτοὺς,
2423 4313 2605 4385 χάριτι
2636 4309 2735 4379 τὴν
2773 4303 3044 4359 υἱοθεσίαν
3086 4302 3247 4371 ἔχων,
3290 4298 3406 4359 πῶς
3437 4295 3505 4350 ἂν
3544 4289 3739 4360 ἐδεήθη

2159 4405 2414 4461 τοσούτου
2446 4398 2829 4474 μυσταγωγοῦ,
2874 4397 2950 4459 ὼς
2986 4394 3189 4464 μηδένα
3224 4391 3321 4462 μὲν
3357 4387 3467 4439 τῶν
3511 4384 3604 4438 ἐπὶ
3642 4381 3739 4450 τῆς

2160 4499 2265 4568 γῆς
2324 4473 2671 4561 ἀποκαλύψαι
2728 4490 2808 4559 τῷ
2864 4487 3105 4558 μαθητῇ.
3156 4481 3447 4550 παιδευτὴν
3493 4477 3552 4530 δὲ
3606 4473 3747 4545 πρδς

2161 4589 2321 4644 τοῦτο
2367 4587 2551 4657 λαχεῖν
2605 4582 2765 4637 αὑτὸν
2818 4581 2907 4634 τὸν
2953 4579 3204 4648 Πατέρα;
3242 4574 3352 4629 Καὶ
3396 4571 3502 4643 μὴν
3555 4569 3653 4622 καὶ
3696 4569 3745 4621 οί

2166 4679 2443 4735 θεσπέσιον.
2472 4674 2737 4747 μαθηταὶ,
2772 4670 3055 4725 διαθέοντα
3088 4666 3217 4720 ποτὲ
3242 4664 3339 4735 τῆς
3374 4662 3649 4730 θαλάττης
3679 4658 3745 4713 τὰ

2162 4772 2307 4826 νῶτα
2336 4770 2641 4840 βλέποντες,
2671 4763 3121 4832 κατατεθήπεσαν
3158 4758 3256 4830 μὲν
3289 4756 3387 4827 τὴν
3423 4753 3745 4823 θεοσημίαν,

2163 4838 2472 4933 ὡμολόγουν
2506 4860 2563 4913 δὲ
2590 4860 2688 4929 τὴν
2732 4856 2941 4917 πίστιν,
2971 4852 3241 4921 λέγοντες
3285 4866 3303 4899 ι
3342 4844 3581 4917 ’Δληθῶς
3609 4838 3747 4896 Θεοῦ

2169 4932 2294 5016 Υἱὸς
2338 4947 2406 5004 εἴ.
2435 4970 2453 5001 ι
2515 4948 2655 5003 ’Δλλ’
2698 4949 2747 5001 εί
2789 4945 2943 5008 νόθος
2978 4943 3095 4996 ἐστὶ
3126 4941 3218 4995 καὶ
3243 4938 3616 5009 ψευδώνυμος,
3658 4932 3751 4985 καὶ

2171 5042 2477 5113 εἰσποιητὸν
2525 5040 2639 5112 ἔχει
2678 5039 2739 5092 τὸ
2769 5034 2908 5091 εἶναι
2938 5036 3088 5100 Υἱὸς,
3125 5032 3529 5103 ἐγκαλείτωσαν
3566 5026 3749 5097 αὐτοῖς

496 5134 593 5204 τὴν
618 5134 999 5207 ψευδηγορίαν,
1034 5130 1321 5189 καὶτοῦτο
1362 5128 1705 5202 ὀμωμοκόσι.
1751 5130 2182 5201 Προστεθείκασι
2248 5133 2357 5207 γὰρ
2401 5133 2482 5200 τὸ,
2513 5131 2752 5204 ἀληθῶς,
2815 5130 2943 5185 Υἰὸν
3016 5127 3179 5181 αὐτὸν
3222 5122 3365 5179 εἷναι
3410 5118 3752 5176 διαϐεϐαιού-

500 5248 653 5315 μενοι
676 5232 770 5285 τοῦ
801 5230 938 5287 Θεοῦ
968 5233 1062 5286 καὶ
1089 5229 1325 5303 Πατρός.

573 5322 631 5377 Β.
676 5320 889 5391 Optime
923 5324 1128 5380 dixisti.

576 5417 643 5477 Α.
678 5412 797 5480 Quo
823 5423 980 5482 pacto
1019 5427 1200 5473 autem
1237 5417 1402 5474 etiam
1437 5415 1684 5489 proprios
1714 5417 1876 5473 habet
1911 5430 2076 5484 ange-

507 5509 591 5582 los
622 5506 791 5568 Filius
824 5506 1080 5574 hominis,
1126 5516 1181 5561 et
1225 5508 1471 5581 splendet
1502 5508 1556 5563 in
1591 5507 1760 5578 gloria
1789 5505 1966 5563 Patris
1995 5505 2077 5562 sui

586 5688 631 5739 ξ’
670 5686 822 5742 Joan.
851 5698 868 5738 ι
896 5721 911 5750 ,
945 5680 1135 5739 39-31.

2250 5321 2312 5375 Β.
2351 5320 2586 5390 Ἀριστα
2620 5317 2777 5389 ἔφης.

2252 5413 2318 5467 Α.
2347 5409 2471 5475 Πῶς
2499 5411 2557 5465 δὲ
2599 5411 2693 5464 καὶ
2734 5407 2897 5471 ἰδίους
2930 5404 3042 5476 εχει
3084 5403 3212 5466 τοὺς
3253 5400 3515 5470 ἀγγέλους
3561 5399 3591 5453 6
3627 5396 3753 5459 Υῑδς

2185 5502 2276 5557 τοῦ
2310 5502 2641 5576 ἀνθρώπου,
2696 5498 2987 5570 διαπρέπει
3032 5495 3088 5563 δὲ
3141 5494 3230 5550 καὶ
3278 5494 3336 5545 ὲν
3375 5494 3440 5561 τῇ
3492 5490 3615 5563 δόξῃ
3660 5484 3754 5542 τοῦ

1212 5680 1253 5712 δι
1283 5678 1469 5735 Matth.
1512 5696 1622 5747 xvi,
1659 5682 1744 5745 lG,
1779 5683 1863 5737 t7.
1944 5685 1989 5717 ι’
2016 5680 2205 5738 Matth.
2237 5693 2346 5747 xiv,
2390 5677 2479 5737 3'5.
