4048 6196
521 229 658 287 1515

1544 227 1602 279 S.
1641 223 1918 279 CYRILLI
1959 223 2429 280 ALEXANDRINI
2468 224 2788 281 ARCIIIEP.

3652 230 3793 285 1516

516 337 752 402 videtur,
768 334 1005 392 Verbum
1024 351 1152 392 caro
1171 335 1367 390 factum
1381 342 1484 399 est,
1500 335 1593 389 sed
1620 333 1798 403 potius
1815 331 2103 403 ἀνθρωπο-

2215 334 2392 402 ιρίὸου
2430 338 2529 403 τῆς
2568 333 2891 405 βασιλικῆςς
2936 333 3129 401 Γέγονε
3157 335 3307 405 γὰρ,
3340 336 3651 401 ὡςέοικεν,
3690 341 3793 394 οὐκ

518 426 766 495 πολίτης,
786 427 886 481 hoc
908 437 1015 492 est,
1037 425 1273 481 hominis
1295 424 1494 488 incola,
1510 434 1567 478 et
1592 423 1918 479 conveniens
1937 422 2097 478 fuerit

520 518 667 571 illum
693 532 797 571 non
826 517 1097 571 hominem
1118 516 1215 570 sed
1248 516 1543 569 humanum
1567 527 1759 568 vocare
1791 531 1805 566 :
1842 514 2099 580 quemad-

526 608 745 661 modum
761 615 815 661 et
834 604 1215 676 quiNazareth
1233 604 1557 659 inhabitavit
1582 602 1896 659 Nazarenus
1922 603 2098 659 dictus

521 707 624 761 est,
663 712 766 750 non
796 694 1087 749 Nazareth.
1117 694 1370 760 Quinimo
1388 692 1521 747 nihil
1546 706 1771 762 prorsus
1800 692 2093 755 obstiterit,

524 791 569 842 si
611 797 973 844 commentum
1007 786 1218 839 illorum
1251 800 1435 838 verum
1464 793 1578 847 est,
1618 784 1887 838 hominem
1915 783 2097 838 vocari

524 896 628 934 una
658 896 778 934 cum
799 878 935 932 Filio
949 878 1110 931 etiam
1135 874 1348 930 Patrem
1369 884 1421 927 et
1443 874 1703 943 Spiritum
1721 872 2100 929 sanctum.lla-

521 971 656 1024 bitat
683 972 825 1024 enim
859 969 911 1022 in
942 966 1097 1022 nobis
1128 981 1224 1036 per
1253 964 1536 1035 Spiritmn,
1564 975 1766 1018 sanctae
1794 972 1850 1016 et
1870 966 2101 1017 consub-

519 1064 784 1117 stantialis
804 1060 1084 1114 Trinitatis
1108 1055 1565 1127 plenitudo.Unde
1586 1064 1640 1110 et
1668 1054 1861 1108 Paulus
1884 1055 2057 1124 inquit
2085 1069 2099 1106 :

524 1175 544 1207 ι
584 1156 662 1208 Αη
713 1154 937 1208 nescitis
971 1153 1109 1220 quod
1140 1151 1403 1218 templum
1435 1149 1531 1203 Dei
1584 1149 1745 1215 estis,
1784 1157 1839 1203 et
1871 1147 2103 1217 Spiritus

519 1249 615 1302 Dei
650 1248 912 1300 inhabitat
940 1245 992 1298 in
1025 1245 1176 1299 vobis
1210 1244 1250 1275 ⁵³
1285 1243 1307 1295 ?
1337 1260 1355 1293 ι
1401 1241 1539 1307 Quin
1569 1249 1625 1295 et
1681 1241 1912 1310 ipsemet
1944 1238 2102 1293 Chri-

519 1349 637 1393 stus
666 1353 681 1390 :
716 1356 735 1388 ι
769 1337 827 1392 Si
859 1336 979 1405 quis
999 1346 1145 1389 amat
1175 1350 1280 1398 me,
1313 1347 1619 1388 sermonem
1650 1345 1825 1385 meum
1849 1331 2100 1393 servabit,

520 1436 573 1481 et
591 1427 751 1481 Pater
787 1440 937 1480 meus
961 1425 1143 1493 diliget
1171 1439 1292 1479 eum
1315 1463 1330 1487 ,
1356 1433 1410 1478 et
1432 1423 1732 1486 veniemus,
1763 1436 1829 1475 ac
1867 1423 2103 1475 mansio-

524 1533 647 1573 nem
685 1517 824 1588 apud
850 1532 971 1570 eum
1004 1516 1265 1569 faciemus
1307 1514 1374 1565 δ’.
1416 1532 1434 1563 i
1478 1512 1740 1567 Caeterum
1774 1512 1933 1566 Pater
1961 1513 2103 1566 nttlla

525 1612 733 1664 ratione
775 1610 950 1663 dictus
991 1618 1075 1662 est
1125 1607 1320 1667 homo,
1358 1612 1421 1664 ut
1454 1619 1552 1658 nec
1594 1604 1828 1672 Spiritus
1861 1614 2102 1668 sanctus,

2200 424 2281 477 ἔτι
2315 424 2418 493 μὲν
2453 424 2589 497 σὰρξ
2617 426 2645 478 6
2674 426 2848 492 Λόγος
2874 425 3017 479 κατὰ
3039 424 3137 488 τὰς
3181 426 3401 495 Γραφάς
3424 468 3443 491 ,
3487 428 3793 501 ἀνθρωπο-

2200 514 2423 585 πολίτης
2454 515 2512 567 δὲ
2550 514 2771 585 μᾶλλον,
2810 516 2905 569 καὶ
2931 511 2999 587 ἦν
3037 516 3329 569 ἀκόλουθον
3365 518 3527 571 αὑτὸν
3574 519 3794 591 ἀνθρωο

2200 609 2356 659 παῖον
2405 607 2624 676 μᾶλλον,
2667 608 2767 661 οῦκ
2794 608 3077 678 ἄνθρωπον
3103 608 3490 677 ὀνομάζεσθαι,
3529 610 3791 683 καθάπερ

2201 699 2394 768 ἀμέλει
2434 700 2526 752 καὶ
2558 702 2586 752 6
2619 701 2955 770 κατοικήσας
2992 700 3092 770 τὴν
3138 700 3425 770 Ναζαρὲτ,
3460 702 3794 773 Ναζωραῖος

2202 790 2512 860 ὠνόμασται
2532 832 2546 855 ,
2578 791 2672 844 κα).
2696 792 2753 844 οὐ
2796 792 3070 860 Ναζαρέτ.
3111 793 3299 862 Είργει
3331 794 3407 858 δὲ,
3437 791 3619 865 οἶμαι,
3656 814 3794 848 παν·

2203 880 2375 943 τελῶς
2406 881 2578 947 οὐδὲν,
2602 880 2759 951 εἴπερ
2792 876 2850 934 εὖ
2885 882 3030 951 ἔχειν
3062 883 3263 935 οἴονται
3292 882 3353 934 τὸ
3386 884 3573 950 σφίσιν
3598 886 3791 948 αὐταῖς

2202 966 2477 1030 ἀσυνέτως
2522 967 2905 1038 ἐξευρημένον,
2940 969 3230 1039 ἄνθρωπον
3275 970 3649 1041 ὀνομάζεσθαι
3693 975 3790 1026 σὺν

2204 1058 2320 1127 Υίῴ
2360 1059 2451 1111 16v
2498 1060 2720 1130 Πατέρα
2761 1061 2858 1113 καὶ
2884 1061 3105 1131 προσέτι
3153 1061 3214 1114 τὸ
3252 1063 3475 1132 Πνεῦμα
3517 1064 3579 1115 16
3611 1065 3790 1130 ἆγιον.

2206 1152 2467 1203 Κατοικεῖ
2495 1151 2599 1221 γάρ
2628 1152 2685 1205 ὲν
2715 1153 2846 1222 ἡμῖν
2883 1152 2970 1205 διὰ
2996 1152 3091 1206 τοῦ
3122 1153 3461 1222 Πνεύματος,
3499 1156 3602 1224 τῆς
3628 1156 3791 1223 ἁγίας

2204 1260 2265 1295 τε
2298 1244 2391 1295 καὶ
2430 1243 2716 1313 όμοουσίου
2749 1244 2976 1314 Τριάδος
3023 1246 3084 1298 16
3115 1246 3407 1316 πλήρωμα.
3445 1248 3557 1300 Καὶ
3589 1248 3728 1315 γοῦν
3762 1250 3789 1299 ό

2206 1334 2415 1398 Παῦλός
2446 1352 2633 1405 φησιν’
2671 1356 2689 1387 ι
2722 1339 2837 1389 Οὐκ
2863 1337 3038 1390 οἴδατε
3067 1339 3147 1391 ὅτι
3181 1339 3308 1402 ναὸς
3341 1339 3476 1391 Θεοῦ
3507 1343 3659 1404 ἐστε,
3692 1343 3786 1394 καὶ

2205 1426 2265 1477 τὸ
2313 1426 2538 1496 Πνεῦμα
2582 1428 2674 1481 τοῦ
2717 1427 2851 1481 Θεοῦ
2879 1433 3123 1483 κατοικεῖ
3163 1432 3221 1483 ὲν
3265 1432 3426 1499 ὑμῖν;
3465 1450 3480 1481 ι
3529 1433 3642 1485 Καὶ
3689 1432 3792 1502 μὴν

2206 1518 2300 1570 καὶ
2330 1519 2536 1582 αὑτὺςό
2560 1522 2826 1589 Χριστὸς,
2854 1541 2871 1573 ι
2899 1523 3025 1576 Ἐάν
3050 1539 3133 1585 τις
3163 1524 3354 1593 ἀγαπᾷ
3386 1542 3473 1593 με,
3510 1523 3600 1576 τὸν
3632 1526 3794 1593 λόγον

2210 1628 2312 1679 μου
2340 1613 2594 1682 τηρήσει,
2626 1615 2718 1667 καὶ
2744 1616 2771 1665 6
2802 1616 2991 1687 Πατήρ
3034 1633 3133 1685 μου
3167 1618 3447 1687 ἀγαπήσει
3475 1619 3664 1682 αὐτὸν,
3700 1619 3795 1671 καὶ

522 1700 649 1768 quia
675 1699 729 1752 iu
776 1696 931 1750 nobis
965 1695 1294 1748 habitarunt.
1348 1693 1454 1747 Sed
1485 1693 1716 1747 irrident
1745 1695 1831 1748 isti
1860 1695 2109 1747 incarna-

2215 1704 2562 1774 ἐλευσόμεθα,
2613 1707 2708 1759 καὶ
2757 1707 2923 1779 μονὴν
2989 1709 3119 1778 παρ’
3157 1709 3307 1779 αῦτῷ
3360 1710 3724 1780 ποιησόμεθα.
3772 1729 3790 1760 ι

521 1792 684 1846 tionis
715 1788 1026 1858 mysterium
1054 1788 1189 1841 adeo
1223 1796 1371 1840 recta
1393 1796 1555 1854 atque
1580 1785 1882 1840 veneranda
1926 1784 2110 1839 Eccle-

523 1883 617 1935 siae
661 1880 911 1948 dogmata
956 1878 1024 1932 ad
1057 1878 1353 1932 absurdum
1385 1876 1788 1946 detorquentos.
1825 1877 1894 1931 At
1927 1886 2108 1932 nostra

526 1988 739 2028 rursum
789 1972 1045 2040 procedat
1089 1970 1298 2036 oratio,
1338 1970 1555 2025 omissis
1606 1969 1816 2024 illorum
1875 1969 2106 2024 deliriis.

525 2064 583 2118 Si
607 2064 751 2118 enim
787 2064 907 2118 ideo
936 2061 1194 2116 miracula
1225 2061 1429 2127 edidit,
1457 2061 1581 2131 quia
1611 2060 1844 2116 Verbum
1884 2060 1940 2114 in
1987 2060 2106 2130 ipso

523 2165 643 2211 erat
664 2196 680 2222 ,
711 2170 875 2208 unum
910 2154 1139 2221 aliquem
1181 2161 1489 2207 sanctorum
1518 2152 1899 2221 prophetarum
1931 2150 2105 2220 ipsum

525 2262 645 2302 esse
674 2254 937 2301 statuunt.
985 2243 1121 2298 Nam
1147 2255 1202 2298 et
1229 2243 1487 2297 miracula
1514 2257 1612 2312 per
1652 2258 1842 2297 manus
1879 2244 2111 2311 prophe-

530 2349 704 2391 tarum
734 2337 923 2391 edidit.
978 2335 1035 2389 Si
1065 2350 1193 2389 vero
1231 2335 1284 2389 iu
1320 2335 1405 2389 his
1438 2334 1631 2388 Filium
1678 2342 1948 2395 statuunt,
1982 2347 2109 2401 pro-

526 2432 754 2502 phetica:
807 2431 920 2485 sive
973 2428 1282 2498 apostolica:
1318 2426 1640 2481 conditionis
1670 2424 1846 2493 ipsum
1881 2423 2108 2478 faciunt.

2231 1793 2366 1845 Ἀλλ’
2396 1795 2740 1865 είρηταιμὲν
2773 1798 3023 1868 οὐδαμῶς
3053 1799 3340 1870 ἄνθρωπος
3367 1803 3393 1853 6
3430 1802 3644 1871 Πατὴρ,
3668 1800 3794 1854 οὔτε

2220 1882 2326 1951 μὴν
2354 1882 2415 1935 16
2441 1884 2664 1954 Πνεῦμα
2693 1886 2753 1937 16
2780 1886 2955 1955 ἅγιον,
2997 1886 3085 1941 διὰ
3113 1887 3172 1940 16
3205 1892 3484 1943 κατοικεῖν
3530 1891 3589 1941 ἐν
3636 1891 3794 1959 ήμῖν.

2216 1972 2419 2026 Γελῶσι
2458 1974 2518 2027 δὲ
2544 1969 2691 2029 οὗτοι
2716 1978 2816 2048 τῆς
2849 1978 3316 2050 ὲνανθρωπήσεως
3360 1981 3421 2032 16
3467 1983 3797 2051 μυσᾱγριον.

2217 2065 2637 2134 περιτρέποντες
2682 2070 2761 2130 είς
2806 2067 2870 2120 16
2914 2067 3127 2138 ἀπηχὲς
3187 2066 3256 2120 τὰ
3302 2066 3475 2130 οὕτως
3514 2068 3651 2138 όρθὰ
3698 2068 3800 2119 κιιύ⁵

2210 2154 2544 2219 ἀξιάκουστα
2574 2157 2674 2226 τῆς
2690 2158 3013 2229 Ἐκκλησίας
3041 2159 3307 2229 δόγματα.
3335 2159 3476 2229 Πλὴν
3503 2160 3599 2211 ἴτω
3630 2158 3801 2210 πάλιν

2212 2248 2342 2316 ἡμῖν
2392 2246 2533 2299 κατά
2578 2247 2706 2319 ῥοῦν
2746 2250 2775 2301 6
2816 2248 3007 2317 λόγος,
3059 2252 3172 2311 τοῖς
3215 2250 3436 2301 ἐκείνων
3471 2252 3691 2319 ἐμετοῖς
3738 2248 3803 2299 16

2213 2336 2425 2405 χαιρεῖν
2454 2335 2645 2389 εἰπών.
2677 2338 2744 2391 El
2772 2338 2901 2409 γὰρ,
2927 2337 3157 2407 ἐπείπερ
3186 2333 3252 2408 ἦν
3280 2339 3308 2390 6
3333 2337 3505 2404 Λόγος
3537 2340 3592 2388 ἐν
3624 2335 3799 2405 αἰνῷ,

2219 2426 2463 2496 σημείων
2508 2427 2731 2496 γέγονεν
2766 2414 3168 2500 ἀποτελεστὴς,⁵
3203 2429 3293 2480 ’ἐνα
3342 2445 3443 2480 που
3488 2427 3639 2496 τάχα
3692 2427 3803 2478 τῶν

528 2525 699 2593 ἁγίων
736 2522 1030 2595 προφητῶν
1083 2537 1250 2590 φασιν
1298 2519 1480 2573 αὐτόν.
1531 2519 1837 2589 Ἐνήργηκε
1876 2518 1985 2590 γὰρ
2023 2518 2111 2571 διὰ
2152 2520 2334 2591 χειρὸς
2378 2521 2548 2590 ἁγίων
2616 2522 2715 2585 τὰς
2749 2521 3069 2593 θεοσημίας.
3119 2520 3176 2574 Ei
3204 2520 3258 2573 δὲ
3287 2521 3342 2571 ὲν
3405 2518 3621 2581 τούτοις
3659 2514 3804 2572 εἷναί

529 2639 663 2691 φασι
706 2620 796 2674 τὸν
831 2620 979 2686 Υίὸν,
1027 2621 1086 2671 ὲν
1140 2620 1499 2689 προφητικοῖς
1550 2615 1711 2669 αὑτὸν
1761 2617 1927 2685 ήγουν
1975 2616 2350 2681 ἀποστολικοῖς
2381 2619 2808 2689 κατακομίζουσι
2838 2618 3079 2690 μέτροις.

598 2720 659 2772 Β.
687 2716 877 2771 Nonne
909 2716 1077 2779 enim,
1110 2714 1396 2781 inquiunt,
1433 2713 1610 2766 dictus
1639 2720 1723 2765 est
1768 2711 2026 2780 propheta
2060 2720 2111 2765 et

528 2810 802 2880 apostolus
829 2808 852 2861 ?
881 2806 1064 2876 Neque
1102 2806 1248 2859 enim
1286 2804 1509 2857 falleris.

601 2902 667 2954 A.
701 2899 909 2968 Moyses
940 2897 1157 2965 quidem
1186 2896 1320 2949 dixit
1343 2896 1407 2949 iis
1435 2895 1527 2963 qui
1555 2902 1712 2946 erant
1753 2907 1820 2946 ex
1852 2894 2114 2963 sanguine

2294 2714 2442 2766 Β.οὺ
2469 2714 2577 2785 γὰρ
2607 2713 2843 2785 εἴρηται,
2864 2714 3016 2784 φασὶ,
3045 2712 3324 2783 προφήτης
3346 2709 3439 2762 καὶ
3468 2706 3803 2775 ἀπόστολοςζς

2221 2806 2321 2858 οὐκ
2345 2806 2410 2859 ἂν
2434 2805 2773 2875 διαψεύσαιο.

2292 2900 2355 2952 Α.
2408 2899 2467 2951 '0
2498 2899 2701 2969 Μωσῆς
2751 2898 2848 2968 μὲν
2882 2896 2983 2968 ἔφη
3030 2900 3143 2960 τοῖς
3193 2897 3251 2963 ἐξ
3284 2897 3518 2966 αἵματος
3558 2893 3799 2963 Ἰσραήλ·

530 2991 696 3056 Israel
726 3007 741 3041 :
777 3008 796 3040 ι
834 2988 1160 3056 Prophetam
1189 2987 1339 3040 vobis
1375 2985 1660 3039 suscitabit
1684 2984 1944 3038 Dominus
1976 2986 2109 3040 Deus

2229 3012 2247 3043 ι
2284 2992 2575 3064 Προφήτην
2608 2992 2736 3062 ὑμῖν
2774 2992 3073 3061 ἀναστήσει
3116 2990 3320 3059 Κύριος
3346 2988 3374 3039 6
3400 2987 3531 3049 θεὸς
3555 2986 3706 3056 ὑμῶν
3736 2987 3806 3036 ὲκ

531 3090 710 3136 vester
742 3094 804 3132 ex
844 3078 1101 3131 fratribus
1144 3078 1373 3145 vestris,
1410 3077 1549 3132 sicut
1590 3092 1674 3132 me
1717 3077 1785 3131 ⁵³.
1823 3096 1841 3128 ι
1897 3077 2035 3143 Quin
2066 3089 2121 3132 et

532 3171 744 3224 divinus
812 3167 1009 3224 Paulus
1072 3168 1303 3223 scribit:
1345 3187 1361 3217 ι
1416 3167 1602 3235 Unde,
1661 3169 1857 3224 fratres
1922 3169 2117 3234 sancti,

532 3259 829 3314 vocationis
846 3252 1081 3314 ctelestis
1102 3258 1414 3326 participes,
1442 3258 1783 3313 considerate
1821 3258 2120 3326 apostolum

532 3360 587 3406 et
616 3349 921 3419 pontificem
950 3349 1305 3404 confessionis
1343 3358 1542 3403 nostra:
1571 3347 1752 3402 Jesum
1777 3347 1844 3401 “.
1883 3367 1901 3399 ι
1934 3348 2122 3402 Dicant

533 3444 750 3511 itaque,
792 3441 1133 3510 interrogabo
1160 3440 1328 3505 enim,
1368 3455 1496 3494 num
1532 3440 1706 3494 cuivis
1737 3440 1939 3493 homini
1977 3439 2117 3495 laudi

532 3532 627 3597 sit,
666 3530 960 3601 prophetiae
1007 3529 1200 3599 gratia,
1231 3528 1347 3583 sive
1376 3528 1672 3596 apostolico
1707 3544 1930 3583 munere
1959 3529 2120 3583 dece-

534 3623 666 3689 rari,
722 3621 904 3677 vocari
944 3636 1074 3676 vero
1099 3621 1264 3675 etiam
1290 3620 1598 3689 pontilicetn
1626 3620 1649 3673 ἱ)

604 3821 666 3878 Β.
720 3822 794 3875 Ita
824 3835 1041 3877 censeo.

603 3915 671 3968 A.
709 3914 868 3982 Atqui
918 3915 1035 3968 haec
1088 3914 1281 3981 exigua
1331 3924 1494 3983 atque
1554 3914 1770 3982 indigna
1810 3913 2120 3982 jndicentur

533 4020 653 4059 csse
682 4005 920 4070 Christo,
947 4014 1218 4074 quatenus
1249 4015 1337 4059 est
1366 4006 1526 4059 Deus.
1585 4004 1827 4060 Tametsi
1877 4020 1973 4074 per
2002 4006 2117 4060 haec

535 4098 649 4167 ipse
702 4106 960 4151 cernatur
1028 4096 1371 4162 exinanitus,
1426 4107 1480 4154 et
1526 4112 1633 4152 una
1702 4112 1823 4152 cum
1882 4097 2116 4153 humana

533 4195 725 4241 natura
775 4200 837 4239 ea
867 4184 1162 4254 accepisse.
1208 4184 1670 4250 Quemadmodum
1717 4201 1844 4242 vero
1882 4203 2004 4241 ctnn
2046 4188 2118 4242 sit

534 4288 724 4333 natura
742 4276 905 4341 Deus,
927 4287 981 4331 et
998 4292 1123 4332 vere
1146 4278 1419 4343 Dominus,
1442 4279 1665 4333 formam
1696 4278 1852 4347 751
1867 4280 2008 4334 servi
2030 4295 2117 4335 ac-

2222 3084 2329 3137 τῶν
2369 3083 2613 3153 ἀδελφῶν
2659 3083 2845 3155 ὑμῶν,
2891 3083 2966 3146 ὡς
3004 3082 3125 3153 ἐμέ.
3161 3102 3179 3134 ι
3222 3082 3474 3151 Γέγραφε
3520 3080 3579 3131 δὲ
3632 3079 3724 3131 καὶ
3774 3080 3805 3132 6

2224 3178 2510 3240 Θεσπέσιος
2541 3177 2755 3240 Παῦλος
2781 3194 2796 3209 ’
2824 3196 2842 3228 ι
2880 3177 3063 3239 Ὥστε,
3097 3174 3319 3242 ἀδελφοὶ
3348 3173 3517 3239 ἆγιοι,
3555 3169 3805 3239 κλήσεως

2222 3269 2544 3338 ἐπουρανίου
2587 3268 2826 3337 μέτοχοι,
2854 3268 3228 3336 κατανοήσατε
3253 3265 3342 3318 16v
3376 3263 3676 3316 ἀπόστολον
3707 3260 3805 3313 καὶ

2222 3361 2483 3431 ἀρχιερέα
2519 3360 2619 3429 τῆς
2642 3359 2933 3430 ὁμολογίας
2959 3357 3119 3427 ἡμῶν
3158 3355 3389 3428 Ἰησοῦν.
3425 3374 3443 3405 ι
3479 3352 3803 3423 Φραζόντων

2220 3455 2285 3524 δὴ
2312 3448 2427 3517 οὖν,
2463 3452 2733 3523 ἐρήσομαι
2758 3450 2889 3521 γὰρ,
2918 3445 3006 3519 ἆρ’
3042 3449 3108 3501 ἄν
3136 3447 3346 3516 γένοιτο
3378 3445 3513 3517 πρὸς
3550 3442 3799 3505 εὐκλείας

2221 3542 2493 3613 ἀνθρώπῳ
2544 3542 2707 3596 ’παντὶ⁸
2751 3541 2852 3611 τῆς
2904 3531 3241 3610 προφητείας
3295 3539 3327 3607 ή
3383 3537 3579 3605 χάρις,
3632 3536 3799 3603 ἤγουν

2221 3635 2594 3690 ἀποστολικῶν
2637 3633 2935 3705 ἀξιωθῆναι
2979 3631 3190 3704 γερῶν,
3238 3628 3578 3701 χρηματίσαι
3610 3626 3671 3679 δὲ
3707 3624 3798 3679 καὶ

2223 3732 2368 3802 ἱερου
2375 3729 2504 3800 ργόν
2518 3747 2535 3795 ;

2293 3822 2352 3873 Β.
2390 3820 2555 3891 Φημί.

2288 3913 2353 3963 Α.
2398 3909 2558 3962 Ἀλλά
2586 3908 2747 3961 τιιυτλ⁸
2766 3908 2829 3979 δὴ
2871 3909 3044 3978 μικρά
3073 3906 3167 3960 καὶ
3191 3907 3291 3958 οὐκ
3314 3902 3619 3973 ἀξιόληπτα
3644 3902 3795 3971 φαῖεν

2220 4002 2287 4056 ἂν
2318 3998 2459 4055 εἶναι
2494 4001 2735 4072 Χριστῷ,
2769 4001 2906 4054 καθὸ
2934 4002 3134 4053 νοεῖται
3160 3998 3313 4062 Θεὸς,
3347 3996 3448 4050 κᾶν
3473 3994 3566 4049 διὰ
3592 3994 3797 4047 τούτων

2218 4093 2401 4146 αὐτῶν
2425 4095 2617 4165 ὁρᾶται
2651 4091 3025 4162 κεκενωμένος
3059 4132 3073 4156 ,
3104 4091 3198 4144 καὶ
3226 4089 3365 4160 μετά
3392 4088 3491 4159 τῆς
3516 4084 3802 4155 ἀνθρωπό-

2217 4203 2378 4255 τητος
2428 4186 2608 4238 λαϐὼν
2662 4184 2820 4238 αὑτά.
2870 4184 3084 4253 Ὥσπερ
3117 4184 3174 4236 δὲ
3216 4181 3348 4243 Θεὸς
3378 4178 3455 4231 ὢν
3495 4180 3657 4247 φύσει
3706 4173 3802 4225 καὶ

2218 4277 2423 4348 Κύριος
2448 4276 2666 4347 ἀληθῶς
2689 4316 2704 4340 ,
2754 4276 2912 4328 ἔλαϐε
2941 4275 3131 4328 δούλου
3176 4274 3409 4343 μορφὴν,
3446 4269 3537 4323 καὶ
3567 4269 3627 4319 ὲν
3658 4267 3800 4335 αὐτῇ

532 4370 694 4441 cepit,
729 4377 913 4437 utpote
942 4369 997 4422 iu
1028 4382 1090 4422 ea
1121 4379 1313 4435 natus,
1346 4381 1399 4423 et
1430 4382 1613 4425 nostra
1649 4374 1940 4441 assumpsit
1977 4389 1993 4425 :
2040 4374 2109 4426 ita

2218 4368 2460 4439 γεγονὼς
2487 4410 2501 4435 ,
2535 4370 2630 4422 καὶ
2675 4370 2732 4420 ὲν
2783 4368 3087 4439 προσλήψει
3133 4366 3242 4419 τῶν
3274 4364 3396 4417 καθ’
3430 4363 3606 4431 ἡμᾶς,
3655 4357 3803 4411 οὕτω

532 4475 746 4529 quoque
796 4470 850 4514 et
896 4460 1477 4530 prophetirespiritum
1530 4464 1711 4526 dedit,
1741 4473 1795 4515 et
1840 4464 2113 4533 apostolos

531 4553 905 4618 constituens,
960 4561 1014 4606 et
1063 4551 1613 4620 pontificescreans,
1663 4552 1835 4606 factus
1889 4562 1973 4609 est
2021 4570 2115 4624 per

531 4646 713 4702 omnia
762 4645 957 4700 similis
1015 4642 1287 4700 fratribus.
1355 4642 1432 4699 lta
1470 4646 1615 4698 enim
1656 4656 1878 4701 vocatus
1918 4656 2005 4702 est
2060 4656 2116 4702 et

532 4738 812 4809 propheta,
841 4746 895 4791 et
918 4735 1216 4804 apustolus,
1244 4745 1298 4790 et
1331 4737 1591 4805 pontifex.

603 4825 662 4879 Β.
696 4827 988 4891 Caeterum,
1009 4828 1249 4880 utetiam
1275 4828 1402 4880 dent
1433 4828 1604 4896 ipsum
1625 4844 1742 4882 esse
1770 4828 2112 4898 prophetam,

532 4936 640 4976 non
676 4932 928 4990 tauquam
962 4937 1127 4975 unum
1173 4937 1237 4974 ex
1299 4921 1575 4989 prophetis
1630 4921 1834 4974 factum
1903 4920 2110 4986 dicunt,

531 5014 626 5067 sed
651 5015 830 5083 potius
851 5013 1010 5083 longe
1036 5012 1152 5066 illos
1171 5026 1451 5081 superare.
1483 5010 1546 5064 lli
1611 5011 1753 5065 cutim
1803 5022 2005 5066 certam
2054 5028 2118 5067 ac

534 5105 809 5158 definitam
859 5120 953 5173 pro
978 5123 1041 5159 eo
1072 5118 1136 5157 ac
1180 5104 1354 5157 visum
1410 5101 1511 5155 fuit
1538 5102 1646 5156 Deo
1666 5103 1894 5171 gratiam
1923 5118 2115 5158 conse-

534 5200 641 5249 cuti
677 5209 823 5266 sunt,
850 5210 904 5253 et
941 5215 1060 5268 qua:
1088 5200 1138 5252 in
1167 5196 1561 5267 temporcipsis
1600 5199 1800 5251 accidit
1830 5213 1844 5249 :
1878 5197 1966 5250 hic
1986 5210 2117 5249 vero

534 5286 724 5353 plenus
742 5302 862 5343 erat
898 5289 1125 5345 Deitatis
1151 5291 1317 5345 etiam
1352 5306 1420 5345 ex
1454 5292 1563 5357 ipsa
1593 5290 1778 5345 statim
1812 5288 2115 5344 nativitate.

540 5376 733 5439 ederat
760 5379 903 5432 enim
935 5381 1034 5448 ipsi
1063 5382 1201 5437 Deus
1222 5382 1489 5437 exsistens
1518 5380 1770 5436 Verbum.

604 5467 669 5519 Α.
703 5466 839 5536 Ergo
860 5470 1159 5536 quantitate
1183 5473 1388 5541 gratiae,
1408 5482 1460 5529 et
1494 5472 2111 5545 longinquitatetempo-

2219 4460 2313 4513 mi.
2341 4460 2441 4531 τῆς
2466 4459 2808 4531 προφητείας
2847 4459 2908 4512 16
2937 4458 3162 4529 Πνεῦμα
3189 4457 3363 4517 διδοὺς
3382 4495 3395 4520 ,
3428 4452 3523 4507 καὶ
3565 4449 3805 4504 6:10:16-

2219 4552 2343 4615 λους
2373 4550 2715 4616 ἀναδεικνὺς,
2747 4550 2842 4604 καὶ
2874 4549 3140 4611 καθιστὰς
3166 4544 3507 4616 ίερουργοὺς,
3537 4537 3800 4611 ὡμοιώθη

2220 4643 2363 4697 κατὰ
2394 4643 2571 4696 πάντα
2598 4646 2713 4707 τοῖς
2746 4643 2993 4711 ἀδελφοῖς
3013 4657 3025 4669 ο
3059 4638 3351 4709 ὠνομάσθη
3381 4635 3490 4705 γὰρ
3515 4633 3683 4695 οὕτω,
3706 4631 3803 4683 καὶ

2222 4738 2528 4807 προφήτης,
2563 4737 2657 4789 καὶ
2684 4736 2980 4797 ἀπόστολος
3002 4775 3016 4797 ,
3053 4735 3148 4787 καὶ
3178 4730 3493 4804 ἀρχιερεύς.

2291 4829 2350 4882 Β.
2409 4830 2543 4882 Ἀλλ’
2576 4831 2625 4882 εί
2664 4829 2758 4881 καὶ
2800 4828 2941 4881 δοῖεν
2971 4826 3133 4880 αὑτὸν
3162 4822 3300 4879 εἷναι
3343 4825 3629 4895 προφήτην
3653 4866 3668 4889 ,
3702 4821 3802 4890 οὐχ

2221 4922 2295 4985 ὡς
2324 4922 2422 4976 ἕνα
2449 4921 2559 4976 τῶν
2591 4920 2886 4991 προφητῶν
2918 4919 3170 4989 γενέσθαι
3204 4919 3386 4988 φασὶν,
3436 4913 3800 4987 ὑπερκεῖσθαι

2211 5012 2269 5065 δὲ
2313 5012 2689 5082 μᾶλλονπολί)
2731 5013 2800 5064 τὰ
2847 5012 3089 5066 ἐκείνων.
3124 5012 3187 5063 Οἱ
3220 5012 3316 5080 μὲν
3344 5008 3475 5079 γὰρ,
3515 5021 3799 5078 μεμετρη-

2218 5104 2385 5173 μένην
2427 5104 2570 5157 κατὰ
2594 5104 2655 5156 τὸ
2684 5103 2761 5174 τῷ
2799 5102 2919 5173 Θεῷ
2950 5103 3143 5157 δοκοῦν
3188 5104 3459 5173 ἐσχήκασι
3489 5100 3673 5171 χάριν,
3704 5097 3802 5150 καὶ

2217 5198 2274 5248 ὲν
2296 5197 2474 5267 χρόνῳ
2504 5196 2948 5266 προσγενομένην
2973 5197 3157 5258 αὐτοῖς
3181 5210 3194 5225 ’
3217 5198 3245 5247 ὁ
3266 5195 3321 5246 δὲ
3356 5194 3571 5264 πλήρης
3600 5187 3672 5261 ἦν
3698 5189 3805 5258 τῆς

2217 5288 2490 5359 θεότητος,
2522 5288 2617 5341 καὶ
2646 5287 2703 5354 ἐξ
2734 5289 2901 5358 αὐτῆς
2937 5288 3101 5352 εὐθὺς
3126 5289 3226 5358 τῆς
3254 5287 3565 5357 γεννήσεως
3586 5301 3599 5313 ·
3631 5281 3808 5351 συνῆν

2217 5380 2325 5452 γὰρ
2351 5378 2498 5450 αὑτῷ
2525 5378 2657 5442 Θεὸς
2687 5380 2761 5434 ὣν
2789 5382 2817 5432 6
2853 5380 3044 5448 Λόγος.

2290 5472 2353 5525 Δ.
2396 5470 2605 5525 Οὐκοῦν
2651 5473 2708 5525 ἐν
2762 5470 3025 5543 ποσότητι
3076 5471 3336 5544 χάριτος,
3380 5471 3481 5529 καὶ.
3525 5468 3590 5529 ἐν
3634 5468 3813 5537 μήκει

602 5649 644 5682 ⁸⁸
678 5646 845 5702 lCor.
879 5661 960 5712 ut,
1028 5647 1113 5699 16.
1193 5649 1237 5680 ⁸³
1277 5648 1428 5701 Joztn.
1460 5665 1566 5715 xiv,
1598 5648 1687 5702 25.
1767 5652 1811 5702 l”
1850 5651 2005 5707 Deut.
2045 5666 2109 5705 xv

2232 5650 2316 5704 15.
2389 5650 2444 5724 ,⁸³
2480 5648 2645 5703 llehr.
2682 5663 2765 5712 ut,
2797 5649 2843 5702 1η.
