4048 6196
314 199 444 255 1517

1447 193 1636 262 QUOD
1676 192 1859 250 UNUS
1898 192 2005 249 Sl'l‘
2043 190 2406 249 CHRISTUS.

3434 200 3572 256 £318

311 310 507 382 καιροῦ
550 308 1018 379 πεπλεονέκτηκεν
1048 310 1078 361 6
1105 309 1360 381 Χριστὸς,
1414 311 1540 371 τοὺς
1574 310 1683 379 πρὸ
1717 310 1881 362 αὐτοῦ

1998 310 2063 364 ris
2092 311 2363 379 superavit
2393 307 2641 363 Christus
2682 324 2775 364 eos
2808 292 2898 380 qui
2936 318 3060 365 ante
3112 309 3286 381 ipsum
3348 315 3571 369 exstite-

311 402 602 472 γεγονότας
659 400 847 468 ἁγίους
896 402 1181 471 προφήτας
1209 442 1223 465 ,
1274 402 1367 454 καὶ
1422 402 1583 455 τοῦτό
1623 404 1770 455 ἐστιν
1828 402 1885 455 ὲν

310 491 463 561 αὐτῷ
498 492 558 543 τὸ
591 489 887 557 ἐξαίρετον.
938 490 1231 560 Πρόκειται
1280 491 1336 543 δὲ
1384 491 1883 562 πολυπραγμονεῖν,

311 585 361 637 εί
406 583 693 652 προφήτης
737 579 909 643 ὅλως,
959 580 1053 632 καὶ
1102 580 1218 633 οῦτι
1264 598 1366 634 που
1412 582 1473 634 τὸ
1519 583 1782 654 μᾶλλονῆ
1827 584 1888 636 τὸ

316 677 464 744 μεῖον
493 671 707 741 Extremi}
751 671 845 723 καὶ
878 672 1309 741 ὑπερκείμενος,
1342 673 1416 737 ὼς
1448 673 1504 726 ἕν
1545 691 1606 742 γε
1641 675 1718 745 τῷ
1749 671 1888 729 εἷναι

312 768 618 837 προφήτην,
666 765 762 819 καὶ
802 763 881 834 τῷ
914 764 988 835 μὴ
1016 765 1159 835 πέρα
1197 765 1395 836 μέτρου
1426 767 1519 820 τοῦ
1552 768 1673 821 καθ’
1700 770 1884 839 ἡμᾶς,

312 859 374 910 τδ
408 854 823 926 σμικροπρεπές
847 856 995 908 ἐστιν
1019 855 1188 925 αὐτῷ,
1215 856 1318 909 κᾶν
1348 860 1395 909 εί
1428 859 1687 928 ἁπαρχῆς
1714 862 1886 912 νοοῖτο

311 946 473 1000 τοῦτο
518 947 800 1016 ὑπάρχων,
844 946 1094 1016 καθάπερ
1143 947 1334 1017 ἀμέλει
1375 951 1470 1001 καὶ
1514 951 1541 1001 ὁ
1586 950 1889 1021 Θαυμάσιος

314 1038 627 1109 Βαπτιστὴς
676 1040 805 1109 περὶ
828 1032 888 1091 οῦ
914 1058 1080 1111 φησιν
1102 1042 1129 1092 6
1161 1043 1430 1111 μακάριος
1460 1040 1707 1109 ἅγγελος·
1735 1062 1751 1093 ι
1780 1044 1888 1095 Καὶ

316 1131 636 1201 Πνεῦμα-τος
665 1131 820 1199 ἁγίου
852 1131 1224 1202 πλησθήσεται
1248 1131 1327 1183 ἔτι
1359 1134 1421 1184 ἐκ
1445 1133 1650 1196 κοιλίας
1684 1134 1889 1205 μητρὸς

318 1224 504 1278 αὑτοῦ.
539 1243 557 1275 ι
596 1219 727 1276 Εἶτα
761 1220 881 1285 πῶς
922 1225 949 1276 6
996 1223 1092 1293 μὲν
1120 1218 1188 1293 ἦν
1215 1223 1452 1293 οἰκέτης,
1494 1224 1523 1275 6
1562 1223 1619 1275 δὲ
1654 1227 1765 1287 τοῖς
1804 1225 1888 1276 δε-

320 1319 596 1379 σποτικοῖς
625 1315 930 1385 ἀξιώμασιν
960 1315 1345 1386 ἐναϐρύνεται;
1395 1317 1505 1369 Καὶ
1555 1316 1749 1368 ἑαυτοῦ
1789 1317 1887 1385 μὲν

318 1406 464 1479 πέρι,
498 1407 659 1477 φησὶν
705 1408 732 1458 6
764 1407 1033 1476 μακάριος
1084 1407 1370 1477 Ἰωάννης·
1412 1426 1429 1458 ς
1471 1408 1528 1460 ὐ
1568 1406 1643 1459 ὣν
1682 1409 1747 1460 ὲκ
1788 1408 1888 1477 τῆς

316 1500 439 1570 γῆς,
461 1500 526 1552 ὲκ
549 1499 648 1569 τῆς
678 1499 780 1568 γῆς
809 1498 973 1551 λαλεῖ.
1011 1518 1027 1549 θ
1062 1498 1196 1568 Περὶ
1221 1499 1276 1550 δέ
1297 1516 1359 1566 γε
1386 1497 1478 1550 τοῦ
1516 1500 1884 1569 Ἑμμανουήλ’

321 1610 340 1641 ι
364 1591 421 1644 '0
453 1590 657 1643 ἄνωθεν
683 1591 996 1660 ἐρχόμενος,
1026 1589 1211 1643 ὲπάνω
1247 1590 1463 1644 πάντων
1499 1590 1633 1644 ἐστί.
1672 1610 1692 1644 ι

387 1683 447 1737 Β.
477 1680 667 1735 Καίτοι
691 1684 848 1751 φαῖεν
877 1682 943 1735 ἂν
979 1680 1129 1747 ἴσως,
1157 1681 1364 1737 ἄνωθέν
1392 1699 1453 1734 τε
1481 1679 1642 1749 εἶναι,
1665 1683 1759 1735 καὶ
1785 1682 1891 1753 μὴν

318 1774 412 1828 καὶ
456 1772 641 1825 ἐπάνω
674 1772 911 1836 πάντων,
948 1771 1038 1823 τὸν
1088 1772 1154 1824 ὲκ
1196 1770 1331 1824 Θεοῦ
1372 1772 1582 1843 Πατρός
1613 1775 1892 1843 πεφηνότα

319 1865 524 1931 Λόγον,
566 1863 766 1916 δεδίασι
815 1862 870 1914 δὲ
906 1862 1233 1933 προσνέμειν
1270 1862 1419 1933 αὑτῷ
1456 1863 1523 1916 τὰ
1556 1862 1889 1934 ἀνθρώπινα,

322 1955 397 2027 μὴ
422 1956 528 2026 ἄρα
564 1972 681 2017 πως
726 1954 962 2006 ἀδικοῖτο
1000 1953 1069 2005 δι’
1104 1953 1306 2018 αὐτῶν,
1349 1956 1442 2008 καὶ
1473 1955 1893 2026 κατακομίζοιτο

319 2047 455 2118 πρὸς
501 2045 563 2097 τὸ
604 2044 879 2106 δυσκλεές.
929 2043 1113 2117 Ταύτῃ
1161 2062 1244 2097 τοι
1289 2045 1643 2099 διατείνονται
1704 2047 1891 2100 λαϐεῖν

319 2137 482 2191 αὐτὸν
514 2135 798 2206 ἄνθρωπον
818 2175 832 2200 ,
865 2136 1042 2206 ἑαυτῷ
1073 2154 1132 2188 τε
1165 2134 1353 2191 τοῦτον
1385 2138 1649 2207 συνάψαι,
1683 2141 1809 2210 περὶ
1834 2140 1892 2193 ὃν

322 2226 389 2282 ἂν
414 2227 624 2296 γένοιτό
656 2244 714 2279 τε
761 2227 855 2279 καὶ
897 2226 1105 2296 λέγοιτο
1132 2227 1201 2280 τὰ
1230 2228 1563 2297 ἀνθρώπινα.
1604 2231 1798 2284 Ἔσται
1837 2233 1894 2285 δὲ

319 2318 456 2380 ὅλως
495 2320 574 2380 είς
615 2316 711 2388 τὴν
760 2318 922 2371 αὐτοῦ
974 2318 1068 2372 τοῦ
1111 2318 1285 2386 Λόγου
1343 2318 1533 2388 φύσιν,
1588 2319 1650 2373 τὸ
1697 2320 1893 2391 βλάῦος

317 2406 493 2461 οὐδέν.

387 2497 453 2549 Α.
494 2495 723 2560 Οὐκοῦν,
773 2496 956 2567 ἕτερος
993 2498 1090 2567 μὲν
1136 2497 1585 2568 ὁμολογουμένως
1628 2501 1787 2554 νοοῖτ’
1828 2500 1893 2555 ἂν

318 2589 417 2643 xa‘l.
446 2588 653 2656 λέγοιτο
706 2592 834 2661 παρ’
882 2588 1064 2652 αὑτὸν,
1108 2590 1136 2640 6
1183 2588 1446 2658 ληφθεῖς’
1480 2587 1617 2659 πλὴν
1665 2591 1725 2642 οὐ
1777 2594 1895 2653 ταῖς

323 2676 545 2730 ἐκείνων
569 2678 919 2748 ἀϐελτηρίαις
964 2676 1224 2747 ἑψόμεθα,
1251 2676 1374 2730 οὔτε
1413 2678 1518 2747 μὴν
1545 2679 1766 2747 ὁριστὰς
1794 2680 1892 2732 αὑ-

321 2769 447 2833 τοὺς
494 2768 587 2821 καὶ
621 2770 972 2840 καινοτόμους
1012 2769 1110 2839 τῆς
1154 2770 1363 2822 ἑαυτῶν
1413 2771 1752 2841 ποιησόμεθα
1799 2773 1891 2825 πί-

326 2876 517 2924 στεως,
549 2859 644 2929 τὴν
673 2861 822 2929 ίερὰν
854 2860 1116 2931 παρέντες
1150 2861 1401 2932 Γραφὴν,
1441 2864 1533 2915 καὶ
1565 2863 1660 2934 τὴν
1691 2867 1755 2917 ἐκ
1786 2865 1894 2918 τῶν

327 2952 495 3020 ἁγίων
522 2950 855 3015 ἀποστόλων,
888 2953 982 3004 καὶ
1014 2953 1416 3021 εὐαγγελιστῶν
1455 2954 1754 3025 παράδοσιν
1780 2956 1896 3008 ἀτι-

329 3041 632 3112 μάσαντες’
688 3040 809 3091 οὐδὲ
862 3040 1091 3111 ἐπείπερ
1150 3044 1333 3105 αὐτοῖς
1392 3044 1627 3115 ἀδρανής
1680 3062 1738 3097 τε
1803 3047 1899 3098 καὶ

324 3131 699 3202 ἀμαθέστατος
739 3128 1032 3200 ὲνῲκισται
1065 3131 1220 3197 νοῦς,
1251 3135 1346 3186 καὶ
1374 3135 1435 3186 τὸ
1470 3134 1562 3187 τοῦ
1596 3138 1896 3207 μυστηρίου

328 3223 490 3291 βάθος
536 3221 774 3274 κατιδεῖν
814 3222 910 3291 οὐχ
960 3216 1069 3282 οἷός
1116 3240 1199 3285 τε,
1250 3225 1421 3294 ταύτῃ
1458 3244 1541 3277 τοι
1591 3228 1686 3279 καὶ
1738 3231 1900 3297 ἡμεῖς

324 3312 680 3383 πλανώμεθα,
729 3311 1222 3381 συναμαθαίνοντες
1254 3314 1467 3374 αὐτοῖς,
1501 3314 1593 3365 καὶ
1641 3317 1701 3367 τὸ
1746 3318 1900 3379 εὑθὲς

325 3405 426 3476 τῆς
462 3404 717 3474 ἀληθείας
752 3404 887 3457 ἱέναι
916 3402 1361 3473 παραιτούμενοι.
1388 3406 1577 3473 Ἰσμεν
1610 3405 1665 3457 δὲ
1692 3423 1897 3476 γεγρα-

326 3497 465 3566 φότα
497 3495 587 3549 τὸν
636 3495 928 3566 ἱερώτατον
971 3494 1207 3566 Παῦλον,
1258 3495 1340 3546 δτι
1374 3493 1481 3566 χρὴ
1536 3515 1554 3547 ι
1608 3500 1900 3566 λογισμοὺς

326 3564 624 3659 καθαιρεῖν,
670 3564 764 3640 καὶ
814 3588 921 3640 πᾶν
970 3564 1168 3656 ῦψωμα
1215 3564 1577 3657 ἐπαιρόμενον
1624 3564 1779 3641 κοιτξὶι⁷
1800 3588 1902 3658 τῆς

325 3679 584 3748 γνώσεως
615 3678 710 3732 τοῦ
756 3677 924 3745 Θεοῦ,
968 3678 1064 3732 καὶ
1097 3678 1522 3748 αἱχμαλωτίζειν
1553 3681 1661 3732 πᾶν
1700 3679 1899 3749 νόημα,

328 3769 408 3829 εἰς
453 3769 549 3836 τὴν
594 3766 839 3837 ὑπακοὴν
886 3766 980 3819 τοῦ
1031 3764 1295 3836 Χριστοῦ.
1338 3784 1355 3816 ι
1410 3766 1555 3837 Πλὴν
1615 3762 1742 3830 οὖν,
1793 3769 1903 3835 ἄρα

328 3859 471 3929 ἔχοις
502 3860 674 3911 εἰπεῖν
700 3858 767 3909 τὰ
792 3857 875 3925 ἐφ’
906 3851 987 3920 οἷς
1025 3856 1505 3921 σκανδαλίζονται,
1539 3857 1632 3909 καὶ
1659 3857 1737 3928 τῷ
1770 3857 1902 3927 λίθῳ

327 3951 421 4003 τοῦ
453 3948 879 4020 προσκόμματος
910 3950 1327 4019 περιπταίουσιν
1364 3950 1708 4016 Ἰουδαῖκῶς;

400 4042 459 4095 Β.
494 4040 709 4111 Ἐχοιμ’
744 4038 830 4104 ἂν,
862 4039 979 4102 πῶς
1011 4039 1118 4111 γὰρ
1144 4038 1203 4092 οῦ
1229 4058 1244 4107 ;
1274 4042 1368 4095 καὶ
1406 4041 1633 4095 πλεῖστα
1674 4042 1771 4113 μὲν
1804 4044 1904 4095 ὅσα

326 4132 520 4186 ταυτί·
573 4130 845 4194 λελέξεται
895 4128 951 4181 δὲ
1005 4129 1278 4201 ἀναμέρος
1329 4131 1557 4185 ἕκαστα.
1609 4133 1744 4186 Φασὶ
1790 4149 1904 4185 τοι·

327 4223 551 4297 γαροῦν,
580 4223 812 4294 Χριστὸν
841 4223 1099 4295 ἡγιάσθαι
1131 4224 1280 4295 παρά
1307 4222 1401 4275 τοῦ
1434 4223 1646 4295 Πατρός
1665 4239 1678 4252 ο
1708 4223 1905 4296 γέγρα-

1990 411 2120 457 runt
2145 413 2361 457 sanctos
2386 402 2675 471 prophetas
2707 422 2721 457 :
2756 412 2917 471 atque
2959 403 3059 457 hoc
3090 413 3171 458 est
3223 405 3272 457 in
3310 404 3425 474 ipso
3451 408 3567 459 exi-

1993 494 2180 547 mium.
2208 494 2550 562 Propositum
2584 508 2712 548 vero
2747 494 3145 563 estiuquirere,
3180 511 3305 548 num
3335 500 3570 564 prophe-

1990 593 2043 638 ta
2068 585 2289 639 omnino
2313 585 2492 651 fuerit,
2528 601 2632 640 non
2678 594 2855 639 autem
2887 601 2953 639 an
3016 584 3187 651 major
3232 596 3326 639 aut
3372 590 3571 652 minor,

1999 685 2094 730 aut
2137 677 2385 746 superior
2414 691 2429 727 :
2460 677 2534 731 ita
2566 685 2624 730 ut
2658 676 2711 731 in
2748 691 2810 731 eo
2844 678 2986 745 quod
3050 677 3120 729 sit
3168 680 3433 747 prepheta
3460 720 3472 743 ,
3524 690 3577 733 et

1993 766 2135 836 quod
2168 782 2272 820 non
2306 750 2795 821 excedatnostram
2854 767 3250 830 conditionem,
3302 769 3574 821 humilitas

1992 854 2108 922 ejus
2134 857 2414 919 consistat,
2455 856 2668 911 tametsi
2725 857 2776 910 itl
2820 858 2885 911 ab
2943 857 3101 911 initio
3149 857 3423 911 exstitisse
3450 874 3575 911 cen-

1992 956 2197 1011 seatur,
2222 948 2357 1002 sicut
2390 958 2441 1001 et
2464 948 2680 1003 divinus
2715 948 2972 1018 Baptista,
2998 950 3183 1019 dequo
3214 950 3346 1004 dicit
3378 949 3565 1003 beatus

1994 1038 2250 1109 angelus:
2290 1059 2306 1091 ι
2338 1040 2406 1092 Ει
2461 1040 2665 1107 Spiritu
2710 1050 2896 1094 sancto
2955 1040 3251 1109 replebitur
3306 1040 3481 1094 adhuc
3519 1042 3574 1094 in

1993 1139 2147 1183 utero
2178 1132 2366 1185 matris
2392 1146 2502 1184 sua:
2537 1132 2602 1183 ⁸⁸.
2653 1150 2672 1182 ι
2701 1132 2901 1186 Deinde
2926 1131 3200 1208 quompdo
3232 1130 3319 1186 hic
3340 1131 3562 1200 quidem

1992 1225 2109 1270 erat
2132 1231 2343 1284 servus,
2377 1218 2465 1273 ille
2492 1234 2619 1273 vero
2666 1219 2944 1274 Dominica
2989 1219 3249 1289 dignitate
3306 1219 3573 1274 illustris?

1991 1307 2069 1361 Ac
2100 1308 2164 1362 de
2187 1308 2365 1377 seipse
2395 1309 2585 1364 beatus
2623 1309 2860 1365 Joannes
2887 1312 2959 1364 ita
2985 1312 3059 1364 ait
3087 1327 3101 1363 :
3139 1329 3157 1361 ι
3194 1310 3295 1378 Qui
3328 1326 3394 1365 ex
3426 1323 3573 1366 terra

1992 1408 2095 1463 est,
2137 1407 2349 1453 terrena
2381 1400 2645 1468 loquitur;
2681 1420 2700 1453 ι
2731 1402 2795 1456 de
2823 1402 3171 1457 Emmanuele
3204 1418 3334 1459 vero
3366 1422 3379 1458 :
3419 1422 3435 1455 t
3464 1403 3569 1471 Qui

1993 1505 2023 1545 e
2048 1492 2296 1561 supernis
2321 1491 2483 1555 venit,
2522 1507 2684 1560 supra
2723 1508 2911 1550 omnes
2942 1504 3024 1548 est
3064 1496 3127 1547 ".
3173 1516 3191 1548 ι

1924 1654 1965 1707 Β
2066 1665 2124 1717 Β.
2161 1664 2322 1737 Atqui
2383 1668 2619 1723 dixerint
2664 1669 2897 1724 fortasse
2948 1684 2978 1724 e
3014 1674 3283 1739 supernis,
3315 1682 3368 1729 et
3412 1690 3575 1743 supra

1995 1776 2184 1815 omnes
2217 1775 2337 1814 esse
2373 1760 2604 1814 Verbum
2636 1774 2700 1814 ex
2734 1762 2843 1816 Deo
2866 1761 3027 1816 Patre
3059 1765 3298 1833 genitum
3329 1783 3343 1831 ;
3381 1782 3576 1821 veren-

1998 1862 2085 1906 tur
2124 1864 2301 1906 autem
2346 1850 2420 1904 illi
2477 1852 2715 1906 tribuere
2755 1850 3014 1920 liumana,
3048 1870 3114 1909 ne
3161 1856 3335 1926 ipsum
3378 1856 3577 1926 injuria

1996 1942 2227 2008 aﬂiccrc,
2280 1942 2614 2012 gloriamque
2660 1944 2827 2013 ipsius
2887 1945 3206 2001 imminuere
3261 1948 3565 2003 videantur.

1997 2035 2200 2089 Idcirco
2228 2033 2558 2088 contendunt
2591 2035 2764 2103 ipsum
2801 2050 3081 2091 assumere
3096 2038 3397 2104 hominem,
3429 2056 3576 2095 eum-

1997 2141 2099 2194 que
2129 2124 2589 2194 sibicoujungere,
2612 2126 2662 2178 in
2713 2139 2872 2194 quem
2933 2130 3129 2183 cadant
3161 2132 3305 2185 etde
3340 2147 3448 2201 quo
3497 2132 3580 2186 di-

1998 2224 2190 2270 cantur
2234 2214 2467 2269 hominis
2501 2217 2856 2285 proprietates
2892 2233 2907 2283 ;
2942 2219 3013 2272 ita
3082 2228 3140 2273 ut
3188 2219 3348 2276 Verbi
3413 2224 3579 2293 ipsius

1998 2313 2190 2359 natura
2227 2302 2428 2358 nullum
2458 2305 2679 2359 omnino
2712 2306 3095 2362 detrimentum
3144 2312 3398 2381 accipiat.

2065 2481 2134 2534 A.
2191 2482 2442 2538 Diversus
2476 2483 2657 2553 itaque
2696 2486 2749 2541 iu
2802 2486 3111 2543 universum
3148 2501 3201 2545 ct
3229 2492 3413 2548 eritet
3437 2495 3581 2550 dice—

2000 2580 2086 2627 tur
2120 2577 2188 2629 ab
2241 2576 2379 2644 ipso,
2423 2566 2468 2630 is
2511 2578 2600 2645 qui
2630 2590 2940 2650 assumptus
2998 2592 3100 2637 est.
3157 2582 3421 2639 Cancrum
3480 2602 3580 2642 nos

1999 2666 2210 2720 illorum
2244 2668 2572 2738 imperitiam
2625 2670 2770 2726 nullo
2820 2674 2981 2727 modo
3010 2675 3360 2741 sectabituur,
3424 2692 3579 2733 sacra

2001 2757 2280 2828 Scriptura
2352 2762 2648 2829 przeterita,
2708 2771 2761 2818 et.
2814 2774 3125 2819 sanctorum
3212 2767 3578 2836 apostolorum

1999 2863 2159 2921 atque
2190 2852 2641 2923 evangelistarum
2705 2855 2995 2910 traditione
3052 2866 3363 2927 contempta
3396 2876 3574 2930 neque

1924 2978 1966 3034 ο
2002 2943 2050 2998 si
2082 2944 2293 2999 illorum
2322 2956 2558 2999 mentem
2584 2946 2733 3000 tanta
2786 2946 3130 3001 imbecillitas
3185 2959 3348 3016 atque
3407 2952 3579 3019 impe-

2003 3035 2126 3089 ritia
2147 3040 2450 3105 occupavit,
2482 3045 2541 3090 ut
2569 3038 2813 3107 mysterii
2849 3038 3268 3107 magnitudinem
3293 3043 3583 3107 concipere

2000 3135 2293 3194 nequeant,
2331 3126 2538 3181 idcirco
2588 3130 2749 3181 etiam
2782 3142 2881 3181 nos
2921 3128 3132 3181 illorum
3168 3131 3339 3183 errori
3394 3130 3584 3200 adjun-

2001 3233 2208 3287 gemus,
2252 3218 2476 3287 parique
2519 3234 2641 3271 cum
2672 3218 2803 3288 ipsis
2840 3219 3144 3288 ignorantia
3191 3220 3581 3289 laborabimus,

2001 3310 2245 3364 veritatis
2299 3311 2621 3365 rectitudine
2682 3311 2946 3381 neglecta.
2997 3312 3157 3381 752
3204 3313 3387 3383 Neque
3438 3317 3581 3371 enim

2003 3398 2315 3467 ignoramus
2363 3402 2491 3471 quid
2551 3404 2955 3458 sacratissimus
3004 3402 3205 3459 Paulus
3265 3407 3580 3476 scripserit,

2002 3491 2200 3543 debere
2230 3505 2330 3543 nos
2361 3511 2379 3540 ι
2420 3493 2647 3547 consilia
2690 3494 2993 3555 destruere,
3025 3504 3080 3545 et
3124 3508 3339 3548 omnem
3390 3496 3579 3549 altitu-

2003 3579 2184 3635 dinem
2206 3581 2549 3635 exlollentem
2586 3597 2645 3635 se
2674 3584 2933 3637 adversus
2981 3582 3264 3636 scientiam
3297 3583 3414 3648 Dei,
3446 3595 3500 3639 et
3526 3587 3580 3641 in

2004 3672 2372 3741 captivitatem
2410 3672 2654 3741 redigere
2682 3686 2897 3725 omnem
2949 3671 3280 3725 intellectum
3332 3675 3382 3727 in
3417 3676 3579 3730 obse-

2004 3764 2189 3833 quium
2226 3762 2423 3816 Christi
2453 3762 2519 3816 ".
2561 3782 2580 3813 ι
2620 3761 2886 3816 Cmterum
2916 3762 3156 3816 babesne
3196 3763 3298 3816 alia
3345 3778 3583 3819 comme-

2006 3854 2261 3909 tnoranda
2280 3853 2474 3922 quibus
2494 3853 2594 3922 ipsi
2617 3852 2983 3919 oti‘enduutur,
3006 3863 3059 3907 et
3075 3853 3141 3908 ad
3161 3855 3389 3925 lapidem
3415 3855 3583 3912 oﬂ'en-

2005 3949 2167 4003 tliculi
2198 3947 2419 4002 Judaice
2454 3948 2798 4017 impingunt?

2076 4040 2136 4093 Β.
2196 4039 2381 4094 Habeo
2430 4042 2645 4108 quidem
2678 4039 2955 4109 complura
3005 4054 3124 4111 qua:
3171 4042 3449 4112 sigillatim
3497 4043 3583 4098 di-

2006 4134 2177 4188 cendo
2200 4145 2518 4201 persequar.
2576 4131 2740 4183 Aiunt
2784 4132 2964 4201 itaque
3010 4132 3283 4188 Christum
3340 4135 3583 4189 sanctill-

2008 4233 2185 4278 catum
2223 4238 2251 4275 a
2290 4221 2471 4275 Patre.
2508 4221 2783 4291 Scriptum
2815 4233 2896 4278 est
2919 4224 3061 4278 enim
3094 4242 3106 4278 :
3147 4242 3165 4275 ι
3222 4223 3290 4279 Ει
3344 4226 3586 4279 testimo-

328 4334 461 4369 πται
492 4317 620 4387 γὰρ,
648 4316 727 4369 ὅτι
752 4316 845 4369 καὶ
876 4335 895 4367 ι
936 4316 1351 4387 Ἐμαρτύρησεν
1391 4316 1645 4386 Ἰωάννης
1687 4316 1895 4385 λέγων·

2010 4316 2156 4369 nium
2215 4313 2463 4383 perhibet
2513 4311 2781 4379 Joannes,
2847 4314 3033 4369 dicens
3089 4332 3103 4369 :
3155 4312 3276 4368 Vidi
3324 4314 3584 4386 Spiritum

328 4408 412 4462 δτι
437 4407 715 4477 Τεθέαμαι
742 4408 802 4460 τὸ
833 4407 1056 4477 Πνεῦμα
1087 4407 1414 4461 καταϐαῖνον
1444 4406 1503 4471 ἐξ
1521 4407 1774 4479 οὐρανοῦ,
1808 4408 1902 4460 καὶ

328 4498 541 4568 ἔμεινεν
589 4501 673 4551 ἐπ’
720 4501 901 4562 αὑτὸν,
954 4500 1108 4567 κάγὼ
1151 4501 1252 4551 οῦκ
1296 4494 1437 4552 εἶδον
1483 4500 1667 4563 αὐτὸν,
1722 4499 1834 4552 ἀλλ’
1872 4500 1902 4551 6

329 4589 551 4658 πέμῴας
588 4608 652 4658 με
687 4591 968 4659 βαπτίζειν
1017 4593 1073 4644 ὲν
1123 4591 1292 4656 ὕδατι,
1330 4590 1535 4652 ἐκεῖνός
1588 4607 1677 4659 μοι
1727 4589 1899 4643 εἶπεν

342 4681 457 4749 Ἐφ’
488 4680 545 4732 ὃν
578 4679 642 4732 ἂν
675 4682 789 4751 ἴδῃς
819 4682 879 4731 τὸ
909 4680 1133 4751 Πνεῦμα
1163 4682 1491 4734 καταϐαῖνον
1517 4681 1609 4732 καὶ
1638 4680 1798 4750 μένον
1817 4682 1903 4734 ἐπ’

332 4770 514 4831 αὐτὸν,
548 4761 701 4831 οὗτός
737 4772 886 4820 ἐστιν
925 4771 952 4820 6
984 4770 1261 4839 βαπτίζων
1298 4772 1354 4823 ἐν
1382 4770 1461 4839 τῷ
1506 4770 1785 4839 Πνεῦματι
1825 4771 1903 4841 τῷ

334 4863 492 4932 ἁγίῳ.
533 4859 704 4928 Κάγὼ
736 4860 959 4931 ἑώρακα
993 4863 1087 4914 καὶ
1135 4862 1579 4933 μεμαρτύρηκα,
1630 4864 1710 4915 ὅτι
1750 4860 1903 4926 οὗτός

331 4956 479 5007 ἐστιν
508 4954 535 5004 ὁ
563 4952 688 5014 Υἱὸς
718 4951 812 5004 τοῦ
860 4951 1015 5006 Θεοῦ.
1053 4972 1069 5002 ›
1112 4952 1360 5022 Γέγραφε
1403 4953 1461 5004 δὲ.
1488 4954 1583 5005 καὶ
1622 4954 1649 5005 ὁ
1686 4953 1901 5016 Παῦλος

332 5046 458 5117 περὶ
488 5043 673 5096 αὐτοῦ’
709 5044 807 5095 ι”Ο
839 5060 898 5096 τε
928 5043 1037 5113 γὰρ
1064 5044 1304 5111 ἁγιάζων
1344 5045 1437 5097 καὶ
1467 5046 1514 5096 οἱ
1551 5046 1901 5116 ἁγιαζόμενοι

331 5136 391 5202 ἐξ
417 5138 531 5200 ἐνὸς
560 5136 778 5197 πάντες.
816 5154 833 5186 ι
876 5135 1193 5204 Ἀγιασθείη
1222 5136 1326 5206 γὰρ
1354 5136 1556 5206 ἥκιστά
1578 5155 1641 5205 γε
1672 5138 1802 5202 Θεὸς
1827 5140 1904 5192 ὢν

331 5231 359 5281 6
400 5228 570 5296 Λόγος
621 5228 715 5280 καὶ
764 5226 917 5295 ἅγιος
974 5229 1113 5280 κατὰ
1164 5228 1341 5295 φύσιν.
1394 5228 1653 5281 Λεεπεται
1699 5228 1762 5299 δὴ
1810 5227 1904 5284 οῦν

331 5319 593 5392 ἡγιάσθαι
646 5319 824 5388 λέγειν
879 5320 968 5373 τὸν
1026 5319 1297 5391 ληφθέντα
1356 5322 1485 5391 παρ’
1540 5319 1708 5373 αὑτοῦ
1764 5323 1903 5375 κατὰ

333 5411 627 5480 συνάφειαν
664 5410 967 5481 ἄνθρωπον.

404 5590 449 5621 ⁵⁸
480 5587 591 5644 Luc
625 5605 664 5655 t,
707 5589 790 5643 15'.
862 5591 907 5621 “
940 5588 1092 5644 Joun.
1123 5605 1201 5656 Ill,
1227 5590 1315 5645 5|.
1390 5591 1433 5623 ⁸⁷
1457 5591 1496 5645 ΙΙ
1522 5589 1645 5646 Cor.
1679 5605 1732 5658 ι,
1766 5590 1886 5653 4,5.

1964 5591 2008 5622 ⁸⁸
2038 5590 2193 5645 Joan.
2231 5607 2268 5657 ι,
2307 5590 2376 5646 52
2402 5590 2489 5662 54,

2010 4407 2424 4463 descendentem
2456 4405 2609 4474 quasi
2656 4405 2962 4461 columbam
3003 4408 3068 4461 de
3107 4409 3263 4471 coelo,
3305 4418 3358 4462 et
3389 4410 3593 4473 mansit

2009 4513 2171 4567 super
2203 4513 2349 4561 eum,
2382 4506 2435 4551 et
2466 4511 2565 4567 ego
2613 4498 2918 4553 nesciebam
2965 4513 3087 4551 eum
3126 4515 3139 4551 :
3168 4500 3261 4553 sed
3294 4501 3388 4569 qui
3438 4499 3587 4555 misit

2014 4605 2098 4644 tne
2126 4589 2399 4659 baptizare
2432 4589 2484 4642 in
2514 4604 2674 4655 aqua,
2706 4589 2791 4642 ille
2820 4590 2948 4642 mihi
2984 4590 3119 4643 dixit
3148 4609 3161 4644 :
3202 4589 3379 4659 Super
3423 4606 3584 4661 quem

2013 4680 2212 4735 videris
2234 4679 2498 4749 Spiritum
2527 4679 2963 4745 descendentem,
2994 4691 3046 4734 et
3079 4691 3384 4737 manentem
3422 4697 3587 4752 super

2006 4786 2151 4834 eum,
2191 4770 2277 4824 hic
2308 4781 2393 4823 est
2422 4768 2511 4837 qui
2548 4769 2787 4838 baptizat
2817 4770 2868 4823 in
2906 4770 3110 4839 Spiritu
3142 4782 3353 4826 sancto.
3384 4771 3451 4825 Et
3481 4789 3581 4840 ego

2010 4862 2139 4921 vidi,
2175 4870 2225 4912 et
2268 4860 2633 4913 testimonium
2698 4862 2943 4929 perhibui
2998 4864 3120 4930 quia
3170 4863 3259 4917 hic
3308 4876 3389 4918 est
3419 4863 3587 4919 Filius

2011 4952 2103 5005 Dei
2135 4948 2201 5003 ⁸⁸.
2239 4970 2255 5001 ι
2294 4952 2431 5017 Quin
2461 4961 2513 5005 et
2550 4951 2747 5005 Paulus
2782 4955 2847 5007 de
2883 4956 2997 5022 ipso
3022 4956 3275 5022 scripsit:
3310 4973 3327 5005 ι
3364 4955 3589 5010 Sacriﬁ-

2014 5058 2143 5097 cans
2176 5044 2318 5096 enim
2352 5052 2406 5096 et
2447 5043 2767 5098 sanctificati
2831 5060 2895 5098 ex
2952 5062 3057 5099 uno
3101 5062 3290 5100 omnes
3321 5048 3387 5100 ".
3434 5067 3451 5099 ι
3482 5047 3588 5104 Ne-

2014 5150 2119 5205 que
2149 5136 2290 5189 enim
2325 5134 2585 5200 Verbum,
2628 5152 2747 5190 cum
2777 5136 2847 5189 sit
2881 5136 3040 5203 Dens,
3075 5146 3129 5191 et
3169 5152 3236 5192 ex
3274 5154 3367 5191 sua
3398 5146 3589 5192 natura

2013 5236 2254 5291 sanctus,
2296 5227 2694 5281 sanctiﬁcatum
2746 5226 2868 5284 fuit.
2934 5229 3193 5299 Superest
3249 5229 3412 5299 igitur
3464 5245 3591 5283 san-

2013 5320 2307 5374 Cliliculllttt
2354 5318 2519 5373 fuisse
2553 5320 2823 5375 hominem
2880 5339 3039 5391 quem
3096 5338 3191 5393 per
3244 5322 3585 5394 coniunctio.

2013 5426 2133 5466 nem
2161 5413 2473 5481 assumpsit.

2567 5592 2611 5623 ⁵⁹
2643 5590 2804 5645 Hebr.
2845 5608 2902 5656 tl,
2944 5593 3022 5647 ll.
