3946 6202
195 263 321 323 L521

1319 254 1511 322 ρυοι)
1553 251 1740 310 UNL‘S
1779 250 1886 307 SIT
1923 248 2288 307 CHRISTUS.

3326 249 3463 324 ιδιά

196 384 286 438 ἐὰν
325 384 600 454 παύσηται
638 381 668 433 6
695 381 986 454 τρυγητδς,
1015 372 1160 432 οὗτοι
1190 380 1340 449 φωνῇ
1383 378 1686 447 βοήσονται·
1722 377 1770 427 οἱ

1904 387 2103 435 errant,
2161 368 2511 426 exsultabunt
2561 381 2686 423 cum
2735 365 2903 437 gloria
2957 363 3165 420 Domini
3195 363 3259 416 δ’.
3315 383 3334 417 ι
3399 364 3461 418 ιλ

193 478 246 530 δὲ
276 475 720 546 καταλειφθέντες
745 475 842 527 ἐπί
870 477 970 545 τῆς
992 474 1116 544 γῆς,
1149 470 1618 542 εὐφρανθήσονται
1657 468 1773 538 ἆμσ

194 573 256 641 τῇ
304 571 428 642 δόξῃ
482 569 710 640 Κυρίου.
738 587 756 620 ι
814 568 923 621 Καὶ
989 566 1153 620 πάλιν
1190 566 1378 636 ἕτερος
1424 562 1534 616 τῶν
1584 561 1778 630 ἁγίων,

200 679 218 712 ι
241 664 498 727 Φωτίζου,
523 662 709 730 φησιν,
741 658 1122 730 Ἰερουσαλήμ·
1147 659 1270 728 ἥκει
1297 658 1406 728 γάρ
1435 673 1528 709 σου
1548 654 1608 708 τδ
1639 653 1773 722 φῶς,

166 756 282 828 ¹καὶ
308 758 340 825 ἡ
373 755 500 818 δόξα
538 753 746 824 Κυρίου
787 753 880 805 ἐπὶ
911 750 971 805 σὲ
1003 750 1388 805 ἀνατέταλκεν.
1424 748 1556 802 Ἰδοὺ
1587 747 1777 810 σκότος

195 846 286 898 καὶ
311 845 506 912 γνόφος
530 843 761 910 καλύψει
791 843 914 913 γῆν,
953 843 1046 896 ἐπὶ
1064 841 1121 894 δὲ
1143 841 1202 894 σὲ
1224 841 1522 911 φανήσεται
1551 838 1772 910 Κύριος,

162 939 286 998 ,καὶ
327 937 454 1002 δόξα
517 936 725 1007 Κυρίου
774 935 866 988 ἐπὶ
915 934 975 986 σὲ
1020 931 1338 1004 ὀφθήσεται.
1363 950 1382 982 ι
1422 929 1678 993 Ἰάκωϐός
1713 946 1776 998 γε

199 1026 301 1095 μὴν
333 1028 358 1079 6
388 1026 554 1079 αὑτοῦ
593 1025 858 1096 μαθητὴς,
889 1043 906 1075 ι
938 1023 1203 1092 Ἀδελφοί,
1234 1023 1386 1093 φησι,
1421 1020 1491 1093 μὴ
1519 1023 1575 1073 ὲν
1613 1035 1779 1091 προσ-

196 1117 534 1188 ωποληψίαις
568 1118 718 1188 ἔχετε
759 1117 856 1187 τὴν
898 1115 1082 1169 πίστιν
1126 1114 1221 1168 τοῦ
1255 1115 1460 1185 Κυρίου
1487 1111 1640 1184 ἡμῶν
1677 1111 1778 1181 ’1ης

199 1211 290 1264 σοῦ
326 1211 562 1282 Χριστοῦ
590 1212 685 1280 τῆς
711 1211 884 1281 δόξης.
915 1229 934 1262 ι
974 1210 1182 1280 Πέτρος
1227 1208 1284 1261 δὲ
1311 1203 1376 1260 αὖ
1403 1209 1430 1260 6
1469 1205 1773 1269 θεσπέσιος,

206 1325 224 1356 ι
257 1306 317 1359 Εἰ
351 1304 668 1369 ὀνειδίζεσθε
709 1307 766 1358 ὲν
815 1302 1056 1374 Χριστῷ,
1099 1303 1358 1374 μακάριοί
1401 1303 1525 1355 ἐστε
1557 1301 1655 1370 τῆς
1689 1300 1775 1354 66-

201 1395 314 1466 ξης,
356 1398 452 1448 καὶ
482 1396 542 1448 τὸ
572 1393 665 1449 τοῦ
706 1394 842 1449 θεοῦ
872 1395 1098 1466 Πνεῦμα
1130 1396 1213 1463 ἐφ’
1261 1394 1404 1464 ὑμᾶς
1455 1391 1778 1448 ἀναπέπαυ-

198 1503 303 1540 ται.
331 1506 349 1538 ι

268 1577 327 1631 Β.
361 1577 541 1648 Φράζε
571 1578 626 1631 δὲ
655 1579 801 1642 ὅπως
833 1578 969 1649 πρὸς
1009 1577 1167 1648 ἡμῶν
1205 1576 1441 1630 νοεῖσθαι
1474 1575 1676 1648 πρέπει
1721 1575 1782 1628 τὸ

199 1672 324 1742 περὶ
355 1670 594 1740 Χριστοῦ
629 1671 1033 1742 γεγραμμένον,
1078 1690 1095 1722 ι
1133 1671 1230 1734 Ὃς
1273 1672 1330 1723 έν
1381 1673 1501 1733 ταῖς
1545 1671 1784 1741 ἡμέραις

198 1761 296 1830 τῆς
331 1761 533 1833 σαρκὸς
580 1761 782 1826 αὑτοῦ,
831 1761 1044 1831 δεήσεις
1082 1779 1140 1814 τε
1182 1763 1275 1816 καὶ
1315 1761 1597 1831 ἱκετηρίας
1644 1760 1782 1832 πρὸς

1899 1754 2101 1810 Sliristo
2159 1753 2425 1822 scriptmn
2475 1769 2492 1808 :

199 1853 288 1906 τὸν
315 1853 612 1925 δυνάμενον
642 1853 834 1918 σώζειν
871 1855 1032 1908 αὑτὸν
1064 1855 1129 1907 ἐκ
1161 1853 1414 1916 θανάτου,
1451 1853 1588 1922 μετὰ
1617 1867 1787 1924 κραυ-

200 1944 302 2011 γῆς
335 1945 560 2014 ἰσχυρᾶς
585 1945 680 1998 καὶ
703 1943 957 2015 δακρύων
987 1945 1382 2016 προσενέγκας,
1417 1945 1510 1998 καὶ
1535 1945 1789 1997 εἰσακου-

203 2035 348 2098 σθεὶς
393 2035 500 2089 ἀπὸ
542 2036 644 2107 τῆς
675 2037 996 2103 εὐλαϐείας,
1022 2036 1222 2107 καίπερ
1261 2035 1338 2089 ὣν
1371 2035 1517 2099 Υἱὸς,
1560 2033 1781 2106 ἔμαθεν,

203 2128 293 2198 ἀφ’
317 2122 391 2182 ὧν
431 2128 621 2194 ἔπαθε,
655 2129 754 2201 τὴν
786 2129 1055 2201 ὑπακοὴν,
1087 2129 1182 2182 καὶ
1206 2126 1534 2190 τελειωθεὶς,
1571 2127 1790 2195 ἐγένετο

203 2224 312 2286 τοῖς
367 2221 732 2276 ὑπακούουσιν
779 2221 928 2292 αὑτῷ
969 2221 1142 2284 αἴτιος
1195 2220 1470 2291 σωτηρίας
1518 2220 1792 2273 ἀκαταλύ-

203 2329 329 2366 του·
357 2332 376 2364 ι
417 2313 763 2385 προσεποίσω
804 2314 860 2368 δὲ
916 2307 1135 2368 κάκεῖνο
1173 2308 1256 2377 οἷς
1303 2315 1464 2384 ἔφην,
1500 2313 1590 2378 τὸ,
1634 2331 1652 2365 ι
1688 2311 1790 2366 Θεέ

204 2422 325 2476 μου,
367 2405 467 2458 Θεέ
514 2421 636 2476 μου,
671 2405 754 2459 ίνα
787 2406 841 2457 τί
877 2421 943 2475 με
985 2404 1374 2474 ἐγκατέ).ιπες;
1405 2423 1423 2455 ι
1468 2403 1790 2456 Ἀπεοικότα

199 2499 308 2570 γὰρ
347 2492 486 2551 εἶναί
523 2515 658 2566 φασι
689 2498 758 2551 τά
789 2498 970 2552 τοιάδε
1018 2498 1097 2569 τῷ
1129 2497 1248 2568 Θεῷ
1293 2497 1470 2568 Λόγῳ,
1501 2497 1596 2549 καὶ
1629 2496 1792 2566 ἡττῆ-

201 2586 325 2641 σθαι
347 2587 484 2640 πολὺ
511 2585 616 2656 τῆς
644 2587 870 2658 ἐνούσης
896 2587 1176 2658 ὑπεροχῆς
1203 2587 1350 2658 αύτῷ
1377 2587 1542 2657 φαίην
1572 2585 1658 2639 ἄν.

275 2853 339 2906 Δ.
383 2853 571 2922 Ἴσημι
617 2854 710 2906 καὶ
741 2853 903 2917 αὐτὸς
947 2853 1078 2922 ἐγὼ,
1145 2854 1219 2924 μὴ
1257 2853 1322 2908 ἂν
1356 2855 1601 2926 ἁρμόσαι
1633 2853 1796 2910 ταυτὶ

203 2944 281 3015 τῷ
325 2946 388 2997 ἐκ
421 2943 557 2997 Θεοῦ
606 2939 910 3016 Πατρδς.’.
952 2987 965 2999 .
1009 2987 1024 3001 .
1068 2987 1082 3000 .
1125 2947 1306 3017 Λόγῳ,
1339 2947 1666 3011 ὲξωσθέντος
1696 2945 1790 3002 τοῦ

202 3035 409 3104 τρόπου
445 3035 546 3104 τῆς
579 3035 920 3106 οἰκονομίας,
967 3037 1062 3090 καὶ
1112 3037 1212 3090 οὑκ
1255 3037 1624 3107 εἰσδεχθέντος
1655 3039 1792 3110 πρὸς

203 3127 362 3199 ἡμῶν
431 3127 556 3194 τοῦ,
611 3129 691 3181 ὅτι
743 3129 935 3197 γέγονε
993 3128 1130 3202 σὰρξ
1180 3129 1324 3183 κατᾶ
1385 3131 1487 3194 τὰς
1544 3131 1787 3202 Γραφάς.

218 3222 435 3293 Ἐπειδὴ
467 3223 522 3274 δὲ
559 3222 697 3294 πρὸς
724 3221 882 3276 τοῦτο
911 3224 1355 3296 διερηρείσμεθα,
1387 3225 1483 3278 καὶ
1509 3225 1570 3277 τὸ
1596 3224 1796 3278 ἐνδοιά-

205 3315 320 3382 ζειν
351 3316 486 3378 ὅλως
512 3316 836 3381 δυσσεϐείας
897 3317 1012 3387 ἔχει
1063 3316 1307 3386 γραφὴν,
1349 3319 1482 3387 φέρε
1519 3317 1620 3387 τῆς
1654 3319 1798 3370 οἰκο-

205 3411 399 3480 νομίας
422 3409 482 3462 τὸ
517 3410 698 3480 βάθος,
723 3410 797 3473 ὡς
824 3411 924 3474 Ξνι,
957 3409 1488 3478 καταδκεπτώμεθα.
1527 3410 1795 3479 Ἐπέφανε

205 3501 388 3553 τοίνυν
441 3502 572 3570 ἡμῖν
627 3501 682 3552 ὲν
722 3500 854 3552 εἴδει
905 3499 984 3570 τῷ
1036 3499 1158 3553 καθ’
1206 3501 1355 3570 ἡμᾶς
1407 3501 1434 3552 6
1465 3500 1530 3552 ἐκ
1587 3499 1794 3568 Κυρίου

211 3592 419 3662 Ματρὸς
479 3591 687 3661 Λόγος,
736 3591 876 3646 κατᾶ
935 3591 1162 3662 μυρίους
1213 3593 1370 3654 ὅσους
1425 3591 1634 3660 ὀνήσων
1680 3591 1801 3661 τρό-

212 3703 344 3748 πους
383 3685 450 3740 τά
483 3685 826 3756 ἀνθρώπινα,
880 3687 975 3738 καὶ
1019 3685 1352 3751 καταδείξων
1411 3680 1470 3737 εὖ
1514 3685 1659 3755 μάλα
1698 3685 1800 3755 τὴν

211 3778 292 3839 εἰς
340 3778 447 3830 πᾶν
476 3777 654 3830 ὁτιοῦν
689 3775 799 3829 τῶν
839 3775 1311 3847 τεθαυμασμένων
1355 3776 1800 3844 ἁποκομίζουσαν

209 3868 418 3940 τρίϐον.
465 3865 572 3922 Ἦν
622 3865 715 3923 οὖν
763 3869 1062 3938 ἀναγκαῖον
1107 3869 1433 3940 ἁναμαθεῖν,
1491 3869 1800 3940 πειρασμοῦ

213 3961 569 4024 καταθέοντος
608 3962 736 4024 τοὺς
763 3961 866 4030 τῆς
905 3962 986 4024 είς
1014 3960 1146 4013 Θεὸν
1177 3960 1398 4031 ἀγάπης
1431 3961 1594 4014 ἕνεκα
1624 3960 1795 4014 κινδυ-

211 4054 494 4117 νεύοντας.
525 4055 741 4119 ὁποίους
785 4055 937 4118 τινας
966 4051 1106 4109 εἶναι
1139 4057 1242 4126 χρὴ
1294 4057 1419 4118 τοὺς
1466 4054 1565 4126 τὴν
1603 4057 1803 4110 εύκλεᾶ

211 4143 308 4194 καὶ
338 4141 612 4212 ἐξαίρετον
645 4143 922 4198 πολιτείαν
957 4143 1227 4213 καιςωὴν
1260 4145 1558 4214 κατορθοῦν
1585 4146 1800 4218 ᾑρημέ-

211 4249 368 4297 νους,
419 4234 625 4304 πότερα
659 4234 1011 4304 μεθιεμένους
1043 4235 1138 4287 καὶ
1187 4236 1590 4302 άναπίπτοντας
1633 4240 1712 4302 εἰς
1742 4240 1802 4292 τὸ

214 4324 476 4394 ῥᾴθυμον,
515 4327 609 4378 καὶ
643 4327 742 4380 οὑκ
774 4327 832 4380 ἐν
869 4326 1046 4398 καιρῷ
1074 4328 1396 4399 τρυφῶντας
1437 4333 1533 4385 καὶ
1575 4333 1802 4402 εὐρυνο-

217 4416 413 4485 μένους
441 4420 516 4481 εἰς
544 4418 830 4490 εὐθυμίαν,
858 4420 890 4490 ἢ
928 4423 1373 4493 συντεινομένους
1399 4425 1476 4487 είς
1505 4425 1675 4489 λιτὰς,
1708 4427 1802 4479 καὶ

213 4505 652 4578 δεδακρυμένους
691 4510 920 4581 δρᾶσθαι
957 4511 1036 4583 τῷ
1070 4514 1332 4578 σῴζοντι,
1384 4518 1478 4569 καὶ
1525 4516 1626 4587 τῆν
1669 4529 1801 4588 παρ’

215 4598 389 4652 αὑτοῦ
435 4599 710 4674 διψῶντας
752 4603 1091 4675 ἐπικουρίαν,
1141 4609 1234 4660 καί
1271 4607 1452 4676 μέντοι
1501 4609 1593 4661 καί
1641 4610 1801 4663 εὑαν-

215 4687 392 4761 δρίαν,
427 4689 586 4759 εἴπερ
626 4691 798 4745 ἕλοιτο
843 4695 934 4747 καὶ⁵
964 4699 1156 4762 παθεῖν
1186 4700 1351 4769 ἡμᾶς.
1387 4700 1532 4752 Ἔδει
1577 4718 1635 4752 τε
1667 4703 1800 4772 πρὸς

216 4778 435 4842 τούτοις
482 4781 678 4835 εἰδέναι
731 4787 1044 4858 χρησίμως,
1094 4791 1216 4842 ὅποι
1257 4789 1387 4843 ποτὲ
1433 4791 1544 4861 ἄρα.
1593 4791 1654 4845 τὸ
1701 4793 1804 4863 τῆς

217 4871 468 4940 ὑπακοῆς
507 4874 726 4939 διέξεισι
760 4875 969 4948 πέρας,
1007 4879 1104 4933 καὶ
1144 4879 1233 4934 διὰ
1263 4881 1432 4935 ποίων
1460 4882 1676 4952 ἔρχεται
1709 4903 1805 4954 γε·

217 4965 353 5036 ρῶν,
381 4967 505 5029 ὅσος
526 4983 584 5019 τε
614 4970 708 5022 καὶ
730 4966 841 5034 οἷος
885 4971 988 5041 τῆς
1013 4973 1292 5043 ὑπομονῆς
1314 4976 1342 5026 6
1370 4975 1578 5044 μισθός.
1606 4977 1802 5046 Γέγονε

215 5058 395 5111 τοίνυν
417 5059 767 5126 ὑποτύπωσις
791 5063 900 5118 τῶν
929 5064 1185 5118 τοιούτων
1211 5067 1342 5136 ἡμῖν
1377 5068 1406 5119 6
1428 5069 1682 5138 Χριστὸς,
1704 5075 1805 5125 καὶ

215 5148 356 5218 πρὸς
389 5167 451 5218 γε
485 5151 644 5205 τοῦτο
673 5155 827 5224 ἡμᾶς
852 5156 1078 5227 ἐμπεδοῖ
1104 5156 1278 5225 λέγων
1318 5159 1346 5210 6
1380 5158 1670 5226 θεσπέσιος
1700 5163 1804 5216 1Ιέ-

212 5257 366 5310 τρος·
408 5260 426 5292 ι
463 5243 618 5296 Ποῖον
654 5245 764 5316 γὰρ
791 5245 969 5311 κλέος,
1000 5250 1048 5301 εί
1079 5250 1485 5320 ἁμαρτάνοντες
1520 5254 1615 5308 καὶ
1644 5255 1804 5310 κολα-

215 5333 500 5403 φιζόμενοι
546 5335 882 5406 ὑπομένετε;
927 5340 1065 5392 Ἀλλ’
1098 5342 1146 5394 εί
1180 5342 1635 5411 ἀγαθοποιοῦντες
1668 5346 1804 5401 ὑπο-

215 5425 437 5495 μένετε,
481 5427 642 5480 τοῦτο
678 5428 840 5500 χάρις
902 5433 1052 5503 παρὰ
1105 5433 1244 5504 Θεῷ,
1291 5437 1374 5489 ὅτι
1425 5437 1520 5489 καὶ
1569 5439 1804 5508 Χριστὸς

289 5629 331 5660 ⁸⁸
359 5627 462 5683 lsa.
489 5645 638 5692 xxiv,
671 5629 757 5700 15,
785 5631 868 5684 Η.
950 5636 992 5666 ε’
1029 5635 1125 5686 lsa.
1154 5653 1242 5700 ω,
1272 5639 1384 5700 1,2.

213 5697 408 5756 Matth.
451 5715 626 5765 xxvn,
655 5699 745 5754 46.
821 5703 862 5731 ⁸⁷
895 5704 909 5757 Ι
945 5704 1087 5758 Pelr.
1118 5722 1180 5770 ιι,
1207 5697 1409 5773 “20.9.1.

540 5795 816 5858 Ριιτειοι.
867 5797 980 5860 Gn.
1034 5799 1273 5866 LXXV.

1825 5686 1838 5701 .
1917 5649 1959 5680 °"
1990 5647 2178 5706 lPelr.
2205 5669 2278 5722 tv,
2319 5653 2406 5710 Η.

1879 479 2066 519 rursus
2089 461 2228 520 alius
2257 463 2480 532 quidam
2516 474 2546 515 e
2575 461 2782 516 sanctis
2809 478 2824 513 :
2853 477 2872 534 ι
2910 457 3244 520 illuminare,
3267 457 3394 526 inqu
3425 470 3460 516 i,

1878 555 2200 614 Jerusalem.
2252 554 2414 609 Venit
2460 554 2604 608 enim
2641 551 2822 608 lumen
2853 558 3029 613 tuum,
3059 559 3112 604 et
3143 548 3316 619 gloria
3357 548 3463 600 Du-

1883 650 2014 704 inini
2057 665 2222 719 super
2265 658 2318 702 te
2365 658 2486 704 orta
2519 657 2624 702 est.
2647 647 2784 712 Quia
2809 660 2938 700 ecce
2964 644 3196 700 tenebrae
3217 642 3440 712 cperien

1882 751 2104 806 terram,
2137 751 2192 796 et
2211 739 2388 810 caligo
2421 738 2680 810 populos:
2727 752 2892 807 super
2939 745 2992 790 te
3029 743 3210 788 autem
3256 733 3464 788 orietur

1882 835 2164 898 Dominus,
2221 841 2276 886 et
2309 832 2478 902 gloria
2533 832 2652 902 ejus
2683 831 2737 886 in
2795 841 2850 885 te
2901 828 3174 884 videbitur
3211 827 3278 880 ".
3315 843 3333 877 ι
3401 825 3467 878 Et

1880 924 2114 982 Jacobus
2147 925 2264 996 ejus
2292 924 2588 994 discipulus
2624 943 2636 978 :
2679 942 2697 976 ι
2763 923 3004 985 Fratres,
3041 919 3240 990 inquit,
3298 917 3467 974 nolite

1882 1017 1936 1074 in
1986 1033 2338 1090 personarum
2392 1018 2712 1087 acceptione
2767 1016 2966 1069 habere
3035 1012 3198 1068 (idem
3251 1011 3464 1066 Domini

1884 1112 2053 1167 nostri
2107 1111 2232 1167 Jesu
2293 1110 2495 1166 Christi
2533 1110 2718 1180 gloriae
2741 1107 2806 1161 ⁸³.
2849 1125 2866 1157 ι
2901 1106 3095 1160 l’etrus
3149 1119 3279 1159 vero
3305 1122 3318 1158 :
3349 1123 3368 1155 ι
3409 1102 3466 1156 Si

1882 1203 2285 1274 exprobramini
2317 1204 2369 1257 in
2388 1203 2628 1266 Christo,
2662 1200 2808 1254 beati
2840 1199 3017 1263 eritis,
3039 1197 3294 1268 quoniam
3325 1197 3467 1266 quod

1883 1307 1971 1351 est
2007 1297 2229 1350 honoris
2258 1295 2441 1366 εισι-ια·
2484 1307 2542 1351 et
2586 1293 2805 1349 tirtutis
2848 1293 2967 1357 Dei,
3015 1301 3070 1347 et
3099 1291 3191 1362 qui
3230 1299 3311 1346 est
3354 1287 3470 1359 ejus

1885 1386 2119 1458 Spiritus
2148 1402 2311 1456 super
2357 1401 2450 1442 vos
2484 1387 2791 1458 requiescet
2819 1386 2885 1440 ⁸⁵.
2919 1405 2938 1439 ι
3137 1375 3149 1392 “

1957 1565 2124 1639 ⁵154Ι
2155 1565 2216 1620 Β.
2254 1564 2538 1632 Suﬂiciunt
2562 1565 2674 1636 jam
2719 1568 2856 1621 haec.
2890 1567 3157 1623 Caeterum
3205 1566 3306 1622 hoc
3339 1566 3470 1620 mihi

1889 1663 2040 1718 dicas
2081 1660 2263 1724 velim,
2318 1658 2598 1728 quomodo
2658 1657 3060 1728 intelligendum
3109 1660 3180 1714 sit
3227 1660 3356 1714 illud
3406 1660 3474 1714 de

2543 1771 2563 1805 ι
2631 1751 2733 1819 Qui
2785 1751 2840 1805 in
2893 1751 3082 1807 diebus
3143 1754 3323 1808 carnis
3363 1767 3476 1807 sua

1889 1861 2077 1918 preces
2104 1845 2634 1917 supplicationesque
2685 1845 2751 1900 ad
2795 1860 2918 1900 eum
2957 1843 3050 1913 qui
3089 1844 3260 1914 possit
3300 1845 3474 1912 ipsum

1888 1941 2098 1998 salvum
2146 1941 2331 1996 facere
2379 1957 2408 1994 a
2455 1950 2629 1996 morte
2671 1955 2792 1994 cum
2831 1941 3070 1995 clamore
3121 1938 3298 1993 valido
3321 1951 3376 1993 et
3401 1939 3478 1991 la-

1891 2035 2092 2106 cryniis
2134 2031 2393 2098 ederetis,
2429 2033 2718 2088 exauditus
2757 2043 2844 2088 est
2867 2048 2965 2103 pro
3004 2049 3103 2087 sua
3147 2034 3474 2088 reverentia.

1892 2126 1957 2182 Et
1985 2127 2202 2194 quidem
2230 2142 2354 2182 cum
2392 2135 2540 2182 esset
2569 2125 2740 2180 Filius
2775 2126 2891 2193 Dei,
2931 2125 3120 2181 didicit
3151 2139 3216 2180 ex
3255 2126 3322 2180 iis
3358 2141 3478 2196 quae

1893 2234 2082 2289 passus
2116 2229 2228 2286 est,
2297 2218 2687 2274 obedientiam.
2716 2218 2784 2274 Et
2834 2228 3248 2274 consummatus
3302 2218 3479 2274 factus

1892 2325 1976 2368 est
2045 2313 2300 2369 omnibus
2346 2311 2854 2380 obtemperantibus
2904 2311 3008 2366 sibi
3065 2325 3231 2366 causa
3287 2310 3482 2366 salutis

1892 2405 2198 2460 retentae“.
2264 2423 2282 2457 ι
2339 2403 2603 2474 Adjiciam
2665 2418 2796 2459 vero
2853 2403 3015 2458 dictis
3079 2405 3243 2458 etiam
3301 2403 3478 2459 illud:
3543 2393 3560 2414 ¹

1899 2516 1918 2549 ι
1951 2498 2091 2553 Deus
2119 2513 2294 2562 meus,
2320 2497 2464 2554 Deus
2488 2511 2660 2562 meus,
2683 2511 2855 2567 qua-re
2873 2512 2960 2552 me
2983 2497 3314 2566 dereliquisti
3344 2496 3423 2549 “2
3455 2515 3476 2549 ι

1892 2591 2082 2646 Aliena
2109 2591 2252 2646 enim
2304 2591 2419 2646 haec
2475 2606 2597 2648 esse
2627 2592 2816 2646 dicunt
2864 2605 2894 2644 a
2946 2591 3056 2645 Deo
3092 2589 3284 2656 Verbo,
3318 2601 3483 2660 atque

1893 2698 1994 2753 ego
2027 2683 2242 2753 quidem
2275 2683 2539 2754 dignitate
2574 2683 2744 2754 ipsius
2778 2692 2942 2755 atque
2970 2681 3290 2738 excellentia
3325 2683 3484 2754 longe

1894 2777 2153 2833 inferiora
2182 2793 2244 2833 ea
2271 2793 2392 2834 esse
2421 2778 2804 2846 indicaverim.

1965 2870 2033 2926 Α.
2084 2869 2223 2937 Quin
2290 2880 2346 2924 et.
2409 2885 2509 2941 ego
2533 2874 2649 2941 ipse.
2706 2870 2868 2927 facile
2916 2871 3158 2944 intelligo
3206 2874 3321 2930 ham
3375 2890 3482 2931 non

1897 2962 2189 3017 convenire
2220 2960 2397 3017 Verbo
2426 2965 2610 3033 genito
2632 2978 2700 3017 ex
2738 2962 2849 3020 Deo
2896 2962 3077 3028 Patre,
3138 2966 3182 3021 si
3238 2965 3367 3022 illud
3417 2967 3486 3021 ab

1897 3055 2368 3111 administratione
2425 3057 2478 3110 in
2537 3071 2705 3112 carne
2750 3059 3152 3123 removeamus,
3185 3074 3360 3129 neque
3387 3059 3486 3114 ad-

1851 3142 1863 3160 '
1900 3147 2178 3203 mittamus
2227 3149 2279 3202 id
2305 3149 2448 3217 quod
2505 3145 2790 3218 Scriptura
2845 3157 3101 3216 testatur,
3145 3153 3288 3220 quod
3319 3151 3486 3207 nitui-

1899 3256 2017 3294 rum
2053 3241 2225 3297 factus
2255 3245 2326 3296 sit
2352 3258 2501 3310 caro.
2537 3242 2672 3297 Cum
2707 3257 2833 3298 vero
2869 3243 2974 3298 hoc
3030 3243 3261 3299 ﬁrmiter
3297 3254 3488 3300 tenea-

1900 3349 2020 3389 mus
2078 3344 2132 3389 et
2183 3335 2449 3390 dubitatio
2515 3335 2620 3390 hac
2669 3335 2721 3390 in
2777 3350 2836 3389 re
2885 3350 3007 3390 cum
3083 3337 3361 3406 impietate
3415 3341 3488 3395 sit

1900 3427 2220 3494 conjuncta,
2271 3429 2670 3484 incarnationis
2703 3428 3026 3500 mysterium
3075 3441 3338 3499 quantum
3369 3432 3489 3489 ﬁeri

1900 3527 2075 3587 potest
2107 3523 2524 3590 perpendamus.
2553 3523 2819 3591 Apparuit
2858 3521 3042 3586 itaque
3076 3523 3232 3578 nobis
3253 3523 3488 3580 Verbum

1901 3623 1965 3661 ex
2003 3608 2112 3661 Deo
2154 3610 2206 3662 iii
2264 3610 2438 3664 forma
2470 3621 2667 3664 nostra:
2726 3611 2913 3674 simili,
2983 3613 3283 3668 innumeris
3318 3617 3492 3671 modis

1904 3703 2192 3756 humanam
2244 3713 2498 3754 naturam
2559 3700 2784 3770 juvans,
2829 3702 3140 3772 optimeque
3191 3707 3347 3760 nobis
3397 3707 3494 3761 tle-

1903 3802 2212 3846 monstrans
2253 3791 2394 3844 viam
2429 3805 2550 3860 qua:
2603 3791 2671 3846 ad
2719 3791 2926 3860 optima
2983 3809 3211 3864 qumque
3251 3796 3490 3852 deducit.

1904 3883 2135 3940 Necesse
2174 3874 2378 3954 itaque
2410 3894 2529 3938 erat
2593 3896 2649 3940 ut
2695 3883 3051 3950 diceremus,
3092 3903 3214 3942 cum
3263 3893 3494 3944 tentatio

1905 3977 2112 4030 invadit
2165 3991 2258 4031 eos
2317 3976 2408 4046 qui
2461 3976 2530 4032 ob
2575 3976 2921 4031 dilectionem
2957 3976 3052 4032 Del
3093 3980 3490 4050 periclitantur,

1902 4069 2093 4139 quales
2127 4075 2378 4138 oporteat
2411 4083 2532 4124 esse
2555 4083 2650 4124 eos
2681 4070 2769 4139 qui
2815 4069 3140 4126 laudabilem
3171 4082 3332 4141 atque
3373 4073 3492 4127 exi-

1907 4161 2069 4215 miam
2101 4162 2268 4214 vitam
2300 4160 2588 4216 instituere
2620 4163 2791 4216 velint
2832 4180 2846 4219 :
2898 4173 3080 4218 utrum
3111 4164 3175 4217 ad
3223 4166 3491 4234 ignaviam

1906 4269 2124 4322 pronos,
2161 4264 2214 4306 et
2257 4252 2465 4308 deliciis
2505 4255 2749 4320 deditos,
2785 4257 3157 4327 bilaritatique
3212 4269 3267 4312 et
3298 4259 3496 4328 gaudio

1906 4346 2144 4399 animum
2174 4349 2417 4402 laxantes
2448 4366 2460 4402 :
2492 4363 2559 4401 an
2595 4348 2773 4418 potius
2806 4366 2911 4403 una
2954 4351 3204 4420 precibus
3229 4352 3494 4416 intentos,

1835 4449 1960 4514 Det
2010 4439 2373 4511 lacryinantes
2401 4456 2587 4502 coram
2653 4440 2939 4498 Salt'atore
3005 4444 3174 4512 cerni,
3221 4455 3275 4499 et
3329 4445 3497 4513 ipsius

1905 4534 2163 4586 auailium
2220 4535 2378 4590 avide
2441 4545 2782 4607 appetentes,
2842 4537 3076 4606 fortique
3133 4539 3317 4593 animo
3362 4555 3498 4607 pra:-

1907 4624 2048 4678 dilos
2097 4641 2241 4693 esse,
2299 4627 2342 4680 si
2379 4627 2542 4682 etiam
2593 4644 2690 4684 nos
2725 4631 2835 4699 pati
2875 4629 3126 4684 voluerit.
3179 4629 3497 4685 Consultnm

1908 4729 2166 4784 pia-terea
2221 4732 2338 4775 erat
2377 4723 2519 4777 scire
2576 4723 2699 4792 quis
2755 4724 2828 4777 sit
2870 4723 3192 4778 obedientia:
3243 4723 3387 4786 linis,
3445 4735 3498 4777 et

1908 4809 2083 4876 qualis
2122 4824 2434 4881 quantaque
2461 4811 2760 4868 tolerantia:
2815 4828 3026 4869 merces
3069 4814 3142 4868 sit
3197 4813 3497 4883 proposita.

1913 4899 2118 4956 llorutn
2181 4905 2368 4971 itaque
2433 4905 2674 4959 omnium
2736 4905 2905 4975 ﬁgura
2963 4916 3129 4976 atque
3192 4905 3498 4976 exemplum

1914 4991 2069 5045 nobis
2123 4994 2297 5049 laetus
2365 5005 2450 5050 est
2503 4993 2774 5062 Christus,
2833 4997 2978 5065 quod
3023 5007 3079 5051 et
3132 4995 3347 5051 divinus
3412 4995 3496 5050 ille

1913 5082 2104 5138 Petrus
2137 5087 2422 5142 conlirmat
2446 5088 2632 5143 dicens
2665 5106 2678 5142 :
2717 5107 2735 5141 ι
2771 5087 2904 5155 Quae
2941 5089 3086 5144 enim
3131 5100 3214 5144 est
3267 5090 3404 5156 laus,
3453 5089 3496 5144 si

1911 5184 2200 5242 peccantes
2267 5187 2321 5230 et
2373 5179 2697 5248 colaphizati
2755 5181 3055 5237 sull'ertis?
3102 5181 3206 5236 Sed
3259 5181 3304 5236 si
3362 5182 3498 5238 bene

1915 5263 2173 5320 facientes
2203 5270 2471 5336 patienter
2529 5274 2830 5340 sustinetis,
2857 5273 2974 5329 itzec
3012 5284 3092 5328 est
3138 5273 3307 5344 gratia
3360 5275 3498 5344 apud

1915 5355 2079 5411 Deum
2116 5377 2128 5410 :
2159 5361 2282 5428 quia
2311 5373 2365 5416 et
2387 5362 2633 5419 Christus
2663 5380 2858 5433 passus
2875 5374 2958 5420 est
2985 5382 3080 5436 pro
3125 5364 3296 5428 vobis,
3329 5366 3496 5419 relin-

1912 5462 2086 5515 quens
2111 5448 2260 5504 vobis
2281 5453 2588 5522 exemplum
2608 5465 2666 5509 ut
2687 5458 2986 5526 sequamini
3009 5456 3436 5528 restigiaejus".
3476 5475 3496 5508 ι

2483 5654 2526 5687 ⁸⁵
2553 5654 2718 5730 Hebr.
2745 5673 2797 5728 ν,
2823 5659 2932 5716 7-9.
3037 5663 3080 5693 ⁶⁶
3099 5659 3243 5714 Pszil.
3273 5672 3383 5720 xxi,
3428 5653 3498 5721 ις

3067 5818 3143 5880 42
