3946 6202
262 284 403 339 13%

1400 276 1588 345 QUOD
1630 275 1817 333 ΠΝυὸ
1856 270 1961 327 SIT
2002 268 2372 328 CHRISTUS.
2412 312 2416 316 .

3383 273 3518 330 {3'36

264 398 644 469 ἐγερθήσεται.
670 411 689 446 ι
736 393 791 446 '0
826 394 903 456 δὲ,
953 394 1159 447 ἐπείτοί
1202 394 1446 463 φιλόθεος
1476 392 1564 466 ἦν,
1612 415 1630 447 ι
1660 395 1844 457 Ἵλεώς

1979 406 2126 448 utem
2183 392 2385 447 cum'ei
2417 392 2763 446 vehementer
2809 392 3003 447 charus
3039 401 3223 446 esset:
3260 410 3278 442 ι
3348 395 3518 458 Absit,

268 508 369 555 σοι,
407 488 599 557 Κύριε,
644 486 831 553 φησὶν,
863 486 924 538 ού
969 486 1045 556 μὴ
1078 486 1231 540 ἔσται
1274 505 1354 540 σοι
1389 487 1566 540 τοῦτο.
1595 507 1611 538 ι
1657 488 1764 540 και
1793 505 1846 540 τι

266 581 403 652 πρὸς
432 576 592 630 αὐτὸν
616 577 644 628 ὁ
669 574 936 645 Χριστός;
968 596 984 627 ι
1012 576 1229 645 ’Ύπαγε
1257 577 1433 630 ὀπίσω
1463 594 1583 644 μου,
1613 576 1846 637 Σατανᾶ,

264 669 563 727 σκάνδαλόν
601 683 691 738 μοι
722 663 792 732 εἴ,
820 667 902 719 ὅτι
935 667 994 719 οὐ
1038 669 1257 737 φρονεῖς
1286 667 1353 721 τὰ
1385 667 1477 721 τοῦ
1522 666 1678 733 Θεοῦ,
1713 668 1849 723 ἀλλὰ

260 763 329 815 τὰ
363 761 471 814 τῶν
506 757 830 830 ἀνθρώπων.
858 777 876 808 ›
911 757 1107 813 Καίτοι
1157 759 1276 822 πῶς
1324 761 1604 832 ἡμάρτανε
1638 761 1732 813 τοῦ
1772 762 1850 812 εἱ-

262 853 427 914 κότος
454 853 483 905 ὁ
514 849 784 921 μαθητὴς,
806 847 1177 920 ἀποφέρεσθαι
1212 849 1381 903 θέλων
1414 852 1506 905 τοῦ
1533 850 1851 903 διδασκάλου

262 946 357 998 τὸν
405 943 733 1014 πειρασμὸν,
780 943 831 995 εί
870 941 1147 1005 δύσοιστος
1184 937 1253 1012 ἦν
1291 942 1459 1012 αὐτῷ,
1511 943 1604 995 καὶ⁵
1649 944 1850 1013 ἥκιστα

276 1036 376 1107 μὲν
405 1035 661 1107 φορητὸς,
704 1032 916 1095 καθιεὶς
960 1032 1017 1085 δὲ
1048 1032 1249 1103 μᾶλλον
1287 1033 1378 1085 ἐπὶ
1425 1032 1486 1085 τὸ
1526 1031 1719 1086 suam
1759 1035 1852 1086 καὶ

278 1126 598 1196 συνθραύειν
623 1123 805 1177 ἱκανὸν
855 1123 946 1177 τὸν
972 1125 1086 1185 τοῖς
1112 1122 1303 1175 ἑαυτοῦ
1341 1122 1605 1193 μαθηταῖς
1633 1123 1854 1192 ἐπισκή-

279 1238 503 1285 πτοντα,
549 1216 657 1270 τῶν
690 1214 783 1269 τοῦ
819 1214 1050 1269 θανάτου
1088 1214 1360 1284 δειμάτων
1408 1214 1854 1285 κατευμεγεθεῖν,

279 1314 374 1368 καὶ
408 1313 533 1381 παρ’
558 1309 709 1363 οὐδὲν
740 1306 993 1378 ἡγεῖσθαι
1024 1306 1085 1359 τὸ
1116 1306 1330 1371 παθεῖν,
1374 1306 1483 1359 ἐστ’
1514 1306 1580 1360 ἂν
1628 1307 1853 1377 ἀνύηται

281 1406 417 1476 πρὸς
451 1405 550 1457 αὐτ
564 1402 642 1456 ὦν
676 1403 738 1454 τὸ
763 1398 885 1470 Θεῷ
917 1397 1144 1464 δοκοῦν;
1190 1397 1466 1468 Θαυμάζω
1493 1398 1570 1465 δὲ,
1611 1398 1691 1450 ὅτι
1731 1415 1857 1451 συν-

277 1496 447 1568 ῆφθαι
486 1495 734 1563 λέγοντες
780 1491 942 1546 αὐτὸν
973 1491 1051 1561 τῷ
1084 1492 1398 1559 Μονογενεί,
1430 1495 1525 1544 καὶ
1558 1490 1666 1543 τῶν
1698 1490 1858 1544 θείων

280 1589 606 1657 ἀξιωμάτων
636 1584 1029 1654 ἀποφαίνοντες
1059 1582 1334 1646 κοινωνὸν,
1363 1583 1471 1635 τῶν
1500 1582 1591 1636 τοῦ
1623 1583 1857 1636 θανάτου

1948 486 2143 553 inquit,
2178 485 2278 538 hoc
2306 499 2333 536 a
2364 494 2438 549 te,
2470 482 2695 539 Domine
2722 499 2736 546 ;
2791 498 2895 538 non
2943 484 3047 539 erit
3078 482 3172 539 tibi
3205 484 3328 538 hoc.
3370 502 3387 535 ι
3425 486 3518 539 Cui

1948 578 2222 645 respondit
2255 575 2538 631 Christus:
2579 594 2595 624 ι
2628 575 2777 632 Vade
2809 584 2931 643 post
2982 590 3088 639 me,
3117 574 3342 638 Satana,
3392 578 3521 646 quia

1947 667 2259 720 scandalum
2296 667 2423 721 mihi
2459 681 2541 730 es,
2572 675 2628 721 et
2660 681 2764 720 non
2794 665 2939 734 sapis
2991 679 3052 719 ea
3083 680 3202 734 quae
3236 663 3330 719 Dei
3370 676 3515 729 sunt,
3548 728 3549 731 η

1950 758 2039 812 sed
2066 772 2187 827 quae
2219 758 2495 812 hominum
2530 758 2600 813 ⁷⁸.
2641 777 2660 810 ι
2688 757 3044 828 Atquomodo
3074 760 3316 826 peccavit
3359 761 3521 815 disci-
3600 758 3607 771 ’λ

1950 849 2106 917 pulus
2126 849 2350 919 cupiens
2385 866 2414 904 a
2442 850 2701 919 magistro
2729 866 2826 905 suo
2848 866 3128 906 removere
3148 851 3521 917 tentationem,

1951 940 1995 994 si
2022 940 2372 996 intolerabilis
2402 941 2504 1010 ipsi
2530 952 2671 1008 erat,
2696 952 2751 996 et
2789 957 2853 997 eo
2887 941 3277 997 imbecillitatis
3309 942 3521 1010 dejece-

1954 1039 2060 1094 rat,
2121 1045 2240 1099 qua:
2290 1030 2527 1084 animant
2580 1030 2834 1102 frangere
2882 1042 3068 1101 posset
3113 1031 3233 1101 ejus
3277 1033 3366 1102 qui
3414 1032 3527 1088 suis

1955 1121 2230 1190 discipulis
2289 1122 2578 1176 mandabat
2622 1122 2811 1178 mortis
2864 1132 3102 1178 terrores
3142 1138 3441 1192 superare,
3475 1135 3527 1180 et

1954 1226 2051 1280 pro
2086 1211 2252 1266 nihilo
2275 1223 2461 1281 putare
2506 1214 2550 1267 si
2592 1214 2809 1283 quando
2852 1215 3024 1283 ipsum
3076 1218 3184 1285 pati
3238 1227 3528 1272 cernerent

1957 1310 2017 1356 ut
2041 1302 2133 1355 Dei
2169 1302 2415 1358 voluntas
2438 1304 2785 1374 perﬁceretur
2805 1306 2828 1359 2
2849 1306 3013 1362 Miror
3057 1324 3183 1364 vero
3232 1310 3376 1376 quod
3406 1326 3526 1365 cum

1958 1394 2105 1447 illum
2130 1394 2422 1463 Unigenito
2474 1397 2819 1465 coniunctum
2864 1399 3030 1456 fuisse
3077 1411 3341 1469 statuant,
3384 1416 3439 1458 et
3477 1405 3529 1458 in

1959 1483 2265 1539 divinarum
2299 1486 2620 1554 dignitatum
2647 1490 2761 1542 sive
2794 1492 3183 1559 proprietatum
3213 1494 3530 1549 societatem

1959 1587 2311 1647 assumptum,
2346 1580 2526 1632 timori
2564 1581 2751 1635 mortis
2793 1583 3107 1652 subjiciunt,
3155 1586 3226 1639 ita
3271 1596 3328 1640 ut
3357 1589 3531 1641 nudus

279 1678 553 1749 δειμάτων
609 1676 858 1747 ῥίπτουσι
920 1674 1172 1737 κατόπιν,
1221 1673 1289 1727 ἵν’
1332 1673 1505 1744 ὁρῷτο
1543 1672 1665 1727 καθ’
1709 1675 1859 1744 ἡμᾶς

1978 1670 2119 1739 )lane
2166 1672 2336 1726 instar
2379 1681 2619 1727 nostrum
2667 1684 2942 1739 cernatur,
2995 1676 3235 1746 nihilque
3287 1695 3352 1734 ex
3396 1682 3531 1734 divi-

282 1742 487 1843 γυμνὸς
515 1742 775 1841 δηλονότι,
810 1767 905 1821 καὶ
934 1766 1009 1830 ὡς
1050 1765 1158 1818 ἀπὸ
1184 1765 1291 1819 τῶν
1338 1742 1495 1820 θείων
1535 1742 1859 1838 ἀξιωμάτων

1978 1776 2153 1815 iarum
2185 1761 2505 1831 dignitatum
2549 1765 3038 1821 communicatione
3085 1771 3351 1824 commodi
3381 1786 3533 1827 acce-

282 1883 411 1920 κεκε
421 1863 629 1937 ρδακὼς
658 1863 829 1917 οὐδέν.

356 1959 417 2011 Β.
464 1958 680 2018 Ὀποῖος
717 1954 781 2009 ἂν
812 1954 919 2026 ἄρα
949 1956 1064 2008 ἐστὶ
1094 1957 1194 2026 τῆς
1228 1953 1285 2006 ἕν
1316 1971 1379 2022 γε
1413 1953 1622 2017 τούτοις
1657 1954 1860 2006 οἰκονοο

286 2048 418 2119 μίας
444 2049 472 2100 ό
506 2046 659 2115 λόγος
676 2064 693 2112 ;
1308 2104 1309 2107 η

355 2141 419 2192 Α.
450 2139 727 2199 Μυστικδς
763 2140 845 2192 ὅτι
877 2140 971 2192 καὶ
1014 2136 1217 2207 βαθὺς,
1269 2137 1365 2189 καὶ
1413 2134 1862 2205 τεθαυμασμένος

286 2232 444 2304 παρά
473 2248 539 2299 γε
575 2234 687 2293 τοῖς
726 2230 923 2283 εἰδόσιν
952 2229 1127 2301 ὀρθῶς
1156 2229 1216 2282 τὸ
1257 2225 1498 2299 Χριστοῦ
1544 2228 1861 2296 μυστήριον.

290 2326 485 2395 "Aepy,
528 2322 638 2392 γάρ
671 2339 759 2396 μοι
796 2321 922 2384 τοὺς
947 2323 1012 2391 τῇ
1041 2320 1267 2373 κενώσει
1292 2319 1603 2390 πρέποντας
1650 2318 1863 2386 λόγους»

286 2415 382 2468 καὶ
420 2415 533 2476 τοῖς
557 2415 657 2483 τῆς
694 2410 1109 2483 ἀνθρωπότητος
1146 2410 1365 2482 μέτροις
1391 2412 1492 2464 οὐκ
1516 2409 1865 2475 ἀπεοικότας,

282 2507 361 2570 ὡς
406 2507 463 2560 ἐν
494 2504 675 2575 καιρῷ
707 2504 798 2557 καὶ
841 2503 1002 2575 χρείᾳ
1038 2504 1470 2574 γεγενημένους,
1509 2504 1597 2557 ἵνα
1630 2503 1868 2574 φανῆται

286 2596 563 2667 πανταχοῦ
596 2595 717 2649 καθ’
739 2596 889 2665 ἡμᾶς
920 2595 1161 2663 γεγονὼς
1186 2597 1214 2648 ό
1247 2595 1386 2665 ὑπὲρ
1418 2597 1597 2648 πᾶσαν
1626 2595 1724 2666 τὴν
1754 2595 1870 2649 xci-

290 2703 397 2740 σιν.
421 2687 653 2755 ’Έψεται
676 2684 737 2737 δὲ
772 2684 950 2755 τούτῳ
981 2686 1206 2739 κάκεῖνο
1232 2684 1296 2755 δὴ
1326 2682 1417 2740 αὖ.

362 2779 421 2831 Β.
456 2778 530 2830 Τὸ
562 2777 711 2831 ποῖόν
740 2794 790 2829 τι
822 2777 962 2847 φής;
1143 2803 1153 2807 -
1400 2806 1415 2819 ο

360 2870 426 2921 A.
476 2867 697 2937 Ἐπειδὴ
730 2867 839 2938 γὰρ
878 2867 1183 2938 γεγόναμεν
1231 2867 1527 2937 ἑπάρατοι,
1556 2867 1645 2920 διὰ
1672 2867 1771 2938 τὴν
1814 2868 1873 2923 ἐν

302 2959 479 3030 ’Δδὰμ
513 2958 849 3029 παράϐασιν,
892 2958 1261 3030 πεπτώκαμεν
1288 2959 1343 3013 δὲ
1370 2960 1464 3013 καὶ
1510 2959 1615 3013 ὑπὸ
1642 2960 1870 3015 θανάτου
1898 2974 1905 2979 ‘

290 3055 503 3121 πάγην,
528 3049 1046 3120 ὲγκαταλειφθέντες
1076 3052 1181 3104 ὑπὸ
1217 3051 1376 3117 Θεοῦ,
1409 3052 1588 3106 πάντα
1615 3052 1672 3106 δὲ
1709 3054 1870 3121 γέγο-
1901 3086 1943 3143 C

291 3161 381 3196 νεν
410 3146 467 3195 ὲν
494 3141 717 3213 Χριστῷ
742 3142 922 3206 καινά,
950 3144 1043 3196 καὶ
1068 3144 1420 3214 ἁναφοίτησις
1445 3144 1555 3196 τῶν
1578 3142 1701 3211 καθ’
1726 3145 1876 3215 ⁴ἡμᾶς·

291 3236 374 3297 ιίς
405 3233 479 3286 ’τὸ
517 3234 575 3286 ὲν
611 3234 843 3304 ἀρχαῖς·
898 3234 1065 3305 ἐχρῆν
1112 3236 1431 3303 ἀναγκαίως
1483 3236 1573 3288 τὸν
1625 3235 1876 3305 δεύτερον

307 3326 480 3396 Ἀδὰμ
511 3325 602 3378 τὸν
624 3325 683 3391 ἐξ
710 3324 962 3396 ούρανοῦ,
990 3326 1084 3379 τὸν
1126 3326 1345 3395 ἁπάσης
1375 3326 1654 3394 ἁμαρτίας
1690 3327 1876 3397 κρείτ-

294 3434 455 3483 τονα,
511 3416 610 3489 τὴν
662 3418 938 3486 πάναγνον
989 3415 1085 3469 καὶ
1138 3415 1408 3485 ἆϐέὸηλον
1470 3416 1727 3487 ἀπαρχὴν
1779 3417 1875 3472 τοῦ

297 3512 490 3581 γένους
523 3510 801 3583 δευτέραν,
837 3508 1083 3563 τουτέστι
1124 3508 1379 3579 Χριστὸν,
1425 3507 1733 3571 ἀπαλλάξαι
1778 3509 1878 3575 τῆς

295 3605 454 3675 δίκης
486 3604 583 3676 τὴν
629 3602 921 3675 ἀνθρώπου
957 3600 1144 3671 φύσιν,
1189 3601 1284 3654 καὶ
1316 3598 1545 3653 καλέσαι
1596 3600 1761 3653 πάλιν
1791 3600 1877 3653 ἐπ’

296 3698 438 3767 αὐτῇ
477 3698 577 3767 τὴν
603 3696 807 3751 ἄνωθεν
834 3694 932 3750 καὶ¹
958 3695 1111 3766 παρὰ
1133 3693 1344 3765 [ἰατρὸς
1374 3694 1687 3765 εὐμένειαν,
1719 3692 1879 3747 λῦσαί

301 3806 359 3841 τε
397 3789 493 3860 τὴν
524 3789 911 3860 ἐγκατάλειψιν
941 3788 1029 3842 διὰ
1059 3788 1160 3859 τῆς
1189 3787 1439 3859 ὑπακοῆς
1487 3788 1581 3842 καὶ
1624 3790 1724 3861 τῆς
1766 3790 1880 3841 εἰσ-

302 3883 450 3935 άπαν
497 3882 795 3952 ὑποταγῆς.
844 3881 918 3933 Οὐ
967 3878 1078 3949 γὰρ
1124 3879 1379 3948 ἐποίησεν
1434 3878 1734 3951 ἁμαρτίαν,
1781 3896 1880 3931 πε-

302 3973 576 4045 πλούτηκε
608 3974 663 4027 δὲ
697 3974 759 4027 τὸ
784 3972 1087 4045 ἀμώμητον
1117 3974 1150 4043 ἡ
1178 3970 1468 4043 ἀνθρώπου
1503 3972 1667 4041 φύσις
1703 3974 1759 4025 ὲν
1793 3973 1883 4027 αύ-

301 4066 401 4136 τῷ,
439 4066 535 4118 καὶ
573 4067 631 4119 τὸ
663 4066 1033 4135 ἀνεπίληπτον
1064 4064 1365 4129 παντελῶς,
1391 4065 1480 4119 ἵνα
1512 4064 1739 4137 δύνηται
1774 4066 1883 4119 λοι-

300 4156 403 4208 πὸν
430 4157 493 4208 ὲκ
520 4156 830 4227 παρρησίας
854 4154 1112 4226 ἀναόοᾷντ
1128 4174 1145 4207 ι
1165 4154 1265 4208 Θεέ
1288 4173 1411 4226 μου,
1434 4156 1538 4210 Θεέ
1565 4174 1688 4228 μου,
1719 4157 1803 4212 ἴνα
1829 4156 1882 4210 τί

304 4266 371 4317 με
396 4249 759 4317 ἐγκατέλιπες
777 4267 792 4315 ;
808 4268 825 4301 ι
847 4248 1048 4302 Ἐννόει
1078 4248 1207 4317 γὰρ,
1231 4250 1311 4303 ὅτι
1333 4250 1574 4319 γεγονὼς
1598 4249 1884 4322 ἄνθρωπος

299 4342 328 4390 ό
359 4337 692 4410 Μονογενὴς,
714 4339 788 4401 ὡς
826 4333 907 4402 εἷς
932 4337 992 4402 ἐξ
1014 4342 1045 4410 ἡ
1057 4340 1192 4409 μῶν,
1224 4340 1321 4394 καὶ
1350 4339 1491 4412 ὑπὲρ
1523 4340 1743 4411 ἁπάσης
1784 4341 1883 4410 τῆς

1962 1870 2125 1924 pisse.

2033 1944 2095 1998 Β.
2158 1946 2411 2013 Quaenam
2450 1946 2612 2018 igitur
2656 1958 2741 2003 est
2789 1948 2842 2003 in
2896 1949 3045 2005 hisee
3078 1953 3395 2008 meonomiae
3449 1970 3535 2009 ra-

1966 2035 2040 2091 tio
2065 2036 2087 2089 ?

2035 2127 2101 2182 A.
2158 2128 2382 2199 Mystiea
2455 2138 2617 2198 atque
2677 2130 2994 2188 admiranda
3049 2133 3114 2189 iis
3189 2135 3276 2203 qui
3339 2136 3539 2194 Christi

1967 2220 2281 2291 mysterium
2312 2230 2456 2276 recte
2480 2222 2803 2292 intelligunt.
2832 2224 3215 2280 Animadverte
3245 2228 3390 2282 enim
3415 2245 3539 2284 ver-

1967 2312 2034 2366 ba
2073 2312 2430 2367 exinanitioni
2481 2314 2887 2379 convenientia.
2930 2326 2987 2370 et
3035 2318 3102 2371 ab
3158 2316 3407 2375 humana:
3444 2336 3539 2375 na-

1971 2414 2103 2458 turae
2146 2405 2455 2460 conditione
2501 2422 2845 2478 nequaquam
2896 2408 3094 2475 aliena,
3132 2423 3246 2464 .suo
3301 2420 3543 2483 tempore

1970 2506 2131 2565 atque
2178 2507 2480 2567 opportune
2532 2499 2737 2562 habita,
2783 2510 2840 2553 ut
2880 2500 2925 2555 is
2970 2503 3059 2569 qui
3115 2518 3272 2571 supra
3325 2520 3539 2560 (minent

1970 2600 2271 2645 creaturam
2310 2599 2414 2655 est,
2473 2593 2643 2646 nostri
2674 2607 2897 2661 prorsus
2960 2594 3155 2649 similis
3210 2595 3386 2651 factus
3422 2613 3544 2654 esse

1966 2694 2239 2739 cernatur.
2290 2682 2667 2754 Consequetur
2713 2693 2893 2740 autem
2930 2685 2996 2740 ad
3034 2688 3159 2752 hoc,
3193 2690 3360 2744 etiam
3392 2691 3542 2748 illud.

2042 2774 2103 2828 Β.
2155 2774 2417 2840 Quidnam
2442 2776 2466 2829 ἓ

2040 2868 2105 2921 Δ.
2132 2866 2265 2921 Cum
2288 2867 2431 2921 enim
2464 2866 2591 2923 facti
2644 2882 2835 2923 sumus
2881 2871 3270 2937 exsecrabiles,
3326 2884 3546 2943 propter

1975 2959 2458 3029 transgressionem
2521 2960 2671 3023 Atlas,
2732 2960 3023 3016 incidimus
3079 2978 3206 3018 vero
3255 2966 3307 3018 in
3357 2967 3549 3021 mortis

1978 3050 2218 3120 laqueos,
2262 3050 2460 3106 deserti
2497 3067 2526 3105 a
2558 3050 2690 3117 Deo,
2739 3052 2917 3104 omnia
2976 3067 3103 3106 vero
3148 3053 3286 3108 facta
3334 3058 3546 3110 suntin

1978 3143 2192 3199 Christo
2226 3158 2358 3197 nova
2382 3144 2451 3207 ⁷⁸,
2480 3152 2537 3197 et
2591 3153 2785 3205 natura
2823 3152 3008 3196 nostra
3052 3146 3291 3213 pristiam
3334 3163 3443 3200 sure
3468 3148 3550 3201 in-

1979 3235 2211 3304 tegritati
2244 3234 2493 3287 restituta
2513 3242 2599 3287 est
2630 3249 2646 3298 ;
2684 3234 3049 3288 necessariam
3102 3236 3323 3291 omnino
3369 3237 3467 3293 fuit
3492 3251 3551 3294 ut

1978 3326 2243 3382 secundus
2268 3326 2440 3381 Adam
2466 3342 2529 3380 ex
2558 3325 2697 3382 caelo
2745 3326 2923 3379 ontnis
2984 3330 3189 3395 peccati
3225 3344 3443 3397 expers,
3496 3341 3551 3385 et

1980 3417 2277 3483 purissinnc
2308 3416 2523 3485 generis
2552 3414 2719 3469 nostri
2742 3416 3015 3483 primitiae,
3050 3417 3151 3471 hoc
3176 3429 3261 3472 est
3282 3417 3549 3481 Christus.

1981 3505 2267 3560 humanam
2325 3518 2569 3562 naturam
2600 3522 2629 3560 a
2664 3520 2823 3574 ptena
2882 3507 3157 3574 liberaret,
3186 3520 3243 3564 et
3272 3512 3552 3567 caelestem

1980 3592 2158 3648 Patris
2192 3596 2628 3649 benevolentiam
2656 3598 2706 3651 ei
2738 3611 2927 3652 rursus
2978 3599 3293 3654 conciliaret
3331 3617 3345 3665 ;
3376 3602 3552 3655 illam-

1982 3701 2086 3756 que
2110 3685 2281 3739 nostri
2312 3686 2670 3740 desertionem
2721 3687 2982 3753 aboleret,
3032 3705 3129 3758 per
3187 3690 3554 3747 obedientiam

1984 3778 2353 3847 integramque
2379 3778 2793 3846 subiectionem.
2822 3777 3004 3850 Neque
3042 3782 3184 3835 enim
3211 3780 3340 3837 fecit
3363 3790 3557 3853 pecca-

1982 3879 2092 3925 tum
2117 3870 2185 3934 "',
2223 3868 2568 3939 humanaque
2594 3879 2785 3925 natura
2812 3871 2865 3926 in
2885 3873 3000 3941 ipso
3025 3872 3297 3943 inculpata
3325 3875 3557 3946 irrepre-

1983 3962 2373 4033 hensibilisque
2393 3971 2476 4019 est
2509 3960 2698 4019 eﬂ‘ecta
2739 3981 2753 4019 :
2790 3974 2846 4020 ut
2893 3963 3053 4036 757
3102 3966 3271 4035 possit
3305 3968 3559 4037 deinceps

1984 4055 2152 4111 libere
2209 4052 2547 4109 exclamare:
2586 4053 2759 4110 «Deus
2787 4069 2960 4123 meus,
3016 4056 3156 4112 Deus
3182 4073 3355 4124 meus,
3391 4075 3561 4128 quare

1985 4162 2071 4202 me
2116 4145 2452 4216 dereliquisti
2500 4145 2524 4201 τ
2559 4164 2579 4198 ι
2609 4146 2996 4204 Animadverte
3032 4149 3198 4217 enim,
3236 4152 3383 4221 quod
3430 4167 3559 4208 cum

1986 4239 2305 4309 Unigenitus
2347 4237 2522 4295 lactus
2558 4247 2644 4295 est
2678 4239 2860 4309 homo,
2907 4241 3050 4298 sicut
3093 4257 3234 4297 unus
3276 4256 3342 4298 ex
3381 4245 3560 4309 nobis,

1986 4348 2084 4402 pro
2152 4332 2401 4387 universa
2466 4333 2631 4388 etiam
2694 4342 2889 4388 natura
2971 4335 3209 4390 humana
3296 4336 3556 4405 ejusmodi

302 4429 519 4497 φύσεως
549 4430 647 4492 τὰς
670 4430 927 4493 τοιαύτας
952 4430 1104 4501 ἠφίει
1133 4432 1337 4501 φωνὰς,
1370 4434 1654 4504 μονονουχὶ
1687 4434 1871 4502 λέγωνί

1990 4437 2149 4479 voces
2224 4423 2444 4490 emisit,
2512 4423 2671 4494 quasi
2748 4425 2937 4481 dicens
2992 4441 3007 4480 :
3056 4425 3310 4482 Peccavit
3354 4429 3563 4498 primus

306 4520 781 4590 Πεπλημμὲ).ηκεν
806 4523 835 4574 ό
860 4521 1074 4592 πρῶτος
1102 4522 1408 4593 ἄνθρωπος,
1436 4524 1778 4595 παρώλισθεν
1808 4528 1887 4588 εἰς

309 4611 619 4681 παρακοήν,
666 4613 1011 4683 κατημέλησε
1054 4618 1152 4688 τῆς
1190 4615 1438 4685 δοθείσης
1480 4616 1730 4685 ἐντολῆς,
1777 4620 1887 4681 τοῖς

308 4700 405 4754 τοῦ
430 4699 724 4770 δράκοντος
759 4708 1113 4776 φενακισμοῖς
1143 4707 1223 4769 εἰς
1253 4706 1315 4759 τὸ
1355 4705 1565 4776 ἑξήνιον
1603 4708 1875 4778 συνηρπά-

310 4792 469 4855 ζετο·
494 4790 774 4864 ταύτῃτοι,
815 4797 908 4848 καὶ
954 4796 1097 4865 μάλα
1137 4796 1382 4859 είκότως,
1420 4797 1781 4866 ὑπενήνεκται
1820 4801 1887 4870 τῇ

310 4884 517 4954 φθορᾷ,
565 4885 658 4937 καὶ
684 4886 906 4957 γέγονεν
946 4888 1052 4941 ὑπὸ
1100 4887 1292 4956 δίκην·
1343 4886 1460 4939 ἀλλ’
1489 4888 1591 4958 ἐμὲ
1632 4890 1889 4961 δευτέραν

304 4977 613 5045 ἐφύτευσας
664 4978 838 5051 ἀρχὴν
883 4983 996 5044 τοῖς
1051 4978 1149 5031 ἐπὶ
1197 4980 1297 5049 τῆς
1329 4980 1454 5049 γῆς,
1505 4982 1889 5051 κεχρημάτικα

303 5065 556 5137 δεύτερος
583 5068 773 5139 Ἀδάμ.
802 5070 890 5122 Ἐν
919 5068 1045 5139 ἐμοὶ
1072 5066 1491 5138 κεκαθαρμένην
1506 5068 1640 5137 ὁρᾷς
1666 5070 1767 5137 τὴν
1793 5070 1884 5123 άν-

307 5159 526 5229 θρώπου
549 5159 731 5228 φύσιν,
764 5160 1193 5232 κατορθώσασαν
1215 5159 1274 5212 τὸ
1302 5159 1683 5230 ἀπλημμελὲς,
1719 5161 1883 5229 ἁγίαν

304 5252 401 5303 καὶ
426 5252 722 5319 πάναγνον.
751 5253 903 5308 Δίδου
935 5252 1120 5306 λοιπὸν
1140 5251 1210 5305 τὰ
1234 5251 1291 5317 ἐξ
1318 5252 1655 5323 ἡμερότητος
1680 5253 1882 5321 ἀγαθὰ,

303 5340 399 5395 λύε
442 5343 541 5413 τὴν
588 5345 995 5414 ἐγκατάλειψιν,
1048 5346 1374 5416 ἐπιτίμησον
1414 5348 1479 5415 τῇ
1531 5344 1738 5415 φθορᾷ,
1795 5349 1888 5399 καὶ

307 5432 480 5502 πέρας
517 5433 689 5502 ἐχέτω
717 5436 786 5489 τὰ
816 5434 880 5500 ἐξ
920 5436 1106 5507 ὀργῆς.
1154 5436 1434 5505 Νενεκηκα
1466 5435 1573 5505 γὰρ
1605 5436 1766 5488 αὑτὸν
1796 5439 1888 5489 τὸν

306 5523 475 5574 πάλαι
507 5523 858 5592 κρατήσαντα
903 5525 1165 5581 Σατανᾶν.
1210 5519 1350 5593 Εὗρε
1388 5525 1587 5601 γὰρρὲν
1624 5526 1747 5595 ἐμοὶ
1782 5527 1890 5578 τῶν

377 5697 422 5727 ⁷⁸
453 5696 647 5752 Matth.
677 5711 790 5759 ενι.
830 5696 920 5757 22.
951 5697 1040 5751 25.
1115 5698 1158 5728 ⁷⁸
1196 5696 1235 5751 ΙΙ
1267 5698 1388 5755 Cor.
1426 5715 1478 5759 ν.
1518 5700 1598 5755 l7.
1676 5701 1719 5733 ⁷⁷
1745 5700 1844 5757 lsa.

1982 5743 1994 5758 .
2031 5701 2091 5761 9;
2122 5702 2138 5754 l
2174 5702 2317 5760 l‘etr.
2355 5720 2414 5770 tt,
2444 5707 2534 5759 2:2.

1991 4518 2175 4583 homo,
2237 4515 2420 4586 lapsus
2482 4516 2535 4570 in
2579 4516 3000 4573 inobedientiam
3033 4518 3313 4589 ;neglexit
3363 4535 3562 4589 praece-

1987 4617 2135 4678 ptum
2175 4608 2317 4677 quod
2340 4607 2387 4662 ei
2436 4607 2618 4661 datum
2671 4618 2811 4673 erat,
2861 4619 2916 4663 et
2962 4610 3213 4665 draconis
3266 4611 3562 4680 impostura

1989 4704 2055 4756 ad
2104 4701 2523 4756 inobedientiatn
2572 4710 2755 4770 raptus
2805 4711 2908 4754 est.
2962 4699 3188 4767 idcirco,
3234 4712 3293 4757 et
3345 4704 3561 4771 quidem

1990 4793 2201 4857 merito,
2264 4792 2595 4859 corruptioni
2632 4800 2686 4845 et
2728 4805 2902 4860 praua:
2926 4792 3192 4847 obnoxius
3239 4794 3413 4847 factus
3457 4804 3559 4848 est.

1989 4882 2094 4936 Sed
2165 4897 2252 4937 me
2310 4883 2630 4937 mortalibus
2675 4885 2972 4938 secundum
3028 4886 3356 4955 principium
3400 4899 3564 4956 atque

1991 4982 2270 5027 auctorem
2328 4975 2676 5041 constituisti,
2733 4987 2788 5030 et
2850 4986 3070 5031 vocatus
3121 4994 3239 5031 sum
3292 4981 3563 5033 secundus

1992 5064 2163 5117 Adam
2197 5063 2261 5117 ⁷⁸.
2303 5064 2359 5117 ln
2415 5081 2501 5120 nte
2548 5066 2860 5121 mundatam
2916 5068 3067 5122 vides
3124 5068 3413 5123 humanam
3471 5085 3564 5122 na-

1992 5167 2203 5223 turam,
2252 5168 2416 5227 atque
2489 5160 2781 5230 integritati
2834 5163 3138 5216 restitutam
3190 5174 3433 5218 sanctam
3501 5180 3565 5219 ac

1992 5266 2203 5321 puram.
2233 5251 2452 5323 Largire
2499 5254 2571 5308 illi
2597 5255 2850 5325 deinceps
2881 5254 3235 5326 benignitatis
3258 5268 3360 5312 tum
3403 5260 3563 5324 bona,

1994 5345 2374 5400 alienationem
2403 5346 2500 5399 abs
2533 5355 2581 5399 te
2615 5347 2790 5411 abole,
2824 5348 3101 5402 interitum
3133 5351 3297 5412 solve.
3329 5362 3381 5404 et
3404 5352 3564 5404 tinem

1999 5438 2193 5493 habent
2220 5448 2307 5491 tua
2343 5441 2443 5493 ira.
2482 5437 2599 5493 Vici
2649 5440 2794 5493 enim
2849 5426 3105 5497 Satanam
3148 5446 3237 5512 qui
3277 5448 3387 5512 jam
3435 5436 3564 5495 an...

2000 5528 2283 5600 imperium
2348 5529 2680 5586 obtinuerat.
2713 5530 2854 5587 Nihil
2907 5535 3050 5588 enim
3110 5551 3333 5604 prorsus
3387 5535 3438 5586 in
3483 5547 3567 5585 me

2617 5710 2659 5740 "
2687 5709 2705 5763 ί
2734 5711 2854 5769 Cor.
2891 5727 2977 5769 xv,
3009 5712 3094 5764 $5.
