3946 6202
453 273 589 329 1527

1438 270 1493 325 S.
1536 268 1806 325 αγιιιιιι
1848 267 2316 325 ALEXANDRIM
2356 268 2676 324 ARCHIEP.

3572 276 3595 323 1
3608 270 3709 324 528

451 401 603 442 suum
636 382 861 440 invenit.
918 381 1064 439 Talis
1091 382 1273 453 itaque
1309 390 1411 446 est,
1446 394 1505 437 ut
1542 382 1795 449 arbifror,
1831 384 2012 439 verbo.

2122 383 2314 437 ἑαυτοῦ
2351 383 2629 446 παντελῶς
2660 382 2834 436 οὐδέν.
2870 382 3121 446 Τοιοῦτος
3156 382 3253 453 μὲν
3284 377 3395 445 οὖν,
3434 382 3513 444 ὥς
3542 399 3608 452 γε
3636 381 3712 437 οἴ-

452 493 567 532 rum
616 474 915 531 Salvatoris
962 489 1178 531 sensus.
1228 474 1343 529 Non
1372 474 1516 529 enim
1553 475 1677 536 sibi,
1720 475 1816 531 sed
1860 476 2018 530 nobis

450 568 840 638 benignitatem
877 565 1054 621 Patris
1101 566 1378 636 poscebat.
1421 564 1552 620 Nam
1592 568 1732 622 sicut
1783 569 1835 621 in
1901 568 2023 621 uni-

417 679 659 718 -versam
717 660 952 716 hominis
993 670 1240 713 naturam
1285 674 1349 713 ex
1400 661 1607 715 Adamo
1654 659 1817 715 veluti
1844 662 2016 730 prima

452 757 630 809 radice
656 767 812 823 poena
849 760 1071 821 peccato
1120 752 1299 807 debita
1339 767 1677 821 pervaserat,
1718 771 1735 803 ‹
1777 753 2020 822 regnavit

448 847 589 899 enim
620 860 763 897 mors
787 844 859 898 ab
897 843 1102 898 Adamo
1152 858 1322 913 usque
1362 844 1428 898 ad
1470 843 1709 916 Moysen,
1756 846 1919 899 etiam
1964 844 2017 899 in

448 950 539 989 cos
574 937 663 1005 qui
718 950 822 990 non
882 946 1244 1003 peccaverunt
1300 936 1354 990 in
1407 937 1819 992 similitudinem
1876 952 2016 1005 prce-

446 1026 796 1082 varicationis
823 1027 952 1081 Atla:
986 1028 1031 1058 "
1060 1046 1071 1079 :
1110 1046 1127 1079 ι
1168 1027 1237 1081 ita
1273 1028 1437 1081 etiam
1471 1044 1536 1081 ex
1556 1030 1793 1083 secundo
1835 1039 2018 1084 nostro

448 1119 732 1189 principio,
796 1119 896 1172 hoc
946 1128 1029 1172 est
1106 1117 1342 1183 Christo,
1395 1135 1579 1175 rursus
1622 1121 1673 1175 iu
1710 1122 2017 1175 universum

447 1224 615 1281 genus
664 1208 959 1263 humanum
1001 1211 1111 1264 vita
1156 1209 1575 1265 transfunditur.
1610 1212 1760 1278 Quod
1803 1213 2017 1281 quidem

446 1305 608 1356 etiam
643 1303 1081 1372 sapientissimus
1113 1302 1313 1357 Paulus
1334 1304 1616 1357 confirmat
1653 1304 1873 1358 dicens:
1914 1322 1932 1353 ι
1960 1304 2018 1358 Si

446 1395 590 1446 enim
621 1395 780 1448 unius
804 1394 999 1448 delicto
1045 1394 1197 1448 multi
1227 1395 1420 1449 mortui
1450 1405 1595 1459 sunt,
1635 1395 1801 1447 multo
1848 1396 2019 1465 magis

450 1486 828 1555 nniusjustitia
855 1488 1004 1540 multi
1037 1488 1219 1540 vivent
1240 1487 1307 1540 ⁸ο.
1349 1506 1367 1539 i
1398 1488 1461 1541 Et
1497 1502 1744 1540 rursum:
1775 1506 1791 1538 ι
1814 1486 2017 1552 Quem-

444 1580 733 1635 admodum
794 1582 938 1635 enim
1004 1581 1055 1633 in
1110 1580 1280 1633 Adam
1331 1594 1518 1634 omnes
1565 1581 1913 1634 moriuntur:
1946 1582 2017 1635 ita

446 1674 607 1727 etiam
639 1674 690 1728 in
720 1674 937 1728 Christo
985 1687 1174 1727 omnes
1214 1672 1627 1727 vivificabuntur
1649 1672 1715 1728 ⁸¹.
1757 1692 1775 1723 ›

517 1851 576 1905 Β.
609 1850 848 1920 Ineptum
872 1850 1051 1920 itaque
1094 1859 1142 1904 et
1171 1849 1571 1905 dissentancum
1605 1866 1631 1903 a
1663 1867 1819 1906 sacra
1875 1851 2021 1907 Scri—

445 1954 601 2016 ptura
632 1952 716 1999 est
760 1945 1070 1999 existimare
1116 1955 1171 1999 et
1226 1945 1407 1999 dicere
1468 1945 1738 2000 hominem
1802 1962 2020 2001 assum-

445 2047 593 2105 ptum
645 2036 805 2091 veluti
886 2035 1160 2091 desertum
1217 2050 1246 2089 a
1309 2034 1486 2091 Verbo
1548 2037 1645 2106 ipsi
1709 2038 2016 2108 conjuncta,

445 2126 697 2183 humanis
726 2125 949 2183 vocibus
973 2141 1125 2180 usum
1157 2124 1342 2181 fuisse.

512 2311 579 2363 A.
612 2310 833 2379 impium
871 2305 1045 2375 plane,
1103 2314 1263 2376 atque
1317 2316 1572 2363 extremae
1604 2306 1883 2376 cuiusdam
1931 2310 2015 2364 in-

442 2401 608 2456 saniae
667 2407 1042 2469 argumentum
1109 2397 1290 2463 fuerit,
1348 2413 1517 2467 neque
1544 2400 1777 2454 alienum
1823 2401 1890 2457 ab
1950 2403 2018 2458 iis

441 2494 533 2564 qui
571 2503 715 2547 recte
740 2493 943 2549 sentire
979 2491 1244 2546 nesciunt.
1280 2491 1414 2547 Cum
1468 2493 1611 2547 enim
1647 2494 1932 2566 sejungant
1954 2512 2017 2552 ac

442 2582 927 2653 scparentonmino
961 2590 1013 2636 et
1040 2596 1197 2637 voces
1251 2593 1308 2636 et
1346 2597 1453 2647 res,
1483 2592 1645 2653 atque
1676 2584 1773 2638 has
1798 2586 2014 2657 quidem

440 2674 540 2729 soli
584 2687 649 2727 ac
695 2673 1038 2743 peculiariter
1096 2672 1387 2742 Unigenito
1414 2675 1672 2739 tribuant,
1733 2678 1830 2732 bas
1889 2692 2016 2734 vero

439 2762 650 2820 c'uidam
703 2765 915 2818 diverso
961 2766 1027 2817 ab
1074 2763 1175 2818 hoc
1207 2763 1367 2831 Filio,
1401 2774 1453 2820 et
1499 2782 1563 2818 ex
1604 2766 1829 2823 muliere
1864 2778 2011 2833 nato,

439 2869 472 2909 a
529 2870 653 2910 vera
702 2853 868 2925 758
927 2862 1182 2921 rectaque
1234 2855 1318 2907 via
1375 2853 1647 2921 aberrant,
1702 2856 2015 2928 Christique

439 2944 756 3018 mysterium
786 2958 890 2997 non
927 2942 1252 3013 intelligunt.

509 3210 571 3268 Β.
595 3211 711 3268 Non
730 3221 856 3267 sunt
882 3211 1062 3283 itaque
1090 3216 1399 3282 separandae
1422 3228 1583 3271 voces
1610 3225 1702 3270 aut
1733 3231 1841 3282 res,
1877 3217 2011 3272 alla-

438 3306 513 3362 tis
544 3306 616 3361 'in
666 3305 898 3361 medium
945 3307 1272 3379 evangelicis
1305 3317 1467 3378 atque
1507 3308 1816 3379 apostolicis
1857 3312 2010 3367 testi-

437 3396 636 3452 moniis
658 3396 681 3449 ?

506 3489 572 3544 Δ.
617 3489 987 3560 Nequaquam,
1054 3499 1312 3559 quantum
1381 3490 1574 3544 attinet
1634 3490 1702 3545 ad
1753 3505 2011 3561 personas

436 3583 569 3637 duas
595 3591 649 3636 et
697 3581 1012 3652 hypostases
1046 3584 1180 3638 duas
1206 3582 1488 3639 distinctas
1518 3582 1658 3638 inter
1695 3599 1775 3651 se,
1809 3591 1865 3639 et
1886 3597 2008 3653 spe-

434 3675 649 3730 cialiter
707 3675 850 3729 inter
908 3688 968 3730 se
1036 3684 1477 3730 remotaszcum
1545 3675 1688 3731 enim
1747 3676 1816 3731 sit
1856 3691 2010 3735 unus

432 3766 606 3822 Filius
643 3767 877 3822 Verbum
936 3777 1152 3838 propter
1200 3782 1298 3822 nos
1351 3768 1712 3835 incarnatum,
1776 3768 2007 3823 dixerim

433 3859 615 3913 omnia
642 3873 764 3915 esse
792 3859 980 3927 ipsius,
1008 3873 1173 3915 voces
1202 3859 1458 3914 nimirum
1496 3870 1681 3933 etres,
1723 3860 2011 3931 divinaque

434 3948 596 4004 simul
622 3958 677 4004 et
709 3949 962 4004 humana.

502 4040 565 4095 Β.
597 4041 739 4112 Ergo
767 4059 890 4097 cum
939 4056 1004 4096 ex
1038 4040 1245 4098 itinere
1284 4043 1543 4100 defessus
1572 4045 1738 4102 fuisse
1785 4046 2004 4111 dicitur,

435 4142 597 4203 atque
617 4133 897 4201 esuriisse,
926 4148 1286 4203 somnumque
1315 4137 1545 4207 cepisse,
1574 4140 1916 4194 .convenitne
1950 4150 2007 4195 ut

437 4239 524 4282 res
550 4225 683 4283 adeo
701 4228 936 4282 minutas
954 4240 1024 4282 ac
1045 4228 1176 4285 viles
1199 4228 1307 4284 Deo
1337 4230 1511 4287 Verbo
1536 4233 1902 4287 ascribamus?

2035 3077 2086 3141 C

2124 494 2245 548 μαι,
2271 476 2381 529 τῶν
2408 476 2500 529 τοῦ
2529 474 2781 546 Σωτῆρος
2809 474 2981 543 λόγων
3005 478 3033 529 ὁ
3070 474 3199 538 ιοῦς.
3239 474 3450 529 Ἐκάλει
3477 476 3588 547 γὰρ
3609 478 3703 528 οὐκ

2117 569 2204 637 ἐφ’
2231 569 2417 621 ἑαυτὸν
2456 567 2675 638 μᾶλλον,
2720 568 2836 621 ἀλλ’
2865 569 2949 636 ἐφ’
2992 569 3138 638 ἡμᾶς
3171 568 3388 633 αὐτοὺς,
3417 569 3517 638 τὴν
3553 569 3710 640 παρά

2122 660 2332 729 Πατρδς
2381 659 2688 728 εὐμένειαν.
2743 659 2952 730 Ὥσπερ
3008 658 3116 728 γὰρ
3180 659 3259 720 είς
3293 659 3421 726 ὃλην
3458 659 3560 729 τὴν
3609 661 3685 713 ti»

2120 750 2340 821 θρὼπου
2384 751 2546 819 φύσιν
2579 750 2833 822 καθάπερ
2860 751 2924 802 ἐκ
2956 749 3111 820 ῥίζης
3140 750 3236 819 τῆς
3274 748 3518 820 πρώτης,
3560 752 3704 822 φημὶ

2120 859 2213 894 του
2248 842 2447 912 Ἀδὰμ,
2477 842 2625 911 διέϐη
2653 842 2720 895 τὰ
2752 842 2810 907 ἐξ
2833 843 3006 912 ὀργῆς
3027 859 3039 872 ·
3079 861 3097 893 t
3138 841 3487 911 βεϐασίλευκε
3536 843 3644 915 γὰρ
3676 846 3703 896 ὁ

2122 932 2349 996 Θάνατος
2385 933 2491 986 ἀπὸ
2526 933 2695 1003 Ἀδὰμ
2725 932 2889 1002 μέχρι
2920 932 3184 997 Μωσέως,
3214 932 3309 984 καὶ
3339 933 3431 985 ἐπὶ
3464 934 3594 996 τοὺς
3628 934 3701 1005 μὴ

2123 1024 2539 1094 ἁμαρτήσαντας
2589 1022 2680 1074 ἐπὶ
2730 1020 2807 1090 τῷ
2841 1020 3146 1091 ὁμοιώματι
3197 1022 3296 1090 τῆς
3335 1022 3700 1093 παραϐάσεως

2133 1117 2321 1185 Ἀδάμ·
2350 1133 2365 1165 ι
2403 1114 2544 1167 οὕτω
2574 1113 2669 1166 καὶ
2704 1112 2771 1165 τὰ
2814 1113 2878 1164 ὲκ
2908 1112 3009 1182 τῆς
3040 1112 3300 1183 δευτέρας
3334 1112 3495 1183 ἡμῶν
3524 1116 3692 1183 ἁτοαρο

2121 1208 2242 1277 χῆςν
2266 1205 2507 1259 τουτέστι
2532 1202 2792 1274 Χριστοῦ,
2822 1203 2982 1257 πάλιν
3005 1205 3086 1266 εἰς
3112 1205 3258 1257 ἅπαν
3280 1203 3341 1257 τὸ
3362 1204 3695 1274 ἀνθρώπινον.

2119 1300 2437 1371 διαϐήσεται
2467 1297 2642 1366 γένος,
2674 1295 2767 1349 καὶ
2797 1293 3129 1348 πιστώσεται
3160 1295 3333 1363 λέγων
3365 1297 3393 1347 ὁ
3424 1297 3699 1364 πάνσοφος

2120 1390 2332 1453 Παῦλος
2351 1406 2365 1418 ⁶
2406 1407 2422 1439 ι
2450 1388 2514 1439 Εἰ
2547 1386 2653 1456 γάρ
2677 1384 2755 1455 τῷ
2789 1383 2882 1436 τοῦ
2908 1384 3027 1447 ἑνὸς
3055 1383 3462 1456 παραπτώματι
3488 1388 3536 1438 οἱ
3572 1387 3698 1439 πολ-

2120 1484 2202 1537 λοὶ
2234 1481 2525 1539 ἀπέθανον,
2560 1477 2736 1548 πολλῷ
2771 1477 2972 1547 μᾶλλον
3008 1475 3083 1547 τῷ
3108 1476 3202 1529 τοῦ
3234 1476 3351 1539 ἑνὸς
3372 1475 3698 1547 δικαιώματι

2120 1577 2167 1627 οἱ
2199 1573 2381 1626 πολλοὶ
2410 1571 2719 1642 ζὴσονται.»
2761 1569 2868 1621 Καὶ
2891 1566 3081 1621 πάλινσ
3116 1586 3134 1618 ι
3161 1567 3373 1637 Ὥσπερ
3399 1568 3506 1635 γὰρ
3534 1571 3594 1621 ὲν
3624 1568 3701 1636 τῷ

2134 1665 2257 1718 ’Λδὲι
2264 1682 2303 1733 μ
2326 1662 2525 1725 πάντες
2546 1658 2998 1730 ἀποθνήσκουσιν,
3021 1659 3162 1713 οὔτω
3189 1659 3283 1712 καὶ
3310 1661 3368 1711 ὲν
3388 1659 3464 1729 τῷ
3481 1660 3523 1712 Χ
3530 1660 3701 1733 ριστῷ

2049 1738 2092 1793 Β
2123 1755 2322 1817 πάντες
2353 1751 2870 1821 ζωοποιηθήσονται.
2900 1769 2919 1801 ι

2194 1848 2253 1898 Β.
2293 1843 2525 1911 "Asopon
2578 1836 2669 1893 οὖν
2704 1839 2810 1909 ἄρα
2864 1840 2958 1892 καλ⁵
3004 1838 3211 1910 ἀπᾷδον
3260 1838 3540 1901 παντελῶς
3586 1841 3701 1900 τοῖς

2125 1940 2285 2011 ίερὸῖς
2332 1935 2647 2006 Γράμμασι,
2682 1930 2743 1983 τὸ
2772 1929 2980 1983 οἴεσθαί
3009 1947 3068 1982 τε
3093 1930 3189 1984 καὶ
3221 1930 3422 1999 λέγειν,
3457 1930 3546 1982 τὸν
3569 1930 3699 1983 ἀνα·

2121 2027 2393 2101 ληφθέντα
2440 2024 2751 2095 ἄνθρωπον,
2789 2022 2863 2085 ὡς
2916 2020 3567 2090 ἐγκαταλειφθέντων)τὼ
3603 2020 3697 2073 τοῦ

2122 2118 2486 2188 συναφθέντος
2508 2113 2656 2186 αὑτῷ
2692 2114 2891 2183 Λόγου,
2920 2114 3040 2176 ταῖς
3070 2111 3443 2182 ἀνθρωπίναις
3484 2113 3698 2183 χρήσα-

2122 2212 2243 2265 σθαι
2277 2210 2502 2279 φωναῖς.

2186 2309 2253 2357 Α.
2294 2299 2566 2363 Δυσσεὸὲς
2597 2300 2694 2370 μὲν
2724 2294 2839 2366 οὖν,
2869 2291 2914 2352 ὦ
2940 2297 3142 2368 ἑταῖρε,
3181 2299 3277 2352 καὶ
3311 2299 3411 2367 τῆς
3438 2299 3517 2361 είς
3544 2296 3703 2368 λῆξιν

2118 2390 2518 2464 ἐμϐροντησίας
2569 2387 2842 2453 ἀπόδειξις
2893 2387 2979 2459 εἴη
3043 2388 3110 2441 ἂν
3161 2387 3253 2439 καὶ
3311 2386 3458 2457 μάλα
3518 2387 3703 2457 σαφὴς

2115 2486 2286 2552 τουτὶ,
2309 2484 2410 2537 οὐκ
2435 2480 2691 2543 ἀπεοικός
2713 2497 2778 2547 γε
2810 2478 2916 2550 μὴν
2949 2481 3060 2541 τοῖς
3088 2477 3163 2549 μὴ
3192 2481 3400 2547 φρονεῖν
3429 2473 3489 2530 εὖ
3516 2480 3671 2546 ἐγνω
3694 2509 3708 2520 -

2116 2580 2289 2633 κόσιν.
2331 2574 2553 2645 Ἐπειδὴ
2595 2572 2703 2644 γὰρ
2732 2571 2969 2626 διιστᾶσί
3008 2588 3068 2623 τε
3113 2571 3202 2625 καὶ
3228 2569 3515 2642 διορίζουσι
3547 2588 3705 2622 παν-

2115 2670 2253 2741 ταχῆ
2287 2668 2383 2721 καὶ
2416 2665 2599 2733 φωνὰς
2641 2662 2735 2715 καὶ¹
2767 2661 3091 2733 πράγματα,
3124 2660 3217 2714 καὶ
3255 2660 3349 2723 τὰς
3394 2661 3492 2729 μὲν
3546 2661 3705 2731 μόνῳ

2116 2763 2210 2817 καὶ
2248 2761 2429 2825 ἱδικῶς
2467 2758 2869 2828 ὲκνενεμήκασι
2906 2755 2987 2827 τῷ
3030 2756 3361 2823 Μονογενεῖ,
3403 2755 3505 2817 τὰς
3530 2754 3589 2808 δὲ
3619 2757 3703 2820 ὡς

2115 2855 2290 2927 ἑτέρῳ
2316 2852 2444 2925 παρ’
2472 2851 2634 2905 αὑτὸν
2665 2849 2775 2920 Υἱῷ
2800 2866 2858 2902 τε
2899 2848 2992 2901 καὶ
3035 2847 3100 2900 ἐκ
3131 2845 3409 2915 γυναικὸς,
3438 2846 3694 2917 ταύτῃτοι

2112 2936 2525 3018 διημαρτήκασῖ
2574 2941 2672 3010 τῆς
2730 2941 2810 3003 εἰς
2854 2937 2983 2991 εὐθύ
3030 2954 3088 2990 τε
3133 2936 3227 2989 καὶ
3278 2936 3694 3007 ἀπλανεστάτης

2120 3038 2277 3103 ὁδοῦ,
2330 3036 2422 3089 καὶ
2468 3032 2560 3086 τοῦ
2610 3031 2805 3085 εἰδέναι
2847 3028 3034 3098 σαφῶς
3066 3028 3125 3082 τὸ
3184 3028 3423 3099 Χριστοῦ
3483 3031 3695 3100 puni}-

2156 3149 2232 3185 ιον
2240 3170 2253 3182 .

2118 3151 2242 3277 ρᾜ.
2287 3222 2362 3275 Οὐ
2393 3220 2688 3291 διαιρετέον
2724 3213 2815 3271 οὖν
2865 3219 2972 3289 ἄρα
3025 3217 3228 3287 φωνὰς,
3283 3218 3314 3288 ἤ
3368 3217 3693 3287 πράγματα,

2113 3313 2517 3386 παροισθέντων
2563 3313 2645 3373 εἰς
2679 3310 2841 3381 μέσον
2871 3308 2978 3363 τῶν
3026 3308 3398 3378 εὐαγγελικῶν
3432 3309 3528 3361 καὶ
3560 3309 3698 3362 ἁπτα-

2115 3402 2374 3459 στολικῶν
2414 3402 2789 3473 κηρυγμάτων
2812 3416 2825 3464 ;

2184 3500 2248 3551 Α.
2291 3493 2590 3567 Οὺμενοῦν,
2632 3494 2691 3546 τό
2734 3510 2797 3562 γε
2830 3489 2966 3564 ἧκον
2998 3493 3079 3556 είς
3122 3491 3392 3563 πρόσωπα
3433 3491 3549 3556 δύο,
3602 3492 3697 3543 καὶ

2114 3590 2441 3652 ὑποστάσεις
2472 3587 2568 3641 δύο
2619 3586 2957 3658 διῃρημένας
3005 3586 3280 3656 ἀλλήλων,
3324 3585 3419 3640 καὶ
3463 3586 3696 3652 ἀποφοι-

2110 3682 2290 3745 τώσας
2332 3680 2567 3735 εἰσάπαν
2614 3677 2798 3742 ἰδικῶς
2826 3695 2886 3731 τε
2925 3679 3021 3732 καὶ
3067 3678 3359 3748 ἀναμέρος.
3400 3676 3553 3739 Ἐνὸς
3586 3675 3696 3747 γὰρ

2109 3776 2262 3839 ὄντος
2314 3771 2470 3839 Υἱοῦ,
2519 3771 2615 3825 τοῦ
2638 3770 2705 3823 δι’
2747 3770 2896 3840 ἡμᾶς
2924 3768 3449 3841 ὲνανθρωπήσαντος
3484 3768 3693 3837 Λόγου,

2110 3865 2277 3936 φαίην
2310 3864 2376 3918 ἂν
2396 3859 2538 3916 εἶναι
2572 3861 2752 3915 πάντα
2773 3858 2960 3924 αὑτοῦ,
2987 3858 3179 3929 λόγους
3210 3875 3270 3911 τε
3301 3858 3393 3911 καὶ
3429 3859 3697 3929 πράγμα-

2108 3973 2195 4021 τα,
2222 3956 2292 4010 τά
2314 3972 2373 4008 τε
2404 3952 2681 4024 θεοπρεπῆ
2711 3952 2807 4005 καὶ
2827 3952 3051 4023 προσέτι
3083 3949 3153 4005 τὰ
3174 3949 3507 4020 ἀνθρώπινα.

2179 4049 2240 4102 Β.
2284 4045 2493 4101 Οὐκοῦν
2520 4086 2535 4111 ,
2574 4043 2678 4098 κᾶν
2725 4045 2775 4096 εἰ
2822 4044 2886 4097 ἐκ
2931 4043 3030 4113 τῆς
3074 4041 3379 4111 ὁδοιπορίας
3428 4042 3690 4096 κοπιάσαι

2108 4142 2342 4209 λέγοιτο,
2374 4137 2629 4209 πεινῆσαί
2674 4154 2734 4190 τε
2765 4137 2861 4191 καὶ
2904 4135 3076 4189 ὕπνου
3110 4135 3455 4207 μεταλαχεῖν,
3487 4137 3687 4207 πρέποι

2108 4231 2195 4296 ἂν,
2248 4230 2373 4285 είπέ
2435 4247 2549 4301 μοι,
2587 4230 2915 4300 προσνεῖμαι
2961 4226 3039 4297 τῷ
3068 4226 3186 4297 Θεῷ
3236 4227 3393 4298 Λόγῳ
3429 4228 3499 4283 τά
3548 4229 3689 4283 οὕτω

2112 4320 2323 4392 σμικρά
2343 4320 2438 4374 καὶ
2466 4319 2916 4391 κατερῤιμμένας

504 4407 566 4461 Α.
619 4407 769 4462 Nudo
801 4408 1017 4477 quidem
1061 4417 1115 4464 et
1142 4410 1377 4464 nondum
1407 4412 1707 4481 incarnato,
1733 4429 1794 4470 ac
1821 4417 2002 4486 prius-

2177 4412 2242 4465 A.
2279 4410 2478 4482 Γυμνῷ
2519 4410 2617 4480 μὲν
2662 4410 2763 4471 ἔτι,
2792 4411 2885 4463 καὶ
2913 4410 3065 4465 οὔπω
3114 4411 3545 4482 σεσαρκωμένῳ,
3598 4412 3687 4464 καὶ

431 4514 593 4570 quam
640 4500 1060 4555 exinanitionem
1111 4502 1351 4566 subiret,
1405 4519 1742 4574 nequaquam
1796 4526 1809 4562 :
1864 4519 2010 4566 recte

2109 4504 2240 4573 πρὶν
2260 4500 2589 4556 καθικέσθαι
2618 4501 2754 4572 πρὸς
2778 4501 3029 4569 κένωσιν,
3056 4501 3260 4574 πρέποι
3281 4502 3347 4555 ἂν
3369 4501 3575 4572 ἥκιστὰ
3599 4516 3683 4567 γε·

430 4591 574 4647 enim
629 4591 861 4660 iudicas.
907 4593 977 4646 At
1019 4606 1146 4646 vero
1186 4591 1468 4647 incarnato
1518 4606 1681 4663 atque
1730 4598 2008 4655 exinanito

2122 4596 2325 4665 ρρονεῖς
2374 4593 2485 4664 γὰρ
2516 4593 2715 4664 ὀρθῶς·
2766 4593 3248 4665 ὲνανθρωπήσαντι
3294 4593 3351 4646 δὲ
3397 4593 3490 4646 καὶ
3526 4608 3688 4645 κεκε-

430 4683 685 4749 quidnam
715 4682 1023 4738 detrimenti
1079 4684 1180 4737 hoc
1219 4683 1266 4737 ei
1319 4682 1512 4740 afferre
1536 4700 1694 4755 posse
1737 4692 2010 4746 censeas?

2122 4685 2336 4755 μωμένῳ
2380 4686 2567 4740 ὁποῖον
2620 4686 2730 4757 ἄρα
2765 4686 3096 4757 προστρίψαι
3145 4685 3342 4755 meo;
3383 4685 3447 4738 τὸ
3497 4686 3691 4756 χρῆμα

429 4772 892 4839 Quemadmodum
916 4773 1057 4828 enim
1081 4772 1351 4842 propriam
1373 4774 1538 4843 ipsius
1567 4789 1784 4831 carnem
1807 4775 2005 4833 factam

2122 4779 2290 4849 ιύτῷς
2314 4780 2527 4851 Ὥσπερ
2557 4780 2665 4850 γὰρ
2716 4779 2852 4833 ἰδίαν
2900 4778 3064 4832 αὐτοῦ
3093 4778 3193 4849 τὴν
3218 4779 3399 4852 σάρκα
3432 4777 3690 4847 γενέσθαι

429 4875 551 4918 esse
578 4863 832 4928 dicimus,
862 4863 933 4917 ita
957 4862 1194 4916 vicissim
1229 4862 1396 4932 ipsius
1433 4877 1553 4918 esse
1594 4865 1883 4921 statuimus
1911 4880 2006 4936 per

2122 4870 2309 4942 φαμὲν,
2354 4869 2499 4924 οὕτω
2538 4870 2701 4924 πάλιν
2734 4871 2898 4924 αὑτοῦ
2932 4871 3055 4924 κατ’
3096 4872 3370 4925 οίκείωσιν
3416 4873 3693 4940 οἰκονομι-

430 4954 763 5007 consortium
795 4951 1201 5015 incarnationis,
1245 4961 1300 5005 et
1359 4953 1568 5007 ratione
1598 4954 2010 5021 exinanitionis,

429 5042 608 5098 carnis
632 5042 793 5097 etiam
816 5041 1155 5099 incommoda
1171 5048 1330 5110 atque
1345 5041 1786 5100 imbecillitatem.
1806 5045 2012 5103 Similis

430 5131 574 5184 enim
601 5132 777 5188 factus
815 5142 899 5187 est
927 5146 1023 5200 per
1050 5134 1230 5187 omnia
1256 5132 1513 5188 fratribus
1545 5135 1612 5202 δ’,
1645 5147 1868 5207 excepto
1890 5138 2004 5194 solo

432 5230 670 5290 peccato.
728 5222 912 5292 Neque
953 5223 1166 5278 mireris
1213 5224 1257 5279 si
1304 5237 1406 5277 una
1456 5237 1578 5277 cum
1635 5239 1799 5279 carne
1839 5228 2001 5282 etiam

430 5310 611 5364 carnis
641 5311 1035 5369 imbecillitates
1086 5314 1188 5369 sibi
1220 5314 1477 5370 ascivisse
1503 5315 1678 5385 ipsum
1723 5318 1952 5374 dicimus
1983 5336 1999 5385 ,'

433 5402 572 5457 unde
620 5410 676 5456 et
732 5410 983 5460 externas
1022 5406 1376 5462 contumelias
1423 5421 1453 5461 a
1482 5405 1693 5464 Iudaeis
1750 5409 2003 5465 ferociter

431 5496 532 5551 sibi
558 5493 753 5559 illatas,
779 5492 985 5560 sibiipsi
1015 5497 1285 5565 ascripsit,
1312 5498 1496 5554 dicens
1525 5514 1618 5569 per
1640 5515 1823 5554 vocem
1854 5498 1997 5553 Psal-

2108 4961 2233 5032 κήν,
2258 4962 2352 5015 καὶ
2386 4962 2529 5016 κατά
2555 4979 2618 5031 γε
2645 4962 2737 5016 τὸν
2777 4962 2877 5032 τῆς
2907 4961 3190 5027 κενώσεως
3218 4963 3441 5035 τρόπον,
3466 4965 3568 5027 τὰς
3591 4963 3692 5033 τῆς

2110 5052 2312 5121 σαρκὸς
2342 5051 2646 5118 ἀσθενείας.
2706 5053 2977 5125 Ὡμοιώθη
3019 5054 3129 5125 γὰρ
3156 5054 3300 5108 κατᾶ
3351 5054 3533 5110 πάντα
3574 5058 3690 5118 τοῖς

2107 5142 2373 5213 ἀδελφοῖς,
2396 5144 2518 5215 δίχα
2542 5146 2709 5216 μόνης
2737 5146 3030 5217 ἁμαρτίας.
3049 5146 3160 5200 Καὶ
3191 5148 3351 5217 μήτοι
3375 5146 3687 5220 θαυμάσῃς,

2107 5233 2157 5285 εί
2179 5233 2276 5297 τὰς
2302 5235 2400 5302 τῆς
2427 5235 2628 5305 σαρκὸς
2655 5235 2939 5299 ἀσθενείας
2967 5234 3300 5290 οἱκειοῦσθαί
3322 5254 3503 5315 φαμεν
3524 5238 3689 5289 αὐτὸν

2108 5326 2251 5395 μετὰ
2275 5327 2374 5396 τῆς
2412 5328 2635 5397 σαρκὸς,
2667 5328 2790 5381 ὅθεν
2844 5329 2940 5381 καὶ
2970 5327 3069 5391 τὰς
3099 5327 3332 5398 θύραθεν
3378 5328 3685 5399 παροινίας,

2109 5414 2207 5477 τὰς
2235 5415 2343 5469 ἀπό
2368 5432 2431 5484 γε
2457 5416 2560 5486 τῆς
2584 5416 2691 5471 τῶν
2719 5418 2991 5472 Ἰουδαίων
3021 5419 3345 5490 σκαιότητος
3373 5418 3685 5489 ἐπενεχθεί-

2110 5522 2209 5567 σας
2240 5506 2407 5575 αὺτῷ,
2464 5507 2628 5562 πάλιν
2682 5509 2863 5582 ἑαυτῷ
2894 5510 3330 5582 προσνενέμηκε,
3371 5511 3540 5579 λέγων
3590 5510 3686 5562 διὰ

496 5676 539 5706 το
590 5673 743 5727 nam,
782 5671 925 5737 v,-H.
1003 5672 1047 5702 ⁸⁸
1073 5672 1201 5727 ibid.
1232 5670 1314 5723 l5.
1391 5673 1433 5704 ⁸¹
1464 5672 1482 5725 l
1508 5674 1633 5728 Cor.
1660 5692 1747 5744 xv,
1777 5680 1866 5734 2‘2.
1942 5680 1985 5713 ⁸²

2122 5699 2175 5739 ιτ.
2211 5699 2271 5751 ιι,
2311 5685 2395 5742 l7.
