4016 6202
268 320 401 391 ιω

1387 323 1578 385 QUOD
1619 323 1805 377 ΟΝυὸ
1843 322 1950 378 SIT
1988 324 2345 383 CHRISTUS.

3384 336 3518 391 133Ὸ

268 435 363 504 τῆς
394 435 489 488 τοῦ
522 434 830 497 Ψάλλοντος
863 433 1064 503 φωνῆς’
1100 434 1520 507 «Διεμερίσαντο
1539 435 1609 490 τά
1643 436 1836 508 ἱμάτιά

1964 443 2151 499 nistae:
2197 463 2215 496 ι
2255 443 2563 500 Diviserunt
2602 446 2701 500 sibi
2755 453 3070 502 vestimenta
3102 462 3241 515 mea,
3273 461 3328 504 et
3362 469 3520 518 super

270 540 370 595 μου
392 525 623 586 ἑαυτοῖς,
652 524 743 576 καὶ
770 523 861 575 ἐπὶ
888 522 979 574 τὸν
1015 524 1312 592 ἱματισμόν
1348 541 1449 593 μου
1494 524 1685 579 ἔϐαλον
1718 527 1849 596 κλῆ-

270 632 379 687 ρον.
393 634 412 667 ι
430 617 536 669 Καὶ
556 614 716 667 πάλιν
733 628 744 640 °
758 632 776 665 ι
790 613 994 675 Πάντες
1016 613 1065 665 oi
1085 611 1416 682 θεωροῦντες
1444 631 1530 684 με,
1550 615 1849 685 ἐξεμυκτή-

270 708 425 779 ρισάν
450 723 538 777 με,
570 705 837 773 ἐλάλησαν
864 705 919 754 ἐν
957 703 1215 773 χείλεσιν,
1244 704 1502 774 ἐκίνησαν
1534 706 1795 776 κεφαλήν.
1825 723 1840 754 ι

336 800 396 851 Β.
439 798 646 852 Οὐκοῦν
676 796 779 849 κᾶν
811 798 859 848 εί
887 794 1033 862 λέγοι
1065 795 1247 865 τυχὸν,
1282 814 1300 846 ι
1341 796 1398 848 'O
1432 797 1696 867 ἑωρακὼς
1722 798 1845 866 ἐμὲ,

271 890 480 961 ἑώρακε
521 888 612 941 τὸν
641 884 1037 957 ΠατέρασἙγὼ
1080 886 1172 938 καὶ
1216 887 1245 938 6
1273 885 1483 955 Πατὴρ,
1511 887 1570 939 ἓν
1602 888 1787 955 ὲσμεν’
1823 902 1842 939 ι

274 978 388 1035 εἶτα
421 980 557 1053 πρὸς
599 978 905 1041 Ἰουδαίους,
941 996 958 1027 ι
982 977 1046 1030 Τί
1074 995 1139 1047 με
1172 977 1382 1047 ζητεῖτε
1411 980 1729 1032 ἀποκτεῖναι
1756 978 1848 1032 άν-

274 1076 508 1146 θρωπον,
539 1072 595 1135 6;
618 1072 721 1142 τὴν
747 1070 1004 1140 ἀλήθειαν
1040 1069 1171 1139 ὑμῖν
1202 1069 1497 1139 λελάληκα,
1528 1072 1594 1141 ἣν
1638 1072 1847 1141 ἥκουσα

275 1165 421 1236 παρά
450 1165 543 1217 τοῦ
572 1162 706 1215 Θωῦ
733 1179 758 1227 ;’
777 1180 794 1212 ι
831 1160 949 1223 ἑνὸς
974 1155 1112 1213 εἶναι
1132 1160 1374 1231 δώσομεν
1406 1161 1499 1215 καὶ
1527 1160 1619 1213 τοῦ
1663 1160 1844 1224 αὑτοῦ,

273 1257 473 1317 ταύτας
498 1272 558 1307 τε
590 1251 851 1311 κάκείνας
875 1250 975 1314 τάς
1002 1251 1184 1319 φωνάς
1206 1266 1219 1315 ;

342 1349 404 1400 Δ.
442 1347 586 1400 Πάνυ
613 1346 711 1416 μὲν
742 1341 855 1409 οὖν,
886 1345 1218 1414 μεμέρισται
1248 1344 1357 1412 γάρ
1379 1343 1631 1415 οὐδαμῶς
1662 1346 1691 1398 6
1718 1345 1849 1415 Χρι-

276 1440 414 1502 στὸς,
438 1434 518 1501 εἷς
543 1439 600 1491 δὲ
628 1438 725 1490 καὶ
756 1438 916 1505 μόνος
945 1437 1039 1488 καὶ
1072 1435 1319 1505 ἀληθινὸς
1359 1436 1483 1499 Υἱὸς
1516 1436 1652 1507 πρὸς
1683 1436 1851 1489 ἀπάν-

273 1550 380 1585 των
411 1527 552 1583 εἶναι
589 1528 904 1582 πιστεύεται
938 1528 1045 1581 τῶν
1081 1526 1527 1599 προσκυνούντων
1561 1527 1740 1581 αὐτόν.
1785 1527 1848 1579 Ἡ

274 1624 380 1693 γὰρ
413 1620 577 1675 εἰκὼν
616 1619 710 1673 τοῦ
767 1618 1000 1688 ἀοράτου
1034 1619 1202 1683 Θεοῦ,
1249 1618 1309 1672 τὸ
1357 1618 1699 1687 ἀπαύγασμα
1748 1619 1848 1688 τῆς

274 1714 427 1784 δόξης
461 1714 562 1783 τῆς
612 1710 965 1774 ὑποστάσεως
998 1710 1093 1763 τοῦ
1143 1709 1356 1780 Πατρὸς
1384 1747 1398 1771 ,
1452 1711 1480 1761 ὁ
1516 1709 1615 1778 τῆς
1660 1709 1849 1771 οὐσίας

276 1779 437 1861 αὑτοῦ
472 1779 779 1875 χαρακτὴρ,
815 1802 972 1855 ἔλαϐε
1008 1801 1193 1855 δούλου
1227 1779 1460 1872 μορφὴν,
1496 1800 1594 1871 οὐχ
1638 1801 1713 1863 ὡς
1755 1800 1850 1854 ἄν·
1882 1779 1923 1834 Β

277 1900 491 1970 θρωπον
539 1895 712 1966 ἑαυτῷ
762 1894 1039 1964 συνάψας,
1069 1893 1211 1947 καθά
1264 1909 1448 1962 φασιν,
1496 1894 1553 1945 ὲν
1606 1892 1743 1962 αὐτῇ
1794 1891 1850 1943 δὲ

280 1991 477 2060 μᾶλλον
502 1990 662 2053 αὐτὸς
710 1986 969 2057 γεγονὼς,
1007 1985 1330 2058 μεμενηκὼς
1360 1987 1417 2039 δὲ
1448 1986 1542 2039 καὶ
1594 1984 1766 2048 οὕτως
1794 1985 1851 2037 ὲν

276 2081 533 2151 ὁμοιώσει
567 2085 631 2152 τῇ
669 2081 808 2151 πρὸς
836 2080 970 2133 Θεὸν
1001 2080 1094 2133 καὶ
1116 2078 1357 2148 Πατέρα.
1388 2079 1639 2149 Γέγραφε
1666 2076 1797 2147 γοῦν
1825 2080 1852 2129 ό

278 2175 548 2242 πάνσοφος
579 2172 807 2238 Παῦλος,
837 2173 920 2225 ὅτι
968 2190 985 2221 ι
1025 2170 1081 2224 '0
1108 2170 1261 2235 Θεὸς,
1287 2173 1315 2224 6
1344 2169 1512 2223 εἰπὼν
1537 2173 1599 2223 ὲκ
1630 2170 1852 2233 σκότους

277 2266 390 2333 φῶς
419 2264 655 2334 λάμψαι,
678 2263 737 2326 ὃς
762 2262 1003 2332 ἔλαμψεν
1034 2264 1090 2314 ὲν
1114 2263 1234 2324 ταῖς
1260 2261 1508 2332 καρδίαις
1538 2260 1695 2331 ἡμῶν
1720 2259 1854 2331 πρὸς

279 2356 555 2426 φωτισμὸν
594 2355 695 2423 τῆς
730 2353 985 2424 γνώσεως
1030 2353 1126 2421 τῆς
1156 2352 1317 2423 δόξης
1362 2352 1527 2406 αὑτοῦ
1552 2391 1565 2415 ,
1600 2354 1656 2404 ὲν
1689 2367 1855 2421 προσ-

277 2449 409 2519 ώπῳ
443 2446 676 2518 Χριστοῦ
731 2444 926 2515 Ἰησοῦ.
954 2463 971 2496 ι
1017 2444 1208 2514 Ἀθρει
1243 2443 1353 2514 γάρ
1405 2443 1554 2506 ὅπως
1590 2445 1646 2495 ὲν
1681 2458 1851 2512 προσ-

276 2540 408 2610 ώπῳ
441 2537 678 2608 Χριστοῦ
710 2537 808 2606 τῆς
843 2536 993 2598 Θείας
1019 2553 1079 2587 τε
1108 2536 1200 2588 καὶ
1234 2536 1548 2605 ἀπορρήτου
1577 2533 1731 2605 δόξης
1759 2534 1853 2587 τοῦ

228 2676 231 2679 ,
277 2629 411 2683 Θεοῦ
443 2631 535 2682 καὶ
580 2629 795 2700 Πατρός
839 2628 867 2679 6
909 2627 1187 2698 φωτισμὺς
1225 2626 1561 2696 ἀναλάμπει.
1604 2626 1857 2681 Δείκνυσι

278 2722 386 2793 γὰρ
417 2723 474 2774 ὲν
501 2721 648 2792 αύτῷ
680 2722 776 2792 τὴν
808 2720 902 2774 τοῦ
933 2721 1147 2791 Πατρός
1194 2719 1372 2784 δόξαν,
1405 2720 1583 2773 καίτοι
1618 2718 1855 2787 γεγονὼς

279 2814 559 2880 ἄνθρωπος
592 2815 618 2864 6
671 2814 1003 2883 Μονογενής.
1034 2812 1213 2874 Μόνος
1242 2810 1351 2881 γὰρ
1389 2806 1544 2874 οὗτος
1564 2811 1713 2877 ,ικαὶ
1759 2810 1856 2880 οὐχ

279 2905 464 2971 ἕτερος
498 2905 732 2975 Χριστὸς
765 2907 967 2958 νοεῖται
1001 2906 1096 2958 καὶ
1133 2888 1484 2974 ὀνομάζεται,
1520 2903 1688 2973 ἤγουν
1716 2902 1857 2955 διδα-

285 2999 519 3051 σκόντων
543 2999 692 3067 ἡμᾶς
719 2999 766 3050 οί
791 2997 1110 3060 διεναντίας,
1141 2997 1265 3049 τίνα
1302 2996 1504 3067 τρόπον
1534 2994 1742 3047 κατίδοι
1774 3010 1858 3055 τις

1951 544 2150 589 vestem
2205 550 2376 589 meam
2442 536 2700 590 miserunt
2744 547 2944 592 sortem
2972 536 3039 594 ⁸³.
3075 557 3093 588 ι
3156 538 3221 592 Et
3254 556 3469 595 rursum
3503 560 3517 595 :

1956 642 1974 676 ι
2008 626 2206 681 Omnes
2253 626 2494 682 videntes
2519 638 2601 681 me
2651 628 2958 682 deriserunt
3013 644 3098 684 me
3138 645 3154 695 ;
3213 629 3373 684 locuti
3398 642 3516 686 sunt

1951 714 2125 779 labiis,
2149 726 2202 769 et
2232 726 2511 773 moverunt
2536 727 2697 789 caput
2723 718 2792 773 ⁸⁸.
2830 737 2848 769 ι

2019 808 2079 864 B.
2108 807 2248 877 Ergo
2278 810 2487 865 etiamsi
2519 808 2661 864 dicat
2694 829 2765 865 ει
2804 811 2902 877 Qui
2962 809 3096 865 vidit
3147 827 3250 877 me,
3306 814 3430 868 vidit
3466 825 3517 869 et

1949 898 2162 953 Patrem
2191 899 2273 953 "z
2321 915 2419 970 ego
2475 909 2528 955 et
2574 901 2735 956 Pater
2791 916 2954 955 unum
3009 918 3195 957 sumus
3223 904 3268 935 ³⁸
3297 922 3312 970 ;
3344 922 3364 956 ι
3387 921 3518 974 prae-

1952 1000 2096 1045 terea
2151 991 2214 1043 ad
2249 990 2548 1046 Jnda'oszc
2586 993 2721 1058 Quid
2771 1008 2855 1048 me
2903 988 3143 1063 quaeritis
3194 996 3519 1057 interﬁcere.

1950 1082 2219 1135 hominem
2262 1083 2348 1152 qui
2392 1084 2671 1138 veritatem
2706 1083 2915 1139 locutus
2963 1100 3083 1139 sum
3132 1086 3305 1152 vobis,
3359 1103 3521 1156 quam

1950 1173 2180 1226 andivia
2221 1172 2327 1227 Deo
2360 1172 2405 1203 ⁸⁷
2436 1175 2458 1227 ?
2495 1194 2513 1225 ›
2569 1175 2727 1229 unius
2784 1185 2943 1246 atque
2991 1176 3230 1246 ejusdem
3283 1179 3521 1233 dicemus

1949 1278 2069 1317 esse
2098 1266 2196 1317 has
2225 1279 2384 1319 voces
2406 1274 2461 1320 et
2489 1266 2648 1320 illas?

2019 1353 2083 1405 Α.
2119 1352 2390 1408 Omnino:
2424 1354 2568 1407 nulla
2611 1357 2754 1409 enim
2790 1357 3234 1413 ratione-divisus
3264 1366 3347 1413 est
3369 1357 3521 1411 Chri-

1950 1453 2063 1498 stus
2096 1442 2163 1496 ⁸⁸.
2215 1442 2366 1498 Unus
2404 1458 2532 1498 vero
2577 1460 2638 1499 ac
2682 1447 2855 1501 solns~
2886 1457 2939 1502 et
2997 1464 3156 1503 verus
3196 1449 3363 1503 Filius
3407 1464 3523 1504 chc

1951 1533 2188 1587 creditur
2242 1534 2308 1588 ab
2372 1536 2620 1591 omnilms
2670 1538 2761 1606 qui
2824 1539 3296 1606 ipsumadorant.
3348 1542 3525 1611 Imago

1950 1626 2092 1679 enim
2144 1627 2430 1681 invisibilis
2478 1627 2592 1692 Dei,
2673 1628 2929 1697 splendor
2980 1632 3162 1701 gloriae
3211 1634 3526 1687 substantia:

1950 1715 2128 1783 Patris
2157 1715 2224 1781 ⁸⁹,
2255 1719 2611 1787 essentiaeque
2665 1719 2833 1788 ipsius
2872 1721 3172 1783 character,
3226 1725 3364 1778 servi
3419 1724 3528 1777 for-

1957 1823 2096 1863 mam
2133 1809 2339 1878 accepit
2371 1810 2457 1862 9°:
2496 1824 2601 1863 non
2637 1821 2696 1864 ut
2737 1810 3009 1866 hominem
3044 1812 3143 1866 sibi
3176 1814 3525 1882 coniungens,

1958 1900 2404 1967 quemadmodum
2444 1901 2529 1955 isti
2571 1901 2782 1966 volunt,
2834 1905 2927 1958 sed
2954 1903 3005 1958 in
3061 1904 3146 1957 illa
3198 1905 3373 1972 potius
3419 1906 3530 1975 ipse

1960 1989 2132 2045 factus
2170 2009 2184 2058 ;
2219 1991 2625 2046 similitudinem
2684 1993 2901 2049 interim
2948 2010 3070 2049 cum
3120 1994 3282 2050 Patre
3340 1997 3532 2051 nihilo-

1958 2083 2138 2137 minus
2166 2084 2423 2139 retinens.
2451 2082 2614 2155 759
2646 2084 2872 2154 Scripsit
2905 2085 3085 2154 itaque
3101 2087 3532 2156 sapientissimus

1960 2175 2179 2242 Paulus,
2259 2176 2511 2245 quoniam
2569 2195 2587 2229 ι
2646 2176 2791 2231 Deus
2854 2175 2945 2245 qui
2996 2176 3129 2230 dixit
3180 2177 3257 2231 de
3298 2176 3537 2231 tenebris

1961 2266 2135 2322 lucem
2164 2267 2566 2337 splendescere,
2604 2266 2718 2338 ipse
2742 2266 2918 2322 illuxit
2950 2267 3001 2320 in
3033 2267 3288 2322 cordibus
3333 2267 3534 2320 nostris

1961 2360 2027 2414 ad
2053 2360 2803 2416 illnminationemvscientiae
2835 2360 3101 2414 claritatis
3151 2359 3242 2414 Dei
3300 2359 3353 2411 in
3400 2357 3540 2411 facie

1962 2450 2160 2504 Christi
2200 2448 2323 2506 .lesu
2363 2452 2430 2504 ⁹¹.
2480 2469 2498 2502 ι
2530 2448 2665 2505 Vide
2691 2450 2855 2515 enim,
2878 2465 2992 2519 .quo
3023 2457 3179 2515 pacto
3212 2446 3262 2501 in
3306 2462 3537 2515 persona

1962 2540 2163 2597 Christi
2195 2540 2431 2595 divinum
2457 2550 2619 2610 atque
2642 2538 2910 2594 ineffabile
2936 2538 3120 2608 gloria:
3144 2536 3234 2591 Dei
3271 2552 3333 2590 ac
3356 2535 3534 2589 Patris

1964 2632 2141 2685 lumen
2188 2631 2545 2700 resplendeat.
2576 2629 2825 2686 Ostendit
2856 2629 2998 2685 enim
3042 2628 3092 2681 in
3116 2629 3297 2694 seipse
3336 2627 3541 2693 l'nige-r

1964 2725 2107 2779 nitus
2138 2723 2313 2778 Patris
2343 2724 2591 2791 gloriam,
2614 2722 2825 2781 tametsi
2863 2720 3136 2775 [aetussit
3175 2719 3352 2773 homo.
3377 2718 3537 2772 Solus

1967 2832 2197 2882 namque
2225 2816 2333 2882 hic,
2359 2825 2412 2871 ct
2438 2831 2541 2868 non
2575 2815 2711 2869 alius
2733 2813 2993 2868 Christus.
3016 2821 3268 2867 censetur
3289 2818 3344 2862 et
3377 2825 3536 2860 vora-

1968 2918 2071 2961 tur.
2132 2909 2245 2961 Aut
2280 2907 2483 2975 alioqui
2515 2907 2745 2961 doceant
2768 2903 3070 2959 adversarii
3104 2899 3371 2971 quomodo
3420 2899 3541 2967 quis

1966 2998 2017 3053 in
2071 3000 2276 3069 vulgari
2344 3000 2525 3068 aliquo
2588 2999 2807 3054 homine
2850 3008 3077 3050 cernere
3129 2992 3545 3062 possitdivina:

284 3089 350 3143 ἂν
377 3089 450 3152 ὡς
490 3090 545 3143 ὲν
586 3088 858 3160 ἀνθρώπῳ
901 3088 1065 3159 κοινῷ
1102 3089 1200 3158 τῆς
1239 3087 1388 3150 θείας
1438 3086 1594 3156 δόξης
1617 3086 1705 3139 τὸν
1745 3103 1856 3155 φωο

1966 3091 2149 3161 gloria:
2186 3091 2387 3153 lumen,
2418 3092 2531 3145 sive
2575 3090 2818 3144 notitiam
2856 3087 2879 3141 ?
2917 3086 3103 3155 Neque
3152 3085 3294 3139 enim
3344 3083 3398 3136 in
3443 3084 3541 3136 ho-

282 3180 492 3249 τισμὸν,
525 3181 821 3250 ᾕγουνλτὴν
853 3180 1180 3246 ἐπίγνωσιν;
1217 3180 1291 3232 Οὐ
1328 3179 1437 3251 γάρ
1480 3181 1536 3232 ὲν
1569 3177 1860 3248 ἀνθρώπου

290 3272 467 3339 μορφῇ
512 3270 641 3322 Θεὸν
691 3268 955 3337 ὀψόμεθα,
989 3268 1128 3339 πλὴν
1170 3269 1226 3319 ὲν
1255 3268 1399 3337 μόνῳ
1450 3268 1527 3336 τῷ
1566 3267 1687 3320 καθ’
1715 3269 1860 3337 ἡμᾶς

286 3364 530 3429 γεγονότι
563 3362 655 3414 καὶ
701 3360 1179 3431 ἐνανθρωπήσαντι
1204 3358 1400 3427 Λόγῳ,
1440 3358 1770 3427 μεμενηκότι
1806 3358 1861 3410 δὲ

289 3455 380 3505 καὶ
420 3453 560 3506 οὕτω
587 3453 827 3520 φύσειτε
878 3452 971 3503 καὶ
1015 3448 1231 3520 ἀληθῶς
1276 3448 1409 3518 Υίῴ,
1452 3446 1773 3518 παραδόξως
1795 3443 1863 3516 ἦν

288 3546 381 3597 καὶ
411 3544 569 3598 τοῦτο
599 3546 752 3607 ἰδεῖν,
788 3543 921 3597 καθὸ
965 3544 1169 3595 νοεῖται
1202 3539 1354 3603 Θεός.
1392 3538 1504 3591 Καὶ
1529 3535 1659 3604 γοῦν
1698 3538 1725 3588 6
1753 3534 1864 3587 τῶν

289 3637 467 3690 αὑτοῦ
486 3636 797 3706 μυστηρίων
827 3634 1049 3705 ταμίας,
1080 3631 1316 3704 Χριστὸν
1353 3628 1561 3701 Ἰησοῦν
1592 3626 1866 3696 ὀνομάσας

290 3726 471 3791 αὐτὸν,
525 3726 601 3789 ὡς
652 3724 773 3777 καθ’
803 3726 946 3795 ἡμᾶς
993 3723 1254 3791 γεγονότα
1292 3721 1383 3774 καὶ
1420 3717 1869 3790 σεσαρκωμένον,

289 3809 431 3866 οἶδεν
472 3813 599 3866 ὅντα
644 3813 783 3883 μετά
810 3812 903 3866 τοῦ
958 3812 1118 3882 φύσει
1176 3828 1234 3864 τε
1291 3812 1383 3863 καὶ
1426 3809 1655 3879 ἀληθεία
1692 3807 1862 3861 Θεόν·

291 3905 493 3975 γράφει
524 3906 632 3975 γάρ
667 3905 784 3957 ὡδίο
834 3925 851 3956 ι
894 3904 1312 3975 Τολμηρότερον
1364 3902 1422 3955 δὲ
1466 3901 1681 3972 ἔγραψα
1741 3900 1868 3971 ὑμῖν

294 3997 403 4050 ἀπὸ
436 3996 654 4067 μέρους,
678 3996 753 4058 ὡς
780 3996 1286 4065 ἐπαναμιμνήσκων
1315 3993 1459 4064 ὑμᾶς
1486 3992 1574 4045 διὰ
1594 3991 1689 4061 τὴν
1712 3992 1869 4063 χάριν

294 4088 390 4159 τὴν
414 4086 661 4140 δοθεῖσάν
696 4104 784 4157 μοι
810 4087 917 4140 ὑπὸ
945 4085 1039 4138 τοῦ
1061 4084 1217 4149 Θεοῦ,
1259 4086 1338 4147 είς
1366 4086 1427 4135 τὸ
1453 4077 1593 4135 εἶναί
1627 4100 1693 4151 με
1755 4081 1869 4133 λει-

294 4181 523 4253 τουργὸν
555 4180 791 4251 Χριστοῦ
827 4178 1002 4250 Ἰησοῦ
1034 4181 1112 4241 εἰς
1148 4178 1214 4231 τὰ
1238 4174 1781 4248 ἐθνη,ἷερουργοῦντα
1812 4173 1872 4227 τὸ

296 4273 627 4343 Εὐαγγέλιον
649 4271 742 4326 τοῦ
774 4272 929 4326 Θεοῦ.
966 4290 983 4322 ι
1018 4268 1360 4341 Προφητεύει
1384 4268 1441 4321 δὲ
1471 4270 1565 4322 καὶ
1597 4267 1871 4337 Ζαχαρίας

295 4367 373 4436 τῷ
409 4369 595 4438 οἰκείῳ
627 4366 797 4425 παιδὶ.
832 4365 975 4435 φημὶ
1006 4364 1091 4434 δὴ,
1134 4362 1215 4433 τῷ.
1242 4362 1544 4433 Βαπτιστῇ·
1590 4380 1608 4413 ι
1646 4361 1755 4415 Καὶ
1782 4360 1871 4424 σὺ,

1965 3184 2126 3239 minis
2157 3184 2327 3237 forma
2364 3185 2527 3238 Deum
2564 3195 2871 3246 cernemus,
2908 3189 3267 3249 pra-terqnam
3320 3176 3372 3229 in
3427 3174 3543 3228 solo

1968 3273 2144 3330 Verbo
2176 3276 2345 3330 nostri
2377 3274 2541 3330 simili
2591 3273 2755 3340 facto,
2815 3281 2979 3341 atque
3032 3271 3314 3324 incarnato
3351 3281 3366 3331 ;
3405 3264 3544 3331 quod

1927 3377 2147 3422 .tamen
2196 3369 2357 3423 etiam
2422 3369 2522 3422 hoc
2570 3373 2727 3437 pacto
2774 3362 3072 3434 permansit
3117 3360 3439 3415 naturaliter
3481 3374 3547 3412 ac

1965 3472 2092 3510 vere
2124 3455 2314 3522 Filius,
2342 3458 2735 3519 admirabiliter
2775 3456 2828 3509 id
2866 3455 3067 3507 factum
3114 3454 3377 3515 videmus,
3414 3465 3551 3519 quas
3616 3462 3625 3471 ο

1968 3556 2125 3599 tenus
2151 3556 2232 3598 est
2266 3546 2427 3599 Deus.
2448 3545 2652 3599 Idcirco
2678 3555 2734 3598 et
2782 3543 3001 3605 Paulus,
3062 3542 3332 3595 Christum
3361 3536 3549 3590 Jcsnut

1969 3638 2142 3705 ipsum
2200 3635 2508 3698 nominans,
2576 3644 2633 3687 ut
2675 3637 2843 3687 nostri
2892 3632 3122 3687 similent
3155 3631 3350 3684 factum
3386 3636 3550 3694 atque

1971 3727 2334 3789 inrarnatum,
2391 3726 2593 3794 Optime
2652 3723 2916 3778 intellexit
2959 3725 3133 3792 ipsum
3212 3717 3372 3775 simul
3428 3730 3551 3771 csse

1971 3819 2289 3875 naturaliter
2319 3832 2381 3870 ac
2434 3830 2561 3870 vere
2589 3814 2776 3869 Deum.
2821 3815 2894 3869 lla
2943 3814 3085 3869 enim
3116 3812 3339 3867 scribit:
3378 3828 3396 3863 ι
3437 3810 3548 3863 Att-

1971 3911 2158 3965 daeius
2217 3917 2394 3963 autem
2450 3908 2642 3977 scripsi
2687 3906 2840 3962 vobis
2881 3921 2943 3961 ex
2998 3913 3457 3974 parte,»tanquam
3492 3900 3548 3954 in

1973 4002 2289 4058 memoriam
2327 4016 2425 4056 vos
2445 4002 2730 4065 reducens,
2758 4009 2979 4071 propter
3005 3998 3247 4070 gratiam
3266 4009 3385 4064 (ιιι-ε
3417 3991 3547 4046 mihi
3576 4024 3579 4025 ν

1972 4094 2093 4149 data
2124 4102 2207 4148 est
2234 4109 2275 4148 at
2309 4092 2461 4148 Deo:
2508 4101 2583 4145 ut
2615 4091 2718 4146 sim
2772 4090 3017 4145 minister
3069 4087 3267 4143 Christi
3309 4084 3433 4141 Jesu
3496 4084 3549 4137 in

1973 4186 2223 4257 gentibus
2258 4203 2272 4252 ;
2324 4183 2669 4239 sanctificans
2711 4182 3059 4248 Evangelium
3096 4179 3189 4235 Dei
3221 4179 3285 4232 θ’.
3322 4197 3340 4232 ›
3372 4175 3552 4244 Quin-9

1974 4277 2133 4331 etiam
2155 4274 2449 4329 Zacharias
2468 4272 2575 4326 tilio
2592 4288 2691 4328 suo
2714 4272 3020 4341 prephetat,
3040 4270 3291 4341 Baplisla:
3310 4267 3557 4336 inquam,

1982 4383 2001 4417 ι
2040 4365 2109 4419 Et
2142 4374 2195 4419 tu
2222 4381 2375 4436 puer,
2401 4364 2660 4437 propheta
2693 4363 2959 4419 Altissimi
2988 4361 3289 4417 vocaberis.
3327 4357 3552 4413 Prmibis

300 4460 533 4525 παιδίον,
574 4461 860 4531 προφήτης
903 4458 1157 4527 Ὑψίστου
1210 4455 1475 4528 κληθήσῃο
1520 4453 1861 4526 προπορεύστ

1979 4458 2122 4512 enim
2148 4465 2275 4512 ante
2298 4454 2489 4511 faciem
2514 4455 2753 4519 Domini,
2777 4454 2841 4508 ad
2862 4452 3269 4524 praeparandum
3297 4449 3551 4521 populum

300 4547 407 4619 γάρ
446 4551 548 4619 πρὸ
571 4550 862 4618 προσώπου
901 4549 1126 4620 Κυρίου,
1170 4547 1454 4616 ἑτοιμάσαι
1477 4547 1605 4599 λαὸν
1640 4545 1811 4614 αύτῷ.
1850 4563 1868 4594 ι

302 4636 434 4692 Εἶτα
463 4641 552 4692 τὸν
584 4641 844 4709 ’Ύψιστόν
868 4656 927 4691 τε
958 4642 1051 4692 καὶ
1071 4639 1272 4709 Κύριον
1303 4641 1329 4690 ὁ
1351 4638 1635 4699 θεσπέσιος
1669 4636 1875 4689 Βαπτι-

304 4732 433 4804 στὴς
468 4732 778 4785 κατεδείκνυ
823 4732 1017 4800 λέγων’
1051 4752 1067 4782 ι
1098 4733 1203 4785 Ἴδε
1231 4734 1258 4784 ό
1292 4731 1485 4800 Ἀμνὸς
1522 4728 1615 4781 τοῦ
1655 4727 1811 4790 Θεοῦ,
1852 4728 1879 4779 6

303 4826 472 4895 αἴρων
504 4824 603 4894 τὴν
642 4823 915 4894 ἁμαρτίαν
930 4822 1024 4876 τοῦ
1055 4822 1282 4893 κόσμου.
1308 4816 1476 4886 Οὗτός
1526 4823 1638 4873 ἐστι
1671 4820 1796 4889 περὶ
1820 4814 1881 4870 οὗ

306 4914 415 4985 ἐγὼ
443 4910 625 4967 εἷπονον
649 4914 855 4967 Ὀπίσω
889 4930 990 4983 μου
1013 4912 1230 4987 ἔρχεται
1277 4914 1415 4984 ἀνὴρ
1466 4912 1524 4976 ὃς
1571 4909 1878 4983 ἔμπροσθέν

309 5023 409 5076 μου
435 5005 676 5073 γέγονεν,
700 5004 781 5058 ὅτι
807 5002 1023 5073 πρῶτός
1057 5019 1158 5072 μου
1179 4997 1265 5071 ἦν.
1291 5021 1309 5053 ι
1334 4998 1457 5073 'Ap’
1486 4995 1578 5054 οῦν
1610 5000 1879 5055 ἐνδοιάσαι

308 5098 483 5165 θέμις,
510 5095 585 5159 ὼς
616 5089 695 5159 εἷς
732 5094 825 5149 καὶ
876 5093 1035 5164 μόνος
1074 5095 1166 5147 καὶ
1196 5092 1415 5165 άληθῶς
1458 5093 1585 5155 Υἱὸς
1616 5092 1698 5162 εἴη
1749 5092 1816 5146 ἂν
1852 5092 1880 5143 6

306 5189 369 5240 ὲκ
397 5185 531 5240 Θεοῦ
595 5186 805 5257 Πατρός
853 5185 1025 5253 Λόγος
1075 5185 1211 5256 μετὰ
1248 5185 1347 5254 τῆς
1398 5185 1691 5253 ἑνωθείσης
1732 5183 1881 5253 αὐτῷ

310 5279 529 5350 σαρκὸς,
556 5280 649 5331 καὶ
677 5279 777 5331 οὐκ
808 5277 1015 5348 ἀψύχου
1042 5274 1240 5348 μᾶλλον
1267 5276 1407 5331 κατά
1428 5294 1599 5341 τινας,
1626 5276 1701 5339 ὡς
1723 5275 1881 5345 ἔφην,

307 5370 665 5441 ἐψυχωμένης
694 5371 749 5424 δὲ
786 5366 1008 5441 νοερῶς,
1041 5368 1134 5423 καὶ
1171 5368 1229 5423 ἒν
1266 5369 1363 5423 σὺν
1406 5368 1543 5438 αὐτῇ
1598 5366 1887 5436 πρόσωπον

312 5462 561 5532 πανταχῆ
591 5480 605 5528 ;

383 5663 599 5718 "'Psal.
630 5681 740 5733 XXI,
766 5666 851 5719 19.

314 5734 360 5765 "
397 5734 559 5790 llchr.
598 5755 633 5798 ι.
666 5738 718 5789 5.

967 5664 1012 5695 ”
1042 5663 1169 5717 ibid.
1196 5664 1249 5717 8.
1346 5663 1389 5694 ⁸⁸
1421 5661 1574 5716 Joan.
1615 5675 1726 5723 xw,
1780 5660 1831 5714 9.

1942 5658 1985 5688 ⁸⁸
2015 5656 2170 5711 JOaII.
2200 5674 2250 5719 χ,
2278 5657 2363 5709 30.

796 5735 1095 5799 "Philipp.
1132 5747 1190 5797 lt,
1221 5734 1272 5786 7.
1345 5736 1384 5765 "
1415 5732 1453 5787 ll
1483 5733 1606 5789 Cor.
1640 5745 1712 5797 tv,
1746 5730 1796 5782 l3.
1872 5731 1916 5763 "
1962 5727 2114 5782 ilum.
2150 5745 2234 5791 xv,
2278 5728 2358 5789 IIS,
2407 5726 2486 5781 lt}.

1977 4548 2145 4617 ipsius
2171 4548 2238 4605 ”.
2280 4567 2297 4600 ι
2324 4547 2527 4602 Deinde
2576 4548 2794 4601 divinus
2824 4545 3087 4616 Baptista,
3142 4543 3475 4597 Altissinmm
3502 4550 3557 4593 et

1978 4640 2262 4695 Domimnn
2308 4641 2664 4704 demonstrat,
2690 4640 2917 4694 dicens:
2956 4657 2974 4690 ι
3013 4639 3152 4694 Ecce
3202 4639 3387 4707 Agnus
3438 4633 3551 4697 Dei,

1980 4733 2069 4802 qui
2111 4733 2246 4787 tollit
2284 4740 2503 4802 peccata
2537 4728 2742 4784 mundi.
2780 4728 2877 4783 Hic
2922 4728 3093 4782 estde
3122 4742 3229 4796 quo
3254 4726 3363 4780 dixi
3393 4724 3564 4780 :Poss

1982 4840 2068 4879 me
2111 4824 2255 4878 venit
2300 4823 2403 4885 vir,
2454 4820 2545 4889 qui
2592 4830 2715 4876 ante
2770 4834 2857 4875 me
2895 4821 3069 4875 factus
3096 4830 3196 4883 est,
3244 4819 3367 4885 quia
3410 4818 3556 4885 prior

1983 4932 2068 4972 me
2098 4925 2216 4969 urat
2244 4916 2309 4967 “.
2343 4932 2361 4965 ι
2385 4914 2560 4968 Fasne
2584 4913 2745 4983 igitur
2776 4912 2936 4967 fuerit
2962 4912 3226 4978 dubitare,
3249 4912 3389 4977 quod
3419 4926 3567 4964 unus

1981 5019 2036 5063 et
2064 5006 2210 5062 solus
2241 5021 2302 5060 ac
2323 5020 2448 5060 vere
2473 5007 2541 5059 sit
2570 5004 2762 5069 Filius,
2825 5003 3060 5059 Verbum
3110 5019 3176 5057 ex
3236 5004 3344 5057 Deo
3397 5001 3556 5056 Patre

1984 5117 2105 5155 ctnn
2137 5099 2281 5153 unita
2314 5099 2414 5153 sibi
2445 5113 2628 5164 carne,
2660 5114 2761 5153 non
2811 5099 2898 5151 illa
2939 5098 3229 5153 inanimala
3259 5098 3568 5153 secundum

1988 5193 2291 5255 nonnullos,
2327 5201 2382 5246 ut
2406 5192 2538 5257 dixi,
2586 5194 2677 5246 sed
2716 5192 2895 5248 anima
2954 5192 3285 5262 intelligente
3312 5188 3582 5260 pra'dita,“

1986 5299 2199 5354 unaque
2226 5299 2447 5355 prorsus
2481 5300 2602 5340 cum
2637 5285 2754 5354 ipso
2778 5298 3008 5354 persona
3045 5284 3067 5336 ’Ξ

2475 5653 2693 5719 "Joan.
2729 5670 2845 5717 vm,
2888 5656 2976 5709 to.
3085 5651 3320 5706 ποιουν.
3372 5663 3411 5719 ι.
3472 5646 3561 5719 l3.

2567 5715 2767 5782 ιηἰιυυ.
2803 5715 2840 5792 ι,
2882 5726 2965 5779 76.
2997 5725 3039 5755 ’³³
3072 5723 3223 5777 .loan.
3262 5736 3298 5782 ι,
3360 5715 3542 5778 29,50
