4016 6202
505 351 633 406 153!

1485 349 1543 406 3.
1587 347 1859 404 CYRILLI
1898 347 2368 405 ALEXANDRINI
2403 351 2724 407 ARCHIEP.

3611 350 3763 405 £339.

571 469 627 520 Β.
658 466 912 536 Equidem
940 481 1276 535 nequaquam
1296 466 1673 521 dubitaverim.
1709 487 1727 519 ε
1759 468 1909 524 Unus
1925 469 2067 522 enim

2245 473 2302 524 Β.
2350 473 2717 542 Ἐνδοιάσαιμι
2751 470 2849 541 μὲν
2878 469 3081 541 ἤκιστά
3104 485 3188 537 γε.
3213 485 3229 518 ι
3259 461 3352 530 Εἷς
3381 467 3491 537 γὰρ
3522 468 3762 538 Κύριος,

501 558 780 623 Dominus,
840 573 942 611 una
1001 560 1154 623 fides,
1205 575 1369 612 unum
1421 560 1686 628 baptisma
1718 563 1785 615 ⁸⁵.
1826 582 1844 614 ι
1904 566 1974 619 At
2026 568 2070 620 si

499 651 710 705 dicatur
769 649 1017 704 Christus
1067 649 1365 720 profecisse
1409 661 1588 714 tetate,
1657 655 1943 721 sapientia,
2025 665 2079 711 et

500 744 668 811 gratia
699 741 764 806 ",
798 741 1013 796 cuinam
1043 743 1156 797 htee
1183 744 1499 798 acciderunt
1529 744 1551 796 ?
1584 742 1716 798 Cum
1748 745 1981 800 Verbum
2005 761 2071 801 ex

503 833 611 889 Deo
635 832 798 888 Patre
814 836 883 888 sit
904 834 1118 903 plenum
1145 844 1198 890 et
1222 835 1516 905 perfectum
1553 851 1647 905 per
1669 851 1748 901 se,
1772 842 2075 906 qualenam,

500 922 748 985 obsecro,
781 921 1008 991 alicujus
1064 923 1454 978 incrementum
1518 927 1593 978 rei
1648 926 2077 993 accipiat?Cum

502 1028 629 1067 vero
652 1012 764 1081 ipse
817 1015 885 1068 sit
911 1015 1171 1083 sapientia
1202 1014 1270 1080 ⁸⁷,
1325 1030 1430 1070 non
1491 1016 1699 1071 dicetur
1759 1017 2079 1084 sapientiam

502 1105 793 1174 accepisse.
825 1105 1182 1171 Quaerendum
1220 1106 1398 1176 itaque
1463 1107 1639 1174 aiunt,
1673 1107 1756 1163 cui
1796 1108 1910 1163 haec
1940 1108 2082 1163 acci-

502 1198 699 1251 derint.

574 1288 821 1360 760A.
850 1289 1004 1345 Alius
1034 1291 1240 1359 itaque,
1280 1300 1339 1345 ut
1376 1290 1610 1355 videtur,
1662 1288 2082 1345 introducendus

503 1382 608 1436 erit
664 1381 835 1437 Filius
886 1392 941 1437 et
995 1382 1275 1446 Dominus,
1330 1383 1455 1451 quia
1508 1381 1748 1435 nonnulli
1800 1395 2080 1436 sacrarum

503 1475 833 1532 Litterarum
864 1476 1270 1547 intelligentiam
1297 1474 1553 1542 consequi
1593 1482 1886 1543 nequeunt.
1917 1472 2081 1542 Atqui

505 1568 723 1636 sapiens
747 1567 1070 1636 evangelista
1096 1581 1216 1621 eum
1239 1566 1442 1619 inducit
1464 1564 1694 1619 Verbum
1725 1565 2083 1632 incarnatum,

507 1661 742 1715 ostendit
768 1660 940 1730 ipsum
962 1657 1295 1714 (economice
1320 1657 1619 1712 immissum
1658 1658 1888 1726 propria:
1912 1657 2082 1723 carni,

507 1765 605 1818 per
629 1750 858 1820 propria:
882 1764 991 1803 sum
1023 1758 1230 1802 natura:
1262 1748 1409 1816 leges
1435 1749 1784 1816 processisse.
1806 1747 2081 1801 'llumana:

2185 566 2282 635 μία
2310 566 2511 629 πίστις,
2550 565 2609 617 ἓν
2641 564 2942 634 βάπτισμα.
2993 579 3013 613 ι
3061 560 3208 631 Πλὴν
3258 562 3306 613 εί
3350 561 3564 628 λέγοιτο
3620 576 3772 631 προσ

2180 658 2399 710 κόπτειν
2437 656 2642 728 Ἰησοῦς
2678 655 2886 726 ἡλικίᾳ,
2920 655 3013 708 καὶ
3058 655 3237 723 σοφίᾳ,
3299 651 3394 705 κα)⁸
3422 650 3633 722 χάριτι,
3678 652 3762 716 τίς

2178 752 2207 803 ό
2230 752 2287 803 ἐν
2308 749 2517 813 τούτοις
2545 747 2781 817 γεγονώς
2810 750 2958 811 ἐστι;
2991 745 3211 815 Πλήρης
3242 743 3351 812 γὰρ
3374 741 3449 794 ὼν
3474 742 3573 794 καὶ
3599 742 3757 795 αὑτο-

2178 844 2337 913 τελὴς
2364 846 2390 896 ὁ
2417 845 2480 894 ἐκ
2506 840 2640 894 Θεοῦ
2673 839 2881 909 Πατρδς
2906 837 3100 905 Λόγος,
3143 834 3335 888 ὁποίαν
3360 833 3425 886 ἂν
3458 832 3621 887 λάϐοι
3665 831 3766 884 καὶ

2180 936 2258 991 είς
2302 934 2354 986 τί
2394 933 2492 1001 τὴν
2558 931 2834 995 ἐπίδοσιν,
2882 930 3003 999 ἤτοι
3052 928 3152 996 τὴν
3206 924 3526 996 προκοπήνς
3587 924 3758 991 Σοφία

2178 1027 2234 1081 δὲ
2256 1026 2332 1078 ὢν
2364 1025 2547 1089 αὐτὸς,
2572 1025 2672 1077 οὐκ
2714 1024 2779 1077 ἂν
2808 1023 3019 1091 λέγοιτο
3052 1021 3238 1089 σοφίας
3272 1019 3545 1081 δεκτικός.
3576 1020 3760 1089 Ζητηο

2179 1118 2298 1173 τέον
2314 1115 2407 1175 οῦν
2425 1118 2533 1189 ἄρα
2560 1118 2716 1187 φασὶ,
2754 1117 2881 1189 περὶ
2903 1115 2962 1168 ὃν
2993 1113 3057 1168 ἂν
3084 1113 3295 1182 γένοιτο
3322 1112 3498 1165 ταυτί.

2254 1295 2317 1346 Α.
2353 1294 2578 1365 Ἕτερον
2604 1286 2719 1359 οῦν,
2749 1294 2824 1356 ὡς
2859 1292 3054 1358 ἔοικεν,
3098 1289 3472 1359 εἰσκομιστέον
3503 1289 3637 1341 Υίὺν
3673 1289 3763 1342 καὶ

2182 1387 2407 1460 Κύριον,
2448 1387 2535 1440 διὰ
2568 1387 2628 1440 τὸ
2660 1385 2733 1456 μὴ
2763 1384 3022 1438 δύνασθαί
3062 1400 3215 1485 civ/41.;
3241 1380 3619 1435 καθικνεῖσθαι
3670 1380 3767 1432 τοῦ

2186 1479 2381 1550 βάθους
2410 1479 2517 1532 τῶν
2542 1478 2701 1549 ἱερῶν
2728 1472 3194 1547 ι’ραμμάτων.”0
3220 1473 3330 1545 γάρ
3356 1490 3440 1526 τοι
3476 1472 3637 1540 σοφὴ
3676 1473 3768 1524 εὑ-

2184 1570 2532 1641 αγγελιστῆς,
2562 1571 2738 1641 σάρκα
2775 1568 3034 1637 γεγονότα
3061 1564 3493 1636 προεισενεγκὼν
3520 1565 3614 1617 τὸν
3660 1566 3769 1617 Λό-

2186 1680 2305 1732 γον,
2359 1662 2632 1715 δείκνυσιν
2682 1660 2845 1712 αὑτὸν
2890 1658 3248 1729 οἰκονομικῶς
3282 1657 3481 1724 ἐφέντα
3526 1660 3595 1726 τῇ
3657 1656 3767 1726 ἰδίᾳ

2190 1754 2372 1823 σαρκὶ,
2401 1754 2489 1806 διὰ
2513 1752 2620 1805 τῶν
2664 1752 2764 1822 τῆς
2812 1751 2947 1813 ἰδίας
2971 1748 3186 1819 φύσεως
3230 1748 3367 1802 ἱέναι
3407 1749 3609 1817 νόμων.
3645 1749 3768 1799 Ἀνο

509 1855 641 1897 vero
668 1848 873 1893 natura
895 1848 977 1893 est
1001 1837 1265 1909 proiicere
1290 1846 1449 1891 aetate
1485 1846 1536 1891 et
1587 1838 1872 1907 sapientia,
1935 1838 2083 1891 addi-

2196 1846 2534 1917 Βρωπότητος
2566 1844 2622 1896 δέ
2659 1845 2719 1896 τὸ
2762 1842 3090 1913 προκόπτειν
3131 1842 3279 1893 ἐστὶν
3337 1840 3523 1911 ἡλικία
3569 1856 3630 1891 τε
3678 1839 3768 1891 καὶ

508 1931 677 1985 derim
715 1938 893 1984 autem
923 1939 974 1985 et
1005 1931 1203 2001 gratia,
1235 1937 1595 1983 concurrente
1630 1944 1694 1983 ac
1740 1941 2088 1998 promovente

508 2022 905 2091 quodammodo
941 2037 1045 2076 una
1085 2037 1210 2076 cum
1254 2021 1500 2089 corporis
1533 2020 1892 2086 incremento,
1924 2021 2085 2075 etiam

509 2114 861 2185 intelligentia
896 2129 1015 2185 quae
1038 2114 1092 2168 in
1127 2128 1451 2184 unoquoque
1471 2125 1573 2169 est.
1634 2113 1808 2180 Minor
1834 2114 1974 2167 enim
2006 2121 2090 2167 est

511 2211 564 2262 in
590 2206 907 2273 infantibus,
967 2206 1139 2274 major
1190 2207 1242 2260 in
1289 2208 1489 2276 pueris.
1551 2203 1740 2275 Neque
1787 2220 1916 2258 vero
1976 2214 2090 2261 erat

511 2299 842 2370 impossibile
871 2308 929 2352 ut
978 2298 1106 2365 Deo,
1134 2299 1308 2353 Verbo
1339 2315 1407 2354 ex
1438 2302 1603 2354 Patre
1654 2298 1853 2370 genito.
1898 2312 2090 2367 corpus

509 2393 611 2447 sibi
673 2393 885 2446 unitum
920 2391 1082 2446 etiam
1118 2398 1182 2444 ex
1219 2391 1348 2460 ipsis
1397 2391 1579 2446 fasciis
1615 2389 1888 2453 attollere,
1929 2400 2091 2457 atque

510 2483 576 2536 ad
604 2481 893 2551 perfectam
917 2489 1128 2535 aetatem
1165 2481 1459 2535 transferre
1489 2498 1502 2546 ;
1530 2490 1688 2549 atque
1733 2480 1866 2535 adeo
1901 2478 2092 2535 facilli-

514 2590 662 2629 mum
695 2577 743 2629 ei
785 2574 978 2630 fuisset
1010 2575 1172 2629 etiam
1231 2575 1422 2629 infanti
1481 2574 1808 2643 exquisitam
1852 2574 2090 2627 adrnira-

513 2667 781 2735 bilemque
805 2666 1120 2736 sapientiam
1166 2664 1421 2719 tribuere.
1459 2657 1724 2719 (Steterunt
1762 2664 1863 2719 hoc
1891 2663 2092 2735 aliquid

514 2758 737 2810 monstri
777 2756 951 2810 simile
997 2756 1210 2819 fuisset,
1258 2764 1311 2808 et
1340 2770 1369 2808 a
1426 2755 1641 2809 ratione
1701 2752 2094 2806 incarnationis

513 2849 768 2902 alienum.
785 2847 1092 2918 Mysterium
1115 2847 1254 2901 enim
1278 2847 1443 2900 tacite
1463 2846 1804 2913 modesteque
1817 2855 2092 2913 peractum

515 2952 617 2993 est.
655 2936 914 2992 iiumante
938 2940 1120 3007 itaque
1149 2947 1353 2991 natura:
1380 2935 1521 3003 leges
1561 2936 1892 2991 (nconomiee
1933 2936 2092 2989 etiam

517 3033 567 3083 in
606 3046 663 3083 se
697 3030 876 3082 valere
911 3029 1096 3082 voluit.
1129 3026 1261 3081 Nam
1301 3037 1356 3082 et
1413 3027 1513 3081 hoc
1566 3030 1631 3080 ad
1689 3026 2093 3081 similitudinem

516 3119 687 3173 nostri
714 3119 1055 3173 referendum
1086 3128 1189 3173 est.
1214 3116 1323 3172 Nos
1344 3119 1485 3171 enim
1514 3134 1540 3171 a
1570 3118 1751 3187 parvis
1800 3118 1865 3171 ad
1901 3131 2090 3185 magna

518 3211 880 3279 procedimus,
908 3210 1169 3265 erebente
1203 3224 1301 3263 nos
1336 3219 1577 3279 tempore
1610 3211 1673 3263 ad
1699 3210 2092 3262 incrementum

515 3302 718 3364 aetatis,
777 3311 831 3355 et
895 3314 999 3353 non
1060 3298 1323 3354 absimilis
1379 3314 1678 3369 parumque
1727 3298 2094 3353 convenientis

516 3407 637 3445 eum
687 3399 846 3447 aetate
897 3391 1224 3447 intellectus.
1269 3390 1505 3445 Verbum
1559 3393 1741 3461 itaque
1799 3407 1861 3446 ex
1912 3388 2094 3455 Patre,

448 3476 457 3487 '
518 3491 784 3553 quatenus
805 3493 881 3538 est
911 3483 1069 3545 Deus,
1088 3483 1540 3552 perfectissimum
1564 3499 1629 3537 ex
1650 3499 1705 3537 se
1723 3493 1826 3547 est,
1848 3484 2097 3553 nullaque

518 3578 675 3646 plane
711 3592 788 3640 re,
847 3585 1035 3631 utnec
1073 3578 1407 3649 incremento
1463 3584 1604 3645 eget.
1659 3575 1927 3630 Caeterum
1999 3591 2096 3629 no-

521 3678 689 3723 stram
740 3677 992 3721 naturam
1046 3668 1147 3722 sibi
1206 3666 1479 3737 pmpriant
1536 3667 1687 3732 ferit,
1742 3684 1862 3720 eum
1925 3667 2097 3722 factus

521 3770 602 3812 est
635 3757 800 3813 nostri
827 3759 1045 3822 similis,
1065 3760 1277 3813 tametsi
1311 3759 1545 3811 sciamus
1581 3758 1755 3827 ipsum
1794 3760 1957 3812 etiam
1996 3761 2096 3813 hoc

522 3862 679 3920 pacto
718 3852 869 3904 nobis
894 3851 1229 3919 superiorem
1262 3865 1405 3913 esse,
1448 3860 1504 3904 ut
1528 3850 1720 3904 Deum.
1771 3851 1847 3903 Ae
1872 3851 2098 3919 proinde

524 3941 720 3996 Paulus
771 3943 985 3997 tametsi
1022 3944 1226 4012 optime
1266 3951 1445 3997 nosset
1493 3942 1665 4010 ipsum
1710 3958 1927 3995 carnem
1978 3959 2099 3997 esse

521 4031 745 4093 factum.
792 4042 991 4098 tamen,
1053 4033 1274 4088 Deitatis
1310 4033 1655 4087 eminentiam
1706 4031 2097 4101 contemplans,

525 4125 697 4191 ipsum
728 4124 999 4177 hominem
1031 4139 1135 4178 non
1165 4138 1282 4178 esse
1313 4124 1508 4178 alicubi
1536 4114 1718 4177 dicere
1751 4124 1931 4178 audet.
1961 4122 2095 4177 Nam

524 4216 833 4271 adGalatas
863 4219 934 4270 ita
984 4217 1168 4271 scribit
1208 4234 1221 4271 :
1266 4235 1284 4264 σ
1320 4216 1516 4271 Paulus
1561 4219 1835 4288 apostolus
1884 4233 1987 4271 non
2032 4220 2099 4272 ab

524 4311 855 4373 hominibus,
898 4325 1074 4380 neque
1113 4326 1205 4377 per
1270 4308 1567 4373 hominem,
1616 4311 1710 4364 sed
1766 4326 1861 4379 per
1916 4309 2097 4364 Jesnm

524 4403 799 4458 Christum
827 4402 894 4455 ”.
934 4418 954 4455 ο
988 4400 1052 4455 Et
1076 4399 1202 4455 alibi
1235 4420 1246 4453 :
1289 4419 1307 4449 ‹
1343 4398 1535 4453 Notum
1571 4402 1715 4455 enim
1765 4401 1917 4455 vobis
1961 4401 2100 4456 facio

2188 1937 2371 2008 σοφίᾳ,
2410 1936 2575 2005 φαίην
2603 1935 2646 1988 δ’
2677 1934 2742 1988 ἂν
2775 1935 2856 1987 ὅτι
2914 1935 3010 1986 καὶ
3036 1932 3253 2003 χάριτι,
3300 1930 3769 1999 συναναπηδώσης

2184 2030 2385 2100 τρόπον
2414 2029 2535 2083 τινὰ
2585 2031 2697 2090 τοῖς
2743 2026 2837 2080 τοῦ
2884 2025 3133 2096 σώματος
3191 2025 3409 2096 μέτροις
3442 2025 3535 2091 καὶ
3573 2025 3677 2093 τῆς
3715 2026 3772 2076 ἐν

2188 2121 2403 2189 ἐκεὶστῳ
2437 2119 2725 2182 συνέσεως.
2786 2114 2982 2186 Ἑτέρα
3009 2116 3068 2168 δέ
3097 2110 3163 2168 αὖ
3198 2117 3255 2168 ἐν
3298 2117 3409 2177 τοῖς
3435 2115 3537 2185 ήδη
3585 2115 3770 2175 παισὶ,

2188 2212 2280 2264 καὶ
2306 2211 2446 2280 ὑπὲρ
2477 2209 2635 2263 τοῦτο
2665 2205 2887 2263 ἐτιῙΠν
2915 2209 3012 2278 μὲν
3036 2208 3143 2278 γὰρ
3165 2209 3266 2261 οὐκ
3286 2207 3567 2266 ἀδύνατον.
3596 2208 3777 2275 ἤγουν

2189 2303 2496 2371 ἀνέφικτον,
2531 2302 2606 2365 ὡς
2650 2302 2768 2372 Θεῷ
2802 2302 2879 2371 τῷ
2927 2303 2989 2354 ἐκ
3024 2302 3236 2370 Πατρὸς
3282 2302 3438 2371 φύντι
3486 2303 3669 2370 Λόγῳ,
3714 2301 3776 2353 τὸ

2170 2391 2386 2445 ἐνωθέν
2411 2390 2558 2462 αὐτῷ
2583 2390 2761 2461 σῶμα,
2792 2392 2883 2443 καὶ
2918 2390 2977 2456 ἐξ
3002 2391 3182 2444 αὐτῶν
3209 2391 3537 2459 σπαργάνων
3587 2390 3777 2458 αἴρειν

2189 2501 2249 2537 τε
2274 2482 2431 2552 ὑψοῦ,
2474 2482 2566 2535 καὶ
2593 2484 2671 2545 εἰς
2706 2482 2901 2552 μέτρον
2927 2483 3144 2552 ἡλικίας
3173 2485 3267 2552 τῆς
3296 2482 3495 2551 ἀρτίως
3525 2482 3779 2552 ἐκθύσης

2192 2575 2708 2644 ἀνενεγκεῖν.Φαίην
2736 2575 2777 2626 δ’
2810 2574 2891 2628 ὅτι
2915 2575 3006 2627 καὶ
3025 2577 3081 2627 ἐν
3109 2574 3283 2645 νηπίῳ
3310 2573 3498 2640 σοςίαν
3525 2574 3778 2644 ἐκφῆναι

2191 2667 2643 2739 τεθανμασμένην
2707 2666 2885 2739 ῥᾴδιόν
2936 2684 2994 2719 τε
3046 2668 3140 2720 καὶ
3181 2666 3435 2737 εὐήλατον
3466 2662 3537 2735 ἦν
3587 2666 3767 2736 αὐτῷ·

2194 2760 2306 2814 ἀλλ’
2337 2754 2405 2828 ἦν
2433 2759 2493 2810 τὸ
2525 2759 2713 2829 χρῆμα
2762 2755 3147 2828 τερατοποιίας
3176 2756 3234 2808 οὑ
3271 2754 3508 2825 μακρὰν,
3535 2754 3632 2805 καὶ
3656 2757 3776 2817 τοῖς

2193 2850 2293 2919 τῆς
2342 2849 2653 2919 οἰκονομίας
2696 2848 2875 2915 λόγοις
2917 2848 3280 2918 ἀνάρμοστον.
3346 2846 3611 2899 Ἑτελεῑτο
3660 2846 3777 2915 γὰρ

2195 2940 2432 3010 ἀψοφητὶ
2460 2939 2521 2993 τὸ
2579 2939 2898 3009 μυστήριον.
2935 2938 3113 3005 ’Περίει
3156 2936 3221 3006 δὴ
3272 2932 3363 2989 οὖν
3415 2936 3773 3005 οἰκονομικῶς

2195 3036 2307 3096 τοῖς
2340 3032 2441 3096 τῆς
2476 3030 2894 3101 ἁνθρωπότητος
2942 3029 3158 3099 μέτροις
3208 3028 3293 3097 ἐφ’
3322 3029 3499 3099 ἐαυτῷ
3544 3029 3604 3081 τὸ
3636 3044 3773 3098 κρα-

2196 3128 2326 3179 τεῖν.
2360 3112 2785 3193 Τετάξεταιγὰρ
2835 3122 2892 3174 ἐν
2942 3121 3105 3192 μοίρᾳ
3131 3121 3224 3173 καὶ
3276 3121 3437 3174 τοῦτο
3486 3120 3587 3189 τῆς
3638 3121 3773 3188 πρὸς

2196 3215 2343 3286 ἡμᾶς
2380 3211 2717 3283 ὁμοιώσεως,
2752 3205 2832 3273 οἷς
2867 3209 3008 3263 κατὰ
3043 3209 3217 3281 βραχὺ
3248 3210 3384 3279 πρὸς
3417 3210 3477 3262 τὸ
3528 3210 3710 3278 μεῖζον
3739 3210 3770 3277 ἡ

2198 3306 2443 3378 πρόοδος,
2479 3304 2724 3376 αἴροντος
2771 3304 2912 3374 ἡμᾶς
2943 3303 3134 3373 καιροῦ
3206 3302 3342 3371 πρὸς
3384 3301 3624 3354 ἐπίδοσιν
3657 3301 3772 3369 ἡλι-

2200 3397 2322 3460 κίας
2366 3397 2461 3449 καὶ
2490 3395 2591 3449 οὐκ
2632 3394 2975 3465 ἀναρμόστου
3006 3394 3342 3462 φρονήσεως.
3377 3390 3590 3445 Οὐκοῦν
3642 3379 3773 3443 πείν-

2198 3488 2400 3551 τέλειος
2435 3488 2555 3557 μὲν,
2575 3486 2669 3540 καὶ
2686 3484 2990 3556 ἀπροσδεὴς
3023 3484 3221 3547 παντὸς
3243 3483 3484 3545 ὁτουοῦν,
3524 3484 3618 3534 καὶ
3645 3480 3775 3548 γοῦν

2199 3582 2497 3650 αὐξήσεως,
2528 3579 2603 3641 ὡς
2627 3578 2778 3643 Θεὸς,
2809 3579 2837 3631 ὁ
2863 3580 2927 3630 ἐκ
2947 3577 3156 3645 Πατρὸς
3178 3574 3367 3641 Λόγοςο
3392 3572 3685 3627 οἰκειοῦταί
3711 3588 3772 3637 γε

2204 3672 2309 3742 μὴν
2344 3669 2411 3722 τὰ
2439 3669 2614 3740 ἡμῶν,
2644 3668 2766 3720 ἐπεί
2810 3685 2892 3720 τοι
2937 3666 3124 3735 γέγονε
3159 3664 3279 3719 καθ’
3318 3665 3487 3733 ἡμᾶς.
3524 3704 3536 3715 .
3569 3704 3582 3715 .
3618 3665 3774 3729 ἴσμεν

2199 3763 2326 3816 ὄντα
2359 3761 2518 3814 αὐτὸν
2561 3759 2656 3813 καὶ
2684 3758 2857 3822 οὕτως
2899 3758 3040 3828 ὑπὲρ
3069 3758 3239 3827 ἡμᾶς,
3292 3756 3366 3819 ὡς
3399 3755 3551 3808 Θεόν.
3589 3753 3774 3823 Τολμᾷ

2201 3854 2329 3922 γοῦν
2364 3854 2391 3906 ὸ
2422 3851 2652 3914 Παῦλος,
2682 3850 2885 3920 καίπερ
2914 3846 3069 3912 εἰδὼς
3121 3848 3200 3901 ὅτι
3237 3848 3429 3915 γέγονε
3465 3845 3624 3914 σὰρξ,
3660 3845 3774 3905 ταῖς

2200 3945 2301 4012 τῆς
2331 3943 2580 4013 Οεὸτητος
2620 3942 2915 4011 ὑπεροχαῖς
2959 3938 3185 4009 ἐνορῶν,
3220 3937 3330 3990 ἔσθ’
3378 3939 3489 3995 ὅτε,
3535 3935 3656 3989 οῦδέ
3684 3936 3774 3988 ἄν·

2204 4036 2419 4106 Ορωπον
2452 4035 2612 4088 αὑτὸν
2642 4027 2781 4086 εἶναι
2814 4030 3031 4100 ἐνιαχοῦ
3063 4030 3268 4097 λέγειν·
3305 4028 3609 4081 ἐπιστέλλει
3648 4026 3773 4094 γοῦν

2200 4131 2312 4187 τοῖς
2358 4130 2422 4179 ἐκ
2450 4126 2737 4187 Γαλατίας·
2780 4144 2796 4175 ι
2830 4122 3041 4185 Παῦλος
3066 4121 3360 4184 ἀπόστολος
3403 4121 3506 4173 οὐκ
3552 4120 3648 4172 ἀπ’
3685 4119 3775 4170 ἁν-

2203 4218 2457 4290 Ορὼπων,
2488 4217 2610 4269 οὐδὲ
2652 4215 2718 4269 δι’
2769 4212 3081 4283 ἀνθρώπου,
3126 4211 3262 4265 ἀλλὰ
3293 4211 3382 4264 διὰ
3439 4209 3614 4279 Ἰησοῦ
3645 4209 3777 4280 X9:-

2204 4313 2352 4364 στοῦ·
2391 4330 2407 4359 ι
2452 4310 2545 4361 κ]ιί
2578 4307 2683 4378 μὴν
2714 4306 2810 4359 καὶ
2840 4305 3092 4376 ἑτέρωθι,
3140 4322 3158 4355 t
3187 4302 3442 4374 Γνωρίζω
3467 4301 3519 4353 δὲ
3552 4302 3686 4371 ὑμῖν
3719 4301 3777 4352 τὸ

2206 4400 2534 4468 Ε·)αγγέ).ιον
2560 4398 2619 4449 τὸ
2664 4394 3049 4463 εὐαγγελισθὲν
3073 4396 3164 4448 ὑπ’
3207 4395 3365 4466 ἐμοῦ,
3400 4396 3478 4448 ὅτι
3516 4392 3620 4445 οῦκ
3666 4391 3779 4444 ἔστι

527 4494 871 4564 Evangelium
903 4494 1043 4564 quod
1076 4489 1500 4561 evangelizatum
1527 4500 1609 4543 est
1633 4506 1659 4543 a
1698 4505 1805 4553 me,
1840 4491 1963 4560 quia
1995 4507 2091 4543 non

2207 4493 2347 4544 κατὰ
2381 4489 2682 4558 ἄνθρωπον.
2709 4487 2843 4541 Οὐδὲ
2877 4487 2983 4557 γὰρ
3010 4486 3118 4556 ἐγὼ
3150 4486 3301 4556 παρὰ
3329 4484 3615 4555 ἀνθρώπου
3642 4500 3776 4552 παρα

526 4600 610 4643 est
661 4587 957 4642 secundum
1009 4585 1305 4638 hominem.
1340 4580 1529 4651 Neque
1568 4582 1713 4636 enim
1768 4582 1834 4635 ab
1887 4583 2103 4636 homine

527 4680 710 4750 accepi
775 4678 928 4744 illud,
991 4692 1167 4748 neque
1216 4674 1399 4741 didici,
1435 4675 1528 4731 sed
1578 4690 1676 4746 per
1722 4673 2101 4729 revelationetn

526 4770 651 4826 Jcsu
683 4770 883 4826 Christi
916 4770 985 4823 ”.
1021 4787 1039 4820 ι

602 4864 662 4918 Β.
721 4860 1112 4919 Ascribendum
1172 4861 1353 4930 itaque
1408 4859 1456 4913 ei
1520 4867 1625 4919 est,
1677 4856 1819 4927 quod
1893 4857 2105 4911 dicatur

531 4958 789 5023 prolicere
858 4964 1014 5010 :etate
1083 4962 1139 5007 et
1200 4951 1485 5022 sapientia,
1544 4948 1995 5019 quemadmodum
2053 4958 2106 5003 et

531 5050 735 5103 esurire
765 5056 819 5102 et
840 5045 1149 5115 defatigari,
1174 5043 1383 5112 aliaque
1412 5042 1497 5095 his
1542 5040 1759 5094 similia.
1798 5039 2102 5105 Quinetiam

532 5141 575 5193 si
609 5142 821 5195 dicatur
850 5154 1043 5209 passus
1091 5150 1232 5201 esse,
1281 5145 1337 5190 et
1372 5132 1675 5188 vivificatus
1708 5147 1833 5188 esse
1866 5150 1893 5185 a
1924 5130 2102 5199 Patre,

534 5234 630 5299 ipsi
658 5249 867 5302 quoque
898 5234 1014 5289 haec
1056 5232 1373 5287 tribuemus.

604 5403 759 5474 761
787 5405 852 5459 Α.
876 5405 1046 5474 Ipsius
1058 5407 1200 5460 enim
1220 5421 1340 5462 esse
1364 5406 1591 5461 dicimus
1612 5412 1879 5474 quatenus
1902 5415 1996 5471 per
2021 5401 2099 5453 in-

534 5498 903 5550 carnationem
929 5498 1143 5564 propria
1162 5498 1262 5551 sibi
1287 5499 1373 5552 illa
1396 5497 1547 5560 fecit,
1578 5504 1633 5550 et
1662 5510 1766 5549 una
1788 5509 1910 5549 cum
1942 5505 2105 5547 carne

536 5588 693 5642 etiam
728 5583 907 5641 carnis
937 5584 1295 5654 proprietates
1320 5586 1643 5654 assumpsit;
1693 5584 1955 5653 siquidem
1998 5596 2107 5636 non

1164 5760 1208 5793 ⁹⁶
1238 5760 1364 5815 Luc.
1395 5775 1451 5824 tt,
1508 5760 1593 5811 5-2.

605 5767 649 5798 "
680 5765 879 5834 Ephes.
907 5780 979 5829 tv,
1033 5763 1085 5818 5.
1164 5760 1208 5793 ⁹⁶
1238 5760 1364 5815 Luc.
1395 5775 1451 5824 ιι,
1508 5760 1593 5811 3-2.
1672 5762 1715 5791 ’³⁷
1750 5762 1907 5816 ICor.
1944 5776 1983 5826 ι,
2016 5760 2107 5813 9.2.

2208 4583 2400 4636 ἐλαῦον
2436 4583 2587 4644 αὐτὸ,
2619 4582 2740 4635 οὐδὲ
2775 4580 3077 4651 ἐδιδάχθην,
3110 4580 3247 4633 ἀλλὰ
3281 4579 3347 4632 δι’
3388 4576 3778 4646 ἀποκαλύψεως

2218 4674 2397 4745 Ἰησοῦ
2432 4675 2473 4726 Χ
2487 4673 2687 4745 ριστοῦ.
2731 4692 2751 4724 ι

2280 4853 2339 4905 Β.
2385 4849 2789 4921 Ἐφαρμόστέον
2834 4842 2926 4902 οὖν
2974 4850 3082 4920 ἆρα
3126 4848 3271 4918 αὐτῴ
3308 4846 3399 4899 καὶ
3446 4844 3779 4911 τὸλέγεσθαι

2212 4944 2542 5015 προκόπτειν
2588 4941 2749 5012 σοιρέᾳ.
2787 4943 2880 4994 καὶ
2920 4941 3105 5011 ἡλικίᾳ
3153 4941 3245 4993 καὶ
3284 4939 3489 5009 χάριτι,
3538 4938 3777 5005 καθάπερ

2212 5035 2405 5105 ἀμέλει
2429 5034 2524 5087 καὶ
2547 5032 2608 5086 τὸ
2649 5035 2839 5103 πεινῇν
2873 5032 2967 5085 καὶ
3001 5031 3187 5099 μέντοι
3220 5032 3314 5084 καὶ
3350 5031 3572 5099 κοπιᾷν,
3604 5031 3697 5080 καὶ
3724 5028 3780 5079 τὰ

2214 5127 2424 5189 τούτοις
2455 5125 2689 5179 ἐοικότα.
2710 5126 2819 5178 Καὶ
2843 5127 2979 5194 τάχα
3001 5141 3128 5190 που,
3151 5124 3253 5177 κᾶν
3281 5125 3329 5176 εἰ
3358 5123 3570 5190 λέγοιτο
3596 5123 3783 5175 παθεῖν

2214 5216 2609 5287 ὲζωοποιῆσοαί
2633 5233 2689 5269 τε
2722 5217 2871 5288 παρὰ
2896 5215 2987 5268 τοῦ
3012 5214 3245 5285 Πατρὸς,
3271 5213 3419 5286 αὐτῷ
3454 5214 3780 5287 προσνεμοῦο

2216 5326 2314 5381 μεν
2349 5308 2441 5361 καὶ
2470 5306 2662 5362 ταῦτα.

2283 5403 2348 5454 Α.
2395 5399 2569 5452 Αὑτοῦ
2631 5398 2738 5470 γὰρ
2794 5392 2934 5451 εἷναί
2990 5407 3171 5467 φαμεν
3230 5399 3348 5450 κατ’
3388 5396 3673 5450 οἱκείωσιν
3717 5393 3778 5446 οἱ·

2218 5489 2508 5560 λονομικὴν
2571 5488 2641 5540 τὰ
2681 5487 3035 5557 ἀνθρώπινα,
3091 5488 3186 5539 καὶ
3232 5486 3373 5556 μετά
3431 5488 3529 5555 τῆς
3585 5482 3784 5554 σαρκὸς

2212 5582 2280 5635 τὰ
2341 5581 2542 5651 αὐτῆς’
2601 5579 2723 5632 ἐπεὶ
2785 5578 2862 5650 μὴ
2925 5579 3113 5650 ἐτερος
3172 5580 3371 5633 νοεῖται
3429 5575 3566 5648 πρὸς
3630 5573 3790 5644 ἡμῶν

2184 5758 2229 5795 ⁸⁸
2270 5758 2445 5816 Galat.
2479 5773 2515 5825 t,
2557 5757 2603 5812 l.
2681 5758 2726 5791 ⁸³
2760 5758 2890 5815 ibid.
2933 5757 3017 5824 ll,
3056 5758 3140 5812 12.
