3946 6202
251 308 390 363 1553

1391 300 1580 369 QUOD
1616 302 1808 359 ΒΝυὸ
1843 303 1951 358 SIT
1988 304 2357 365 CHRISTUS.

3392 321 3522 378 1354

249 424 381 495 παρ’
412 420 573 475 αὑτὸν
618 418 768 484 Υἱὸς,
800 416 918 471 ἀλλ’
954 413 1117 479 αὐτὸς
1147 415 1352 487 Κύριος
1397 413 1638 470 σέσωκεν
1668 418 1835 486 ἡμᾶς,

1945 416 2081 473 alius
2106 428 2358 475 censetur
2385 434 2429 475 ar
2447 420 2603 479 nobis
2627 422 2697 477 ab
2725 422 2840 493 ipso
2864 425 3053 492 Filius,
3083 430 3175 481 sed
3209 429 3319 498 ipse
3350 431 3529 488 Domi-

246 519 345 588 τῆς
375 514 630 569 ἁπάντων
668 510 813 579 ζωῆς
842 508 1233 578 ἀντάλλαγμα,
1253 508 1314 560 τὸ
1350 507 1479 560 ἴδιον
1511 503 1650 576 αίμα
1687 506 1832 570 δούς.

254 628 272 659 ι
314 603 733 676 Ἠγοράσθημεν
798 598 909 670 γὰρ
943 599 1110 670 τιμῆς
1166 598 1227 651 οὐ
1276 597 1524 668 φθαρτῆς
1585 596 1836 666 ἀργυρίῳ

245 698 279 771 ἢ
334 697 563 769 χρυσίῳ,
603 694 741 749 ἀλλὰ
782 692 950 764 τιμίῳ
1003 693 1194 763 αἵματι
1243 692 1320 756 ὼς
1364 690 1541 763 ἀμνοῦ
1601 690 1832 762 ἀμώμου

248 791 343 842 καὶ
375 787 608 842 ἀσπίλου
646 782 913 857 Χριστοῦ,
944 783 1418 854 προσκομίσαντος
1455 782 1648 837 ἑαυτὸν
1690 781 1835 853 ὑπὲρ

249 880 403 949 ἡμῶν
436 881 517 944 είς
554 879 732 950 ὀσμὴν
774 876 1005 940 εὐωδίας
1034 875 1112 946 τῷ
1149 874 1269 946 Θεῷ
1296 879 1391 937 καὶ
1424 877 1602 949 Πατρί
1629 894 1643 908 ο
1681 896 1700 935 ›
1739 877 1834 930 καὶ

249 972 386 1043 πρός
405 990 471 1041 γε
506 971 668 1029 τοῦτο
700 972 849 1042 ἡμᾶς
902 969 1236 1025 πιστώσεται
1270 970 1564 1041 γεγραφὼς
1598 972 1627 1025 ὁ
1674 987 1834 1042 νομο-

252 1064 592 1133 μαθέστατος
653 1063 865 1128 Παῦλος
896 1082 909 1096 ·
942 1063 1241 1134 ρΓίνεσΘε
1296 1060 1391 1117 οὖν
1448 1064 1684 1135 μιμηταὶ
1735 1062 1830 1117 τοῦ

249 1155 409 1221 Θεοῦ,
431 1156 507 1221 ὡς
530 1155 697 1210 τέκνα
718 1156 1003 1227 ἀγαπητὰ,
1028 1156 1123 1211 καὶ
1152 1158 1507 1227 περιπατεῖτε
1530 1157 1590 1210 ὲν
1619 1156 1830 1228 ἀγάπῃ,

251 1246 436 1311 καθὼς
469 1248 562 1323 καὶ
602 1248 631 1301 ὁ
667 1247 905 1318 Χριστὸς
947 1247 1236 1319 ἠγάπησεν
1271 1249 1437 1318 ἡμᾶς,
1469 1247 1563 1301 καὶ
1590 1245 1833 1315 παράδω-

251 1358 347 1395 κεν
391 1340 585 1394 ἑαυτὸν
623 1340 768 1411 ὑπὲρ
799 1339 995 1411 ἡμῶν,
1030 1340 1354 1412 προσφορὰν
1396 1340 1489 1395 καὶ
1527 1339 1718 1393 ὸυσίαν
1753 1338 1833 1410 τῷ

249 1434 369 1504 Θεῷ
401 1435 481 1497 είς
507 1433 685 1504 ὀσμὴν
715 1434 965 1498 εὐωδίας.
1003 1452 1023 1486 ι
1078 1432 1297 1503 Ἐπειδὴ
1328 1432 1387 1485 δὲ
1431 1431 1652 1501 γέγονεν
1691 1432 1833 1504 ὑπὲρ

252 1525 406 1596 ἡμῶν
436 1523 637 1579 εὐωδία
650 1525 906 1595 Χριστὸς,
928 1522 1252 1589 καταδείξας
1280 1525 1337 1577 ὲν
1359 1522 1510 1595 αὑτῷ
1536 1522 1599 1576 τὸ
1620 1523 1832 1594 ἁπλημο

250 1616 416 1685 μελὲς
446 1614 676 1686 ἔχουσαν
700 1615 799 1686 τὴν
818 1615 1107 1687 ἀνθρώπου
1131 1615 1315 1685 φύσιν,
1337 1615 1649 1687 παρρησίαν
1670 1617 1834 1687 ἐσκή-

246 1724 424 1778 καμεν
450 1706 518 1760 δι’
564 1706 732 1762 αὑτοῦ
766 1724 827 1762 τε
880 1708 973 1761 καὶ
1001 1708 1059 1762 ἐν
1096 1707 1248 1779 αὐτῷ
1308 1708 1444 1780 πρὸς
1492 1709 1586 1762 τὸν
1627 1710 1686 1764 ὲν
1718 1711 1832 1773 τοῖς

257 1801 504 1871 οὐρανοῖς
544 1799 765 1872 Πατέρα
822 1799 920 1855 καὶ
955 1800 1112 1856 Θεόν.
1168 1802 1486 1874 Γέγραπται
1548 1802 1692 1874 γὰρ,
1751 1803 1834 1856 ὅτι

255 1911 274 1945 ι
313 1892 569 1963 Ἔχοντες
596 1888 691 1947 οὖν
739 1893 963 1961 ἀδελφοὶ
1010 1895 1327 1965 παρρησίαν
1359 1896 1440 1959 είς
1489 1895 1586 1967 τὴν
1630 1896 1833 1950 εἴσοδον

251 1985 358 2041 τῶν
396 1987 592 2056 ἁγίων,
627 1987 685 2041 ὲν
720 1986 799 2058 τῷ
839 1987 1029 2058 αἵματι
1071 1986 1167 2042 τοῦ
1215 1988 1484 2060 Χριστοῦ,
1528 1989 1596 2060 ἥν
1623 1989 1836 2043 ἐνεκαί-

252 2093 397 2132 νισεν
418 2079 549 2149 ἡμῖν
573 2077 691 2132 ὁδὸν
727 2078 1040 2149 πρόσφατον
1072 2077 1168 2131 καὶ
1205 2079 1387 2143 ζῶσαν
1408 2079 1498 2133 διὰ
1523 2078 1616 2132 τοῦ
1662 2096 1834 2134 κατα-

251 2170 625 2240 πετάσματος,
680 2168 953 2234 τουτέστι,
999 2170 1099 2239 τῆς
1142 2169 1344 2241 σαρκὸς
1387 2169 1573 2225 αὑτοῦ.
1610 2189 1629 2222 ι
1670 2169 1836 2234 Σύνες

251 2256 344 2315 οὖν
376 2264 528 2325 ὅπως
550 2261 723 2315 αὐτοῦ
744 2261 806 2314 τὸ
833 2254 972 2331 αἷμα
1001 2262 1095 2316 καὶ
1119 2261 1282 2315 αὐτοῦ
1315 2260 1414 2332 τὴν
1441 2262 1621 2333 σάρκα
1647 2263 1834 2333 φησὶν,

251 2353 320 2423 ἣν
362 2355 457 2407 καὶ
496 2354 898 2424 καταπέτασμα
942 2355 1116 2420 καλεῖ,
1149 2357 1245 2409 καῖ
1294 2355 1440 2425 μάλα
1475 2355 1724 2422 εἰκότως,
1768 2356 1834 2409 ἵν’

250 2448 391 2516 ὅπερ
429 2448 488 2498 ἐν
516 2445 594 2516 τῷ
633 2445 745 2516 ναῷ
790 2446 850 2500 τὸ
908 2448 1051 2518 ἱερὸν
1085 2448 1373 2519 εἰργάζετο
1414 2448 1831 2518 καταπέτασμα,

250 2536 641 2609 κατακρύπτον
666 2534 728 2591 εὖ
766 2538 911 2608 μάλα
941 2539 1011 2591 τὰ
1036 2540 1206 2607 Ἀγια
1232 2539 1340 2592 τῶν
1377 2540 1569 2607 ἁγίων,
1595 2540 1835 2595 τοιοῦτόν

252 2646 306 2682 τι
336 2633 506 2683 νοοῖτο
529 2630 663 2701 δρᾷν
693 2630 789 2683 καὶ
820 2631 853 2700 ἡ
880 2630 1205 2702 τοῦΚυρίου
1234 2630 1389 2703 σὰρξ,
1416 2633 1516 2685 οὐκ
1542 2634 1832 2701 ὲφιστᾶσα,

253 2721 455 2793 τρόπον
490 2724 632 2783 τινὰ,
671 2722 898 2793 γυμνῶς
946 2725 1041 2776 καὶ
1090 2723 1389 2794 ἀκρύπτως
1431 2725 1658 2794 ὁρᾶσθαι
1699 2725 1835 2796 πρός

254 2829 400 2875 τινος
455 2812 553 2882 τὴν
588 2814 844 2883 ὑπερφυᾶ
892 2813 987 2866 καὶ
1029 2812 1309 2885 ἐξαίρετον
1349 2814 1620 2886 ὑπεροχήν
1647 2833 1708 2869 τε
1742 2817 1837 2869 καὶ

252 2904 411 2968 δόξαν
440 2902 536 2957 τοῦ
570 2904 857 2968 ὲνωθὲντος
888 2905 1026 2975 αὐτῇ
1059 2903 1198 2958 Θεοῦ
1228 2905 1424 2974 Λόγου.
1463 2907 1572 2960 Καὶ
1603 2907 1754 2976 γοῦν,
1786 2910 1836 2961 οί

257 2998 356 3066 μὲν
376 2995 583 3048 νἮλίαν
614 2995 646 3066 ἢ
674 2995 769 3048 ἕνα
792 2995 899 3048 τῶν
923 2997 1217 3067 προφητῶν
1239 2997 1513 3051 ὲτόπασαν
1541 2994 1678 3052 εἶναι
1707 3000 1751 3052 Χ
1761 3016 1837 3070 ριρ

256 3088 400 3141 στόν·
432 3087 674 3140 Ἰουδαῖοί
700 3104 763 3155 γε
798 3086 924 3157 μὴν,
954 3087 1014 3141 οὗ
1048 3088 1297 3152 συνέντες
1328 3088 1466 3149 ὅλως
1489 3089 1550 3143 τὸ
1572 3092 1658 3142 ἐπ’
1685 3090 1835 3157 αὐτῷ

1943 3103 2145 3164 gentes,
2183 3092 2584 3147 subsannantes
2629 3092 2881 3146 dicebant
2933 3108 2947 3143 :

257 3182 579 3252 μυστήριον,
625 3178 1166 3248 κατακερτομοῦντες
1196 3178 1454 3246 ἔφασκον·
1496 3199 1514 3230 ι
1546 3182 1659 3251 Οὐχ
1681 3176 1836 3245 οὗτός

253 3275 400 3325 ἐστιν
433 3273 462 3323 ὁ
510 3268 606 3322 τοῦ
657 3267 912 3331 τέκτονος
975 3268 1120 3331 υἰόςς
1180 3267 1298 3331 πῶς
1342 3268 1436 3321 νῦν
1488 3269 1661 3337 λέγει,
1715 3271 1834 3324 Ὅτι

254 3364 318 3415 ὲκ
340 3361 430 3415 τοῦ
460 3360 692 3431 οὐρανοῦ
720 3358 1114 3429 καταϐἑῦηκα;
1145 3376 1163 3408 ι
1205 3358 1460 3429 ’Λόρατον
1497 3359 1596 3427 μὲν
1631 3359 1741 3429 γὰρ
1766 3362 1835 3430 τῇ

256 3456 417 3524 φύσει
440 3454 704 3511 τὸθεῐον.
730 3452 908 3521 Ὠφοη
940 3467 1004 3519 γε
1063 3450 1166 3521 μὴν
1211 3452 1323 3512 τοῖς
1377 3450 1471 3503 ἐπὶ
1500 3451 1598 3520 τῆς
1630 3452 1731 3519 γῆς
1778 3454 1837 3505 ἐν

257 3548 384 3600 εῖδει
414 3544 491 3616 τῷ
525 3546 645 3598 καθ’
675 3546 842 3614 ἡμᾶς,
867 3547 894 3597 ὁ
926 3542 1070 3597 κατὰ
1121 3541 1283 3610 φύσιν
1321 3543 1457 3596 ἰδίαν
1477 3543 1575 3613 οὐχ
1621 3546 1833 3615 ὁρατὸς,

255 3639 351 3692 καὶ
372 3637 643 3705 ὲπέφανεν
665 3636 797 3705 ἡμῖν
823 3634 954 3696 Θεὸς
976 3632 1051 3686 ὣν
1073 3632 1295 3701 Κύριος.
1319 3633 1431 3687 Καὶ
1454 3633 1631 3699 τοῦτο,
1659 3630 1833 3703 οἶμαι,

256 3730 495 3784 διδάσκει
552 3728 725 3795 λέγων
756 3729 782 3779 ὁ
816 3724 1102 3787 Θεσπέσιος
1132 3723 1313 3777 Δαϐίδο
1348 3742 1366 3775 ι
1407 3724 1462 3776 Ὀ
1490 3724 1623 3788 Θεὸς
1655 3728 1835 3795 ἐμφα-

256 3820 364 3883 νῶς
410 3820 551 3888 ἣξει,
586 3822 614 3873 ὁ
669 3816 802 3881 Θεὸς
842 3817 1030 3887 ἡμῶν,
1076 3818 1169 3870 καὶ
1217 3817 1293 3869 οὐ.
1334 3818 1835 3890 παρασιωπηοήσεο

255 3930 369 3966 ται.
400 3930 418 3963 ι

334 4004 654 4073 ΒρΦρονεῖς
696 4004 794 4073 μὲν
842 4002 1056 4072 ὀρθῶς·
1088 4002 1285 4054 ἐκεῖνοί
1330 4020 1392 4070 γε
1448 4004 1556 4073 μὴν
1596 4006 1695 4075 οὐχ
1734 3998 1838 4060 ὧδε

258 4099 409 4153 ταῦτ’
445 4097 588 4167 ἔχειν
616 4096 993 4158 διατείνονται,
1027 4094 1223 4148 πολλοῦ
1249 4113 1311 4163 γε
1342 4098 1436 4149 καὶ
1456 4098 1556 4151 δεῖ.
1586 4100 1723 4152 Κατ’
1750 4100 1841 4153 οὖ-

255 4191 385 4244 δένα
436 4191 544 4259 γὰρ
575 4188 775 4258 τρόπον
806 4187 865 4240 τὸ
895 4187 987 4238 ἐπὶ
1022 4185 1098 4256 τῷ
1134 4186 1353 4256 σταυρῷ
1398 4188 1569 4251 πάθος
1627 4189 1843 4257 ἀξιοῦσι

258 4284 589 4352 προσνέμειν
622 4280 701 4351 τῷ
754 4282 817 4333 ὲκ
848 4278 982 4333 Θεοῦ
1019 4278 1177 4348 φύντι
1214 4280 1392 4349 Λόγῳ,
1422 4285 1840 4354 παρασκευάσαι

258 4376 315 4429 δὲ
342 4376 540 4444 μᾶλλον
563 4374 727 4444 φασὶν
743 4372 906 4427 αὑτὸν
928 4371 1017 4425 τὸν
1039 4372 1380 4441 συναφθέντα
1404 4375 1552 4446 αὐτῷ
1577 4378 1700 4431 κατ’
1734 4378 1843 4431 ίσο-

1937 524 2036 564 nus
2074 510 2305 566 salvavit
2336 525 2457 576 nos,
2490 514 2764 581 proprium
2799 530 2955 571 suum
2980 520 3297 590 sanguinem
3327 523 3378 575 in
3406 540 3526 592 pre-

1936 601 2069 655 tium
2112 603 2503 672 redemptionis
2535 605 2660 659 vitae
2694 607 2937 660 omnium
2980 609 3136 664 dans.
3188 630 3206 663 ι
3243 614 3525 684 Redempti

1934 694 2079 747 enim
2127 708 2318 750 sumus
2364 710 2472 750 non
2520 696 2968 766 corruptibilibus
3012 714 3239 771 argento
3282 716 3526 773 etaurn,

1936 783 2033 840 sed
2064 786 2302 855 pretioso
2345 786 2608 857 sanguine
2634 787 2789 857 quasi
2838 789 2960 857 agni
2995 790 3319 853 itntnaculati
3364 806 3524 865 atque

1934 879 2345 934 incontaminati
2381 880 2604 947 Christi,
2652 882 2739 950 qui
2790 882 2985 938 obtulit
3022 900 3080 940 se
3116 902 3213 953 pro
3266 888 3420 942 nobis
3472 890 3535 942 in

1933 973 2153 1028 odorem
2180 972 2466 1029 suavitatis
2498 972 2610 1029 Deo
2633 990 2700 1029 ae
2722 974 2869 1030 Patri
2899 976 2915 1007 ¹
2941 992 2955 1041 ;
2994 995 3012 1027 ι
3038 979 3206 1046 cujus
3240 978 3314 1032 rei
3367 979 3521 1034 ﬁdem

1934 1079 2150 1135 quoque
2195 1065 2353 1121 nobis
2408 1064 2574 1122 faciet
2620 1066 2756 1135 legis
2807 1067 3171 1137 peritissimus
3209 1069 3403 1123 Paulus
3451 1071 3531 1124 ita,

1934 1158 2180 1214 scribens
2212 1178 2226 1214 :
2264 1175 2286 1210 ο
2325 1158 2512 1216 Estote
2542 1161 2726 1229 itaque
2764 1161 3079 1217 imitatores
3108 1162 3226 1226 Dei,
3258 1163 3397 1216 sicut
3429 1163 3518 1216 lilii

1936 1249 2267 1316 charissimi,
2292 1260 2349 1306 et
2382 1252 2655 1309 ambulate
2686 1253 2739 1307 in
2769 1252 3081 1321 dilectione,
3106 1254 3252 1309 sicut
3276 1262 3331 1308 et
3357 1252 3517 1308 Chri-

1934 1349 2052 1394 stns
2083 1340 2270 1395 dilexit
2303 1355 2423 1403 nos.
2469 1351 2524 1396 et
2573 1342 2792 1397 tradidit
2838 1344 3187 1413 semetipsum
3237 1358 3332 1411 pro
3368 1336 3517 1395 nobis

1933 1428 2261 1484 oblationem
2286 1439 2342 1484 et
2368 1430 2605 1485 hostiam
2637 1433 2748 1488 Deo
2775 1433 2826 1487 in
2852 1435 3074 1489 odorem
3107 1433 3448 1489 suavitatis’.
3495 1452 3512 1483 ι

1932 1522 2066 1577 Cum
2100 1522 2265 1593 igitur
2296 1521 2550 1578 Christus
2599 1525 2671 1579 sit
2722 1523 2897 1580 factus
2940 1540 3040 1595 pro
3074 1526 3230 1581 nobis
3279 1524 3519 1581 suavitas

1933 1612 2141 1681 odoris,
2169 1621 2226 1668 et
2268 1614 2558 1668 humanam
2603 1622 2852 1669 naturam
2886 1616 2938 1669 in
2974 1617 3155 1684 seipso
3186 1615 3514 1686 inculpatatn

1935 1705 2245 1771 declararit,
2277 1705 2423 1761 nacti
2461 1720 2650 1761 sumus
2680 1719 2778 1777 per
2810 1706 2983 1775 ipsum
3016 1716 3070 1762 et
3102 1708 3155 1762 in
3191 1710 3306 1778 ipso
3327 1722 3539 1764 acces-~

1936 1812 2053 1854 sum
2086 1798 2151 1852 ad
2196 1798 2477 1854 crelestem
2522 1800 2734 1854 Patrem
2779 1813 2843 1855 ac
2891 1799 3084 1855 Deum.
3117 1799 3387 1870 Scriptum
3432 1811 3515 1855 est

1934 1893 2081 1947 enim
2106 1910 2121 1949 :
2151 1911 2170 1945 ι
2196 1892 2416 1950 Habens
2444 1894 2646 1964 itaque,
2677 1894 2898 1961 fratres,
2932 1894 3185 1951 ﬁduciam
3215 1896 3269 1950 in
3295 1895 3517 1950 introitu

1935 1996 2253 2043 sanctorum
2286 1986 2337 2041 in
2365 1987 2627 2058 sanguine
2669 1987 2895 2054 Christi,
2952 2003 3112 2058 quam
3149 1987 3382 2042 initiavit
3419 2002 3518 2042 no-

1935 2075 2018 2133 bis
2042 2077 2182 2131 viam
2205 2092 2396 2135 novam
2422 2088 2477 2133 et
2508 2079 2776 2134 viventem
2802 2095 2897 2150 per
2915 2079 3181 2146 velamen,
3210 2080 3262 2135 id
3291 2090 3373 2136 est
3401 2094 3539 2134 car-q

1938 2181 2059 2222 nem
2083 2169 2123 2223 ³.
2159 2187 2177 2221 ι
2205 2169 2469 2240 lntelligis
2490 2169 2675 2241 itaque
2697 2170 2970 2239 quomodo
2995 2173 3316 2240 sanguinem
3354 2171 3519 2239 ipsius

1936 2267 1990 2315 et
2032 2275 2253 2316 carnem
2288 2262 2459 2331 ipsius
2488 2262 2651 2327 dicat,
2690 2277 2849 2331 quam
2892 2270 2948 2317 et
2981 2262 3226 2317 velamen
3259 2272 3435 2326 vocat,
3467 2272 3521 2315 ct
3560 2304 3573 2311 -

1937 2352 2156 2421 quidem
2181 2353 2399 2419 merito,
2431 2361 2490 2407 ut
2516 2353 2657 2423 quod
2686 2354 2739 2408 in
2771 2353 2971 2424 templo
3000 2362 3249 2408 sanctum
3274 2354 3537 2408 velamen
3568 2394 3571 2397 γ

1935 2445 2269 2514 onerabatur
2290 2448 2570 2502 occultans
2600 2446 2800 2501 Sancta
2835 2456 3170 2511 sanctorum,
3235 2445 3340 2500 tale
3369 2446 3522 2514 quid-

1938 2536 2079 2606 piam
2128 2539 2293 2592 etiam
2330 2537 2534 2593 Christi
2564 2553 2699 2594 caro
2732 2547 2995 2607 praestare
3030 2545 3320 2592 censeatur
3358 2551 3372 2590 :
3415 2550 3519 2591 non
3570 2564 3575 2571 η

1935 2628 2255 2697 permittens
2285 2633 2684 2700 quodammodo
2711 2639 2767 2685 ut
2799 2630 2944 2686 nude
2974 2639 3030 2685 et
3063 2630 3183 2684 sine
3211 2636 3522 2698 legumento

1936 2729 2193 2774 cernatur
2229 2721 2427 2775 eximia
2459 2731 2624 2793 atque
2658 2724 2922 2777 immensa
2955 2721 3276 2777 excellentia
3312 2729 3368 2775 et
3406 2719 3555 2799 glo-~

1937 2817 2015 2871 ria
2046 2818 2137 2873 Dei
2165 2816 2326 2873 Verbi
2356 2818 2497 2887 quod
2527 2817 2676 2872 carni
2709 2817 2919 2872 unitum
2944 2826 3050 2870 est.
3085 2813 3253 2868 Porro
3280 2810 3518 2867 nonnulli
3554 2848 3555 2851 η

1936 2910 2234 2964 censebant
2262 2908 2538 2965 Christum
2571 2922 2691 2963 esse
2726 2907 2921 2971 Eliam,
2963 2916 3053 2961 aut
3100 2921 3264 2959 unum
3301 2920 3363 2958 ex
3396 2919 3515 2973 pro-

1938 3000 2138 3070 phetis.
2166 2999 2337 3056 Judmi
2363 3015 2490 3055 vero
2518 2999 2834 3070 mySterium
2862 2996 2980 3067 ejus
3010 2997 3168 3068 plane
3196 3011 3297 3050 non
3328 2995 3524 3048 intelli—
3554 3030 3563 3034 ι

3006 3108 3024 3140 ι
3071 3087 3258 3141 Nonne
3307 3086 3395 3140 hic
3441 3100 3521 3141 est

1949 3187 2090 3242 illius
2120 3186 2260 3241 fabri
2285 3186 2351 3239 δῗ
2404 3195 2461 3241 at
2520 3199 2628 3255 quo
2680 3193 2839 3253 pacto
2869 3182 3001 3238 dicit
3032 3199 3051 3237 :
3095 3182 3227 3246 Quia
3289 3195 3355 3232 ex
3389 3180 3524 3234 coelo
3554 3208 3571 3219 ν

1943 3278 2197 3334 descendi
2240 3279 2301 3333 ἐἳ
2340 3298 2358 3332 ι
2396 3278 2582 3348 Neque
2614 3276 2760 3332 enim
2796 3275 2981 3330 Deitas
3026 3273 3343 3328 naturaliter
3376 3273 3522 3326 cerni

1945 3381 2143 3441 potest.
2174 3373 2439 3444 Apparuit
2472 3380 2649 3428 autem
2685 3370 3006 3425 mortalibus
3039 3369 3090 3422 in
3126 3366 3295 3422 forma
3332 3374 3524 3419 nostra:
3554 3402 3555 3405 η

1944 3464 2129 3528 simili,
2181 3465 2227 3518 is
2274 3466 2367 3535 qui
2421 3466 2629 3520 ratione
2681 3478 2791 3517 sua:
2827 3472 3031 3515 natura:
3083 3458 3253 3513 videri
3306 3456 3522 3525 nequit;
3562 3505 3579 3515 ,Α

1949 3554 2381 3623 manifestusque
2416 3565 2500 3610 cst
2550 3555 2707 3608 nobis
2753 3553 2894 3606 Deus
2929 3549 3201 3603 exsistens
3243 3546 3520 3601 Dominus.

1945 3641 2122 3709 Atque
2147 3640 2248 3696 hoc
2276 3643 2516 3710 quidem,
2554 3650 2613 3694 ut
2643 3640 2901 3703 arbitror,
2938 3639 3093 3690 docet
3122 3636 3334 3689 divinus
3362 3632 3523 3685 David

1947 3733 2131 3787 dicens
2180 3749 2195 3785 :
2248 3751 2265 3784 ι
2303 3733 2444 3788 Deus
2480 3731 2763 3786 manilcste
2817 3728 3015 3790 veniet,
3062 3725 3204 3781 Deus
3235 3733 3440 3787 noster,
3470 3733 3523 3777 et
3548 3750 3563 3771 λ

1946 3841 2061 3880 non
2082 3824 2260 3881 silebit
2277 3826 2317 3880 ‘.
2332 3845 2369 3878 ι»

2020 4012 2079 4065 Β.
2124 4011 2288 4067 Recte
2317 4009 2533 4080 quidem
2575 4007 2764 4063 sentis.
2803 4006 2871 4060 At
2900 4003 2973 4058 illi
3012 4004 3127 4057 haec
3155 4016 3257 4054 non
3302 4001 3371 4053 ita
3406 4013 3523 4053 sesc

1949 4105 2151 4159 habere
2190 4101 2543 4157 contendunt.
2595 4098 2778 4166 Longe
2835 4094 2978 4149 enim
3024 4090 3199 4145 abest.
3253 4088 3404 4143 Nulla
3448 4090 3521 4142 si-

1948 4194 2163 4263 quidem
2192 4192 2401 4246 ratione
2432 4191 2594 4262 762
2622 4187 2928 4258 passionem
2961 4183 3141 4240 crucis
3177 4182 3351 4235 Verbo
3382 4180 3523 4248 quod

1949 4303 2015 4341 ex
2042 4287 2149 4341 Deo
2170 4285 2409 4355 genitum
2439 4291 2526 4338 est
2562 4281 2803 4337 tribuere
2829 4278 3033 4333 volunt.
3065 4276 3136 4330 At
3161 4274 3344 4344 potius
3387 4288 3524 4341 pra:-

1950 4393 2170 4447 parasse
2196 4378 2372 4447 ipsum
2401 4375 2674 4431 hominem
2705 4372 2853 4426 illum
2888 4369 2979 4440 qui
3019 4366 3312 4423 secundum
3345 4379 3510 4433 mqua-

260 4467 451 4536 τιμίαν
489 4467 798 4535 ἄνθρωπον,
831 4465 932 4527 τὰς
963 4465 1028 4517 ὲκ
1074 4464 1183 4517 τῶν
1227 4464 1496 4521 Ἰουδαίων
1537 4469 1835 4541 ὑποστῆναι

1947 4471 2149 4526 litatem
2184 4468 2406 4525 honoris
2423 4468 2492 4522 ab
2514 4466 2630 4536 ipso
2659 4472 2966 4531 assumptus
2995 4469 3101 4524 est,
3131 4467 3188 4512 ut
3220 4456 3553 4512 Judazornm.

264 4558 576 4626 παροινίας,
610 4558 705 4609 καὶ
723 4557 791 4609 τὰ
820 4558 912 4608 ἐπὶ
935 4556 1011 4627 τῷ
1045 4556 1265 4628 σταυρῷ
1286 4557 1457 4629 πάθη,
1491 4560 1586 4612 καὶ
1614 4560 1721 4631 μὴν
1750 4563 1835 4614 καὶ

1943 4560 2300 4616 contumelias
2352 4560 2579 4626 subiret,
2630 4566 2686 4611 et
2741 4554 3043 4626 passionem
3104 4550 3315 4613 crucis,
3366 4560 3524 4617 atque

262 4651 427 4706 αὑτὸν
484 4650 575 4701 τὸν
605 4649 859 4713 θάνατον,
910 4651 1003 4703 καὶ
1046 4651 1207 4705 αὑτὸν
1236 4651 1491 4719 γενέσθαι
1523 4652 1623 4720 τῆς
1672 4671 1835 4726 σωτη·

1944 4654 2080 4708 adeo
2111 4663 2338 4708 mortem
2377 4652 2585 4720 ipsam;
2637 4657 2800 4718 atque
2832 4646 3007 4716 ipsum
3047 4644 3247 4697 factum
3284 4656 3404 4695 esse
3440 4657 3524 4693 sa-

266 4742 390 4812 ρίας
423 4738 581 4810 ἡμῶν
625 4738 889 4809 ἀρχηγὸν,
916 4743 983 4810 τῇ
1030 4740 1124 4794 τοῦ
1182 4738 1433 4797 συνόντος
1478 4740 1627 4811 αὐτῷ
1668 4744 1835 4812 Λόγου

1944 4745 2076 4799 lutis
2115 4754 2314 4799 nostra:
2362 4752 2660 4803 auctorem,
2720 4738 2916 4807 quippe
2968 4738 3057 4805 qui
3113 4734 3163 4786 vi
3220 4748 3283 4785 ac
3326 4733 3525 4784 virtute

260 4832 514 4902 δυνάμει,
568 4831 1080 4903 παλινδρομήσαντα
1130 4832 1265 4902 πρὸς
1312 4831 1478 4900 ζωὴν,
1522 4833 1615 4886 καὶ
1645 4835 1705 4887 τὸ
1751 4837 1844 4890 τοῦ

263 4923 495 4976 Θανάτου
530 4925 948 4993 καταργήσαντα
982 4921 1201 4991 κράτος.
1240 4986 1257 5001 .
1790 4978 1793 4983 λ

250 5072 251 5075 η
335 5018 394 5070 Λ.
434 5011 578 5087 Ἀρα
616 5011 709 5068 οῦν
746 5015 920 5085 ἔχοιεν
950 5014 1016 5067 ἂν
1054 5014 1112 5079 ἐξ
1154 5012 1315 5084 ἱερῶν
1344 5010 1716 5083 Γραμμάτων,
1754 5018 1843 5070 τὸν

261 5108 354 5160 ἐπὶ
382 5107 593 5171 τούτοις
619 5108 751 5176 ἡμῖν
784 5106 960 5176 ἀληθῆ
997 5105 1351 5176 παραστῆσαι
1372 5105 1563 5173 λόγονς
1592 5107 1625 5178 ἢ
1659 5125 1842 5161 καινο-

260 5202 486 5271 τομοῦσι
507 5200 608 5271 τὴν
633 5200 841 5265 πίστιν,
861 5199 932 5252 τὰ
952 5199 1060 5252 ἀπὸ
1088 5199 1314 5270 καρδίας
1336 5198 1512 5253 αὐτῶν
1536 5199 1845 5269 λαλοῦντες,

263 5294 358 5345 καὶ
381 5294 479 5346 οὐκ
503 5292 611 5345 ἀπὸ
632 5291 901 5361 στόματος
927 5290 1156 5361 Κυρίου,
1184 5290 1327 5343 κατὰ
1349 5290 1408 5343 τὸ
1428 5295 1842 5363 γεγραμμένονς

261 5383 297 5455 ἢ
325 5385 465 5454 τάχα
503 5403 604 5438 που
632 5387 731 5439 οὐκ
764 5384 967 5448 εἰδότες
989 5384 1188 5451 λέγειν·
1222 5402 1240 5433 ι
1278 5383 1431 5453 Ἐμοὶ
1456 5384 1512 5438 δὲ
1536 5387 1610 5455 μὴ
1639 5386 1872 5453 γένοιτο»

264 5476 574 5544 καυχᾶσθαι
614 5478 663 5528 εί
707 5476 783 5547 μὴ
825 5477 882 5528 ἐν
918 5475 995 5545 τῷ
1026 5475 1240 5545 σταυρῴ
1271 5476 1365 5528 τοῦ
1402 5478 1661 5547 Χριστοῦ,
1694 5477 1758 5530 δι’
1785 5478 1847 5536 οὗ

265 5570 391 5636 ἐμοὶ
428 5570 628 5638 κόσμος
661 5568 1024 5638 ἐσταύρωται,
1046 5567 1199 5635 κάγὼ
1231 5567 1307 5636 τῷ
1336 5569 1542 5637 κόσμῳ.
1578 5588 1593 5618 ι

343 5683 355 5709 ’
403 5681 417 5734 I
461 5680 605 5736 Pctr.
644 5696 681 5753 ι,
721 5681 808 5743 18,
846 5681 928 5734 l9.
1007 5684 1025 5711 ²
1064 5681 1331 5753 ίσῖγμιιρεάί,
1365 5682 1414 5740 1,
1443 5684 1495 5735 ἒ.
1575 5684 1594 5714 ³
1635 5685 1795 5740 llcbr.

1943 5691 2020 5753 l9,
2044 5692 2129 5743 Ἦν.

268 5766 414 5815 xttx,
444 5753 495 5808 3.
572 5753 589 5781 ⁷
633 5751 832 5807 Jerem.
868 5766 1022 5815 χχιιι,
1061 5751 1120 5803 16
1220 5750 1238 5775 ³
1279 5751 1453 5806 Galat.
1483 5768 1552 5814 vr,
1589 5755 1669 5806 li.

1950 4836 2107 4891 Verbi
2135 4835 2278 4903 quod
2310 4833 2408 4901 ipsi
2433 4832 2777 4900 conjunctnm
2804 4837 2920 4883 erat
2954 4827 3310 4881 resuscitatus
3343 4824 3522 4885 fuerit,

1950 4941 2005 4981 ct
2049 4928 2238 4982 mortis
2275 4926 2561 4995 imperium
2602 4922 2917 4978 aboleverit.

2021 5021 2085 5072 A.
2128 5019 2287 5089 Atqui
2335 5019 2612 5088 possintne
2662 5017 2942 5072 sententia:
2986 5030 3092 5069 sum
3153 5026 3415 5067 rationem
3460 5027 3547 5063 ex.

1950 5112 2120 5165 sacris
2160 5111 2379 5165 Litteris
2419 5109 2812 5178 comprobare?
2856 5120 2947 5161 aut
2978 5107 3233 5160 iimovant
3270 5104 3426 5157 tidem
3460 5119 3523 5154 cx

1947 5218 2047 5257 suo
2073 5203 2308 5272 ipsorum
2338 5204 2501 5256 corde
2526 5201 2827 5270 loquentes,
2854 5206 2909 5253 et
2935 5214 3037 5252 non
3072 5212 3136 5250 cx
3168 5211 3262 5249 ore
3292 5194 3524 5255 Domini,

1947 5293 2090 5347 sicut
2118 5294 2380 5362 scriptum
2410 5301 2495 5346 cst
2517 5292 2574 5345 "?
2596 5300 2689 5345 aut
2711 5292 2942 5345 fortasse
2973 5288 3276 5344 nescientes
3307 5287 3485 5340 dicere
3512 5303 3522 5335 :

1953 5404 1969 5436 ι
2016 5385 2142 5439 Mihi
2185 5399 2314 5438 vero
2368 5399 2474 5438 non
2534 5384 2811 5453 contingat
2850 5382 3068 5452 gloriari
3113 5380 3212 5434 nisi
3268 5380 3319 5433 in
3365 5393 3523 5432 crum:

1945 5480 2167 5545 Christi,
2211 5494 2306 5547 per
2344 5494 2502 5549 quem
2550 5479 2678 5532 mihi
2719 5480 2944 5533 mundus
2989 5477 3281 5531 cruciﬁxus
3332 5482 3435 5534 cst,
3472 5481 3522 5520 cl

1947 5589 2045 5641 ego
2080 5572 2275 5624 mundo
2300 5572 2339 5621 '.
2374 5589 2389 5620 ›
3248 5574 3251 5581 ‘

2214 5691 2228 5718 "
2271 5689 2459 5746 Matth.
2494 5707 2612 5758 xm,
2642 5692 2727 5747 55.
2806 5694 2823 5721 ⁸
2862 5691 3019 5745 Joan.
3057 5708 3126 5755 τι,
3153 5691 3238 5742 33;
3318 5683 3335 5710 ⁸
3379 5674 3521 5730 Psal-
