4016 6202
508 313 643 372 1553

1494 313 1552 365 s.
1595 310 1865 363 mutua
1908 305 2377 362 ALEXANDRINI
2419 285 2755 363 Attcnttze'

3667 311 3776 328 --.⁸.

3632 310 3776 366 1⁸556

576 430 633 484 Β.
678 427 904 481 Mmme
934 427 1112 493 aiunt;
1150 427 1433 481 confirmat
1462 427 1605 481 enim
1638 425 1690 480 in
1724 427 1825 480 hoc
1869 441 1965 479 nos
1998 441 2071 480 sa-

2261 425 2323 478 B.
2364 424 2494 485 Ναὶ,
2532 423 2726 493 φασίν·
2764 420 2990 490 ἐμπεδοί
3016 418 3126 492 γὰρ
3167 419 3303 491 πρὸς
3332 420 3490 475 τοῦτο
3547 424 3701 494 ἡμᾶς
3749 428 3780 477 ὁ

506 521 876 589 pientissimus
915 519 1133 583 Paulus,
1166 519 1234 571 ita
1266 519 1510 572 scribens
1547 537 1561 573 :
1616 539 1635 570 ι
1668 520 1899 573 Deeebat
1934 520 2076 573 enim

507 631 628 667 eum
684 623 906 682 propter
931 627 1090 680 quem
1125 611 1327 676 omnia,
1366 622 1419 663 et
1453 628 1548 681 per
1574 627 1734 682 quem
1763 614 1965 677 omnia,
1990 614 2079 681 qui

505 705 703 759 mullos
736 703 872 756 ﬁlios
904 704 953 754 in
984 702 1208 772 gloriam
1239 702 1556 766 adduxerat,
1581 714 1858 758 auctorem
1894 704 2084 761 salutis

504 811 691 849 eorum
737 808 833 862 per
868 796 1184 863 passionem
1231 810 1610 851 consummare
1632 798 1673 848 ’.
1707 815 1725 848 ι
1771 796 1869 851 Hie
1912 798 2080 861 enim,

506 886 770 955 inquiunt,
803 887 853 941 in
899 902 1006 955 quo
1050 888 1254 951 omnia,
1296 898 1350 943 et
1396 904 1491 957 per
1522 904 1684 959 quem
1728 892 1931 958 omnia,
1975 906 2079 944 non

506 979 641 1032 alius
691 977 853 1032 fuerit
899 994 1058 1048 quam
1111 979 1341 1034 Verbum
1394 995 1459 1034 ex
1508 982 1617 1036 Deo
1663 983 1925 1051 genitum.
1963 982 2080 1051 Ipse

507 1072 672 1137 igitur
717 1071 943 1140 perfecit
979 1086 1074 1140 per
1107 1073 1411 1141 passionem
1450 1082 1723 1127 auctorem
1769 1074 1959 1127 salutis
1988 1088 2081 1127 oo-

503 1174 654 1229 strze,
699 1165 799 1217 hoc
839 1172 922 1217 cst
959 1178 1081 1217 eum
1115 1165 1205 1233 qui
1230 1172 1311 1219 est
1337 1179 1403 1219 ex
1441 1166 1648 1220 semine
1677 1164 1864 1223 David.

575 1320 641 1373 Α.
687 1319 801 1374 Non
837 1321 998 1392 igitur
1043 1322 1303 1392 redempti
1344 1338 1533 1379 sumus
1573 1339 1601 1377 a
1636 1326 1765 1380 Deo.
1800 1326 2079 1389 Quomodo

503 1415 669 1477 enim,
709 1424 802 1467 aut
842 1414 1021 1468 unde?
1045 1416 1139 1469 sed
1184 1417 1363 1483 potius
1390 1417 1566 1472 alieno
1601 1419 1900 1486 sanguine;
1933 1434 2079 1473 mor-

504 1519 736 1575 tuusque
760 1517 842 1563 est
866 1509 1084 1576 quidam
1108 1523 1205 1576 pro
1238 1508 1394 1563 nobis
1416 1509 1787 1578 supposititius
1818 1511 1931 1565 sive
1958 1526 2079 1565 suc-

501 1600 764 1655 cidaneus
813 1601 994 1665 homo,
1031 1609 1083 1653 et
1129 1598 1249 1653 falsi
1300 1600 1535 1653 nominis
1581 1600 1740 1654 filius.
1782 1600 1958 1669 Atque
2004 1602 2074 1656 ita

504 1708 756 1764 magnum
794 1692 920 1745 illud
948 1706 1010 1746 ae
1059 1692 1423 1745 venerandum
1465 1691 1853 1746 incarnationis
1880 1691 2077 1761 Uuige-

2187 518 2462 585 πάνσοιρος
2518 515 2767 578 Παῦλος,
2818 514 2914 567 ώδί
2943 513 3266 583 γεγραφώς·
3311 532 3329 563 ι
3361 515 3619 585 Ἐπρεπε
3668 518 3777 586 γὰρ

2183 608 2331 679 αύτῷ
2378 610 2444 661 δι’
2471 608 2529 660 ὃν
2559 607 2628 660 τὰ
2663 607 2864 671 πάντα,
2897 605 2992 659 καὶ
3020 605 3085 657 δι’
3115 599 3176 657 οῦ
3217 606 3284 658 τὰ
3306 605 3505 667 πάντα.
3542 607 3772 667 πολλοὺς

2184 698 2333 760 υἱοὺς
2359 699 2437 760 εἰς
2467 695 2628 762 δόξαν
2650 695 2949 763 ἀγαγόντα,
2977 695 3069 747 τὸν
3091 695 3334 765 ἀρχηγὸν
3360 696 3460 765 τῆς
3490 699 3772 766 σωτηρίας

2182 783 2362 835 αὐτῶν
2393 784 2479 836 διὰ
2515 782 2852 853 παθημάτων
2883 782 3188 835 τελειῶσαι.
3216 803 3234 835 ι
3288 784 3347 836 '0
3375 785 3486 857 γάρ
3526 803 3634 849 τοι,
3670 806 3771 850 σας

2185 876 2290 939 σίν,
2317 876 2374 927 ὲν
2403 869 2448 942 ᾧ
2478 875 2546 927 τὰ
2584 875 2778 939 πάντα,
2806 876 2901 929 καὶ
2922 874 2991 927 δι’
3021 869 3082 927 οὖ
3102 875 3170 928 τὰ
3197 876 3392 939 πάντα,
3431 878 3517 946 εἴη
3546 876 3617 930 ἂν
3652 880 3769 932 Ets-

2183 984 2276 1037 ρος
2308 966 2484 1029 οὐδεὶς
2512 966 2746 1037 παράγε
2776 966 2868 1018 τὸν
2897 966 2961 1017 ὲκ
2990 965 3127 1018 Θεοῦ
3164 966 3339 1035 φύντα
3368 967 3564 1035 Λόγον.
3595 970 3767 1035 assa;

2180 1057 2471 1130 τοιγαροῦν
2511 1058 2795 1110 ἐτελείωσε
2858 1056 2947 1109 διὰ
2994 1058 3338 1128 παθημάτων
3378 1058 3470 1112 τὸν
3519 1062 3765 1132 ἀρχηγὸν

2179 1149 2279 1217 τῆς
2313 1148 2587 1217 σωτηρίας
2616 1146 2796 1217 ἡμῶν,
2823 1146 3091 1212 τουτέστι,
3115 1146 3207 1200 τὸν
3232 1148 3296 1198 ἐκ
3327 1148 3647 1218 σπέρματος
3672 1152 3759 1205 τοῦ

2180 1238 2363 1294 Δαδίδ.

2254 1332 2317 1383 Α.
2345 1328 2744 1401 Λελυτρώμεθα
2768 1323 2882 1393 οῦν,
2915 1330 3066 1399 παρὰ
3086 1328 3220 1382 Θεοῦ
3252 1328 3351 1399 μὲν
3387 1329 3488 1381 οὐκ
3513 1328 3594 1381 ἔτι
3629 1330 3761 1399 (πῶς

2179 1422 2308 1493 γὰρ,
2340 1422 2371 1491 ἢ
2399 1421 2604 1491 πόθεν),
2638 1421 2902 1493 ἀλλοτρίῳ
2938 1422 2996 1474 δὲ
3046 1422 3246 1490 μᾶλλον
3275 1423 3503 1490 αἰματι’
3540 1422 3638 1474 καὶ
3674 1424 3762 1475 τέο

2180 1514 2345 1583 θνηκέ
2373 1530 2457 1576 τις
2496 1514 2638 1584 ὑπὲρ
2689 1514 2847 1584 ἡμῶν
2900 1514 3290 1583 ὑποϐολιμαῖος
3324 1514 3634 1584 ἄνθρωπος,
3670 1519 3763 1567 καὶ

2179 1608 2294 1669 υἱὸς
2315 1607 2687 1677 ψευδώνυμος·
2717 1608 2812 1660 καὶ
2838 1607 2901 1660 τὸ
2948 1608 3144 1660 σεπτὸν
3172 1607 3267 1661 καὶ
3310 1608 3452 1678 μέγα
3481 1610 3579 1678 τῆς
3610 1611 3765 1661 ἐναν-

2181 1699 2518 1769 θρωπήσεως
2538 1698 2632 1751 τοῦ
2656 1697 2995 1767 Μονογενοῦς
3028 1700 3348 1770 μυστήριον,
3375 1698 3535 1763 ὕθλος
3556 1696 3627 1769 ἦν
3657 1700 3764 1769 ἄρα

502 1786 600 1838 niti
640 1782 979 1851 mysterium,
1011 1797 1173 1836 merae
1203 1797 1357 1852 nugae.
1408 1790 1572 1852 atque
1619 1784 1929 1852 imposturze
1962 1784 2071 1838 fue-

2179 1793 2274 1846 καὶ
2310 1794 2643 1861 φενακισμός
2664 1807 2677 1820 ·
2712 1791 2808 1844 καὶ
2845 1790 2968 1843 οὔτε
3000 1790 3222 1858 γέγονεν
3257 1791 3565 1861 ἅνθρωπος.
3612 1793 3765 1844 '57::-

502 1877 633 1932 riut.
658 1876 762 1930 Sed
791 1889 962 1944 neque
985 1875 1146 1930 homo
1170 1875 1347 1930 factus
1379 1885 1483 1930 est.
1508 1873 1843 1930 Salvatorem
1869 1892 1995 1932 vero
2015 1891 2079 1931 ac

499 1965 913 2037 Redemptorem
950 1968 1284 2033 vocabimus,
1318 1982 1422 2023 non
1448 1968 1665 2039 quidem
1711 1967 2075 2040 Unigenitum,

500 2061 593 2116 sed
627 2061 773 2116 illum
792 2062 967 2132 potius
982 2061 1071 2131 qui
1098 2063 1413 2132 sanguinem
1435 2078 1590 2118 suum
1613 2077 1712 2132 pro
1733 2064 1887 2118 nobis
1910 2065 2073 2119 dedit.

496 2154 1086 2223 Atquisacratissimus
1117 2153 1315 2209 Paulus
1340 2156 1406 2210 ad
1439 2157 1699 2224 quosdam
1735 2156 1806 2209 ita
1842 2156 2030 2210 scribit
2058 2172 2072 2208 :

502 2264 522 2296 ε
557 2244 790 2301 Necesse
824 2254 909 2300 est
956 2259 1088 2315 ergo
1126 2245 1457 2316 exemplaria
1504 2246 1721 2317 quidem
1775 2248 2073 2301 ctelestium

499 2338 584 2393 his
612 2338 861 2393 mundari
898 2356 911 2392 :
947 2338 1062 2408 ipsa
1093 2347 1275 2393 autem
1307 2338 1572 2404 coelestia,
1620 2339 1935 2393 melioribus
1974 2338 2075 2391 ho-

461 2497 465 2501 .
495 2426 615 2481 suis
640 2441 803 2497 quam
837 2427 973 2483 istis.
999 2426 1116 2481 Non
1140 2427 1282 2481 enim
1305 2428 1357 2481 in
1380 2428 1685 2483 manufaeta
1712 2439 1897 2483 saneta
1920 2428 2075 2484 Jcsus

494 2521 763 2588 introivit,
783 2520 1114 2591 exemplaria
1145 2536 1417 2589 verorum,
1442 2522 1535 2577 sed
1572 2522 1624 2576 in
1651 2522 1824 2593 ipsum
1855 2522 2073 2589 malum,

494 2624 556 2670 ut
583 2626 843 2683 appareat
884 2630 1025 2669 nunc
1069 2613 1238 2669 vultui
1292 2613 1387 2668 Dei
1433 2628 1530 2682 pro
1574 2614 1751 2669 nobis.
1800 2613 1986 2684 Neque
2019 2626 2073 2669 ut

493 2723 638 2779 sepe
678 2708 868 2763 ofl‘erat
903 2708 1281 2777 semetipsum,
1325 2707 1776 2775 quemadmodum
1838 2707 2074 2777 pontifex

491 2801 661 2856 intrat
715 2802 768 2854 in
821 2801 1017 2856 Sancta
1069 2814 1167 2869 per
1216 2799 1459 2870 singulos
1502 2814 1675 2853 annos
1726 2801 1778 2852 in
1812 2802 2074 2869 sanguine

489 2896 667 2950 alieno
700 2915 713 2951 :
748 2895 984 2965 alioquin
1032 2894 1315 2963 oportebat
1360 2909 1484 2948 eum
1523 2894 1834 2961 frequenter
1863 2894 1971 2963 pati
2006 2894 2072 2948 ali

491 2989 704 3057 origine
746 2989 970 3053 mundi;
1011 3001 1153 3040 nunc
1198 2994 1378 3038 autem
1430 2985 1596 3039 semel
1639 2985 1692 3038 in
1722 3000 2070 3039 consumma-

495 3083 641 3133 tione
669 3081 985 3133 savrulorum
1017 3080 1083 3132 ad
1116 3078 1536 3133 destructionem
1574 3079 1779 3149 peccati
1832 3096 1928 3149 per
1976 3080 2070 3135 lio-

491 3173 650 3225 stiam
682 3186 830 3225 suam
865 3170 1025 3241 763
1049 3170 1297 3240 apparuit
1321 3171 1387 3226 ¹⁰.
1420 3189 1438 3221 ›
1473 3169 1653 3241 Typus
1679 3171 1861 3240 itaque
1888 3171 2069 3235 habet,

492 3266 545 3318 in
588 3264 849 3333 sanguine
907 3264 1084 3319 alieno
1121 3263 1234 3318 ﬁeri
1286 3264 1495 3318 aditum
1542 3274 1596 3317 et
1642 3263 1885 3317 mundari
1936 3254 2073 3316 non-3

491 3353 690 3408 nullos.
728 3354 824 3409 Rei
857 3363 1038 3408 autem
1064 3353 1265 3407 veritas
1291 3353 1445 3423 longe
1476 3353 1823 3423 praestantius
1853 3352 1982 3421 quid
2018 3353 2069 3405 in

491 3462 551 3501 se
591 3448 772 3511 habet,
809 3447 911 3501 hoc
941 3456 1045 3513 est,
1080 3444 1263 3501 Iesum
1294 3447 1383 3515 qui
1422 3447 1637 3515 proprio
1670 3447 1934 3516 sanguine
1974 3446 2073 3502 hoc

492 3550 729 3610 prrestet,
767 3541 1151 3601 introeuntem,
1186 3554 1291 3592 non
1321 3539 1371 3592 in
1402 3553 1590 3593 recens
1624 3538 1839 3605 aliquod
1872 3548 1927 3593 et
1961 3554 2073 3592 ma-

492 3630 768 3685 nufactum
804 3629 1260 3709 'tahernaeulnm,
1313 3630 1454 3698 quod
1515 3629 1565 3681 in
1609 3628 1794 3683 umbra
1830 3645 1895 3684 ac
1932 3630 2072 3700 typis

489 3721 832 3791 intelligitur,
866 3721 960 3775 sed
998 3721 1048 3774 in
1092 3722 1315 3776 caeleste
1360 3736 1425 3774 ac
1462 3736 1669 3786 verum,
1720 3723 1823 3775 hoc
1874 3735 1978 3788 est,
2017 3723 2068 3777 in

489 3815 709 3871 emittm.
753 3813 985 3869 Necesse
1016 3813 1159 3868 enim
1193 3824 1279 3867 est
1304 3814 1629 3883 exemplaria
1656 3815 1956 3871 cmlcstium
1985 3818 2070 3871 his

490 3904 764 3964 mundari.
820 3905 919 3958 hoc
948 3912 1052 3970 est,
1106 3904 1347 3971 figuratis
1382 3913 1542 3971 atque
1574 3905 1765 3959 alienis
1791 3926 1803 3958 :
1827 3908 2067 3961 coelestia

488 4012 620 4051 vero
663 3996 819 4066 longe
857 3994 1172 4049 melioribus
1216 3996 1405 4049 hostiis
1436 4011 1595 4062 quam
1622 3996 1703 4049 lim
1732 4008 1875 4050 sunt.
1909 3998 2067 4065 Quae-

486 4088 714 4143 rendum
750 4088 913 4158 igitur
934 4097 1018 4140 est
1050 4094 1100 4141 et
1128 4085 1360 4155 ‘qnidem
1404 4088 1711 4141 necessario
1744 4088 1794 4141 in
1831 4090 2065 4153 Christo,

490 4181 541 4233 id
575 4182 713 4248 quod
742 4189 824 4234 est
848 4177 1194 4246 prmstantius
1215 4193 1377 4247 quam
1409 4178 1610 4248 [igni-te.
1639 4176 1837 4233 Verum
1888 4191 2064 4233 autem

487 4274 608 4326 dico
655 4273 705 4326 id
753 4271 896 4341 quod
946 4276 1030 4323 est
1076 4269 1130 4323 in
1178 4269 1438 4339 sanguine
1476 4270 1712 4339 proprio.

554 4426 614 4482 Β.
660 4428 827 4481 Recte
856 4426 953 4482 ais.

557 4524 622 4577 A.
665 4522 796 4575 Cum
842 4536 967 4575 vero
1002 4520 1297 4590 apostolico
1338 4520 1477 4575 dirlo
1528 4520 1804 4585 insultent,
1843 4522 2066 4589 perinde

487 4629 550 4667 ac
605 4613 649 4668 si
713 4613 778 4666 ad
821 4613 1091 4684 vulgarem
1141 4612 1375 4681 aliquem
1426 4612 1698 4666 hominem
1752 4615 2065 4675 referretur,

487 4721 586 4777 age
620 4716 786 4759 totam
824 4706 1148 4761 sententiam
1170 4705 1408 4759 abinitio
1430 4714 1753 4774 repetamus,
1787 4724 2066 4778 quousque

486 4800 554 4854 ad
586 4799 891 4854 institutum
923 4812 1229 4852 sermonem
1257 4798 1405 4853 facit.
1444 4797 1715 4867 Scriptum
1750 4800 1927 4868 itaque
1951 4812 2066 4853 est:

491 4907 511 4941 ι
548 4887 680 4943 Eum
706 4900 884 4944 autem
905 4890 998 4960 qui
1024 4890 1236 4943 modico
1259 4906 1419 4958 quam
1450 4891 1622 4959 allgt‘ii
1652 4891 2065 4955 ttiinm'atusest,

484 4985 733 5038 videmus
748 4983 935 5039 Jesum
959 4982 1177 5053 propter
1192 4985 1494 5051 passionem
1512 4986 1698 5039 "tortis
1715 4985 1880 5053 gloria
1899 4996 1953 5039 et
1974 4987 2071 5039 ho-

488 5091 621 5130 nore
637 5087 977 5131 coronatum.
998 5077 1230 5131 Decebat
1246 5075 1391 5131 enim
1411 5091 1530 5130 eum
1551 5088 1935 5146 propter-quem
1953 5092 2069 5131 0m-

487 5170 599 5231 nia,
622 5181 675 5225 et
700 5187 793 5240 per
815 5186 975 5241 quem
1010 5176 1211 5232 omnia,
1239 5172 1327 5239 qui
1358 5171 1553 5224 multos
1580 5172 1717 5226 liiios
1757 5174 1808 5225 in
1840 5172 2064 5241 gloriam

486 5262 805 5327 adduxerat,
845 5274 1117 5318 auctorem
1164 5264 1356 5319 salutis
1399 5278 1584 5317 eorum
1630 5279 1725 5333 per
1764 5265 2067 5333 passionem

487 5367 883 5411 consummare.
903 5358 1003 5423 Qui
1035 5359 1178 5413 enim
1196 5359 1521 5422 sanctificat,
1541 5366 1591 5412 et
1612 5359 1701 5428 qui
1722 5360 2066 5414 sanctifican-

491 5451 576 5499 tur
608 5457 672 5495 ex
710 5459 818 5498 uno
846 5461 1055 5507 omnes.
1093 5447 1322 5517 Propter
1356 5466 1516 5517 quam
1547 5464 1766 5503 causam
1801 5466 1903 5503 non
1935 5465 2067 5503 con-

484 5534 732 5605 funditur
747 5549 840 5591 eos
864 5536 1061 5594 fratres
1082 5556 1278 5595 vocare
1304 5543 1488 5597 dicens
1515 5560 1526 5595 :
1575 5540 1846 5597 Nuntiabo
1876 5556 2065 5601 nomen

536 5721 583 5754 "
621 5722 784 5780 Hebr.
815 5735 873 5788 lt,
912 5721 997 5781 10.
1080 5724 1119 5753 ¹⁰
1160 5722 1318 5778 Hebr.
1359 5740 1430 5783 ix,
1463 5725 1655 5776 αὖθις.

2181 1882 2504 1952 γραψόμεθα
2544 1882 2776 1953 Σωτῆρα
2806 1883 2900 1935 καὶ
2937 1881 3256 1951 Λυτρωτὴν,
3283 1882 3483 1952 ἥκιστα
3517 1883 3617 1952 μὲν
3665 1883 3762 1934 ati-

2179 1976 2291 2035 τὸν,
2335 1976 2542 2028 ἐκεῖνον
2568 1973 2625 2026 δὲ
2676 1974 2875 2042 μᾶλλον
2901 2013 2917 2039 ,
2960 1973 3019 2036 ὃς
3080 1972 3143 2025 τὸ
3176 1972 3310 2025 ἴδιον
3348 1967 3489 2043 αἷμα
3528 1974 3763 2026 δέδωκεν

2179 2066 2319 2136 ὑπὲρ
2348 2064 2526 2135 ἡμῶν.
2557 2064 2749 2117 Καίτοι
2773 2063 3019 2135 γέγραφέ
3068 2080 3212 2116 τισιν
3240 2066 3268 2117 ὁ
3296 2063 3589 2134 ἱερώτατος
3609 2064 3759 2117 Παῦσ-

2178 2158 2288 2221 λος’
2322 2177 2338 2208 ι
2382 2157 2619 2227 Ἀνάγκη
2645 2152 2739 2211 οὖν
2771 2157 2841 2209 τὰ
2879 2158 2976 2227 μὲν
3010 2155 3389 2226 ὑποδείγματα
3429 2157 3538 2209 τών
3567 2160 3624 2208 ἐν
3647 2159 3760 2220 τοῖς

2176 2250 2425 2320 οὐρανοῖς
2451 2248 2659 2310 τούτοις
2695 2246 3109 2317 καθαρίζεσθαι,
3146 2246 3286 2300 αὐτὰ
3323 2247 3380 2299 δὲ
3413 2247 3499 2322 τὰ,
3521 2247 3763 2317 ἐπουράο

2178 2360 2264 2394 νια
2317 2341 2592 2410 κρείττοσι
2623 2340 2836 2404 θυσίαις
2868 2340 3021 2411 παρά
3051 2339 3245 2392 ταῦτα.
3278 2340 3353 2393 Οὐ
3379 2339 3489 2410 γὰρ
3533 2340 3614 2401 εἰς
3651 2357 3762 2408 χει-

2180 2434 2443 2504 ροποίητα
2476 2433 2724 2502 εἰσῆλθεν
2749 2433 2880 2499 ἆγια
2909 2432 3159 2501 Χριστὸς,
3189 2432 3455 2484 ἀντίτυπα
3486 2433 3601 2484 τῶν
3634 2433 3763 2500 ἁλη-

2175 2526 2357 2589 θινῶν,
2381 2526 2494 2578 ἀλλ’
2522 2527 2601 2587 είς
2624 2524 2784 2577 αὑτὸν
2818 2524 2911 2576 τὸν
2940 2523 3182 2593 οὐρανὸν,
3214 2522 3304 2574 νῦν
3345 2524 3763 2592 ἐμφανισθῆναι

2175 2615 2253 2685 τῷ
2277 2614 2555 2685 προσώπῳ
2581 2614 2676 2667 τοῦ
2700 2614 2836 2667 Θεοῦ
2862 2615 3003 2686 ὑπὲρ
3025 2615 3200 2685 ἡμῶν.
3226 2616 3359 2669 Ούδε
3379 2616 3467 2668 ἵνα
3488 2616 3762 2679 πολλάκις

2175 2708 2464 2779 προσφέρῃ
2493 2709 2705 2771 ἑαυτὸν,
2735 2707 2924 2777 ὥσπερ
2956 2711 2985 2761 ὁ
3019 2711 3306 2779 ἀρχιερεὺς
3338 2709 3657 2778 εἰσέρχεται
3684 2713 3760 2771 εἰς

2174 2804 2241 2855 τὰ
2272 2802 2440 2868 ’Ἅγια
2457 2801 2575 2853 κατ’
2599 2802 2844 2855 ἐνιαυτὸν
2866 2801 3057 2870 αἵματι
3082 2802 3368 2873 ἀλλοτρίῳ,
3399 2804 3521 2854 ἐπεὶ
3536 2803 3641 2855 ἔδει
3666 2805 3757 2853 αύ-

2172 2894 2263 2945 τὸν
2296 2893 2554 2956 πολλάκις
2581 2890 2775 2945 παθεῖν
2814 2892 2919 2945 ἀπὸ
2949 2893 3257 2963 καταϐολῆς
3289 2893 3495 2961 κόσμου
3519 2909 3533 2922 ·
3559 2894 3674 2945 νυνὶ
3702 2892 3756 2943 δὲ

2173 2984 2320 3051 ἅπαξ
2356 2986 2448 3037 ἐπὶ
2496 2984 2777 3054 συντελείᾳ.
2810 2984 2921 3036 τῶν
2965 2984 3182 3037 αἰώνων
3239 2986 3318 3049 είς
3370 2984 3624 3054 ἀθέτησιν
3658 2982 3756 3049 τῆς

2179 3077 2453 3146 ἁμαρτίας
2479 3076 2567 3129 διὰ
2591 3077 2687 3146 τῆς
2720 3074 2910 3137 θυσίας
2941 3075 3107 3128 αὺτοῦ
3135 3076 3541 3145 πεφανέρωται.
3573 3094 3588 3123 ι
3612 3074 3755 3127 Οὐκ-

2099 3150 2142 3205 C
2175 3170 2268 3221 οῦν
2286 3170 2313 3221 ὁ
2351 3169 2450 3237 μὲν
2477 3169 2649 3230 τύπος
2671 3168 2782 3237 ἔχει
2832 3167 2892 3220 τὸ
2910 3170 2967 3219 ἐν
2994 3167 3282 3238 αἵματιτῷ
3301 3167 3567 3237 ἀλλοτρίῳ
3597 3168 3757 3217 ποιεῖ-

2179 3261 2299 3313 σθαι
2313 3260 2410 3331 τὴν
2427 3260 2704 3331 πρόσοδον,
2728 3261 2820 3312 καὶ
2835 3258 3384 3330 ἀποκαθαίρε[ι]σθαί
3408 3273 3579 3321 τινας·
3604 3257 3663 3309 τό
3694 3272 3752 3322 γε

2178 3354 2282 3425 μὴν
2306 3353 2523 3423 ἀληθὲς,
2541 3353 2709 3423 ἦγουν
2739 3354 2772 3421 ἠ
2796 3352 3040 3421 ἀλήθεια,
3069 3352 3281 3415 δέξεται
3312 3352 3532 3406 πάντως
3566 3368 3667 3402 που
3696 3350 3752 3402 τὸ

2174 3448 2417 3517 ἄμεινον,
2440 3445 2684 3497 τουτέστι
2715 3444 2776 3497 τὸ
2817 3446 2873 3497 ὲν
2921 3445 3111 3513 αἵματι
3170 3444 3247 3514 τῷ
3298 3443 3413 3513 ἰδίῳ
3442 3443 3600 3495 τοῦτο
3627 3442 3751 3512 δρᾷν

2174 3538 2549 3592 εἰσελαύνοντα
2587 3536 2678 3591 τὸν
2721 3536 2925 3607 Ἰησοῦν
2967 3538 3066 3589 οὐκ
3134 3538 3216 3599 εἰς
3255 3534 3596 3605 πρόσκαιρον
3637 3552 3750 3587 τινα

2174 3632 2267 3683 καὶ
2287 3629 2665 3704 χειροποίητον
2689 3629 2894 3698 σκηνὴν
2913 3627 3011 3698 τὴν
3043 3627 3120 3690 ώς
3154 3626 3258 3699 [ἐν]
3279 3629 3407 3697 σκιᾷ
3432 3629 3525 3679 καὶ
3546 3626 3748 3688 τύποις.

2172 3725 2287 3776 ἀλλ’
2328 3724 2406 3784 εἰς
2444 3721 2544 3791 τὴν
2590 3721 2701 3773 ἀνω
2736 3721 2831 3773 καὶ
2864 3719 3059 3790 ἀληθῆ,
3096 3720 3397 3781 τουτέστιν,
3438 3722 3517 3781 εἰς
3559 3720 3648 3770 τὸν
3678 3720 3747 3771 0-3-

2175 3816 2354 3888 ρανόν.
2375 3815 2608 3884 ’Λνάγκη
2635 3813 2764 3882 γὰρ,
2790 3813 2857 3865 τὰ
2891 3814 2988 3882 μὲν
3017 3813 3389 3883 ὑποδείγματα
3419 3812 3527 3864 τῶν
3559 3813 3615 3862 ἐν
3646 3814 3749 3874 ταῖς

2170 3910 2441 3979 οὐρανοῖς,
2472 3905 2680 3968 τούτοις
2702 3904 3117 3975 καθαρίζεσθαι,
3138 3905 3296 3975 δῆλον
3330 3905 3383 3956 δὲ
3414 3906 3495 3957 ὅτι
3521 3908 3636 3966 τοῖς
3668 3920 3749 3955 τυ-

2172 4000 2352 4059 πικοῖς
2405 4012 2462 4048 τε
2513 3997 2608 4048 καὶ
2657 3995 2994 4064 ἀλλοτρίοις·
3042 3996 3178 4047 αῦτὰ
3220 3995 3276 4047 δὲ
3330 3995 3398 4046 τὰ
3456 3995 3749 4064 ἐπουράνια

2172 4088 2443 4158 κρείττοσι
2490 4086 2704 4149 θυσίαις
2754 4074 2902 4157 παρά
2946 4086 3169 4149 ταύτας⁴
3199 4087 3471 4155 Ζητητέον
3511 4083 3607 4138 οὖν
3650 4087 3748 4154 ἄρα

2171 4179 2266 4230 καὶ
2296 4177 2610 4244 ἀναγκαίως
2641 4180 2698 4229 ἐν
2742 4176 2964 4247 Χριστῷ
3008 4177 3066 4229 τὸ
3107 4179 3356 4245 κρεῖττον
3384 4177 3415 4247 ἦ
3460 4177 3603 4229 κατὰ
3630 4177 3748 4236 τοὺς

2171 4270 2407 4333 τύπους·
2441 4270 2584 4339 φημὶ
2622 4270 2678 4321 δὲ
2715 4270 2775 4321 τὸ
2822 4268 3041 4339 ἀληθὲς,
3079 4270 3217 4340 ὅπερ
3255 4270 3404 4322 ἐστὶν
3460 4272 3517 4320 ἐν
3560 4268 3747 4337 αἵματι

2171 4360 2246 4430 τῷ
2281 4362 2414 4429 ἰδίῳ.

2241 4451 2300 4502 Β.
2342 4446 2413 4503 Εὖ
2454 4449 2609 4519 ἔφης.

2244 4544 2308 4595 Α.
2335 4543 2552 4612 Ἐπειδὴ
2580 4543 2636 4596 δὲ
2674 4543 2772 4612 τὴν
2807 4542 3168 4613 ἁποστολικὴν
3202 4542 3615 4605 κατεξανιστᾶςι
3653 4540 3746 4610 ῥῆ-

2175 4652 2280 4697 σιν,
2307 4636 2381 4700 ὡς
2428 4637 2511 4688 ἐπ’
2541 4635 2829 4705 ἀνθρώπου
2871 4634 3050 4689 κοινοῦ
3092 4635 3588 4706 προενηνεγμὲνην,
3621 4636 3745 4704 φέρε

2173 4728 2420 4797 λέγωμεν
2446 4729 2654 4792 ἑλόντες
2684 4730 2777 4780 ἀπ’
2807 4728 2981 4798 ἀρχῆς
3005 4727 3111 4779 τῶν
3132 4728 3560 4797 γεγραμμένων,
3598 4726 3746 4796 μέχρι

2169 4821 2518 4890 καταλήξεως
2571 4821 2668 4888 τῆς
2720 4819 3049 4889 ἀποχρώσης
3096 4820 3175 4889 τῷ
3226 4819 3386 4888 λόγῳ.
3440 4819 3746 4887 Γέγραπται

2166 4914 2372 4965 τοίνυν·
2411 4913 2545 4965 «Τὸν
2575 4912 2630 4966 δὲ
2658 4912 2830 4983 βραχύ
2849 4931 2900 4965 τι
2931 4914 3062 4983 παρ’
3083 4912 3347 4981 ἀγγέλους
3372 4912 3747 4982 ἠλαττωμένον

2169 5003 2439 5073 βλέπομεν
2485 5004 2709 5071 Ἰησοῦν,
2740 5004 2828 5057 διὰ
2865 5005 2923 5058 τὸ
2960 5004 3192 5075 πάθημα
3221 5006 3313 5057 τοῦ
3347 5005 3745 5073 θανάτου.ξόξῃ

2167 5094 2261 5147 καὶ
2304 5097 2434 5164 τιμῇ
2482 5095 3204 5165 ἐστεφανωμένον.Ἐπρεπε
3251 5097 3357 5167 γὰρ
3392 5094 3564 5162 αύτῷ,
3598 5096 3665 5147 δι’
3693 5096 3746 5148 ὃν

2171 5182 2240 5235 τὰ
2266 5183 2463 5243 πάντα,
2485 5185 2576 5236 καὶ
2598 5184 2663 5237 δι’
2685 5180 2744 5238 οῦ
2770 5185 2837 5236 τὰ
2859 5185 3054 5247 πάντα,
3078 5185 3303 5246 πολλοὺς
3324 5186 3474 5247 υἱοὺς
3496 5188 3573 5246 εἰς
3594 5186 3747 5249 δόξαν

2167 5273 2462 5340 ἀγαγόντα,
2514 5274 2605 5324 τὸν
2655 5274 2895 5343 ἀρχηγὸν
2944 5275 3044 5344 τῆς
3111 5276 3383 5344 σωτηρίας
3431 5274 3613 5328 αὐτῶν
3664 5274 3745 5324 διὰ

2170 5364 2509 5432 παθημάτων
2548 5365 2943 5420 τελειιῖισαι.”υ
2982 5384 3039 5419 τε
3087 5367 3197 5437 γὰρ
3250 5364 3491 5433 ἁγιάζων
3560 5366 3653 5418 καὶ
3700 5365 3748 5416 οἱ

2169 5452 2541 5523 ἁγιαζόμενοι,
2570 5455 2627 5521 ἐξ
2659 5458 2775 5520 ἐνὸς
2817 5458 3049 5521 πάντες·
3095 5458 3162 5511 δι’
3202 5458 3266 5527 ἢν
3310 5458 3486 5509 αἰτίαν
3515 5458 3616 5509 οῦκ
3652 5457 3748 5507 ἐπ-

2167 5543 2475 5612 αισχύνεται
2500 5546 2757 5616 ἀδελφοὺς
2780 5548 2973 5612 αὐτοὺς
2988 5546 3192 5613 καλεῖν,
3211 5546 3400 5615 λέγων·
3424 5542 3747 5613 ’Λπαγγεὶλίι
