4016 6202
353 227 378 282 1
395 232 513 286 537

1524 241 1712 310 QUOD
1753 243 1940 300 ENUS
1981 240 2088 298 SIT
2125 243 2494 305 CHRISTUS.

3518 258 3537 310 l
3549 257 3650 313 338

352 348 426 401 τὸ
455 349 654 421 ΰνομά
681 370 772 405 σου
793 356 904 418 τοῖς
936 354 1178 423 ἀδελφοῖς
1212 373 1334 426 μου.
1364 358 1474 412 Καὶ
1497 359 1688 412 πάλιν
1720 362 1850 414 Ἰδοὺ
1877 359 1986 429 ἐγὼ

2093 371 2240 416 tuum
2281 363 2540 421 fratribus
2583 367 2734 421 meis.
2763 365 2829 419 Et
2871 366 3065 422 iterum
3100 387 3112 422 :
3139 367 3276 424 Ecce
3305 381 3401 437 ego
3423 381 3471 424 et
3503 375 3648 439 pueri

356 443 466 494 καὶ
514 444 594 496 τὰ
642 445 855 509 παιδία,
893 445 930 498 ἃ.
966 463 1056 516 μοι
1092 447 1293 500 ἔδωκεν
1336 451 1364 502 ὁ
1397 449 1550 511 Θεός.
1569 451 1720 504 Ἐπεὶ
1767 447 1861 504 οὖν
1914 452 1978 504 τὰ

358 533 572 586 παιδία
611 535 1013 606 κεκοινώνηκεν
1034 536 1263 606 αἵματος
1293 540 1388 604 καὶ
1425 541 1646 610 σαρκὸς,
1685 542 1780 594 καὶ
1818 543 1977 604 αὐτὸς

316 687 320 692 η
357 626 795 697 παραπλησίως
822 629 1047 699 μετέσχε
1070 629 1177 682 τῶν
1199 630 1398 695 αὐτῶν,
1419 631 1505 682 ῑνα
1524 631 1613 683 διὰ
1633 632 1724 684 τοῦ
1747 632 1977 685 Θανάτου

359 719 726 791 καταργήσῃ
766 720 858 772 τὸν
883 721 944 773 τὸ
970 721 1168 790 κράτος
1198 721 1389 791 ἔχοντα
1416 722 1511 775 τοῦ
1544 723 1798 785 θανάτου,
1823 739 1973 774 τουτ-

359 807 518 872 έστι,
550 810 654 862 τὸν
682 811 948 876 διάϐολον,
977 814 1072 865 καὶ
1103 813 1388 884 ἀπαλλάξῃ
1420 813 1665 878 τούτους,
1695 817 1806 868 ὅσοι
1830 815 1980 884 φόϐῳ

362 900 632 955 θανάτου
674 903 760 957 διὰ
797 905 994 967 παντὸς
1037 905 1129 958 τοῦ
1170 905 1272 976 ζῇν
1317 906 1492 976 ἔνοχοι
1527 903 1668 977 ἦσαν
1711 905 1976 969 δουλείας.

365 994 452 1045 Οὐ
495 994 620 1066 γὰρ
653 996 827 1066 δήπου
865 997 1114 1064 ἀγγέλων
1151 997 1602 1068 ἐπιλαμϐάνεται,
1641 998 1776 1069 ἀλλά
1815 999 1978 1068 σπέρ-

373 1098 568 1154 ματος
605 1085 857 1157 Ἀϐραὰμ
907 1087 1358 1157 ἐπιλαμϐάνεται.
1385 1088 1550 1142 Ὅθεν
1596 1087 1797 1158 ὤφειλε
1841 1089 1980 1142 κατὰ

372 1176 579 1228 πάντα
624 1180 738 1240 τοῖς
777 1177 1024 1246 ἀδελφοῖς
1068 1179 1423 1248 ὁμοιωθῆναι.
1455 1197 1474 1230 ι
1514 1179 1645 1231 Ἰδοὺ
1691 1177 1818 1251 γὰρ,
1847 1178 1977 1243 ἰδοὺ,

373 1267 479 1320 καὶ
509 1269 668 1337 μάλα
705 1269 910 1338 σαφῶς,
936 1269 1277 1338 ἠλαττῶσθαι
1312 1271 1484 1338 λέγων
1508 1271 1668 1324 αὑτὸν
1692 1270 1840 1340 παρὰ
1860 1271 1982 1333 τοὺς

373 1357 669 1426 ἀγγέλους
710 1359 797 1412 διὰ
836 1360 897 1412 τὸ
938 1359 1170 1430 πάθημα
1206 1361 1299 1414 τοῦ
1337 1361 1591 1426 Θανάτου,
1617 1361 1982 1429 κατεστέφθαι

375 1465 447 1517 γε
487 1451 604 1521 μὴν
629 1451 696 1503 δι’
725 1451 855 1506 αὐτὸ
885 1455 1018 1522 τιμῇ
1040 1469 1098 1504 τε
1123 1453 1217 1505 καὶ
1239 1453 1384 1525 δόξῃ,
1414 1453 1734 1522 καθίστησιν
1767 1452 1982 1522 ἐμφανῆ

376 1541 480 1594 τὸν
535 1543 626 1610 ἐφ’
751 1545 984 1596 ποιεῖται
1039 1543 1166 1606 τοὺς
1208 1543 1420 1612 λόγους,
1451 1545 1610 1614 δῆλον
1659 1543 1716 1596 δὲ
1761 1545 1842 1598 ὅτι
1891 1543 1983 1596 τὸν

376 1633 704 1704 Μονογενῆ.
735 1633 1146 1704 Μετεσχηκὲναι
1191 1634 1300 1705 γάρ
1354 1653 1517 1705 φησιν
1567 1634 1728 1687 αὑτὸν
1755 1635 1984 1704 αἵματος

377 1726 485 1778 καὶ
559 1726 761 1797 σαρκὸς
811 1727 1208 1798 παραπλησίως
1252 1729 1404 1798 ἡμῖν,
1453 1727 1546 1781 καὶ
1590 1727 1689 1780 οὐκ
1739 1725 1984 1794 ἀγγέλων

378 1817 754 1872 ἐπιλαϐέσθαι
817 1819 1056 1890 μᾶλλον,
1115 1818 1253 1872 ἀλλὰ
1327 1818 1644 1890 σπέρματος
1711 1818 1982 1890 Ἀϐραάμ.

385 1911 653 1980 Ἔπρεπε
701 1909 808 1982 γάρ
857 1911 936 1982 τῷ
982 1910 1101 1982 Θεῷ
1140 1911 1233 1964 καὶ
1268 1911 1466 1981 Πατρὶ,
1493 1910 1560 1963 δι’
1586 1909 1646 1962 ὃν
1681 1911 1752 1963 τὰ
1782 1909 1984 1976 πάντα,

381 2001 490 2053 καὶ
527 2001 596 2054 δι’
625 1995 686 2055 οὗ
719 2002 786 2055 τὰ
814 2003 1010 2066 πάντα,
1048 2002 1382 2072 καθιγμὲνον
1411 2003 1490 2066 εἰς
1522 2004 1752 2055 κένωσιν
1782 2002 1876 2054 καὶ
1905 2002 1990 2052 ὲνυ

383 2092 841 2166 ανθρωπήσαντα
872 2094 960 2147 τὸν
989 2093 1136 2158 rem,
1165 2093 1242 2158 ὡς
1269 2095 1368 2166 τὴν
1394 2094 1488 2147 τοῦ
1517 2095 1708 2147 δούλου
1753 2093 1988 2147 λαδόντα

389 2185 640 2256 μορφὴν,
694 2185 979 2240 τελειῶσαι
1029 2185 1117 2238 διὰ
1165 2185 1524 2255 παθημάτων,
1575 2186 1673 2256 τῆς
1729 2187 1987 2239 ἁπάντων

386 2276 548 2347 ζωῆς
575 2277 892 2348 ἀντίλυτρον
923 2278 1022 2348 τὴν
1059 2277 1196 2332 ἰδίαν
1218 2277 1363 2347 αὐτῷ
1397 2276 1758 2348 καθιεροῦντα
1787 2279 1984 2349 σάρκα.

386 2369 632 2422 Τέθυται
654 2370 760 2440 γὰρ
783 2369 923 2440 ὑπὲρ
943 2368 1100 2439 ἡμῶν
1123 2371 1152 2422 ό
1169 2369 1424 2440 Χριστὸς,
1443 2369 1504 2422 τὸ
1524 2370 1755 2440 ἄμωμον
1773 2371 1986 2442 ἱερεῖον,

387 2463 493 2516 καὶ⁸
531 2464 630 2534 μιᾷ
661 2465 948 2534 προσφορᾷ
999 2463 1351 2516 τετελείωκεν
1384 2463 1464 2526 εἰς
1494 2463 1554 2516 τὸ
1586 2463 1832 2534 διηνεκὲς
1863 2465 1988 2528 τοὺς

395 2553 833 2624 ἁγιαζομένους,
890 2555 1224 2625 ἀναμορφῶν
1273 2557 1354 2618 εἰς
1407 2555 1467 2607 τὺ
1537 2555 1596 2606 ὲν
1644 2556 1842 2625 ἀρχαῖς
1887 2557 1989 2626 τὴν

397 2645 685 2717 ἀνθρώπου
719 2647 900 2718 φύσιν.
931 2665 948 2697 ι
977 2648 1162 2700 Πάντα
1189 2646 1298 2718 γὰρ
1333 2650 1392 2700 ὲν
1431 2646 1579 2717 αὐτῷ
1603 2647 1788 2700 καινά.
1836 2647 1988 2700 »Ὅτι

397 2738 510 2808 γὰρ
548 2741 576 2792 ὁ
608 2739 739 2801 Θεὸς
781 2741 876 2792 καὶ
910 2739 1099 2812 Πατὴρ
1124 2738 1356 2793 δέδωκεν
1388 2739 1529 2812 ὑπὲρ
1557 2740 1714 2811 ἡμῶν
1739 2741 1830 2794 τὸν
1861 2741 1990 2794 ἴδιον

398 2829 552 2894 Υἱὺν,
577 2831 730 2884 οὐδὲν
755 2828 914 2904 ἦττον
941 2835 1090 2904 ἡμᾶς
1116 2831 1448 2886 πιστώσεται
1481 2834 1708 2902 γράφων
1739 2835 1767 2887 ὁ
1793 2832 1993 2886 πάνσο-

401 2939 503 2991 φος
542 2922 754 2986 Παῦλος
795 2925 922 3002 περὶ
961 2925 1148 2977 αὑτοῦ·
1185 2925 1317 2989 «Ὃς
1342 2943 1406 2995 γε
1436 2925 1528 2978 τοῦ
1567 2925 1700 2978 ἰδίου
1733 2923 1864 2978 Υἱοῦ
1890 2925 1990 2977 οὐκ

402 3012 679 3082 ἐφείσατο,
715 3011 828 3065 ἀλλ’
855 3013 993 3084 ὑπὲρ
1025 3014 1183 3084 ἡμῶν
1217 3001 1486 3070 ¹ἁπάντων
1525 3016 1840 3087 παρέδωκεν
1885 3015 1980 3068 αὑ·
2017 3033 2058 3090 c

402 3106 515 3165 τὸν,
553 3105 669 3166 πῶς
697 3105 816 3176 οὐχὶ
861 3107 954 3160 καὶ
983 3107 1080 3160 σὺν
1109 3109 1258 3180 αὐτῷ
1286 3108 1356 3161 τὰ
1387 3109 1563 3162 πάντα
1593 3111 1728 3179 ἡμῖν
1765 3108 1988 3180 χαρίσε-

404 3215 525 3262 ται;
559 3217 576 3249 ι
608 3197 768 3250 Ἷδιον
813 3197 868 3250 δέ
921 3214 1100 3268 φαμεν
1134 3199 1263 3251 rm
1305 3200 1400 3251 τοῦ
1449 3199 1605 3260 Θεοῦ,
1637 3202 1728 3255 τὸν
1780 3205 1844 3256 ἐκ
1890 3203 1988 3271 τῆς

405 3289 592 3354 οὐσίας
613 3288 776 3342 αὑτοῦ
808 3288 1087 3358 πεφηνότα
1111 3289 1283 3355 Λόγον
1302 3305 1316 3319 ·
1349 3289 1593 3342 δεδόσθαι
1622 3309 1684 3358 γε
1719 3295 1825 3362 μὴν
1853 3293 1990 3362 ὑπὲρ

407 3381 582 3452 ἡμῶν,
618 3382 677 3435 οὺ
708 3380 914 3450 γυμνὸν
958 3379 1038 3433 ἔτι
1087 3380 1182 3432 καὶ
1223 3380 1484 3450 ἄσαρκον,
1521 3382 1638 3433 ἀλλ’
1661 3384 1750 3434 ὅτε
1800 3383 1989 3451 γέγονε

409 3474 577 3544 σάρξ·
626 3473 719 3526 καὶ
756 3473 816 3526 τὸ
852 3471 1110 3539 λέγεσθαι
1142 3471 1355 3536 παθεῖν,
1391 3471 1694 3543 ἀμώμητον
1723 3469 1791 3543 ἦν
1822 3475 1988 3543 αὐτῷ.

408 3565 650 3620 Πέττονθε
689 3565 816 3637 γάρ,
845 3566 906 3619 οὐ
940 3565 1100 3636 φύσει
1139 3565 1413 3636 θεότητος,
1447 3565 1562 3618 ἀλλ’
1593 3565 1699 3636 ἰδία
1732 3567 1914 3636 σαρκί.
1935 3567 1993 3619 ’0

408 3656 516 3728 γὰρ
559 3658 688 3721 Θεὸς
718 3660 811 3711 καὶ
845 3657 1055 3728 Πατὴρ,
1086 3654 1340 3728 καθάπερ
1376 3656 1513 3725 ἔφην
1545 3655 1768 3726 ἀρτίως,
1799 3655 1890 3708 τὸν
1919 3654 1992 3725 μὴ

409 3748 604 3814 γνόντα
656 3748 948 3818 ἁμαρτίαν,
983 3747 1123 3819 ὑπὲρ
1173 3747 1332 3817 ἡμῶν
1385 3747 1662 3817 ἁμαρτίαν
1711 3747 1990 3816 ἐποίησεν,

409 3839 498 3893 ἴνα
525 3841 682 3910 ἡμεῖς
716 3839 1002 3909 γενώμεθα
1035 3839 1347 3912 δικαιοσύνη
1379 3839 1516 3893 Θεοῦ
1551 3842 1649 3894 σὺν
1683 3836 1994 3912 αὐτῷτΑᾴ

409 3928 499 3985 οὖν
546 3933 817 4004 ἁμαρτίαν
844 3933 1005 3987 αὑτὸν
1035 3934 1288 4001 γενέσθαι
1324 3931 1550 4002 νοοῦμεν
1577 3950 1590 3997 ;
1619 3934 1650 4004 ἢ
1678 3934 1758 3986 ὅτι
1795 3933 1996 4004 μᾶλλον

409 4023 664 4096 ὡμοιώθη
711 4029 821 4090 τοῖς
869 4026 970 4080 ὑπὸ
1003 4028 1295 4099 ἁμαρτίαν,
1329 4025 1588 4098 ταύτῃτω
1629 4027 1723 4079 καὶ
1751 4027 1995 4100 ἁμαρτία

406 4121 624 4190 λέγεται
645 4139 659 4186 ;

479 4215 538 4272 Β.
571 4215 776 4288 Ὀρθῶς
815 4215 968 4287 ἔφης.

2018 1698 2058 1752 Β

479 4311 542 4360 Α.
559 4310 770 4379 Ὥσπερ
792 4305 884 4362 οὖν
911 4309 1002 4362 τὸν
1131 4309 1325 4376 γνόντα
1355 4308 1652 4380 ἁμαρτίαν,
1679 4306 1818 4378 ὑπὲρ
1841 4309 1996 4380 ἡμῶν

411 4400 682 4471 ἁμαρτίαν
717 4403 993 4472 ἐποίησεν,
1025 4403 1113 4454 ἵνα
1145 4403 1306 4472 ἡμεῖς
1350 4401 1639 4472 γενώμεθα
1675 4400 1987 4472 δικαιοσύνη
2021 4387 2070 4446 D

411 4491 544 4543 ε)εοῦ
598 4494 654 4543 ὲν
700 4493 847 4562 αὐτῷ
897 4494 1257 4561 (δεδικαίωται
1299 4494 1407 4564 γὰρ
1441 4497 1474 4564 ἡ
1504 4493 1794 4563 ἀνθρώπου
1828 4494 1990 4563 φύσις

412 4584 467 4636 ἐν
493 4585 682 4653 αὐτῷ)-
715 4584 856 4636 οὖτω
885 4585 974 4637 τὸν
1004 4587 1103 4638 οὐκ
1129 4587 1307 4638 είδότα
1331 4585 1560 4638 θάνατον
1586 4580 1720 4656 (ζωὴ
1745 4586 1852 4657 γάρ
1877 4591 1991 4641 ἐστι

412 4676 502 4729 καὶ
533 4677 795 4740 ζωοποιὸς
825 4678 852 4729 ὀ
882 4678 1096 4746 Λόγος),
1138 4679 1301 4748 σαρκὶ
1338 4677 1530 4730 παθεῖν
1559 4679 1992 4750 παρεσκεύασεν,

411 4767 513 4833 ἔξω
570 4770 828 4838 μείναντα
873 4769 966 4822 τοῦ
1019 4770 1233 4830 παθεῖν,
1280 4769 1416 4822 καθὸ
1468 4772 1670 4824 νοεῖται
1713 4770 1866 4834 Θεὸς,
1908 4773 1993 4825 ἵνα

415 4861 570 4929 ἡμεῖς
617 4860 868 4931 ζήσωμεν
910 4861 976 4914 δι’
1007 4861 1172 4914 αὐτοῦ
1214 4879 1272 4914 τε
1315 4863 1408 4913 καὶ
1453 4863 1510 4914 ἐν
1561 4862 1727 4933 αὐτῷ.
1766 4863 1856 4916 Διὸ
1899 4865 1993 4917 καὶ

410 4950 661 5020 ὁμοίωμα
682 4949 913 5003 θανάτου
958 4951 1018 5003 τὸ
1044 4949 1280 5020 Χριστοῦ
1327 4950 1497 5014 πάθος
1529 4951 1858 5022 ὠνόμασται.
1897 4952 1932 5004 Γ
1937 4953 1993 5005 ἐ-

410 5060 652 5114 γραπται
676 5037 786 5094 οὗνι
816 5042 904 5094 «Εἰ
936 5041 1045 5112 γάρ
1078 5041 1347 5112 σύμφυτοι
1369 5043 1672 5112 γεγόναμεν
1696 5043 1988 5113 τῷὀμοιώ-

373 5129 379 5139 ’
411 5153 538 5206 ματι
580 5135 674 5187 τοῦ
737 5133 967 5188 θανάτου
993 5133 1179 5197 αὐτοῦ,
1210 5135 1343 5188 ἀλλά
1378 5136 1470 5188 καὶ
1500 5136 1598 5205 τῆς
1642 5135 1990 5200 ἀναστάσεως

411 5227 663 5297 ἐσόμεθα.
695 5245 712 5277 ι
735 5225 871 5294 Ἔζη
907 5227 1014 5298 γὰρ
1047 5226 1074 5278 ὁ
1106 5227 1274 5295 Λόγος
1311 5227 1404 5280 καὶ
1433 5227 1735 5298 γενομένης
1760 5227 1988 5281 θανάτου

410 5319 500 5388 τῆς
535 5318 692 5386 ἁγίας
723 5317 887 5370 αὐτοῦ
918 5317 1138 5386 σαρκὸς,
1171 5319 1238 5370 ἵν’
1265 5317 1588 5388 ἡττηθέντος
1615 5317 1870 5380 θανάτου,
1897 5318 1993 5371 καὶ

412 5429 627 5480 πεπατη
637 5410 804 5480 μένης
829 5410 923 5480 τῆς
959 5409 1183 5481 φθορᾶς.
1208 5413 1240 5479 ἡ
1271 5411 1369 5480 τῆς
1392 5411 1741 5474 ἀναστάσεως
1767 5409 1990 5479 δύναμις

411 5503 486 5564 εἰς
517 5498 661 5552 ἁπαν
692 5499 917 5570 ἔρχηται
948 5499 1007 5552 τὸ
1044 5495 1384 5570 ἀνθρώπινον
1425 5501 1599 5568 γένος.
1621 5499 1841 5569 ’Λληθὲς
1863 5499 1990 5569 γὰρ,

481 5683 520 5714 ⁸⁸
565 5680 728 5736 lleln‘.
765 5699 826 5745 tt,
867 5679 1021 5737 9-l7.

1103 5681 1142 5711 “
1185 5678 1222 5733 ll
1265 5679 1387 5736 Cor.
1421 5695 1474 5741 ν,
1511 5678 1593 5733 l7.
1680 5678 1721 5708 ’³
1765 5675 1896 5729 Rom
1964 5688 2079 5733 \‘tu.

2079 455 2206 519 mei,
2232 457 2528 522 quosdedit
2546 457 2678 511 mihi
2705 458 2863 512 Deus.
2880 458 3015 524 Quia
3032 474 3161 528 ergo
3185 460 3332 528 pueri
3356 465 3654 534 communi-

2079 557 2333 600 caverunt
2355 548 2500 600 carni
2525 555 2579 600 et
2597 547 2868 619 sanguini,
2884 558 2938 602 et
2959 549 3072 616 ipse
3094 550 3346 604 similiter
3363 553 3652 621 participa-

2081 637 2154 688 vit
2170 636 2396 700 eisdem,
2415 649 2472 690 ut
2495 653 2591 706 per
2611 650 2837 692 mortem
2855 638 3160 694 destrueret
3175 653 3294 692 eum
3318 642 3406 709 qui
3426 640 3657 696 habebat

2079 727 2272 780 mortis
2299 727 2604 798 imperium,
2639 729 2690 782 id
2717 739 2820 794 εει,
2863 729 3152 793 diabolum,
3183 738 3239 784 et
3279 730 3533 785 liberaret
3561 747 3656 786 eos

2077 817 2169 886 qui
2201 817 2394 874 timore
2437 821 2630 874 mortis
2679 836 2776 890 per
2811 829 2978 876 totam
3031 822 3195 875 vitam
3243 821 3457 876 obnoxii
3503 803 3659 877 erant

2077 908 2344 964 servituti.
2394 909 2670 964 Nusauam
2717 912 2862 966 enim
2895 912 3114 982 angelos
3155 913 3526 981 apprehendit.
3565 916 3655 968 sed

2081 1014 2260 1054 semen
2294 999 2525 1056 Abrahae
2554 1003 2925 1072 apprehendit.
2962 1003 3116 1058 Unde
3145 1005 3328 1059 delmit
3357 1020 3451 1071 per
3473 1007 3656 1057 omnia

2083 1089 2340 1146 fratribus
2363 1094 2648 1148 assimilari
2679 1095 2740 1148 “.
2779 1113 2798 1146 ›
2831 1093 2970 1150 Ecce
3001 1096 3168 1160 enim,
3196 1111 3344 1159 ecce,
3365 1105 3417 1150 et
3445 1097 3657 1165 quidem

2084 1183 2448 1249 apertissime,
2483 1198 2606 1238 cum
2639 1183 2790 1238 illum
2826 1185 2970 1239 dicat
3001 1186 3341 1239 imminutum
3368 1185 3434 1238 ah
3457 1187 3660 1254 angelis

2084 1281 2304 1340 propter
2345 1273 2651 1340 passionem
2689 1274 2897 1338 mortis,
2944 1283 3104 1342 atque
3127 1273 3199 1328 ob
3246 1274 3296 1328 id
3341 1283 3659 1328 coronatum

2083 1377 2204 1416 esse
2233 1363 2403 1428 gloria
2449 1373 2504 1418 et
2548 1365 2775 1431 honore,
2817 1366 3102 1420 manifeste
3139 1366 3283 1420 illum
3331 1365 3567 1419 ostendit
3598 1367 3662 1418 de

2084 1468 2191 1522 quo
2220 1455 2385 1507 verba
2432 1453 2580 1520 facit,
2627 1457 2880 1510 nimirum
2925 1458 3295 1527 Unigenitum.
3340 1457 3661 1526 Participem

2085 1546 2229 1598 enim
2256 1547 2458 1600 factum
2489 1561 2607 1601 esse
2635 1547 2712 1600 ait
2741 1549 2921 1601 carnis
2952 1556 3006 1600 et
3037 1548 3317 1616 sanguinis
3345 1548 3564 1616 perinde
3599 1561 3664 1600 ac

2087 1653 2218 1703 nos;
2280 1648 2335 1692 et
2401 1653 2506 1691 non
2564 1639 2785 1709 angelos
2839 1640 3275 1708 apprehendisse,
3325 1640 3417 1695 sed
3477 1654 3663 1695 semen

2087 1729 2337 1783 Abrahae.
2380 1730 2615 1784 Decebat
2669 1731 2811 1785 enim
2855 1731 3020 1784 Deum
3057 1745 3122 1784 ac
3175 1730 3410 1795 Patrem,
3445 1741 3664 1800 propter

2088 1836 2246 1890 quem
2287 1821 2490 1885 omnia,
2540 1831 2592 1876 et
2639 1837 2735 1890 per
2785 1837 2944 1892 quem
2987 1823 3191 1888 omnia,
3235 1822 3427 1877 Filium
3485 1839 3664 1887 suum,

2091 1911 2254 1983 764
2287 1910 2378 1980 qui
2421 1911 2845 1964 exiuanitioncm
2883 1909 3142 1970 subierat,
3171 1919 3331 1978 atque
3358 1910 3669 1963 incarnatus

2089 2012 2226 2062 erat,
2254 2000 2422 2055 forma
2453 1999 2594 2054 servi
2623 2010 2866 2068 accepta,
2903 2013 3284 2053 consummare
3326 1989 3432 2069 per
3459 1996 3668 2068 passio-

2091 2110 2209 2159 nes,
2253 2101 2658 2148 consecrantem
2711 2101 2872 2160 atque
2927 2089 3245 2145 offerentem
3301 2104 3452 2144 suam
3501 2089 3671 2156 ipsius

2090 2200 2308 2242 carnem
2340 2185 2393 2239 in
2420 2185 2649 2254 pretium
2681 2181 3064 2254 redemptionis
3097 2181 3220 2232 vitae
3260 2179 3522 2233 omnium.
3560 2177 3670 2231 lm~

2090 2281 2319 2334 molatus
2347 2253 2490 2332 enim
2541 2283 2624 2330 est
2667 2289 2764 2344 pro
2814 2272 2971 2327 nobis
3017 2253 3268 2326 Christus
3320 2269 3670 2322 immaculata

2092 2373 2290 2436 hostia,
2319 2382 2482 2439 atque
2509 2369 2667 2422 unica
2691 2367 2967 2422 oblatione
2997 2365 3391 2418 consummavit
3423 2363 3473 2414 in
3509 2368 3671 2413 mter-

2092 2479 2220 2518 num
2253 2461 2646 2526 sanctificatos,
2675 2459 2972 2514 humanam
3006 2465 3254 2510 naturam
3301 2454 3354 2506 in
3389 2452 3672 2520 pristinum

2092 2567 2294 2610 statum
2319 2535 2876 2610 reformaris.¢0mnia
2902 2549 3043 2604 enim
3068 2549 3118 2602 in
3146 2548 3261 2617 ipso
3275 2555 3396 2600 sunt
3417 2559 3554 2597 nova
3573 2545 3668 2595 ¹“.›

2093 2653 2244 2721 Quod
2289 2652 2431 2706 enim
2477 2650 2617 2704 Deus
2661 2662 2722 2701 ac
2770 2645 2934 2699 Pater
2966 2642 3173 2697 dederit
3222 2655 3319 2710 pro
3361 2637 3515 2692 nobis
3549 2650 3677 2704 pro-

2094 2747 2267 2815 prium
2293 2759 2445 2797 suum
2477 2739 2698 2802 Filium,
2744 2729 2913 2791 nihilo
2937 2737 3117 2789 secius
3143 2731 3428 2788 conﬁrmat
3459 2726 3675 2795 sapien-

2095 2837 2340 2891 tissimus
2389 2832 2610 2895 Paulus,
2645 2831 2717 2885 ita
2755 2828 2823 2883 de
2870 2829 2986 2896 ipso
3027 2825 3270 2881 scribens
3313 2839 3325 2875 :
3371 2837 3390 2872 ι
3418 2819 3518 2887 Qui
3555 2832 3679 2884 pro-

2095 2928 2214 2993 prio
2249 2928 2385 2982 Filio
2423 2939 2525 2979 suo
2555 2941 2660 2978 non
2695 2921 2958 2992 pepercit,
2991 2917 3081 2972 sed
3115 2931 3212 2986 pro
3244 2913 3396 2968 nobis
3427 2911 3678 2965 omnibus

2094 3020 2317 3076 tradidit
2344 3019 2516 3080 illum,
2551 3013 2824 3084 quomodo
2853 3026 2958 3064 non
2995 3010 3161 3064 etiam
3193 3021 3314 3059 cum
3346 3003 3464 3071 ipso
3495 3000 3678 3054 omnia

2092 3112 2248 3167 nobis
2275 3109 2533 3178 largietur
2555 3105 2623 3158 "2
2654 3123 2671 3155 ι
2703 3101 2987 3170 Proprium
3015 3107 3192 3151 autem
3223 3093 3454 3147 dicimus
3484 3089 3677 3144 Filium

2093 3203 2208 3266 Dei,
2254 3199 2490 3254 Verbum
2539 3213 2602 3251 ex
2658 3195 2830 3264 ipsius
2877 3189 3112 3246 essentia
3167 3185 3404 3257 genitum
3453 3183 3677 3247 :datum

2092 3307 2220 3349 vero
2247 3306 2366 3347 esse
2390 3307 2485 3361 pro
2509 3288 2687 3351 nobis,
2719 3301 2821 3339 non
2846 3283 3046 3337 nudum
3075 3288 3128 3334 et
3155 3278 3335 3332 carnis
3361 3284 3635 3343 expertem
3659 3313 3678 3340 ,

2093 3385 2186 3440 sed
2217 3384 2432 3454 quando
2483 3381 2658 3436 factus
2686 3387 2768 3432 est
2799 3391 2947 3430 caro.
2978 3373 3043 3427 Et
3074 3371 3216 3442 quod
3247 3369 3448 3424 dicitur
3489 3379 3681 3433 passus

2092 3490 2235 3540 esse,
2267 3475 2400 3528 nihil
2434 3471 2740 3527 detrimenti
2789 3467 2888 3534 ipsi
2941 3465 3116 3519 aﬂ'ert.
3165 3463 3361 3516 Passus
3405 3457 3546 3512 enim
3599 3463 3681 3509 est

2096 3580 2201 3618 non
2257 3573 2446 3616 natura
2497 3560 2816 3622 divinitatis,
2870 3558 2962 3609 sed
3017 3553 3232 3621 propria
3291 3563 3474 3603 carne.
3539 3547 3680 3600 Deus

2095 3655 2238 3710 enim
2271 3668 2334 3707 ae
2369 3651 2550 3712 Pater,
2580 3651 2720 3704 sicut
2754 3647 2915 3701 modo
2939 3644 3073 3710 dixi,
3105 3658 3228 3695 eum
3261 3641 3352 3711 qui
3398 3653 3502 3692 non
3531 3639 3682 3692 novit

2097 3757 2401 3819 peccaturo,
2427 3759 2524 3814 pro
2548 3741 2701 3796 nobis
2727 3747 3004 3809 peccatum
3038 3735 3188 3800 fecit,
3213 3742 3271 3786 ut
3303 3746 3400 3786 nos
3428 3731 3682 3784 heremus

2092 3839 2300 3910 justitia
2329 3836 2424 3891 Dei
2455 3850 2575 3890 cum
2601 3833 2717 3900 ipso
2746 3829 2808 3884 ⁸⁸⁵.
2835 3827 3025 3883 Nonne
3049 3840 3176 3880 vero
3203 3824 3362 3877 etiam
3381 3827 3678 3890 peccatum

2099 3933 2297 3987 factum
2335 3944 2456 3985 esse
2481 3928 2655 3996 ipsum
2691 3919 2962 3977 dicimus?
2999 3928 3098 3994 aut
3125 3916 3246 3986 quia
3283 3914 3462 3985 pOtius
3486 3912 3683 3968 similis

2099 4025 2271 4079 factus
2319 4031 2403 4077 est
2461 4019 2527 4073 iis
2574 4015 2665 4086 qui
2710 4013 2931 4068 obnoxii
2981 4018 3138 4066 erant
3186 4015 3429 4079 peccato,
3479 4003 3684 4060 idcirco

2097 4115 2260 4173 etiam
2287 4120 2572 4182 peccatum
2615 4105 2855 4164 dicitur?

2166 4207 2227 4260 Β.
2276 4206 2442 4260 Recte
2471 4202 2570 4260 ais.

2167 4301 2236 4357 Α.
2276 4295 2736 4366 Quemadmodum
2773 4291 2940 4364 igitur
2970 4303 3092 4344 eum
3115 4287 3206 4358 qui
3241 4300 3345 4341 non
3380 4283 3529 4338 norit
3556 4295 3681 4353 pee-

2095 4402 2274 4448 catum
2311 4404 2408 4460 pro
2457 4387 2612 4442 nobis
2662 4394 2943 4454 peccatum
2986 4380 3134 4447 fecit,
3177 4385 3236 4431 ut
3285 4389 3383 4430 nos
3427 4373 3680 4428 heremus

2087 4483 2294 4557 justitia
2318 4481 2409 4536 Dei
2434 4481 2487 4534 in
2513 4480 2628 4550 ipso
2647 4475 2953 4548 (justiticata
2984 4471 3128 4527 enim
3153 4479 3235 4524 est
3265 4469 3500 4524 humana
3523 4471 3681 4517 natu-

2094 4597 2152 4636 ra
2177 4582 2228 4634 in
2263 4575 2400 4648 Ipso)
2426 4594 2440 4630 :
2467 4575 2536 4627 ita
2565 4587 2687 4624 eum
2713 4569 2800 4638 qui
2830 4581 2934 4622 non
2961 4565 3111 4619 novit
3134 4572 3361 4617 mortem
3383 4559 3511 4628 (vita
3531 4557 3676 4612 enim

2093 4687 2178 4730 est
2203 4683 2258 4729 et
2283 4668 2558 4725 viviﬁcaus
2591 4661 2864 4729 Verbum)
2900 4672 3066 4713 carne
3100 4655 3208 4725 pati
3250 4651 3510 4724 permisit.
3551 4663 3674 4703 cum

2053 4768 2324 4826 ‘interea,
2358 4769 2626 4830 quatenus
2651 4764 2734 4808 est
2778 4755 2936 4815 Deus,
2977 4764 3004 4802 a
3035 4747 3289 4818 passione
3329 4744 3464 4797 liber
3493 4751 3673 4805 esset;

2100 4867 2158 4911 ut
2195 4854 2447 4908 nimirum
2487 4863 2585 4902 nos
2617 4847 2860 4899 vivamus
2893 4857 2988 4911 per
3031 4841 3204 4908 ipsum
3236 4845 3289 4890 et
3336 4836 3388 4888 lu
3427 4835 3562 4903 ipso.
3594 4832 3676 4884 Id-

2101 4949 2250 5002 circo
2278 4956 2329 4998 et
2359 4940 2656 4995 similitudo
2682 4936 2892 4996 mortis,
2921 4931 3124 4988 Christi
3151 4928 3328 4997 passio
3360 4936 3546 4979 vocata
3573 4932 3674 4976 est.

2102 5039 2374 5106 Scriplttm
2415 5035 2598 5102 itaque
2627 5040 2707 5082 est
2753 5047 2768 5082 :
2815 5045 2834 5076 ι
2866 5027 2922 5080 Si
2960 5024 3102 5078 enim
3155 5017 3504 5089 eomplautati
3549 5015 3674 5067 farti

2090 5147 2278 5192 sumus
2309 5124 2647 5184 similitudini
2680 5121 2870 5176 mortis
2895 5119 3034 5187 ejus.
3062 5115 3298 5169 simulet
3322 5109 3675 5164 resurrectio.

2089 5227 2174 5280 nis
2204 5221 2409 5275 erimus
2437 5217 2500 5268 ’⁵.
2542 5233 2560 5266 υ
2599 5211 2825 5266 Vivebat
2858 5209 3002 5263 enim
3040 5206 3297 5266 Verlmm,
3335 5215 3456 5254 cum
3489 5205 3672 5251 saneta

2093 5313 2263 5383 ipsius
2304 5323 2431 5362 caro
2463 5313 2692 5358 mortem
2732 5300 2949 5362 obiret,
2994 5306 3073 5362 ut,
3131 5303 3378 5363 superata
3423 5300 3594 5344 morte
3619 5293 3671 5338 et

2093 5379 2408 5476 proculcato
2442 5396 2686 5457 interitu,
2734 5387 3152 5445 resurrectionis
3191 5385 3272 5440 vis
3311 5398 3378 5438 ac
3422 5379 3670 5478 virtusiu

2093 5475 2404 5564 universum
2437 5504 2606 5561 genus
2642 5488 2934 5542 humanum
2971 5481 3249 5536 transiret.
3294 5475 3490 5532 Verqu
3526 5475 3670 5524 enim

2118 5671 2204 5728 ΣΗ.
2289 5670 2331 5703 ³⁵
2372 5667 2410 5724 ΙΙ
2449 5667 2570 5725 Cor.
2611 5679 2662 5728 ι’,
2691 5665 2780 5720 2i.
2862 5664 2906 5694 ”
2931 5661 3085 5717 Rom;
3125 5673 3196 5718 rt,
3235 5653 3288 5707 5.

2289 5670 2331 5703 "
2372 5667 2410 5724 ll
2449 5667 2570 5725 Cor.
2611 5679 2662 5733 ιν,
2691 5665 2780 5720 2L
