4016 6202
410 191 543 246 ιδεο
1391 200 1446 256 s.
1492 202 1765 261 CYRlLLl
1804 208 2279 272 ALEXANDRINI
2322 206 2646 278 suculae.
3554 234 3698 290 isto

399 316 498 370 est,
524 325 554 375 q
572 310 673 363 nod
699 312 1150 377 quemadmodum
1181 316 1232 367 in
1257 315 1424 370 Adam
1448 333 1635 376 omnes
1659 325 1978 388 moriuntur.

2091 334 2172 387 ὅτι
2202 335 2390 411 ὥσπερ
2415 340 2472 393 ὲν
2494 339 2572 411 τῷ
2604 340 2776 412 Ἀδὰμ
2804 342 3002 407 πάντες
3026 343 3488 416 ἀποθνήσκουσιν,
3515 351 3698 416 οὕτως

400 400 470 451 ita
507 409 561 452 et
609 401 661 454 in
694 400 912 457 Christo
944 418 1133 459 omnes
1167 405 1528 462 viviﬁcantnr.
1562 412 1839 483 Siquidem
1881 435 1989 489 quo

396 498 556 556 pacto
593 492 830 562 adjutam
861 493 1027 550 fuisse
1059 499 1433 555 censuerimus
1465 503 1701 561 hominis
1736 518 1987 569 naturam

395 594 493 649 per
530 585 844 653 mysterium
873 587 1369 650 administrationis
1395 595 1672 669 Unigeniti
1704 604 1760 658 in
1790 621 1986 674 carne,

398 671 498 724 nisi
554 673 695 728 Deus
744 676 1015 732 exsistens
1053 678 1307 753 Verbum,
1357 689 1559 745 factum
1596 703 1680 748 est
1722 699 1891 753 caro?
1936 711 1992 756 et

404 764 506 818 nisi
546 765 764 822 demisit
805 771 1040 839 seipsum
1087 776 1153 829 ad
1183 779 1627 851 exinanitionem,
1662 797 1714 843 et
1748 802 1988 848 nostram

404 864 649 911 naturam
666 864 980 931 assumpsit,
1004 866 1094 934 qui
1118 878 1199 922 est
1224 883 1386 938 snper
1402 889 1617 930 omnem
1637 884 1989 937 creaturam?

405 949 505 1003 nisi
546 966 742 1021 corpus
772 952 976 1009 factum
1007 966 1090 1011 est
1114 958 1259 1026 vitm,
1289 960 1339 1014 id
1368 965 1514 1032 quod
1558 967 1717 1039 765
1746 971 1988 1028 interitui

403 1042 695 1097 olmoxium
747 1056 901 1111 erat,
952 1056 1011 1101 ut
1060 1060 1231 1106 morte
1278 1062 1440 1124 atque
1478 1057 1699 1113 interitu
1739 1066 1990 1132 superius

402 1134 639 1189 evadat?
666 1132 843 1206 lpsum
872 1138 1058 1208 itaque
1089 1137 1325 1199 Verbum
1364 1162 1431 1202 ex
1465 1149 1575 1206 Deo
1609 1150 1790 1221 Patre,
1824 1170 1989 1211 carne

402 1234 618 1293 propter
646 1242 742 1280 nos
777 1244 992 1297 passum
1020 1246 1140 1287 esse
1167 1233 1419 1293 dicimus.

473 1316 532 1370 Β.
578 1315 835 1373 Omnino.

473 1410 538 1464 Α.
585 1410 861 1479 Siquidem
898 1429 1081 1469 verum
1110 1428 1192 1472 est
1235 1422 1380 1487 quod
1412 1421 1617 1480 Paulus
1654 1427 1720 1481 de
1752 1430 1869 1498 ipso
1904 1432 1984 1486 di-

405 1503 515 1556 cit:
558 1522 576 1555 ι
612 1503 710 1570 Qui
752 1516 834 1560 est
876 1507 1051 1576 imago
1098 1508 1191 1563 Dei
1234 1513 1544 1579 invisibilis,
1584 1524 1982 1591 primogenitus

404 1594 583 1649 omnis
608 1603 894 1660 creaturae,
933 1600 1054 1666 quia
1085 1601 1136 1654 in
1169 1601 1284 1670 ipso
1308 1617 1490 1662 creata
1526 1622 1653 1665 sunt
1685 1617 1867 1669 omnia
1899 1619 1982 1672 vi-

2096 427 2185 480 καὶ
2232 427 2290 481 ὲν
2346 429 2423 500 τῷ
2472 431 2695 503 Χριστῷ
2735 432 2934 496 πάντες
2967 432 3491 507 ζωοποιηθήσονται.
3535 441 3696 496 Ἐπεὶ

2091 518 2216 572 τίνα
2240 520 2442 591 τρόπον
2478 521 2671 594 ὀνῆσαί
2704 540 2888 594 φαμεν
2915 523 3015 596 τὴν
3042 525 3329 597 ἀνθρώπου
3365 529 3554 599 φύσιν,
3593 534 3696 605 τῆς

2097 611 2236 680 μετά
2283 613 2486 684 σαρκὸς
2526 615 2840 687 οἰκονομίας
2878 616 2972 670 τοῦ
3014 619 3361 687 Μονογενοῦς
3385 621 3449 674 τδ
3480 629 3696 695 μυστὴ-

2097 718 2229 772 ριον,
2267 704 2316 755 εἰ
2358 704 2433 775 μὴ
2480 705 2612 769 Θεὸς
2653 706 2731 760 ὢν
2766 707 2796 759 ὸ
2837 706 3007 774 Λόγος
3052 708 3242 777 γέγονε
3281 711 3457 783 σάρξς
3510 716 3562 765 εἰ
3617 717 3690 785 μὴ

2094 794 2338 865 καθῆκεν
2371 797 2563 852 ἑαυτὸν
2593 800 2673 862 εἰς
2704 797 2955 861 κένωσιν.
2990 801 3085 854 καὶ
3114 805 3600 875 καταπεφοίτηκεν
3634 808 3691 857 ὲν

2091 886 2205 948 τοῖς
2248 885 2371 939 καθ’
2401 886 2549 956 ἡμᾶς
2595 887 2623 939 6
2667 887 2808 957 ὑπὲρ
2860 889 3043 941 πᾶσαν
3090 890 3192 960 τὴν
3243 891 3463 959 κτξσιν;
3510 896 3559 946 εἰ
3614 897 3687 965 μή

2094 975 2254 1044 σῶμα
2283 976 2472 1045 γέγονε
2495 978 2641 1047 ζωῆς
2665 978 2725 1031 τὸ
2756 978 2862 1032 ὑπὸ
2885 979 3110 1050 φθορὰν,
3148 982 3236 1034 ἵνα
3262 983 3492 1055 γένηται
3520 985 3690 1039 θανά-

2090 1084 2188 1120 του
2217 1068 2363 1138 πέρα
2397 1068 2491 1123 καὶ
2533 1068 2779 1139 φθορᾶς;
2812 1072 2983 1125 Αὑτὸν
3014 1074 3114 1126 οὐκ
3148 1074 3257 1143 ἀρα
3289 1078 3471 1145 φαμὲν
3502 1079 3601 1132 τὸν
3627 1083 3690 1134 ὲκ

2090 1160 2224 1215 Θεοῦ
2258 1160 2474 1231 Πατρὸς
2494 1160 2686 1229 Λόγον,
2720 1162 2885 1233 σαρκὶ
2915 1164 3111 1217 παθεῖν
3134 1165 3199 1217 δι’
3225 1167 3391 1236 ἡμᾶς.

2159 1332 2223 1388 Β.
2262 1332 2413 1386 Πάνυ
2455 1331 2555 1402 μὲν
2592 1324 2706 1386 οῦν.

2157 1426 2222 1478 Α.
2266 1425 2439 1495 Εἴπερ
2484 1424 2633 1479 ἐστὶν
2674 1422 2882 1495 ἀληθὴς
2907 1425 2935 1477 6
2961 1423 3181 1487 Παῦλος
3208 1424 3381 1493 λέγων
3416 1426 3543 1496 περὶ
3573 1428 3685 1479 αὒ-

2087 1515 2204 1580 τοῦ,
2236 1517 2367 1581 (Ὃς
2395 1521 2543 1570 ἐστιν
2570 1515 2734 1570 εἰκὼν
2764 1516 2858 1570 τοῦ
2885 1515 3021 1570 Θεοῦ
3051 1516 3148 1569 τοῦ
3176 1518 3430 1587 ἀοράτου,
3463 1523 3685 1588 πρωτόο

2086 1624 2247 1671 coxo;
2280 1608 2460 1678 πάσης
2494 1608 2746 1673 κτίσεως,
2771 1610 2852 1662 ὅτι
2883 1612 2939 1662 ὲν
2967 1608 3117 1679 αὐτῷ
3134 1609 3362 1680 ἐκτίσθη
3386 1610 3455 1662 τὰ
3478 1611 3694 1675 πάντα,

402 1686 578 1739 sibilia
604 1697 657 1740 et
680 1689 992 1753 invisibilia,
1014 1692 1127 1746 sive
1152 1693 1379 1759 Throni,
1409 1699 1525 1754 sive
1545 1700 1977 1776 Dominationes,

2084 1701 2155 1756 τὰ
2181 1701 2352 1772 ὁρατά
2381 1701 2476 1755 καὶ
2508 1700 2578 1754 τὰ
2608 1701 2834 1771 ἀόρατα,
2871 1700 2982 1754 εἴτε
3011 1701 3227 1772 Θρόνοι,
3265 1701 3376 1754 εἴτε
3406 1704 3682 1772 κυριότη-

401 1779 515 1831 sive
558 1778 880 1845 l’otcstates,
913 1785 1095 1838 omnia
1127 1800 1223 1854 per
1256 1788 1429 1857 ipsum
1469 1802 1525 1846 et
1562 1795 1614 1848 in
1650 1796 1766 1864 ipso
1801 1810 1984 1856 creata

401 1873 563 1929 sunt;
606 1876 660 1918 et
712 1867 825 1936 ipse
873 1881 958 1926 est
1012 1882 1139 1929 ante
1184 1891 1397 1946 omnes,
1426 1888 1480 1935 et
1530 1886 1711 1939 omnia
1763 1889 1817 1941 in
1873 1890 1987 1961 ipso

410 1965 683 2022 entistant,
718 1967 773 2013 et
818 1962 933 2030 ipse
964 1976 1049 2019 est
1092 1979 1254 2037 caput
1288 1974 1539 2042 corporis
1582 1976 1855 2044 Ecclesiae,
1893 1984 1985 2052 qni

400 2056 479 2099 est
517 2047 874 2120 principium,
906 2055 1305 2128 primogenitus
1345 2076 1408 2116 ex
1452 2070 1704 2134 mortuis,
1740 2084 1797 2125 ut
1828 2075 1900 2127 sit
1929 2075 1982 2129 in

399 2139 652 2195 omnibus
705 2141 821 2211 ipse
874 2147 1166 2214 primatum
1224 2162 1412 2210 tenens
1457 2157 1526 2214 “.
1596 2181 1616 2214 ι
1683 2162 1822 2219 Ecce
1878 2181 1984 2235 quo

399 2242 578 2300 pacto,
606 2244 660 2289 et
699 2237 916 2306 quidem
950 2243 1320 2315 apertissime,
1361 2249 1652 2323 imaginem
1697 2256 1984 2317 invisibilis

401 2322 516 2389 Dei,
548 2328 971 2399 primogenitum
1001 2337 1180 2392 omnis
1211 2322 1495 2410 creaturas,
1528 2346 1758 2405 visibilis
1801 2361 1857 2407 et
1895 2353 1981 2409 in-

396 2416 646 2484 visibilis,
673 2434 768 2488 per
808 2436 970 2491 quem
1012 2428 1217 2495 orunia,
1242 2441 1298 2485 et
1342 2432 1396 2487 in
1437 2451 1547 2506 quo
1586 2441 1794 2510 omnia,
1820 2453 1982 2512 caput

396 2507 581 2564 datum
610 2526 732 2567 esse
754 2512 1013 2572 Ecclesiae
1042 2519 1239 2590 inquit,
1268 2538 1387 2582 esse
1415 2543 1545 2584 vero
1577 2531 1741 2587 etiam
1772 2534 1978 2603 primo-

394 2602 633 2670 genitum
686 2619 751 2658 ex
805 2608 1054 2665 mortuis.
1099 2611 1320 2685 Propria
1373 2620 1518 2675 enim
1565 2622 1667 2678 sibi
1713 2602 1864 2692 fecit,
1920 2636 1979 2683 ut

394 2690 526 2757 dixi,
560 2706 620 2748 ea
671 2709 791 2764 quae
817 2700 1000 2755 carnis
1032 2716 1144 2758 suae
1197 2715 1360 2772 sunt;
1410 2721 1753 2782 mortemque
1789 2717 1973 2785 subiit,

394 2779 685 2850 ignominia
726 2797 1062 2860 contempta.
1100 2792 1288 2864 Neque
1330 2799 1473 2853 enim
1521 2779 1841 2872 simpliciter
1875 2779 1975 2864 ho;

393 2875 617 2940 minem,
684 2880 774 2949 qui
837 2881 1221 2950 conjunctione
1269 2904 1391 2942 cum
1453 2891 1570 2960 ipso
1632 2896 1815 2953 nescio
1866 2914 1974 2970 quo

393 2970 553 3023 modo
589 2970 876 3027 decoratus
915 2986 1080 3039 esset,
1115 2990 1214 3045 pro
1250 2980 1406 3035 nobis
1439 2982 1620 3039 datum
1668 3001 1789 3044 esse
1834 2991 1970 3047 dici-

2087 1810 2199 1859 τες,
2241 1791 2351 1845 εἴτε
2385 1792 2596 1861 ’Ᾱρχαὶ,
2630 1790 2743 1845 εἴτε
2782 1791 3074 1857 Ἐξουσίαι,
3101 1792 3171 1845 τά
3202 1793 3381 1847 πάντα
3408 1796 3473 1847 δι’
3509 1794 3678 1847 αὑτοῦ

2086 1885 2181 1937 καὶ
2213 1886 2291 1947 εἰς
2317 1884 2479 1937 αὐτὸν
2500 1883 2768 1938 ἔκτισται.
2800 1884 2911 1939 Καὶ
2941 1884 3101 1949 αὑτός
3134 1887 3256 1939 ἐστι
3282 1887 3390 1956 πρὸ
3431 1889 3673 1946 πάντων,

2087 1978 2182 2031 καὶ
2209 1978 2278 2031 τὰ
2316 1976 2496 2031 πάντα
2525 1979 2582 2029 ἐν
2608 1977 2757 2048 αὐτῷ
2788 1976 3107 2049 συνέστηκε,
3147 1982 3244 2032 καὶ
3273 1980 3435 2043 αὐτός
3463 1983 3613 2032 ἐστιν
3644 1983 3674 2051 ἡ

2086 2070 2296 2141 κεφαλὴ
2326 2069 2418 2124 τοῦ
2455 2068 2707 2139 σώματος
2741 2070 2842 2141 τῆς
2859 2070 3214 2142 Ἐκκλησίας,
3246 2072 3303 2135 ὃς
3332 2074 3476 2125 ἐστιν
3510 2073 3672 2143 ἀρχὴ.

2085 2161 2431 2235 πρωτότοκος
2477 2162 2542 2214 ὲκ
2585 2160 2691 2214 τῶν
2735 2160 2967 2233 νεκρῶν,
2998 2162 3088 2214 ἵνα
3132 2161 3362 2233 γένηται
3410 2162 3466 2214 ὲν
3510 2165 3676 2216 πᾶσιν

2084 2254 2244 2317 αὐτὸς
2283 2253 2601 2326 πρωτεύων.
2633 2272 2652 2307 ι
2693 2253 2823 2307 Ἰδοὺ
2858 2254 2988 2324 γὰρ,
3024 2254 3134 2307 ἰδοὺ
3166 2255 3369 2323 σαφῶς.
3390 2255 3481 2307 καὶ
3505 2252 3689 2324 μάλα,

2082 2345 2180 2415 τὴν
2206 2345 2392 2399 εἰκόνα
2423 2343 2517 2398 τοῦ
2547 2345 2779 2415 ἀοράτου
2806 2343 2968 2409 Θεοῦ,
2997 2345 3092 2397 τὸν
3122 2345 3463 2418 πρωτότοκον
3491 2348 3673 2414 πάσης

2083 2435 2332 2503 κτίσεως,
2368 2435 2569 2507 ὁρατῆς
2613 2452 2672 2489 τε
2717 2436 2813 2490 καὶ
2860 2436 3119 2507 ἀοράτου,
3153 2438 3219 2490 δι’
3243 2430 3300 2489 οὗ
3348 2437 3414 2489 τὰ
3457 2436 3667 2495 πάντα,

2082 2530 2177 2583 καὶ
2214 2532 2272 2583 ὲν
2305 2524 2350 2598 ᾦ
2380 2528 2451 2582 τά
2480 2528 2681 2596 πάντα,
2706 2528 2951 2601 κεφαλὴν
2988 2529 3231 2583 δεδόσθαι
3261 2532 3321 2601 τῇ
3366 2527 3676 2599 Ἐκκλησία

2081 2621 2265 2691 φησὶν,
2300 2617 2441 2675 εἶναι
2472 2621 2529 2674 δὲ
2550 2620 2646 2675 καὶ
2675 2622 2739 2674 ὲκ
2767 2621 2979 2692 νεκρῶν
3008 2622 3370 2692 πρωτότοκον.
3411 2619 3671 2674 Οἱκειοῦ-

2077 2729 2167 2766 ται
2202 2712 2333 2783 γὰρ,
2368 2712 2444 2777 ὡς
2488 2712 2646 2783 ἔφην,
2679 2713 2748 2767 τά
2793 2713 2892 2785 τῆς
2940 2713 3129 2766 ἑαυτοῦ
3180 2712 3410 2784 σαρκὸς,
3440 2713 3537 2764 καὶ
3568 2713 3670 2765 ὑπ-

2077 2786 2262 2879 έμεινε
2316 2808 2584 2881 σταυρὸν,
2634 2807 2899 2879 αἰσχύνης
2945 2809 3391 2911 καταφρονήσας.
3437 2806 3512 2911 Οῦ

2075 2898 2364 2970 ἄνθρωπον
2403 2898 2611 2966 ἁπλῶς,
2645 2900 2911 2971 συναφείᾳ
2952 2902 3037 2971 τῇ,
3068 2900 3205 2971 πρὸς
3244 2899 3404 2952 αὑτὸν
3450 2898 3549 2951 οὐκ
3569 2897 3652 2950 οἶδ

2076 2994 2226 3054 ὅπως
2258 2991 2643 3063 τετιμημένον,
2676 2992 2817 3062 ὑπὲρ
2857 2991 3013 3063 ἡμῶν
3039 2991 3289 3045 δεδόσθαι
3319 2992 3520 3062 φαμὲν,
3555 2990 3669 3044 ἀλλ’

394 3075 557 3115 ntus:
599 3064 694 3116 sed
728 3073 812 3117 est
861 3065 976 3134 ipse
1015 3067 1276 3127 Dominus
1314 3074 1501 3141 gloriae
1542 3078 1636 3147 qui
1682 3082 1975 3139 cruciﬁxus

2082 3082 2231 3137 ἔστιν
2273 3083 2437 3147 αὐτὸς
2480 3085 2509 3136 6
2556 3083 2658 3154 τῆς
2704 3083 2862 3154 δόξης
2908 3083 3133 3155 Κύριος,
3169 3085 3197 3137 ὁ
3230 3083 3664 3154 ἐσταυρωμένος.

391 3158 493 3205 est.
528 3168 549 3201 ι
587 3149 643 3204 Si
675 3152 819 3209 enim
856 3157 1257 3224 cognovissent,
1296 3162 1492 3233 inquit,
1517 3181 1623 3222 non
1662 3170 1845 3240 utique
1875 3174 1979 3229 Do-

392 3241 599 3298 minum
629 3243 811 3314 gloria:
833 3248 1235 3306 crueiﬁxissent
1263 3254 1328 3309 ιτ.
1374 3274 1393 3307 ι
1438 3257 1643 3315 Passus
1676 3272 1855 3318 autem
1895 3274 1979 3321 est

390 3344 612 3403 propter
645 3351 742 3391 nos
777 3346 833 3393 et
870 3354 966 3408 pro
994 3342 1149 3397 nobis
1177 3358 1363 3413 carne,
1397 3351 1690 3406 secundum
1734 3354 1977 3425 Scriptu-

391 3438 482 3479 ras
505 3425 569 3491 ⁸⁸,
599 3445 617 3478 ι
642 3427 743 3494 Qui
767 3432 1067 3488 secundum
1095 3449 1317 3491 carnem
1346 3452 1409 3493 ex
1439 3440 1637 3497 ludatis
1667 3452 1770 3512 est,
1789 3447 1980 3517 quiest

388 3531 554 3586 super
577 3533 764 3576 omnes
790 3521 955 3587 Deus,
972 3534 1030 3581 et
1063 3526 1383 3586 benedictus
1411 3532 1461 3585 in
1486 3534 1708 3601 saecula,
1728 3537 1922 3594 Amen.
1952 3559 1971 3592 ι

390 3609 464 3664 lta
493 3612 642 3667 enim
678 3615 895 3686 scripsit
928 3632 1104 3688 preco
1135 3628 1192 3675 et
1220 3624 1521 3694 apostolus,
1548 3629 1751 3698 quique
1783 3630 1962 3701 ipsum

387 3701 446 3757 in
489 3718 548 3760 se
592 3706 866 3765 Christum
909 3711 1134 3779 habuit,
1187 3718 1595 3776 sacratissimus
1644 3720 1864 3780 Paulus.
1907 3728 1979 3780 At

389 3808 520 3850 vero
567 3795 669 3852 hoc
722 3800 854 3854 mihi
896 3813 1158 3872 prmterea
1212 3806 1380 3863 dicito
1419 3828 1433 3864 :
1471 3815 1741 3882 quomodo
1778 3816 1977 3873 intelli-

385 3896 517 3954 gant
542 3887 669 3943 illud
701 3893 845 3960 quod
868 3908 895 3946 a
928 3895 1148 3952 Christo
1171 3898 1238 3954 ad
1262 3900 1542 3958 mulierem
1572 3906 1969 3964 Samaritanam

388 3978 592 4035 dictum
625 3993 746 4039 est:
781 4004 800 4036 ι
833 3983 943 4043 Vos
982 3990 1224 4047 adoratis
1253 3995 1397 4063 quod
1425 3998 1682 4066 nescitis,
1714 4015 1813 4056 nos
1875 4004 1974 4057 ad-

384 4084 610 4127 oramus
642 4076 782 4142 quod
805 4077 1030 4147 scimus,
1053 4083 1178 4152 quia
1223 4085 1371 4141 salus
1399 4102 1463 4142 ex
1497 4086 1699 4146 Judaeis
1721 4100 1814 4147 ἐει
1846 4093 1911 4148 ι’,
1946 4113 1966 4147 ι

388 4163 557 4231 Atqui
606 4168 837 4222 salvavit
866 4185 987 4239 nos,
1020 4189 1124 4228 non
1162 4174 1392 4246 legatus,
1435 4195 1540 4235 non
1588 4184 1835 4254 angelus,
1879 4187 1972 4240 sed

387 4255 503 4324 ipse
538 4254 840 4327 Dominus;
891 4278 996 4316 non
1033 4265 1208 4322 aliena
1247 4281 1450 4332 morte,
1496 4282 1551 4326 et
1596 4278 1867 4332 communi
1910 4293 1974 4332 ac

388 4346 596 4417 Vulgari
642 4352 873 4418 quodam
910 4354 1128 4414 homine
1175 4360 1564 4429 intercedente,
1608 4367 1700 4421 sed
1753 4372 1970 4439 preprio

388 4531 629 4587 tissimus
671 4532 873 4591 Paulus
899 4537 1112 4610 inquit:
1162 4560 1184 4595 ι
1222 4543 1439 4599 irritam
1485 4548 1606 4616 quis
1642 4550 1851 4609 faciens
1892 4556 1968 4611 le-

382 4616 502 4691 gem
529 4624 723 4695 Moysi,
750 4629 871 4685 sine
899 4632 1005 4687 ulla
1030 4635 1381 4693 miseratione
1420 4640 1632 4697 duobus
1677 4646 1760 4699 vel
1793 4649 1967 4705 tribus

385 4718 615 4776 testibus
664 4723 935 4781 moritur:
993 4739 1197 4797 quanto
1234 4735 1405 4800 magis
1452 4737 1653 4805 putatis
1693 4739 1962 4796 deteriora

383 4813 578 4866 mereri
601 4814 898 4885 supplicia,
933 4820 1023 4889 qui
1067 4821 1259 4877 Filium
1311 4825 1403 4880 Dei
1446 4830 1864 4899 conculcaverit,
1912 4845 1965 4888 et

382 4904 698 4972 sanguinem
735 4913 1047 4968 testamenti
1090 4929 1429 4974 communem
1475 4921 1725 4991 duxerit,
1757 4934 1813 4981 et
1846 4925 1966 4995 Spi-

382 4992 545 5048 ritum
577 4999 765 5066 gratite
797 5005 1128 5060 contumelia
1164 5006 1430 5078 uil‘ecerit,
1483 5013 1536 5067 iu
1587 5029 1695 5084 quo
1717 5019 1963 5073 sanctifi-

2090 3191 2107 3223 ι
2139 3174 2201 3225 Εἰ
2247 3172 2355 3244 γὰρ
2400 3172 2667 3242 ἔγνωσαν,
2702 3176 2884 3244 φησὶν,
2916 3176 3017 3229 οὐκ
3062 3176 3125 3229 ἂν
3177 3176 3267 3228 τὸν
3316 3176 3519 3247 Κύριον
3569 3179 3668 3245 τῆς

2080 3265 2238 3334 δόξης
2279 3265 2656 3337 ἐσταύρωσαν.
2686 3287 2704 3319 ι
2737 3266 2979 3321 Πέπονθε
3021 3267 3079 3320 δὲ
3124 3267 3190 3320 δι’
3230 3270 3378 3337 ἡμᾶς
3410 3268 3502 3320 καὶ
3532 3268 3669 3334 ὑπὲρ

2082 3356 2240 3427 ἡμῶν
2288 3357 2473 3428 σαρκὶ,
2521 3358 2663 3411 κατά
2702 3361 2802 3420 τὰς
2840 3357 3079 3428 Γραφὰς,
3122 3377 3139 3409 ι
3176 3360 3203 3411 6
3235 3358 3376 3412 κατὰ
3401 3358 3579 3430 σάρκα
3612 3358 3689 3422 ἐξ.

2094 3450 2385 3513 Ἰουδαίων,
2415 3449 2443 3500 6
2488 3448 2562 3502 ὢν
2604 3450 2696 3503 ἐπὶ
2728 3451 2935 3514 πάντας
2964 3451 3117 3515 Θεὸς,
3150 3450 3245 3505 καὶ
3268 3450 3558 3520 εὐλογητὸς
3589 3453 3669 3513 ci;

2079 3542 2205 3606 τοὺς
2238 3542 2461 3605 αἰῶνας.
2514 3542 2704 3613 ’Λμήν.
2729 3561 2746 3592 ι
2789 3542 3040 3613 Γέγραφε
3080 3546 3189 3613 γὰρ
3219 3543 3336 3606 ὡδὶ,
3364 3542 3543 3612 κῆρυξ
3572 3544 3666 3595 καὶ

2081 3635 2378 3699 ἀπόστολος
2403 3633 2499 3699 ὢν,
2529 3634 2624 3688 καὶ⁵
2656 3634 2819 3687 αὐτὸν
2840 3635 2979 3705 ἔχων
3011 3639 3068 3689 ὲν
3098 3636 3274 3706 ἐαυτῷ
3294 3636 3386 3689 τὸν
3409 3638 3667 3708 Χριστὸν,

2079 3729 2108 3780 6
2162 3726 2453 3798 ἱερώτατος
2504 3727 2738 3790 Παῦλος.
2788 3726 2967 3798 Φράζε
3010 3727 3066 3781 δέ
3123 3745 3212 3800 μοι
3258 3730 3481 3782 κάκεῖνο
3532 3731 3670 3799 πρὸς

2077 3818 2308 3882 τούτοις,
2347 3818 2463 3883 πῶς
2490 3818 2556 3874 ἂν
2585 3823 2793 3874 συνεῖεν
2840 3820 2899 3873 τὸ
2944 3821 3235 3891 εἰρημένον
3284 3822 3386 3873 ὑπὸ
3429 3822 3667 3892 Χριστοῦ

2078 3912 2216 3983 πρὸς
2244 3911 2344 3982 τὴν
2377 3914 2441 3965 ἐκ
2477 3914 2576 3984 τῆς
2611 3914 2922 3986 Σαμαρείας
2947 3916 3200 3982 γυναῖκα·
3238 3934 3255 3966 ι
3278 3915 3468 3985 Ὑμεῖς
3495 3933 3666 3985 προσ-

2078 4008 2290 4058 κυνεῖτε
2313 4004 2341 4057 ὂ
2360 4006 2461 4060 οὐκ
2479 4005 2678 4072 οἴδατε,
2705 4008 2866 4078 ἡμεῖς
2919 4006 3335 4078 προσκυνοῦμεν
3366 4007 3394 4060 ὃ
3423 4008 3663 4077 οἴδαμεν.

2076 4097 2157 4149 ὅτι
2191 4098 2224 4168 ἡ
2260 4098 2505 4169 σωτηρία
2528 4099 2592 4151 ὲκ
2621 4099 2729 4154 τῶν
2763 4099 3031 4153 Ἰουδαίων
3061 4101 3196 4156 ἐστί.
3222 4120 3240 4153 ι
3268 4102 3463 4154 Καίτοι
3492 4102 3665 4154 σέσωο

2077 4205 2173 4241 κεν
2219 4190 2389 4258 ἡμᾶς,
2424 4190 2485 4241 οὐ
2535 4191 2796 4261 πρέσϐυς,
2832 4193 2930 4244 οὐκ
2983 4192 3233 4261 ἅγγελος,
3281 4193 3393 4248 ἀλλ’
3425 4194 3585 4257 αὐτὸς
3638 4196 3666 4247 6

2078 4280 2308 4351 Κύριος,
2341 4281 2441 4333 οὐκ
2470 4282 2739 4353 ἀλλοτρίῳ
2768 4282 3007 4355 θανάτῳ,
3040 4285 3135 4339 καὶ
3164 4285 3454 4356 ἀνθρώπου
3481 4286 3663 4339 κοινοῦ

2004 4414 2048 4468 D
2081 4372 2481 4442 μεσιτεύοντος,
2528 4373 2643 4427 ἀλλ’
2690 4374 2885 4445 αἵματι
2939 4376 3019 4447 τῷ
3066 4378 3201 4449 ἰδίῳ.
3250 4378 3517 4451 Ταύτῃ-τοι
3570 4382 3666 4433 καὶ

384 4454 487 4494 suo
510 4442 792 4510 sanguine.
824 4444 1054 4513 Idcirco,
1089 4460 1142 4505 et
1181 4454 1375 4507 merito
1396 4456 1710 4523 admodum,
1748 4464 1967 4531 sapiena
2003 4442 2012 4513 Ῐ

2080 4464 2227 4538 μάλα
2253 4466 2484 4529 εἰκότως
2526 4468 2555 4520 6
2600 4467 2874 4536 πάνσοφος
2917 4466 3023 4539 ἔφη
3053 4470 3284 4534 Παῦλος
3323 4490 3341 4523 ι
3366 4470 3667 4537 ’Λθετήσας

2076 4573 2157 4619 τις
2183 4556 2349 4628 νόμον
2381 4556 2647 4622 Μωσέως,
2716 4560 2887 4631 χωρὶς
2943 4562 3249 4632 οἰκτιρμῶν
3291 4564 3384 4616 ἐπὶ
3432 4564 3584 4616 δυσὶν
3632 4566 3663 4633 ἦ

2074 4649 2221 4720 τρισὶ
2266 4649 2532 4720 μάρτυσιν
2571 4649 2937 4723 ἀποθνήσκει·
2977 4654 3126 4725 πόσῳ
3172 4655 3377 4709 δοκεῖτε
3422 4658 3667 4727 χείρονος

2075 4741 2439 4813 ἀξιωθήσεται
2464 4743 2734 4814 τιμωρίας
2763 4746 2790 4796 ὁ
2811 4746 2901 4801 τὸν
2938 4748 3065 4801 Υἱὸν
3116 4748 3208 4801 τοῦ
3237 4748 3372 4802 Θεοῦ
3410 4767 3653 4803 statam.-

2074 4836 2269 4905 τήσας,
2318 4836 2412 4889 καὶ
2463 4836 2523 4887 τὸ
2573 4832 2713 4908 αἷμα
2761 4840 2858 4910 τῆς
2912 4842 3133 4913 χάριτος
3179 4844 3467 4915 ἐνυϐρίσας
3510 4846 3568 4897 ὲν

2074 4926 2341 4997 ἡγιάσθη;
2372 4946 2389 4978 ι
2431 4927 2571 4980 Ἀλλ’
2601 4930 2757 5002 εἴπερ
2807 4933 2958 4986 ἐστὶν
3002 4934 3101 4988 οὐκ
3140 4936 3667 5008 ἐνανθρωπήσαντος

2077 5018 2277 5088 μᾶλλον
2324 5018 2418 5071 τοῦ
2471 5019 2614 5073 κατὰ
2646 5020 2907 5091 ἀλήθειαν
2960 5022 3092 5076 Υἱοῦ
3148 5024 3208 5077 τὸ
3259 5025 3436 5094 τίμιον
3480 5020 3621 5096 αἷμα
3652 5070 3664 5092 ,

384 5094 541 5141 catus
562 5100 647 5145 est
677 5092 769 5147 "2
802 5114 821 5148 ι
858 5095 1020 5167 Atqui
1056 5100 1100 5153 si
1134 5111 1218 5155 est
1262 5116 1366 5157 non
1412 5103 1678 5161 incarnati
1732 5109 1841 5163 veri
1880 5108 1971 5164 Fi-

2082 5111 2225 5165 μόθου
2274 5113 2330 5165 δέ
2381 5130 2525 5176 τινος
2576 5114 2705 5184 παρ’
2732 5116 2893 5169 αὑτὸν
2941 5116 3152 5187 ἑτέρου,
3190 5120 3284 5172 καὶ
3330 5122 3514 5190 χάριτι
3564 5119 3666 5189 τὴν

380 5177 439 5233 1ἰί
476 5186 812 5242 venerandus
841 5190 1088 5259 sanguis,
1125 5193 1218 5248 sed
1255 5196 1434 5263 p0tius
1470 5198 1639 5267 spurii
1685 5201 1968 5270 cujusdam

2082 5202 2339 5257 ιὶοθεσίαν
2371 5202 2604 5273 ἔχοντος·
2641 5204 2757 5267 πῶς
2789 5207 2851 5259 οὐ
2888 5207 3063 5261 κοινὸν
3093 5204 3233 5262 εἷναί
3264 5227 3427 5277 φασιν
3455 5210 3619 5262 αὐτόν
3648 5227 3663 5273 ;

381 5270 586 5326 diversi
622 5274 689 5327 ab
722 5275 859 5345 ipso,
880 5287 1084 5353 quique
1110 5301 1205 5355 per
1229 5290 1459 5358 gratiam
1494 5293 1545 5344 in
1579 5289 1774 5347 Filium
1808 5294 1971 5364 766

2082 5294 2296 5357 )Oxoiv,
2334 5294 2435 5348 κᾶν
2481 5299 2530 5349 εἰ
2573 5296 2781 5367 λέγοιτο
2827 5300 3020 5354 παθεῖν
3062 5304 3247 5372 σαρκὶ,
3278 5306 3526 5373 τηρεῖται
3568 5303 3665 5354 καὶ

383 5363 457 5419 sit
483 5360 790 5432 adoptatus,
827 5376 1097 5438 quomodo
1134 5394 1240 5433 non
1274 5396 1619 5438 counnunem
1667 5360 1969 5439 illum—cisse

2082 5385 2208 5440 δῦτω
2247 5388 2304 5441 τὸ
2336 5373 2546 5455 ἀπαθὲς
2580 5390 2751 5462 αὐτῷ,
2785 5393 2920 5447 καθὸ
2950 5398 3150 5449 νοεῖται
3182 5398 3336 5460 Θεὸς.
3368 5397 3661 5466 Τοιγάρτοι

382 5455 644 5515 censent?
666 5456 922 5528 Proinde,
956 5473 1170 5526 tametsi
1205 5473 1419 5529 dicatur
1471 5477 1579 5546 pali
1617 5492 1800 5542 carne,
1842 5493 1964 5548 pcr-

2082 5480 2200 5547 ρησὶ
2250 5482 2341 5534 καὶ
2392 5484 2419 5534 6
2470 5482 2756 5547 θεσπέσιος
2798 5487 3025 5557 Πέτρος*
3066 5488 3219 5541 ι”οτι
3250 5489 3483 5562 Χριστὸς
3512 5489 3656 5555 ἅπαξ

460 5618 506 5651 ⁸⁸
543 5618 752 5682 Coloss.
780 5638 820 5696 1,
853 5621 1039 5686 1548.
1116 5626 1155 5660 ⁸⁷
1197 5625 1216 5681 l
1255 5628 1378 5684 Cor.
1414 5646 1470 5699 lt,
1513 5634 1565 5686 8.
1647 5636 1686 5666 ⁸⁸
1726 5634 1745 5689 l
1785 5634 1925 5691 l‘ctr.
1962 5650 1972 5687 I

2082 5635 2117 5689 Ι.
2198 5637 2240 5667 ¹⁹
2280 5634 2431 5693 Joau.
2472 5656 2545 5709 tv,
2572 5641 2661 5694 ‘22.
2746 5641 2789 5673 ²⁰
2831 5642 2993 5699 "chr.
3024 5660 3073 5711 κ,
3101 5644 3190 5699 εει.
