3946 6202
445 251 580 307 1543

1386 278 1395 288 ·
1433 255 1490 309 S.
1533 253 1810 310 CYRILLI
1848 255 2319 317 ALEXANDRINI
2360 261 2680 318 ARCHIEP.

3577 249 3712 306 ισιι

446 363 534 416 “Pl
564 365 824 434 sapientia
854 366 921 420 ’³.
965 385 981 415 ι
1035 367 1208 436 Atque
1249 365 1382 420 adeo
1428 367 1544 431 ipse
1581 367 1751 423 Filius
1793 384 1916 424 cum
1952 371 2020 425 ad

2175 374 2287 428 Νῦν
2317 375 2600 447 ἐδοξάσθη,
2634 375 2821 446 φησιν,
2853 376 2880 428 ὁ
2921 373 3044 434 Υἱὸς
3083 371 3176 424 τοῦ
3208 369 3528 439 ἀνθρώπου,
3565 368 3660 416 καὶ
3687 365 3715 419 ὁ

449 457 735 510 salutarem
794 459 1098 526 passionem
1141 459 1528 514 conscenderet
1569 475 1583 512 :
1639 479 1657 510 ι
1708 459 1892 528 Νιιιιο,
1941 463 2022 517 in-

447 549 580 618 quit,
613 549 940 604 clariﬁcatns
973 558 1055 604 est
1099 548 1267 605 Filius
1299 552 1556 615 hominis,
1596 564 1649 607 et
1677 553 1816 609 Deus
1857 556 2023 610 clari-

447 641 642 696 liratns
715 652 798 695 est
851 644 902 696 in
953 658 1018 696 eo
1063 661 1076 696 :
1137 654 1192 698 et
1240 643 1382 700 Dens
1435 645 1753 700 rlariﬁcabit
1799 663 1920 700 eum
1968 649 2020 701 in

447 725 760 802 semetipso,
803 735 1143 792 ctcontinuo
1169 737 1492 792 clariticabit
1521 755 1640 792 eum
1670 739 1734 792 ".
1773 758 1790 791 ι
1829 738 2022 795 Resur-

2127 465 2258 530 Θεὸς
2289 468 2547 539 ἐδοξάσθη
2583 468 2642 520 ὲν
2673 465 2846 536 αὐτῷ,
2873 465 2970 518 καὶ
3003 467 3031 517 ὁ
3059 465 3188 527 Θεὸς
3215 463 3432 526 δοξάσει
3467 459 3635 511 αὐτὰν
3661 464 3714 512 ἐν

2129 561 2325 632 ἑαυτῷ,
2367 562 2460 615 καὶ
2491 561 2651 622 εὐθὺς
2678 559 2891 624 δοξάσει
2917 558 3098 611 αὐτόν.
3135 577 3150 608 ι
3175 554 3402 608 Ἀνεϐίω
3429 554 3542 620 γὰρ
3587 569 3716 603 σκυ-

2129 651 2328 716 λεύσας
2359 653 2448 706 τὸν
2482 653 2635 724 ᾇδην,
2669 647 2760 705 καὶ
2782 650 2940 704 τοῦτο
2963 651 3064 702 οὐκ
3089 650 3166 711 εἰς
3193 647 3433 717 μακρὰν,
3469 645 3587 697 ἀλλ’
3609 637 3714 696 οἷον

2131 745 2293 808 εὐθὺς
2321 745 2412 797 καὶ
2444 745 2584 798 κατὰ
2614 743 2780 806 πόδας
2809 742 2903 795 τοῦ
2933 741 3144 795 παθεῖν.

453 825 588 877 rexit
647 825 812 890 enim,
855 826 1082 896 spoliato
1159 831 1405 895 interno,
1475 840 1530 884 et
1591 831 1810 900 quidem
1887 832 1940 886 id
1994 848 2101 888 non
2158 836 2326 890 multo
2397 845 2558 901 post,
2604 836 2697 890 sed
2761 832 3160 904 quodammodo
3214 829 3400 885 statim
3473 836 3638 897 atque
3682 845 3710 885 ε

449 917 690 986 vestigio
734 929 858 988 post
906 919 1235 988 passionem.

517 1006 581 1061 Β.
624 1011 782 1079 Atqui
846 1013 1018 1082 inquit
1063 1016 1498 1085 sapientissimus
1555 1016 1801 1072 Paulus:
1872 1037 1891 1070 ι
1949 1021 2032 1074 Au

449 1102 878 1168 experimentum
937 1106 1178 1173 quaeritis
1229 1107 1349 1177 ejus
1401 1111 1491 1179 qui
1556 1110 1608 1164 in
1665 1125 1748 1165 me
1798 1110 2034 1178 loquitur

451 1189 686 1258 Christi;
754 1197 841 1263 qui
899 1213 1002 1253 non
1057 1199 1385 1264 inlinuntur,
1447 1205 1540 1256 sed
1599 1213 1788 1272 potens
1843 1215 1926 1258 est
1980 1205 2032 1259 in

455 1284 650 1338 nobis?
711 1282 847 1338 Nam
894 1289 994 1341 etsi
1023 1290 1318 1344 crucitixus
1362 1301 1534 1346 estex
1573 1292 1905 1359 inﬁrmitate,
1941 1296 2032 1348 sed

452 1375 584 1428 vivit
631 1390 694 1430 ex
728 1377 926 1433 virtute
968 1380 1060 1434 Dei
1086 1382 1152 1436 ’⁸.
1206 1401 1224 1434 ι
1260 1383 1375 1448 Quo
1409 1393 1567 1449 pacto
1601 1399 1727 1437 vero
1766 1386 2032 1454 quispiam

453 1465 595 1518 dicat
626 1468 952 1522 iutirmatum
987 1486 1106 1527 esse
1139 1474 1310 1541 ipsum
1344 1473 1599 1536 Verbum,
1629 1484 1788 1543 atque
1825 1489 1890 1529 ex
1921 1475 2033 1530 vir-

455 1567 565 1611 tute
595 1559 685 1613 Dei
719 1561 943 1614 vivere?

2205 1024 2264 1078 Β.
2308 1025 2501 1079 Καίτοι
2532 1024 2695 1095 φησὶν
2729 1023 2757 1076 ό
2795 1021 3070 1089 πάνσοφος
3102 1016 3347 1080 Παῦλος’
3383 1036 3402 1067 ι
3459 1014 3612 1067 Ἐπεὶ
3637 1014 3714 1066 δσ-

2133 1119 2301 1189 κιμὴν
2335 1117 2548 1188 ζητεῖτε
2596 1116 2689 1170 τοῦ
2745 1117 2803 1168 ὲν
2853 1116 2976 1182 ἐμοὶ
3023 1112 3308 1173 λαλοῦντος
3362 1105 3627 1175 Χριστοῦ,
3663 1105 3714 1167 ὃς

2131 1211 2232 1263 οὐκ
2265 1209 2501 1270 ἀσθενεῖ,
2533 1207 2666 1261 ἀλλὰ
2698 1206 2912 1258 δυνατεῖ
2950 1203 3006 1256 ἐν
3042 1205 3196 1272 ἡμῖν.
3234 1200 3344 1254 Καὶ
3384 1198 3496 1268 γὰρ
3531 1197 3716 1248 ἐσταυ-

2137 1301 2282 1373 ρώθη
2330 1301 2386 1369 ἐξ
2433 1301 2741 1363 ἀσθενείας,
2779 1297 2912 1352 ἀλλὰ
2958 1297 3023 1367 ζῇ
3075 1297 3138 1348 ὲκ
3177 1294 3458 1364 δυνάμεως
3496 1287 3658 1342 Θεοῦ.
3701 1309 3715 1337 ι

2139 1389 2276 1447 Elea.
2310 1394 2426 1457 πῶς
2471 1392 2632 1445 αὑτὸν
2665 1390 2957 1460 ἀσθενῆσαι
2998 1387 3132 1458 φαίη
3165 1402 3248 1449 τις
3282 1384 3348 1438 ἂν
3395 1381 3592 1450 Λόγον.
3635 1381 3726 1432 καὶ

2143 1487 2252 1558 μὴν
2287 1487 2380 1541 καὶ
2408 1488 2470 1539 ἐκ
2499 1485 2780 1555 δυνάμεως
2815 1481 2978 1552 ζῆσαι
3010 1478 3183 1547 Θεοῦς

523 1650 586 1704 Α.
636 1651 822 1707 Nonne
846 1654 896 1706 in
945 1655 1253 1708 universum
1302 1655 1402 1708 hoc
1452 1655 1760 1724 statuimus,
1805 1658 2034 1714 Verbum

2213 1665 2278 1717 A.
2321 1663 2394 1714 Οὐ
2427 1660 2534 1732 γὰρ
2571 1660 2684 1713 ἄνω
2713 1676 2770 1712 τε
2801 1657 2896 1711 καὶ
2926 1657 3075 1711 κάτω
3130 1655 3220 1709 τὸν
3255 1652 3344 1707 τοῦ
3382 1650 3518 1705 Θεοῦ
3555 1649 3732 1716 Λόγον

454 1758 678 1797 carnem
711 1745 909 1798 factum
941 1761 1085 1811 esse,
1115 1757 1169 1800 et
1215 1748 1505 1800 humanam
1537 1756 1784 1802 naturam
1822 1764 2038 1804 assum-

456 1834 664 1903 psissc?

527 1926 583 1978 lt.
627 1926 885 1983 Omnino.

525 2015 592 2071 A.
635 2018 868 2075 Proinde
901 2022 944 2074 is
978 2023 1067 2092 qui
1100 2022 1406 2079 infirmatus
1434 2035 1516 2079 est
1547 2041 1730 2090 carne,
1766 2038 2038 2096 quatenus

455 2107 762 2164 declaratus
799 2121 880 2164 est
920 2113 1099 2172 homo.
1138 2114 1267 2168 vixit
1304 2115 1390 2170 hic
1419 2115 1562 2169 idem
1594 2132 1658 2170 ex
1693 2119 1892 2172 virtute
1917 2119 2032 2184 Dei,

453 2213 560 2253 non
590 2201 807 2269 quidem
843 2202 1044 2270 aliena,
1074 2205 1166 2259 sed
1200 2221 1318 2275 qua:
1354 2207 1452 2277 ipsi
1489 2208 1682 2262 inerat.
1723 2209 1862 2264 Deus
1893 2211 2034 2265 enim

455 2303 572 2347 erat
595 2294 647 2347 in
673 2309 857 2348 carne.

524 2385 586 2440 Β.
629 2385 788 2456 Atqui
850 2386 1011 2442 Pater
1052 2389 1224 2459 ipsum
1280 2394 1577 2450 suscitas-se
1611 2393 1855 2450 dicitur:
1903 2398 2038 2453 scri-

453 2487 602 2548 ptum
639 2489 724 2534 est
761 2479 904 2534 enim
936 2500 948 2536 :
984 2499 1000 2532 ι
1036 2481 1345 2540 Secundum
1383 2487 1748 2556 operationem
1785 2491 2040 2558 potentiae

455 2571 670 2624 virtutis
704 2571 843 2641 ejus“,
887 2588 1045 2642 quant
1078 2586 1333 2644 operatus
1364 2588 1448 2634 est
1494 2580 1546 2634 in
1589 2580 1826 2645 Christo,
1865 2585 2039 2638 susci-

452 2671 574 2716 tans
610 2663 758 2718 illum
796 2681 824 2718 a
870 2667 1132 2734 mortuis,
1165 2678 1219 2724 et
1257 2673 1597 2728 constituens
1643 2677 1710 2728 ad
1756 2676 2037 2730 dexteram

453 2769 606 2808 suam
645 2756 698 2810 iu
727 2757 1063 2825 caelestibus,
1103 2776 1264 2831 supra
1303 2780 1519 2819 omnem
1556 2766 1919 2836 principatum
1947 2810 1960 2833 ,
1987 2781 2040 2824 et

453 2857 798 2918 potestatem,
837 2859 891 2905 et
922 2853 1201 2918 virtutem,
1236 2864 1291 2909 et
1319 2856 1770 2922 dominationem,
1797 2869 1851 2914 ct
1879 2876 2040 2917 omne

456 2955 649 2994 nomen
682 2943 826 3010 quod
858 2946 1165 2999 nominatur
1189 2948 1257 3000 ".
1288 2966 1306 2998 ι

525 3032 591 3086 Α.
616 3031 884 3086 Caeterum
923 3035 1096 3104 ipsum
1123 3053 1241 3093 esse
1269 3040 1498 3096 dicimus
1527 3044 1894 3102 viviﬁcantem
1931 3051 2039 3104 vir-

458 3135 627 3179 tutem
680 3125 895 3190 Patris,
945 3139 998 3181 et
1051 3133 1293 3198 paternis
1344 3136 1699 3206 dignitatibus
1756 3143 2035 3208 praeditum

455 3230 596 3281 esse,
630 3219 838 3271 tametsi
867 3217 1041 3274 factus
1070 3223 1143 3276 sit
1176 3240 1324 3289 caro,
1372 3229 1512 3295 quod
1556 3231 1771 3299 quidem
1816 3235 2040 3300 ipsemet

459 3317 687 3363 testatur
721 3311 908 3366 dicens
935 3328 948 3364 :
986 3332 1002 3363 ι
1043 3315 1505 3380 Quemadmodum
1538 3322 1681 3373 enim
1712 3323 1874 3377 Pater
1901 3341 2038 3393 quos

464 3399 565 3452 vult
608 3401 878 3466 viritim-at;
911 3404 978 3458 ita
1010 3416 1065 3460 et
1093 3405 1260 3460 Filius
1311 3425 1447 3476 quos
1491 3411 1602 3464 vult
1645 3411 1880 3467 viviﬁcat
1902 3416 1970 3468 ’⁷.
2013 3435 2031 3468 ι

463 3493 634 3562 Atque
665 3505 722 3547 ut
752 3495 796 3548 is
822 3497 910 3565 qui
945 3499 1148 3567 absque
1185 3500 1400 3569 negotio
1441 3501 1491 3552 id
1537 3511 1796 3566 praestare
1841 3512 2036 3574 potest,

463 3582 668 3642 intimos
697 3587 769 3642 ita
805 3590 1186 3658 compellavit:
1227 3608 1246 3642 ι
1298 3589 1502 3648 Solvite
1546 3595 1800 3664 tcmplnm
1834 3598 1952 3663 hoc,
1985 3609 2038 3652 et

462 3677 514 3734 in
547 3678 720 3736 tribus
759 3681 950 3737 diebus
985 3684 1260 3740 suscitabo
1282 3684 1410 3740 illud
1441 3687 1510 3740 ’⁸.
1552 3707 1568 3739 ι
1597 3686 1765 3743 Porro
1787 3706 1909 3745 cum
1954 3707 2038 3747 re-

461 3773 804 3839 surrexisset,
835 3775 972 3828 sedit
995 3775 1059 3828 ad
1095 3776 1371 3832 dexteram
1397 3777 1573 3832 Patris
1611 3781 1691 3833 sui
1723 3781 1774 3834 in
1813 3782 2040 3837 malesu-

456 3861 577 3928 ltus,
596 3878 755 3933 Supra
793 3883 1006 3921 omnem
1045 3867 1410 3940 Principatum
1433 3881 1485 3924 et
1506 3871 2040 3936 Potestatctn,Tliro-

455 3969 556 4008 nos
599 3966 654 4010 et
689 3955 1120 4022 Domiuationes,
1148 3970 1203 4014 et
1247 3975 1410 4028 supra
1451 3977 1610 4016 (nunc
1667 3978 1858 4018 nomen
1894 3965 2036 4032 quod

456 4045 768 4100 nominatur
797 4047 861 4104 ’³.
887 4049 1053 4121 768
1073 4051 1226 4104 Anne
1250 4060 1502 4121 tanquam
1527 4053 1775 4109 diversus
1804 4070 1834 4108 a
1859 4052 2037 4110 Verbo

457 4139 599 4204 quod
629 4147 710 4190 est
753 4154 816 4193 ex
849 4139 1032 4206 Patre,
1074 4143 1212 4196 nuda
1258 4151 1465 4197 tantum
1504 4143 1884 4213 conjunctione
1910 4162 2032 4200 cum

460 4224 550 4279 illo
579 4226 884 4294 decoratus,
923 4239 976 4284 et
1005 4231 1220 4287 deitatis
1266 4249 1460 4288 nomen
1499 4249 1595 4304 per
1644 4237 1870 4304 gratiam
1901 4252 2030 4290 con-

2141 1755 2316 1828 σάρκα
2343 1771 2402 1808 τε
2434 1752 2684 1822 γενέσθαι
2713 1751 2806 1804 καὶ
2835 1747 3252 1818 ὲνανθρωπῆσαὶ
3289 1762 3505 1817 φαμενς

2210 1933 2270 1987 Β.
2312 1932 2454 1987 Ναί·
2501 1930 2616 1993 πῶς
2645 1930 2752 2001 γὰρ
2783 1928 2880 1993 οὓς

2208 2031 2276 2081 Α.
2321 2023 2551 2085 Οὐκοῦν,
2582 2025 2608 2076 ὁ
2640 2023 2945 2090 ἀσθενήσας
2979 2019 3161 2088 σαρκὶ,
3201 2015 3336 2070 καθὸ
3361 2016 3600 2085 πέφηνεν
3633 2016 3734 2068 ἇν-

2141 2118 2378 2190 θρωπος,
2411 2117 2605 2186 ἔζησεν
2651 2109 2804 2176 οὗτος
2856 2116 2919 2166 ἐκ
2958 2111 3242 2180 δυνάμεως
3287 2109 3442 2171 Θεοῦ,
3493 2108 3592 2161 καὶ
3627 2107 3735 2160 οὐκ

2139 2209 2425 2281 ἀλλοτρίας
2454 2207 2674 2278 μᾶλλον,
2710 2204 2846 2260 ἀλλά
2877 2205 2975 2274 τῆς
3008 2204 3234 2272 ἐνούσης
3259 2199 3424 2271 αὐτῷ.
3459 2200 3594 2262 Θεὸς
3620 2199 3740 2270 γὰρ

2139 2302 2208 2377 ἦν
2237 2307 2294 2358 ὲν
2331 2303 2515 2375 σαρκί.

2212 2399 2271 2450 Β.
2313 2398 2424 2450 Καὶ
2475 2395 2582 2466 μὴν
2631 2395 2660 2447 ὁ
2700 2391 2889 2462 Πατὴρ
2927 2389 3090 2443 αὑτὸν
3129 2386 3423 2456 ἀναστῆσαι
3474 2385 3738 2452 λέγεταιῖ

2141 2489 2453 2559 γέγραπται
2484 2486 2592 2556 γὰρ
2613 2524 2628 2549 ,
2663 2485 2743 2537 ὅτι
2778 2501 2796 2534 ι
2838 2479 2996 2537 Κατὰ
3026 2479 3126 2550 τὴν
3149 2479 3419 2546 ἐνέργειαν
3462 2473 3560 2527 τοῦ
3587 2477 3740 2544 κρά-

2141 2597 2268 2644 τους
2292 2579 2393 2649 τῆς
2429 2577 2610 2647 ἰσχύος
2643 2574 2829 2638 αὑτοῦ,
2859 2573 2926 2643 ἦν
2953 2573 3256 2643 ἐνήργηκεν
3290 2572 3344 2622 ἐν
3370 2567 3448 2639 τῷ
3475 2567 3736 2639 x9“??-

2143 2671 2364 2742 ἐγείρας
2397 2669 2560 2723 αὑτὸν
2599 2669 2663 2720 ἐκ
2693 2665 2925 2736 νεκρῶν,
2955 2665 3050 2717 καὶ
3092 2661 3318 2725 καθίσας
3358 2662 3415 2713 ἐν
3443 2657 3600 2729 δεξιᾷ
3628 2659 3734 2710 αὑ-

2143 2761 2236 2815 τοῦ
2270 2761 2326 2812 ἐν
2356 2760 2466 2822 τοῖς
2501 2755 2868 2827 ἐπουρανίοις,
2903 2753 3159 2824 ὑπεράνω
3189 2751 3370 2822 πάσης
3408 2749 3604 2820 ἀρχῆς,
3636 2748 3734 2800 καὶ

2143 2854 2414 2920 ἐξουσίας,
2451 2852 2546 2909 καὶ
2583 2849 2928 2918 κυριότητος,
2962 2847 3056 2901 καὶ
3089 2844 3287 2908 παντὸς
3319 2845 3584 2914 ὀνόματος
3611 2843 3730 2894 ὀνο-

2067 2990 2110 3048 C
2148 2947 2475 3018 μαζομένου.
2501 2963 2520 2996 ι

2214 3042 2278 3093 Δ.
2333 3038 2472 3092 Ἀλλ’
2508 3035 2668 3090 αὑτὸν
2699 3031 2840 3088 εἷναί
2869 3051 3050 3106 φαμεν
3073 3033 3172 3104 τὴν
3203 3031 3468 3097 ζωοποιὸν
3500 3029 3754 3098 δύναμιν.

2140 3131 2234 3186 τοῦ
2266 3131 2499 3202 Πατρὸς,
2545 3121 2637 3183 καῖ
2666 3131 2780 3191 τοῖς
2826 3128 2919 3182 τοῦ
2950 3127 3198 3188 τεκόντος
3231 3123 3540 3194 ἀξιώμασιν
3582 3122 3732 3184 εἰκὸς

2141 3223 2558 3294 ὲναϐρύνεσθαι,
2590 3221 2684 3274 καὶ
2728 3221 2776 3272 εἱ
2816 3219 3006 3288 γέγονε
3051 3217 3208 3286 σὰρξ,
3244 3217 3340 3270 καὶ
3383 3213 3734 3285 αὖτομάρτυς

2140 3317 2301 3380 αὐτὸς
2335 3315 2646 3387 εἱσὸήσεται
2673 3314 2847 3382 λέγων
2869 3331 2881 3343 ·
2920 3332 2938 3362 ι
2967 3313 3178 3380 ’Ὠσπερ
3208 3309 3318 3379 γὰρ
3354 3311 3381 3361 ὁ
3402 3309 3592 3377 Πατὴρ
3640 3305 3734 3368 οὓς

2143 3410 2286 3462 θέλει
2315 3409 2586 3474 ζωοποιεῖ,
2617 3405 2760 3458 οὕτω
2789 3405 2881 3457 καὶ
2912 3407 2939 3457 ὀ
2963 3404 3088 3466 Υἱὸς
3134 3402 3228 3464 οὓς
3253 3401 3729 3465 θέλειζωοποιεῖ.ι

2141 3503 2252 3556 Καὶ
2271 3501 2428 3555 τοῦτο
2449 3499 2688 3569 ἀμογητὶ
2710 3496 3010 3568 κατορθοῦν
3033 3491 3090 3549 εὖ
3117 3494 3259 3566 μάλα
3276 3492 3597 3562 δυνάμενος.
3624 3493 3733 3553 :02;

2153 3593 2418 3649 Ἰουδαίων
2439 3593 2632 3662 δήμοις
2667 3587 3105 3660 προσπεφώνηκε
3127 3586 3321 3654 λέγων·
3349 3604 3366 3634 ι
3395 3583 3611 3636 Λύσατε
3640 3583 3731 3634 τὶν

2140 3690 2266 3742 ναὸν
2313 3685 2534 3748 τοῦτον,
2582 3683 2678 3738 καὶ
2709 3685 2766 3734 ὲν
2794 3681 2974 3752 τρισὶν
3007 3680 3242 3750 ἡμέραις
3277 3677 3454 3746 ἐγερῶ
3487 3674 3674 3729 αὐτόν.
3709 3693 3730 3724 υ

2144 3781 2289 3851 Πλὴν
2328 3777 2624 3839 όδιναστὰς
2682 3773 2978 3828 κεκάθικεν
3039 3775 3096 3826 ὲν
3149 3771 3301 3842 δεξιᾷ
3341 3769 3434 3822 τοῦ
3491 3767 3733 3838 Πατρος,

2144 3875 2201 3927 ἐν
2259 3874 2367 3935 τοῖς
2422 3868 2804 3939 ἐπουρανίοις,
2859 3864 3117 3936 ὑπεράνω
3166 3867 3347 3934 πάσης
3389 3861 3595 3930 Ἀρχῆς
3639 3861 3734 3912 καὶ

2153 3963 2450 4030 Ἐξουσὶας,
2489 3961 2692 4032 Θρόνυυ
2743 3977 2801 4012 τε
2847 3959 2942 4012 καὶ
2987 3958 3352 4029 κυριότητος,
3397 3953 3732 4016 καὶοπαντξρς

2139 4059 2403 4128 ὀνόματος
2455 4053 2882 4124 ὀνομαζομένου.
2946 4047 3073 4120 'Ap‘
3129 4046 3223 4103 οὖν
3275 4049 3347 4112 ὼς
3418 4048 3608 4117 ἕτερος
3657 4046 3732 4098 ὣν

2141 4151 2268 4214 Υἱὸς
2317 4147 2470 4220 παρὰ
2523 4147 2614 4200 τὸν
2665 4148 2722 4212 ἐξ
2765 4143 2930 4198 αὐτοῦ
2978 4143 3150 4212 φύντα
3200 4142 3395 4210 Λόγον,
3453 4140 3583 4209 ψιλῇ
3614 4157 3731 4191 συν-

2139 4242 2306 4313 αφεέᾳ
2356 4237 2742 4310 τετιμημένος,
2794 4236 2889 4288 καὶ
2932 4237 2990 4288 ἐν
3041 4233 3261 4305 χάριτος
3298 4233 3460 4303 μοίρᾳ
3513 4232 3574 4284 τὸ
3633 4234 3732 4302 τῆς

451 4329 712 4374 secutus:
746 4336 811 4374 an
843 4323 1017 4391 potius
1043 4325 1154 4394 ipse
1187 4338 1379 4380 natura
1416 4335 1470 4381 et
1495 4343 1618 4380 vere
1645 4325 1832 4393 Filius,
1875 4329 1928 4383 in
1962 4330 2034 4383 si-

2150 4333 2394 4403 θεότητος
2440 4331 2610 4402 ὄνομα
2673 4329 2874 4398 iuxtim;
2932 4327 2964 4396 ἢ
3027 4326 3226 4395 μᾶλλον
3278 4325 3443 4388 αὐτὸς
3485 4328 3514 4377 ὁ
3565 4323 3731 4393 φύσει

457 4410 760 4468 militudine
802 4415 1079 4468 hominum
1126 4415 1324 4484 factus,
1363 4426 1416 4473 et
1467 4419 1651 4474 habitu
1699 4420 1951 4476 inventus
1983 4433 2039 4477 ut

460 4504 621 4559 homo
645 4521 743 4575 per
774 4505 1203 4564 incarnationem
1227 4510 1248 4562 ?

529 4685 591 4743 Β.
636 4687 882 4743 Dixerint
929 4688 1178 4748 fortassrs
1225 4694 1499 4750 homlnem
1532 4695 1680 4751 illum
1717 4697 1807 4766 qui
1855 4713 1920 4754 ex
1953 4715 2038 4754 se-

457 4781 604 4837 mine
639 4780 804 4837 David
848 4780 1170 4850 coniunctns
1217 4787 1265 4841 ei
1301 4787 1423 4854 fuit,
1451 4799 1505 4842 et
1554 4791 2030 4860 adaqttalitateni

458 4871 682 4930 honoris
735 4877 980 4944 ascitus,
1029 4879 1118 4934 cui
1167 4879 1384 4950 quidem
1449 4881 1768 4937 conveniat-
1804 4894 2031 4939 mortem

453 4964 628 5023 obire.

524 5061 592 5115 A.
636 5062 905 5118 Craterum
951 5063 1232 5134 :rqualitas
1273 5063 1493 5120 honoris
1542 5080 1661 5134 qnze
1712 5067 1872 5129 alicui
1917 5070 2033 5124 eol-

449 5153 561 5208 lata
602 5153 822 5221 dicitur,
879 5173 985 5212 non
1041 5173 1204 5212 unum
1249 5173 1478 5212 numero
1531 5158 1713 5221 fuerit,
1762 5171 1820 5215 ut
1876 5173 2031 5216 antea

447 5243 593 5310 dixi,
627 5246 720 5299 sed
755 5263 917 5302 unum
959 5263 1080 5304 eum
1118 5264 1244 5307 uno.
1285 5249 1410 5305 llaec
1453 5265 1582 5306 vero
1615 5252 1719 5307 duo
1759 5267 1879 5308 esse
1905 5269 2032 5310 cen-

448 5339 684 5399 suerim,
726 5347 781 5392 et
817 5343 1027 5398 ratione
1077 5351 1282 5398 natum
1324 5344 1466 5397 inter
1515 5358 1574 5398 se
1616 5345 1920 5414 inaequalia,
1953 5345 2032 5397 si-

450 5433 678 5503 quidem
717 5429 943 5488 inl'erinr
977 5435 1236 5492 dicendus
1281 5447 1366 5493 est
1402 5436 1495 5506 qui
1540 5437 1746 5494 honore
1779 5438 2031 5494 atlicitur.

533 5631 578 5662 υ
621 5633 634 5685 ι
677 5633 802 5686 ϐίη*
836 5652 872 5687 ¹ο
908 5634 1089 5689 '9'3'5-
1167 5636 1214 5665 "
1251 5635 1406 5687 .lnan.
1447 5653 1565 5692 \Itt.
1597 5638 1683 5696 51,
1713 5636 1800 5688 5‘2.

448 5693 515 5777 ,η
549 5697 703 5756 Joan.
731 5720 788 5763 n,
831 5704 910 5756 19.
991 5707 1029 5734 εν
1073 5704 1268 5762 lintres.
1310 5720 1342 5762 ι,
1379 5705 1465 5754 ‘21.

1901 5638 1944 5669 ’⁸
1987 5635 2023 5688 ll
2067 5637 2190 5692 Cor.
2225 5652 2342 5700 xm,
2374 5635 2427 5702 5,
2461 5636 2513 5692 4.

2135 4443 2194 4478 τε
2225 4425 2322 4478 καὶ
2351 4423 2566 4494 ἀληθῶς
2603 4421 2864 4490 ὑπάρχων
2909 4418 3049 4482 Υἱὸς,
3087 4419 3146 4470 ἐν
3179 4417 3488 4486 ὁμοιώματι
3519 4415 3728 4486 ἀνθρὼ-

2137 4535 2256 4571 πων
2290 4517 2600 4586 γενόμενος,
2635 4512 2731 4567 καὶ
2764 4511 3002 4582 σχήματι
3052 4510 3298 4582 εὑρεθεὶς
3335 4512 3412 4574 ὼς
3439 4511 3728 4582 ἄνθρωπος

2135 4607 2497 4678 οἰκονομικῶς
2517 4626 2532 4672 ;

2209 4698 2266 4752 Β.
2309 4700 2472 4751 Φαῖεν
2511 4697 2577 4750 ἂν
2615 4696 2744 4759 ἴσως
2788 4694 2943 4748 αὐτοὶ
2992 4693 3084 4746 τὸν
3137 4695 3200 4748 ἐκ
3259 4695 3575 4766 σπέρματος
3631 4693 3725 4746 τοῦ

2141 4789 2304 4843 Δαϐὶδ
2355 4787 2694 4858 συναφθέντα
2747 4785 2894 4854 αὐτῷ
2946 4784 3067 4838 κατ’
3105 4785 3377 4856 ἰσοτιμίαν
3413 4786 3722 4858 ἄνθρωπον,

2139 4877 2293 4952 ᾧπερ
2320 4883 2385 4936 ἂν
2419 4883 2616 4952 πρέποι
2645 4882 2741 4935 καὶ
2773 4883 2834 4936 τὸ
2870 4883 3063 4936 παθεῖν
3091 4883 3182 4934 τὸν
3224 4879 3475 4932 θάνατον.

2212 5068 2278 5118 Α.
2333 5062 2494 5116 Ἀλλὰ
2540 5062 2600 5115 τὸ
2657 5061 2898 5132 ἰσότιμόν
2955 5079 3058 5114 τινι
3110 5057 3362 5128 γενέσθαι
3409 5057 3716 5128 λεγόμενον,

2143 5157 2226 5227 εἴη
2263 5157 2328 5208 ἂν
2373 5155 2468 5224 οὐχ
2530 5154 2589 5206 ἓν
2643 5154 2844 5224 μᾶλλον
2890 5153 2968 5222 τῷ
3020 5152 3259 5222 ἀριθμῷ,
3321 5149 3575 5220 καθάπερ
3619 5150 3716 5220 ἠδη

2143 5250 2422 5318 προεῖπον,
2464 5246 2578 5300 ἀλλ’
2610 5246 2668 5299 ἓν
2702 5246 2819 5317 μεθ’
2846 5245 2985 5308 ἑνός.
3020 5242 3124 5296 Δύο
3156 5242 3211 5294 δὲ
3241 5237 3393 5310 οἶμαι
3427 5241 3606 5306 ταυτὶ,
3629 5240 3720 5294 καὶ

2141 5340 2514 5410 ἁνισομέτρως
2568 5338 2762 5408 ἔχοντα
2805 5336 2949 5390 κατὰ
3000 5334 3184 5404 φύσιν,
3243 5335 3404 5403 εἴπερ
3460 5334 3608 5386 ἐστὶν
3664 5334 3721 5384 ἐν

2145 5431 2367 5502 μειώσει
2413 5428 2506 5484 τοῦ
2549 5429 2835 5500 τιμῶντος,
2887 5428 2948 5481 τὸ
2994 5423 3322 5497 τιμώμενον.
3393 5424 3611 5493 Ἐπειδὴ
3662 5421 3719 5475 δὲ

2617 5637 2660 5668 ⁸⁸
2702 5635 2895 5705 Ephcs.
2935 5650 2972 5702 ι,
3016 5630 3199 5686 ιοςει.
3278 5631 3319 5660 ’⁷
3363 5627 3518 5684 Joan.
3552 5622 3713 5693 v,9.i.
