4016 6202
234 215 405 272 1345
1429 220 1618 287 QUOD
1661 221 1849 278 UNUS

1976 221 1996 274 Γ
2039 220 2404 278 (ῖιιιιιετυδ.
3431 227 3564 284 ιδιδ

236 327 335 396 εἷς
400 336 725 391 κεκάθικεν
776 336 925 400 Υἱὸς,
977 326 1338 391 διδασκόντων
1401 340 1576 405 αὐτοὶ,
1629 342 1711 406 τίς
1764 344 1873 406 τοῖς

1979 356 2140 409 quam
2164 342 2254 410 qui
2287 340 2468 395 allicit.
2498 341 2566 394 At
2608 354 2728 395 cum
2766 356 2905 396 unus
2938 342 3197 397 assederit
3231 341 3433 409 Filius,
3463 347 3561 399 do-

237 425 551 480 ἀνωτάτω
578 429 863 498 τετίμηται
896 429 1101 492 θάκοις,
1130 432 1218 482 καὶ
1244 431 1551 502 συνεδρεύει
1581 433 1657 503 τῷ
1685 434 1873 503 Πατρὶ,

1985 443 2144 485 ceant
2182 433 2287 502 ipsi
2337 434 2586 503 quisnam
2615 434 2665 488 in
2703 449 3013 502 supremum
3052 434 3180 490 illud
3199 435 3393 490 solium
3426 437 3563 490 asci-

238 518 296 568 εξ
333 517 445 570 καὶ
484 520 579 572 ὅτι
614 520 850 589 μάλιστα
897 521 1002 573 τῶν
1038 522 1176 590 ἄγαν
1235 523 1670 593 σψαλερωτάτων
1701 526 1783 596 εἴη
1818 526 1873 579 ἂν

1987 535 2068 579 tus
2101 526 2191 584 sit.
2221 526 2475 595 Patr-ique
2510 525 2762 581 assideat.
2795 524 3072 594 Siquidem
3118 529 3411 582 absurdum
3456 529 3560 582 im.

238 606 312 660 16
344 608 731 681 ἀνακομίζειν
766 614 1080 683 ἀποτολμᾷν
1113 616 1192 678 εἰς
1226 616 1498 687 ἰσοτιμίαν
1542 618 1618 688 τῷ
1645 619 1873 690 δεσπότῃ

1982 617 2173 685 primis
2215 616 2377 672 fuerit
2418 619 2781 688 aequalitatem
2835 620 3058 674 honoris
3114 621 3352 674 tribuere
3406 637 3563 676 servo

241 696 314 750 τὸ
368 700 604 766 δοῦλον,
657 704 736 775 τῷ
776 705 970 777 κτίστῃ
1003 706 1062 758 16
1104 708 1345 778 ποιηθὲν,
1392 709 1467 780 τῷ
1517 710 1727 781 βασιλεῖ
1774 712 1873 766 τῶν

1982 724 2103 761 t-um
2173 710 2408 774 domino,
2454 719 2716 764 creatura:
2753 724 2875 764 cum
2923 717 3196 774 creatore,
3236 711 3283 765 ei
3331 713 3419 781 qui
3463 716 3566 766 sub

243 796 406 850 ὅλων
459 800 532 853 τὸ
582 802 687 854 ὑπὸ
741 801 923 871 ζυγὸν,
980 802 1055 874 τῷ
1108 803 1325 857 πάντων
1390 807 1646 861 ἐπέκεινα
1698 811 1757 863 16
1822 809 1873 861 ἐν

1976 800 2106 870 jugo
2135 811 2218 855 est
2254 816 2374 854 cum
2426 802 2590 855 totius
2639 802 2876 857 universi
2929 802 3193 873 Domino;
3246 811 3300 855 et
3338 804 3477 870 quod
3507 802 3558 856 in

246 891 404 943 πᾶσι
446 893 678 947 τελοῦν.

1981 893 2235 947 omnibus
2258 900 2409 963 paret
2437 892 2685 963 imperio,
2714 908 2834 948 cum
2854 908 2918 947 eo
2943 892 3033 963 qui
3064 906 3226 962 supra
3253 893 3432 946 omnia
3453 904 3556 949 εει.

333 981 403 1033 Β.
452 984 762 1053 Σαφηνιεῖς
791 980 884 1038 οὖν
920 986 1025 1057 ἄρα
1064 986 1223 1040 τοῦτο
1260 990 1390 1058 ἡμῖν
1423 990 1610 1044 εἰσέτι.

2053 982 2114 1038 Β.
2154 984 2375 1053 Explica
2409 984 2512 1040 hoc
2542 986 2697 1040 nobis
2725 984 2973 1039 ulterius.

336 1072 412 1124 Λ.
466 1072 694 1137 Καίτοι,
727 1074 977 1145 καθάπερ
1024 1070 1257 1146 ἐγῷμαι,
1290 1077 1466 1149 σαφὴς
1500 1081 1594 1132 καὶ
1620 1080 1873 1151 ἀποχρῶν

2049 1076 2115 1128 Α.
2157 1077 2343 1146 Atqui,
2370 1086 2429 1131 ut
2468 1077 2727 1145 arbitror,
2768 1075 3055 1132 manifeste
3090 1076 3221 1131 satis
3256 1084 3309 1131 et
3354 1074 3562 1146 prolixe

252 1162 287 1213 6
337 1163 441 1215 ἐπ’
501 1165 689 1227 αὐτοῖς
739 1165 801 1236 δὴ
853 1166 1058 1230 τούτοις
1093 1170 1225 1238 ἡμῖν
1278 1169 1652 1240 ἐκπεπόνηται
1699 1171 1873 1240 λόγος,

1981 1168 2138 1223 nobis
2163 1169 2368 1224 hactde
2402 1185 2459 1226 re
2500 1179 2886 1239 pertractatum
2932 1181 3048 1236 est;
3094 1185 3268 1239 neque
3311 1183 3438 1223 vero
3475 1184 3561 1222 me

256 1251 442 1305 ὄκνου
501 1254 562 1306 δὲ
611 1253 731 1323 δίχα
771 1256 971 1318 παντὸς
1006 1256 1301 1327 προσθείην
1352 1258 1417 1312 ἂν
1465 1255 1547 1322 οἷς
1594 1260 1730 1332 ἔφην
1785 1265 1873 1315 καὶ

1981 1260 2185 1330 pigebit
2210 1262 2274 1316 iis
2296 1276 2415 1331 qua:
2443 1262 2557 1317 dixi
2581 1263 2749 1316 etiam
2787 1262 2889 1317 alia
2926 1262 3171 1331 quaedam
3202 1260 3436 1330 adjicere
3462 1277 3477 1325 ;
3506 1268 3561 1312 et

258 1339 474 1411 ἕτερα,
530 1342 624 1395 καὶ
669 1343 767 1396 οὐκ
816 1344 1016 1415 ἀγεννῆ
1054 1348 1445 1415 συναγόρευσιν
1479 1350 1579 1419 τὴν
1629 1350 1770 1421 ὑπέρ
1815 1368 1873 1419 γε

1982 1369 2086 1407 non
2120 1354 2338 1424 ignobili
2367 1355 2667 1424 patrocinio
2695 1370 2791 1424 pro
2818 1355 2990 1410 sacris
3022 1352 3360 1425 dogmatibus
3395 1351 3558 1405 veluti

256 1430 386 1484 τῶν
416 1433 592 1505 ἱερῶν
623 1435 906 1504 δογμάτων
940 1435 1194 1507 καθάπερ
1233 1439 1353 1492 τινὰ
1383 1442 1711 1512 παντευχίαν
1743 1443 1873 1498 ἀναα

1979 1447 2210 1517 quadam
2247 1449 2424 1502 omnis
2470 1449 2686 1519 generis
2733 1457 3006 1503 armatura
3054 1448 3321 1511 indutum,
3362 1446 3560 1500 verita-

259 1523 499 1587 λαϐὼν,
554 1527 944 1597 ἀνταναστησω
985 1528 1046 1580 16
1093 1529 1290 1600 ἀληθὲς
1339 1534 1448 1595 τοῖς
1504 1534 1758 1604 φρονοῦσι
1810 1536 1873 1588 τὰ

1983 1550 2088 1596 tem
2116 1553 2391 1609 opponere
2427 1539 2494 1595 iis
2514 1540 2605 1609 qui
2638 1532 2908 1594 contraria
2938 1538 3198 1593 sentiunt.
3230 1536 3381 1603 Quod
3410 1535 3558 1590 enim

261 1615 722 1688 διεστραμμένα.
760 1618 880 1671 ’Ότι
913 1620 1021 1690 γὰρ
1057 1621 1086 1673 6
1135 1623 1430 1693 μονογενὴς
1462 1624 1557 1677 τοῦ
1604 1625 1740 1679 Θεοῦ
1772 1629 1873 1680 Λό-

1982 1632 2315 1701 nuigeuitum
2353 1629 2449 1685 Dei
2485 1630 2724 1685 Verbum
2749 1672 2763 1697 ,
2798 1646 2901 1685 non
2941 1631 3336 1685 interveniente
3371 1629 3437 1684 ad
3474 1629 3558 1682 in-

263 1724 398 1776 γος.
455 1709 520 1760 ού
572 1708 995 1778 μεσολαϐοὖντος
1049 1712 1149 1781 τὴν
1202 1715 1514 1783 οἰκονομίαν
1567 1716 1684 1769 υἱοῦ
1746 1721 1873 1789 παρ’

1982 1723 2351 1777 caruationem
2394 1723 2504 1776 [ilio
2562 1724 2652 1793 qui
2685 1739 2715 1777 a
2762 1738 2821 1778 se
2863 1723 3107 1778 diversus
3142 1730 3304 1786 esset,
3346 1732 3398 1776 et
3429 1721 3558 1776 stri-

265 1800 454 1853 αὑτὸν
499 1801 707 1872 ἐτέρου,
735 1802 829 1855 καὶ
858 1803 1218 1871 συναφθέντος
1251 1806 1399 1877 αὐτῷ
1431 1809 1716 1878 σχετικῶς,
1750 1828 1880 1864 κατ-

268 1890 512 1961 ήργηκε
548 1891 638 1944 τοῦ
672 1890 903 1946 θανάτου
930 1893 990 1946 16
1017 1894 1238 1966 κράτος,
1274 1897 1437 1960 αὐτὸς
1483 1898 1540 1951 δὲ
1586 1899 1786 1968 μᾶλλον
1812 1901 1878 1953 δι’

270 1983 516 2048 ἑαυτοῦ,
553 1984 883 2039 πιστώσεται
916 1986 1107 2054 λέγων·
1147 2007 1165 2039 ι
1208 1988 1364 2042 Οὕτω
1392 1991 1500 2061 γὰρ
1536 1992 1823 2063 ἠγάπησεν
1851 1995 1879 2047 6

272 2073 429 2137 Θεὸς
457 2075 547 2127 τὸν
576 2075 800 2145 κόσμον,
833 2075 972 2130 ὥστε
1000 2078 1089 2131 τὸν
1120 2078 1247 2133 Υίόν
1279 2080 1445 2134 αὑτοῦ
1489 2081 1580 2135 τὸν
1615 2085 1878 2157 μονογενῆ

274 2166 522 2229 ἔδωκεν,
556 2167 640 2221 ἴνα
673 2170 783 2231 πᾶς
821 2172 848 2223 6
896 2171 1165 2226 πιστεύων
1209 2174 1285 2237 εἰς
1320 2175 1481 2228 αὐτὸν
1541 2176 1614 2247 μὴ
1646 2178 1880 2250 ἀπόλλη-

277 2274 404 2319 ται,
442 2258 561 2311 ἀλλ’
600 2259 695 2331 ἔχῃ
726 2260 870 2331 ζωὴν
902 2262 1138 2317 αἰώνιον.
1178 2284 1196 2316 ι
1238 2265 1495 2336 Αἴροντος
1523 2268 1580 2321 δὲ
1616 2270 1751 2340 ὑψοῦ
1780 2271 1878 2344 τὴν

278 2352 367 2414 εἰς
404 2351 497 2403 τὸν
532 2352 733 2421 κόσμον
768 2354 990 2425 ἀγάπην
1020 2356 1115 2409 τοῦ
1165 2357 1298 2411 Θεοῦ
1340 2361 1433 2413 καὶ
1454 2362 1686 2433 Πατρὸς,
1718 2366 1882 2437 ὑπερ-

281 2441 510 2511 μεγέθη
542 2459 601 2494 τε
650 2443 745 2497 καὶ
776 2445 1034 2515 ὑπερφυᾶ
1070 2451 1398 2521 γεγενῆσθαι
1452 2453 1717 2524 λέγοντος,
1753 2457 1882 2511 ἀνθ-

277 2532 418 2585 ότου
455 2535 992 2607 κατασμικρύνουσιν
1029 2539 1417 2611 οἰδιεναντίας,
1451 2546 1509 2597 οὐ
1538 2546 1631 2600 τὸν
1663 2547 1879 2619 ἀληθῶς

280 2625 425 2678 Υίόν
454 2627 593 2699 ὑπὲρ
614 2629 772 2709 μῶν
804 2630 1048 2686 δεδόσθαι
1074 2634 1344 2704 λέγοντες,
1373 2638 1487 2692 ἀλλ’
1517 2641 1610 2694 ἕνα
1625 2642 1733 2696 τῶν
1756 2643 1877 2697 καθ’

281 2719 468 2789 ἡμᾶς,
499 2722 810 2792 εἰσποίητον
841 2723 1033 2793 ἔχοντα
1060 2727 1157 2796 τὴν
1188 2728 1289 2799 τῆς
1320 2730 1568 2803 υἰότητος
1592 2734 1771 2805 χάριν,
1798 2738 1878 2802 εἰς

279 2807 381 2860 τὸν
415 2806 507 2860 τοῦ
537 2810 676 2863 κατὰ
701 2812 861 2879 φύσιν
887 2814 1018 2869 Υίοῦ
1050 2817 1213 2870 τόπον
1252 2820 1693 2890 ἀναϐιϐάζοντες,
1724 2826 1878 2891 ὄντος

283 2899 347 2952 δὲ
378 2900 717 2968 Μονογενοῦς
741 2903 836 2956 τοῦ
866 2905 1106 2973 δοθέντος
1137 2911 1277 2984 ὑπὲρ
1304 2915 1336 2983 ἡ
1346 2913 1463 2984 μῶν
1482 2931 1496 2979 ;
1517 2910 1651 2971 Εἶτα
1673 2935 1878 2999 γεγρα-

285 2992 460 3101 φρτος
498 2992 747 3101 Ίιιίἀννου
778 2997 964 3095 στι-’φῶς
986 3016 1000 3029 ο
1048 3020 1067 3052 ‹
1123 3002 1181 3054 '0
1213 3006 1507 3077 μονογενὴς
1537 3008 1688 3075 Θεὸς,
1739 3014 1767 3065 6
1799 2992 1875 3066 ὧν
1902 3043 1945 3101 C

285 3084 374 3145 είς
405 3083 494 3134 τὸν
527 3082 726 3138 κόλπον
768 3085 863 3138 τοῦ
908 3089 1121 3159 Πατρός
1142 3109 1155 3122 ·
1193 3112 1211 3143 ι
1246 3093 1364 3159 πῶς
1388 3097 1488 3152 οὐκ
1514 3097 1579 3152 ἂν
1608 3101 1875 3170 ἀγάσαιτό

285 3190 380 3263 τις
413 3173 512 3242 τῆς
542 3173 783 3245 ἀμαθίας
810 3176 1028 3244 αὐτοὺς,
1057 3182 1392 3252 ἐξωθοῦντας
1425 3191 1523 3259 μὲν
1545 3193 1645 3263 τῆς
1674 3196 1875 3251 οἰκονο-

291 3262 427 3333 μίας
446 3262 535 3316 τὸν
559 3268 824 3337 μονογενῆ
852 3267 983 3322 Θεὸν
1004 3272 1198 3340 Λόγον,
1226 3262 1674 3350 ἁντεισφέροντας
1695 3286 1771 3352 δὲ,
1799 3288 1875 3352 ὡς

284 3354 448 3427 ἔφην,
484 3361 604 3421 ταῖς
654 3358 886 3431 θύραθεν
930 3362 1109 3427 δόξαις
1139 3364 1539 3437 ἐξωραῖσθέντα
1587 3374 1727 3439 τινὰ,
1780 3380 1874 3431 καὶ

284 3448 529 3502 ἐπακτὸν
562 3450 753 3521 ἔχοντα
782 3453 844 3507 τὸ
867 3454 965 3525 τῆς
1006 3456 1259 3529 θεότητος
1304 3461 1476 3531 ὄνομα
1500 3480 1514 3528 ;
1541 3460 1672 3519 Εἶτα
1716 3468 1769 3520 τί
1814 3470 1874 3522 τὸ

289 3539 440 3646 pira
466 3541 561 3646 κμὶ
604 3542 933 3646 ἀξιὰγαστον
964 3547 1021 3599 ὲν
1065 3550 1129 3619 τῇ
1179 3548 1272 3604 τοῦ
1304 3550 1519 3623 Πατρὸς
1547 3557 1736 3630 ἀγάπῃ
1769 3575 1874 3625 φα-

286 3631 463 3685 νεῖται
499 3631 701 3701 λοιπὸν,
737 3638 786 3689 εί
820 3637 985 3710 μέρος
1014 3638 1065 3691 τί
1098 3640 1326 3712 κόσμου,
1355 3644 1447 3696 καὶ
1479 3645 1639 3699 τοῦτο
1674 3648 1869 3720 βραχὺ,

287 3720 519 3777 δέδωκεν
540 3725 678 3796 ὑπὲρ
704 3728 902 3797 αὐτοῦ;
945 3732 1016 3785 Ἢ
1044 3732 1186 3803 τάχα
1220 3751 1320 3788 που
1349 3736 1440 3789 καὶ
1468 3738 1872 3810 ἀνεπίπληκτον

288 3814 487 3903 είπείν,
511 3816 587 3880 ὡς
611 3818 943 3890 λελύτρωται
973 3824 1178 3895 κόσμος
1202 3827 1352 3880 οὐδὲν
1372 3822 1690 3902 ἔχω’)’παρὰ
1714 3832 1870 3903 Θεοῦ,

289 3902 427 3958 ἀλλὰ
459 3908 572 3969 τοῖς
617 3907 782 3962 αὐτοῦ
822 3911 1013 3982 μέρεσι
1044 3914 1182 3985 πρὸς
1211 3916 1368 3971 τοῦτο
1407 3919 1868 3993 ὑπηρετούμενος.

360 4175 421 4229 Β,
462 4176 716 4230 Δεδόσθαι
748 4180 881 4246 φασὶ
910 4179 1000 4234 τὸν
1030 4183 1315 4255 Μονογενῆ
1348 4186 1499 4258 παρὰ
1519 4187 1612 4241 τοῦ
1636 4191 1868 4262 Πατρὸς,

289 4261 357 4314 ἶν’
386 4265 719 4338 οίκονομήσῃ
764 4266 834 4320 τὰ
883 4269 1003 4322 καθ’
1035 4272 1200 4341 ἡμᾶς,
1233 4276 1332 4344 οὐχ
1375 4276 1461 4330 ἵνα
1492 4295 1543 4330 τι
1581 4279 1727 4351 πάθῃ
1756 4261 1870 4337 τῶν

289 4353 643 4426 ἀνθρωπίνων
677 4359 842 4423 αὐτὸς
886 4363 966 4424 είς

356 4533 421 4584 Δ.
464 4533 632 4588 Πάθοι
667 4537 766 4604 μὲν
801 4538 867 4591 ἂν
896 4541 1058 4604 αὐτὸς
1087 4545 1165 4607 εἰς
1196 4545 1333 4599 ἰδίαν
1363 4548 1524 4614 φύσιν
1554 4548 1616 4602 16
1645 4551 1869 4622 σύμπαν

287 4623 455 4677 οὐδέν.
506 4625 819 4697 ’Δσώματος
863 4630 971 4702 γὰρ
1020 4634 1283 4706 ὑπάρχων
1315 4637 1390 4700 ὼς
1438 4638 1590 4704 Θεὸς,
1629 4640 1734 4708 ἔξω
1763 4660 1868 4699 που

286 4716 504 4779 πάντως
531 4717 774 4772 κείσεται
800 4720 895 4773 τοῦ
923 4721 1116 4778 παθεῖν
1135 4739 1151 4756 ’
1176 4728 1301 4780 ἐπεὶ
1326 4729 1383 4782 δὲ
1410 4730 1547 4784 κατά
1580 4734 1679 4804 τὴν
1700 4736 1865 4790 αὑτοῦ

285 4807 492 4901 φωνὴν,
514 4809 621 4901 τὴν
647 4810 736 4863 διά
764 4828 849 4879 γε,
894 4816 1057 4885 φημὶ,
1087 4818 1188 4888 τῆς
1214 4819 1308 4873 τοῦ
1342 4821 1648 4890 Ψάλλοντος
1672 4827 1860 4901 λύρας,

286 4899 447 4969 σῶμα
463 4900 612 4971 αὑτῷ
631 4903 986 4973 κατήρτισται
1017 4910 1167 4977 παρὰ
1198 4910 1289 4962 τοῦ
1320 4912 1551 4984 Πατρὸς,
1584 4899 1862 4990 παρῆλθεν

284 4990 619 5061 ἑνσὼματος,
655 4993 749 5047 τοῦ
785 4996 1010 5065 ποιῆσαι
1044 5000 1103 5052 16
1136 4999 1346 5072 θέλημα
1375 5006 1560 5063 αὐτοῦ.
1599 5010 1768 5065 Τοῦτο
1802 5013 1861 5067 δὲ

282 5077 351 5152 ἦν
386 5084 418 5153 ἡ
451 5083 539 5137 διὰ
575 5085 672 5138 τοῦ
709 5087 890 5159 τιμίου
941 5091 1176 5163 σταυροῦ
1223 5094 1490 5168 λύτρωσις
1527 5102 1622 5155 καὶ
1660 5104 1859 5158 ἀνακε-

281 5175 583 5243 φαλαίωσις
614 5177 723 5231 τῶν
764 5179 921 5246 ὅλων,
958 5181 1023 5234 δι’
1052 5184 1215 5238 αὑτοῦ
1245 5203 1305 5238 τε
1348 5190 1441 5242 καὶ
1470 5193 1549 5255 είς
1595 5194 1756 5249 αὐτὸν
1795 5192 1854 5251 εὖ

285 5268 427 5336 μάλα
468 5270 897 5342 κατορθουμένη.
944 5275 1281 5347 Συλλήψεται
1310 5280 1367 5334 δὲ
1395 5279 1477 5349 οἷς
1518 5285 1654 5358 ἔφην
1707 5291 1797 5343 καὶ
1831 5294 1859 5346 6

282 5361 612 5430 πανάριστος
633 5365 862 5429 Παῦλος.
886 5366 983 5419 ὡδὶ
1000 5371 1311 5439 γεγραφώς·
1356 5395 1375 5427 ι
1409 5377 1578 5433 Τοῦτο
1611 5386 1855 5451 φρονεῖτε

282 5453 505 5516 ἕκαστος
540 5458 594 5507 ἐν
629 5456 756 5526 ὑμῖν
785 5458 988 5525 αὑτοῖς,
1018 5460 1045 5513 ὃ
1075 5464 1166 5516 καὶ
1210 5466 1267 5515 ἐν
1301 5458 1517 5543 Χριστῷ
1561 5472 1758 5542 ’ἰτσοῦ,
1800 5477 1856 5541 ὃς

1831 5514 1854 5541 Ὃ

350 5633 394 5663 ⁸ο
431 5631 586 5689 Joan.
626 5649 708 5702 ut,
749 5634 832 5693 16.
892 5638 951 5724 ’ξ’
994 5637 1145 5697 Joan.
1191 5656 1228 5708 ι,
1268 5644 1347 5697 l8.

1981 1824 2068 1870 cte
2081 1816 2129 1869 ei
2154 1816 2589 1885 coniungeretur,
2609 1817 2799 1870 mortis
2817 1816 3097 1885 imperium
3119 1814 3445 1879 dissolverit,
3464 1816 3557 1869 sed

1982 1909 2155 1977 ipsum
2188 1908 2365 1976 potius
2388 1906 2622 1961 Verbum
2652 1907 2741 1960 Dei
2776 1922 2870 1974 per
2900 1922 2980 1971 se,
3019 1906 3287 1975 probabit,
3322 1907 3511 1962 dicens
3540 1926 3555 1962 :

1946 2016 1963 2031 ί
1988 2020 2004 2053 ι
2042 2002 2118 2056 lta
2148 2003 2292 2055 enim
2343 2001 2532 2055 dilexit
2577 2000 2714 2055 Deus
2753 2001 3032 2066 mundum,
3069 2009 3127 2055 ut
3169 1999 3362 2055 Filiqu
3402 2015 3557 2055 suum

1983 2094 2316 2165 unigenitum
2354 2095 2594 2157 dederit,
2632 2105 2691 2147 ut
2728 2095 2905 2148 omnis
2954 2093 3044 2163 qui
3076 2093 3248 2148 credi:
3279 2093 3349 2148 'in
3383 2094 3559 2163 ipsum

1981 2203 2085 2242 non
2127 2197 2330 2258 pereat,
2368 2189 2460 2242 sed
2503 2187 2697 2242 habeat
2747 2187 2912 2240 vitam
2952 2186 3299 2240 aeternam”.
3340 2204 3361 2240 ι
3420 2186 3558 2241 Cum

1981 2293 2111 2335 vero
2144 2280 2238 2333 Dei
2284 2293 2349 2333 ac
2393 2278 2573 2333 Patris
2617 2276 2963 2333 dilectionem
3006 2291 3134 2346 erga
3184 2276 3439 2331 mundum
3481 2275 3559 2330 ita

1979 2371 2233 2437 extollat,
2286 2380 2340 2427 et
2388 2371 2703 2426 immensam
2751 2380 2911 2439 atque
2965 2368 3344 2423 inexhaustam
3392 2367 3559 2421 fuisse

1981 2464 2146 2530 dicat,
2179 2478 2277 2519 cur
2305 2463 2547 2518 haeretici
2584 2462 2725 2516 hanc
2755 2460 2971 2516 elevant
2996 2471 3159 2529 atque
3207 2460 3555 2523 imminuunt,

1980 2557 2221 2612 dicentes
2258 2571 2363 2609 non
2409 2569 2598 2609 verum
2632 2553 2800 2607 tilium
2841 2568 2941 2623 pro
2977 2554 3132 2607 nobis
3165 2552 3348 2606 datum
3398 2565 3553 2616 esse,

1980 2648 2074 2703 sed
2116 2649 2403 2718 quemdam
2459 2662 2528 2700 ex
2564 2645 2716 2701 nobis
2755 2659 2850 2716 per
2891 2644 3118 2715 gratiam
3151 2645 3203 2699 iu
3250 2644 3417 2699 lilium
3460 2643 3558 2698 ad-

1979 2748 2246 2810 optatum,
2267 2754 2500 2809 eumque
2527 2740 2579 2793 in
2600 2737 2860 2792 naturalis
2893 2736 2985 2790 tilii
3010 2736 3184 2792 locum
3211 2735 3516 2792 attollentes
3538 2774 3552 2800 ,

1979 2848 2099 2888 cum
2135 2831 2548 2902 sitUnigenitus
2578 2831 2669 2902 qui
2713 2845 2809 2900 pro
2843 2830 2998 2885 nobis
3045 2828 3206 2884 datus
3251 2829 3381 2884 est?
3413 2828 3560 2884 Prte-

1980 2934 2125 2980 terea
2177 2940 2298 2979 cum
2350 2922 2587 2979 Joannes
2631 2928 2818 2992 aperte
2863 2923 3103 2977 scribat:
3164 2940 3183 2972 ‹
3240 2920 3558 2991 Unigcnitus
3590 2968 3605 2985 ,

1979 3014 2120 3071 Deus
2146 3019 2237 3086 qui
2264 3024 2345 3070 est
2386 3015 2437 3069 in
2468 3015 2588 3069 sinu
2627 3012 2802 3066 Patris
2832 3012 2874 3044 ³⁸
2906 3030 2919 3065 :
2962 3031 2979 3064 ι
3017 3012 3288 3080 quomodo
3327 3026 3431 3065 non
3470 3011 3558 3066 ad-

1980 3109 2207 3164 miretur
2240 3107 2509 3178 quispiam
2544 3105 2761 3159 illorum
2798 3103 3149 3172 imperitiam,
3176 3104 3267 3172 qui
3296 3105 3363 3158 ab
3385 3104 3557 3158 admi-

1979 3200 2302 3256 nistratione
2334 3201 2387 3255 iu
2417 3215 2584 3255 carne
2616 3198 2964 3268 Uuigenitum
2993 3196 3088 3253 Dei
3119 3195 3354 3253 Verbum
3379 3198 3558 3253 exclu-

1977 3295 2127 3356 dant,
2164 3292 2329 3365 769
2349 3308 2414 3347 ac
2449 3292 2625 3363 patius
2663 3291 2830 3345 alium
2874 3290 3184 3359 quemdam,
3216 3299 3274 3344 ut
3311 3291 3445 3356 dixi,
3478 3292 3557 3344 itt-

1979 3387 2283 3452 troducant,
2314 3386 2621 3441 extrinseca
2656 3395 2819 3454 atque
2849 3383 3083 3439 ascititia
3122 3382 3289 3452 gloria
3317 3381 3556 3451 splendi-

1977 3474 2144 3538 dum,
2194 3476 2602 3544 adventitioque
2658 3473 2887 3530 Deitatis
2952 3473 3170 3528 nomine
3220 3474 3557 3541 prmditum?

1977 3559 2179 3613 Deinde
2209 3562 2465 3628 quidnam
2497 3562 2757 3616 eximium
2788 3569 2881 3613 aut
2915 3576 3242 3632 magnopere
3281 3562 3555 3616 admiran-

1977 3652 2101 3705 dum
2136 3651 2190 3703 in
2223 3650 2512 3705 dilectione
2549 3651 2728 3706 Patris
2759 3664 2883 3704 esse
2916 3661 3239 3717 censeatur,
3267 3654 3311 3706 si
3344 3663 3552 3722 partem

1977 3743 2261 3811 quamdam
2292 3742 2496 3808 nmndi,
2534 3748 2696 3809 atque
2731 3740 2877 3796 illam
2902 3742 3118 3811 quidem
3150 3744 3419 3811 exiguam,
3457 3761 3554 3814 pro

1974 3834 2092 3903 ipso
2149 3832 2332 3887 dedit?
2363 3832 2667 3899 Quinetiam
2708 3835 2810 3887 hoc
2846 3832 3080 3889 fortasse
3124 3846 3267 3890 recte
3314 3837 3417 3892 dici
3460 3854 3553 3907 po-

1978 3925 2125 3992 terit,
2170 3926 2505 3992 redemptum
2550 3939 2674 3980 esse
2713 3924 2974 3979 mundum
3018 3926 3150 3980 nihil
3197 3927 3487 3985 habentem
3521 3945 3551 3985 a

1975 4018 2122 4084 Deo,
2182 4017 2277 4074 sed
2340 4032 2466 4073 suas
2531 4018 2699 4088 ipsius
2752 4029 2937 4089 partes
2986 4020 3345 4090 reden'uptioni
3408 4024 3551 4078 inse-

1977 4112 2166 4167 ruisse.

2043 4200 2103 4257 Β.
2140 4202 2306 4257 Aiunt
2338 4204 2554 4273 quidem
2581 4202 2765 4257 datum
2791 4218 2914 4260 esse
2943 4220 2971 4259 a
2998 4205 3160 4260 Patre
3206 4204 3549 4277 Uuigenitum

1975 4306 2034 4351 ut
2072 4311 2159 4350 res
2192 4305 2407 4351 nostras
2436 4296 2798 4362 adtninistret,
2836 4312 2939 4352 non
2977 4308 3156 4352 autem
3206 4298 3261 4352 in
3309 4314 3404 4353 sua
3457 4316 3551 4353 na~

999 4363 1134 4416 ἰδίαν
1172 4364 1334 4434 φύσιν
1358 4383 1372 4398 ’
1402 4368 1683 4449 ἀμήχανον
1734 4374 1864 4444 γάρ.

1976 4396 2092 4442 tura
2124 4389 2416 4443 humanum
2446 4388 2648 4458 aliquid
2681 4389 2949 4460 patiatur;
2980 4405 3101 4444 nam
3146 4390 3248 4447 hoc
3283 4390 3399 4447 ﬁeri
3443 4408 3548 4447 non

1972 4489 2173 4551 potest.

2041 4571 2105 4624 A.
2149 4570 2267 4641 Ipse
2303 4582 2451 4629 certe
2481 4573 2536 4627 in
2562 4588 2656 4628 sua
2690 4582 2881 4628 natura
2909 4573 3039 4628 nihil
3066 4576 3284 4630 onmino
3316 4578 3542 4646 patitur.

1965 4664 2102 4719 Cum
2134 4667 2277 4720 enim
2310 4667 2379 4721 sit
2421 4667 2794 4735 incorporeus,
2825 4677 2883 4721 ut
2926 4666 3096 4733 Deus,
3131 4670 3399 4737 passionis
3430 4688 3548 4725 om-

1964 4757 2052 4811 nis
2078 4772 2270 4826 expers
2299 4766 2401 4812 est.
2426 4759 2559 4813 Cum
2594 4774 2723 4814 vero
2760 4759 2911 4827 juxta
2940 4760 3107 4830 ipsius
3148 4777 3355 4829 vocem,
3388 4764 3542 4834 juxta

1969 4847 2209 4913 Davidis,
2248 4850 2493 4919 inquam,
2529 4850 2726 4920 lyram,
2760 4867 2955 4922 corpus
2984 4854 3032 4908 ei
3064 4870 3093 4907 a
3125 4853 3287 4910 Patre
3320 4869 3540 4928 coapta-

1966 4950 2077 4994 tum
2112 4949 2214 5005 est,
2240 4956 2529 5009 corporeus
2554 4943 2773 4999 advenit
2802 4954 2859 4999 ut
2882 4958 3274 5016 exsequeretur
3298 4950 3541 5007 volunta-

1969 5040 2077 5085 tem
2108 5030 2302 5085 Patris.
2334 5030 2457 5087 Haec
2483 5048 2645 5103 porro
2671 5044 2789 5090 erat
2818 5036 3117 5107 redemptio
3147 5055 3243 5109 per
3270 5057 3537 5099 veneran-

1966 5122 2087 5178 dam
2121 5138 2184 5178 ac
2227 5125 2518 5195 pretiosam
2566 5141 2804 5195 crucem,
2848 5138 3011 5201 atque
3055 5131 3380 5191 instauratio
3419 5139 3538 5192 uui-

1966 5228 2243 5270 versorum
2289 5231 2383 5286 per
2440 5217 2614 5285 ipsum
2661 5228 2716 5274 et
2767 5220 2819 5274 in
2870 5221 2984 5291 ipso
3039 5225 3243 5293 Optime
3295 5241 3534 5297 peracta.

1964 5303 2241 5358 Consentit
2274 5321 2399 5360 vero
2429 5308 2496 5361 iis
2524 5324 2642 5379 qua:
2682 5311 2818 5366 dixit
2847 5314 3009 5367 etiam
3042 5315 3277 5384 optimus
3311 5316 3533 5385 Paulus,

1965 5388 2037 5442 ita
2071 5391 2315 5447 scribens
2351 5411 2363 5447 :
2396 5411 2413 5444 ι
2450 5394 2559 5449 lluc
2582 5398 2723 5451 enim
2772 5402 2968 5457 sentite
3009 5404 3060 5456 iu
3109 5405 3279 5469 vobis,
3313 5411 3452 5477 quod
3484 5419 3536 5462 et

1963 5480 2016 5535 in
2045 5481 2262 5540 Christo
2297 5482 2446 5553 Jesu,
2474 5490 2563 5558 qui
2591 5507 2711 5546 cum
2755 5493 2807 5547 in
2844 5494 3015 5552 forma
3066 5495 3156 5552 Dei
3210 5508 3371 5554 esset.
3420 5514 3527 5553 non
