3946 6202
237 239 370 300 1549

1351 231 1551 301 τρυοι)
1595 229 1779 287 usus
1820 219 1927 286 slr
1967 228 2334 289 cumsrus.

3374 245 3514 303 ιδιιο

239 363 293 415 ὲν
330 353 654 412 ταπεινώσει
700 351 760 405 τὸ
798 351 1021 423 (minim,
1068 353 1160 405 καὶ
1203 350 1263 405 ἐδ
1313 353 1472 421 φύσει
1524 351 1726 422 προσὸν
1754 346 1827 411 ὡς

1961 367 2079 418 lem,
2110 361 2165 407 et
2194 352 2243 406 id
2283 350 2428 422 quod
2471 364 2665 408 natura
2700 353 2799 425 ipsi
2845 356 2988 412 inest
3033 356 3189 426 quasi
3234 373 3514 430 acceptum

238 452 379 507 δοτὸν
409 448 493 504 διὰ
535 447 596 500 τὸ
626 444 971 515 ἀνθρώπινον
1001 444 1427 515 προσκυνεῖσθαι
1467 444 1606 513 πρὸς
1651 437 1823 494 ἁπάνο

238 563 358 598 των.
401 541 662 609 Κάμπτει
710 534 820 606 γὰρ
859 534 1009 604 αὑτῷ
1047 538 1155 588 πᾶν
1203 535 1333 604 γόνυ
1379 534 1489 588 τῶν
1534 550 1593 586 τε
1640 533 1697 586 ὲν
1733 528 1821 582 οὑ-

238 638 435 707 ρανοίς,
469 630 563 684 καὶ
603 628 694 681 ἐπὶ
730 628 855 697 γῆς,
890 628 985 679 καὶ
1034 628 1142 679 πᾶν
1175 627 1365 696 τάγμα
1391 625 1683 693 δοξολογεῖ.
1710 625 1826 678 Κύ-

240 743 348 795 ριος
378 724 487 792 γὰρ
518 718 657 774 εἷναι
690 718 1012 772 πιστεύεται
1052 719 1289 790 Χριστὸς
1330 717 1539 788 Ἰησοῦς
1568 718 1647 781 εἰς
1669 717 1827 782 δόξαν

238 818 366 872 Θεοῦ
396 814 633 886 Πατρὰς.
678 814 790 867 Καὶ
816 812 947 881 γοῦν
994 812 1098 882 ἔφη
1129 813 1266 884 πρὸς
1290 812 1379 865 τὸν
1405 813 1463 865 ὲν
1502 815 1615 875 τοῖς
1659 812 1828 882 οὐρα-

239 915 342 977 νοῖς
374 910 598 980 Πατέρα
627 907 721 961 καὶ
759 905 912 962 Θεόν’
953 926 971 958 ι
1008 906 1212 975 Πάτερ,
1261 904 1485 968 δόξασόν
1515 921 1581 974 με
1607 907 1673 974 τῇ
1698 902 1827 975 δόξῃ

241 1000 272 1079 ᾗ
300 1001 468 1077 εἶχον,
499 1002 607 1072 πρὸ
630 1000 724 1053 τοῦ
758 1000 851 1053 τὸν
877 999 1082 1070 κόσμον
1116 994 1275 1064 εἶναι,
1310 997 1463 1069 παρὰ
1497 999 1599 1050 σοι.
1639 1016 1656 1047 ι
1700 992 1827 1068 'Ap’

154 1121 159 1129 ·
241 1096 351 1163 οὖν,
396 1096 515 1151 εἰπέ
550 1112 663 1166 μοι,
697 1092 1034 1163 προκόσμιος
1066 1086 1133 1161 ἦν
1178 1093 1206 1143 6
1237 1088 1545 1160 ἅνθρωπος,
1580 1088 1639 1140 ὃν
1683 1088 1832 1140 ἀνει-

243 1190 443 1261 λῆφθαί
482 1204 619 1258 φασι
649 1183 799 1253 παρὰ
842 1181 937 1235 τοῦ
970 1179 1307 1249 Μονογενοῦς
1342 1180 1486 1233 κατὰ
1533 1179 1828 1249 συνάφειαν

246 1285 498 1356 σχετικὴν
519 1299 535 1343 ;

314 1378 374 1430 Β.
413 1374 699 1444 Οὐδαμῶς.

309 1471 374 1524 Δ.
417 1468 515 1533 Τίς
543 1463 635 1522 οὖν
679 1468 790 1538 ἄρα
820 1467 969 1520 ἐστιν
1016 1467 1044 1519 6
1090 1463 1246 1528 δόξαν
1276 1462 1464 1523 αἰτῶν,
1495 1460 1564 1533 ἢν
1592 1462 1685 1515 καὶ
1724 1461 1831 1533 πρὸ

243 1562 410 1631 αὐτῆς
450 1561 549 1630 τῆς
575 1558 671 1613 τοῦ
699 1559 909 1629 κόσμου
953 1556 1261 1626 καταϐολῆς
1293 1553 1621 1625 ἐνυπάρχειν
1651 1553 1832 1624 ἐαυτῷ

244 1668 429 1725 φησιν,
463 1651 551 1704 ἀεὶ
598 1650 693 1702 καὶ
743 1649 830 1702 διὰ
877 1647 1080 1710 παντὸς
1110 1646 1226 1699 ὄντι
1266 1644 1419 1716 παρὰ
1447 1643 1602 1715 Θεῷ;
1649 1644 1763 1714 Οὐχ
1806 1646 1834 1698 6

245 1743 512 1805 ωναῖδιος
555 1740 634 1812 τῷ
696 1740 875 1811 Πατρὶ
918 1739 1051 1804 Θεὸς
1096 1739 1309 1807 Λόγος,
1359 1740 1387 1790 6
1434 1736 1724 1808 σύνθρονός
1770 1754 1828 1790 τε

245 1838 339 1892 καὶ
382 1832 807 1905 συνυφεστηκὼς
852 1832 1024 1905 αὐτῷ,
1057 1833 1185 1903 περὶ
1211 1826 1280 1888 ,οὗ
1307 1848 1472 1902 φησιν
1499 1833 1527 1884 6
1558 1830 1832 1900 πάνσοφος

246 1928 636 2000 εύαγγελιστὴς
670 1927 941 1999 Ἰωάννηςο
972 1946 990 1980 ι
1012 1927 1073 1980 '0
1096 1925 1266 1993 Λόγος
1294 1920 1363 1995 ἦν
1400 1922 1536 1994 πρὸς
1565 1922 1654 1977 τὸν
1675 1921 1831 1988 Θεὸν,

248 2022 338 2074 καὶ
366 2020 498 2083 Θεὸς
523 2016 590 2092 ἦν
615 2023 643 2074 ὁ
676 2021 884 2088 Λόγος;
921 2038 940 2071 ι

316 2114 376 2166 Β.
417 2112 540 2175 Πῶς
572 2113 680 2183 γὰρ
709 2111 802 2176 ob;

317 2205 384 2257 A.
417 2204 628 2274 ’Ὠσπερ
657 2199 750 2256 οὖν
777 2202 879 2272 τῆς
921 2201 1081 2272 δόξης
1114 2200 1321 2273 Κύριος
1352 2198 1449 2265 ὢν,
1483 2194 1600 2252 εἶτα
1646 2197 1835 2262 καθεὶς

253 2296 444 2348 ἑαυτὸν
472 2295 559 2348 διὰ
596 2294 763 2364 μέσου
799 2295 933 2365 πρὸς
956 2294 1018 2347 τὸ
1050 2293 1307 2356 δυσκλεὲς
1346 2294 1444 2363 τῆς
1475 2291 1663 2344 δούλου
1704 2307 1838 2361 μορ-

254 2389 383 2458 φῆς.
426 2388 525 2457 τῆς
579 2386 805 2458 ἐνούσης
845 2387 934 2439 ἀεὶ
960 2374 1135 2455 ’δόξης
1191 2385 1370 2455 ἐαυτῷ
1415 2386 1514 2455 τὴν
1570 2382 1837 2453 ἀνάληψιν

252 2483 408 2543 αἰτεῖ,
430 2480 524 2534 καὶ
550 2477 712 2532 τοῦτο
735 2477 876 2550 δρῶν
893 2477 1400 2551 ἀνθρωποπρεπῶς·
1431 2476 1575 2529 οὕτω
1596 2476 1689 2528 καὶ
1706 2476 1838 2539 Θεὸς

255 2572 513 2643 ὑπάρχων
543 2571 650 2634 ἀεὶ,
686 2570 824 2641 πρὸς
852 2570 951 2640 τὴν
977 2571 1076 2639 τῆς
1109 2569 1245 2631 ιδίας
1283 2569 1536 2639 θεότητος
1562 2568 1839 2641 ὑπεροχήν

255 2678 313 2714 τε
344 2664 438 2713 καὶ
469 2660 624 2724 δόξαν
673 2662 737 2711 ὲκ
784 2658 893 2712 τῶν
927 2657 1051 2711 καθ’
1097 2660 1244 2729 ἡμᾶς
1287 2658 1501 2729 μέτρων
1553 2658 1836 2728 ἀναφοιτᾷ,

260 2753 413 2815 ῖν“ὡς
435 2753 514 2805 ἐνί
541 2752 725 2804 λοιπον
747 2751 861 2823 Υἱῴ
888 2750 966 2821 τῷ
993 2750 1135 2803 κατὰ
1159 2750 1319 2820 φύσιν
1334 2752 1425 2804 καὶ
1446 2750 1704 2821 ἀληθινῷ,
1722 2750 1843 2805 καί·

257 2862 340 2897 τοι
376 2844 497 2898 καθ’
534 2845 681 2915 ἡμᾶς
714 2843 960 2912 γεγονότι
1004 2843 1099 2896 καὶ
1149 2842 1577 2914 σεσαρκωμένῳ,
1613 2843 1845 2914 κάμπτῃ

259 2941 370 2993 πᾶν
399 2938 548 3006 γόνυ,
585 2937 839 3008 καθάπερ
877 2936 1013 3008 ἔφην
1057 2936 1279 3007 ἀρτίως.
1315 2936 1485 2989 Ταυτὶ
1514 2936 1644 3007 γὰρ,
1665 2932 1841 3006 οἶμαι,

260 3030 585 3102 φρονοῦντες
614 3028 717 3081 ὼδέ
740 3044 797 3081 τε
825 3027 1195 3090 πιστεύοντες,
1238 3026 1600 3099 ἐγκλημάτων
1632 3027 1728 3080 ἀνθ
1739 3045 1846 3099 ρω-

259 3122 580 3192 πολατρέας,
616 3120 844 3192 οὐρανόν
870 3137 928 3171 τε
953 3121 1044 3173 καὶ
1069 3120 1173 3190 γῆν
1198 3119 1607 3191 ἀπαλλάξομεν.
1642 3120 1853 3191 Γέγρα-

260 3230 392 3267 πται
424 3213 552 3283 γὰρ,
588 3214 669 3266 ὅτι
711 3230 730 3263 ι
767 3210 972 3282 Κύριον
1004 3212 1093 3264 τὸν
1124 3211 1255 3263 Θεό-ι
1306 3229 1397 3265 σου
1429 3213 1850 3283 προσκυνήσεις,

260 3306 357 3360 καὶ
393 3304 540 3375 αὑτῴ
574 3304 721 3375 μόνῳ
746 3303 1089 3367 λατρεύσεις.
1135 3322 1153 3353 ι

342 3482 401 3535 Β.
433 3481 708 3535 Πλείστων
754 3480 822 3535 ἂν
856 3481 1028 3533 δέοιτο
1074 3480 1181 3533 τῶν
1222 3482 1682 3553 ὲπικουρημάτων
1712 3485 1739 3536 6
1764 3485 1857 3538 ἐπὶ

261 3576 399 3647 τῷδε
431 3575 612 3643 λόγος.
658 3575 762 3628 Ἴθι
805 3574 870 3645 δὴ
894 3572 987 3628 οὖν
1015 3575 1108 3627 καὶ
1136 3574 1203 3625 δι’
1248 3574 1450 3645 ἑτέρων
1480 3576 1612 3646 ἡμῖν
1637 3576 1857 3631 ἐννοιῶν

261 3668 515 3738 διασάφει
541 3670 601 3721 τὸ
629 3670 953 3739 μυστήριον.

336 3761 399 3812 Α.
437 3758 647 3813 Οὐκοῦν
677 3754 794 3829 εἶμι
837 3775 940 3823 τοι,
978 3759 1074 3811 καὶ
1115 3757 1261 3827 μάλα
1315 3756 1615 3830 προθύμως
1640 3774 1652 3789 ⁸
1691 3757 1858 3829 φαίην

265 3852 310 3906 δ’
337 3852 423 3916 ἂν,
447 3854 529 3905 ὅτι
557 3852 916 3923 ἡμαρτήκασι
942 3850 1232 3923 τάληθοῦς,
1263 3850 1338 3915 ὡς
1368 3851 1554 3922 ἕτερον
1588 3853 1719 3922 ἡμῖν
1741 3850 1857 3903 υἱὸν

266 3944 360 3998 τὸν
396 3945 460 3996 ὲκ
498 3945 814 4016 σπέρματος
844 3943 940 3998 τοῦ
965 3944 1132 3997 Δαὸὶδ
1158 3941 1639 4015 παραζευγνύντες
1664 3942 1743 4014 τῷ
1765 3942 1859 4011 φύ-

269 4053 356 4090 σει
390 4038 484 4090 καὶ
515 4037 751 4108 ἀληθῶς,
804 4037 964 4108 δῆλον
993 4037 1049 4090 δὲ
1096 4038 1177 4090 ὅτι
1224 4035 1301 4107 τῷ
1332 4037 1650 4105 Μονογενεῖ,
1682 4035 1858 4089 καίτοι

268 4129 506 4202 βοῶντος
541 4130 726 4199 caedi;
770 4130 915 4202 ἱεροῦ
960 4130 1311 4201 Γράμματοςο
1351 4148 1369 4181 ι
1418 4129 1476 4181 ’0
1523 4128 1737 4198 πρῶτος
1768 4126 1858 4181 ἄν·

267 4224 491 4295 θρωπος
512 4225 576 4275 ἐκ
604 4226 706 4293 γῆς
723 4223 927 4295 χοῖκὸς,
951 4224 983 4274 6
1021 4221 1272 4292 δεύτερος
1304 4220 1364 4286 ἐξ
1411 4219 1642 4292 οὐρανοῦ
1664 4235 1676 4248 ’
1709 4239 1727 4272 ι
1764 4222 1859 4274 καὶ

273 4316 382 4385 μὴν
410 4316 506 4368 καὶ
528 4314 693 4368 αὑτοῦ
723 4315 818 4367 τοῦ
854 4313 1008 4379 Υἱοῦ,
1037 4315 1117 4367 ὅτι
1138 4331 1156 4363 ι
1173 4313 1551 4383 Καταὸἐόηκα
1576 4314 1641 4367 ὲκ
1657 4312 1752 4366 τοῦ
1771 4314 1860 4367 οὑ-

275 4407 462 4478 ρανοῦ,
491 4408 591 4476 οὐχ
612 4408 699 4461 ἵνα
730 4406 870 4460 ποιῶ
897 4407 958 4460 τὸ
979 4403 1190 4477 θέλημα
1206 4406 1265 4459 τὸ
1291 4406 1444 4476 ἐμὸν,
1465 4405 1601 4458 ἀλλὰ
1621 4406 1683 4458 τὸ
1701 4405 1859 4477 θέλη-

274 4498 465 4569 ματοῦ
499 4499 815 4568 πέμψαντός
848 4516 935 4568 με.
963 4499 1005 4550 Τ
1009 4497 1133 4550 οῦτο
1170 4497 1229 4550 δέ
1276 4498 1391 4550 ἐστι
1428 4495 1489 4549 τὸ
1522 4496 1734 4567 θέλημα
1763 4495 1857 4549 τοῦ

275 4588 591 4658 πέμψαντός
631 4606 718 4658 με,
750 4589 838 4641 ἵνα
864 4591 970 4642 πᾶν
999 4590 1026 4641 ὃ
1049 4588 1249 4643 δέδωκέ
1280 4606 1369 4658 μοι
1406 4587 1480 4658 μὴ
1512 4587 1764 4640 ἀπολέσω
1802 4587 1859 4652 ἐξ

276 4680 466 4746 αὐτοῦ,
497 4679 632 4734 ἀλλὰ
656 4682 943 4752 ἀναστήσω
960 4682 1099 4748 ,αὐτὸ
1123 4685 1191 4753 τῇ
1216 4682 1420 4753 ἐσχάτῃ
1445 4679 1646 4751 ἡμέρᾳ.
1682 4699 1699 4730 ι
1730 4680 1861 4731 Τίνα

277 4775 343 4848 δὴ
375 4772 469 4829 οὖν
499 4776 606 4847 ἄρα
633 4776 768 4845 φασὶ
789 4776 881 4829 τὸν
910 4776 969 4841 ἐξ
1000 4775 1228 4849 οὐρανοῦ
1267 4775 1597 4843 καθιγμένον
1621 4790 1635 4841 ;
1663 4773 1859 4842 Γεγέν-

278 4886 437 4939 νηται
466 4869 574 4940 γὰρ
607 4870 668 4922 τὸ
698 4868 857 4941 σῶμα
882 4872 946 4924 ἐκ
977 4870 1257 4940 γυναικός.

350 4962 410 5014 Β.
431 4962 535 5015 Τὸν
558 4963 624 5015 ὲκ
645 4961 780 5016 Θεοῦ
813 4964 1028 5034 Πατρὸς
1055 4963 1297 5033 δηλονότι
1319 4959 1650 5032 γεννηθέντα
1674 4959 1859 5027 Λόγον.

278 5049 449 5124 Οἶμαι
486 5055 596 5127 γὰρ
620 5057 718 5128 οὐχ
747 5056 933 5128 ἔτερόν
954 5073 1006 5109 τι
1048 5059 1266 5129 φρονεῖν
1289 5056 1502 5109 ἑλέσθαι
1533 5055 1685 5126 παρὰ
1708 5056 1864 5110 τοῦτο

278 5145 497 5208 αὐτούς.

351 5243 414 5293 Δ.
464 5242 688 5314 Ὀρθῶς,
724 5236 768 5296 ὦ
791 5245 994 5316 ἑταῖρε.
1029 5242 1279 5313 Γέγραφε
1310 5242 1367 5296 δέ
1396 5261 1497 5295 που
1543 5242 1637 5296 καὶ
1662 5244 1690 5295 6
1722 5241 1857 5295 πάν·

282 5347 443 5399 σοφός
490 5335 745 5407 Ἰωάννης
776 5355 789 5367 ·
853 5358 871 5389 ι
937 5339 996 5391 Ὀ
1042 5336 1248 5390 ἄνωθεν
1306 5336 1618 5406 ἐρχόμενος,
1679 5335 1864 5387 ἐπάνω

238 5476 243 5481 ,
290 5430 499 5477 ταντων
557 5428 722 5481 ἐστίν.
766 5447 783 5478 ι
824 5424 958 5482 Εἶτα
1007 5428 1123 5491 πῶς
1174 5428 1447 5490 ἐθέλοντος
1499 5425 1592 5479 τοῦ
1651 5425 1864 5495 Πατρὸς

354 5621 592 5697 "join.
644 5642 772 5694 xvn,
806 5628 855 5681 5.
937 5630 979 5659 ³⁵
1022 5629 1181 5685 Deut.
1225 5643 1292 5697 vt,
1331 5627 1425 5697 13;
1460 5625 1654 5685 Matth.
1695 5644 1767 5697 tv,
1800 5629 1883 5684 l0.

283 5709 369 5761 ut,
402 5694 496 5772 δι.

1930 444 2217 499 habentem
2238 454 2457 515 propter
2480 446 2898 513 humanitatem,
2922 448 2990 503 ab
3004 448 3253 505 omnibus
3276 452 3513 509 adorari.

1930 533 2181 591 Flectunt
2210 538 2351 591 enim
2381 538 2429 592 ei
2454 555 2592 609 genu
2616 541 2796 595 omnia
2828 542 3093 609 ctelestia,
3123 553 3177 598 et
3216 547 3518 608 terrestria,

1930 636 1984 681 et
2012 628 2189 684 omnis
2219 631 2349 684 ordo
2372 630 2660 687 clariﬁcat.
2699 634 2956 688 Dominus
2995 636 3136 688 enim
3174 650 3297 692 esse
3338 638 3519 691 credi-

1933 726 2026 773 tur
2055 720 2309 775 Christus
2353 720 2506 778 Jesus
2546 725 2598 778 in
2647 725 2873 795 gloriam
2909 725 3000 780 Dei
3037 726 3254 781 Patris:
3297 728 3427 798 quin
3467 738 3515 781 et

1933 809 2046 878 ipse
2077 811 2143 864 ad
2177 809 2389 867 Patrem
2419 828 2485 868 ac
2514 812 2682 868 Deum
2716 817 2990 871 caelestem
3019 818 3091 870 ita
3126 820 3338 888 inquit:
3371 836 3392 871 ι
3417 818 3518 874 Pa-

1935 909 2036 965 ter,
2063 901 2302 971 gloriﬁca
2345 917 2431 959 me
2475 920 2537 959 ea
2569 905 2741 975 gloria
2781 922 2944 976 quam
2993 909 3181 977 habui,
3226 919 3514 982 antequam

1934 995 2163 1049 mundus
2194 1004 2361 1057 esset.
2415 999 2555 1067 apud
2592 1008 2644 1054 te
2679 999 2744 1052 “.
2780 1018 2799 1051 ι
2840 998 2936 1055 Dic
2979 1015 3105 1057 vero
3148 1002 3277 1057 mihi
3312 1022 3326 1058 :
3360 1004 3521 1059 homo

1933 1085 2021 1141 ille
2052 1101 2212 1155 quem
2238 1088 2305 1143 ab
2342 1087 2630 1160 Unigenito
2672 1091 2880 1148 ratione
2918 1102 3082 1147 arcta:
3122 1094 3522 1164 coniunctionis

1934 1191 2269 1249 assumptum
2318 1195 2438 1238 esse
2482 1180 2696 1249 dicunt,
2732 1186 3013 1240 exstititue
3069 1197 3196 1243 ante
3255 1190 3521 1243 constitu-

1937 1270 2135 1324 tionem
2166 1272 2386 1328 mundi?

2008 1360 2069 1415 B.
2145 1361 2518 1434 Nequaquam.

2008 1455 2076 1509 Δ.
2119 1456 2379 1523 Quisnam
2408 1461 2569 1529 igitur
2589 1475 2672 1518 est
2703 1464 2793 1533 qui
2823 1466 2956 1535 petit
2989 1480 3106 1520 eam
3132 1465 3383 1537 gloriam,
3407 1481 3512 1538 qua

1937 1562 1996 1603 se
2044 1558 2171 1605 ante
2227 1550 2502 1606 conditum
2562 1556 2824 1609 mundum
2882 1559 3167 1625 prmditum
3217 1559 3390 1615 fuisse
3421 1560 3523 1625 ait,

1940 1640 2097 1710 771
2134 1655 2470 1711 semperque
2513 1650 2568 1697 et
2609 1642 2678 1697 ab
2716 1654 2921 1699 aeterno
2973 1649 3110 1717 apud
3153 1649 3319 1704 Deum
3357 1652 3529 1706 exstiu

1940 1734 2110 1788 tisse?
2147 1732 2339 1789 Nonne
2386 1744 2719 1791 coaeternum
2754 1734 2901 1791 Patri
2954 1738 3188 1794 Verbum
3210 1782 3224 1808 ,
3261 1757 3365 1797 una
3400 1758 3524 1798 cum

1939 1824 2055 1893 ipso
2079 1824 2374 1893 exsistens,
2412 1826 2570 1895 eique
2613 1828 2891 1895 assidens,
2944 1829 3009 1884 de
3050 1844 3157 1900 quo
3194 1833 3523 1903 evangelista

1938 1918 2174 1975 Joannes
2206 1920 2423 1990 inquit:
2455 1938 2474 1972 ι
2508 1918 2745 1976 Verbum
2789 1924 2911 1976 erat
2926 1923 3065 1993 apud
3085 1922 3277 1990 Deum,
3307 1934 3359 1980 et
3386 1921 3527 1980 Deus

1940 2021 2059 2069 erat
2086 2010 2319 2068 Verbum
2344 2014 2368 2066 ?
2409 2031 2427 2064 ›
3209 2011 3213 2015 ’

2011 2104 2070 2159 Β.
2112 2102 2247 2169 Quis
2277 2104 2484 2159 dubitet
2514 2104 2538 2159 ἲ

2015 2196 2081 2253 Α,
2113 2198 2578 2263 Quemadmodum
2630 2197 2796 2269 igitur
2847 2199 3035 2267 gloriae
3073 2200 3335 2257 Dominus
3381 2203 3529 2259 exsi-

1943 2301 2112 2358 stens,
2150 2306 2273 2345 cum
2310 2305 2368 2345 se
2394 2289 2613 2345 demisit
2645 2301 2832 2362 postea
2862 2293 2929 2346 ad
2974 2293 3187 2349 servilis
3212 2293 3396 2351 formae
3432 2297 3534 2351 lm-

1945 2386 2253 2450 militatem,
2273 2384 2499 2454 gloriam
2524 2400 2628 2456 qua
2653 2386 2719 2440 ab
2745 2396 2950 2441 aeterno
2976 2387 3236 2456 praeditus
3263 2398 3347 2442 est
3378 2391 3531 2446 reddi

1946 2478 2046 2532 sibi
2080 2478 2250 2547 pascit
2276 2487 2331 2532 et
2364 2477 2580 2545 quidem
2622 2477 2724 2531 hoc
2753 2486 3115 2550 congruenter
3147 2479 3396 2535 humanae
3431 2497 3530 2536 na-

1950 2578 2085 2625 turae
2118 2569 2248 2625 facit
2283 2586 2295 2623 :
2332 2570 2407 2625 ita
2438 2571 2602 2625 etiam
2646 2570 2787 2625 Deus
2840 2586 3055 2642 semper
3101 2573 3370 2628 exsistens
3398 2612 3414 2638 ,
3467 2573 3534 2629 ad

1949 2662 2180 2733 propria:
2213 2678 2323 2718 suae
2382 2663 2598 2718 deitatis
2650 2664 3166 2733 supereniiuentiam
3214 2674 3269 2720 et
3307 2665 3532 2737 gloriam

1950 2763 1981 2804 e
2013 2761 2203 2805 nostra
2238 2751 2550 2806 conditione
2576 2767 2789 2805 rursum
2816 2755 3156 2819 conscendit,
3187 2763 3245 2808 ut
3278 2766 3533 2826 tanquam

1951 2844 2043 2898 nni
2107 2842 2361 2913 deinceps
2410 2844 2643 2898 naturali
2690 2859 2753 2898 ac
2798 2859 2927 2899 vero
2976 2843 3146 2910 Filio,
3182 2848 3398 2902 tametsi
3446 2863 3536 2902 no-

1953 2937 2051 2993 atri
2108 2935 2269 2990 simili
2333 2936 2480 2991 facto
2535 2945 2697 3006 atque
2728 2937 3011 2991 incarnato
3062 2954 3223 2993 omne
3258 2954 3395 3008 genu
3446 2938 3541 2993 ﬂe.

1956 3038 2167 3094 ctatur,
2218 3028 2359 3084 sicut
2401 3028 2560 3083 modo
2595 3029 2725 3083 dixi.
2779 3028 2853 3083 Ita
2872 3031 3013 3083 enim
3039 3031 3338 3085 sentientes
3381 3042 3544 3099 atque

1959 3122 2265 3188 credentes,
2301 3123 2499 3177 ctelum
2536 3121 2740 3190 pariter
2777 3131 2832 3175 et
2859 3131 3059 3175 terram
3103 3122 3169 3176 ab
3205 3136 3270 3177 eo
3311 3122 3541 3178 crimine

1955 3216 2099 3287 quod
2128 3215 2401 3270 hominem
2421 3216 2610 3269 adoret
2631 3215 2945 3268 liberamus.
2964 3212 3237 3283 Scriptum
3254 3222 3339 3269 est
3360 3213 3503 3266 enim
3526 3232 3539 3269 :

1958 3284 2083 3378 quia
2123 3327 2141 3359 ι
2186 3307 2474 3362 Dominum
2504 3306 2669 3361 Deum
2722 3314 2872 3359 tuum
2917 3304 3188 3370 adorabis,
3235 3313 3288 3359 et
3327 3304 3402 3360 illi
3446 3284 3557 3360 soli,

1958 3402 2166 3455 servies
2186 3400 2252 3455 ³⁵.
2278 3418 2297 3451 ι

2032 3491 2093 3545 Β.
2134 3492 2314 3545 Multis
2347 3490 2693 3546 adminiculis
2730 3504 2912 3544 sermo
2956 3489 3057 3543 hac
3092 3489 3159 3544 de
3190 3504 3248 3544 re
3283 3489 3543 3560 indigeat.

1959 3581 2131 3650 Perge
2166 3581 2380 3648 itaque,
2418 3589 2473 3632 et
2513 3578 2635 3632 aliis
2677 3578 2842 3631 etiam
2890 3576 3195 3631 rationibus
3223 3578 3381 3631 nobis
3433 3592 3543 3649 my-

1961 3675 2187 3731 sterium
2217 3672 2450 3740 explica.

2030 3766 2097 3821 Δ.
2131 3767 2387 3833 Pergam,
2416 3770 2471 3817 et
2504 3761 2721 3831 quidem
2754 3759 3109 3831 perlibenter.
3146 3762 3386 3819 Dixerim
3414 3779 3543 3820 vero

1962 3873 2055 3914 eos
2086 3874 2114 3912 a
2138 3872 2270 3911 vero
2292 3857 2576 3920 aberrare,
2599 3853 2740 3924 quod
2769 3852 2936 3907 alium
2968 3853 3130 3910 nobis
3164 3853 3334 3911 ﬁlium
3353 3857 3443 3926 qui
3478 3860 3552 3915 sit

1962 3966 2029 4006 ex
2058 3950 2267 4006 semine
2296 3948 2465 4002 David
2496 3946 2834 4016 conjungunt
2870 3961 2993 4001 cum
3051 3946 3285 4002 naturali
3319 3963 3383 4004 ac
3424 3964 3551 4005 vere

1963 4040 2157 4108 Filio,
2220 4039 2477 4095 nimirum
2552 4038 2885 4105 Unigenito,
2966 4052 3089 4092 cum
3133 4039 3335 4108 alioqui
3392 4054 3550 4096 sacra

1965 4136 2247 4205 Scriptura
2281 4141 2465 4202 aperte
2500 4130 2740 4186 clamet:
2784 4148 2804 4181 ι
2850 4130 3248 4185 Primusltomo
3298 4147 3361 4187 ex
3407 4143 3550 4189 terra

1965 4236 2235 4289 terrenus,
2289 4223 2558 4277 secundus
2610 4236 2675 4276 ex
2722 4222 2863 4276 etelo
2920 4221 3155 4277 caelestis
3190 4221 3290 4276 ³⁶ι
3352 4241 3369 4275 ο
3422 4224 3551 4294 quin

1962 4328 2015 4374 et
2039 4317 2179 4371 Filio
2204 4315 2323 4384 ipso
2356 4313 2569 4368 dicente
2591 4352 2605 4378 ,
2662 4314 2787 4381 quia
2819 4330 2837 4363 ι
2872 4313 3137 4367 Descendi
3160 4328 3224 4368 ex
3258 4314 3415 4380 caelo,
3447 4332 3551 4369 non

1892 4440 1935 4493 Ι)
1967 4425 2024 4467 ιιι
2059 4411 2257 4466 faciam
2292 4408 2627 4465 voluntatem
2676 4421 2886 4471 meam,
2927 4407 3022 4461 sed
3063 4406 3392 4461 voluntatem
3440 4407 3557 4476 ejus

1966 4507 2056 4577 qui
2087 4504 2233 4560 misit
2274 4518 2381 4559 me.
2415 4500 2541 4555 Haec
2565 4507 2650 4555 est
2680 4507 2862 4554 autem
2892 4498 3139 4553 voluntas
3179 4496 3295 4565 ejus
3322 4499 3413 4568 qui
3448 4500 3554 4553 mi-

1968 4599 2031 4652 sit
2062 4612 2169 4663 me,
2202 4603 2262 4649 ut
2289 4607 2453 4648 omne
2505 4592 2650 4661 quod
2687 4590 2836 4646 dedit
2877 4589 3014 4643 mihi
3051 4604 3158 4644 non
3208 4589 3452 4644 amittam
3485 4604 3555 4645 ex

1969 4707 2054 4753 co,
2084 4689 2177 4745 sed
2212 4686 2530 4743 resuscitem
2552 4683 2682 4738 illud
2711 4684 2765 4738 in
2790 4683 3087 4738 novissimo
3112 4682 3198 4738 die
3226 4683 3324 4737 ⁸⁷.»
3346 4684 3550 4750 Quem-

1970 4800 2094 4837 nam
2120 4782 2284 4851 igitur
2312 4791 2436 4832 csse
2461 4775 2647 4829 dicunt
2673 4789 2796 4829 eum
2830 4774 2921 4842 qui
2955 4789 2986 4829 e
3033 4774 3175 4830 coelo
3216 4774 3499 4830 descendit
3530 4774 3556 4831 τ

1966 4886 2150 4930 natum
2184 4871 2327 4926 enim
2353 4876 2437 4923 est
2466 4882 2663 4939 corpus
2697 4881 2763 4921 ex
2790 4866 3041 4922 muliere.

2039 4964 2103 5019 Β.
2137 4961 2374 5017 Verbum
2403 4958 2659 5031 profecto
2697 4973 2763 5015 ex
2794 4958 2907 5013 Deo
2944 4958 3107 5013 Patre
3136 4958 3401 5027 genitum.
3450 4958 3555 5014 Ar-

1970 5054 2145 5109 bitror
2224 5052 2370 5107 enim
2456 5050 2605 5122 ipsos
2676 5064 2786 5105 non
2858 5049 3006 5105 aliud
3090 5050 3382 5122 quidquam
3455 5054 3558 5109 hoc

1967 5146 2123 5201 velle.

2046 5241 2112 5293 A.
2144 5237 2310 5293 Recte
2344 5238 2442 5300 ais,
2469 5251 2501 5291 ο
2538 5235 2732 5289 amice.
2763 5233 3000 5304 Scripsit
3024 5248 3151 5288 vero
3171 5232 3367 5289 alicubi
3393 5234 3557 5289 etiam

1977 5331 2412 5400 sapientissimus
2441 5327 2680 5383 Joannes
2717 5344 2733 5381 :
2774 5345 2792 5378 ι
2851 5327 2953 5393 Qui
2978 5341 3029 5405 Ae
3066 5326 3317 5395 supernis
3372 5329 3557 5389 venit,

1977 5441 2137 5495 Super
2165 5439 2355 5479 omnes
2371 5422 2535 5477 est”.
2564 5420 2751 5492 »Αιηυί
2785 5419 3055 5490 quomodo
3085 5435 3206 5474 cum
3236 5417 3404 5474 Pater
3433 5418 3560 5473 velit

2004 5629 2053 5665 δε
2089 5625 2106 5681 l
2147 5626 2271 5685 Cor.
2316 5640 2403 5692 xv,
2440 5626 2523 5680 Π.
2634 5626 2675 5659 ³⁷
2717 5623 2872 5683 Joan.
2906 5642 2976 5694 vx,
3014 5624 3106 5693 58,
3134 5627 3223 5682 59.
3314 5623 3357 5655 ³⁸
3394 5619 3553 5676 Joan.
