3946 6202
382 169 517 226 I351

1387 169 1445 224 s.
1487 166 1760 225 cvntLLt
1801 165 2279 222 ALEXANDRINI
2317 165 2641 226 mentiar.
3508 175 3642 231 ,δεῖ

381 286 706 343 resuscitare
727 299 886 339 omne
930 285 1072 354 quod
1117 285 1302 338 datum
1350 295 1436 340 est
1465 285 1537 349 ei,
1587 294 1641 339 et
1702 300 1824 339 cum
1865 299 1952 338 res

2068 283 2354 350 ἀναστῆναι
2393 284 2501 335 πᾶν
2529 283 2589 334 τὸ
2632 280 2785 335 δοθὲν
2831 283 2998 352 αὐτῷ,
3032 283 3127 337 καὶ
3157 284 3363 352 ἀγαθοῦ
3407 301 3472 354 γε
3498 287 3643 351 ὄντος

379 378 518 432 bona
567 377 658 438 sit,
697 385 858 445 alque
906 377 1039 430 adeo
1086 375 1264 429 divina
1317 377 1594 446 (convenit
1643 376 1787 431 enim
1850 375 1959 430 Deo

380 470 636 536 salvare),
681 467 797 536 ipse
827 466 958 520 dixit
993 467 1323 522 descendere
1347 485 1426 535 se,
1456 484 1564 522 non
1601 479 1659 522 ut
1684 469 1848 523 faciat
1874 485 1965 522 vo-

381 561 640 615 luntatem
692 573 885 625 suam,
941 563 1032 612 sed
1093 560 1316 614 Patris?
1380 560 1738 634 Existimetnc
1799 561 1964 624 igitur

379 653 661 722 quisquam
700 661 968 717 nastruin,
1008 669 1033 704 a
1073 650 1163 704 Dei
1193 661 1243 706 et
1279 651 1456 705 Patris
1493 653 1829 720 benignitate
1869 652 1960 707 Fi-

381 743 510 796 lium
541 743 630 811 qui
663 758 725 796 ex
767 744 880 811 ipso
907 743 1121 811 genitus
1149 752 1250 809 est,
1293 744 1736 812 dcgenerare?et
1761 745 1960 800 bonum

379 833 595 903 quidem
626 834 937 901 neutiquam
962 849 1085 886 esse
1111 875 1124 899 ,
1177 834 1505 888 resnscitare
1547 849 1694 896 vero,
1727 835 1777 887 id
1819 835 1963 901 quod

379 928 563 978 datum
589 933 672 978 est
694 924 741 978 ei
773 936 825 978 et
857 925 924 978 ab
987 926 1206 979 interitu
1271 925 1504 980 liberare
1532 926 1634 997 ipsi
1674 925 1835 995 772
1862 927 1965 981 dis-

378 1017 578 1088 plicere
604 1015 628 1068 ?

445 1106 506 1160 Β.
549 1106 950 1160 I‘ericlitamur.

448 1199 512 1254 Λ.
545 1199 706 1269 Atqui
728 1198 918 1252 merito
937 1197 1154 1266 quidem
1190 1198 1259 1251 ita
1287 1207 1614 1262 statuamus,
1643 1210 1768 1252 cum
1799 1195 1960 1250 Pater

379 1293 553 1348 bonus
593 1293 682 1355 sit,
721 1289 917 1344 Filium
947 1305 1161 1360 quoque
1187 1306 1342 1344 suum
1381 1292 1555 1360 rcipsa
1582 1293 1779 1344 bonum
1817 1305 1959 1342 esse.

379 1380 512 1436 Nam
546 1395 576 1434 a
610 1381 786 1433 fructu
827 1381 991 1432 arbor
1023 1378 1369 1449 CugIIOSCIllIl‘
1393 1379 1459 1446 ”,
1488 1380 1641 1448 juxta
1679 1379 1849 1448 ipsius
1882 1377 1963 1432 di-

380 1484 546 1527 etum.
578 1472 717 1527 Vere
777 1470 930 1533 dicit,
964 1485 1089 1523 cmn
1143 1470 1221 1523 ait
1255 1483 1269 1519 :
1314 1487 1330 1519 ‹
1365 1469 1468 1534 Qui
1503 1470 1632 1522 vidit
1670 1484 1792 1534 me,
1829 1467 1962 1523 vidit

379 1571 434 1616 et
455 1559 667 1615 Patrem
699 1558 767 1614 δ’.
797 1556 910 1627 Ego
946 1569 998 1611 et
1036 1559 1197 1612 Pater
1219 1573 1385 1610 unum
1412 1573 1600 1613 sumus
1623 1559 1689 1612 δι.
1729 1577 1746 1609 ι

451 1852 513 1906 Β.
567 1851 735 1930 βευιε
780 1849 879 1904 ais.
938 1848 1164 1904 Declara
1227 1851 1408 1921 itaque
1465 1862 1520 1907 tu
1559 1853 1672 1924 ipse
1727 1853 1780 1908 id
1817 1856 1960 1924 quod

377 1945 606 2000 obscure
640 1945 841 1998 dictum
877 1954 981 1998 est.

449 2041 518 2099 Α.
564 2036 804 2091 Dicimus
839 2051 948 2090 non
995 2035 1165 2092 fuisse
1216 2045 1412 2106 prater
1457 2038 1798 2094 voluntatem
1837 2039 1956 2093 Filii

379 2129 594 2186 abolere
632 2137 879 2194 mortem,
909 2139 962 2182 et
1013 2131 1080 2183 ab
1114 2129 1366 2184 humanis
1417 2131 1740 2199 corporibus
1789 2131 1960 2187 inter-

380 2224 514 2278 itum
555 2220 878 2291 pronigare:
931 2237 950 2272 ι
988 2220 1174 2291 Neque
1209 2221 1352 2274 enim
1401 2222 1702 2278 delectatur
1734 2223 1958 2279 interitu

378 2312 692 2366 viventium.
718 2311 993 2366 Salutares
1013 2327 1140 2366 vero
1157 2322 1281 2366 sunt
1301 2315 1680 2382 generationes
1712 2317 1950 2382 mundi”

376 2406 796 2476 sicutscriptum
820 2405 1017 2459 est“.i
1038 2405 1240 2459 Invidia
1267 2414 1446 2460 autem
1471 2407 1668 2460 diaboli
1699 2421 1844 2462 mors
1873 2409 1959 2462 iu—

379 2497 560 2553 troivit
593 2498 645 2552 in
669 2497 854 2552 orbem
883 2508 1149 2551 terrarum
1167 2496 1234 2552 ".
1258 2519 1276 2548 ι
1296 2497 1366 2550 At
1408 2497 1778 2554 tristissimum
1814 2516 1959 2554 mor-

379 2591 446 2644 tis
474 2590 761 2660 imperium
797 2605 899 2644 non
931 2589 1033 2642 alia
1067 2589 1275 2643 ratione
1316 2590 1495 2643 exi-uti
1525 2601 1762 2658 pcterat,
1795 2609 1958 2662 quam

377 2695 474 2750 per
501 2681 672 2736 solam
711 2678 991 2751 Unigeniti
1019 2679 1477 2735 incarnatimtem.
1534 2679 1741 2738 Idcirco
1772 2685 1821 2736 in
1859 2703 1959 2738 no-

378 2784 488 2828 stra
521 2774 692 2828 forma
730 2773 1006 2844 apparuit,
1037 2773 1425 2844 propriumque
1457 2775 1558 2828 sibi
1610 2777 1737 2830 fecit
1767 2793 1961 2846 corpus

377 2867 520 2939 quod
554 2866 794 2920 interitui
823 2865 1124 2921 obnoxium
1173 2875 1333 2931 erat,
1380 2869 1675 2921 secundum
1718 2869 1960 2923 rationes

378 2974 497 3029 qua:
540 2971 746 3012 natura:
789 2957 996 3024 insunt,
1036 2967 1093 3012 ut
1137 2973 1258 3012 cum
1293 2960 1406 3028 ipse
1451 2958 1522 3013 sit
1573 2961 1681 3014 vita
1723 2960 1958 3030 (genitus

377 3054 520 3106 enim
559 3060 640 3105 est
686 3066 753 3106 ex
795 3050 905 3104 vita
961 3049 1164 3116 Patris)
1221 3050 1502 3120 proprium
1557 3067 1713 3106 suum
1757 3052 1955 3106 bonum

379 3143 454 3198 illi
481 3143 709 3210 inserat,
744 3141 846 3195 boc
882 3149 988 3206 est,
1020 3142 1207 3194 vitam.
1240 3139 1376 3195 Cum
1404 3151 1583 3195 autem
1609 3141 1709 3212 ipsi
1739 3142 1960 3196 omnino

377 3235 641 3304 placuerit
672 3233 1008 3304 benignitate
1039 3243 1204 3303 atque
1239 3233 1617 3288 benevolentia
1674 3249 1802 3302 erga
1861 3233 1961 3287 liu-

380 3342 597 3381 manum
626 3341 814 3394 genus,
846 3337 1085 3380 nostram
1115 3326 1522 3380 similitudinem
1549 3326 1758 3392 subire,
1789 3341 1950 3394 opor-

383 3420 483 3475 tuit
515 3434 728 3488 quoque
755 3434 878 3472 eum
917 3420 1026 3489 pati
1089 3419 1282 3487 impias
1328 3416 1638 3471 Judworunt
1674 3429 1958 3472 contume-

382 3510 505 3565 Iias.
544 3509 670 3563 Erat
701 3523 832 3564 vero
887 3508 964 3560 illi
1001 3509 1178 3578 gravis
1211 3509 1500 3577 conjuncta
1540 3523 1663 3562 cum
1707 3508 1958 3579 passione
1993 3505 2012 3518 ’

379 3601 694 3672 ignominia.
736 3601 944 3654 Idcirco
975 3601 1294 3654 imminente
1341 3600 1454 3670 jam
1503 3608 1782 3671 tempore,
1839 3615 1950 3670 quo

381 3695 532 3752 illum
560 3711 658 3764 pro
685 3695 928 3748 omnium
960 3693 1070 3747 vita
1105 3707 1323 3748 crucem
1359 3694 1514 3747 adire
1549 3693 1854 3762 oportebat,
1901 3703 1960 3746 ut

379 3786 685 3856 passionem
725 3796 924 3854 prmtcr
979 3785 1310 3838 voluntatem
1351 3798 1504 3837 suam
1550 3784 1799 3836 accidere
1852 3782 1956 3836 sibi

376 3877 699 3941 declararet,
742 3879 975 3929 humano
1011 3889 1160 3928 more
1199 3873 1268 3928 ad
1315 3887 1435 3927 eam
1493 3873 1766 3938 accessit,
1811 3883 1866 3927 et
1904 3874 1955 3926 in

378 3969 597 4022 modum
627 3967 961 4036 precationis
994 3965 1067 4018 ita
1095 3963 1311 4018 Patrem
1345 3961 1612 4018 allocutus
1641 3973 1760 4018 est:
1795 3981 1813 4014 ι
1851 3963 1958 4018 Pa-

381 4067 484 4122 ter,
525 4059 569 4111 si
604 4057 722 4112 ﬁeri
759 4065 960 4127 potest,
1014 4065 1254 4110 transeat
1292 4070 1322 4109 a
1363 4070 1448 4109 me
1487 4054 1624 4110 calix
1661 4057 1783 4109 iste.
1838 4054 1956 4110 Ca:-

382 4159 554 4204 tcrnm
581 4163 685 4203 non
712 4159 771 4204 ut
795 4163 892 4219 ego
917 4148 1059 4216 volo,
1087 4148 1182 4202 sed
1215 4150 1436 4202 sicuttu
1453 4146 1519 4202 “.
1557 4165 1576 4200 ι
1609 4147 1960 4202 Descendisse

379 4256 446 4296 ex
495 4241 631 4296 casio
659 4241 753 4306 ait,
795 4256 900 4294 non
942 4239 1115 4294 invite
1152 4238 1424 4293 facturum
1458 4236 1512 4292 id
1541 4238 1682 4306 quod
1718 4236 1959 4291 dolorem

389 4332 636 4397 afferret,
689 4340 748 4385 ut
787 4345 975 4384 eorum
1005 4331 1098 4398 qui
1150 4330 1204 4383 in
1237 4329 1394 4383 terris
1429 4336 1556 4382 sunt
1597 4327 1959 4380 resurrectio—

382 4437 504 4477 nem
533 4409 908 4485 constitueret,
941 4419 1095 4488 cujus
1121 4419 1340 4488 quidem
1367 4418 1483 4486 ipse
1521 4415 1670 4471 solus
1699 4417 1952 4472 humana:

383 4525 590 4570 natura:
616 4524 808 4567 auctor
849 4511 971 4565 fuit.
1021 4510 1223 4564 Factus
1260 4519 1343 4564 est
1390 4509 1535 4563 enim
1569 4509 1958 4577 primogenitus

377 4624 446 4664 ex
472 4605 700 4663 mortuis
731 4604 1025 4658 secundum
1055 4615 1276 4655 carnem
1301 4600 1346 4631 "
1373 4642 1388 4667 ,
1407 4609 1460 4655 et
1495 4599 1746 4670 primitiae
1769 4615 1956 4654 eorum

381 4701 472 4771 qui
509 4698 920 4755 obdormierant
964 4695 1030 4749 “.
1087 4695 1264 4758 Ipsius
1292 4693 1460 4763 igitur
1499 4703 1552 4747 et
1593 4707 1702 4746 non
1733 4691 1958 4747 alterius

383 4792 560 4860 passio
591 4792 712 4854 fuit,
741 4798 1005 4860 quatenus
1035 4787 1195 4841 homo
1220 4784 1393 4838 factus
1423 4792 1528 4848 est,
1563 4783 1777 4836 tametsi
1807 4799 1958 4837 man-

382 4885 510 4940 serit
534 4885 799 4954 passionis
819 4897 1033 4952 expers,
1071 4887 1344 4948 quatenus
1369 4885 1456 4931 est
1488 4876 1654 4930 Deus.

453 4977 513 5030 Β.
553 4975 629 5030 lla
654 4976 854 5032 sentio.

455 5068 516 5120 Α.
545 5070 726 5122 Sacra:
754 5083 882 5122 vero
926 5064 1223 5134 Scripturze
1260 5063 1425 5118 etiam
1485 5061 1834 5126 memineris,
1873 5062 1955 5115 di-

384 5157 555 5211 centis
581 5173 594 5208 :
623 5177 640 5208 ι
677 5156 873 5211 Factus
905 5165 989 5210 est
1017 5155 1222 5224 primus
1253 5153 1412 5208 homo
1441 5151 1610 5206 Adam
1645 5150 1697 5204 in
1717 5151 1954 5204 animam

386 5248 709 5312 viventem;
772 5252 993 5305 ultimus
1050 5249 1223 5304 Adam
1273 5248 1326 5303 in
1368 5247 1617 5317 spiritum
1679 5247 1958 5301 viviﬁcan-

385 5350 493 5398 teni
516 5339 582 5390 ⁸⁷.
618 5358 633 5388 ›

1089 5541 1132 5572 ⁸⁸
1177 5540 1332 5594 Joan.
1367 5553 1476 5598 xiv,
1508 5536 1562 5590 9.

1294 5608 1340 5640 "
1377 5606 1397 5661 I
1435 5607 1561 5660 Cor.
1597 5620 1686 5670 xv,
1720 5605 1810 5660 20.

460 5545 504 5576 ³³
545 5541 734 5598 Matth.
765 5557 863 5600 xu.
897 5541 985 5594 53.

385 5631 534 5684 xxvi,
563 5614 652 5669 59.
727 5611 773 5644 δ’
813 5611 1021 5667 Coloss.
1056 5625 1096 5676 ι,
1128 5611 1214 5664 18.

1680 5534 1722 5564 ⁸¹
1761 5533 1918 5587 Joan.
1958 5547 2010 5593 κ,
2033 5533 2123 5586 30.

1887 5603 1932 5634 ⁸⁷
1974 5603 2103 5658 ibid.
2138 5601 2225 5656 45.

2069 373 2162 427 τοῦ
2195 374 2538 443 πράγματος,
2569 374 2661 428 καὶ
2688 375 2909 445 προσέτι
2938 375 3274 447 θεοπρεποῦς
3318 377 3522 447 (ἐοικὸς
3543 381 3642 450 γὰρ

2067 466 2188 535 θεῷ
2218 468 2276 518 τὸ
2305 465 2498 531 σώζειν
2540 467 2730 537 ἐστίν),
2767 468 2927 530 αὐτὸς
2959 467 3063 539 ἔφη
3095 469 3392 532 κατελθεῖν,
3422 471 3522 540 οὐχ
3565 471 3640 524 ἵνα

2073 561 2195 626 ποιῇ
2230 559 2289 610 τὸ
2324 559 2534 630 θέλημα
2567 560 2627 613 τὸ
2668 559 2860 612 ἑαυτοῦ
2891 560 3109 629 μᾶλλον,
3137 561 3272 615 ἀλλά
3307 562 3367 614 τὸ
3407 562 3502 616 τοῦ
3536 565 3640 617 Πα-

2070 647 2228 719 τρόςς
2262 645 2388 720 ’Ἆρ’
2419 647 2510 702 οὖν
2537 651 2766 720 οἱήσαιτ’
2796 651 2860 703 ἄν
2892 667 2975 713 τις
3018 651 3122 704 τῶν
3163 653 3219 704 ὲν
3246 653 3399 722 ἡμῖν,
3426 655 3524 724 τῆς
3553 657 3640 708 τοῦ

2070 739 2204 792 Θεοῦ
2238 740 2332 792 καὶ
2379 741 2592 810 Πατρός
2625 740 2958 812 ἡμερότητος
3005 741 3142 796 ἰέναι
3179 742 3407 796 κατόπιν
3451 747 3543 798 τὸν
3587 747 3639 812 ἐξ

2072 829 2235 883 αὐτοῦ
2269 830 2438 900 φύντα
2466 830 2617 895 Υἱὸν,
2651 833 2742 884 καὶ
2772 825 2911 884 εἶναι
2953 832 3051 900 μὲν
3079 832 3280 900 ἀγαθὸν
3313 833 3514 904 ἤκιστά
3560 852 3638 902 γε,

2070 924 2130 977 τὸ
2170 923 2227 976 δὲ
2277 924 2578 993 ἀναστῆσαι
2629 924 2688 976 τὸ
2747 922 2898 979 δοθὲν
2941 925 3034 978 καὶ
3075 924 3375 991 ἀπαλλάξαι
3419 925 3638 997 φθορᾶς,

2071 1017 2342 1090 ἀπᾴδει[ν]
2384 1018 2529 1088 αὐτῷ
2556 1035 2570 1083 ;

2144 1111 2202 1163 Β.
2235 1111 2594 1181 Κινδυνεῦομε
2603 1129 2650 1166 ν.

2139 1204 2205 1256 Α.
2241 1201 2430 1254 Καίτοι
2463 1201 2964 1273 καταλογισαίμεθα
2982 1202 3068 1270 ἀν,
3104 1203 3194 1257 καὶ
3229 1203 3372 1274 μάλα
3395 1205 3640 1267 εἰκότως.

2071 1294 2300 1366 ἐπείπερ
2326 1295 2470 1347 ἐστὶν
2499 1293 2701 1362 ἀγαθοῦ
2726 1295 2934 1367 Πατρδς
2957 1299 3175 1367 γνήσιον
3199 1299 3464 1367 γέννημα,
3489 1299 3642 1350 vadi

2071 1384 2184 1458 [ἂν]
2205 1386 2468 1457 ὑπάρχειν
2486 1387 2580 1439 καὶ
2597 1387 2758 1450 αὐτὸς
2775 1387 2998 1456 ἀγαθὸς,
3012 1389 3175 1458 ῆγουν
3197 1390 3545 1460 αὐτόχρημα,
3567 1390 3644 1441 ὅτι

2069 1479 2292 1547 ἀγαθόν.
2332 1478 2461 1532 Ἀπὸ
2515 1479 2621 1550 γὰρ
2672 1479 2767 1532 τοῦ
2793 1481 3008 1552 καρποῦ
3038 1481 3098 1533 τὸ
3140 1481 3352 1552 δένδρον
3379 1482 3644 1549 γινώσκε-

2067 1588 2176 1635 ται,
2208 1591 2225 1621 ι
2262 1571 2402 1624 κατά
2431 1570 2525 1643 τὴν
2573 1571 2734 1624 αὑτοῦ
2783 1574 2999 1643 φωνήνο
3031 1572 3320 1642 ἀληθεύσει
3366 1574 3449 1636 δὲ,
3504 1574 3646 1629 οὕτω

1996 1665 2037 1720 Β
2067 1662 2260 1730 λέγων’
2301 1664 2360 1717 Ὀ
2387 1662 2647 1735 ἑωρακὼς
2683 1663 2802 1734 ἐμὲ,
2840 1663 3051 1734 ἑώρακε
3091 1666 3181 1718 τὴν
3222 1665 3461 1736 Πατέρα.
3503 1667 3646 1735 Ἐγὼ

2065 1756 2155 1809 καὶ
2189 1758 2217 1809 ὁ
2246 1757 2454 1828 Πατὴρ,
2491 1758 2550 1811 ἓν
2574 1757 2760 1827 ἐσμεν.
2794 1777 2813 1808 ι

2133 1848 2193 1902 Β.
2220 1845 2296 1902 Εὖ
2343 1849 2500 1919 ξείνης.ι
2547 1849 2810 1918 Διασάφει
2836 1849 2900 1920 δὴ
2952 1844 3042 1903 οῦν
3075 1850 3235 1915 αὐτὸς
3265 1851 3325 1904 τδ
3387 1852 3643 1924 ἀμυδρῶς

2061 1940 2316 2011 εἰρῆσθαι
2340 1941 2547 1994 δοκοῦν.

2133 2035 2196 2086 Δ.
2227 2033 2340 2085 Οὐκ
2369 2033 2665 2105 ἀϐούλητον
2694 2036 2793 2106 μὲν
2844 2037 3095 2105 γενέσθαι
3129 2039 3307 2110 φαμὲν
3337 2038 3415 2109 τῷ
3446 2038 3562 2109 Υἱῴ
3588 2039 3646 2092 τδ

2061 2127 2406 2196 καταργῆσαι
2435 2127 2683 2196 θάνατον,
2722 2131 2819 2185 καὶ
2845 2131 3184 2201 ἀποσοϐῆσαι
3215 2133 3327 2187 τῶν
3367 2134 3646 2204 ἀνθρωπί-

2060 2234 2165 2270 νων
2210 2219 2476 2288 σωμάτων
2517 2221 2618 2290 τὴν
2672 2221 2896 2294 φθοράν.
2932 2243 2951 2276 ι
2991 2226 3065 2278 Οὐ
3095 2226 3202 2296 γὰρ
3248 2225 3512 2296 τέρπεται
3563 2223 3650 2278 ἐπ’

2060 2309 2306 2382 ἀπωλείᾳ
2338 2311 2554 2376 ζώντων
2583 2330 2597 2343 ·
2639 2319 2893 2388 σωτήριοι
2931 2317 2986 2369 δὲ
3037 2322 3131 2370 καὶ
3172 2319 3228 2370 αἱ
3259 2319 3505 2386 γενέσεις
3555 2316 3652 2370 τοῦ

2061 2403 2290 2474 κόσμου,
2335 2423 2352 2455 ι
2395 2405 2537 2458 κατά
2575 2407 2634 2459 τὸ
2682 2407 3085 2479 γεγραμμένον.
3125 2427 3142 2457 ι
3179 2409 3356 2477 Φθὸνῳ
3383 2407 3657 2463 δὲδισιϐό-

2059 2494 2152 2548 λου
2208 2496 2436 2560 θάνατος
2469 2498 2714 2569 εἰσῆλθεν
2761 2501 2838 2563 εἰς
2866 2501 2955 2553 τὸν
2984 2503 3200 2571 κόσμον.
3237 2521 3252 2550 i
3275 2500 3410 2552 Ἀλλ’
3437 2496 3510 2571 ἦν
3540 2502 3653 2570 οὐχ

2060 2590 2261 2660 ἑτέρως
2281 2590 2342 2643 τὸ
2371 2591 2591 2660 ἀμειδὲς
2623 2591 2716 2644 τοῦ
2747 2592 2976 2646 θανάτου
3006 2593 3380 2646 κατασεξεσθαι
3413 2593 3648 2663 κράτος,

2059 2679 2198 2750 πλὴν
2228 2681 2310 2733 δτι
2338 2681 2424 2734 διὰ
2457 2681 2625 2752 μόνης
2653 2684 2750 2752 τῆς
2779 2683 3236 2754 ἕνα-ιορωπήςεως
3269 2683 3365 2736 τοῦ
3398 2685 3650 2750 Μονογε-

2059 2771 2201 2836 νοῦς.
2221 2772 2264 2826 Τ
2269 2772 2489 2846 αὐτητοι
2511 2775 2720 2845 πέφηνε
2743 2777 2863 2829 καθ’
2883 2778 3046 2848 ἡμᾶς,
3080 2778 3175 2830 καὶ
3199 2777 3328 2830 ἴδιον
3350 2777 3648 2848 ἐποιήσατο

2061 2862 2220 2934 σῶμα
2249 2863 2308 2916 τὸ
2338 2865 2442 2917 ὑπὸ
2469 2864 2696 2935 φθορὰν,
2720 2867 2861 2920 κατά
2894 2883 2958 2935 γε
2987 2868 3114 2930 τοὺς
3147 2867 3365 2930 ἐνόντας
3391 2871 3460 2938 τῇ
3487 2866 3644 2934 φύσει

2059 2955 2270 3024 λόγους,
2318 2955 2384 3008 ἵν’
2415 2957 2644 3028 ἐπείπερ
2679 2958 2828 3012 ἐστὶν
2869 2959 3031 3022 αὐτὸς
3070 2960 3102 3028 ή
3151 2956 3263 3026 ζωὴ
3304 2960 3648 3027 (γεγέννηται

2061 3048 2167 3118 γὰρ
2202 3052 2264 3101 ὲκ
2294 3050 2437 3121 ζωῆς
2466 3049 2557 3103 τοῦ
2589 3051 2847 3120 Πατρός),
2879 3051 3194 3124 ὲμφυτεύσῃ
3235 3052 3296 3105 τὸ
3337 3051 3469 3105 ἴδιον
3513 3053 3648 3119 ἀγα-

2063 3139 2152 3193 θὸν
2187 3139 2354 3210 αὐτῷ,
2389 3141 2635 3195 τουτέστι
2666 3143 2766 3208 τὴν
2808 3143 2977 3213 ζωήν.
3018 3144 3292 3212 Ἐλομένῳ
3330 3143 3384 3196 δὲ
3419 3141 3570 3206 ἅπαξ
3591 3140 3650 3206 ἐξ

2059 3233 2396 3303 ἡμερότητος
2441 3233 2536 3286 καὶ
2581 3233 3015 3304 φιλανθρωπίας,
3050 3236 3148 3305 τὴν
3195 3234 3328 3304 πθδῖ
3366 3233 3650 3304 ἡμετέρῃ

2059 3324 2319 3394 ὁμοίωσιν
2352 3323 2624 3390 ὑπελθεῖν,
2653 3324 2759 3378 ἔδει
2785 3325 3056 3396 συμϐῆναι
3088 3325 3185 3378 καὶ
3219 3325 3278 3377 τὸ
3301 3325 3520 3389 παθεῖν,
3551 3323 3651 3393 τῆς

2074 3416 2338 3470 Ἰουδαίων
2389 3417 2733 3488 ἀνοσιότητος
2789 3416 3230 3488 ὲμπαροινούσης
3274 3415 3446 3486 αὐτῷ.
3509 3416 3652 3467 Ἀλλ’

2059 3505 2128 3581 ῆν
2180 3508 2329 3579 αὐτῷ
2373 3510 2626 3580 φορτικὸν
2668 3509 2728 3562 τὸ
2758 3511 2814 3563 ἐν
2853 3509 2931 3580 τῷ
2983 3509 3176 3563 παθεῖν
3223 3508 3501 3570 δυσκλεές.
3543 3509 3654 3560 Καὶ

2059 3599 2190 3669 γοῦν
2223 3600 2507 3662 ἐνστάντος
2537 3598 2752 3669 καιροῦ,
2789 3599 2908 3652 καθ’
2937 3599 2996 3653 ὃν
3027 3598 3134 3653 ἔδει
3157 3600 3248 3652 τὸν
3275 3599 3416 3668 ὑπὲρ
3453 3614 3520 3665 γε
3546 3597 3650 3666 τῆς

2061 3689 2315 3743 ἁπάντων
2369 3689 2515 3761 ζωῆς
2561 3691 2848 3760 ὑπομεῖναι
2907 3689 3164 3764 σταυρὸν,
3211 3690 3299 3742 ἴνα
3345 3689 3408 3742 τὸ
3453 3689 3654 3742 παθεῖν

2061 3782 2356 3851 ἀϐούλητον
2405 3782 2678 3853 ἀποφήνῃ,
2729 3781 3176 3853 ἀνθρωποπρεπῆ
3243 3782 3340 3852 τὴν
3383 3779 3655 3851 πρόσοδοι

2060 3877 2156 3927 καὶ
2185 3874 2259 3937 ὡς
2293 3875 2348 3926 ἐν
2383 3875 2625 3944 σχήματι
2653 3874 2964 3946 προσευχῆς
2995 3875 3229 3927 ἐποιεῖτο
3257 3873 3454 3941 λέγων·
3488 3890 3510 3924 ι
3551 3873 3654 3925 Πά-

2058 3983 2178 4036 τερ,
2213 3967 2260 4018 εἰ
2305 3965 2547 4030 δυνατὸν,
2607 3965 2929 4037 παρελθέτω
2960 3967 3054 4020 ἀπ’
3095 3965 3229 4036 ἐμοῦ
3277 3965 3340 4018 τὸ
3387 3967 3650 4034 ποτήριον

2058 4058 2237 4112 τοῦτο·
2272 4057 2408 4129 πλὴν
2445 4059 2542 4129 οὐχ
2579 4060 2653 4122 ὡς
2687 4057 2800 4127 ἐγὼ
2847 4057 3004 4123 θέλω,
3035 4059 3153 4112 ἀλλ’
3185 4058 3260 4122 ὡς
3286 4056 3370 4114 σύ.
3411 4077 3430 4110 ι
3461 4059 3648 4110 Κατα-

2061 4149 2222 4220 ϐῆναι
2259 4151 2350 4204 τὸν
2382 4148 2442 4215 ἐξ
2467 4149 2695 4222 οὐρανοῦ
2729 4167 2918 4220 φησιν,
2959 4151 3060 4203 οὐκ
3085 4149 3382 4220 ἀϐούλητον
3423 4151 3648 4218 ποιησό-

2023 4265 2026 4268 ·
2063 4257 2223 4311 μενον
2253 4241 2315 4295 τὸ
2364 4240 2591 4306 λυποῦν,
2625 4241 2711 4294 ἵνα
2745 4239 3067 4314 κατορθώσῃ
3112 4243 3222 4303 τοῖς
3266 4242 3360 4293 ἐπὶ
3399 4241 3502 4311 γῆς
3549 4240 3650 4309 τὴν

1993 4357 2037 4410 D
2064 4335 2378 4400 ἀνάστασιν,
2409 4333 2475 4406 ἢν
2509 4333 2574 4406 δὴ
2614 4333 2708 4387 καὶ
2740 4333 2896 4404 μόνος
2925 4334 3086 4397 αὐτὸς
3112 4333 3548 4403 κεκαινοτόμηκε
3583 4333 3652 4402 τῇ

2057 4423 2345 4496 ἀνθρώπου
2380 4423 2559 4494 φύσει.
2592 4425 2786 4494 Γέγονε
2814 4425 2921 4495 γάρ
2967 4427 3308 4496 πρωτότοκος
3337 4427 3402 4478 ἐκ
3435 4427 3652 4495 νεκρὼ-ιν

2059 4518 2203 4572 κατά
2229 4518 2428 4590 σάρκα,
2457 4519 2552 4574 καὶ
2580 4520 2806 4590 ἀπαρχὴ
2850 4519 2963 4573 τῶν
2993 4519 3436 4590 κεκοιμημένων.
3465 4517 3654 4571 Αὑτοῦ

2055 4609 2342 4680 τοιγαροῦν
2370 4610 2430 4662 τὸ
2459 4609 2652 4675 πάθος,
2678 4610 2772 4662 καὶ
2791 4608 2888 4680 οὐχ
2908 4609 3122 4678 ἑτέρου,
3158 4609 3368 4678 λέγοιτο
3395 4611 3488 4674 ἂν,
3514 4609 3660 4662 καθὸ

2058 4704 2297 4775 πέφηνεν
2331 4703 2636 4774 ἄνθρωπος,
2663 4705 2710 4756 εἰ
2755 4704 2848 4757 καὶ
2879 4703 3185 4774 μεμένηκεν
3228 4702 3468 4774 ἀπαθὴς,
3511 4705 3662 4756 καθὸ

2063 4798 2262 4849 νοεῖται
2295 4795 2448 4858 Θεός.

2137 4971 2197 5025 Β.
2233 4969 2390 5026 Οῦτω
2425 4971 2584 5043 φημί.

2133 5067 2198 5120 Δ.
2232 5065 2581 5136 Διαμέμνησο
2613 5064 2668 5118 δὲ
2689 5064 2786 5133 τῆς
2815 5063 3168 5117 θεοπνεύστον
3196 5060 3464 5134 λεγούσης
3507 5061 3664 5130 Γρα·

2065 5157 2192 5227 φῆς·
2225 5176 2243 5208 ι
2299 5157 2544 5226 Ἐγένετο
2582 5159 2609 5210 ὁ
2639 5157 2854 5229 πρῶτος
2904 5155 3188 5226 ἄνθρωπος
3233 5153 3404 5224 Ἀδὰμ
3432 5155 3512 5215 εἰς
3546 5154 3662 5221 ψυ-

2063 5250 2162 5319 χὴν
2183 5249 2383 5314 ζῶσαν,
2407 5253 2434 5302 ὁ
2464 5251 2688 5320 ἔσχατος
2719 5249 2909 5320 ’Δδάμ,
2938 5250 3017 5312 εἰς
3046 5245 3261 5317 πνεῦμα
3287 5245 3658 5310 ζωοποιοῦν.»

2231 5531 2274 5562 ⁵³
2316 5532 2442 5602 Sap.
2469 5546 2508 5599 ι,
2541 5529 2624 5598 13,
2656 5528 2741 5585 Η.
2852 5528 2897 5560 ⁴³
2937 5528 3065 5599 Sap.
3099 5544 3158 5597 tt,
3185 5526 3275 5582 24.
3358 5528 3402 5560 δι
3444 5526 3660 5583 Matth.

3845 2357 3868 2582 ἦ
