4016 6202
429 214 576 287 1-555
1459 208 1515 263 S.
1558 203 1833 263 CYlllLLl
1870 197 2342 259 ALEXANDRINI
2382 200 2703 260 ARCHIEP.
2922 197 2937 207 ’
3559 203 3706 262 ,ωδ

433 339 757 394 ιιυιίιιθοιιιιιι
785 334 953 391 fuisse
985 329 1260 387 veteribus
1307 326 1632 396 comperias.
1683 325 1814 381 Ovis
1859 325 2006 380 enim

2130 324 2205 378 cal.
2231 323 2440 395 φθορᾶς
2470 324 2503 395 ή
2528 323 2623 377 τοῦ
2657 321 2929 395 προϐάτου
2991 318 3174 391 σφαγή
3204 318 3328 383 τοὺς
3357 318 3417 387 ἐξ
3460 321 3709 393 Ἰσραὴλ,

436 428 689 484 mactatio
715 424 992 481 lsraclitas
1012 438 1041 475 a
1065 428 1242 475 morte
1262 426 1426 488 atque
1443 418 1665 471 interitu
1687 424 1969 471 exemerat
1991 454 2010 482 ,

2130 418 2208 471 (αἱ
2256 416 2606 486 δεδυσώπ-ηκε
2637 416 2730 469 τὸν
2778 413 3128 485 ὀλοθρευτήν.
3168 412 3353 476 Τύπος
3403 413 3464 467 δὲ
3496 410 3569 486 ἦν
3598 417 3716 486 ἀρα

435 530 492 577 et
517 518 925 577 interfectorem
985 511 1242 582 placavit.
1297 508 1462 580 Atqui
1519 520 1607 563 res
1657 507 1771 562 hac
1813 505 2014 561 Christi

2130 509 2178 564 rb
2208 510 2396 580 χρῆμα
2424 505 2681 579 Χριστοῦ.
2712 506 2785 560 Ἰὸ
2809 505 2916 575 γὰρ
2944 505 3136 575 Πάσχα
3171 503 3329 576 ήμῶν
3355 504 3499 574 ὑπὲρ
3547 503 3717 574 ἡμῶν

437 624 597 685 typus
625 626 688 667 ac
711 610 877 681 figura
907 614 1047 661 eral.
1077 602 1286 659 Pascha
1309 600 1455 657 enim
1498 608 1746 654 nostrum
1772 612 1868 666 pro
1919 612 2017 652 no-

437 705 522 758 bis
549 700 862 759 immolatus
893 708 977 753 est
1007 695 1279 759 Christus,
1338 702 1396 747 ut
1420 690 1797 746 tristissimum
1828 688 2016 743 mortis

440 794 729 865 imperium
770 790 1090 847 dissolveret
1123 788 1197 854 ⁸³,
1247 795 1303 842 et
1352 786 1571 855 proprio
1617 798 1716 839 suo
1756 781 2019 851 sanguine

439 889 751 942 universum
786 891 1053 938 terrarum
1077 881 1262 935 urbem
1286 878 1388 933 sibi
1412 876 1722 945 aequireret
1744 873 1813 927 ἰ.
1838 872 2015 941 Empti

437 980 582 1034 enim
621 990 812 1032 sumus
863 970 1155 1045 pretio",
1209 977 1264 1025 et
1313 983 1422 1024 non
1469 982 1657 1023 sumus
1715 966 1890 1021 nostri
1946 965 2015 1019 '°.

443 1067 769 1127 Unusenim
816 1080 913 1134 pro
963 1062 1214 1117 onmibus
1249 1067 1493 1114 mortuus
1544 1066 1649 1122 est,
1704 1056 1796 1127 qui
1846 1055 2022 1125 pretio

439 1174 630 1216 omnes
669 1155 985 1227 superabat,
1038 1161 1097 1206 ut
1150 1152 1396 1206 viventes
1450 1163 1558 1205 non
1618 1147 1855 1217 amplius
1915 1146 2018 1201 sibi

443 1253 575 1323 ipsis
618 1251 821 1312 vivant,
867 1247 961 1302 sed
1001 1245 1051 1298 ei
1109 1243 1199 1312 qui
1248 1256 1348 1312 pro
1382 1241 1517 1311 ipsis
1566 1248 1813 1293 mortuus
1853 1245 1939 1291 est
1968 1244 2024 1290 et

444 1342 745 1403 resurrexit
800 1341 868 1394 ιτ.
920 1337 1210 1394 Consentit
1260 1348 1390 1389 vero
1436 1332 1521 1386 his
1572 1330 1733 1385 etiam
1778 1327 2019 1390 Paulus,

441 1440 628 1495 dicens
658 1454 671 1490 ι
702 1452 732 1486 ιι
771 1433 881 1503 Ego
928 1431 1072 1485 enim
1098 1444 1201 1499 per
1242 1426 1410 1495 legem
1447 1424 1548 1493 legi
1590 1431 1838 1476 mortuus
1870 1434 2016 1481 sum,

442 1540 504 1585 ut
547 1526 659 1583 Deo
698 1525 877 1580 vivam
909 1540 923 1577 :
960 1520 1181 1577 Christo
1230 1516 1476 1571 confixus
1515 1528 1634 1569 smn
1665 1512 1839 1568 cruci.
1886 1509 2024 1563 Vivo

441 1631 646 1685 autem,
685 1619 794 1686 iam
825 1630 929 1669 non
973 1626 1111 1680 ego,
1144 1606 1283 1661 vivit
1341 1619 1471 1659 vero
1516 1606 1569 1657 in
1623 1618 1709 1657 me
1745 1600 2019 1657 Christus.

442 1714 600 1781 Quod
628 1720 805 1765 autem
832 1709 990 1776 [nunc
1023 1703 1146 1757 vivo
1189 1701 1243 1753 in
1283 1713 1472 1761 carne,
1515 1698 1566 1748 in
1600 1695 1702 1748 lide
1739 1694 1860 1746 vivo
1902 1690 2020 1745 Filii

444 1805 560 1868 Dei,
602 1802 693 1871 qui
746 1797 935 1855 dilexit
974 1808 1080 1859 me,
1138 1800 1197 1846 et
1252 1789 1474 1844 tradidit
1526 1788 1877 1854 semetipsum
1927 1800 2025 1854 pro

443 1911 532 1950 me
562 1895 631 1948 ⁸⁸.
669 1911 688 1944 ι
719 1887 924 1946 Christi
981 1899 1112 1955 ergo
1147 1895 1339 1938 omnes
1385 1894 1576 1935 sumus
1615 1887 1671 1933 et
1715 1892 1812 1947 per
1840 1877 2023 1947 ipsum

442 1985 718 2043 conciliati
748 1981 920 2047 Patri,
953 1980 1043 2049 qui
1079 1990 1251 2033 carne
1287 1987 1477 2043 passus
1503 1980 1587 2027 est
1620 1984 1722 2040 pro
1763 1967 1938 2036 nobis,
1968 1977 2027 2021 ut

443 2078 677 2135 mundos
709 2074 968 2130 efﬁceret.
1009 2068 1286 2137 Scriptum
1325 2072 1413 2118 est
1455 2062 1602 2118 enim
1656 2077 1670 2113 :
1723 2078 1741 2111 ι
1798 2058 2027 2128 Propter

442 2172 586 2244 quod
612 2180 669 2225 et
698 2168 878 2230 Iesus,
905 2174 965 2219 ut
987 2161 1361 2219 sanctificaret
1387 2170 1485 2227 per
1516 2169 1672 2208 suum
1706 2152 2024 2222 sanguinem

442 2241 724 2339 populum,
752 2267 907 2315 extra
941 2265 1149 2327 portam
1185 2265 1377 2321 passus
1415 2257 1501 2303 est
1528 2247 1599 2300 as.
1654 2263 1674 2297 ,
1714 2243 1780 2297 Ε,
1811 2261 1826 2298 ³
1856 2261 1875 2294 ⁸
1918 2241 2026 2296 Nos

443 2338 569 2414 cum
600 2367 860 2411 essemus
900 2347 1191 2418 aliquando
1241 2341 1464 2399 alienati
1509 2350 1567 2396 et
1613 2338 1824 2395 inimici
1858 2351 2025 2392 sensu

447 2449 502 2502 in
549 2442 810 2516 operibus
852 2437 1012 2494 malis
1064 2452 1077 2488 :
1119 2447 1261 2488 nunc
1309 2439 1489 2485 autem
1543 2424 1915 2483 reconciliavit
1974 2424 2027 2477 in

445 2550 678 2609 corpore
703 2532 885 2590 carnis
912 2530 1031 2599 eius
1060 2542 1158 2599 per
1189 2532 1440 2588 mortem,
1476 2520 1737 2576 exhibere
1764 2533 1861 2574 vos
1901 2531 2017 2572 san-

446 2641 565 2687 ctos
613 2638 670 2684 et
727 2622 1141 2684 immaculatos,
1187 2628 1243 2674 ct
1283 2613 1794 2686 irreprehensibilcs
1845 2624 2027 2666 coram

447 2722 568 2791 ipso
604 2718 672 2773 “.
707 2736 726 2769 ι
754 2712 1014 2784 lntelligis
1045 2712 1224 2780 itaque
1251 2722 1359 2778 quo
1391 2714 1551 2773 pacto
1572 2704 1851 2775 proprium
1891 2715 2028 2755 san—

444 2805 1059 2883 guinemet-propriam
1085 2815 1303 2857 carnem
1331 2799 1501 2868 ipsius
1534 2806 1727 2861 vocet,
1759 2809 1879 2849 eam
1907 2806 2029 2861 qua:

446 2920 549 2975 pro
572 2901 732 2959 nobis
778 2899 904 2955 data
947 2905 1070 2961 est;
1114 2904 1288 2962 neque
1329 2889 1553 2943 alterius
1601 2884 1885 2953 cujusdam
1935 2883 2029 2938 filii

446 2996 651 3054 diversi
687 2994 755 3048 ab
776 2994 894 3060 ipso
920 3002 1041 3044 esse
1074 2986 1340 3045 dicamus,
1370 2981 1461 3049 qui
1495 2979 1791 3034 distinctus
1814 2979 1882 3033 ab
1910 2977 2029 3046 ipso

448 3088 542 3152 sit,
591 3096 649 3141 et
691 3040 823 3138 solar
859 3075 1240 3147 conjunctione
1294 3087 1417 3128 cum
1453 3072 1570 3139 ipso
1601 3071 1891 3126 decoratus
1915 3107 1931 3133 ,
1975 3078 2029 3123 ct
2059 3040 2101 3097 (δ

448 3174 683 3234 aacititia
713 3170 884 3243 gloria
921 3166 1181 3239 praeditus
1211 3165 1304 3230 sit,
1332 3162 1613 3220 essentiali
1640 3161 1907 3230 dignitate
1943 3167 2031 3212 at-

449 3282 556 3339 que
581 3261 879 3322 eminentia
928 3272 1128 3313 carens
1153 3273 1169 3319 ;
1198 3257 1319 3321 sed,
1370 3254 1547 3307 instar
1570 3252 1737 3306 vestis
1774 3261 1828 3305 et
1868 3248 2029 3302 larva:

448 3355 731 3427 cujusdam
762 3388 781 3417 ,
830 3350 953 3406 Filii
988 3364 1053 3403 ac
1106 3346 1201 3401 Dei
1259 3345 1503 3400 omnium
1548 3342 1789 3411 supremi
1835 3354 2031 3395 nomen

449 3458 622 3523 gerat.
654 3444 790 3500 Nam
818 3444 864 3499 si
887 3444 962 3497 ita
986 3456 1051 3496 se
1095 3437 1415 3494 naturaliter
1452 3434 1671 3498 habeat,
1728 3443 1794 3487 ut
1835 3435 2036 3488 adver-

450 3542 585 3600 sarii
626 3539 893 3602 sentiunt,
945 3535 1091 3590 nulla
1137 3533 1349 3588 ratione
1380 3529 1456 3586 illi
1492 3528 1784 3587 conveniat
1809 3528 2033 3583 dicere:

456 3654 478 3690 ι
517 3632 632 3705 Ego
648 3647 767 3688 sum
799 3629 1004 3685 veritas
1034 3628 1102 3681 ⁶¹.
1137 3644 1157 3678 ι
1196 3623 1482 3690 Quomodo
1532 3622 1678 3678 enim
1723 3634 1911 3675 verum
1965 3619 2039 3673 sit

450 3728 595 3797 quod
625 3739 733 3780 non
757 3723 832 3776 ita
867 3736 927 3776 se
957 3721 1125 3774 habet
1154 3715 1408 3785 ac,dicit,
1439 3713 1534 3769 sed
1564 3713 1807 3782 spurium
1838 3723 1894 3766 et
1918 3710 2035 3765 falsi

455 3816 737 3875 nominis?
789 3815 861 3867 At
894 3827 1025 3866 vero
1073 3810 1327 3866 Christus
1378 3807 1586 3861 veritas
1636 3813 1743 3867 est,
1787 3813 1843 3858 et
1876 3817 2039 3871 super

451 3924 667 3974 omnes,
695 3918 754 3962 ut
786 3907 950 3962 Deus.
978 3902 1177 3957 Mansit
1209 3900 1354 3955 enim
1379 3897 1618 3952 Verbum
1653 3895 1702 3949 id
1724 3896 1874 3965 quod
1897 3904 2035 3956 erat,

455 4002 671 4057 tametsi
706 4000 906 4054 faetum
932 3997 1003 4052 sit
1048 4002 1198 4058 caro,
1264 4000 1324 4045 ut
1357 3990 1450 4060 qui
1501 4001 1666 4059 supra
1699 3999 1891 4040 omnes
1927 3994 2038 4050 est,

2117 599 2281 670 ἐτύθη
2304 599 2558 670 Χριστὸς,
2587 598 2676 651 ἵνα
2703 599 2764 651 τὸ
2789 596 3012 668 ἀμειδὲς
3038 596 3133 649 τοῦ
3166 596 3399 650 θανάτου
3425 596 3716 668 καταλύσῃ

2118 690 2341 760 κράτος,
2361 688 2555 759 αἵματί
2585 704 2644 741 τε
2664 688 2743 759 τῷ
2775 687 2890 757 ἰδίῳ
2923 688 3342 758 κατακτήοηται
3372 689 3475 759 τὴν
3496 688 3592 741 ὑπ’
3626 689 3719 741 ού-

2121 784 2303 853 ρανόν.
2351 779 2732 851 Ἤγοράσμεθα
2768 778 2879 853 γὰρ
2910 780 3098 849 τιμῆς,
3125 779 3220 831 καὶ
3263 779 3364 832 οὐκ
3388 779 3560 849 ὲσμὲν
3585 780 3715 832 ea...

2118 872 2249 925 τῶν.
2305 867 2399 934 Εἷς
2449 870 2557 942 γὰρ
2602 871 2741 941 ὑπὲρ
2782 871 3004 924 πάντων
3058 868 3350 935 ἀπέθανεν,
3402 871 3432 922 ό
3488 871 3721 924 πάντων

2121 964 2433 1035 ἀξιώτερος,
2464 964 2530 1016 ἵν’
2559 966 2609 1015 οἱ
2643 962 2846 1025 ζῶντες
2880 961 3077 1031 μηκέτι
3111 960 3328 1022 ἑαυτοῖς
3358 958 3550 1022 ζῶσιν,
3577 959 3723 1014 ἀλλὰ

2120 1056 2200 1127 τῷ
2238 1056 2377 1127 ὑπὲρ
2411 1054 2592 1108 αὐτῶν
2622 1053 2950 1108 ἀποθανόντι
2989 1053 3082 1108 καὶ
3102 1051 3408 1123 ἐγερθέντι.
3442 1052 3722 1123 Συλλήψε-

2122 1167 2213 1203 ται
2245 1149 2302 1203 δὲ
2345 1149 2439 1202 καὶ
2463 1149 2492 1200 ὁ
2517 1147 2750 1211 Παῦλος,
2788 1146 2984 1214 λέγων,
3026 1164 3046 1196 ι
3102 1143 3247 1213 Ἐγὼ
3281 1145 3392 1215 γάρ
3426 1144 3516 1197 διὰ
3541 1146 3720 1216 νόμον

2123 1243 2275 1311 νόμῳ
2310 1240 2601 1307 ἀπέθανον,
2635 1240 2722 1291 ἵνα
2743 1237 2862 1307 Θεῷ
2889 1236 3059 1308 ζήσω,
3089 1236 3311 1308 Χριστῷ
3339 1237 3395 1291 δὲ
3426 1237 3724 1290 συνεσταύ-

2128 1350 2333 1403 ρωμαι,
2360 1331 2439 1397 ζῶ
2469 1331 2527 1385 δὲ
2573 1331 2674 1385 οὐκ
2706 1330 2787 1384 ἔτι
2823 1328 2955 1399 ἐγὼ,
2996 1329 3063 1401 ζῇ
3099 1329 3156 1382 δὲ
3186 1330 3246 1382 ὲν
3290 1330 3415 1401 ἐμοὶ
3453 1325 3721 1401 Χριστός.

2130 1427 2195 1478 Ὃ
2239 1426 2298 1479 δὲ
2325 1425 2421 1479 νῦν
2452 1425 2529 1489 ζῶ
2578 1427 2636 1478 ὲν
2667 1425 2857 1497 σαρκὶ,
2888 1425 2947 1477 ὲν
2994 1422 3175 1476 πίστει
3206 1422 3301 1487 ζῶ,
3329 1425 3395 1493 τῇ
3436 1422 3532 1475 τοῦ
3578 1420 3725 1477 Tios;

2123 1518 2217 1571 τοῦ
2246 1517 2403 1583 Θεοῦ,
2433 1517 2528 1572 τοῦ
2557 1517 2942 1588 ἀγαπήσαντός
2976 1533 3065 1588 με,
3096 1515 3195 1570 καὶ
3216 1517 3558 1587 παραδόντος
3583 1518 3723 1570 tau-

2124 1606 2214 1659 τὸν
2232 1606 2372 1676 ὑπὲρ
2400 1605 2555 1674 ἐμοῦ.
2597 1625 2615 1657 ι
2642 1604 2878 1677 Χριστοῦ
2909 1604 3199 1676 τοιγαροῦν
3229 1606 3276 1658 oi
3295 1605 3497 1669 πάντες
3520 1607 3721 1676 ἐσμὲν,

2128 1698 2222 1750 καὶ
2258 1696 2324 1749 δι’
2354 1696 2518 1750 αὑτοῦ
2548 1697 2973 1767 κατηλλάγμεθα
2992 1697 3072 1768 τῷ
3099 1698 3298 1769 Πατρὶ,
3326 1699 3492 1770 σαρκὶ
3522 1699 3728 1752 παθόν-

2127 1804 2218 1850 τος
2249 1788 2391 1858 ὑπὲρ
2424 1787 2602 1858 ἡμῶν,
2646 1789 2712 1840 ἶν’
2747 1790 2893 1859 ἡμᾶς
2939 1790 3194 1859 ἀποφήνῃ
3244 1789 3721 1861 κεκαθαρμένους.

2128 1881 2440 1950 Γέγραπται
2483 1880 2595 1951 γάρ
2618 1921 2633 1945 ,
2664 1882 2749 1935 ὅτι
2783 1900 2800 1933 ι
2841 1881 2933 1934 Διὸ
2976 1882 3074 1935 καί
3106 1882 3338 1952 Ἰησοῦς,
3378 1883 3469 1937 ἵνα
3509 1884 3728 1956 ἁγιάσῃ

2127 1973 2215 2027 διά
2244 1973 2339 2027 τοῦ
2374 1974 2506 2027 ίδίου
2540 1973 2773 2045 αἵματος
2801 1975 2894 2028 τὸν
2925 1974 3074 2039 λαὸν,
3105 1975 3212 2042 ἔξω
3240 1977 3339 2047 τῆς
3368 1975 3546 2047 πύλης
3577 1975 3727 2031 ἔπα-

2129 2065 2243 2119 θεν.
2281 2083 2300 2118 ι
2331 2066 2440 2119 Καὶ
2488 2065 2651 2119 πάλιν
2674 2082 2688 2097 ·
2720 2084 2739 2117 ι
2775 2067 2889 2120 Καὶ
2924 2068 3076 2137 ἡμᾶς
3120 2084 3252 2120 ποτε
3284 2067 3444 2131 ϐντας
3475 2067 3727 2138 ἀπηλλο-

2128 2157 2464 2228 τριωμένους
2498 2157 2593 2211 καὶ
2640 2157 2871 2229 ἐχθροὺς
2908 2161 2972 2229 τῇ
3021 2157 3230 2229 διανοίᾳ
3270 2160 3330 2211 ὲν
3372 2161 3485 2222 τοῖς
3534 2159 3734 2230 ἔργοις

2127 2248 2240 2309 τοῖς
2279 2248 2536 2317 πονηροῖς
2555 2261 2569 2274 ⁸
2593 2248 2714 2299 νυνὶ
2743 2246 2801 2300 δὲ
2832 2246 3281 2318 ἀποκατήλλαξεν
3308 2251 3365 2301 ὲν
3393 2248 3473 2319 τῷ
3502 2248 3735 2318 σώματι

2127 2338 2228 2409 τῆς
2252 2339 2454 2409 σαρκὸς
2478 2339 2641 2393 αὑτοῦ
2673 2339 2761 2392 διὰ
2785 2338 2876 2393 τοῦ
2908 2339 3162 2406 θανάτου,
3193 2341 3544 2412 παραστῆσαι
3569 2342 3733 2412 ὑμᾶς

2132 2430 2320 2498 ἁγίους
2344 2429 2439 2483 καὶ
2463 2428 2730 2500 ἀμώμους
2759 2430 3103 2485 κατενώπιον
3130 2431 3312 2485 αὑτοῦ.
3355 2450 3375 2483 ι
3419 2431 3589 2495 Σύνες
3616 2429 3737 2486 οῦν

2130 2522 2279 2586 ὅπως
2314 2521 2444 2575 ἴδιον
2474 2516 2610 2592 αἷμα
2644 2523 2739 2576 καὶ
2781 2523 2919 2577 ἰδίαν
2967 2524 3145 2595 σάρκα
3178 2524 3339 2595 φησιν
3388 2522 3575 2590 αὐτοῦ,
3610 2524 3739 2595 τὴν

2135 2612 2384 2667 δοθεῖσαν
2413 2612 2553 2684 ὑπὲρ
2579 2612 2758 2683 ἡμῶν,
2784 2614 2871 2667 ἵνα
2904 2612 2979 2685 μὴ
3018 2613 3204 2685 ἑτέρου
3245 2611 3373 2684 παρ’
3408 2610 3570 2665 αὐτὸν
3595 2611 3736 2665 υἱοῦ

2130 2704 2385 2777 λέγωμεν
2429 2705 2619 2775 αὐτὴν,
2664 2704 2957 2777 νοουμένου
3007 2721 3068 2758 τε
3113 2706 3407 2776 ἀναμέρος,
3443 2703 3539 2756 καὶ
3588 2703 3729 2775 ψιλῇ

2135 2798 2402 2869 συναφείᾳ
2448 2797 2837 2867 τετιμημένου,
2869 2797 2966 2850 καὶ
3005 2796 3252 2869 ὲπακτὴν
3292 2796 3508 2867 ἔχοντος
3539 2796 3724 2862 δόξαν,

2134 2893 2229 2946 καὶ
2283 2892 2386 2945 ούκ
2417 2890 2651 2961 ούσιώδη
2708 2889 2807 2961 τὴν
2853 2888 3148 2962 ὑπεροχὴν,
3193 2890 3473 2962 ἐπίϐλημα
3518 2890 3584 2943 δὲ.
3626 2891 3729 2942 καὶ

2134 2985 2324 3056 ὥσπερ
2351 3003 2403 3037 τι
2443 2986 2787 3055 προσωπεῖον
2810 2985 3219 3057 ὲπερῤιμμένον
3248 2985 3419 3056 αὐτῷ,
3452 2984 3512 3037 τό
3532 3000 3590 3036 τε
3624 2984 3729 3054 τῆς

2144 3076 2391 3146 υίὸτητος
2431 3075 2526 3128 καὶ
2549 3076 2649 3146 τῆς
2680 3076 2820 3148 ὑπὲρ
2862 3078 3039 3131 πάντα
3069 3076 3325 3149 θεότητος
3346 3077 3536 3147 ὄνομα.
3566 3075 3730 3130 Οὕτω

2137 3163 2247 3235 γάρ
2277 3164 2452 3235 ἔχοντι
2481 3164 2623 3218 κατὰ
2664 3165 2848 3235 φύσιν,
2879 3166 3022 3221 καθά
3069 3170 3287 3239 φρονεῖν
3330 3169 3635 3237 ἐγνώκασιν
3673 3167 3727 3219 οἱ

2137 3258 2208 3311 δι’
2240 3258 2489 3322 ἐναντίας
2507 3299 2521 3324 ,
2552 3260 2845 3331 ἁρμόσειεν
2880 3258 2946 3313 ἂν
2981 3260 3133 3331 αὐτῷ
3159 3262 3278 3314 κατ’
3305 3260 3494 3313 οὐδένα
3523 3258 3736 3331 τρόπον

2140 3349 2202 3403 τὸ
2237 3350 2434 3421 χρῆναι
2463 3350 2665 3420 λέγειν,
2692 3371 2713 3404 «ι
2736 3352 2879 3421 Ἐγώ
2909 3354 3025 3424 είμι
3051 3355 3083 3423 ή
3123 3352 3374 3423 ἀλήθεια.
3402 3372 3419 3403 ι
3457 3352 3585 3416 Πῶς
3619 3352 3734 3423 γὰρ

2138 3443 2358 3514 ἀληθὲς,
2389 3445 2449 3497 τὸ
2467 3446 2567 3516 ούχ
2600 3444 2745 3500 οὕτω
2784 3447 2927 3519 ἔχον,
2958 3446 3034 3509 ὡς
3072 3446 3313 3513 λέγεται,
3356 3446 3509 3499 νόθον
3536 3447 3591 3499 δὲ
3622 3446 3733 3498 ὧσ-

2139 3554 2246 3607 περ
2271 3554 2324 3590 τι
2375 3538 2469 3591 καὶ
2499 3539 2898 3611 ψευδώνυμον;
2951 3538 3109 3593 Ἀλλά
3163 3540 3272 3610 μὴν
3303 3539 3549 3612 ἀλήθεια,
3593 3541 3731 3611 Χρι-

2142 3627 2287 3691 στὸς,
2343 3629 2434 3682 καὶ
2474 3630 2659 3683 ἐπάνω
2710 3631 2929 3684 πάντων
2961 3631 3036 3694 ὼς
3078 3630 3244 3694 Θεός·
3289 3633 3567 3702 μεμένηκε
3618 3633 3732 3703 γὰρ

2142 3719 2277 3791 ὅπερ
2305 3716 2372 3791 ἦν
2403 3721 2432 3771 ό
2477 3722 2666 3790 Λόγος,
2701 3723 2749 3775 εί
2789 3723 2883 3777 καὶ
2920 3723 3112 3793 γέγονε
3154 3724 3310 3796 σάρξ⁵
3342 3725 3407 3777 ἵν’
3437 3727 3465 3777 ό
3512 3726 3735 3779 πάντων

2144 3811 2401 3866 ἐπέκεινα
2424 3813 2517 3867 καὶ
2546 3814 2604 3868 ὲν
2633 3817 2746 3877 τοῖς
2771 3816 2907 3869 πᾶσι
2947 3815 3208 3885 γεγονὼς,
3241 3815 3330 3869 διὰ
3364 3815 3425 3869 τὸ
3451 3815 3734 3886 ἀνθρώπι-

2144 3917 2235 3953 νον
2259 3902 2592 3973 σωζόμενον,
2642 3904 2754 3975 ἔχοι
2785 3906 2845 3959 τὸ
2885 3902 3025 3960 εἶναι
3048 3908 3193 3979 πέρα
3226 3906 3448 3975 παντὸς,
3481 3908 3577 3960 καὶ
3619 3906 3734 3960 τῶν

2143 3990 2246 4062 τῆς
2275 3993 2506 4057 κτίσεως
2534 3995 2789 4049 ἐπέκεινα
2818 3999 3052 4069 μέτρων.

455 4105 511 4149 ct
544 4094 600 4149 in
641 4090 893 4148 omnibus
941 4089 1138 4152 factus,
1181 4093 1402 4156 propter
1447 4084 1740 4137 humanam
1785 4088 2035 4135 naturam
2075 4083 2336 4141 salvatam
2401 4088 2473 4143 sit
2506 4104 2670 4159 supra
2698 4105 2910 4158 omnes,
2942 4100 2997 4147 et
3059 4100 3330 4148 creatura:
3360 4092 3729 4148 conditionem

453 4187 707 4246 excedat.

531 4282 594 4338 Β.
627 4282 697 4337 At
726 4280 989 4342 inuretur,
1019 4273 1182 4347 775
1210 4273 1486 4343 inquiunt,
1511 4271 1620 4326 Deo
1642 4270 1821 4326 Verbo
1848 4282 2027 4340 magna

2217 4267 2277 4321 Β.
2329 4268 2473 4322 Ἀλλ’
2505 4271 2929 4343 ὲναπομάξεται,
2958 4274 3112 4347 φησι,
3149 4273 3230 4345 τῷ
3245 4274 3368 4346 Θεῷ
3395 4276 3547 4346 Λόγῳ
3586 4278 3732 4332 πολύ

456 4372 779 4444 ignominia,
812 4370 859 4425 si
898 4369 1112 4425 dicatur
1145 4381 1340 4436 passus
1372 4378 1535 4430 esse;
1573 4372 1630 4417 et
1666 4362 2027 4417 venerandun'

2149 4378 2198 4413 τι
2229 4360 2289 4413 τὸ
2308 4360 2583 4427 δυσκλεὲς,
2613 4363 2674 4415 τὸ
2703 4363 2960 4434 λέγεσθαι
2991 4365 3202 4420 παθεῖν·
3231 4368 3644 4440 διαϐεϐλήσεται
3673 4369 3735 4423 δὲ

461 4474 703 4524 nostrum
736 4461 1056 4533 mysterium
1088 4458 1290 4514 infame
1316 4454 1590 4511 reddetur.

2150 4450 2287 4524 πρὸς
2334 4452 2508 4524 τούτῳ
2558 4454 2653 4508 καὶ
2696 4455 2829 4510 αὐτό
2890 4475 2994 4511 που
3037 4459 3179 4530 τάχα
3224 4459 3287 4513 τὸ
3332 4462 3526 4517 σεπτὸν
3571 4461 3732 4531 ἡμῶν

2152 4546 2468 4616 μυστήριον.

529 4643 595 4695 Α.
635 4638 764 4705 Sed,
791 4644 1100 4705 contempta
1132 4633 1447 4705 ignominia,
1474 4630 1583 4702 pati
1619 4645 1785 4685 carne
1814 4644 2027 4700 prono‘

2218 4637 2283 4691 A.
2335 4636 2475 4689 Ἀλλ’
2504 4638 2768 4711 αἰσχύνης
2820 4642 3245 4715 καταφρονήσας
3311 4642 3487 4697 εἵλετο
3541 4644 3734 4698 παθεῖν

457 4736 545 4792 bis
586 4731 788 4795 voluit,
831 4729 1127 4785 secundum
1172 4726 1489 4798 Scripturas
1510 4724 1577 4777 θ’.
1622 4723 1732 4793 Ego
1776 4735 1906 4776 vero
1948 4720 2027 4775 Ju-

2155 4727 2318 4797 σαρκὶ
2340 4726 2408 4779 δι’
2441 4728 2611 4797 ἡμᾶς,
2660 4728 2800 4782 κατά
2843 4729 2943 4793 τὰς
2984 4731 3225 4802 Γραφάς.
3265 4729 3633 4802 Ἀῥρώστημα
3675 4731 3732 4783 δὲ

459 4826 598 4882 daici
631 4825 831 4896 ingenii
861 4822 1133 4885 morbum,
1164 4830 1221 4876 et
1249 4818 1467 4889 gentilis
1500 4816 1822 4888 ignorantia:
1852 4815 2027 4869 vitiun

2154 4817 2350 4889 φρενὸς
2408 4819 2737 4889 Ἰουδαϊκῆς,
2783 4819 2880 4873 καὶ
2924 4821 3026 4891 τῆς
3080 4821 3350 4893 Ἐλλήνων
3406 4820 3737 4892 ἀϐελτηρίας

461 4931 584 4973 esse
622 4915 928 4972 censuerim
975 4912 1179 4976 dicere,
1224 4909 1531 4979 passionem
1572 4907 1751 4960 crucis
1792 4906 2026 4960 dedecor

2153 4908 2407 4979 ἔγκλημα
2457 4910 2629 4963 δεινὸν
2674 4911 3130 4983 καταλογίσαιμεν
3165 4913 3254 4977 ἀν,
3289 4913 3350 4967 τὸ
3384 4913 3736 4985 αἰσχύνεσθαι

462 5020 607 5060 esse.
643 5003 845 5060 Scribit
883 5017 1015 5073 ergo
1055 5002 1127 5055 ita
1168 5000 1385 5055 divinus
1426 4996 1621 5050 Paulus
1658 5012 1674 5050 :
1717 5014 1737 5047 ι
1776 4994 2027 5062 Quoniau

2150 4997 2328 5051 δοκεῖν
2359 4998 2419 5050 τὸ
2444 4998 2535 5050 ἐπὶ
2562 4998 2641 5070 τῷ
2682 5002 2901 5072 σταυρῷ
2945 5002 3136 5067 πάθος.
3172 5005 3379 5075 Γράφει
3406 5003 3607 5073 γοῦν.ό
3656 5006 3741 5059 θε-

463 5103 520 5149 et
558 5093 728 5151 Judaei
769 5097 921 5167 signa
968 5104 1180 5164 petunt,
1216 5102 1271 5148 ct
1311 5091 1489 5147 Graeci
1533 5088 1855 5160 sapientiam
1898 5102 2027 5157 quae

2157 5086 2379 5150 σπέσιος
2404 5085 2651 5154 Παῦλος,
2690 5107 2711 5141 ι
2753 5090 2971 5161 Ἐπειδὴ
3007 5093 3101 5145 καὶ
3140 5094 3383 5147 Ἰουδαῖοι
3419 5097 3622 5166 σημεῖα
3646 5098 3737 5149 αξ-

466 5195 593 5240 runt
622 5204 637 5240 :
662 5202 770 5242 nos
794 5197 982 5242 autem
1018 5186 1376 5255 przedicamus
1397 5182 1671 5237 Christum
1704 5180 2023 5235 crucifixum

2153 5178 2326 5245 τοῦσι,
2374 5179 2468 5234 καὶ
2495 5179 2764 5250 Ἕλληνες
2798 5182 2988 5252 σοφίαν
3032 5184 3287 5256 ζητοῦσιν
3308 5228 3323 5253 ,
3355 5189 3520 5263 ἡμεῖς
3549 5189 3610 5245 δὲ
3636 5208 3738 5263 κηο

466 5273 666 5330 Judaei:
703 5277 921 5345 quidem
968 5276 1309 5341 scandalum,
1356 5274 1608 5345 gentibus
1647 5280 1828 5327 autem
1869 5270 2027 5327 stulti

2158 5271 2429 5342 ρύσσομεν
2476 5271 2712 5343 Χριστὸν
2765 5272 3214 5345 ἐσταυρωμένον,
3284 5276 3564 5343 Ἰουδαίοις
3639 5281 3742 5351 μὲν

468 5368 597 5422 tium
643 5383 660 5422 :
703 5366 836 5435 ipsis
882 5378 1063 5424 autem
1106 5369 1315 5424 vocatis
1357 5365 1561 5423 ludatis
1609 5375 1772 5436 atque
1821 5363 2024 5419 Gracia

2160 5362 2473 5429 σκάνδαλον,
2506 5361 2685 5417 ἔθνεσι
2714 5362 2772 5417 δὲ
2803 5365 3046 5436 ἀωρίαν,
3066 5366 3255 5445 ⁸αὐτοῖς
3284 5368 3341 5421 δὲ
3380 5374 3494 5434 τοῖς
3521 5368 3742 5441 κλητοῖς

536 5568 583 5600 ⁵³
625 5566 641 5621 1
682 5566 803 5622 Cor.
834 5579 886 5633 ν,
913 5553 985 5633 ‘7;
1017 5562 1181 5619 llebr.
1216 5581 1276 5629 ιι,
1324 5565 1413 5619 ll.
1493 5565 1539 5597 ”
1578 5564 1699 5618 Act.
1739 5578 1829 5627 xx,
1860 5561 1961 5633 9.8.
2025 5631 2027 5633 ι

2130 5560 2132 5612 ζ
2173 5558 2301 5615 Cor.
2338 5559 2565 5633 $1.25.
2634 5561 2754 5633 7"]
2794 5561 2921 5618 Cor.
2956 5578 3029 5629 vr,
3062 5564 3147 5621 f9.
3224 5565 3269 5597 ⁸⁷
3311 5563 3353 5620 ll
3394 5565 3520 5620 Cur.
3558 5563 3733 5630 v,15,

471 5638 557 5695 ιο.
631 5640 677 5673 ⁸⁸
708 5629 890 5692 Galat.
926 5629 985 5706 ιι,
1027 5634 1228 5706 19,20.
1302 5635 1350 5667 ⁸⁹
1384 5634 1553 5691 llebr.
1586 5649 1725 5707 _Xl|l,
1760 5634 1846 5687 12.
1925 5632 1971 5665 θ’
2010 5631 2027 5687 (

2130 5646 2219 5688 lSS.
2248 5646 2292 5697 ι,
2328 5630 2419 5701 et,
2452 5629 2545 5685 22.
2622 5632 2667 5666 “
2704 5632 2863 5691 Joan.
2900 5650 3012 5705 xrv,
3056 5636 3109 5691 6.
3222 5637 3267 5668 "
3334 5635 3497 5694 llcbr.
3536 5650 3632 5701 ιιι,
3673 5629 3734 5689 2.
