  <div class='ocr_page' id='page_1' title='image "/cluster/home/n/w/nwhite01/storage/ocr_20150623/75/hvd.32044073502031/684.png"; bbox 0 0 4016 6202; ppageno 0'>
   <div class='ocr_carea' id='block_1_1' title="bbox 376 272 509 336">
    <p class='ocr_par' dir='ltr' id='par_1_1' title="bbox 376 272 509 336">
     <span class='ocr_line' id='line_1_1' title="bbox 376 272 509 336; baseline 0.038 -14"><span class='ocrx_word' id='word_1_1' title='bbox 376 272 509 336; x_wconf 62' lang='lat' dir='ltr'><strong>ibi)?</strong></span> 
     </span>
    </p>
   </div>
   <div class='ocr_carea' id='block_1_2' title="bbox 1424 270 2629 341">
    <p class='ocr_par' dir='ltr' id='par_1_2' title="bbox 1424 270 2629 341">
     <span class='ocr_line' id='line_1_2' title="bbox 1424 270 2629 341; baseline -0.011 1"><span class='ocrx_word' id='word_1_2' title='bbox 1424 298 1453 323; x_wconf 51' lang='grc' dir='ltr'><strong>ιι</strong></span> <span class='ocrx_word' id='word_1_3' title='bbox 1500 270 1691 341; x_wconf 79' lang='lat' dir='ltr'><strong>Quen</strong></span> <span class='ocrx_word' id='word_1_4' title='bbox 1730 273 1922 337; x_wconf 70' lang='lat' dir='ltr'><strong>unus</strong></span> <span class='ocrx_word' id='word_1_5' title='bbox 1958 273 2068 332; x_wconf 81' lang='lat' dir='ltr'><strong>SIT</strong></span> <span class='ocrx_word' id='word_1_6' title='bbox 2108 273 2473 332; x_wconf 80' lang='lat' dir='ltr'><strong>CHRISTUS.</strong></span> <span class='ocrx_word' id='word_1_7' title='bbox 2532 314 2547 317; x_wconf 39' lang='grc' dir='ltr'>.κ</span> <span class='ocrx_word' id='word_1_8' title='bbox 2610 318 2629 329; x_wconf 82' lang='lat'><strong>.</strong></span> 
     </span>
    </p>
   </div>
   <div class='ocr_carea' id='block_1_3' title="bbox 3486 285 3625 359">
    <p class='ocr_par' dir='ltr' id='par_1_3' title="bbox 3486 285 3625 359">
     <span class='ocr_line' id='line_1_3' title="bbox 3486 285 3625 359; baseline 0.072 -20"><span class='ocrx_word' id='word_1_9' title='bbox 3486 285 3625 359; x_wconf 66' lang='lat'><strong>4353</strong></span> 
     </span>
    </p>
   </div>
   <div class='ocr_carea' id='block_1_4' title="bbox 387 369 1939 462">
    <p class='ocr_par' dir='ltr' id='par_1_4' title="bbox 387 369 1939 461">
     <span class='ocr_line' id='line_1_4' title="bbox 387 369 1939 461; baseline 0.008 -31"><span class='ocrx_word' id='word_1_10' title='bbox 387 369 659 442; x_wconf 76' lang='grc' dir='ltr'><strong>Ἰουδαίοις</strong></span> <span class='ocrx_word' id='word_1_11' title='bbox 706 388 764 431; x_wconf 83' lang='grc' dir='ltr'><strong>τε</strong></span> <span class='ocrx_word' id='word_1_12' title='bbox 810 378 903 431; x_wconf 77' lang='grc' dir='ltr'>καὶ</span> <span class='ocrx_word' id='word_1_13' title='bbox 936 377 1203 451; x_wconf 84' lang='grc' dir='ltr'>Ἕλλησι,</span> <span class='ocrx_word' id='word_1_14' title='bbox 1251 378 1487 453; x_wconf 77' lang='grc' dir='ltr'>Χριστὸν</span> <span class='ocrx_word' id='word_1_15' title='bbox 1519 386 1656 440; x_wconf 85' lang='grc' dir='ltr'>Θεοῦ</span> <span class='ocrx_word' id='word_1_16' title='bbox 1701 385 1939 461; x_wconf 72' lang='grc' dir='ltr'>δύναμιν,</span> 
     </span>
    </p>
   </div>
   <div class='ocr_carea' id='block_1_5' title="bbox 2045 369 3624 462">
    <p class='ocr_par' dir='ltr' id='par_1_5' title="bbox 2054 386 3624 462">
     <span class='ocr_line' id='line_1_5' title="bbox 2054 386 3624 462; baseline 0.005 -20"><span class='ocrx_word' id='word_1_17' title='bbox 2054 386 2332 443; x_wconf 75' lang='lat' dir='ltr'><strong>Christum</strong></span> <span class='ocrx_word' id='word_1_18' title='bbox 2381 387 2474 442; x_wconf 99' lang='lat' dir='ltr'><strong>Dei</strong></span> <span class='ocrx_word' id='word_1_19' title='bbox 2523 386 2813 452; x_wconf 79' lang='lat' dir='ltr'><strong>virtutem,</strong></span> <span class='ocrx_word' id='word_1_20' title='bbox 2859 397 2915 444; x_wconf 91' lang='lat' dir='ltr'><strong>et</strong></span> <span class='ocrx_word' id='word_1_21' title='bbox 2958 388 3055 445; x_wconf 92' lang='lat' dir='ltr'><strong>Dei</strong></span> <span class='ocrx_word' id='word_1_22' title='bbox 3099 389 3442 462; x_wconf 75' lang='lat' dir='ltr'><strong>sapientiam.</strong></span> <span class='ocrx_word' id='word_1_23' title='bbox 3490 394 3624 462; x_wconf 83' lang='lat' dir='ltr'><strong>Quia</strong></span> 
     </span>
    </p>
   </div>
   <div class='ocr_carea' id='block_1_6' title="bbox 372 465 1949 551">
    <p class='ocr_par' dir='ltr' id='par_1_6' title="bbox 372 465 1949 551">
     <span class='ocr_line' id='line_1_6' title="bbox 372 465 1949 551; baseline 0.008 -30"><span class='ocrx_word' id='word_1_24' title='bbox 372 468 466 521; x_wconf 81' lang='grc' dir='ltr'>καὶ</span> <span class='ocrx_word' id='word_1_25' title='bbox 490 465 625 521; x_wconf 89' lang='grc' dir='ltr'>Θεοῦ</span> <span class='ocrx_word' id='word_1_26' title='bbox 655 468 866 536; x_wconf 78' lang='grc' dir='ltr'><strong>σοφίαν,</strong></span> <span class='ocrx_word' id='word_1_27' title='bbox 906 468 988 522; x_wconf 87' lang='grc' dir='ltr'>ὅτι</span> <span class='ocrx_word' id='word_1_28' title='bbox 1012 468 1072 521; x_wconf 81' lang='grc' dir='ltr'>τὸ</span> <span class='ocrx_word' id='word_1_29' title='bbox 1103 470 1288 542; x_wconf 75' lang='grc' dir='ltr'>μωρὸν</span> <span class='ocrx_word' id='word_1_30' title='bbox 1316 473 1413 527; x_wconf 89' lang='grc' dir='ltr'><strong>τοῦ</strong></span> <span class='ocrx_word' id='word_1_31' title='bbox 1441 474 1578 528; x_wconf 84' lang='grc' dir='ltr'>Θεοῦ</span> <span class='ocrx_word' id='word_1_32' title='bbox 1596 516 1613 542; x_wconf 93' lang='grc'><strong>,</strong></span> <span class='ocrx_word' id='word_1_33' title='bbox 1642 477 1949 551; x_wconf 80' lang='grc' dir='ltr'><strong>σοφώτερον</strong></span> 
     </span>
    </p>
   </div>
   <div class='ocr_carea' id='block_1_7' title="bbox 369 556 1951 641">
    <p class='ocr_par' dir='ltr' id='par_1_7' title="bbox 369 556 1951 641">
     <span class='ocr_line' id='line_1_7' title="bbox 369 556 1951 641; baseline 0.007 -29"><span class='ocrx_word' id='word_1_34' title='bbox 369 558 479 612; x_wconf 85' lang='grc' dir='ltr'><strong>τῶν</strong></span> <span class='ocrx_word' id='word_1_35' title='bbox 507 556 810 627; x_wconf 83' lang='grc' dir='ltr'>ἀνθρώπων</span> <span class='ocrx_word' id='word_1_36' title='bbox 836 562 986 627; x_wconf 77' lang='grc' dir='ltr'>ἐστὶ,</span> <span class='ocrx_word' id='word_1_37' title='bbox 1018 560 1111 614; x_wconf 87' lang='grc' dir='ltr'><strong>καί</strong></span> <span class='ocrx_word' id='word_1_38' title='bbox 1138 562 1198 615; x_wconf 85' lang='grc' dir='ltr'>τὸ</span> <span class='ocrx_word' id='word_1_39' title='bbox 1228 564 1455 629; x_wconf 84' lang='grc' dir='ltr'>ἀσθενὲς</span> <span class='ocrx_word' id='word_1_40' title='bbox 1485 566 1581 620; x_wconf 87' lang='grc' dir='ltr'><strong>τοῦ</strong></span> <span class='ocrx_word' id='word_1_41' title='bbox 1610 566 1770 634; x_wconf 76' lang='grc' dir='ltr'>Θεοῦ,</span> <span class='ocrx_word' id='word_1_42' title='bbox 1809 570 1951 641; x_wconf 62' lang='lat' dir='ltr'><strong>laxu-</strong></span> 
     </span>
    </p>
   </div>
   <div class='ocr_carea' id='block_1_8' title="bbox 372 649 1276 723">
    <p class='ocr_par' dir='ltr' id='par_1_8' title="bbox 372 649 1276 723">
     <span class='ocr_line' id='line_1_8' title="bbox 372 649 1276 723; baseline 0.004 -20"><span class='ocrx_word' id='word_1_43' title='bbox 372 649 590 720; x_wconf 88' lang='grc' dir='ltr'>ρότερον</span> <span class='ocrx_word' id='word_1_44' title='bbox 618 649 727 703; x_wconf 90' lang='grc' dir='ltr'><strong>τῶν</strong></span> <span class='ocrx_word' id='word_1_45' title='bbox 754 649 1062 723; x_wconf 82' lang='grc' dir='ltr'>ἀνθρώπων</span> <span class='ocrx_word' id='word_1_46' title='bbox 1084 652 1221 707; x_wconf 83' lang='grc' dir='ltr'>ἐστί.</span> <span class='ocrx_word' id='word_1_47' title='bbox 1256 672 1276 707; x_wconf 75' lang='grc' dir='ltr'><strong>ι</strong></span> 
     </span>
    </p>
   </div>
   <div class='ocr_carea' id='block_1_9' title="bbox 440 732 1687 819">
    <p class='ocr_par' dir='ltr' id='par_1_9' title="bbox 440 732 1687 819">
     <span class='ocr_line' id='line_1_9' title="bbox 440 732 1687 819; baseline 0.01 -29"><span class='ocrx_word' id='word_1_48' title='bbox 440 738 503 794; x_wconf 88' lang='grc' dir='ltr'><strong>Β.</strong></span> <span class='ocrx_word' id='word_1_49' title='bbox 544 732 680 794; x_wconf 83' lang='grc' dir='ltr'>Τίνα</span> <span class='ocrx_word' id='word_1_50' title='bbox 710 740 949 811; x_wconf 85' lang='grc' dir='ltr'>τρόπον;</span> <span class='ocrx_word' id='word_1_51' title='bbox 983 743 1208 816; x_wconf 79' lang='grc' dir='ltr'><strong>συνίημι</strong></span> <span class='ocrx_word' id='word_1_52' title='bbox 1241 744 1351 816; x_wconf 81' lang='grc' dir='ltr'><strong>γάρ</strong></span> <span class='ocrx_word' id='word_1_53' title='bbox 1372 747 1574 817; x_wconf 81' lang='grc' dir='ltr'>ἤκιστά</span> <span class='ocrx_word' id='word_1_54' title='bbox 1604 767 1687 819; x_wconf 87' lang='grc' dir='ltr'>γε.</span> 
     </span>
    </p>
   </div>
   <div class='ocr_carea' id='block_1_10' title="bbox 437 831 1948 915">
    <p class='ocr_par' dir='ltr' id='par_1_10' title="bbox 437 831 1948 915">
     <span class='ocr_line' id='line_1_10' title="bbox 437 831 1948 915; baseline 0.009 -31"><span class='ocrx_word' id='word_1_55' title='bbox 437 831 503 885; x_wconf 85' lang='grc' dir='ltr'><strong>Α.</strong></span> <span class='ocrx_word' id='word_1_56' title='bbox 546 832 621 884; x_wconf 80' lang='grc' dir='ltr'><strong>Οὐ</strong></span> <span class='ocrx_word' id='word_1_57' title='bbox 667 832 776 903; x_wconf 78' lang='grc' dir='ltr'>γὰρ</span> <span class='ocrx_word' id='word_1_58' title='bbox 830 833 1105 899; x_wconf 76' lang='grc' dir='ltr'><strong>Ἰουδαίοις</strong></span> <span class='ocrx_word' id='word_1_59' title='bbox 1135 836 1238 906; x_wconf 84' lang='grc' dir='ltr'>μὲν</span> <span class='ocrx_word' id='word_1_60' title='bbox 1288 839 1584 894; x_wconf 78' lang='grc' dir='ltr'><strong>σκάνδαλον</strong></span> <span class='ocrx_word' id='word_1_61' title='bbox 1621 840 1684 894; x_wconf 76' lang='grc' dir='ltr'>τὸ</span> <span class='ocrx_word' id='word_1_62' title='bbox 1729 842 1823 895; x_wconf 67' lang='grc' dir='ltr'><strong>ἐπὶ</strong></span> <span class='ocrx_word' id='word_1_63' title='bbox 1870 843 1948 915; x_wconf 78' lang='grc' dir='ltr'><strong>τῷ</strong></span> 
     </span>
    </p>
   </div>
   <div class='ocr_carea' id='block_1_11' title="bbox 367 920 1945 1010">
    <p class='ocr_par' dir='ltr' id='par_1_11' title="bbox 367 920 1945 1010">
     <span class='ocr_line' id='line_1_11' title="bbox 367 920 1945 1010; baseline 0.009 -33"><span class='ocrx_word' id='word_1_64' title='bbox 367 927 588 996; x_wconf 78' lang='grc' dir='ltr'>σταυρῷ</span> <span class='ocrx_word' id='word_1_65' title='bbox 620 920 793 990; x_wconf 77' lang='grc' dir='ltr'>πάθος</span> <span class='ocrx_word' id='word_1_66' title='bbox 816 928 1074 996; x_wconf 80' lang='grc' dir='ltr'>γενέσθαι</span> <span class='ocrx_word' id='word_1_67' title='bbox 1100 932 1289 1002; x_wconf 76' lang='grc' dir='ltr'>φησὶν,</span> <span class='ocrx_word' id='word_1_68' title='bbox 1328 932 1556 1005; x_wconf 87' lang='grc' dir='ltr'>Ἕλλησι</span> <span class='ocrx_word' id='word_1_69' title='bbox 1592 935 1650 989; x_wconf 80' lang='grc' dir='ltr'>δὲ</span> <span class='ocrx_word' id='word_1_70' title='bbox 1694 937 1945 1010; x_wconf 86' lang='grc' dir='ltr'>μωρίαν;</span> 
     </span>
    </p>
   </div>
   <div class='ocr_carea' id='block_1_12' title="bbox 367 1013 1946 1095">
    <p class='ocr_par' dir='ltr' id='par_1_12' title="bbox 367 1013 1946 1095">
     <span class='ocr_line' id='line_1_12' title="bbox 367 1013 1946 1095; baseline 0.008 -29"><span class='ocrx_word' id='word_1_71' title='bbox 367 1014 434 1067; x_wconf 86' lang='grc' dir='ltr'>Οἰ</span> <span class='ocrx_word' id='word_1_72' title='bbox 469 1013 570 1085; x_wconf 79' lang='grc' dir='ltr'>μὲν</span> <span class='ocrx_word' id='word_1_73' title='bbox 611 1014 719 1086; x_wconf 81' lang='grc' dir='ltr'>γὰρ</span> <span class='ocrx_word' id='word_1_74' title='bbox 749 1015 1007 1085; x_wconf 78' lang='grc' dir='ltr'>ἔφασκον,</span> <span class='ocrx_word' id='word_1_75' title='bbox 1038 1020 1427 1092; x_wconf 73' lang='grc' dir='ltr'><strong>ἀπηρτημένον</strong></span> <span class='ocrx_word' id='word_1_76' title='bbox 1456 1021 1694 1095; x_wconf 84' lang='grc' dir='ltr'>ὁρῶντες</span> <span class='ocrx_word' id='word_1_77' title='bbox 1723 1024 1818 1078; x_wconf 89' lang='grc' dir='ltr'><strong>τοῦ</strong></span> <span class='ocrx_word' id='word_1_78' title='bbox 1850 1024 1946 1092; x_wconf 80' lang='grc' dir='ltr'><strong>ξύ-</strong></span> 
     </span>
    </p>
   </div>
   <div class='ocr_carea' id='block_1_13' title="bbox 366 1101 1945 1184">
    <p class='ocr_par' dir='ltr' id='par_1_13' title="bbox 366 1101 1945 1184">
     <span class='ocr_line' id='line_1_13' title="bbox 366 1101 1945 1184; baseline 0.011 -30"><span class='ocrx_word' id='word_1_79' title='bbox 366 1101 484 1169; x_wconf 88' lang='grc' dir='ltr'>λου,</span> <span class='ocrx_word' id='word_1_80' title='bbox 517 1104 612 1158; x_wconf 76' lang='grc' dir='ltr'>καὶ</span> <span class='ocrx_word' id='word_1_81' title='bbox 637 1104 736 1184; x_wconf 83' lang='grc' dir='ltr'><strong>τάς</strong></span> <span class='ocrx_word' id='word_1_82' title='bbox 777 1109 1093 1178; x_wconf 84' lang='grc' dir='ltr'>μιαιφόνους</span> <span class='ocrx_word' id='word_1_83' title='bbox 1123 1111 1212 1164; x_wconf 77' lang='grc' dir='ltr'><strong>ἐπ’</strong></span> <span class='ocrx_word' id='word_1_84' title='bbox 1241 1113 1390 1184; x_wconf 78' lang='grc' dir='ltr'>αὐτῷ</span> <span class='ocrx_word' id='word_1_85' title='bbox 1420 1114 1655 1179; x_wconf 77' lang='grc' dir='ltr'>σείοντες</span> <span class='ocrx_word' id='word_1_86' title='bbox 1678 1114 1945 1184; x_wconf 80' lang='grc' dir='ltr'>κεφαλάς,</span> 
     </span>
    </p>
   </div>
   <div class='ocr_carea' id='block_1_14' title="bbox 370 1183 1947 1277">
    <p class='ocr_par' dir='ltr' id='par_1_14' title="bbox 370 1183 1947 1277">
     <span class='ocr_line' id='line_1_14' title="bbox 370 1183 1947 1277; baseline 0.008 -28"><span class='ocrx_word' id='word_1_87' title='bbox 370 1212 392 1249; x_wconf 78' lang='grc' dir='ltr'><strong>ι</strong></span> <span class='ocrx_word' id='word_1_88' title='bbox 422 1193 489 1247; x_wconf 87' lang='grc' dir='ltr'>Εἰ</span> <span class='ocrx_word' id='word_1_89' title='bbox 531 1195 659 1260; x_wconf 70' lang='lat' dir='ltr'><strong>Tib;</strong></span> <span class='ocrx_word' id='word_1_90' title='bbox 687 1183 737 1249; x_wconf 82' lang='grc' dir='ltr'><strong>εἰ</strong></span> <span class='ocrx_word' id='word_1_91' title='bbox 772 1197 867 1252; x_wconf 91' lang='grc' dir='ltr'><strong>τοῦ</strong></span> <span class='ocrx_word' id='word_1_92' title='bbox 911 1198 1070 1268; x_wconf 85' lang='grc' dir='ltr'>Θεοῦ,</span> <span class='ocrx_word' id='word_1_93' title='bbox 1106 1183 1375 1275; x_wconf 76' lang='grc' dir='ltr'>κατάϐηθι</span> <span class='ocrx_word' id='word_1_94' title='bbox 1405 1205 1515 1260; x_wconf 84' lang='grc' dir='ltr'>άπὸ</span> <span class='ocrx_word' id='word_1_95' title='bbox 1544 1183 1813 1277; x_wconf 90' lang='grc' dir='ltr'>σταυροῦ,</span> <span class='ocrx_word' id='word_1_96' title='bbox 1851 1208 1947 1261; x_wconf 73' lang='grc' dir='ltr'>καὶ</span> 
     </span>
    </p>
   </div>
   <div class='ocr_carea' id='block_1_15' title="bbox 368 1284 1944 1369">
    <p class='ocr_par' dir='ltr' id='par_1_15' title="bbox 368 1284 1944 1369">
     <span class='ocr_line' id='line_1_15' title="bbox 368 1284 1944 1369; baseline 0.011 -34"><span class='ocrx_word' id='word_1_97' title='bbox 368 1284 731 1356; x_wconf 74' lang='grc' dir='ltr'>πιστεύσομεν</span> <span class='ocrx_word' id='word_1_98' title='bbox 761 1305 863 1342; x_wconf 88' lang='grc' dir='ltr'>σοι.</span> <span class='ocrx_word' id='word_1_99' title='bbox 902 1308 922 1342; x_wconf 77' lang='grc' dir='ltr'><strong>ι</strong></span> <span class='ocrx_word' id='word_1_100' title='bbox 957 1284 1148 1362; x_wconf 79' lang='grc' dir='ltr'>ᾯοντο</span> <span class='ocrx_word' id='word_1_101' title='bbox 1175 1293 1283 1366; x_wconf 83' lang='grc' dir='ltr'>γὰρ</span> <span class='ocrx_word' id='word_1_102' title='bbox 1311 1295 1394 1349; x_wconf 85' lang='grc' dir='ltr'>ὅτι</span> <span class='ocrx_word' id='word_1_103' title='bbox 1419 1295 1521 1367; x_wconf 80' lang='grc' dir='ltr'>τῆς</span> <span class='ocrx_word' id='word_1_104' title='bbox 1550 1296 1731 1351; x_wconf 81' lang='grc' dir='ltr'>αὐτῶν</span> <span class='ocrx_word' id='word_1_105' title='bbox 1762 1297 1944 1369; x_wconf 78' lang='grc' dir='ltr'><strong>ἰσχύος</strong></span> 
     </span>
    </p>
   </div>
   <div class='ocr_carea' id='block_1_16' title="bbox 366 1376 1943 1462">
    <p class='ocr_par' dir='ltr' id='par_1_16' title="bbox 366 1376 1943 1462">
     <span class='ocr_line' id='line_1_16' title="bbox 366 1376 1943 1462; baseline 0.01 -33"><span class='ocrx_word' id='word_1_106' title='bbox 366 1376 676 1448; x_wconf 76' lang='grc' dir='ltr'>ἡττώμενος</span> <span class='ocrx_word' id='word_1_107' title='bbox 704 1380 821 1451; x_wconf 75' lang='grc' dir='ltr'>ἥλω</span> <span class='ocrx_word' id='word_1_108' title='bbox 876 1383 973 1437; x_wconf 72' lang='grc' dir='ltr'>καὶ</span> <span class='ocrx_word' id='word_1_109' title='bbox 1001 1384 1236 1439; x_wconf 80' lang='grc' dir='ltr'>πέπονθε</span> <span class='ocrx_word' id='word_1_110' title='bbox 1264 1404 1279 1417; x_wconf 89' lang='grc'><strong>·</strong></span> <span class='ocrx_word' id='word_1_111' title='bbox 1312 1388 1656 1461; x_wconf 83' lang='grc' dir='ltr'>πεπλάνηντο</span> <span class='ocrx_word' id='word_1_112' title='bbox 1685 1389 1812 1462; x_wconf 80' lang='grc' dir='ltr'>γάρ,</span> <span class='ocrx_word' id='word_1_113' title='bbox 1844 1392 1943 1461; x_wconf 86' lang='grc' dir='ltr'>οὐχ</span> 
     </span>
    </p>
   </div>
   <div class='ocr_carea' id='block_1_17' title="bbox 368 1463 1944 1553">
    <p class='ocr_par' dir='ltr' id='par_1_17' title="bbox 368 1463 1944 1553">
     <span class='ocr_line' id='line_1_17' title="bbox 368 1463 1944 1553; baseline 0.011 -34"><span class='ocrx_word' id='word_1_114' title='bbox 368 1466 497 1521; x_wconf 80' lang='grc' dir='ltr'>Υἰὸν</span> <span class='ocrx_word' id='word_1_115' title='bbox 521 1463 661 1523; x_wconf 73' lang='grc' dir='ltr'>εἶναι</span> <span class='ocrx_word' id='word_1_116' title='bbox 703 1470 839 1524; x_wconf 88' lang='grc' dir='ltr'>Θεοῦ</span> <span class='ocrx_word' id='word_1_117' title='bbox 868 1472 1190 1543; x_wconf 87' lang='grc' dir='ltr'>νομίσαντες</span> <span class='ocrx_word' id='word_1_118' title='bbox 1239 1476 1481 1549; x_wconf 81' lang='grc' dir='ltr'>άληθῶς,</span> <span class='ocrx_word' id='word_1_119' title='bbox 1503 1479 1618 1534; x_wconf 80' lang='grc' dir='ltr'>ἀλλ’</span> <span class='ocrx_word' id='word_1_120' title='bbox 1650 1482 1733 1544; x_wconf 88' lang='grc' dir='ltr'><strong>εἰς</strong></span> <span class='ocrx_word' id='word_1_121' title='bbox 1771 1481 1944 1553; x_wconf 90' lang='grc' dir='ltr'>μόνην</span> 
     </span>
    </p>
   </div>
   <div class='ocr_carea' id='block_1_18' title="bbox 364 1557 1944 1642">
    <p class='ocr_par' dir='ltr' id='par_1_18' title="bbox 364 1557 1944 1642">
     <span class='ocr_line' id='line_1_18' title="bbox 364 1557 1944 1642; baseline 0.01 -32"><span class='ocrx_word' id='word_1_122' title='bbox 364 1557 600 1628; x_wconf 88' lang='grc' dir='ltr'>ὁρῶντες</span> <span class='ocrx_word' id='word_1_123' title='bbox 622 1558 721 1630; x_wconf 79' lang='grc' dir='ltr'>τὴν</span> <span class='ocrx_word' id='word_1_124' title='bbox 751 1561 951 1642; x_wconf 54' lang='grc' dir='ltr'>σάρκα,</span> <span class='ocrx_word' id='word_1_125' title='bbox 983 1562 1241 1635; x_wconf 79' lang='grc' dir='ltr'>Ἕλληνές</span> <span class='ocrx_word' id='word_1_126' title='bbox 1267 1583 1331 1635; x_wconf 90' lang='grc' dir='ltr'><strong>γε</strong></span> <span class='ocrx_word' id='word_1_127' title='bbox 1360 1567 1489 1639; x_wconf 83' lang='grc' dir='ltr'>μὴν,</span> <span class='ocrx_word' id='word_1_128' title='bbox 1518 1570 1580 1623; x_wconf 81' lang='grc' dir='ltr'>τὸ</span> <span class='ocrx_word' id='word_1_129' title='bbox 1608 1569 1701 1624; x_wconf 88' lang='grc' dir='ltr'><strong>τοῦ</strong></span> <span class='ocrx_word' id='word_1_130' title='bbox 1734 1587 1944 1642; x_wconf 84' lang='grc' dir='ltr'>μυστη-</span> 
     </span>
    </p>
   </div>
   <div class='ocr_carea' id='block_1_19' title="bbox 369 1640 1939 1729">
    <p class='ocr_par' dir='ltr' id='par_1_19' title="bbox 369 1640 1939 1729">
     <span class='ocr_line' id='line_1_19' title="bbox 369 1640 1939 1729; baseline 0.008 -29"><span class='ocrx_word' id='word_1_131' title='bbox 369 1648 484 1719; x_wconf 90' lang='grc' dir='ltr'>ρίου</span> <span class='ocrx_word' id='word_1_132' title='bbox 521 1647 681 1719; x_wconf 80' lang='grc' dir='ltr'>βάθος</span> <span class='ocrx_word' id='word_1_133' title='bbox 728 1652 847 1704; x_wconf 81' lang='grc' dir='ltr'>κατ’</span> <span class='ocrx_word' id='word_1_134' title='bbox 888 1640 1079 1706; x_wconf 82' lang='grc' dir='ltr'>οὖδὲνα</span> <span class='ocrx_word' id='word_1_135' title='bbox 1112 1653 1314 1725; x_wconf 85' lang='grc' dir='ltr'>τρόπον</span> <span class='ocrx_word' id='word_1_136' title='bbox 1361 1657 1600 1712; x_wconf 82' lang='grc' dir='ltr'>συνιέναι</span> <span class='ocrx_word' id='word_1_137' title='bbox 1630 1640 1939 1729; x_wconf 78' lang='grc' dir='ltr'>δυνάμενοι,</span> 
     </span>
    </p>
   </div>
   <div class='ocr_carea' id='block_1_20' title="bbox 2050 477 3626 551">
    <p class='ocr_par' dir='ltr' id='par_1_20' title="bbox 2050 477 3626 551">
     <span class='ocr_line' id='line_1_20' title="bbox 2050 477 3626 551; baseline 0.004 -17"><span class='ocrx_word' id='word_1_138' title='bbox 2050 480 2195 550; x_wconf 85' lang='lat' dir='ltr'><strong>quod</strong></span> <span class='ocrx_word' id='word_1_139' title='bbox 2222 478 2448 536; x_wconf 88' lang='lat' dir='ltr'><strong>stultum</strong></span> <span class='ocrx_word' id='word_1_140' title='bbox 2485 487 2574 535; x_wconf 88' lang='lat' dir='ltr'><strong>est</strong></span> <span class='ocrx_word' id='word_1_141' title='bbox 2606 477 2724 544; x_wconf 91' lang='lat' dir='ltr'><strong>Dei,</strong></span> <span class='ocrx_word' id='word_1_142' title='bbox 2747 481 3048 551; x_wconf 80' lang='lat' dir='ltr'><strong>sapientius</strong></span> <span class='ocrx_word' id='word_1_143' title='bbox 3077 492 3163 537; x_wconf 88' lang='lat' dir='ltr'><strong>est</strong></span> <span class='ocrx_word' id='word_1_144' title='bbox 3192 482 3504 539; x_wconf 85' lang='lat' dir='ltr'><strong>hominibus</strong></span> <span class='ocrx_word' id='word_1_145' title='bbox 3532 500 3548 537; x_wconf 88' lang='lat'><strong>:</strong></span> <span class='ocrx_word' id='word_1_146' title='bbox 3575 498 3626 541; x_wconf 89' lang='lat' dir='ltr'><strong>et</strong></span> 
     </span>
    </p>
   </div>
   <div class='ocr_carea' id='block_1_21' title="bbox 2051 568 3578 641">
    <p class='ocr_par' dir='ltr' id='par_1_21' title="bbox 2051 568 3578 641">
     <span class='ocr_line' id='line_1_21' title="bbox 2051 568 3578 641; baseline 0.003 -17"><span class='ocrx_word' id='word_1_147' title='bbox 2051 572 2193 641; x_wconf 88' lang='lat' dir='ltr'><strong>quod</strong></span> <span class='ocrx_word' id='word_1_148' title='bbox 2224 569 2494 625; x_wconf 85' lang='lat' dir='ltr'><strong>infirmum</strong></span> <span class='ocrx_word' id='word_1_149' title='bbox 2525 578 2611 626; x_wconf 93' lang='lat' dir='ltr'><strong>est</strong></span> <span class='ocrx_word' id='word_1_150' title='bbox 2640 568 2758 636; x_wconf 86' lang='lat' dir='ltr'><strong>Dei,</strong></span> <span class='ocrx_word' id='word_1_151' title='bbox 2790 570 2983 627; x_wconf 80' lang='lat' dir='ltr'><strong>fortius</strong></span> <span class='ocrx_word' id='word_1_152' title='bbox 3012 582 3096 625; x_wconf 87' lang='lat' dir='ltr'><strong>est</strong></span> <span class='ocrx_word' id='word_1_153' title='bbox 3125 572 3433 629; x_wconf 79' lang='lat' dir='ltr'><strong>hominibus</strong></span> <span class='ocrx_word' id='word_1_154' title='bbox 3457 574 3523 630; x_wconf 79' lang='lat'><strong>°&#39;.</strong></span> <span class='ocrx_word' id='word_1_155' title='bbox 3559 594 3578 628; x_wconf 71' lang='grc' dir='ltr'><strong>ι</strong></span> 
     </span>
    </p>
   </div>
   <div class='ocr_carea' id='block_1_22' title="bbox 2118 743 3577 819">
    <p class='ocr_par' dir='ltr' id='par_1_22' title="bbox 2118 743 3577 819">
     <span class='ocr_line' id='line_1_22' title="bbox 2118 743 3577 819; baseline 0.003 -21"><span class='ocrx_word' id='word_1_156' title='bbox 2118 743 2180 799; x_wconf 90' lang='grc' dir='ltr'><strong>Β.</strong></span> <span class='ocrx_word' id='word_1_157' title='bbox 2222 745 2341 811; x_wconf 85' lang='lat' dir='ltr'><strong>Quo</strong></span> <span class='ocrx_word' id='word_1_158' title='bbox 2369 746 2567 815; x_wconf 88' lang='lat' dir='ltr'><strong>pacto?</strong></span> <span class='ocrx_word' id='word_1_159' title='bbox 2595 761 2772 816; x_wconf 90' lang='lat' dir='ltr'><strong>neque</strong></span> <span class='ocrx_word' id='word_1_160' title='bbox 2800 747 2946 802; x_wconf 90' lang='lat' dir='ltr'><strong>enim</strong></span> <span class='ocrx_word' id='word_1_161' title='bbox 2979 746 3240 816; x_wconf 77' lang='lat' dir='ltr'><strong>intelligo.</strong></span> <span class='ocrx_word' id='word_1_162' title='bbox 3574 816 3577 819; x_wconf 18' lang='grc' dir='ltr'><em>ν</em></span> 
     </span>
    </p>
   </div>
   <div class='ocr_carea' id='block_1_23' title="bbox 2117 835 3642 911">
    <p class='ocr_par' dir='ltr' id='par_1_23' title="bbox 2117 835 3642 911">
     <span class='ocr_line' id='line_1_23' title="bbox 2117 835 3642 911; baseline 0.006 -22"><span class='ocrx_word' id='word_1_163' title='bbox 2117 838 2184 890; x_wconf 82' lang='grc' dir='ltr'><strong>Α.</strong></span> <span class='ocrx_word' id='word_1_164' title='bbox 2226 835 2417 893; x_wconf 82' lang='lat' dir='ltr'><strong>Nonne</strong></span> <span class='ocrx_word' id='word_1_165' title='bbox 2447 839 2594 894; x_wconf 90' lang='lat' dir='ltr'><strong>enim</strong></span> <span class='ocrx_word' id='word_1_166' title='bbox 2621 836 2823 895; x_wconf 66' lang='lat' dir='ltr'><strong>Iudaeis</strong></span> <span class='ocrx_word' id='word_1_167' title='bbox 2850 840 3111 895; x_wconf 82' lang='lat' dir='ltr'><strong>seandalo</strong></span> <span class='ocrx_word' id='word_1_168' title='bbox 3141 839 3309 896; x_wconf 88' lang='lat' dir='ltr'><strong>fuisse</strong></span> <span class='ocrx_word' id='word_1_169' title='bbox 3339 842 3469 897; x_wconf 83' lang='lat' dir='ltr'><strong>dicit</strong></span> <span class='ocrx_word' id='word_1_170' title='bbox 3499 858 3642 911; x_wconf 51' lang='lat' dir='ltr'><strong>pass</strong></span> 
     </span>
    </p>
   </div>
   <div class='ocr_carea' id='block_1_24' title="bbox 2048 921 3626 996">
    <p class='ocr_par' dir='ltr' id='par_1_24' title="bbox 2048 921 3626 996">
     <span class='ocr_line' id='line_1_24' title="bbox 2048 921 3626 996; baseline 0.006 -15"><span class='ocrx_word' id='word_1_171' title='bbox 2048 927 2257 983; x_wconf 85' lang='lat' dir='ltr'><strong>sionem</strong></span> <span class='ocrx_word' id='word_1_172' title='bbox 2290 929 2499 996; x_wconf 87' lang='lat' dir='ltr'><strong>crucis,</strong></span> <span class='ocrx_word' id='word_1_173' title='bbox 2534 928 2742 987; x_wconf 67' lang='lat' dir='ltr'><strong>Grazcis</strong></span> <span class='ocrx_word' id='word_1_174' title='bbox 2779 940 2960 987; x_wconf 89' lang='lat' dir='ltr'><strong>autem</strong></span> <span class='ocrx_word' id='word_1_175' title='bbox 2998 930 3328 987; x_wconf 84' lang='lat' dir='ltr'><strong>stultitiam?</strong></span> <span class='ocrx_word' id='word_1_176' title='bbox 3364 933 3446 988; x_wconf 91' lang='lat' dir='ltr'><strong>llli</strong></span> <span class='ocrx_word' id='word_1_177' title='bbox 3480 921 3626 990; x_wconf 73' lang='lat' dir='ltr'><strong>eiiim</strong></span> 
     </span>
    </p>
   </div>
   <div class='ocr_carea' id='block_1_25' title="bbox 2048 1018 3631 1094">
    <p class='ocr_par' dir='ltr' id='par_1_25' title="bbox 2048 1018 3631 1094">
     <span class='ocr_line' id='line_1_25' title="bbox 2048 1018 3631 1094; baseline 0.006 -21"><span class='ocrx_word' id='word_1_178' title='bbox 2048 1018 2331 1086; x_wconf 80' lang='lat' dir='ltr'><strong>dixerunt,</strong></span> <span class='ocrx_word' id='word_1_179' title='bbox 2365 1035 2489 1075; x_wconf 90' lang='lat' dir='ltr'><strong>cum</strong></span> <span class='ocrx_word' id='word_1_180' title='bbox 2524 1020 2673 1076; x_wconf 90' lang='lat' dir='ltr'><strong>illum</strong></span> <span class='ocrx_word' id='word_1_181' title='bbox 2708 1036 3029 1090; x_wconf 85' lang='lat' dir='ltr'><strong>suspensum</strong></span> <span class='ocrx_word' id='word_1_182' title='bbox 3063 1035 3096 1077; x_wconf 91' lang='lat' dir='ltr'><strong>e</strong></span> <span class='ocrx_word' id='word_1_183' title='bbox 3128 1021 3274 1094; x_wconf 79' lang='lat' dir='ltr'><strong>ligno</strong></span> <span class='ocrx_word' id='word_1_184' title='bbox 3307 1034 3631 1091; x_wconf 90' lang='lat' dir='ltr'><strong>cernerent,</strong></span> 
     </span>
    </p>
   </div>
   <div class='ocr_carea' id='block_1_26' title="bbox 2048 1110 3628 1183">
    <p class='ocr_par' dir='ltr' id='par_1_26' title="bbox 2048 1110 3628 1183">
     <span class='ocr_line' id='line_1_26' title="bbox 2048 1110 3628 1183; baseline 0.004 -20"><span class='ocrx_word' id='word_1_185' title='bbox 2048 1110 2459 1181; x_wconf 78' lang='lat' dir='ltr'><strong>sanguinolenta</strong></span> <span class='ocrx_word' id='word_1_186' title='bbox 2500 1110 2817 1168; x_wconf 89' lang='lat' dir='ltr'><strong>motitantes</strong></span> <span class='ocrx_word' id='word_1_187' title='bbox 2859 1113 3039 1183; x_wconf 85' lang='lat' dir='ltr'><strong>capita</strong></span> <span class='ocrx_word' id='word_1_188' title='bbox 3084 1130 3098 1168; x_wconf 91' lang='lat'>:</span> <span class='ocrx_word' id='word_1_189' title='bbox 3149 1130 3169 1166; x_wconf 84' lang='grc' dir='ltr'><strong>ι</strong></span> <span class='ocrx_word' id='word_1_190' title='bbox 3222 1113 3281 1168; x_wconf 72' lang='lat' dir='ltr'><strong>Si</strong></span> <span class='ocrx_word' id='word_1_191' title='bbox 3323 1113 3491 1170; x_wconf 86' lang='lat' dir='ltr'><strong>Filius</strong></span> <span class='ocrx_word' id='word_1_192' title='bbox 3532 1114 3628 1169; x_wconf 87' lang='lat' dir='ltr'><strong>Dei</strong></span> 
     </span>
    </p>
   </div>
   <div class='ocr_carea' id='block_1_27' title="bbox 2046 1200 3629 1268">
    <p class='ocr_par' dir='ltr' id='par_1_27' title="bbox 2046 1200 3629 1268">
     <span class='ocr_line' id='line_1_27' title="bbox 2046 1200 3629 1268; baseline 0.003 -13"><span class='ocrx_word' id='word_1_193' title='bbox 2046 1214 2127 1268; x_wconf 89' lang='lat' dir='ltr'><strong>es,</strong></span> <span class='ocrx_word' id='word_1_194' title='bbox 2156 1200 2426 1257; x_wconf 88' lang='lat' dir='ltr'><strong>descende</strong></span> <span class='ocrx_word' id='word_1_195' title='bbox 2456 1216 2489 1257; x_wconf 90' lang='lat' dir='ltr'><strong>e</strong></span> <span class='ocrx_word' id='word_1_196' title='bbox 2518 1216 2702 1268; x_wconf 89' lang='lat' dir='ltr'><strong>cruce,</strong></span> <span class='ocrx_word' id='word_1_197' title='bbox 2732 1212 2789 1258; x_wconf 91' lang='lat' dir='ltr'><strong>et</strong></span> <span class='ocrx_word' id='word_1_198' title='bbox 2821 1204 3110 1260; x_wconf 83' lang='lat' dir='ltr'><strong>credemus</strong></span> <span class='ocrx_word' id='word_1_199' title='bbox 3145 1205 3244 1261; x_wconf 89' lang='lat' dir='ltr'><strong>tibi</strong></span> <span class='ocrx_word' id='word_1_200' title='bbox 3267 1204 3335 1260; x_wconf 74' lang='lat'><strong>“.</strong></span> <span class='ocrx_word' id='word_1_201' title='bbox 3376 1224 3395 1257; x_wconf 73' lang='grc' dir='ltr'><strong>ι</strong></span> <span class='ocrx_word' id='word_1_202' title='bbox 3432 1204 3629 1260; x_wconf 78' lang='lat' dir='ltr'><strong>Existi-</strong></span> 
     </span>
    </p>
   </div>
   <div class='ocr_carea' id='block_1_28' title="bbox 2046 1290 3647 1368">
    <p class='ocr_par' dir='ltr' id='par_1_28' title="bbox 2046 1290 3647 1368">
     <span class='ocr_line' id='line_1_28' title="bbox 2046 1290 3647 1368; baseline 0.005 -23"><span class='ocrx_word' id='word_1_203' title='bbox 2046 1292 2271 1346; x_wconf 83' lang='lat' dir='ltr'><strong>iuabant</strong></span> <span class='ocrx_word' id='word_1_204' title='bbox 2309 1290 2457 1345; x_wconf 90' lang='lat' dir='ltr'><strong>enim</strong></span> <span class='ocrx_word' id='word_1_205' title='bbox 2501 1292 2651 1347; x_wconf 90' lang='lat' dir='ltr'><strong>illum</strong></span> <span class='ocrx_word' id='word_1_206' title='bbox 2689 1293 2945 1348; x_wconf 87' lang='lat' dir='ltr'><strong>violentia</strong></span> <span class='ocrx_word' id='word_1_207' title='bbox 2990 1295 3235 1365; x_wconf 88' lang='lat' dir='ltr'><strong>ipsorum</strong></span> <span class='ocrx_word' id='word_1_208' title='bbox 3279 1305 3647 1368; x_wconf 86' lang='lat' dir='ltr'><strong>superatum,</strong></span> 
     </span>
    </p>
   </div>
   <div class='ocr_carea' id='block_1_29' title="bbox 2046 1381 3629 1455">
    <p class='ocr_par' dir='ltr' id='par_1_29' title="bbox 2046 1381 3629 1455">
     <span class='ocr_line' id='line_1_29' title="bbox 2046 1381 3629 1455; baseline 0.003 -19"><span class='ocrx_word' id='word_1_209' title='bbox 2046 1395 2264 1449; x_wconf 88' lang='lat' dir='ltr'><strong>passum</strong></span> <span class='ocrx_word' id='word_1_210' title='bbox 2292 1394 2435 1438; x_wconf 89' lang='lat' dir='ltr'><strong>esse.</strong></span> <span class='ocrx_word' id='word_1_211' title='bbox 2465 1381 2733 1439; x_wconf 82' lang='lat' dir='ltr'><strong>Errarunt</strong></span> <span class='ocrx_word' id='word_1_212' title='bbox 2760 1393 2965 1452; x_wconf 91' lang='lat' dir='ltr'><strong>autem,</strong></span> <span class='ocrx_word' id='word_1_213' title='bbox 2995 1394 3252 1455; x_wconf 84' lang='lat' dir='ltr'><strong>putantes</strong></span> <span class='ocrx_word' id='word_1_214' title='bbox 3274 1402 3404 1441; x_wconf 83' lang='lat' dir='ltr'><strong>vere</strong></span> <span class='ocrx_word' id='word_1_215' title='bbox 3430 1386 3629 1442; x_wconf 88' lang='lat' dir='ltr'><strong>Filium</strong></span> 
     </span>
    </p>
   </div>
   <div class='ocr_carea' id='block_1_30' title="bbox 2050 1471 3631 1535">
    <p class='ocr_par' dir='ltr' id='par_1_30' title="bbox 2050 1471 3631 1535">
     <span class='ocr_line' id='line_1_30' title="bbox 2050 1471 3631 1535; baseline 0.003 -8"><span class='ocrx_word' id='word_1_216' title='bbox 2050 1471 2143 1527; x_wconf 91' lang='lat' dir='ltr'><strong>Dei</strong></span> <span class='ocrx_word' id='word_1_217' title='bbox 2179 1485 2284 1527; x_wconf 92' lang='lat' dir='ltr'><strong>non</strong></span> <span class='ocrx_word' id='word_1_218' title='bbox 2320 1485 2475 1535; x_wconf 89' lang='lat' dir='ltr'><strong>esse,</strong></span> <span class='ocrx_word' id='word_1_219' title='bbox 2511 1472 2680 1528; x_wconf 89' lang='lat' dir='ltr'><strong>solam</strong></span> <span class='ocrx_word' id='word_1_220' title='bbox 2715 1488 2934 1529; x_wconf 89' lang='lat' dir='ltr'><strong>carnem</strong></span> <span class='ocrx_word' id='word_1_221' title='bbox 2968 1475 3261 1532; x_wconf 87' lang='lat' dir='ltr'><strong>intuentes.</strong></span> <span class='ocrx_word' id='word_1_222' title='bbox 3292 1475 3467 1532; x_wconf 79' lang='lat' dir='ltr'><strong>Graeci</strong></span> <span class='ocrx_word' id='word_1_223' title='bbox 3499 1491 3631 1533; x_wconf 89' lang='lat' dir='ltr'><strong>vero</strong></span> 
     </span>
    </p>
   </div>
   <div class='ocr_carea' id='block_1_31' title="bbox 2047 1562 3627 1638">
    <p class='ocr_par' dir='ltr' id='par_1_31' title="bbox 2047 1562 3627 1638">
     <span class='ocr_line' id='line_1_31' title="bbox 2047 1562 3627 1638; baseline 0.004 -21"><span class='ocrx_word' id='word_1_224' title='bbox 2047 1577 2166 1617; x_wconf 84' lang='lat' dir='ltr'><strong>cum</strong></span> <span class='ocrx_word' id='word_1_225' title='bbox 2198 1562 2442 1632; x_wconf 85' lang='lat' dir='ltr'><strong>mysterii</strong></span> <span class='ocrx_word' id='word_1_226' title='bbox 2473 1562 2901 1632; x_wconf 79' lang='lat' dir='ltr'><strong>magnitudinem</strong></span> <span class='ocrx_word' id='word_1_227' title='bbox 2930 1566 3078 1622; x_wconf 90' lang='lat' dir='ltr'><strong>nulla</strong></span> <span class='ocrx_word' id='word_1_228' title='bbox 3105 1568 3317 1622; x_wconf 82' lang='lat' dir='ltr'><strong>ratione</strong></span> <span class='ocrx_word' id='word_1_229' title='bbox 3342 1568 3627 1638; x_wconf 89' lang='lat' dir='ltr'><strong>percipere</strong></span> 
     </span>
    </p>
   </div>
   <div class='ocr_carea' id='block_1_32' title="bbox 2044 1650 3630 1728">
    <p class='ocr_par' dir='ltr' id='par_1_32' title="bbox 2044 1650 3630 1728">
     <span class='ocr_line' id='line_1_32' title="bbox 2044 1650 3630 1728; baseline 0.004 -21"><span class='ocrx_word' id='word_1_230' title='bbox 2044 1662 2285 1721; x_wconf 84' lang='lat' dir='ltr'><strong>possent,</strong></span> <span class='ocrx_word' id='word_1_231' title='bbox 2326 1650 2550 1706; x_wconf 90' lang='lat' dir='ltr'><strong>stultum</strong></span> <span class='ocrx_word' id='word_1_232' title='bbox 2595 1666 2718 1709; x_wconf 87' lang='lat' dir='ltr'><strong>esse</strong></span> <span class='ocrx_word' id='word_1_233' title='bbox 2758 1651 2949 1709; x_wconf 89' lang='lat' dir='ltr'><strong>dicunt</strong></span> <span class='ocrx_word' id='word_1_234' title='bbox 2986 1656 3170 1712; x_wconf 87' lang='lat' dir='ltr'><strong>dicere</strong></span> <span class='ocrx_word' id='word_1_235' title='bbox 3212 1656 3488 1713; x_wconf 85' lang='lat' dir='ltr'><strong>Christum</strong></span> <span class='ocrx_word' id='word_1_236' title='bbox 3529 1673 3630 1728; x_wconf 89' lang='lat' dir='ltr'><strong>pro</strong></span> 
     </span>
    </p>
   </div>
   <div class='ocr_carea' id='block_1_33' title="bbox 367 1737 1939 1820">
    <p class='ocr_par' dir='ltr' id='par_1_33' title="bbox 367 1737 1939 1820">
     <span class='ocr_line' id='line_1_33' title="bbox 367 1737 1939 1820; baseline 0.006 -27"><span class='ocrx_word' id='word_1_237' title='bbox 367 1740 582 1811; x_wconf 83' lang='grc' dir='ltr'>μωρίαν</span> <span class='ocrx_word' id='word_1_238' title='bbox 629 1737 767 1796; x_wconf 73' lang='grc' dir='ltr'>εἶναι</span> <span class='ocrx_word' id='word_1_239' title='bbox 817 1743 1099 1815; x_wconf 79' lang='grc' dir='ltr'>νομίζουσι</span> <span class='ocrx_word' id='word_1_240' title='bbox 1158 1744 1222 1799; x_wconf 77' lang='grc' dir='ltr'>τὸ</span> <span class='ocrx_word' id='word_1_241' title='bbox 1264 1744 1519 1815; x_wconf 85' lang='grc' dir='ltr'>λέγεσθαι</span> <span class='ocrx_word' id='word_1_242' title='bbox 1572 1748 1711 1820; x_wconf 81' lang='grc' dir='ltr'>πρὸς</span> <span class='ocrx_word' id='word_1_243' title='bbox 1760 1749 1939 1820; x_wconf 78' lang='grc' dir='ltr'>ἡμῶν,</span> 
     </span>
    </p>
   </div>
   <div class='ocr_carea' id='block_1_34' title="bbox 2045 1737 3629 1820">
    <p class='ocr_par' dir='ltr' id='par_1_34' title="bbox 2046 1740 3629 1818">
     <span class='ocr_line' id='line_1_34' title="bbox 2046 1740 3629 1818; baseline 0.009 -28"><span class='ocrx_word' id='word_1_244' title='bbox 2046 1741 2153 1794; x_wconf 84' lang='lat' dir='ltr'><strong>vita</strong></span> <span class='ocrx_word' id='word_1_245' title='bbox 2189 1740 2372 1795; x_wconf 92' lang='lat' dir='ltr'><strong>mundi</strong></span> <span class='ocrx_word' id='word_1_246' title='bbox 2408 1749 2682 1796; x_wconf 89' lang='lat' dir='ltr'><strong>mortuum</strong></span> <span class='ocrx_word' id='word_1_247' title='bbox 2712 1756 2854 1798; x_wconf 87' lang='lat' dir='ltr'><strong>esse.</strong></span> <span class='ocrx_word' id='word_1_248' title='bbox 2891 1742 2999 1798; x_wconf 88' lang='lat' dir='ltr'><strong>Sed</strong></span> <span class='ocrx_word' id='word_1_249' title='bbox 3032 1745 3135 1800; x_wconf 85' lang='lat' dir='ltr'><strong>hoc</strong></span> <span class='ocrx_word' id='word_1_250' title='bbox 3167 1746 3343 1815; x_wconf 90' lang='lat' dir='ltr'><strong>ipsum</strong></span> <span class='ocrx_word' id='word_1_251' title='bbox 3374 1749 3519 1818; x_wconf 88' lang='lat' dir='ltr'><strong>quod</strong></span> <span class='ocrx_word' id='word_1_252' title='bbox 3550 1749 3629 1804; x_wconf 88' lang='lat' dir='ltr'><strong>vi-</strong></span> 
     </span>
    </p>
   </div>
   <div class='ocr_carea' id='block_1_35' title="bbox 363 1832 1939 1909">
    <p class='ocr_par' dir='ltr' id='par_1_35' title="bbox 363 1832 1939 1909">
     <span class='ocr_line' id='line_1_35' title="bbox 363 1832 1939 1909; baseline 0.006 -24"><span class='ocrx_word' id='word_1_253' title='bbox 363 1832 615 1899; x_wconf 78' lang='grc' dir='ltr'>τεθνάναι</span> <span class='ocrx_word' id='word_1_254' title='bbox 642 1835 876 1906; x_wconf 84' lang='grc' dir='ltr'>Χριστὸν</span> <span class='ocrx_word' id='word_1_255' title='bbox 904 1836 1043 1908; x_wconf 83' lang='grc' dir='ltr'>ὑπὲρ</span> <span class='ocrx_word' id='word_1_256' title='bbox 1086 1837 1187 1909; x_wconf 79' lang='grc' dir='ltr'>τῆς</span> <span class='ocrx_word' id='word_1_257' title='bbox 1214 1836 1307 1891; x_wconf 85' lang='grc' dir='ltr'><strong>τοῦ</strong></span> <span class='ocrx_word' id='word_1_258' title='bbox 1342 1837 1548 1909; x_wconf 80' lang='grc' dir='ltr'>κόσμου</span> <span class='ocrx_word' id='word_1_259' title='bbox 1589 1839 1757 1909; x_wconf 79' lang='grc' dir='ltr'>ζωῆς.</span> <span class='ocrx_word' id='word_1_260' title='bbox 1799 1839 1939 1893; x_wconf 81' lang='grc' dir='ltr'>Ἀλλ’</span> 
     </span>
    </p>
   </div>
   <div class='ocr_carea' id='block_1_36' title="bbox 363 1922 1941 2000">
    <p class='ocr_par' dir='ltr' id='par_1_36' title="bbox 363 1922 1941 2000">
     <span class='ocr_line' id='line_1_36' title="bbox 363 1922 1941 2000; baseline 0.004 -25"><span class='ocrx_word' id='word_1_261' title='bbox 363 1922 496 1981; x_wconf 79' lang='grc' dir='ltr'>αὐτὸ</span> <span class='ocrx_word' id='word_1_262' title='bbox 519 1924 583 1994; x_wconf 81' lang='grc' dir='ltr'>δὴ</span> <span class='ocrx_word' id='word_1_263' title='bbox 615 1925 769 1978; x_wconf 79' lang='grc' dir='ltr'>τουτὶ</span> <span class='ocrx_word' id='word_1_264' title='bbox 787 1926 850 1978; x_wconf 62' lang='lat' dir='ltr'><strong>ab</strong></span> <span class='ocrx_word' id='word_1_265' title='bbox 874 1924 1067 1980; x_wconf 82' lang='grc' dir='ltr'>δοκοῦν</span> <span class='ocrx_word' id='word_1_266' title='bbox 1099 1923 1239 1981; x_wconf 87' lang='grc' dir='ltr'>εἰναι</span> <span class='ocrx_word' id='word_1_267' title='bbox 1268 1928 1470 2000; x_wconf 81' lang='grc' dir='ltr'>μωρὸν,</span> <span class='ocrx_word' id='word_1_268' title='bbox 1501 1925 1807 1998; x_wconf 76' lang='grc' dir='ltr'>σοφώτερον</span> <span class='ocrx_word' id='word_1_269' title='bbox 1830 1926 1941 1981; x_wconf 88' lang='grc' dir='ltr'><strong>τῶν</strong></span> 
     </span>
    </p>
   </div>
   <div class='ocr_carea' id='block_1_37' title="bbox 363 2014 1941 2090">
    <p class='ocr_par' dir='ltr' id='par_1_37' title="bbox 363 2014 1941 2090">
     <span class='ocr_line' id='line_1_37' title="bbox 363 2014 1941 2090; baseline 0.004 -22"><span class='ocrx_word' id='word_1_270' title='bbox 363 2014 666 2087; x_wconf 86' lang='grc' dir='ltr'>ἀνθρώπων</span> <span class='ocrx_word' id='word_1_271' title='bbox 691 2016 826 2071; x_wconf 79' lang='grc' dir='ltr'>ἐστί.</span> <span class='ocrx_word' id='word_1_272' title='bbox 854 2016 1033 2081; x_wconf 75' lang='grc' dir='ltr'>Βαθὺς</span> <span class='ocrx_word' id='word_1_273' title='bbox 1059 2019 1166 2090; x_wconf 79' lang='grc' dir='ltr'><strong>γὰρ</strong></span> <span class='ocrx_word' id='word_1_274' title='bbox 1197 2022 1226 2074; x_wconf 88' lang='grc' dir='ltr'><strong>ό</strong></span> <span class='ocrx_word' id='word_1_275' title='bbox 1251 2019 1428 2089; x_wconf 87' lang='grc' dir='ltr'>λόγος,</span> <span class='ocrx_word' id='word_1_276' title='bbox 1446 2018 1659 2089; x_wconf 77' lang='grc' dir='ltr'>καὶτῆς</span> <span class='ocrx_word' id='word_1_277' title='bbox 1678 2019 1941 2074; x_wconf 81' lang='grc' dir='ltr'>ἀνωτάτω</span> 
     </span>
    </p>
   </div>
   <div class='ocr_carea' id='block_1_38' title="bbox 364 2105 1940 2180">
    <p class='ocr_par' dir='ltr' id='par_1_38' title="bbox 364 2105 1940 2180">
     <span class='ocr_line' id='line_1_38' title="bbox 364 2105 1940 2180; baseline 0.003 -22"><span class='ocrx_word' id='word_1_278' title='bbox 364 2105 557 2174; x_wconf 83' lang='grc' dir='ltr'>σοφίας</span> <span class='ocrx_word' id='word_1_279' title='bbox 589 2106 883 2178; x_wconf 80' lang='grc' dir='ltr'>ὲπίμεστος</span> <span class='ocrx_word' id='word_1_280' title='bbox 905 2107 1140 2179; x_wconf 83' lang='grc' dir='ltr'>άληθῶς,</span> <span class='ocrx_word' id='word_1_281' title='bbox 1157 2110 1186 2163; x_wconf 90' lang='grc' dir='ltr'><strong>ό</strong></span> <span class='ocrx_word' id='word_1_282' title='bbox 1204 2109 1295 2163; x_wconf 80' lang='grc' dir='ltr'>ἐπί</span> <span class='ocrx_word' id='word_1_283' title='bbox 1328 2126 1413 2178; x_wconf 92' lang='grc' dir='ltr'><strong>γε,</strong></span> <span class='ocrx_word' id='word_1_284' title='bbox 1432 2108 1597 2180; x_wconf 75' lang='grc' dir='ltr'>φημὶ,</span> <span class='ocrx_word' id='word_1_285' title='bbox 1622 2106 1702 2179; x_wconf 77' lang='grc' dir='ltr'><strong>τῷ</strong></span> <span class='ocrx_word' id='word_1_286' title='bbox 1721 2110 1940 2163; x_wconf 82' lang='grc' dir='ltr'>πάντων</span> 
     </span>
    </p>
   </div>
   <div class='ocr_carea' id='block_1_39' title="bbox 363 2196 1940 2273">
    <p class='ocr_par' dir='ltr' id='par_1_39' title="bbox 363 2196 1940 2273">
     <span class='ocr_line' id='line_1_39' title="bbox 363 2196 1940 2273; baseline 0.001 -21"><span class='ocrx_word' id='word_1_287' title='bbox 363 2198 521 2268; x_wconf 76' lang='grc' dir='ltr'>ἡμῶν</span> <span class='ocrx_word' id='word_1_288' title='bbox 550 2199 763 2271; x_wconf 85' lang='grc' dir='ltr'>Σωτῆρι</span> <span class='ocrx_word' id='word_1_289' title='bbox 787 2199 1033 2273; x_wconf 80' lang='grc' dir='ltr'>Χριστῷ,</span> <span class='ocrx_word' id='word_1_290' title='bbox 1056 2202 1152 2255; x_wconf 73' lang='grc' dir='ltr'>καὶ</span> <span class='ocrx_word' id='word_1_291' title='bbox 1171 2199 1233 2254; x_wconf 80' lang='grc' dir='ltr'>τὸ</span> <span class='ocrx_word' id='word_1_292' title='bbox 1260 2200 1486 2265; x_wconf 85' lang='grc' dir='ltr'>ἀσθενὲς</span> <span class='ocrx_word' id='word_1_293' title='bbox 1514 2196 1655 2255; x_wconf 73' lang='grc' dir='ltr'>εἶναι</span> <span class='ocrx_word' id='word_1_294' title='bbox 1685 2200 1940 2272; x_wconf 77' lang='grc' dir='ltr'>νομισθὲν</span> 
     </span>
    </p>
   </div>
   <div class='ocr_carea' id='block_1_40' title="bbox 363 2290 1940 2363">
    <p class='ocr_par' dir='ltr' id='par_1_40' title="bbox 363 2290 1940 2363">
     <span class='ocr_line' id='line_1_40' title="bbox 363 2290 1940 2363; baseline 0.001 -20"><span class='ocrx_word' id='word_1_295' title='bbox 363 2290 516 2359; x_wconf 86' lang='grc' dir='ltr'>παρά</span> <span class='ocrx_word' id='word_1_296' title='bbox 564 2307 628 2359; x_wconf 83' lang='grc' dir='ltr'><strong>γε</strong></span> <span class='ocrx_word' id='word_1_297' title='bbox 664 2292 779 2355; x_wconf 88' lang='grc' dir='ltr'>τοῖς</span> <span class='ocrx_word' id='word_1_298' title='bbox 830 2290 1098 2345; x_wconf 86' lang='grc' dir='ltr'>Ἰουδαίων</span> <span class='ocrx_word' id='word_1_299' title='bbox 1148 2292 1374 2363; x_wconf 84' lang='grc' dir='ltr'>δήμοις,</span> <span class='ocrx_word' id='word_1_300' title='bbox 1430 2291 1777 2362; x_wconf 78' lang='grc' dir='ltr'>ἰσχυρότερον</span> <span class='ocrx_word' id='word_1_301' title='bbox 1827 2290 1940 2345; x_wconf 89' lang='grc' dir='ltr'><strong>τῶν</strong></span> 
     </span>
    </p>
   </div>
   <div class='ocr_carea' id='block_1_41' title="bbox 358 2381 1938 2455">
    <p class='ocr_par' dir='ltr' id='par_1_41' title="bbox 358 2381 1938 2455">
     <span class='ocr_line' id='line_1_41' title="bbox 358 2381 1938 2455; baseline 0.001 -21"><span class='ocrx_word' id='word_1_302' title='bbox 358 2381 669 2453; x_wconf 82' lang='grc' dir='ltr'>ἀνθρώπων</span> <span class='ocrx_word' id='word_1_303' title='bbox 713 2383 853 2437; x_wconf 74' lang='grc' dir='ltr'>ἐστί.</span> <span class='ocrx_word' id='word_1_304' title='bbox 883 2383 1100 2437; x_wconf 86' lang='grc' dir='ltr'>Σέσωκε</span> <span class='ocrx_word' id='word_1_305' title='bbox 1132 2383 1242 2453; x_wconf 82' lang='grc' dir='ltr'><strong>γὰρ</strong></span> <span class='ocrx_word' id='word_1_306' title='bbox 1280 2384 1428 2454; x_wconf 80' lang='grc' dir='ltr'>ἡμᾶς</span> <span class='ocrx_word' id='word_1_307' title='bbox 1454 2385 1483 2437; x_wconf 90' lang='grc' dir='ltr'><strong>ό</strong></span> <span class='ocrx_word' id='word_1_308' title='bbox 1512 2382 1806 2455; x_wconf 85' lang='grc' dir='ltr'>μονογενὴς</span> <span class='ocrx_word' id='word_1_309' title='bbox 1841 2382 1938 2437; x_wconf 89' lang='grc' dir='ltr'><strong>τοῦ</strong></span> 
     </span>
    </p>
   </div>
   <div class='ocr_carea' id='block_1_42' title="bbox 359 2471 1939 2545">
    <p class='ocr_par' dir='ltr' id='par_1_42' title="bbox 359 2471 1939 2545">
     <span class='ocr_line' id='line_1_42' title="bbox 359 2471 1939 2545; baseline 0.001 -20"><span class='ocrx_word' id='word_1_310' title='bbox 359 2471 497 2525; x_wconf 85' lang='grc' dir='ltr'>Θεοῦ</span> <span class='ocrx_word' id='word_1_311' title='bbox 542 2473 745 2541; x_wconf 81' lang='grc' dir='ltr'>Λόγος,</span> <span class='ocrx_word' id='word_1_312' title='bbox 779 2472 877 2543; x_wconf 85' lang='grc' dir='ltr'><strong>τὴν</strong></span> <span class='ocrx_word' id='word_1_313' title='bbox 902 2473 1038 2544; x_wconf 80' lang='grc' dir='ltr'>πρὸς</span> <span class='ocrx_word' id='word_1_314' title='bbox 1087 2474 1236 2544; x_wconf 80' lang='grc' dir='ltr'>ἡμᾶς</span> <span class='ocrx_word' id='word_1_315' title='bbox 1280 2473 1540 2545; x_wconf 90' lang='grc' dir='ltr'>όμοίωσιν</span> <span class='ocrx_word' id='word_1_316' title='bbox 1582 2471 1815 2539; x_wconf 81' lang='grc' dir='ltr'>ὑποδὺς,</span> <span class='ocrx_word' id='word_1_317' title='bbox 1853 2473 1939 2527; x_wconf 80' lang='grc' dir='ltr'>ἵνα</span> 
     </span>
    </p>
   </div>
   <div class='ocr_carea' id='block_1_43' title="bbox 362 2559 1942 2634">
    <p class='ocr_par' dir='ltr' id='par_1_43' title="bbox 362 2559 1942 2634">
     <span class='ocr_line' id='line_1_43' title="bbox 362 2559 1942 2634; baseline 0.001 -20"><span class='ocrx_word' id='word_1_318' title='bbox 362 2560 529 2632; x_wconf 73' lang='grc' dir='ltr'>σαρκὶ</span> <span class='ocrx_word' id='word_1_319' title='bbox 573 2559 782 2626; x_wconf 85' lang='grc' dir='ltr'>παθὼν,</span> <span class='ocrx_word' id='word_1_320' title='bbox 836 2562 930 2615; x_wconf 77' lang='grc' dir='ltr'><strong>καὶ</strong></span> <span class='ocrx_word' id='word_1_321' title='bbox 976 2560 1346 2633; x_wconf 79' lang='grc' dir='ltr'>ἐγηγερμένος</span> <span class='ocrx_word' id='word_1_322' title='bbox 1386 2563 1451 2615; x_wconf 80' lang='grc' dir='ltr'>ὲκ</span> <span class='ocrx_word' id='word_1_323' title='bbox 1495 2562 1726 2634; x_wconf 84' lang='grc' dir='ltr'>νεκρῶν,</span> <span class='ocrx_word' id='word_1_324' title='bbox 1761 2562 1942 2634; x_wconf 86' lang='grc' dir='ltr'>κρείτ-</span> 
     </span>
    </p>
   </div>
   <div class='ocr_carea' id='block_1_44' title="bbox 357 2652 1936 2726">
    <p class='ocr_par' dir='ltr' id='par_1_44' title="bbox 357 2652 1936 2726">
     <span class='ocr_line' id='line_1_44' title="bbox 357 2652 1936 2726; baseline 0.003 -22"><span class='ocrx_word' id='word_1_325' title='bbox 357 2669 487 2707; x_wconf 90' lang='grc' dir='ltr'>τονα</span> <span class='ocrx_word' id='word_1_326' title='bbox 517 2653 747 2708; x_wconf 87' lang='grc' dir='ltr'>θανάτου</span> <span class='ocrx_word' id='word_1_327' title='bbox 788 2654 886 2709; x_wconf 70' lang='grc' dir='ltr'><strong>τιιαί⁸</strong></span> <span class='ocrx_word' id='word_1_328' title='bbox 911 2653 1117 2726; x_wconf 83' lang='grc' dir='ltr'>φθορᾶς</span> <span class='ocrx_word' id='word_1_329' title='bbox 1157 2653 1255 2726; x_wconf 81' lang='grc' dir='ltr'>τὴν</span> <span class='ocrx_word' id='word_1_330' title='bbox 1289 2652 1445 2724; x_wconf 78' lang='grc' dir='ltr'>ἡμῶν</span> <span class='ocrx_word' id='word_1_331' title='bbox 1471 2653 1726 2726; x_wconf 79' lang='grc' dir='ltr'>ἀποφήνῃ</span> <span class='ocrx_word' id='word_1_332' title='bbox 1751 2652 1936 2723; x_wconf 87' lang='grc' dir='ltr'>φύσιν.</span> 
     </span>
    </p>
   </div>
   <div class='ocr_carea' id='block_1_45' title="bbox 364 2746 1939 2820">
    <p class='ocr_par' dir='ltr' id='par_1_45' title="bbox 364 2746 1939 2820">
     <span class='ocr_line' id='line_1_45' title="bbox 364 2746 1939 2820; baseline -0.001 -20"><span class='ocrx_word' id='word_1_333' title='bbox 364 2747 521 2801; x_wconf 85' lang='grc' dir='ltr'>Ἔστι</span> <span class='ocrx_word' id='word_1_334' title='bbox 567 2747 624 2801; x_wconf 80' lang='grc' dir='ltr'>δὲ</span> <span class='ocrx_word' id='word_1_335' title='bbox 657 2748 799 2820; x_wconf 85' lang='grc' dir='ltr'>ὑπὲρ</span> <span class='ocrx_word' id='word_1_336' title='bbox 836 2750 991 2820; x_wconf 88' lang='grc' dir='ltr'>χεῖρα</span> <span class='ocrx_word' id='word_1_337' title='bbox 1036 2746 1138 2819; x_wconf 75' lang='grc' dir='ltr'>τὴν</span> <span class='ocrx_word' id='word_1_338' title='bbox 1181 2746 1303 2800; x_wconf 82' lang='grc' dir='ltr'>καθ’</span> <span class='ocrx_word' id='word_1_339' title='bbox 1333 2747 1503 2816; x_wconf 80' lang='grc' dir='ltr'>ἡμᾶς,</span> <span class='ocrx_word' id='word_1_340' title='bbox 1543 2746 1603 2800; x_wconf 81' lang='grc' dir='ltr'>τὸ</span> <span class='ocrx_word' id='word_1_341' title='bbox 1644 2746 1939 2817; x_wconf 89' lang='grc' dir='ltr'>κατωρθω-</span> 
     </span>
    </p>
   </div>
   <div class='ocr_carea' id='block_1_46' title="bbox 365 2836 1940 2911">
    <p class='ocr_par' dir='ltr' id='par_1_46' title="bbox 365 2836 1940 2911">
     <span class='ocr_line' id='line_1_46' title="bbox 365 2836 1940 2911; baseline 0 -20"><span class='ocrx_word' id='word_1_342' title='bbox 365 2838 547 2909; x_wconf 82' lang='grc' dir='ltr'>μένον.</span> <span class='ocrx_word' id='word_1_343' title='bbox 582 2839 792 2893; x_wconf 81' lang='grc' dir='ltr'>Οὐκοῦν</span> <span class='ocrx_word' id='word_1_344' title='bbox 841 2839 1189 2911; x_wconf 69' lang='grc' dir='ltr'>ἰσχυρότερον</span> <span class='ocrx_word' id='word_1_345' title='bbox 1244 2837 1354 2893; x_wconf 91' lang='grc' dir='ltr'><strong>τῶν</strong></span> <span class='ocrx_word' id='word_1_346' title='bbox 1383 2836 1685 2908; x_wconf 85' lang='grc' dir='ltr'>ἀνθρώπων</span> <span class='ocrx_word' id='word_1_347' title='bbox 1726 2838 1844 2891; x_wconf 74' lang='grc' dir='ltr'>ἐστὶ</span> <span class='ocrx_word' id='word_1_348' title='bbox 1879 2836 1940 2891; x_wconf 84' lang='grc' dir='ltr'><strong>τὺ</strong></span> 
     </span>
    </p>
   </div>
   <div class='ocr_carea' id='block_1_47' title="bbox 2048 1831 3632 1905">
    <p class='ocr_par' dir='ltr' id='par_1_47' title="bbox 2048 1831 3632 1905">
     <span class='ocr_line' id='line_1_47' title="bbox 2048 1831 3632 1905; baseline 0.006 -21"><span class='ocrx_word' id='word_1_349' title='bbox 2048 1831 2207 1885; x_wconf 88' lang='lat' dir='ltr'><strong>detur</strong></span> <span class='ocrx_word' id='word_1_350' title='bbox 2234 1845 2358 1885; x_wconf 89' lang='lat' dir='ltr'><strong>esse</strong></span> <span class='ocrx_word' id='word_1_351' title='bbox 2389 1831 2646 1900; x_wconf 89' lang='lat' dir='ltr'><strong>stultum,</strong></span> <span class='ocrx_word' id='word_1_352' title='bbox 2678 1844 2764 1888; x_wconf 87' lang='lat' dir='ltr'><strong>est</strong></span> <span class='ocrx_word' id='word_1_353' title='bbox 2797 1835 3099 1905; x_wconf 85' lang='lat' dir='ltr'><strong>sapientius</strong></span> <span class='ocrx_word' id='word_1_354' title='bbox 3130 1837 3463 1893; x_wconf 79' lang='lat' dir='ltr'><strong>hominibus.</strong></span> <span class='ocrx_word' id='word_1_355' title='bbox 3493 1838 3632 1894; x_wconf 82' lang='lat' dir='ltr'><strong>Gra—</strong></span> 
     </span>
    </p>
   </div>
   <div class='ocr_carea' id='block_1_48' title="bbox 2048 1918 3647 2002">
    <p class='ocr_par' dir='ltr' id='par_1_48' title="bbox 2048 1918 3647 2002">
     <span class='ocr_line' id='line_1_48' title="bbox 2048 1918 3647 2002; baseline 0.009 -29"><span class='ocrx_word' id='word_1_356' title='bbox 2048 1921 2306 1976; x_wconf 88' lang='lat' dir='ltr'><strong>vissimus</strong></span> <span class='ocrx_word' id='word_1_357' title='bbox 2334 1922 2478 1977; x_wconf 90' lang='lat' dir='ltr'><strong>enim</strong></span> <span class='ocrx_word' id='word_1_358' title='bbox 2509 1931 2595 1979; x_wconf 89' lang='lat' dir='ltr'><strong>est</strong></span> <span class='ocrx_word' id='word_1_359' title='bbox 2622 1938 2838 1992; x_wconf 89' lang='lat' dir='ltr'><strong>sermo,</strong></span> <span class='ocrx_word' id='word_1_360' title='bbox 2869 1943 3192 1999; x_wconf 88' lang='lat' dir='ltr'><strong>summaque</strong></span> <span class='ocrx_word' id='word_1_361' title='bbox 3222 1930 3491 2000; x_wconf 85' lang='lat' dir='ltr'><strong>sapientia</strong></span> <span class='ocrx_word' id='word_1_362' title='bbox 3518 1918 3647 2002; x_wconf 11' lang='lat' dir='ltr'><strong>ple-7</strong></span> 
     </span>
    </p>
   </div>
   <div class='ocr_carea' id='block_1_49' title="bbox 2046 2013 3631 2094">
    <p class='ocr_par' dir='ltr' id='par_1_49' title="bbox 2046 2013 3631 2094">
     <span class='ocr_line' id='line_1_49' title="bbox 2046 2013 3631 2094; baseline 0.006 -26"><span class='ocrx_word' id='word_1_363' title='bbox 2046 2027 2153 2069; x_wconf 87' lang='lat' dir='ltr'><strong>nus</strong></span> <span class='ocrx_word' id='word_1_364' title='bbox 2182 2013 2249 2068; x_wconf 89' lang='lat' dir='ltr'><strong>de</strong></span> <span class='ocrx_word' id='word_1_365' title='bbox 2275 2013 2493 2070; x_wconf 88' lang='lat' dir='ltr'><strong>Christo</strong></span> <span class='ocrx_word' id='word_1_366' title='bbox 2522 2015 2767 2071; x_wconf 90' lang='lat' dir='ltr'><strong>omnium</strong></span> <span class='ocrx_word' id='word_1_367' title='bbox 2799 2018 3084 2077; x_wconf 86' lang='lat' dir='ltr'><strong>Salvatore</strong></span> <span class='ocrx_word' id='word_1_368' title='bbox 3117 2022 3369 2090; x_wconf 86' lang='lat' dir='ltr'><strong>habetur,</strong></span> <span class='ocrx_word' id='word_1_369' title='bbox 3402 2033 3458 2079; x_wconf 90' lang='lat' dir='ltr'><strong>et</strong></span> <span class='ocrx_word' id='word_1_370' title='bbox 3487 2025 3631 2094; x_wconf 90' lang='lat' dir='ltr'><strong>quod</strong></span> 
     </span>
    </p>
   </div>
   <div class='ocr_carea' id='block_1_50' title="bbox 2043 2103 3632 2180">
    <p class='ocr_par' dir='ltr' id='par_1_50' title="bbox 2043 2103 3632 2180">
     <span class='ocr_line' id='line_1_50' title="bbox 2043 2103 3632 2180; baseline 0.008 -21"><span class='ocrx_word' id='word_1_371' title='bbox 2043 2119 2074 2159; x_wconf 89' lang='lat' dir='ltr'><strong>a</strong></span> <span class='ocrx_word' id='word_1_372' title='bbox 2103 2103 2305 2160; x_wconf 72' lang='lat' dir='ltr'><strong>Judmis</strong></span> <span class='ocrx_word' id='word_1_373' title='bbox 2336 2114 2593 2161; x_wconf 89' lang='lat' dir='ltr'><strong>censetur</strong></span> <span class='ocrx_word' id='word_1_374' title='bbox 2621 2122 2743 2165; x_wconf 88' lang='lat' dir='ltr'><strong>esse</strong></span> <span class='ocrx_word' id='word_1_375' title='bbox 2775 2109 3078 2180; x_wconf 87' lang='lat' dir='ltr'><strong>infirmum,</strong></span> <span class='ocrx_word' id='word_1_376' title='bbox 3111 2111 3305 2170; x_wconf 79' lang='lat' dir='ltr'><strong>fortius</strong></span> <span class='ocrx_word' id='word_1_377' title='bbox 3338 2124 3423 2171; x_wconf 88' lang='lat' dir='ltr'><strong>est</strong></span> <span class='ocrx_word' id='word_1_378' title='bbox 3458 2116 3632 2171; x_wconf 83' lang='lat' dir='ltr'><strong>uomi-</strong></span> 
     </span>
    </p>
   </div>
   <div class='ocr_carea' id='block_1_51' title="bbox 2042 2196 3631 2275">
    <p class='ocr_par' dir='ltr' id='par_1_51' title="bbox 2042 2196 3631 2275">
     <span class='ocr_line' id='line_1_51' title="bbox 2042 2196 3631 2275; baseline 0.008 -24"><span class='ocrx_word' id='word_1_379' title='bbox 2042 2198 2221 2252; x_wconf 83' lang='lat' dir='ltr'><strong>nibus.</strong></span> <span class='ocrx_word' id='word_1_380' title='bbox 2257 2196 2503 2253; x_wconf 88' lang='lat' dir='ltr'><strong>Salvavit</strong></span> <span class='ocrx_word' id='word_1_381' title='bbox 2536 2199 2683 2255; x_wconf 89' lang='lat' dir='ltr'><strong>enim</strong></span> <span class='ocrx_word' id='word_1_382' title='bbox 2719 2214 2820 2257; x_wconf 89' lang='lat' dir='ltr'><strong>nos</strong></span> <span class='ocrx_word' id='word_1_383' title='bbox 2856 2202 3194 2273; x_wconf 77' lang='lat' dir='ltr'><strong>unigenitum</strong></span> <span class='ocrx_word' id='word_1_384' title='bbox 3232 2204 3327 2261; x_wconf 88' lang='lat' dir='ltr'><strong>Dei</strong></span> <span class='ocrx_word' id='word_1_385' title='bbox 3356 2207 3631 2275; x_wconf 86' lang='lat' dir='ltr'><strong>Verbum,</strong></span> 
     </span>
    </p>
   </div>
   <div class='ocr_carea' id='block_1_52' title="bbox 2043 2287 3633 2364">
    <p class='ocr_par' dir='ltr' id='par_1_52' title="bbox 2043 2287 3633 2364">
     <span class='ocr_line' id='line_1_52' title="bbox 2043 2287 3633 2364; baseline 0.007 -22"><span class='ocrx_word' id='word_1_386' title='bbox 2043 2287 2217 2344; x_wconf 88' lang='lat' dir='ltr'><strong>nostri</strong></span> <span class='ocrx_word' id='word_1_387' title='bbox 2238 2288 2647 2346; x_wconf 88' lang='lat' dir='ltr'><strong>similitudinem</strong></span> <span class='ocrx_word' id='word_1_388' title='bbox 2671 2291 2915 2356; x_wconf 85' lang='lat' dir='ltr'><strong>subiens,</strong></span> <span class='ocrx_word' id='word_1_389' title='bbox 2940 2302 2998 2347; x_wconf 89' lang='lat' dir='ltr'><strong>ut</strong></span> <span class='ocrx_word' id='word_1_390' title='bbox 3024 2309 3219 2364; x_wconf 90' lang='lat' dir='ltr'><strong>passus</strong></span> <span class='ocrx_word' id='word_1_391' title='bbox 3240 2311 3407 2353; x_wconf 90' lang='lat' dir='ltr'><strong>carne</strong></span> <span class='ocrx_word' id='word_1_392' title='bbox 3431 2305 3486 2352; x_wconf 90' lang='lat' dir='ltr'><strong>et</strong></span> <span class='ocrx_word' id='word_1_393' title='bbox 3512 2312 3633 2353; x_wconf 86' lang='lat' dir='ltr'><strong>sus-</strong></span> 
     </span>
    </p>
   </div>
   <div class='ocr_carea' id='block_1_53' title="bbox 2040 2379 3634 2455">
    <p class='ocr_par' dir='ltr' id='par_1_53' title="bbox 2040 2379 3634 2455">
     <span class='ocr_line' id='line_1_53' title="bbox 2040 2379 3634 2455; baseline 0.006 -21"><span class='ocrx_word' id='word_1_394' title='bbox 2040 2379 2244 2437; x_wconf 89' lang='lat' dir='ltr'><strong>citatus</strong></span> <span class='ocrx_word' id='word_1_395' title='bbox 2298 2395 2329 2436; x_wconf 91' lang='lat' dir='ltr'><strong>e</strong></span> <span class='ocrx_word' id='word_1_396' title='bbox 2366 2383 2625 2450; x_wconf 86' lang='lat' dir='ltr'><strong>mortuis,</strong></span> <span class='ocrx_word' id='word_1_397' title='bbox 2678 2392 2930 2438; x_wconf 84' lang='lat' dir='ltr'><strong>naturam</strong></span> <span class='ocrx_word' id='word_1_398' title='bbox 2971 2393 3215 2441; x_wconf 87' lang='lat' dir='ltr'><strong>nostram</strong></span> <span class='ocrx_word' id='word_1_399' title='bbox 3254 2394 3428 2442; x_wconf 90' lang='lat' dir='ltr'><strong>morte</strong></span> <span class='ocrx_word' id='word_1_400' title='bbox 3463 2395 3634 2455; x_wconf 81' lang='lat' dir='ltr'><strong>atque</strong></span> 
     </span>
    </p>
   </div>
   <div class='ocr_carea' id='block_1_54' title="bbox 2048 2472 3631 2548">
    <p class='ocr_par' dir='ltr' id='par_1_54' title="bbox 2048 2472 3631 2548">
     <span class='ocr_line' id='line_1_54' title="bbox 2048 2472 3631 2548; baseline 0.003 -22"><span class='ocrx_word' id='word_1_401' title='bbox 2048 2472 2270 2529; x_wconf 89' lang='lat' dir='ltr'><strong>interitu</strong></span> <span class='ocrx_word' id='word_1_402' title='bbox 2316 2473 2652 2545; x_wconf 87' lang='lat' dir='ltr'><strong>superiorem</strong></span> <span class='ocrx_word' id='word_1_403' title='bbox 2699 2475 3028 2532; x_wconf 85' lang='lat' dir='ltr'><strong>declararet.</strong></span> <span class='ocrx_word' id='word_1_404' title='bbox 3071 2476 3172 2531; x_wconf 84' lang='lat' dir='ltr'><strong>Est</strong></span> <span class='ocrx_word' id='word_1_405' title='bbox 3215 2491 3347 2533; x_wconf 80' lang='lat' dir='ltr'><strong>vero</strong></span> <span class='ocrx_word' id='word_1_406' title='bbox 3390 2478 3445 2533; x_wconf 89' lang='lat' dir='ltr'><strong>id</strong></span> <span class='ocrx_word' id='word_1_407' title='bbox 3485 2480 3631 2548; x_wconf 83' lang='lat' dir='ltr'><strong>quod</strong></span> 
     </span>
    </p>
   </div>
   <div class='ocr_carea' id='block_1_55' title="bbox 2043 2564 3637 2639">
    <p class='ocr_par' dir='ltr' id='par_1_55' title="bbox 2043 2564 3637 2639">
     <span class='ocr_line' id='line_1_55' title="bbox 2043 2564 3637 2639; baseline 0.004 -21"><span class='ocrx_word' id='word_1_408' title='bbox 2043 2564 2343 2634; x_wconf 58' lang='lat' dir='ltr'><strong>praestitum</strong></span> <span class='ocrx_word' id='word_1_409' title='bbox 2389 2574 2508 2630; x_wconf 92' lang='lat' dir='ltr'><strong>est,</strong></span> <span class='ocrx_word' id='word_1_410' title='bbox 2553 2575 2823 2635; x_wconf 88' lang='lat' dir='ltr'><strong>potestate</strong></span> <span class='ocrx_word' id='word_1_411' title='bbox 2863 2577 3049 2623; x_wconf 88' lang='lat' dir='ltr'><strong>nostra</strong></span> <span class='ocrx_word' id='word_1_412' title='bbox 3093 2568 3365 2639; x_wconf 86' lang='lat' dir='ltr'><strong>superius.</strong></span> <span class='ocrx_word' id='word_1_413' title='bbox 3411 2568 3637 2624; x_wconf 83' lang='lat' dir='ltr'><strong>Fortius</strong></span> 
     </span>
    </p>
   </div>
   <div class='ocr_carea' id='block_1_56' title="bbox 2043 2655 3633 2728">
    <p class='ocr_par' dir='ltr' id='par_1_56' title="bbox 2043 2655 3633 2728">
     <span class='ocr_line' id='line_1_56' title="bbox 2043 2655 3633 2728; baseline 0.005 -21"><span class='ocrx_word' id='word_1_414' title='bbox 2043 2656 2228 2724; x_wconf 79' lang='lat' dir='ltr'><strong>itaque</strong></span> <span class='ocrx_word' id='word_1_415' title='bbox 2266 2664 2351 2710; x_wconf 90' lang='lat' dir='ltr'><strong>est</strong></span> <span class='ocrx_word' id='word_1_416' title='bbox 2394 2655 2736 2727; x_wconf 87' lang='lat' dir='ltr'><strong>hominibus,</strong></span> <span class='ocrx_word' id='word_1_417' title='bbox 2780 2657 2926 2728; x_wconf 90' lang='lat' dir='ltr'><strong>quod</strong></span> <span class='ocrx_word' id='word_1_418' title='bbox 2967 2658 3022 2713; x_wconf 91' lang='lat' dir='ltr'><strong>in</strong></span> <span class='ocrx_word' id='word_1_419' title='bbox 3069 2658 3391 2716; x_wconf 81' lang='lat' dir='ltr'><strong>infirmitate</strong></span> <span class='ocrx_word' id='word_1_420' title='bbox 3432 2669 3633 2716; x_wconf 69' lang='lat' dir='ltr'><strong>nostrae</strong></span> 
     </span>
    </p>
   </div>
   <div class='ocr_carea' id='block_1_57' title="bbox 2042 2745 3630 2819">
    <p class='ocr_par' dir='ltr' id='par_1_57' title="bbox 2042 2745 3630 2819">
     <span class='ocr_line' id='line_1_57' title="bbox 2042 2745 3630 2819; baseline 0.005 -20"><span class='ocrx_word' id='word_1_421' title='bbox 2042 2745 2207 2800; x_wconf 88' lang='lat' dir='ltr'><strong>simili</strong></span> <span class='ocrx_word' id='word_1_422' title='bbox 2236 2756 2289 2801; x_wconf 92' lang='lat' dir='ltr'><strong>et</strong></span> <span class='ocrx_word' id='word_1_423' title='bbox 2320 2745 2374 2801; x_wconf 91' lang='lat' dir='ltr'><strong>in</strong></span> <span class='ocrx_word' id='word_1_424' title='bbox 2402 2747 2655 2817; x_wconf 82' lang='lat' dir='ltr'><strong>passione</strong></span> <span class='ocrx_word' id='word_1_425' title='bbox 2680 2758 2959 2819; x_wconf 87' lang='lat' dir='ltr'><strong>peractum</strong></span> <span class='ocrx_word' id='word_1_426' title='bbox 2984 2764 3109 2807; x_wconf 84' lang='lat' dir='ltr'><strong>esse</strong></span> <span class='ocrx_word' id='word_1_427' title='bbox 3136 2749 3367 2817; x_wconf 91' lang='lat' dir='ltr'><strong>videtur,</strong></span> <span class='ocrx_word' id='word_1_428' title='bbox 3395 2761 3450 2807; x_wconf 91' lang='lat' dir='ltr'><strong>et</strong></span> <span class='ocrx_word' id='word_1_429' title='bbox 3476 2752 3630 2807; x_wconf 89' lang='lat' dir='ltr'><strong>divi-</strong></span> 
     </span>
    </p>
   </div>
   <div class='ocr_carea' id='block_1_58' title="bbox 2045 2840 2889 2909">
    <p class='ocr_par' dir='ltr' id='par_1_58' title="bbox 2045 2840 2889 2909">
     <span class='ocr_line' id='line_1_58' title="bbox 2045 2840 2889 2909; baseline 0.007 -18"><span class='ocrx_word' id='word_1_430' title='bbox 2045 2853 2169 2892; x_wconf 86' lang='lat' dir='ltr'><strong>nam</strong></span> <span class='ocrx_word' id='word_1_431' title='bbox 2201 2840 2496 2909; x_wconf 90' lang='lat' dir='ltr'><strong>potentiam</strong></span> <span class='ocrx_word' id='word_1_432' title='bbox 2529 2840 2889 2897; x_wconf 88' lang='lat' dir='ltr'><strong>demonstrat.</strong></span> 
     </span>
    </p>
   </div>
   <div class='ocr_carea' id='block_1_59' title="bbox 360 2925 3631 3005">
    <p class='ocr_par' dir='ltr' id='par_1_59' title="bbox 360 2925 3631 3005">
     <span class='ocr_line' id='line_1_59' title="bbox 360 2925 3631 3005; baseline 0.003 -23"><span class='ocrx_word' id='word_1_433' title='bbox 360 2927 615 2998; x_wconf 70' lang='grc' dir='ltr'>ἀσθενείᾳ</span> <span class='ocrx_word' id='word_1_434' title='bbox 645 2930 711 2999; x_wconf 79' lang='grc' dir='ltr'><strong>τῇ</strong></span> <span class='ocrx_word' id='word_1_435' title='bbox 736 2927 859 2982; x_wconf 82' lang='grc' dir='ltr'>καθ’</span> <span class='ocrx_word' id='word_1_436' title='bbox 900 2929 1050 2999; x_wconf 82' lang='grc' dir='ltr'>ἡμᾶς</span> <span class='ocrx_word' id='word_1_437' title='bbox 1087 2927 1182 2982; x_wconf 73' lang='grc' dir='ltr'>καὶ</span> <span class='ocrx_word' id='word_1_438' title='bbox 1209 2926 1285 2990; x_wconf 84' lang='grc' dir='ltr'>ὼς</span> <span class='ocrx_word' id='word_1_439' title='bbox 1309 2925 1366 2979; x_wconf 72' lang='grc' dir='ltr'>ἔν</span> <span class='ocrx_word' id='word_1_440' title='bbox 1392 2943 1456 2996; x_wconf 87' lang='grc' dir='ltr'><strong>γε</strong></span> <span class='ocrx_word' id='word_1_441' title='bbox 1496 2925 1574 2995; x_wconf 79' lang='grc' dir='ltr'>τῷ</span> <span class='ocrx_word' id='word_1_442' title='bbox 1605 2927 1799 2982; x_wconf 84' lang='grc' dir='ltr'>παθεῖν</span> <span class='ocrx_word' id='word_1_443' title='bbox 1826 2925 2145 2999; x_wconf 74' lang='grc' dir='ltr'>πεπρᾶχθαι</span> <span class='ocrx_word' id='word_1_444' title='bbox 2180 2927 2395 2995; x_wconf 83' lang='grc' dir='ltr'>δοκοῦν,</span> <span class='ocrx_word' id='word_1_445' title='bbox 2426 2927 2707 3001; x_wconf 88' lang='grc' dir='ltr'>δυνάμεώς</span> <span class='ocrx_word' id='word_1_446' title='bbox 2744 2948 2805 2986; x_wconf 85' lang='grc' dir='ltr'><strong>τε</strong></span> <span class='ocrx_word' id='word_1_447' title='bbox 2833 2932 2933 3004; x_wconf 83' lang='grc' dir='ltr'>τῆς</span> <span class='ocrx_word' id='word_1_448' title='bbox 2987 2933 3326 3000; x_wconf 75' lang='grc' dir='ltr'>θεοπρεποῦς</span> <span class='ocrx_word' id='word_1_449' title='bbox 3370 2933 3631 3005; x_wconf 72' lang='grc' dir='ltr'>ἐπίδειξιν</span> 
     </span>
    </p>
   </div>
   <div class='ocr_carea' id='block_1_60' title="bbox 361 3024 503 3093">
    <p class='ocr_par' dir='ltr' id='par_1_60' title="bbox 361 3024 503 3093">
     <span class='ocr_line' id='line_1_60' title="bbox 361 3024 503 3093; baseline 0.021 -18"><span class='ocrx_word' id='word_1_450' title='bbox 361 3024 503 3093; x_wconf 79' lang='grc' dir='ltr'>ἔχον.</span> 
     </span>
    </p>
   </div>
   <div class='ocr_carea' id='block_1_61' title="bbox 431 3114 1695 3191">
    <p class='ocr_par' dir='ltr' id='par_1_61' title="bbox 431 3114 1695 3191">
     <span class='ocr_line' id='line_1_61' title="bbox 431 3114 1695 3191; baseline 0.001 -21"><span class='ocrx_word' id='word_1_451' title='bbox 431 3119 494 3170; x_wconf 82' lang='grc' dir='ltr'><strong>Β.</strong></span> <span class='ocrx_word' id='word_1_452' title='bbox 533 3114 668 3170; x_wconf 79' lang='grc' dir='ltr'>Εἶτα</span> <span class='ocrx_word' id='word_1_453' title='bbox 697 3116 813 3179; x_wconf 86' lang='grc' dir='ltr'><strong>πῶς</strong></span> <span class='ocrx_word' id='word_1_454' title='bbox 845 3115 911 3170; x_wconf 80' lang='grc' dir='ltr'>ἂν</span> <span class='ocrx_word' id='word_1_455' title='bbox 933 3116 962 3169; x_wconf 86' lang='grc' dir='ltr'><strong>ό</strong></span> <span class='ocrx_word' id='word_1_456' title='bbox 990 3116 1170 3181; x_wconf 80' lang='grc' dir='ltr'>αὐτὸς,</span> <span class='ocrx_word' id='word_1_457' title='bbox 1203 3134 1359 3187; x_wconf 85' lang='grc' dir='ltr'>φασι,</span> <span class='ocrx_word' id='word_1_458' title='bbox 1393 3119 1469 3191; x_wconf 80' lang='grc' dir='ltr'>μὴ</span> <span class='ocrx_word' id='word_1_459' title='bbox 1499 3117 1695 3185; x_wconf 73' lang='grc' dir='ltr'>πάθοις</span> 
     </span>
    </p>
   </div>
   <div class='ocr_carea' id='block_1_62' title="bbox 431 3209 1934 3284">
    <p class='ocr_par' dir='ltr' id='par_1_62' title="bbox 431 3209 1934 3284">
     <span class='ocr_line' id='line_1_62' title="bbox 431 3209 1934 3284; baseline -0.001 -20"><span class='ocrx_word' id='word_1_460' title='bbox 431 3211 498 3266; x_wconf 87' lang='lat' dir='ltr'><strong>A.</strong></span> <span class='ocrx_word' id='word_1_461' title='bbox 539 3209 711 3282; x_wconf 76' lang='grc' dir='ltr'>Σαρκὶ</span> <span class='ocrx_word' id='word_1_462' title='bbox 737 3212 804 3281; x_wconf 81' lang='grc' dir='ltr'>τῇ</span> <span class='ocrx_word' id='word_1_463' title='bbox 855 3210 960 3282; x_wconf 64' lang='grc' dir='ltr'>ἰδίᾳ</span> <span class='ocrx_word' id='word_1_464' title='bbox 984 3210 1193 3276; x_wconf 83' lang='grc' dir='ltr'>παθὼν,</span> <span class='ocrx_word' id='word_1_465' title='bbox 1241 3212 1336 3265; x_wconf 80' lang='grc' dir='ltr'>καὶ</span> <span class='ocrx_word' id='word_1_466' title='bbox 1359 3213 1422 3265; x_wconf 82' lang='grc' dir='ltr'>οὐ</span> <span class='ocrx_word' id='word_1_467' title='bbox 1453 3212 1707 3284; x_wconf 84' lang='grc' dir='ltr'>θεότητος</span> <span class='ocrx_word' id='word_1_468' title='bbox 1752 3209 1934 3281; x_wconf 82' lang='grc' dir='ltr'>φύσει,</span> 
     </span>
    </p>
   </div>
   <div class='ocr_carea' id='block_1_63' title="bbox 361 3300 1936 3373">
    <p class='ocr_par' dir='ltr' id='par_1_63' title="bbox 361 3300 1936 3373">
     <span class='ocr_line' id='line_1_63' title="bbox 361 3300 1936 3373; baseline 0.002 -20"><span class='ocrx_word' id='word_1_469' title='bbox 361 3302 457 3356; x_wconf 79' lang='grc' dir='ltr'>καὶ</span> <span class='ocrx_word' id='word_1_470' title='bbox 480 3300 788 3373; x_wconf 69' lang='grc' dir='ltr'>ἀπόρρητος</span> <span class='ocrx_word' id='word_1_471' title='bbox 824 3301 923 3371; x_wconf 78' lang='grc' dir='ltr'>μὲν</span> <span class='ocrx_word' id='word_1_472' title='bbox 954 3301 1230 3365; x_wconf 77' lang='grc' dir='ltr'>παντελῶς</span> <span class='ocrx_word' id='word_1_473' title='bbox 1284 3305 1312 3355; x_wconf 89' lang='grc' dir='ltr'><strong>ό</strong></span> <span class='ocrx_word' id='word_1_474' title='bbox 1357 3303 1449 3355; x_wconf 65' lang='grc' dir='ltr'><strong>ἐπὶ</strong></span> <span class='ocrx_word' id='word_1_475' title='bbox 1491 3302 1702 3364; x_wconf 83' lang='grc' dir='ltr'>τούτοις</span> <span class='ocrx_word' id='word_1_476' title='bbox 1750 3301 1936 3370; x_wconf 83' lang='grc' dir='ltr'>λόγος,</span> 
     </span>
    </p>
   </div>
   <div class='ocr_carea' id='block_1_64' title="bbox 361 3390 1941 3461">
    <p class='ocr_par' dir='ltr' id='par_1_64' title="bbox 361 3390 1941 3461">
     <span class='ocr_line' id='line_1_64' title="bbox 361 3390 1941 3461; baseline -0.001 -17"><span class='ocrx_word' id='word_1_477' title='bbox 361 3392 455 3444; x_wconf 74' lang='grc' dir='ltr'>καὶ</span> <span class='ocrx_word' id='word_1_478' title='bbox 486 3391 587 3444; x_wconf 84' lang='grc' dir='ltr'>οὐκ</span> <span class='ocrx_word' id='word_1_479' title='bbox 610 3390 675 3444; x_wconf 82' lang='grc' dir='ltr'>ἄν</span> <span class='ocrx_word' id='word_1_480' title='bbox 716 3407 799 3454; x_wconf 86' lang='grc' dir='ltr'><strong>τις</strong></span> <span class='ocrx_word' id='word_1_481' title='bbox 847 3390 1089 3461; x_wconf 74' lang='grc' dir='ltr'>ἐφίκοιτο</span> <span class='ocrx_word' id='word_1_482' title='bbox 1119 3391 1242 3455; x_wconf 88' lang='grc' dir='ltr'>νοῦς</span> <span class='ocrx_word' id='word_1_483' title='bbox 1275 3391 1384 3445; x_wconf 86' lang='grc' dir='ltr'><strong>τῶν</strong></span> <span class='ocrx_word' id='word_1_484' title='bbox 1403 3390 1575 3454; x_wconf 68' lang='grc' dir='ltr'>οὕτως</span> <span class='ocrx_word' id='word_1_485' title='bbox 1612 3391 1807 3460; x_wconf 88' lang='grc' dir='ltr'>ἰσχνῶν</span> <span class='ocrx_word' id='word_1_486' title='bbox 1845 3393 1941 3445; x_wconf 79' lang='grc' dir='ltr'>καὶ</span> 
     </span>
    </p>
   </div>
   <div class='ocr_carea' id='block_1_65' title="bbox 361 3481 1939 3555">
    <p class='ocr_par' dir='ltr' id='par_1_65' title="bbox 361 3481 1939 3555">
     <span class='ocr_line' id='line_1_65' title="bbox 361 3481 1939 3555; baseline -0.003 -18"><span class='ocrx_word' id='word_1_487' title='bbox 361 3483 760 3555; x_wconf 83' lang='grc' dir='ltr'>ὑπερηρμένων</span> <span class='ocrx_word' id='word_1_488' title='bbox 782 3481 1024 3536; x_wconf 76' lang='grc' dir='ltr'>ἐννοιῶν.</span> <span class='ocrx_word' id='word_1_489' title='bbox 1059 3481 1348 3552; x_wconf 85' lang='grc' dir='ltr'>Ἐπόμενοί</span> <span class='ocrx_word' id='word_1_490' title='bbox 1371 3498 1434 3551; x_wconf 82' lang='grc' dir='ltr'><strong>γε</strong></span> <span class='ocrx_word' id='word_1_491' title='bbox 1463 3481 1568 3553; x_wconf 85' lang='grc' dir='ltr'>μὴν</span> <span class='ocrx_word' id='word_1_492' title='bbox 1598 3484 1712 3545; x_wconf 87' lang='grc' dir='ltr'>τοῖς</span> <span class='ocrx_word' id='word_1_493' title='bbox 1741 3483 1821 3544; x_wconf 84' lang='grc' dir='ltr'><strong>εἰς</strong></span> <span class='ocrx_word' id='word_1_494' title='bbox 1848 3483 1939 3553; x_wconf 86' lang='grc' dir='ltr'>όρ-</span> 
     </span>
    </p>
   </div>
   <div class='ocr_carea' id='block_1_66' title="bbox 359 3570 1940 3647">
    <p class='ocr_par' dir='ltr' id='par_1_66' title="bbox 359 3570 1940 3647">
     <span class='ocr_line' id='line_1_66' title="bbox 359 3570 1940 3647; baseline -0.004 -18"><span class='ocrx_word' id='word_1_495' title='bbox 359 3572 560 3647; x_wconf 86' lang='grc' dir='ltr'>θότητα</span> <span class='ocrx_word' id='word_1_496' title='bbox 585 3574 865 3645; x_wconf 82' lang='grc' dir='ltr'>λογισμοῖς</span> <span class='ocrx_word' id='word_1_497' title='bbox 884 3614 897 3639; x_wconf 79' lang='lat'><strong>,</strong></span> <span class='ocrx_word' id='word_1_498' title='bbox 919 3574 1013 3628; x_wconf 72' lang='lat' dir='ltr'><strong>mi.</strong></span> <span class='ocrx_word' id='word_1_499' title='bbox 1033 3575 1128 3628; x_wconf 82' lang='grc' dir='ltr'>τὸν</span> <span class='ocrx_word' id='word_1_500' title='bbox 1155 3573 1251 3627; x_wconf 86' lang='grc' dir='ltr'><strong>τοῦ</strong></span> <span class='ocrx_word' id='word_1_501' title='bbox 1278 3573 1488 3637; x_wconf 83' lang='grc' dir='ltr'>εἰκότος</span> <span class='ocrx_word' id='word_1_502' title='bbox 1518 3570 1940 3644; x_wconf 88' lang='grc' dir='ltr'>περιαθροῦντες</span> 
     </span>
    </p>
   </div>
   <div class='ocr_carea' id='block_1_67' title="bbox 359 3663 1942 3735">
    <p class='ocr_par' dir='ltr' id='par_1_67' title="bbox 359 3663 1942 3735">
     <span class='ocr_line' id='line_1_67' title="bbox 359 3663 1942 3735; baseline -0.003 -15"><span class='ocrx_word' id='word_1_503' title='bbox 359 3666 553 3735; x_wconf 84' lang='grc' dir='ltr'>Λόγον,</span> <span class='ocrx_word' id='word_1_504' title='bbox 597 3664 720 3719; x_wconf 79' lang='grc' dir='ltr'>οὕτε</span> <span class='ocrx_word' id='word_1_505' title='bbox 756 3665 852 3720; x_wconf 83' lang='grc' dir='ltr'><strong>τοῦ</strong></span> <span class='ocrx_word' id='word_1_506' title='bbox 885 3664 1141 3734; x_wconf 81' lang='grc' dir='ltr'>λέγεσθαι</span> <span class='ocrx_word' id='word_1_507' title='bbox 1177 3665 1369 3719; x_wconf 79' lang='grc' dir='ltr'>παθεῖν</span> <span class='ocrx_word' id='word_1_508' title='bbox 1397 3663 1788 3735; x_wconf 86' lang='grc' dir='ltr'>άλλοτριοῦμεν</span> <span class='ocrx_word' id='word_1_509' title='bbox 1842 3663 1942 3715; x_wconf 85' lang='grc' dir='ltr'><strong>αὐ-</strong></span> 
     </span>
    </p>
   </div>
   <div class='ocr_carea' id='block_1_68' title="bbox 358 3754 1941 3830">
    <p class='ocr_par' dir='ltr' id='par_1_68' title="bbox 358 3754 1941 3830">
     <span class='ocr_line' id='line_1_68' title="bbox 358 3754 1941 3830; baseline -0.003 -19"><span class='ocrx_word' id='word_1_510' title='bbox 358 3760 469 3823; x_wconf 75' lang='grc' dir='ltr'>τὸν,</span> <span class='ocrx_word' id='word_1_511' title='bbox 506 3758 591 3810; x_wconf 84' lang='grc' dir='ltr'>ἵνα</span> <span class='ocrx_word' id='word_1_512' title='bbox 628 3758 703 3830; x_wconf 81' lang='grc' dir='ltr'>μὴ</span> <span class='ocrx_word' id='word_1_513' title='bbox 742 3757 849 3830; x_wconf 84' lang='grc' dir='ltr'>πρὸ</span> <span class='ocrx_word' id='word_1_514' title='bbox 875 3758 1068 3811; x_wconf 82' lang='grc' dir='ltr'>τούτου</span> <span class='ocrx_word' id='word_1_515' title='bbox 1100 3758 1194 3811; x_wconf 77' lang='grc' dir='ltr'>καὶ</span> <span class='ocrx_word' id='word_1_516' title='bbox 1242 3756 1343 3829; x_wconf 85' lang='grc' dir='ltr'>τὴν</span> <span class='ocrx_word' id='word_1_517' title='bbox 1369 3756 1511 3810; x_wconf 79' lang='grc' dir='ltr'>κατὰ</span> <span class='ocrx_word' id='word_1_518' title='bbox 1541 3756 1719 3827; x_wconf 87' lang='grc' dir='ltr'>σάρκα</span> <span class='ocrx_word' id='word_1_519' title='bbox 1746 3754 1941 3825; x_wconf 78' lang='grc' dir='ltr'>γέννη-</span> 
     </span>
    </p>
   </div>
   <div class='ocr_carea' id='block_1_69' title="bbox 360 3842 1938 3923">
    <p class='ocr_par' dir='ltr' id='par_1_69' title="bbox 360 3842 1938 3923">
     <span class='ocr_line' id='line_1_69' title="bbox 360 3842 1938 3923; baseline -0.001 -19"><span class='ocrx_word' id='word_1_520' title='bbox 360 3868 465 3915; x_wconf 89' lang='grc' dir='ltr'>σιν,</span> <span class='ocrx_word' id='word_1_521' title='bbox 498 3853 599 3905; x_wconf 79' lang='grc' dir='ltr'><strong>οῦκ</strong></span> <span class='ocrx_word' id='word_1_522' title='bbox 627 3852 793 3907; x_wconf 81' lang='grc' dir='ltr'>αὑτοῦ</span> <span class='ocrx_word' id='word_1_523' title='bbox 825 3852 1044 3923; x_wconf 81' lang='grc' dir='ltr'>μᾶλλον,</span> <span class='ocrx_word' id='word_1_524' title='bbox 1092 3851 1209 3905; x_wconf 82' lang='grc' dir='ltr'>ἀλλ’</span> <span class='ocrx_word' id='word_1_525' title='bbox 1240 3852 1427 3921; x_wconf 77' lang='grc' dir='ltr'>ἑτέρου</span> <span class='ocrx_word' id='word_1_526' title='bbox 1457 3849 1645 3920; x_wconf 86' lang='grc' dir='ltr'>φῶμεν</span> <span class='ocrx_word' id='word_1_527' title='bbox 1676 3842 1816 3901; x_wconf 81' lang='grc' dir='ltr'>εἷναί</span> <span class='ocrx_word' id='word_1_528' title='bbox 1853 3866 1938 3902; x_wconf 87' lang='grc' dir='ltr'>τι-</span> 
     </span>
    </p>
   </div>
   <div class='ocr_carea' id='block_1_70' title="bbox 358 3940 1940 4015">
    <p class='ocr_par' dir='ltr' id='par_1_70' title="bbox 358 3940 1940 4015">
     <span class='ocr_line' id='line_1_70' title="bbox 358 3940 1940 4015; baseline -0.003 -18"><span class='ocrx_word' id='word_1_529' title='bbox 358 3961 469 4007; x_wconf 85' lang='grc' dir='ltr'>νος,</span> <span class='ocrx_word' id='word_1_530' title='bbox 502 3942 627 3997; x_wconf 79' lang='grc' dir='ltr'>οὔτε</span> <span class='ocrx_word' id='word_1_531' title='bbox 661 3944 769 4015; x_wconf 82' lang='grc' dir='ltr'>μὴν</span> <span class='ocrx_word' id='word_1_532' title='bbox 811 3945 890 4008; x_wconf 85' lang='grc' dir='ltr'><strong>εἰς</strong></span> <span class='ocrx_word' id='word_1_533' title='bbox 935 3945 1033 4015; x_wconf 84' lang='grc' dir='ltr'>τὴν</span> <span class='ocrx_word' id='word_1_534' title='bbox 1065 3943 1216 3997; x_wconf 86' lang='grc' dir='ltr'>θείαν</span> <span class='ocrx_word' id='word_1_535' title='bbox 1259 3944 1426 3997; x_wconf 83' lang='grc' dir='ltr'>αὐτοῦ</span> <span class='ocrx_word' id='word_1_536' title='bbox 1474 3942 1569 3995; x_wconf 74' lang='grc' dir='ltr'><strong>καὶ</strong></span> <span class='ocrx_word' id='word_1_537' title='bbox 1624 3940 1940 4013; x_wconf 84' lang='grc' dir='ltr'>ὑπερτάτην</span> 
     </span>
    </p>
   </div>
   <div class='ocr_carea' id='block_1_71' title="bbox 360 4032 1939 4107">
    <p class='ocr_par' dir='ltr' id='par_1_71' title="bbox 360 4032 1939 4107">
     <span class='ocr_line' id='line_1_71' title="bbox 360 4032 1939 4107; baseline -0.001 -20"><span class='ocrx_word' id='word_1_538' title='bbox 360 4035 676 4107; x_wconf 77' lang='grc' dir='ltr'>πεπρᾶχθαι</span> <span class='ocrx_word' id='word_1_539' title='bbox 724 4036 886 4106; x_wconf 79' lang='grc' dir='ltr'>φύσιν</span> <span class='ocrx_word' id='word_1_540' title='bbox 915 4035 1261 4107; x_wconf 75' lang='grc' dir='ltr'>διοριζόμεθα</span> <span class='ocrx_word' id='word_1_541' title='bbox 1304 4034 1372 4088; x_wconf 77' lang='grc' dir='ltr'><strong>τά</strong></span> <span class='ocrx_word' id='word_1_542' title='bbox 1406 4033 1640 4105; x_wconf 65' lang='grc' dir='ltr'>σαρκός²</span> <span class='ocrx_word' id='word_1_543' title='bbox 1683 4034 1855 4087; x_wconf 85' lang='grc' dir='ltr'>νοοῖτο</span> <span class='ocrx_word' id='word_1_544' title='bbox 1890 4032 1939 4085; x_wconf 79' lang='grc' dir='ltr'>δ’</span> 
     </span>
    </p>
   </div>
   <div class='ocr_carea' id='block_1_72' title="bbox 360 4131 1938 4206">
    <p class='ocr_par' dir='ltr' id='par_1_72' title="bbox 360 4131 1938 4206">
     <span class='ocr_line' id='line_1_72' title="bbox 360 4131 1938 4206; baseline -0.002 -19"><span class='ocrx_word' id='word_1_545' title='bbox 360 4133 448 4199; x_wconf 87' lang='grc' dir='ltr'>ἂν,</span> <span class='ocrx_word' id='word_1_546' title='bbox 481 4134 557 4197; x_wconf 87' lang='grc' dir='ltr'><strong>ώς</strong></span> <span class='ocrx_word' id='word_1_547' title='bbox 592 4132 749 4205; x_wconf 77' lang='grc' dir='ltr'>ἔφην,</span> <span class='ocrx_word' id='word_1_548' title='bbox 798 4134 961 4206; x_wconf 74' lang='grc' dir='ltr'>σαρκὶ</span> <span class='ocrx_word' id='word_1_549' title='bbox 992 4137 1059 4206; x_wconf 78' lang='grc' dir='ltr'><strong>τῇ</strong></span> <span class='ocrx_word' id='word_1_550' title='bbox 1098 4134 1206 4206; x_wconf 73' lang='grc' dir='ltr'>ἰδίᾳ</span> <span class='ocrx_word' id='word_1_551' title='bbox 1237 4132 1453 4197; x_wconf 80' lang='grc' dir='ltr'>παθεῖν,</span> <span class='ocrx_word' id='word_1_552' title='bbox 1501 4132 1675 4187; x_wconf 88' lang='grc' dir='ltr'>καίτοι</span> <span class='ocrx_word' id='word_1_553' title='bbox 1723 4131 1938 4202; x_wconf 85' lang='grc' dir='ltr'>θεότητι</span> 
     </span>
    </p>
   </div>
   <div class='ocr_carea' id='block_1_73' title="bbox 363 4220 1939 4297">
    <p class='ocr_par' dir='ltr' id='par_1_73' title="bbox 363 4220 1939 4297">
     <span class='ocr_line' id='line_1_73' title="bbox 363 4220 1939 4297; baseline -0.005 -17"><span class='ocrx_word' id='word_1_554' title='bbox 363 4226 439 4297; x_wconf 82' lang='grc' dir='ltr'>μὴ</span> <span class='ocrx_word' id='word_1_555' title='bbox 472 4224 681 4290; x_wconf 86' lang='grc' dir='ltr'>παθὼν,</span> <span class='ocrx_word' id='word_1_556' title='bbox 730 4226 855 4281; x_wconf 82' lang='grc' dir='ltr'>καθ’</span> <span class='ocrx_word' id='word_1_557' title='bbox 900 4220 1010 4279; x_wconf 79' lang='grc' dir='ltr'>οἷον</span> <span class='ocrx_word' id='word_1_558' title='bbox 1038 4226 1103 4296; x_wconf 85' lang='grc' dir='ltr'>δή</span> <span class='ocrx_word' id='word_1_559' title='bbox 1137 4239 1261 4277; x_wconf 87' lang='grc' dir='ltr'>τινα</span> <span class='ocrx_word' id='word_1_560' title='bbox 1290 4224 1512 4295; x_wconf 87' lang='grc' dir='ltr'>τρόπον.</span> <span class='ocrx_word' id='word_1_561' title='bbox 1553 4223 1797 4277; x_wconf 82' lang='grc' dir='ltr'>Ἀσθενεῖ</span> <span class='ocrx_word' id='word_1_562' title='bbox 1839 4222 1939 4291; x_wconf 79' lang='grc' dir='ltr'>μὲν</span> 
     </span>
    </p>
   </div>
   <div class='ocr_carea' id='block_1_74' title="bbox 357 4313 1940 4391">
    <p class='ocr_par' dir='ltr' id='par_1_74' title="bbox 357 4313 1940 4391">
     <span class='ocr_line' id='line_1_74' title="bbox 357 4313 1940 4391; baseline -0.004 -20"><span class='ocrx_word' id='word_1_563' title='bbox 357 4320 468 4391; x_wconf 84' lang='grc' dir='ltr'>γὰρ</span> <span class='ocrx_word' id='word_1_564' title='bbox 496 4320 647 4373; x_wconf 74' lang='grc' dir='ltr'>πᾶσα</span> <span class='ocrx_word' id='word_1_565' title='bbox 674 4318 1135 4390; x_wconf 86' lang='grc' dir='ltr'>παραδειγμάτων</span> <span class='ocrx_word' id='word_1_566' title='bbox 1162 4316 1413 4389; x_wconf 83' lang='grc' dir='ltr'>δύναμις,</span> <span class='ocrx_word' id='word_1_567' title='bbox 1436 4316 1531 4371; x_wconf 75' lang='grc' dir='ltr'>καὶ</span> <span class='ocrx_word' id='word_1_568' title='bbox 1557 4315 1657 4386; x_wconf 84' lang='grc' dir='ltr'>τῆς</span> <span class='ocrx_word' id='word_1_569' title='bbox 1681 4313 1940 4385; x_wconf 81' lang='grc' dir='ltr'>ἀληθείας</span> 
     </span>
    </p>
   </div>
   <div class='ocr_carea' id='block_1_75' title="bbox 358 4403 1937 4483">
    <p class='ocr_par' dir='ltr' id='par_1_75' title="bbox 358 4403 1937 4483">
     <span class='ocr_line' id='line_1_75' title="bbox 358 4403 1937 4483; baseline -0.005 -20"><span class='ocrx_word' id='word_1_570' title='bbox 358 4413 587 4465; x_wconf 81' lang='grc' dir='ltr'>κατόπιν</span> <span class='ocrx_word' id='word_1_571' title='bbox 641 4412 881 4483; x_wconf 79' lang='grc' dir='ltr'>ἔρχεται.</span> <span class='ocrx_word' id='word_1_572' title='bbox 932 4409 1079 4479; x_wconf 78' lang='grc' dir='ltr'>Πλὴν</span> <span class='ocrx_word' id='word_1_573' title='bbox 1126 4408 1301 4477; x_wconf 76' lang='grc' dir='ltr'>ἐνίησι</span> <span class='ocrx_word' id='word_1_574' title='bbox 1346 4407 1424 4478; x_wconf 85' lang='grc' dir='ltr'>τῷ</span> <span class='ocrx_word' id='word_1_575' title='bbox 1498 4405 1574 4478; x_wconf 82' lang='grc' dir='ltr'>νῷ</span> <span class='ocrx_word' id='word_1_576' title='bbox 1636 4403 1937 4473; x_wconf 82' lang='grc' dir='ltr'>φαντασίαν</span> 
     </span>
    </p>
   </div>
   <div class='ocr_carea' id='block_1_76' title="bbox 364 4495 1930 4571">
    <p class='ocr_par' dir='ltr' id='par_1_76' title="bbox 364 4495 1930 4571">
     <span class='ocr_line' id='line_1_76' title="bbox 364 4495 1930 4571; baseline -0.003 -21"><span class='ocrx_word' id='word_1_577' title='bbox 364 4498 549 4570; x_wconf 81' lang='grc' dir='ltr'>ἰσχνὴν</span> <span class='ocrx_word' id='word_1_578' title='bbox 573 4500 666 4552; x_wconf 85' lang='grc' dir='ltr'><strong>τοῦ</strong></span> <span class='ocrx_word' id='word_1_579' title='bbox 688 4500 1034 4571; x_wconf 85' lang='grc' dir='ltr'>πράγματος,</span> <span class='ocrx_word' id='word_1_580' title='bbox 1067 4498 1162 4552; x_wconf 75' lang='grc' dir='ltr'>καὶ</span> <span class='ocrx_word' id='word_1_581' title='bbox 1192 4497 1267 4561; x_wconf 86' lang='grc' dir='ltr'>ὡς</span> <span class='ocrx_word' id='word_1_582' title='bbox 1286 4497 1394 4551; x_wconf 90' lang='grc' dir='ltr'><strong>άπό</strong></span> <span class='ocrx_word' id='word_1_583' title='bbox 1414 4514 1476 4565; x_wconf 86' lang='grc' dir='ltr'><strong>γε</strong></span> <span class='ocrx_word' id='word_1_584' title='bbox 1500 4496 1610 4549; x_wconf 88' lang='grc' dir='ltr'><strong>τῶν</strong></span> <span class='ocrx_word' id='word_1_585' title='bbox 1636 4497 1693 4548; x_wconf 83' lang='grc' dir='ltr'>ὲν</span> <span class='ocrx_word' id='word_1_586' title='bbox 1721 4495 1930 4565; x_wconf 79' lang='grc' dir='ltr'>χερσὶν,</span> 
     </span>
    </p>
   </div>
   <div class='ocr_carea' id='block_1_77' title="bbox 359 4581 1933 4657">
    <p class='ocr_par' dir='ltr' id='par_1_77' title="bbox 359 4581 1933 4657">
     <span class='ocr_line' id='line_1_77' title="bbox 359 4581 1933 4657; baseline -0.006 -17"><span class='ocrx_word' id='word_1_587' title='bbox 359 4588 681 4640; x_wconf 78' lang='grc' dir='ltr'>ἁναδιδάσει</span> <span class='ocrx_word' id='word_1_588' title='bbox 714 4588 849 4657; x_wconf 79' lang='grc' dir='ltr'>πρὸς</span> <span class='ocrx_word' id='word_1_589' title='bbox 876 4589 937 4640; x_wconf 86' lang='grc' dir='ltr'>τὸ</span> <span class='ocrx_word' id='word_1_590' title='bbox 963 4587 1121 4657; x_wconf 62' lang='grc' dir='ltr'>ῦψος,</span> <span class='ocrx_word' id='word_1_591' title='bbox 1154 4588 1249 4639; x_wconf 78' lang='grc' dir='ltr'>καὶ</span> <span class='ocrx_word' id='word_1_592' title='bbox 1273 4586 1335 4638; x_wconf 88' lang='grc' dir='ltr'>τὸ</span> <span class='ocrx_word' id='word_1_593' title='bbox 1360 4584 1503 4655; x_wconf 74' lang='grc' dir='ltr'>πέρα</span> <span class='ocrx_word' id='word_1_594' title='bbox 1532 4581 1933 4651; x_wconf 81' lang='grc' dir='ltr'>λόγου.Ὤσπερ</span> 
     </span>
    </p>
   </div>
   <div class='ocr_carea' id='block_1_78' title="bbox 360 4672 1929 4749">
    <p class='ocr_par' dir='ltr' id='par_1_78' title="bbox 360 4672 1929 4749">
     <span class='ocr_line' id='line_1_78' title="bbox 360 4672 1929 4749; baseline -0.004 -18"><span class='ocrx_word' id='word_1_595' title='bbox 360 4679 469 4749; x_wconf 81' lang='grc' dir='ltr'><strong>γὰρ</strong></span> <span class='ocrx_word' id='word_1_596' title='bbox 499 4679 528 4731; x_wconf 86' lang='grc' dir='ltr'><strong>ό</strong></span> <span class='ocrx_word' id='word_1_597' title='bbox 559 4678 776 4748; x_wconf 85' lang='grc' dir='ltr'>σίδηρος</span> <span class='ocrx_word' id='word_1_598' title='bbox 808 4679 975 4747; x_wconf 78' lang='grc' dir='ltr'>ἦγουν</span> <span class='ocrx_word' id='word_1_599' title='bbox 1009 4680 1171 4747; x_wconf 79' lang='grc' dir='ltr'>ἑτέρα</span> <span class='ocrx_word' id='word_1_600' title='bbox 1195 4694 1282 4740; x_wconf 90' lang='grc' dir='ltr'><strong>τις</strong></span> <span class='ocrx_word' id='word_1_601' title='bbox 1315 4676 1415 4746; x_wconf 77' lang='grc' dir='ltr'>ὕλη</span> <span class='ocrx_word' id='word_1_602' title='bbox 1445 4674 1668 4744; x_wconf 81' lang='grc' dir='ltr'>τοιαύτη</span> <span class='ocrx_word' id='word_1_603' title='bbox 1691 4673 1810 4735; x_wconf 84' lang='grc' dir='ltr'>ταῖς</span> <span class='ocrx_word' id='word_1_604' title='bbox 1835 4672 1929 4725; x_wconf 85' lang='grc' dir='ltr'><strong>τοῦ</strong></span> 
     </span>
    </p>
   </div>
   <div class='ocr_carea' id='block_1_79' title="bbox 361 4762 1928 4841">
    <p class='ocr_par' dir='ltr' id='par_1_79' title="bbox 361 4762 1928 4841">
     <span class='ocr_line' id='line_1_79' title="bbox 361 4762 1928 4841; baseline -0.006 -18"><span class='ocrx_word' id='word_1_605' title='bbox 361 4770 533 4841; x_wconf 78' lang='grc' dir='ltr'>πυρὸς</span> <span class='ocrx_word' id='word_1_606' title='bbox 567 4770 877 4840; x_wconf 82' lang='grc' dir='ltr'>όμιλήσασα</span> <span class='ocrx_word' id='word_1_607' title='bbox 910 4769 1268 4840; x_wconf 78' lang='grc' dir='ltr'>προσϐολαῖς,</span> <span class='ocrx_word' id='word_1_608' title='bbox 1301 4767 1601 4835; x_wconf 80' lang='grc' dir='ltr'>εἰσδέχεται</span> <span class='ocrx_word' id='word_1_609' title='bbox 1639 4764 1739 4834; x_wconf 80' lang='grc' dir='ltr'>μὲν</span> <span class='ocrx_word' id='word_1_610' title='bbox 1776 4762 1928 4825; x_wconf 76' lang='grc' dir='ltr'>αὐτὸ,</span> 
     </span>
    </p>
   </div>
   <div class='ocr_carea' id='block_1_80' title="bbox 359 4854 1935 4930">
    <p class='ocr_par' dir='ltr' id='par_1_80' title="bbox 359 4854 1935 4930">
     <span class='ocr_line' id='line_1_80' title="bbox 359 4854 1935 4930; baseline -0.006 -15"><span class='ocrx_word' id='word_1_611' title='bbox 359 4863 456 4915; x_wconf 80' lang='grc' dir='ltr'>καὶ</span> <span class='ocrx_word' id='word_1_612' title='bbox 489 4858 772 4914; x_wconf 84' lang='grc' dir='ltr'>κατωδίνει</span> <span class='ocrx_word' id='word_1_613' title='bbox 811 4859 912 4930; x_wconf 79' lang='grc' dir='ltr'>τὴν</span> <span class='ocrx_word' id='word_1_614' title='bbox 940 4858 1115 4927; x_wconf 82' lang='grc' dir='ltr'>φλόγα</span> <span class='ocrx_word' id='word_1_615' title='bbox 1135 4876 1149 4889; x_wconf 90' lang='grc'><strong>·</strong></span> <span class='ocrx_word' id='word_1_616' title='bbox 1186 4859 1235 4909; x_wconf 83' lang='grc' dir='ltr'>εἰ</span> <span class='ocrx_word' id='word_1_617' title='bbox 1265 4857 1320 4910; x_wconf 88' lang='grc' dir='ltr'>δὲ</span> <span class='ocrx_word' id='word_1_618' title='bbox 1358 4855 1423 4927; x_wconf 82' lang='grc' dir='ltr'>δὴ</span> <span class='ocrx_word' id='word_1_619' title='bbox 1452 4854 1810 4909; x_wconf 88' lang='grc' dir='ltr'>καταπαίοιτο</span> <span class='ocrx_word' id='word_1_620' title='bbox 1844 4871 1935 4907; x_wconf 86' lang='grc' dir='ltr'>τυ-</span> 
     </span>
    </p>
   </div>
   <div class='ocr_carea' id='block_1_81' title="bbox 357 4945 1933 5026">
    <p class='ocr_par' dir='ltr' id='par_1_81' title="bbox 357 4945 1933 5026">
     <span class='ocr_line' id='line_1_81' title="bbox 357 4945 1933 5026; baseline -0.006 -18"><span class='ocrx_word' id='word_1_621' title='bbox 357 4955 451 5026; x_wconf 79' lang='grc' dir='ltr'>χὸν</span> <span class='ocrx_word' id='word_1_622' title='bbox 479 4952 584 5007; x_wconf 80' lang='grc' dir='ltr'>ὑπό</span> <span class='ocrx_word' id='word_1_623' title='bbox 625 4966 741 5018; x_wconf 89' lang='grc' dir='ltr'>του,</span> <span class='ocrx_word' id='word_1_624' title='bbox 771 4952 983 5021; x_wconf 81' lang='grc' dir='ltr'>δέχεται</span> <span class='ocrx_word' id='word_1_625' title='bbox 1015 4948 1113 5017; x_wconf 85' lang='grc' dir='ltr'>μὲν</span> <span class='ocrx_word' id='word_1_626' title='bbox 1138 4952 1171 5019; x_wconf 83' lang='grc' dir='ltr'>ἡ</span> <span class='ocrx_word' id='word_1_627' title='bbox 1197 4947 1297 5016; x_wconf 82' lang='grc' dir='ltr'><strong>ῦλη</strong></span> <span class='ocrx_word' id='word_1_628' title='bbox 1332 4946 1393 4999; x_wconf 82' lang='grc' dir='ltr'>τὸ</span> <span class='ocrx_word' id='word_1_629' title='bbox 1424 4945 1638 5017; x_wconf 77' lang='grc' dir='ltr'>βλάϐος,</span> <span class='ocrx_word' id='word_1_630' title='bbox 1667 4946 1933 5000; x_wconf 85' lang='grc' dir='ltr'>ἀδικεῖται</span> 
     </span>
    </p>
   </div>
   <div class='ocr_carea' id='block_1_82' title="bbox 358 5037 1929 5116">
    <p class='ocr_par' dir='ltr' id='par_1_82' title="bbox 358 5037 1929 5116">
     <span class='ocr_line' id='line_1_82' title="bbox 358 5037 1929 5116; baseline -0.008 -14"><span class='ocrx_word' id='word_1_631' title='bbox 358 5047 414 5102; x_wconf 79' lang='grc' dir='ltr'>δὲ</span> <span class='ocrx_word' id='word_1_632' title='bbox 445 5047 581 5110; x_wconf 76' lang='grc' dir='ltr'>ὅλως</span> <span class='ocrx_word' id='word_1_633' title='bbox 605 5045 741 5116; x_wconf 80' lang='grc' dir='ltr'>πρὸς</span> <span class='ocrx_word' id='word_1_634' title='bbox 766 5043 860 5097; x_wconf 84' lang='grc' dir='ltr'><strong>τοῦ</strong></span> <span class='ocrx_word' id='word_1_635' title='bbox 894 5043 1146 5104; x_wconf 86' lang='grc' dir='ltr'>παίοντος</span> <span class='ocrx_word' id='word_1_636' title='bbox 1172 5039 1323 5094; x_wconf 79' lang='grc' dir='ltr'>οὐδὲν</span> <span class='ocrx_word' id='word_1_637' title='bbox 1358 5039 1392 5111; x_wconf 80' lang='grc' dir='ltr'>ἡ</span> <span class='ocrx_word' id='word_1_638' title='bbox 1419 5039 1513 5092; x_wconf 88' lang='grc' dir='ltr'><strong>τοῦ</strong></span> <span class='ocrx_word' id='word_1_639' title='bbox 1537 5038 1709 5111; x_wconf 80' lang='grc' dir='ltr'>πυρὸς</span> <span class='ocrx_word' id='word_1_640' title='bbox 1732 5037 1895 5109; x_wconf 86' lang='grc' dir='ltr'>φύσις</span> <span class='ocrx_word' id='word_1_641' title='bbox 1912 5052 1929 5066; x_wconf 88' lang='lat'><strong><em>‘</em></strong></span> 
     </span>
    </p>
   </div>
   <div class='ocr_carea' id='block_1_83' title="bbox 358 5128 1925 5208">
    <p class='ocr_par' dir='ltr' id='par_1_83' title="bbox 358 5128 1925 5208">
     <span class='ocr_line' id='line_1_83' title="bbox 358 5128 1925 5208; baseline -0.008 -14"><span class='ocrx_word' id='word_1_642' title='bbox 358 5141 503 5195; x_wconf 71' lang='grc' dir='ltr'>οὕτω</span> <span class='ocrx_word' id='word_1_643' title='bbox 530 5156 646 5202; x_wconf 81' lang='grc' dir='ltr'><strong>πως</strong></span> <span class='ocrx_word' id='word_1_644' title='bbox 673 5140 923 5208; x_wconf 85' lang='grc' dir='ltr'>συνήσεις</span> <span class='ocrx_word' id='word_1_645' title='bbox 951 5136 1043 5189; x_wconf 77' lang='grc' dir='ltr'>καὶ</span> <span class='ocrx_word' id='word_1_646' title='bbox 1063 5136 1122 5188; x_wconf 82' lang='grc' dir='ltr'>ὲν</span> <span class='ocrx_word' id='word_1_647' title='bbox 1149 5132 1227 5204; x_wconf 78' lang='grc' dir='ltr'><strong>τῷ</strong></span> <span class='ocrx_word' id='word_1_648' title='bbox 1251 5133 1414 5203; x_wconf 78' lang='grc' dir='ltr'>σαρκὶ</span> <span class='ocrx_word' id='word_1_649' title='bbox 1437 5129 1691 5200; x_wconf 85' lang='grc' dir='ltr'>λέγεσθαι</span> <span class='ocrx_word' id='word_1_650' title='bbox 1715 5128 1925 5193; x_wconf 87' lang='grc' dir='ltr'>παθεῖν,</span> 
     </span>
    </p>
   </div>
   <div class='ocr_carea' id='block_1_84' title="bbox 360 5220 1933 5301">
    <p class='ocr_par' dir='ltr' id='par_1_84' title="bbox 360 5220 1933 5301">
     <span class='ocr_line' id='line_1_84' title="bbox 360 5220 1933 5301; baseline -0.007 -18"><span class='ocrx_word' id='word_1_651' title='bbox 360 5231 575 5300; x_wconf 83' lang='grc' dir='ltr'>θεότητι</span> <span class='ocrx_word' id='word_1_652' title='bbox 604 5229 659 5281; x_wconf 81' lang='grc' dir='ltr'>δὲ</span> <span class='ocrx_word' id='word_1_653' title='bbox 692 5227 766 5301; x_wconf 81' lang='grc' dir='ltr'>μὴ</span> <span class='ocrx_word' id='word_1_654' title='bbox 799 5225 995 5281; x_wconf 84' lang='grc' dir='ltr'>παθεῖν</span> <span class='ocrx_word' id='word_1_655' title='bbox 1026 5225 1118 5279; x_wconf 77' lang='grc' dir='ltr'><strong>τὸν</strong></span> <span class='ocrx_word' id='word_1_656' title='bbox 1152 5223 1300 5278; x_wconf 82' lang='grc' dir='ltr'>Υἰόν.</span> <span class='ocrx_word' id='word_1_657' title='bbox 1333 5223 1442 5277; x_wconf 74' lang='grc' dir='ltr'><strong>Καὶ</strong></span> <span class='ocrx_word' id='word_1_658' title='bbox 1471 5223 1677 5293; x_wconf 78' lang='grc' dir='ltr'>σμικρὰ</span> <span class='ocrx_word' id='word_1_659' title='bbox 1710 5222 1829 5293; x_wconf 79' lang='grc' dir='ltr'>μὲν,</span> <span class='ocrx_word' id='word_1_660' title='bbox 1856 5220 1933 5284; x_wconf 84' lang='grc' dir='ltr'>ὡς</span> 
     </span>
    </p>
   </div>
   <div class='ocr_carea' id='block_1_85' title="bbox 358 5313 1933 5392">
    <p class='ocr_par' dir='ltr' id='par_1_85' title="bbox 358 5313 1933 5392">
     <span class='ocr_line' id='line_1_85' title="bbox 358 5313 1933 5392; baseline -0.006 -16"><span class='ocrx_word' id='word_1_661' title='bbox 358 5324 516 5392; x_wconf 70' lang='grc' dir='ltr'>ἔφην,</span> <span class='ocrx_word' id='word_1_662' title='bbox 544 5321 651 5373; x_wconf 89' lang='grc' dir='ltr'><strong>τῶν</strong></span> <span class='ocrx_word' id='word_1_663' title='bbox 685 5317 1142 5392; x_wconf 85' lang='grc' dir='ltr'>παραδειγμάτων</span> <span class='ocrx_word' id='word_1_664' title='bbox 1192 5317 1225 5387; x_wconf 84' lang='grc' dir='ltr'>ἡ</span> <span class='ocrx_word' id='word_1_665' title='bbox 1270 5315 1531 5386; x_wconf 80' lang='grc' dir='ltr'>δύναμις,</span> <span class='ocrx_word' id='word_1_666' title='bbox 1573 5313 1839 5384; x_wconf 79' lang='grc' dir='ltr'>ἀποφέρει</span> <span class='ocrx_word' id='word_1_667' title='bbox 1875 5313 1933 5367; x_wconf 77' lang='grc' dir='ltr'>δέ</span> 
     </span>
    </p>
   </div>
   <div class='ocr_carea' id='block_1_86' title="bbox 359 5404 1934 5481">
    <p class='ocr_par' dir='ltr' id='par_1_86' title="bbox 359 5404 1934 5481">
     <span class='ocr_line' id='line_1_86' title="bbox 359 5404 1934 5481; baseline -0.003 -18"><span class='ocrx_word' id='word_1_668' title='bbox 359 5428 478 5474; x_wconf 83' lang='grc' dir='ltr'><strong>πως</strong></span> <span class='ocrx_word' id='word_1_669' title='bbox 509 5411 607 5481; x_wconf 78' lang='grc' dir='ltr'>τῆς</span> <span class='ocrx_word' id='word_1_670' title='bbox 638 5409 896 5480; x_wconf 83' lang='grc' dir='ltr'>ἀληθείας</span> <span class='ocrx_word' id='word_1_671' title='bbox 919 5410 1246 5477; x_wconf 74' lang='grc' dir='ltr'>ἐγγὺςτοῦς</span> <span class='ocrx_word' id='word_1_672' title='bbox 1281 5410 1392 5470; x_wconf 88' lang='grc' dir='ltr'>τοῖς</span> <span class='ocrx_word' id='word_1_673' title='bbox 1420 5408 1585 5477; x_wconf 81' lang='grc' dir='ltr'>ἱεροῖς</span> <span class='ocrx_word' id='word_1_674' title='bbox 1605 5404 1934 5477; x_wconf 80' lang='grc' dir='ltr'>Γράμμασιν</span> 
     </span>
    </p>
   </div>
   <div class='ocr_carea' id='block_1_87' title="bbox 358 5503 966 5576">
    <p class='ocr_par' dir='ltr' id='par_1_87' title="bbox 358 5503 966 5576">
     <span class='ocr_line' id='line_1_87' title="bbox 358 5503 966 5576; baseline -0.012 -15"><span class='ocrx_word' id='word_1_675' title='bbox 358 5504 607 5561; x_wconf 76' lang='grc' dir='ltr'>ἀπειθεῖν</span> <span class='ocrx_word' id='word_1_676' title='bbox 638 5503 966 5576; x_wconf 72' lang='grc' dir='ltr'>ᾑρημένους.</span> 
     </span>
    </p>
   </div>
   <div class='ocr_carea' id='block_1_88' title="bbox 443 5642 1695 5751">
    <p class='ocr_par' dir='ltr' id='par_1_88' title="bbox 443 5642 1695 5751">
     <span class='ocr_line' id='line_1_88' title="bbox 443 5642 1695 5751; baseline -0.008 -13"><span class='ocrx_word' id='word_1_677' title='bbox 443 5682 485 5713; x_wconf 73' lang='grc'><strong>⁸³</strong></span> <span class='ocrx_word' id='word_1_678' title='bbox 516 5680 535 5736; x_wconf 83' lang='grc'><strong>1</strong></span> <span class='ocrx_word' id='word_1_679' title='bbox 573 5677 700 5737; x_wconf 83' lang='lat' dir='ltr'><strong>Cor.</strong></span> <span class='ocrx_word' id='word_1_680' title='bbox 739 5695 777 5746; x_wconf 88' lang='grc' dir='ltr'><strong>ι,</strong></span> <span class='ocrx_word' id='word_1_681' title='bbox 808 5677 995 5736; x_wconf 70' lang='grc' dir='ltr'>εεοεε.</span> <span class='ocrx_word' id='word_1_682' title='bbox 1078 5678 1121 5711; x_wconf 65' lang='grc'>⁸³</span> <span class='ocrx_word' id='word_1_683' title='bbox 1162 5677 1352 5751; x_wconf 71' lang='lat' dir='ltr'><strong>Matth.</strong></span> <span class='ocrx_word' id='word_1_684' title='bbox 1405 5642 1575 5741; x_wconf 75' lang='lat' dir='ltr'><strong>xxv&quot;,</strong></span> <span class='ocrx_word' id='word_1_685' title='bbox 1608 5671 1695 5728; x_wconf 66' lang='grc' dir='ltr'><strong>Ιιῖ.</strong></span> 
     </span>
    </p>
   </div>
   <div class='ocr_carea' id='block_1_89' title="bbox 1957 3113 3642 3189">
    <p class='ocr_par' dir='ltr' id='par_1_89' title="bbox 1957 3113 3642 3189">
     <span class='ocr_line' id='line_1_89' title="bbox 1957 3113 3642 3189; baseline 0.006 -22"><span class='ocrx_word' id='word_1_686' title='bbox 1957 3130 2000 3188; x_wconf 72' lang='grc' dir='ltr'>ο</span> <span class='ocrx_word' id='word_1_687' title='bbox 2106 3114 2168 3168; x_wconf 86' lang='grc' dir='ltr'><strong>Β.</strong></span> <span class='ocrx_word' id='word_1_688' title='bbox 2209 3113 2372 3185; x_wconf 81' lang='lat' dir='ltr'><strong>Atqui</strong></span> <span class='ocrx_word' id='word_1_689' title='bbox 2407 3115 2708 3184; x_wconf 91' lang='lat' dir='ltr'><strong>quomodo,</strong></span> <span class='ocrx_word' id='word_1_690' title='bbox 2745 3114 3028 3185; x_wconf 90' lang='lat' dir='ltr'><strong>inquiunt,</strong></span> <span class='ocrx_word' id='word_1_691' title='bbox 3062 3129 3181 3184; x_wconf 80' lang='lat' dir='ltr'><strong>ipse</strong></span> <span class='ocrx_word' id='word_1_692' title='bbox 3214 3132 3320 3173; x_wconf 92' lang='lat' dir='ltr'><strong>non</strong></span> <span class='ocrx_word' id='word_1_693' title='bbox 3353 3119 3642 3189; x_wconf 64' lang='lat' dir='ltr'><strong>patiatur?</strong></span> 
     </span>
    </p>
   </div>
   <div class='ocr_carea' id='block_1_90' title="bbox 2109 3206 3632 3277">
    <p class='ocr_par' dir='ltr' id='par_1_90' title="bbox 2109 3206 3632 3277">
     <span class='ocr_line' id='line_1_90' title="bbox 2109 3206 3632 3277; baseline 0.004 -16"><span class='ocrx_word' id='word_1_694' title='bbox 2109 3209 2176 3264; x_wconf 85' lang='lat' dir='ltr'><strong>A.</strong></span> <span class='ocrx_word' id='word_1_695' title='bbox 2219 3206 2443 3277; x_wconf 83' lang='lat' dir='ltr'><strong>Propria</strong></span> <span class='ocrx_word' id='word_1_696' title='bbox 2473 3221 2640 3263; x_wconf 89' lang='lat' dir='ltr'><strong>carne</strong></span> <span class='ocrx_word' id='word_1_697' title='bbox 2667 3220 2881 3277; x_wconf 88' lang='lat' dir='ltr'><strong>passus,</strong></span> <span class='ocrx_word' id='word_1_698' title='bbox 2910 3221 3017 3261; x_wconf 85' lang='lat' dir='ltr'><strong>non</strong></span> <span class='ocrx_word' id='word_1_699' title='bbox 3048 3217 3231 3263; x_wconf 92' lang='lat' dir='ltr'><strong>autem</strong></span> <span class='ocrx_word' id='word_1_700' title='bbox 3264 3220 3459 3265; x_wconf 84' lang='lat' dir='ltr'><strong>natura</strong></span> <span class='ocrx_word' id='word_1_701' title='bbox 3490 3212 3632 3267; x_wconf 88' lang='lat' dir='ltr'><strong>divi-</strong></span> 
     </span>
    </p>
   </div>
   <div class='ocr_carea' id='block_1_91' title="bbox 2039 3298 3627 3371">
    <p class='ocr_par' dir='ltr' id='par_1_91' title="bbox 2039 3298 3627 3371">
     <span class='ocr_line' id='line_1_91' title="bbox 2039 3298 3627 3371; baseline 0.002 -15"><span class='ocrx_word' id='word_1_702' title='bbox 2039 3300 2248 3365; x_wconf 87' lang='lat' dir='ltr'><strong>uitatis,</strong></span> <span class='ocrx_word' id='word_1_703' title='bbox 2279 3298 2441 3369; x_wconf 90' lang='lat' dir='ltr'><strong>idque</strong></span> <span class='ocrx_word' id='word_1_704' title='bbox 2473 3299 2731 3356; x_wconf 70' lang='lat' dir='ltr'><strong>ineffabili</strong></span> <span class='ocrx_word' id='word_1_705' title='bbox 2760 3302 2992 3370; x_wconf 90' lang='lat' dir='ltr'><strong>quadam</strong></span> <span class='ocrx_word' id='word_1_706' title='bbox 3024 3300 3259 3369; x_wconf 89' lang='lat' dir='ltr'><strong>ratione,</strong></span> <span class='ocrx_word' id='word_1_707' title='bbox 3287 3317 3449 3371; x_wconf 90' lang='lat' dir='ltr'><strong>quam</strong></span> <span class='ocrx_word' id='word_1_708' title='bbox 3480 3305 3627 3360; x_wconf 86' lang='lat' dir='ltr'><strong>nulla</strong></span> 
     </span>
    </p>
   </div>
   <div class='ocr_carea' id='block_1_92' title="bbox 2039 3390 3635 3462">
    <p class='ocr_par' dir='ltr' id='par_1_92' title="bbox 2039 3390 3635 3462">
     <span class='ocr_line' id='line_1_92' title="bbox 2039 3390 3635 3462; baseline 0.004 -16"><span class='ocrx_word' id='word_1_709' title='bbox 2039 3407 2192 3449; x_wconf 91' lang='lat' dir='ltr'><strong>mens</strong></span> <span class='ocrx_word' id='word_1_710' title='bbox 2222 3390 2387 3462; x_wconf 79' lang='lat'><strong>776</strong></span> <span class='ocrx_word' id='word_1_711' title='bbox 2416 3392 2700 3462; x_wconf 87' lang='lat' dir='ltr'><strong>percipere</strong></span> <span class='ocrx_word' id='word_1_712' title='bbox 2729 3401 2914 3462; x_wconf 87' lang='lat' dir='ltr'><strong>queat.</strong></span> <span class='ocrx_word' id='word_1_713' title='bbox 2945 3391 3056 3448; x_wconf 85' lang='lat' dir='ltr'><strong>Nos</strong></span> <span class='ocrx_word' id='word_1_714' title='bbox 3086 3407 3219 3450; x_wconf 88' lang='lat' dir='ltr'><strong>vero</strong></span> <span class='ocrx_word' id='word_1_715' title='bbox 3250 3395 3635 3452; x_wconf 81' lang='lat' dir='ltr'><strong>ratiocinatio-</strong></span> 
     </span>
    </p>
   </div>
   <div class='ocr_carea' id='block_1_93' title="bbox 2040 3482 3631 3553">
    <p class='ocr_par' dir='ltr' id='par_1_93' title="bbox 2040 3482 3631 3553">
     <span class='ocr_line' id='line_1_93' title="bbox 2040 3482 3631 3553; baseline 0.006 -18"><span class='ocrx_word' id='word_1_716' title='bbox 2040 3482 2201 3539; x_wconf 81' lang='lat' dir='ltr'><strong>nibus</strong></span> <span class='ocrx_word' id='word_1_717' title='bbox 2234 3498 2355 3553; x_wconf 64' lang='lat' dir='ltr'><strong>quae</strong></span> <span class='ocrx_word' id='word_1_718' title='bbox 2384 3484 2600 3540; x_wconf 85' lang='lat' dir='ltr'><strong>veritati</strong></span> <span class='ocrx_word' id='word_1_719' title='bbox 2639 3484 2877 3541; x_wconf 82' lang='lat' dir='ltr'><strong>maxime</strong></span> <span class='ocrx_word' id='word_1_720' title='bbox 2906 3494 3289 3542; x_wconf 73' lang='lat' dir='ltr'><strong>consentanea:</strong></span> <span class='ocrx_word' id='word_1_721' title='bbox 3319 3488 3432 3544; x_wconf 89' lang='lat' dir='ltr'><strong>sint</strong></span> <span class='ocrx_word' id='word_1_722' title='bbox 3465 3489 3631 3544; x_wconf 81' lang='lat' dir='ltr'><strong>inlue-</strong></span> 
     </span>
    </p>
   </div>
   <div class='ocr_carea' id='block_1_94' title="bbox 2040 3575 3639 3647">
    <p class='ocr_par' dir='ltr' id='par_1_94' title="bbox 2040 3575 3639 3647">
     <span class='ocr_line' id='line_1_94' title="bbox 2040 3575 3639 3647; baseline 0.004 -20"><span class='ocrx_word' id='word_1_723' title='bbox 2040 3581 2246 3637; x_wconf 87' lang='lat' dir='ltr'><strong>rentes,</strong></span> <span class='ocrx_word' id='word_1_724' title='bbox 2269 3587 2453 3641; x_wconf 88' lang='lat' dir='ltr'><strong>neque</strong></span> <span class='ocrx_word' id='word_1_725' title='bbox 2480 3575 2718 3630; x_wconf 91' lang='lat' dir='ltr'><strong>alienum</strong></span> <span class='ocrx_word' id='word_1_726' title='bbox 2748 3575 2924 3646; x_wconf 90' lang='lat' dir='ltr'><strong>ipsum</strong></span> <span class='ocrx_word' id='word_1_727' title='bbox 2953 3578 3021 3630; x_wconf 87' lang='lat' dir='ltr'><strong>ab</strong></span> <span class='ocrx_word' id='word_1_728' title='bbox 3046 3592 3113 3631; x_wconf 88' lang='lat' dir='ltr'><strong>eo</strong></span> <span class='ocrx_word' id='word_1_729' title='bbox 3142 3591 3459 3642; x_wconf 87' lang='lat' dir='ltr'><strong>censemus,</strong></span> <span class='ocrx_word' id='word_1_730' title='bbox 3482 3581 3639 3647; x_wconf 46' lang='lat' dir='ltr'><strong>quod»</strong></span> 
     </span>
    </p>
   </div>
   <div class='ocr_carea' id='block_1_95' title="bbox 2038 3663 3625 3731">
    <p class='ocr_par' dir='ltr' id='par_1_95' title="bbox 2038 3663 3625 3731">
     <span class='ocr_line' id='line_1_95' title="bbox 2038 3663 3625 3731; baseline 0.003 -14"><span class='ocrx_word' id='word_1_731' title='bbox 2038 3663 2254 3717; x_wconf 85' lang='lat' dir='ltr'><strong>dicatur</strong></span> <span class='ocrx_word' id='word_1_732' title='bbox 2290 3676 2485 3731; x_wconf 82' lang='lat' dir='ltr'><strong>passus</strong></span> <span class='ocrx_word' id='word_1_733' title='bbox 2533 3678 2684 3729; x_wconf 90' lang='lat' dir='ltr'><strong>esse,</strong></span> <span class='ocrx_word' id='word_1_734' title='bbox 2730 3681 2799 3719; x_wconf 92' lang='lat' dir='ltr'><strong>ne</strong></span> <span class='ocrx_word' id='word_1_735' title='bbox 2840 3674 2896 3720; x_wconf 89' lang='lat' dir='ltr'><strong>et</strong></span> <span class='ocrx_word' id='word_1_736' title='bbox 2937 3667 3277 3721; x_wconf 81' lang='lat' dir='ltr'><strong>nativitatem</strong></span> <span class='ocrx_word' id='word_1_737' title='bbox 3328 3670 3625 3722; x_wconf 83' lang='lat' dir='ltr'><strong>secundum</strong></span> 
     </span>
    </p>
   </div>
   <div class='ocr_carea' id='block_1_96' title="bbox 2039 3756 3627 3830">
    <p class='ocr_par' dir='ltr' id='par_1_96' title="bbox 2039 3756 3627 3830">
     <span class='ocr_line' id='line_1_96' title="bbox 2039 3756 3627 3830; baseline 0.004 -21"><span class='ocrx_word' id='word_1_738' title='bbox 2039 3768 2294 3819; x_wconf 89' lang='lat' dir='ltr'><strong>carnem,</strong></span> <span class='ocrx_word' id='word_1_739' title='bbox 2330 3768 2454 3821; x_wconf 78' lang='lat' dir='ltr'><strong>quze</strong></span> <span class='ocrx_word' id='word_1_740' title='bbox 2487 3756 2797 3824; x_wconf 87' lang='lat' dir='ltr'><strong>passionem</strong></span> <span class='ocrx_word' id='word_1_741' title='bbox 2832 3759 3145 3827; x_wconf 58' lang='lat' dir='ltr'><strong>praecessit,</strong></span> <span class='ocrx_word' id='word_1_742' title='bbox 3184 3772 3289 3813; x_wconf 91' lang='lat' dir='ltr'><strong>non</strong></span> <span class='ocrx_word' id='word_1_743' title='bbox 3326 3760 3498 3830; x_wconf 88' lang='lat' dir='ltr'><strong>ipsius</strong></span> <span class='ocrx_word' id='word_1_744' title='bbox 3531 3762 3627 3815; x_wconf 86' lang='lat' dir='ltr'><strong>sed</strong></span> 
     </span>
    </p>
   </div>
   <div class='ocr_carea' id='block_1_97' title="bbox 2038 3844 3641 3920">
    <p class='ocr_par' dir='ltr' id='par_1_97' title="bbox 2038 3844 3641 3920">
     <span class='ocr_line' id='line_1_97' title="bbox 2038 3844 3641 3920; baseline 0.004 -21"><span class='ocrx_word' id='word_1_745' title='bbox 2038 3844 2264 3900; x_wconf 90' lang='lat' dir='ltr'><strong>alterius</strong></span> <span class='ocrx_word' id='word_1_746' title='bbox 2305 3844 2605 3915; x_wconf 72' lang='lat' dir='ltr'><strong>cuiuspiam</strong></span> <span class='ocrx_word' id='word_1_747' title='bbox 2651 3844 2819 3901; x_wconf 86' lang='lat' dir='ltr'><strong>fuisse</strong></span> <span class='ocrx_word' id='word_1_748' title='bbox 2860 3847 3136 3912; x_wconf 87' lang='lat' dir='ltr'><strong>dicamus,</strong></span> <span class='ocrx_word' id='word_1_749' title='bbox 3179 3862 3357 3916; x_wconf 90' lang='lat' dir='ltr'><strong>neque</strong></span> <span class='ocrx_word' id='word_1_750' title='bbox 3396 3863 3459 3904; x_wconf 88' lang='lat' dir='ltr'><strong>ea</strong></span> <span class='ocrx_word' id='word_1_751' title='bbox 3505 3866 3641 3920; x_wconf 53' lang='lat' dir='ltr'><strong>qua.»</strong></span> 
     </span>
    </p>
   </div>
   <div class='ocr_carea' id='block_1_98' title="bbox 2039 3935 3625 4010">
    <p class='ocr_par' dir='ltr' id='par_1_98' title="bbox 2039 3935 3625 4010">
     <span class='ocr_line' id='line_1_98' title="bbox 2039 3935 3625 4010; baseline 0.003 -18"><span class='ocrx_word' id='word_1_752' title='bbox 2039 3935 2226 3992; x_wconf 88' lang='lat' dir='ltr'><strong>carnis</strong></span> <span class='ocrx_word' id='word_1_753' title='bbox 2258 3945 2385 3991; x_wconf 88' lang='lat' dir='ltr'><strong>sunt</strong></span> <span class='ocrx_word' id='word_1_754' title='bbox 2418 3937 2471 3991; x_wconf 90' lang='lat' dir='ltr'><strong>in</strong></span> <span class='ocrx_word' id='word_1_755' title='bbox 2504 3936 2743 3992; x_wconf 89' lang='lat' dir='ltr'><strong>divinam</strong></span> <span class='ocrx_word' id='word_1_756' title='bbox 2776 3938 2944 4008; x_wconf 88' lang='lat' dir='ltr'><strong>ipsius</strong></span> <span class='ocrx_word' id='word_1_757' title='bbox 2973 3947 3137 4008; x_wconf 90' lang='lat' dir='ltr'><strong>atque</strong></span> <span class='ocrx_word' id='word_1_758' title='bbox 3167 3953 3477 4010; x_wconf 89' lang='lat' dir='ltr'><strong>supremam</strong></span> <span class='ocrx_word' id='word_1_759' title='bbox 3514 3957 3625 3996; x_wconf 89' lang='lat' dir='ltr'><strong>na-</strong></span> 
     </span>
    </p>
   </div>
   <div class='ocr_carea' id='block_1_99' title="bbox 2042 4026 3633 4101">
    <p class='ocr_par' dir='ltr' id='par_1_99' title="bbox 2042 4026 3633 4101">
     <span class='ocr_line' id='line_1_99' title="bbox 2042 4026 3633 4101; baseline 0.003 -18"><span class='ocrx_word' id='word_1_760' title='bbox 2042 4039 2217 4083; x_wconf 90' lang='lat' dir='ltr'><strong>turam</strong></span> <span class='ocrx_word' id='word_1_761' title='bbox 2249 4026 2395 4083; x_wconf 83' lang='lat' dir='ltr'><strong>facta</strong></span> <span class='ocrx_word' id='word_1_762' title='bbox 2425 4042 2547 4085; x_wconf 87' lang='lat' dir='ltr'><strong>esse</strong></span> <span class='ocrx_word' id='word_1_763' title='bbox 2574 4038 2901 4085; x_wconf 89' lang='lat' dir='ltr'><strong>statuamus.</strong></span> <span class='ocrx_word' id='word_1_764' title='bbox 2931 4029 3269 4101; x_wconf 81' lang='lat' dir='ltr'><strong>lntelligatur</strong></span> <span class='ocrx_word' id='word_1_765' title='bbox 3298 4045 3429 4087; x_wconf 86' lang='lat' dir='ltr'><strong>vero</strong></span> <span class='ocrx_word' id='word_1_766' title='bbox 3460 4047 3633 4087; x_wconf 87' lang='lat' dir='ltr'><strong>carne</strong></span> 
     </span>
    </p>
   </div>
   <div class='ocr_carea' id='block_1_100' title="bbox 2040 4118 3624 4193">
    <p class='ocr_par' dir='ltr' id='par_1_100' title="bbox 2040 4118 3624 4193">
     <span class='ocr_line' id='line_1_100' title="bbox 2040 4118 3624 4193; baseline 0.004 -20"><span class='ocrx_word' id='word_1_767' title='bbox 2040 4119 2279 4190; x_wconf 89' lang='lat' dir='ltr'><strong>propria,</strong></span> <span class='ocrx_word' id='word_1_768' title='bbox 2310 4128 2369 4174; x_wconf 87' lang='lat' dir='ltr'><strong>ut</strong></span> <span class='ocrx_word' id='word_1_769' title='bbox 2395 4118 2748 4191; x_wconf 83' lang='lat' dir='ltr'><strong>dixi,passus</strong></span> <span class='ocrx_word' id='word_1_770' title='bbox 2766 4134 2910 4189; x_wconf 87' lang='lat' dir='ltr'><strong>esse,</strong></span> <span class='ocrx_word' id='word_1_771' title='bbox 2945 4123 3162 4178; x_wconf 86' lang='lat' dir='ltr'><strong>tametsi</strong></span> <span class='ocrx_word' id='word_1_772' title='bbox 3194 4123 3398 4179; x_wconf 85' lang='lat' dir='ltr'><strong>deitate</strong></span> <span class='ocrx_word' id='word_1_773' title='bbox 3426 4138 3624 4193; x_wconf 89' lang='lat' dir='ltr'><strong>passus</strong></span> 
     </span>
    </p>
   </div>
   <div class='ocr_carea' id='block_1_101' title="bbox 2039 4214 3625 4285">
    <p class='ocr_par' dir='ltr' id='par_1_101' title="bbox 2039 4214 3625 4285">
     <span class='ocr_line' id='line_1_101' title="bbox 2039 4214 3625 4285; baseline 0.001 -16"><span class='ocrx_word' id='word_1_774' title='bbox 2039 4229 2146 4270; x_wconf 91' lang='lat' dir='ltr'><strong>non</strong></span> <span class='ocrx_word' id='word_1_775' title='bbox 2177 4214 2269 4270; x_wconf 87' lang='lat' dir='ltr'><strong>sit.</strong></span> <span class='ocrx_word' id='word_1_776' title='bbox 2297 4214 2418 4283; x_wconf 85' lang='lat' dir='ltr'><strong>Quo</strong></span> <span class='ocrx_word' id='word_1_777' title='bbox 2448 4225 2628 4271; x_wconf 87' lang='lat' dir='ltr'><strong>autem</strong></span> <span class='ocrx_word' id='word_1_778' title='bbox 2664 4216 2845 4281; x_wconf 92' lang='lat' dir='ltr'><strong>modo,</strong></span> <span class='ocrx_word' id='word_1_779' title='bbox 2876 4215 3035 4271; x_wconf 91' lang='lat' dir='ltr'><strong>nullis</strong></span> <span class='ocrx_word' id='word_1_780' title='bbox 3064 4215 3327 4285; x_wconf 76' lang='lat' dir='ltr'><strong>exemplis</strong></span> <span class='ocrx_word' id='word_1_781' title='bbox 3354 4218 3485 4272; x_wconf 90' lang='lat' dir='ltr'><strong>satis</strong></span> <span class='ocrx_word' id='word_1_782' title='bbox 3512 4232 3625 4272; x_wconf 83' lang='lat' dir='ltr'><strong>ex-</strong></span> 
     </span>
    </p>
   </div>
   <div class='ocr_carea' id='block_1_102' title="bbox 2039 4305 3625 4379">
    <p class='ocr_par' dir='ltr' id='par_1_102' title="bbox 2039 4305 3625 4379">
     <span class='ocr_line' id='line_1_102' title="bbox 2039 4305 3625 4379; baseline 0.003 -20"><span class='ocrx_word' id='word_1_783' title='bbox 2039 4306 2227 4377; x_wconf 88' lang='lat' dir='ltr'><strong>plicari</strong></span> <span class='ocrx_word' id='word_1_784' title='bbox 2261 4315 2462 4376; x_wconf 91' lang='lat' dir='ltr'><strong>potest.</strong></span> <span class='ocrx_word' id='word_1_785' title='bbox 2492 4305 2686 4362; x_wconf 85' lang='lat' dir='ltr'><strong>Omnia</strong></span> <span class='ocrx_word' id='word_1_786' title='bbox 2716 4307 2862 4362; x_wconf 90' lang='lat' dir='ltr'><strong>enim</strong></span> <span class='ocrx_word' id='word_1_787' title='bbox 2892 4307 3306 4363; x_wconf 88' lang='lat' dir='ltr'><strong>inferiorasunt</strong></span> <span class='ocrx_word' id='word_1_788' title='bbox 3338 4308 3416 4363; x_wconf 90' lang='lat' dir='ltr'><strong>rei</strong></span> <span class='ocrx_word' id='word_1_789' title='bbox 3450 4309 3625 4379; x_wconf 89' lang='lat' dir='ltr'><strong>ipsius</strong></span> 
     </span>
    </p>
   </div>
   <div class='ocr_carea' id='block_1_103' title="bbox 2020 4396 3622 4475">
    <p class='ocr_par' dir='ltr' id='par_1_103' title="bbox 2020 4396 3622 4475">
     <span class='ocr_line' id='line_1_103' title="bbox 2020 4396 3622 4475; baseline 0.002 -25"><span class='ocrx_word' id='word_1_790' title='bbox 2020 4397 2292 4475; x_wconf 72' lang='lat' dir='ltr'><strong>veritate.</strong></span> <span class='ocrx_word' id='word_1_791' title='bbox 2315 4396 2471 4453; x_wconf 82' lang='lat' dir='ltr'><strong>Venit</strong></span> <span class='ocrx_word' id='word_1_792' title='bbox 2499 4407 2678 4452; x_wconf 90' lang='lat' dir='ltr'><strong>tamen</strong></span> <span class='ocrx_word' id='word_1_793' title='bbox 2704 4398 2832 4453; x_wconf 86' lang='lat' dir='ltr'><strong>mihi</strong></span> <span class='ocrx_word' id='word_1_794' title='bbox 2860 4398 2917 4453; x_wconf 90' lang='lat' dir='ltr'><strong>in</strong></span> <span class='ocrx_word' id='word_1_795' title='bbox 2942 4408 3175 4454; x_wconf 90' lang='lat' dir='ltr'><strong>mentem</strong></span> <span class='ocrx_word' id='word_1_796' title='bbox 3198 4399 3446 4468; x_wconf 66' lang='lat' dir='ltr'><strong>quaedam</strong></span> <span class='ocrx_word' id='word_1_797' title='bbox 3471 4400 3622 4453; x_wconf 88' lang='lat' dir='ltr'><strong>ima-</strong></span> 
     </span>
    </p>
   </div>
   <div class='ocr_carea' id='block_1_104' title="bbox 2039 4488 3633 4559">
    <p class='ocr_par' dir='ltr' id='par_1_104' title="bbox 2039 4488 3633 4559">
     <span class='ocr_line' id='line_1_104' title="bbox 2039 4488 3633 4559; baseline 0.002 -18"><span class='ocrx_word' id='word_1_798' title='bbox 2039 4488 2269 4559; x_wconf 78' lang='lat' dir='ltr'><strong>ginatio,</strong></span> <span class='ocrx_word' id='word_1_799' title='bbox 2301 4503 2422 4559; x_wconf 64' lang='lat' dir='ltr'><strong>quae</strong></span> <span class='ocrx_word' id='word_1_800' title='bbox 2452 4504 2518 4543; x_wconf 81' lang='lat' dir='ltr'><strong>ex</strong></span> <span class='ocrx_word' id='word_1_801' title='bbox 2553 4488 2622 4543; x_wconf 93' lang='lat' dir='ltr'><strong>iis</strong></span> <span class='ocrx_word' id='word_1_802' title='bbox 2653 4503 2773 4559; x_wconf 88' lang='lat' dir='ltr'><strong>quae</strong></span> <span class='ocrx_word' id='word_1_803' title='bbox 2805 4489 3056 4544; x_wconf 88' lang='lat' dir='ltr'><strong>manibus</strong></span> <span class='ocrx_word' id='word_1_804' title='bbox 3087 4498 3492 4545; x_wconf 85' lang='lat' dir='ltr'><strong>eontrectamus</strong></span> <span class='ocrx_word' id='word_1_805' title='bbox 3520 4496 3633 4545; x_wconf 80' lang='lat' dir='ltr'><strong>nos</strong></span> 
     </span>
    </p>
   </div>
   <div class='ocr_carea' id='block_1_105' title="bbox 2038 4568 3631 4651">
    <p class='ocr_par' dir='ltr' id='par_1_105' title="bbox 2038 4568 3631 4651">
     <span class='ocr_line' id='line_1_105' title="bbox 2038 4568 3631 4651; baseline 0.003 -20"><span class='ocrx_word' id='word_1_806' title='bbox 2038 4579 2232 4634; x_wconf 86' lang='lat' dir='ltr'><strong>attollit</strong></span> <span class='ocrx_word' id='word_1_807' title='bbox 2253 4582 2319 4633; x_wconf 90' lang='lat' dir='ltr'><strong>ad</strong></span> <span class='ocrx_word' id='word_1_808' title='bbox 2337 4580 2677 4634; x_wconf 82' lang='lat' dir='ltr'><strong>altitudinem</strong></span> <span class='ocrx_word' id='word_1_809' title='bbox 2696 4581 2813 4651; x_wconf 86' lang='lat' dir='ltr'><strong>ejus</strong></span> <span class='ocrx_word' id='word_1_810' title='bbox 2828 4583 2970 4649; x_wconf 89' lang='lat' dir='ltr'><strong>quod</strong></span> <span class='ocrx_word' id='word_1_811' title='bbox 2990 4581 3257 4637; x_wconf 90' lang='lat' dir='ltr'><strong>rationem</strong></span> <span class='ocrx_word' id='word_1_812' title='bbox 3279 4568 3497 4635; x_wconf 89' lang='lat' dir='ltr'><strong>omnem</strong></span> <span class='ocrx_word' id='word_1_813' title='bbox 3515 4596 3631 4636; x_wconf 72' lang='lat' dir='ltr'><strong>su—</strong></span> 
     </span>
    </p>
   </div>
   <div class='ocr_carea' id='block_1_106' title="bbox 2037 4672 3637 4743">
    <p class='ocr_par' dir='ltr' id='par_1_106' title="bbox 2037 4672 3637 4743">
     <span class='ocr_line' id='line_1_106' title="bbox 2037 4672 3637 4743; baseline 0.001 -15"><span class='ocrx_word' id='word_1_814' title='bbox 2037 4683 2210 4743; x_wconf 89' lang='lat' dir='ltr'><strong>perat.</strong></span> <span class='ocrx_word' id='word_1_815' title='bbox 2244 4673 2708 4740; x_wconf 87' lang='lat' dir='ltr'><strong>Quemadmodum</strong></span> <span class='ocrx_word' id='word_1_816' title='bbox 2743 4673 2887 4728; x_wconf 90' lang='lat' dir='ltr'><strong>enim</strong></span> <span class='ocrx_word' id='word_1_817' title='bbox 2922 4672 3151 4740; x_wconf 88' lang='lat' dir='ltr'><strong>ferrum,</strong></span> <span class='ocrx_word' id='word_1_818' title='bbox 3186 4682 3277 4728; x_wconf 91' lang='lat' dir='ltr'><strong>aut</strong></span> <span class='ocrx_word' id='word_1_819' title='bbox 3312 4674 3416 4728; x_wconf 88' lang='lat' dir='ltr'><strong>alia</strong></span> <span class='ocrx_word' id='word_1_820' title='bbox 3456 4674 3637 4743; x_wconf 66' lang='lat' dir='ltr'><strong>quaz-’</strong></span> 
     </span>
    </p>
   </div>
   <div class='ocr_carea' id='block_1_107' title="bbox 2038 4764 3621 4835">
    <p class='ocr_par' dir='ltr' id='par_1_107' title="bbox 2038 4764 3621 4835">
     <span class='ocr_line' id='line_1_107' title="bbox 2038 4764 3621 4835; baseline 0.001 -17"><span class='ocrx_word' id='word_1_821' title='bbox 2038 4764 2183 4834; x_wconf 88' lang='lat' dir='ltr'><strong>piam</strong></span> <span class='ocrx_word' id='word_1_822' title='bbox 2220 4764 2550 4834; x_wconf 83' lang='lat' dir='ltr'><strong>ejuscemodi</strong></span> <span class='ocrx_word' id='word_1_823' title='bbox 2596 4764 2822 4818; x_wconf 87' lang='lat' dir='ltr'><strong>materia</strong></span> <span class='ocrx_word' id='word_1_824' title='bbox 2871 4765 3065 4835; x_wconf 87' lang='lat' dir='ltr'><strong>recipit</strong></span> <span class='ocrx_word' id='word_1_825' title='bbox 3107 4765 3324 4833; x_wconf 89' lang='lat' dir='ltr'><strong>quidem</strong></span> <span class='ocrx_word' id='word_1_826' title='bbox 3369 4766 3420 4819; x_wconf 91' lang='lat' dir='ltr'><strong>in</strong></span> <span class='ocrx_word' id='word_1_827' title='bbox 3461 4780 3521 4821; x_wconf 88' lang='lat' dir='ltr'><strong>se</strong></span> <span class='ocrx_word' id='word_1_828' title='bbox 3548 4769 3621 4835; x_wconf 63' lang='lat' dir='ltr'><strong>(et</strong></span> 
     </span>
    </p>
   </div>
   <div class='ocr_carea' id='block_1_108' title="bbox 2040 4856 3615 4928">
    <p class='ocr_par' dir='ltr' id='par_1_108' title="bbox 2040 4856 3615 4928">
     <span class='ocr_line' id='line_1_108' title="bbox 2040 4856 3615 4928; baseline 0.003 -19"><span class='ocrx_word' id='word_1_829' title='bbox 2040 4858 2242 4927; x_wconf 86' lang='lat' dir='ltr'><strong>patitur</strong></span> <span class='ocrx_word' id='word_1_830' title='bbox 2280 4856 2551 4910; x_wconf 80' lang='lat' dir='ltr'><strong>flammam</strong></span> <span class='ocrx_word' id='word_1_831' title='bbox 2595 4874 2608 4910; x_wconf 91' lang='lat'><strong>:</strong></span> <span class='ocrx_word' id='word_1_832' title='bbox 2655 4857 2700 4911; x_wconf 91' lang='lat' dir='ltr'><strong>si</strong></span> <span class='ocrx_word' id='word_1_833' title='bbox 2742 4871 2873 4913; x_wconf 84' lang='lat' dir='ltr'><strong>vero</strong></span> <span class='ocrx_word' id='word_1_834' title='bbox 2918 4858 3253 4928; x_wconf 89' lang='lat' dir='ltr'><strong>percutiatur</strong></span> <span class='ocrx_word' id='word_1_835' title='bbox 3295 4860 3362 4913; x_wconf 88' lang='lat' dir='ltr'><strong>ab</strong></span> <span class='ocrx_word' id='word_1_836' title='bbox 3410 4858 3615 4928; x_wconf 87' lang='lat' dir='ltr'><strong>aliquo,</strong></span> 
     </span>
    </p>
   </div>
   <div class='ocr_carea' id='block_1_109' title="bbox 2041 4946 3635 5021">
    <p class='ocr_par' dir='ltr' id='par_1_109' title="bbox 2041 4946 3635 5021">
     <span class='ocr_line' id='line_1_109' title="bbox 2041 4946 3635 5021; baseline 0.001 -20"><span class='ocrx_word' id='word_1_837' title='bbox 2041 4949 2154 5016; x_wconf 87' lang='lat' dir='ltr'><strong>ipsa</strong></span> <span class='ocrx_word' id='word_1_838' title='bbox 2181 4946 2398 5016; x_wconf 90' lang='lat' dir='ltr'><strong>quidem</strong></span> <span class='ocrx_word' id='word_1_839' title='bbox 2426 4948 2651 5003; x_wconf 89' lang='lat' dir='ltr'><strong>materia</strong></span> <span class='ocrx_word' id='word_1_840' title='bbox 2681 4948 3064 5005; x_wconf 88' lang='lat' dir='ltr'><strong>detrimentum</strong></span> <span class='ocrx_word' id='word_1_841' title='bbox 3097 4950 3316 5019; x_wconf 87' lang='lat' dir='ltr'><strong>accipit,</strong></span> <span class='ocrx_word' id='word_1_842' title='bbox 3344 4950 3462 5021; x_wconf 89' lang='lat' dir='ltr'><strong>ipsa</strong></span> <span class='ocrx_word' id='word_1_843' title='bbox 3488 4966 3635 5005; x_wconf 83' lang='lat' dir='ltr'><strong>vero</strong></span> 
     </span>
    </p>
   </div>
   <div class='ocr_carea' id='block_1_110' title="bbox 2042 5038 3635 5109">
    <p class='ocr_par' dir='ltr' id='par_1_110' title="bbox 2042 5038 3635 5109">
     <span class='ocr_line' id='line_1_110' title="bbox 2042 5038 3635 5109; baseline 0.002 -16"><span class='ocrx_word' id='word_1_844' title='bbox 2042 5039 2181 5107; x_wconf 70' lang='lat' dir='ltr'><strong>ignis</strong></span> <span class='ocrx_word' id='word_1_845' title='bbox 2211 5046 2400 5092; x_wconf 87' lang='lat' dir='ltr'><strong>natura</strong></span> <span class='ocrx_word' id='word_1_846' title='bbox 2432 5055 2463 5092; x_wconf 91' lang='lat' dir='ltr'><strong>a</strong></span> <span class='ocrx_word' id='word_1_847' title='bbox 2492 5038 2828 5109; x_wconf 90' lang='lat' dir='ltr'><strong>percutieute</strong></span> <span class='ocrx_word' id='word_1_848' title='bbox 2860 5055 2965 5095; x_wconf 89' lang='lat' dir='ltr'><strong>non</strong></span> <span class='ocrx_word' id='word_1_849' title='bbox 3001 5041 3216 5095; x_wconf 64' lang='lat' dir='ltr'><strong>laeditur</strong></span> <span class='ocrx_word' id='word_1_850' title='bbox 3243 5058 3257 5097; x_wconf 90' lang='lat'><strong>:</strong></span> <span class='ocrx_word' id='word_1_851' title='bbox 3289 5043 3361 5097; x_wconf 88' lang='lat' dir='ltr'><strong>ita</strong></span> <span class='ocrx_word' id='word_1_852' title='bbox 3390 5042 3502 5098; x_wconf 91' lang='lat' dir='ltr'><strong>fere</strong></span> <span class='ocrx_word' id='word_1_853' title='bbox 3530 5043 3635 5097; x_wconf 74' lang='grc' dir='ltr'><strong>ἰη-Δ</strong></span> 
     </span>
    </p>
   </div>
   <div class='ocr_carea' id='block_1_111' title="bbox 2042 5128 3639 5209">
    <p class='ocr_par' dir='ltr' id='par_1_111' title="bbox 2042 5128 3639 5209">
     <span class='ocr_line' id='line_1_111' title="bbox 2042 5128 3639 5209; baseline 0.003 -27"><span class='ocrx_word' id='word_1_854' title='bbox 2042 5130 2247 5199; x_wconf 82' lang='lat' dir='ltr'><strong>telliges</strong></span> <span class='ocrx_word' id='word_1_855' title='bbox 2299 5128 2494 5184; x_wconf 88' lang='lat' dir='ltr'><strong>Filium</strong></span> <span class='ocrx_word' id='word_1_856' title='bbox 2545 5145 2710 5185; x_wconf 79' lang='lat' dir='ltr'><strong>carne</strong></span> <span class='ocrx_word' id='word_1_857' title='bbox 2759 5132 2974 5200; x_wconf 89' lang='lat' dir='ltr'><strong>quidem</strong></span> <span class='ocrx_word' id='word_1_858' title='bbox 3029 5147 3281 5202; x_wconf 90' lang='lat' dir='ltr'><strong>passum,</strong></span> <span class='ocrx_word' id='word_1_859' title='bbox 3336 5130 3639 5209; x_wconf 16' lang='lat' dir='ltr'><strong>divinitate:</strong></span> 
     </span>
    </p>
   </div>
   <div class='ocr_carea' id='block_1_112' title="bbox 2036 5221 3615 5296">
    <p class='ocr_par' dir='ltr' id='par_1_112' title="bbox 2036 5221 3615 5296">
     <span class='ocr_line' id='line_1_112' title="bbox 2036 5221 3615 5296; baseline 0.003 -20"><span class='ocrx_word' id='word_1_860' title='bbox 2036 5236 2163 5276; x_wconf 85' lang='lat' dir='ltr'><strong>vero</strong></span> <span class='ocrx_word' id='word_1_861' title='bbox 2191 5236 2548 5291; x_wconf 85' lang='lat' dir='ltr'><strong>nequaquam.</strong></span> <span class='ocrx_word' id='word_1_862' title='bbox 2576 5221 2641 5275; x_wconf 85' lang='lat' dir='ltr'><strong>Et</strong></span> <span class='ocrx_word' id='word_1_863' title='bbox 2667 5223 2861 5294; x_wconf 82' lang='lat' dir='ltr'><strong>exigua</strong></span> <span class='ocrx_word' id='word_1_864' title='bbox 2890 5226 3109 5294; x_wconf 90' lang='lat' dir='ltr'><strong>quidem</strong></span> <span class='ocrx_word' id='word_1_865' title='bbox 3139 5237 3251 5295; x_wconf 90' lang='lat' dir='ltr'><strong>est,</strong></span> <span class='ocrx_word' id='word_1_866' title='bbox 3280 5236 3337 5283; x_wconf 88' lang='lat' dir='ltr'><strong>ut</strong></span> <span class='ocrx_word' id='word_1_867' title='bbox 3366 5228 3512 5296; x_wconf 82' lang='lat' dir='ltr'><strong>dixi,</strong></span> <span class='ocrx_word' id='word_1_868' title='bbox 3542 5226 3615 5281; x_wconf 53' lang='lat' dir='ltr'><strong>si;</strong></span> 
     </span>
    </p>
   </div>
   <div class='ocr_carea' id='block_1_113' title="bbox 2040 5311 3639 5387">
    <p class='ocr_par' dir='ltr' id='par_1_113' title="bbox 2040 5311 3639 5387">
     <span class='ocr_line' id='line_1_113' title="bbox 2040 5311 3639 5387; baseline 0.003 -20"><span class='ocrx_word' id='word_1_869' title='bbox 2040 5312 2399 5367; x_wconf 88' lang='lat' dir='ltr'><strong>militudinum</strong></span> <span class='ocrx_word' id='word_1_870' title='bbox 2428 5312 2510 5368; x_wconf 89' lang='lat' dir='ltr'><strong>vis</strong></span> <span class='ocrx_word' id='word_1_871' title='bbox 2536 5328 2599 5368; x_wconf 90' lang='lat' dir='ltr'><strong>ac</strong></span> <span class='ocrx_word' id='word_1_872' title='bbox 2631 5311 2877 5381; x_wconf 78' lang='lat' dir='ltr'><strong>facultas,</strong></span> <span class='ocrx_word' id='word_1_873' title='bbox 2912 5319 3134 5387; x_wconf 84' lang='lat' dir='ltr'><strong>prepius</strong></span> <span class='ocrx_word' id='word_1_874' title='bbox 3165 5328 3342 5374; x_wconf 90' lang='lat' dir='ltr'><strong>tamen</strong></span> <span class='ocrx_word' id='word_1_875' title='bbox 3377 5320 3442 5374; x_wconf 91' lang='lat' dir='ltr'><strong>ad</strong></span> <span class='ocrx_word' id='word_1_876' title='bbox 3469 5311 3639 5373; x_wconf 68' lang='grc' dir='ltr'><strong>νυνὶ-³</strong></span> 
     </span>
    </p>
   </div>
   <div class='ocr_carea' id='block_1_114' title="bbox 2041 5405 3633 5481">
    <p class='ocr_par' dir='ltr' id='par_1_114' title="bbox 2041 5405 3633 5481">
     <span class='ocr_line' id='line_1_114' title="bbox 2041 5405 3633 5481; baseline 0.003 -23"><span class='ocrx_word' id='word_1_877' title='bbox 2041 5407 2167 5458; x_wconf 85' lang='lat' dir='ltr'><strong>tatis</strong></span> <span class='ocrx_word' id='word_1_878' title='bbox 2213 5405 2573 5473; x_wconf 79' lang='lat' dir='ltr'><strong>cognitionem</strong></span> <span class='ocrx_word' id='word_1_879' title='bbox 2623 5406 2841 5461; x_wconf 83' lang='lat' dir='ltr'><strong>adducit</strong></span> <span class='ocrx_word' id='word_1_880' title='bbox 2892 5424 2984 5465; x_wconf 90' lang='lat' dir='ltr'><strong>eos</strong></span> <span class='ocrx_word' id='word_1_881' title='bbox 3034 5410 3125 5481; x_wconf 92' lang='lat' dir='ltr'><strong>qui</strong></span> <span class='ocrx_word' id='word_1_882' title='bbox 3175 5408 3347 5467; x_wconf 88' lang='lat' dir='ltr'><strong>sacris</strong></span> <span class='ocrx_word' id='word_1_883' title='bbox 3389 5408 3633 5465; x_wconf 86' lang='lat' dir='ltr'><strong>Litteris‘</strong></span> 
     </span>
    </p>
   </div>
   <div class='ocr_carea' id='block_1_115' title="bbox 2043 5494 2933 5554">
    <p class='ocr_par' dir='ltr' id='par_1_115' title="bbox 2043 5494 2933 5554">
     <span class='ocr_line' id='line_1_115' title="bbox 2043 5494 2933 5554; baseline 0.007 -6"><span class='ocrx_word' id='word_1_884' title='bbox 2043 5494 2198 5548; x_wconf 75' lang='lat' dir='ltr'><strong>fidem</strong></span> <span class='ocrx_word' id='word_1_885' title='bbox 2231 5494 2487 5552; x_wconf 83' lang='lat' dir='ltr'><strong>adhibere</strong></span> <span class='ocrx_word' id='word_1_886' title='bbox 2522 5511 2630 5553; x_wconf 90' lang='lat' dir='ltr'><strong>nou</strong></span> <span class='ocrx_word' id='word_1_887' title='bbox 2663 5508 2933 5554; x_wconf 89' lang='lat' dir='ltr'><strong>recusant.</strong></span> 
     </span>
    </p>
   </div>
  </div>
