4016 6202
386 245 527 303 1389

456 363 516 418 Β.
561 361 729 414 [lecte
760 356 915 411 dicis.

458 459 521 509 Α.
566 447 678 505 Nisi
723 448 866 504 enim
915 442 1226 501 immediate
1264 443 1488 513 propria
1520 438 1679 497 Verbi
1719 439 1860 496 facta
1900 440 1973 495 sit

383 560 513 600 caro
541 555 662 613 quae
694 540 794 610 ipsi
827 534 1175 592 ineﬂ’abiliter
1203 545 1477 603 supraque
1505 547 1723 588 omnem
1753 530 1969 587 intelle-

386 649 532 693 ctum
568 635 718 690 unita
754 640 861 694 est,
891 626 1163 697 quomodo
1197 624 1408 679 censeri
1447 624 1618 692 possit
1646 623 1970 679 viviﬁcans?

391 748 411 779 ε
461 729 571 798 Ego
614 725 782 785 enim,
826 719 1023 789 inquit,
1071 731 1191 771 sum
1239 715 1394 785 panis
1439 715 1718 769 vivilicans
1763 716 1855 785 qui
1904 715 1972 771 de

385 817 527 870 coelo
562 810 835 868 descendi.
870 809 927 863 Si
971 807 1092 873 quis
1130 805 1533 859 manducarerit
1567 819 1631 858 ex
1667 805 1769 859 hoc
1803 820 1967 874 pane,

387 886 528 960 vivet
570 904 623 957 in
667 912 949 956 aeternum.
987 897 1055 952 Et
1101 896 1254 967 panis
1292 908 1456 965 quem
1497 909 1599 965 ego
1642 895 1803 959 dabo,
1840 910 1970 949 caro

389 1012 507 1051 mea
539 1002 623 1048 est
653 1007 747 1061 pro
782 988 966 1045 mundi
1001 988 1105 1043 vita
1128 985 1195 1042 ⁸⁸.
1236 1006 1255 1041 ε
1291 988 1359 1040 At
1388 987 1434 1040 si
1464 996 1549 1039 est
1581 1000 1711 1040 caro
1746 984 1866 1039 Filii
1902 988 1970 1041 ab

390 1087 506 1154 ipso
552 1082 787 1145 diversi,
831 1081 922 1150 qui
967 1087 1115 1133 arcta
1162 1076 1394 1146 quadam
1444 1073 1825 1144 conjunctione
1870 1075 1970 1144 ipsi

391 1176 595 1232 ascitus
621 1182 760 1236 erat,
792 1181 844 1226 et
872 1170 1181 1240 aequalitate
1212 1168 1436 1223 honoris
1465 1181 1590 1223 cum
1618 1183 1683 1221 eo
1713 1169 1970 1230 donatus,

390 1281 497 1335 quo
524 1272 683 1334 pacto
707 1276 858 1315 suam
888 1268 1073 1324 vocat,
1102 1274 1222 1313 cum
1251 1258 1449 1328 alioqui
1481 1255 1697 1311 mentiri
1729 1255 1974 1313 nesciat?

393 1354 681 1423 Quomodo
713 1363 893 1406 autem
940 1350 1163 1404 alterius
1204 1348 1501 1418 cuiuspiam
1544 1363 1674 1402 caro
1714 1347 1971 1402 mundum

392 1446 669 1501 viviﬂcare
702 1452 895 1511 queat,
931 1441 1036 1495 nisi
1076 1442 1217 1495 facta
1254 1441 1325 1494 sit
1363 1441 1580 1509 propria
1614 1440 1770 1506 vitae,
1810 1438 1971 1493 nimi-

394 1551 513 1590 rum
555 1532 716 1589 Verbi
765 1548 832 1588 ex
885 1532 992 1586 Deo
1036 1530 1197 1586 Patre
1241 1530 1447 1600 geniti,
1499 1532 1565 1585 de
1609 1546 1717 1600 qun
1761 1530 1974 1586 divinus

394 1627 630 1682 Joannes
671 1625 743 1679 ita
789 1625 866 1677 ait
901 1639 915 1675 :
962 1640 980 1672 ι
1029 1620 1095 1675 Et
1131 1623 1336 1676 scimus
1374 1622 1627 1690 quoniam
1670 1621 1841 1677 Filius
1881 1622 1973 1677 Del

1402 238 1460 292 S.
1503 235 1777 294 CYRIUJ
1819 232 2291 292 ALEXANDRINI
2332 231 2651 291 ARCHIEP.

1995 356 2044 413 Α
2145 347 2205 401 Β.
2247 344 2320 401 εὖ
2355 346 2553 417 λέγεις.

3512 234 3657 291 1360

2142 439 2205 492 Λ.
2251 437 2314 490 Εἰ
2340 437 2450 507 γὰρ
2484 436 2589 489 οὐκ
2621 433 2842 505 ἁμέσως
2872 432 2978 487 ἰδία
3009 431 3103 486 τοῦ
3150 432 3324 500 Λόγου
3356 433 3587 501 γέγονεν
3625 435 3666 504 ἡ

2071 527 2406 598 ἀπορρήτως
2442 524 2592 596 αὑτῷ
2623 525 2717 579 καὶ
2748 524 2887 596 ὑπὲρ
2935 521 3062 577 νοῦν
3086 523 3181 577 καὶ
3208 523 3368 593 λόγον
3394 522 3671 579 ὲνωθεῖσσ.

2072 620 2252 692 σὰρξ,
2287 618 2406 683 πῶς
2451 619 2520 673 ἂν
2562 620 2737 673 νοοῖτο
2785 615 3077 681 ζωοποιόςς
3113 635 3133 667 ι
3175 615 3320 685 Ἐγὼ
3361 618 3471 689 γάρ
3520 618 3670 689 εἰμι⁹

2071 714 2268 783 φησὶν,
2313 712 2344 764 6
2391 710 2557 780 ἄρτος
2592 711 2621 762 6
2646 708 2778 774 ζῶν,
2811 709 2840 761 6
2868 708 2934 761 ἐκ
2961 706 3060 761 τοῦ
3105 706 3334 779 οὐρανοῦ
3378 709 3629 772 καταϐὰς
3651 749 3672 771 ,

2072 804 2168 857 καὶ
2211 802 2361 873 ζωὴν
2409 802 2585 865 διδοὺς
2616 800 2694 872 τῷ
2727 802 2939 870 κόσμῳ.
2985 799 3113 853 Ἐάν
3158 817 3241 863 τις
3272 801 3423 871 φάγῃ
3463 802 3529 853 ὲκ
3565 800 3671 854 τοῦ

2071 894 2242 963 ἄρτου
2281 893 2493 958 τούτου,
2531 892 2760 963 ζήσεται
2786 894 2870 955 είς
2895 890 2989 944 τὸν
3017 892 3211 956 αἰῶνα,
3243 893 3336 945 καὶ
3368 895 3397 945 6
3419 895 3584 964 ἄρτος
3603 896 3675 949 δὲ

2071 986 2131 1039 δν
2181 985 2293 1053 ἐγὼ
2342 983 2521 1047 δώσω,
2571 986 2607 1054 ἡ
2653 982 2792 1054 σάρξ
2852 982 2955 1054 μού
3001 985 3170 1047 ἐστιν,
3228 985 3369 1056 ὑπὲρ
3411 985 3513 1049 τῆς
3564 987 3670 1041 τοῦ

2073 1076 2281 1146 κόσμου
2313 1075 2479 1146 ζωῆς.
2505 1095 2524 1129 ε
2573 1074 2714 1127 Ἀλλ’
2746 1075 2906 1146 εἴπερ
2932 1075 3080 1128 ἐστὶν
3104 1078 3137 1144 ἡ
3164 1074 3331 1144 σὰρξ,
3373 1075 3502 1129 Υίοῦ
3530 1077 3673 1147 παρ’

2074 1165 2240 1219 αὐτὸν
2279 1164 2648 1235 ἑτέρου,κατᾶ.
2676 1166 2974 1234 συνάφειαν
3000 1166 3260 1236 σχετικὴν
3281 1165 3675 1229 οἰκειωθέντος

2074 1252 2244 1324 αὐτῷ,
2289 1254 2383 1308 καὶ
2416 1253 2600 1323 χάριτι
2635 1253 2977 1323 κεκλημένου
3026 1254 3163 1324 πρὸς
3197 1256 3501 1325 ἰσοτιμίαν,
3542 1256 3674 1321 πῶς

2077 1345 2213 1398 ίδίαν
2256 1345 2428 1416 αὐτὴν
2470 1346 2752 1416 ὀνομάζει,
2801 1346 2981 1399 καίτοι
3019 1345 3313 1417 ψεύδεσθαι
3349 1347 3426 1419 μὴ
3465 1346 3667 1412 nos“

2074 1434 2199 1498 Πῶς
2222 1434 2268 1487 δ’
2297 1434 2363 1488 ἂν
2393 1435 2487 1488 καὶ
2520 1434 2848 1504 ζωοποιήσει
2875 1434 2965 1488 τὸν
2998 1435 3200 1505 κόσμον
3234 1438 3269 1507 ἡ
3299 1437 3487 1506 ἑτέρου
3510 1436 3671 1501 τινος

2075 1522 2232 1601 σὰρξ,
2269 1523 2318 1577 εἰ
2349 1523 2424 1595 μὴ
2453 1524 2681 1592 γέγονεν
2723 1523 2831 1578 ἰδία
2866 1523 2966 1593 τῆς
2991 1522 3157 1595 ζωῆς,
3184 1524 3342 1595 δῆλον
3361 1524 3421 1579 δὲ
3443 1525 3545 1589 δτι,
3563 1524 3667 1580 τοῦ

2074 1615 2139 1667 ὲκ
2166 1613 2301 1667 Θεοῦ
2329 1615 2542 1685 lla-:96;
2567 1615 2721 1679 δντος
2745 1615 2940 1685 Λόγου,
2969 1614 3101 1685 περὶ
3133 1610 3193 1670 οὗ
3221 1633 3387 1686 φησιν
3411 1619 3443 1671 6
3466 1615 3670 1672 θεσπέ-

395 1720 565 1782 venit,
592 1727 648 1772 et
674 1715 819 1769 dedit
845 1711 1000 1765 nobis
1030 1723 1247 1765 sensum
1277 1720 1335 1764 ut
1360 1725 1754 1782 cognoscamus
1784 1727 1970 1768 verum

2082 1722 2190 1768 σιος
2214 1704 2471 1776 Ἰωάννης
2490 1722 2504 1738 ν
2560 1724 2580 1757 ε
2610 1707 2721 1760 Καὶ
2764 1706 3007 1777 οἴδαμεν,
3037 1706 3119 1759 ὃτι
3155 1707 3185 1759 6
3214 1707 3343 1771 Υἱὸς
3390 1706 3482 1761 τοῦ
3522 1706 3667 1763 Θεοῦ

397 1807 596 1875 Deum,
631 1814 686 1859 et
720 1816 905 1857 sumus
941 1801 995 1854 in
1031 1814 1160 1855 vero
1194 1798 1331 1855 Filio
1364 1801 1533 1868 ipsius
1566 1799 1691 1856 Jesn
1733 1801 1970 1856 Christo.

399 1896 497 1952 llic
524 1902 608 1951 est
632 1908 791 1948 verus
820 1890 980 1954 Deus,
1010 1899 1066 1945 et
1092 1891 1200 1945 vita
1233 1900 1437 1946 aeterna
1460 1891 1537 1944 "P
1568 1908 1588 1944 ι

465 2065 527 2122 Β.
566 2065 833 2122 Caterum
877 2064 981 2119 hoc
1020 2062 1219 2127 etiam,
1257 2072 1317 2117 ut
1377 2062 1635 2131 arbitror,
1694 2063 1972 2134 objicient,

402 2160 605 2214 dictum
634 2171 754 2211 esse
782 2156 848 2209 ab
879 2156 1015 2221 ipso,
1041 2162 1097 2208 et
1126 2154 1344 2224 quidem
1379 2153 1666 2209 manifeste
1691 2170 1705 2206 :
1736 2174 1754 2207 ι
1779 2155 1971 2218 Amen,

397 2261 555 2304 amen
593 2247 713 2302 dico
749 2246 927 2309 vobis,
964 2243 1067 2298 nisi
1105 2245 1561 2301 manducaveritis
1596 2262 1814 2302 carnem
1853 2245 1972 2302 Filii

398 2337 664 2402 hominis,
694 2345 749 2391 et
780 2335 1023 2390 biberitis
1051 2336 1370 2405 sanguinem
1402 2336 1598 2407 ipsius,
1629 2352 1735 2391 non
1766 2337 1975 2393 habetis

399 2431 561 2503 777
591 2431 755 2485 vitam
789 2429 839 2482 in
870 2427 1020 2480 vobis
1043 2424 1109 2481 ".
1146 2445 1166 2479 ι
1203 2426 1308 2481 Nos
1339 2428 1524 2499 itaque
1554 2444 1859 2493 censemus,
1892 2429 1973 2483 ia-

398 2522 609 2592 qninnt,
646 2536 750 2574 non
783 2533 905 2574 esse
940 2517 1031 2573 Dei
1053 2517 1237 2584 Verbi,
1271 2508 1365 2574 sed
1401 2520 1579 2584 potius
1613 2520 1852 2575 bominis
1882 2520 1973 2589 qni

399 2612 499 2682 ipsi
534 2610 854 2677 coniunctus
882 2618 964 2663 est
993 2610 1284 2679 pretiosum
1315 2624 1512 2678 corpus
1545 2618 1601 2664 et
1636 2611 1971 2679 sanguinem.

469 2700 538 2755 Α.
577 2702 645 2753 At
674 2714 801 2754 vero
829 2700 957 2769 quid
991 2701 1202 2754 tandem
1236 2700 1303 2754 de
1336 2716 1529 2770 magno
1564 2702 1841 2771 religionis
1878 2716 1972 2756 no.

399 2795 524 2843 stra‘.
559 2790 819 2858 mysterio
850 2790 1123 2843 statuent?
1149 2790 1389 2844 Tnlletur
1422 2792 1593 2857 enim,
1636 2803 1692 2845 nt
1718 2801 1972 2859 apparet,

400 2877 495 2934 Dei
526 2877 682 2935 Verbi
712 2879 1040 2941 exinanitio,
1073 2879 1165 2947 qni
1196 2896 1319 2934 cum
1349 2891 1494 2935 esset
1523 2881 1574 2932 in
1608 2880 1780 2933 forma
1812 2893 1975 2950 atque

399 2969 708 3038 mqualitate
739 2967 950 3029 Patris,
984 2966 1150 3019 voluit
1189 2976 1405 3035 propter
1438 2984 1535 3023 nos
1569 2968 1798 3023 formam
1834 2971 1973 3026 servi

2080 1796 2225 1866 ἥκει,
2249 1797 2345 1849 καὶ
2370 1796 2572 1849 ἔδωκεν
2612 1798 2744 1867 ἡμῖν
2770 1796 3032 1862 διάνοιαν,
3057 1796 3145 1850 ἵνα
3177 1797 3535 1867 γινώσκωμεν
3565 1799 3669 1853 a6-

2079 1884 2192 1947 τὸν,
2212 1884 2307 1937 καὶ
2327 1884 2494 1954 ἐσμὲν
2517 1885 2574 1937 ἐν
2603 1883 2681 1953 τῷ
2705 1882 2944 1953 ἀληθινῷ
2968 1883 3084 1953 Υἱῷ
3114 1883 3279 1937 αὑτοῦ
3319 1884 3493 1953 Ἰησοῦ
3520 1883 3667 1953 Χρι-

2083 1971 2210 2042 στῷ.
2246 1991 2265 2023 ι
2292 1964 2462 2035 υῦτός
2492 1975 2639 2024 ἐστιν
2659 1969 2910 2041 ἀληθινὸς
2933 1970 3086 2034 Θεὸς,
3119 1971 3213 2023 καὶ
3237 1966 3352 2040 ζωὴ
3376 1970 3625 2035 auem“

2150 2066 2212 2118 Β.
2267 2064 2431 2127 Ἀλλ’,
2457 2059 2636 2134 οἶμαι,
2674 2063 2811 2133 πρὸς
2853 2061 3028 2132 τούτῳ
3061 2065 3219 2129 φαῖεν
3268 2062 3358 2125 ἂν,
3405 2059 3665 2132 εἰρῆσθαι

2081 2153 2210 2223 παρ’
2257 2150 2424 2205 αὐτοῦ
2464 2152 2561 2204 καὶ
2605 2150 2753 2221 μάλα
2788 2151 2997 2219 σαφῶς,
3028 2169 3049 2201 ε
3095 2150 3289 2220 Ἀμὴν,
3325 2151 3475 2221 ἀμὴν
3512 2150 3664 2219 λέγω

2081 2243 2232 2312 ὑμῖν,
2265 2241 2361 2295 ἐὰν
2393 2241 2468 2313 μὴ
2499 2242 2710 2312 φάγητε
2753 2241 2856 2312 τὴν
2907 2241 3086 2311 σάρκα
3124 2239 3220 2293 τοῦ
3268 2240 3400 2294 Υἱοῦ
3430 2241 3523 2295 τοῦ
3561 2243 3662 2297 ἁν-

2082 2332 2323 2405 θρὼπου,
2350 2333 2446 2386 καὶ
2473 2332 2633 2403 πίητε
2659 2331 2825 2385 αὐτοῦ
2850 2331 2911 2386 τδ
2937 2325 3096 2401 αἷμα,
3123 2333 3222 2383 οὐκ
3252 2330 3406 2400 ἔχετε
3435 2331 3581 2402 ζωὴν
3602 2333 3668 2386 ιν

2081 2426 2315 2490 ἑαυτοῖς.
2352 2443 2373 2477 ε
2422 2425 2684 2493 Συνίεμεν
2727 2424 2907 2477 τοίνυν
2956 2424 3133 2494 ἡμεῖς,
3177 2423 3357 2490 φασὶν,
3406 2420 3484 2485 ὡς
3537 2421 3663 2476 εστι

2086 2515 2286 2586 μᾶλλον
2330 2517 2391 2569 οὐ
2432 2516 2524 2569 τοῦ
2568 2514 2703 2567 Θεοῦ
2732 2516 2931 2583 Λόγου,
2978 2514 3113 2568 ἀλλὰ
3151 2514 3242 2567 τοῦ
3290 2514 3656 2583 συναφθέντος

2082 2607 2230 2678 αὑτῷ
2262 2607 2569 2680 ἀνθρώπου,
2605 2607 2667 2660 τὸ
2696 2608 3063 2677 τετιμημένον
3094 2606 3250 2677 σῶμα
3277 2606 3368 2658 καὶ
3399 2606 3462 2658 τὸ
3490 2601 3657 2676 αἷμα.

2150 2700 2215 2752 Δ.
2239 2694 2371 2752 Εἶτα
2396 2700 2517 2750 ὅποι
2545 2698 2673 2752 ποτὲ
2701 2696 2844 2749 θεῖεν
2884 2697 2949 2750 ἂν
2981 2697 3042 2749 τὸ
3070 2698 3214 2766 μέγα
3242 2697 3337 2765 τῆς
3364 2696 3658 2762 εὐσεϐείας

2086 2790 2410 2859 μυστήριονς
2445 2788 2773 2855 ’Δναιρεῖται
2817 2786 2950 2857 γὰρ,
3000 2786 3074 2849 ὡς
3105 2786 3302 2848 ἔοικεν,
3335 2788 3368 2852 ἡ
3399 2785 3492 2838 τοῦ
3524 2784 3664 2838 Θεοῦ

2083 2880 2263 2948 Λόγου
2295 2878 2544 2944 κένωσις,
2574 2878 2724 2941 ὄντος
2761 2877 2859 2948 μὲν
2893 2879 2951 2929 ἐν
2981 2880 3164 2949 μορφῇ
3197 2878 3293 2929 καὶ
3334 2878 3541 2947 ἰσότητι
3565 2875 3659 2930 τοῦ

2084 2969 2316 3038 Πατρὸς,
2347 2968 2601 3036 ἑλομένου
2628 2968 2684 3020 δὲ
2708 2967 2774 3020 δι’
2803 2969 2971 3037 ἡμᾶς,
3001 2968 3215 3038 μορφὴν
3239 2966 3427 3018 δούλου
3452 2967 3659 3033 λαϐεῖν,

402 3058 670 3125 accipere,
705 3057 1001 3123 similisque
1032 3056 1188 3111 nobis
1224 3057 1338 3111 ﬁeri
1365 3058 1445 3123 ⁸⁸,
1482 3067 1536 3113 et
1568 3062 1837 3130 particeps
1870 3062 1974 3116 ﬁeri

2090 3060 2183 3113 καὶ
2215 3061 2272 3111 ὲν
2304 3058 2559 3128 ὁμοιώσει
2587 3058 2840 3127 γενέσθαι
2874 3061 2938 3129 τῇ
2975 3057 3110 3128 πρὸς
3141 3058 3322 3127 ἡμᾶς,
3361 3058 3458 3111 καὶ
3496 3075 3661 3127 μετα-

401 3145 580 3200 carnis
600 3155 654 3200 et
673 3143 945 3211 sanguinis
964 3143 1033 3209 “,
1058 3155 1109 3198 et
1135 3145 1523 3202 incarnationis
1557 3150 1979 3206 administratio-

400 3248 523 3290 nem
558 3234 813 3287 universo
843 3233 959 3287 orbi
1000 3242 1265 3287 terrarum
1303 3234 1510 3304 largiri.
1542 3233 1795 3291 Salvatns
1832 3238 1979 3291 enim

399 3329 484 3377 est
513 3336 609 3390 per
640 3321 832 3389 ipsam,
864 3321 1200 3379 instaurante
1230 3323 1389 3380 Patre
1420 3327 1472 3379 in
1508 3327 1624 3395 ipso
1653 3329 1831 3383 Omnia
1860 3344 1982 3399 qua:

403 3411 455 3465 in
490 3409 646 3464 ctelis
680 3419 736 3463 et
771 3424 893 3478 quae
928 3410 980 3463 in
1019 3419 1195 3479 terra,
1229 3413 1371 3471 sicut
1409 3416 1668 3483 scriptum
1706 3427 1789 3471 est
1814 3419 1883 3473 ".
1920 3418 1980 3475 Si

400 3515 529 3568 ergo
564 3515 671 3555 non
705 3502 878 3570 ipsum
911 3504 1099 3563 dicunt
1128 3517 1250 3560 esse
1278 3503 1649 3575 Unigenitnm,
1678 3509 1858 3563 divina
1889 3525 1982 3580 pa.

401 3592 536 3647 riter
556 3601 611 3646 et
636 3593 868 3651 humana
918 3596 1128 3653 ratione
1180 3596 1480 3653 dicentem:
1509 3614 1529 3647 ε
1558 3595 1800 3668 Etpanis
1820 3614 1979 3671 quem

398 3695 502 3754 ego
536 3683 695 3750 dabo,
732 3697 864 3739 caro
928 3698 1048 3739 mea
1109 3694 1194 3740 est
1251 3700 1351 3757 pro
1411 3690 1593 3741 tuundi
1636 3691 1778 3756 vita;
1822 3707 1844 3745 ι
1885 3691 1980 3747 sed

399 3776 565 3829 alium
605 3776 892 3845 quemdam
936 3776 1207 3835 diversum
1246 3780 1315 3833 ab
1356 3778 1471 3847 ipso
1517 3776 1712 3834 Filium
1746 3780 1981 3839 hominis

402 3879 500 3920 nos
528 3865 801 3933 salvasse,
831 3875 979 3922 certe
1009 3867 1125 3935 ipse
1155 3883 1260 3922 non
1291 3877 1376 3927 est
1403 3867 1697 3937 Dominus,
1730 3880 1789 3926 ut
1814 3872 1979 3927 Scri-

402 3962 574 4022 ptura
598 3955 664 4011 de
690 3953 783 4009 illo
807 3954 1125 4023 praedicant,
1154 3956 1249 4011 sed
1280 3971 1421 4012 unus
1445 3971 1512 4011 ex
1541 3958 1720 4023 nobis,
1747 3968 1803 4019 et
1829 3960 1978 4014 vivi-

405 4046 533 4100 θείη
559 4047 813 4115 deinceps
835 4062 898 4102 ea
926 4061 1046 4117 quae
1071 4048 1408 4118 corruptioni
1433 4050 1665 4105 obnoxia
1694 4060 1840 4118 sunt,
1869 4068 1975 4107 non

403 4150 502 4201 per
548 4134 715 4190 Deum
764 4136 1070 4194 viviﬁcandi
1122 4138 1320 4193 virtute
1370 4140 1691 4208 praeditum,
1735 4142 1831 4197 sed
1883 4158 1978 4212 per

400 4228 692 4297 quemdam
734 4228 1069 4299 eorruptioni
1118 4231 1450 4298 obnoxium,
1499 4235 1589 4302 qui
1639 4235 1864 4303 perinde
1914 4250 1977 4291 ac

402 4332 505 4374 nos
539 4317 704 4373 vitam
745 4334 842 4389 per
874 4322 1107 4390 gratiam
1147 4323 1442 4392 acceperit.
1477 4324 1546 4378 At
1583 4326 1628 4379 si
1666 4340 1853 4381 verum
1894 4336 1978 4382 est

2084 3152 2230 3221 σχεῖν
2256 3151 2488 3221 αἵματος
2516 3153 2610 3204 καὶ
2641 3152 2841 3221 σαρκὸς
2859 3192 2874 3215 ,
2904 3152 3000 3204 καὶ
3026 3152 3124 3222 τὴν
3164 3151 3263 3219 τῆς
3302 3150 3661 3221 ὲνανθρωπήο

2085 3256 2221 3303 σεως
2266 3241 2579 3310 οἰκονομίαν
2634 3241 2733 3313 ὅλῃ
2782 3240 3109 3310 χαρίσασθαι
3151 3242 3219 3309 τῇ
3275 3238 3367 3293 ὑπ’
3410 3239 3663 3309 οὐρανόν.

2082 3331 2356 3384 Σέσωσται
2424 3331 2534 3402 γὰρ
2583 3331 2650 3384 δι’
2701 3332 2903 3402 αὐτῆς,
2954 3330 3530 3400 ἀνακεφαλαιουμένου
3596 3330 3664 3383 τὰ

2083 3422 2259 3475 πάντα
2300 3421 2393 3475 τοῦ
2437 3423 2649 3493 Πατρὶς
2690 3423 2748 3475 ὲν
2778 3422 2951 3493 αὐτῷ,
2984 3422 3055 3477 τά
3091 3439 3151 3475 τε
3180 3423 3239 3474 ἐν
3274 3423 3387 3485 τοῖς
3411 3422 3663 3492 οὐρανοῖς

2080 3512 2177 3566 καὶ
2219 3514 2288 3566 τὰ
2327 3513 2420 3566 ἐπὶ
2450 3514 2552 3583 τῆς
2596 3513 2721 3582 γῆς,
2761 3513 2905 3567 καθα
2961 3514 3293 3583 γέγραπται.
3335 3510 3398 3564 Εἰ
3442 3512 3542 3581 μὶν
3567 3506 3661 3565 οὖν

2080 3606 2179 3659 οὐκ
2212 3605 2373 3659 αὑτὸν
2407 3601 2546 3663 εἷναί
2590 3623 2723 3675 φασι
2766 3606 2859 3658 τὸν
2899 3605 3201 3674 Μονογενῆ,
3251 3602 3573 3675 θεοπρεπῶς
3598 3618 3660 3656 τε

2078 3692 2215 3763 ὁμοῦ
2255 3694 2349 3747 καὶ
2394 3694 2749 3765 ἀνθρωπίνως
2780 3693 3030 3762 λέγοντα,
3067 3712 3086 3745 ι
3112 3693 3221 3748 Καὶ
3248 3694 3278 3747 6
3302 3695 3464 3765 ἄρτος
3484 3692 3563 3753 δὲ,
3600 3691 3665 3745 ὃν

2080 3781 2191 3851 ἐγὼ
2216 3781 2392 3846 δώσω,
2435 3785 2469 3853 ἡ
2501 3782 2639 3855 σάρξ
2689 3782 2790 3854 μού
2821 3783 2971 3836 ἔστιν
3000 3781 3139 3852 ὑπὲρ
3170 3782 3269 3851 τῆς
3319 3780 3414 3835 τοῦ
3450 3782 3663 3851 κόσμου
3731 3839 3737 3843 ,

2081 3871 2257 3941 ζωῆςο
2289 3892 2308 3924 ι
2345 3872 2532 3944 ἕτερον
2560 3873 2620 3925 δέ
2666 3889 2787 3926 τινα
2814 3872 2947 3943 παρ’
2974 3870 3139 3925 αὐτὸν
3164 3868 3347 3934 ίδικῶς
3370 3868 3661 3940 νοούμενον

2083 3962 2218 4016 Υἰὸν
2252 3962 2553 4035 ἀνθρώπου
2602 3963 2900 4017 σεσωκέναι
2940 3964 3089 4033 ἡμᾶς
3113 4003 3130 4028 ,
3171 3963 3273 4015 οὐκ
3324 3962 3486 4025 αὐτός
3541 3962 3659 4013 ἐστι

2079 4051 2303 4123 Κύριος,
2335 4053 2479 4108 κατά
2500 4054 2561 4107 τὸ
2586 4054 2998 4125 γεγραμμένον,
3025 4052 3141 4107 ἀλλ’
3167 4046 3250 4116 εἷς
3277 4051 3340 4117 ἐξ
3367 4050 3659 4122 ἡμῶν,καὶ

2079 4142 2425 4208 ζωοποιεῖται
2458 4144 2645 4197 λοιπὸν
2671 4144 2742 4198 τὰ
2771 4144 2878 4197 ὑπὸ
2903 4142 3132 4213 φθορὰν,
3176 4142 3238 4194 οὐ
3285 4140 3377 4195 διὰ
3419 4156 3485 4209 γε
3519 4137 3655 4194 Θεοῦ

2082 4235 2281 4306 μᾶλλον
2312 4235 2594 4298 ζωοποιεῖν
2647 4234 2944 4305 ἰσχύοντος,
2972 4233 3088 4287 ἀλλ’
3125 4232 3215 4303 ὑφ’
3239 4231 3359 4296 sui;
3403 4230 3511 4285 τῶν
3549 4230 3658 4283 ὑπὸ

2079 4325 2305 4398 φθορὰν,
2348 4326 2533 4397 χάριτι
2567 4326 2687 4396 μεθ’
2726 4325 2885 4399 ἡμῶν
2917 4324 3177 4386 λαόόντος
3211 4323 3275 4377 τὸ
3316 4324 3433 4394 ζῇν.
3484 4320 3549 4375 Ei
3590 4318 3650 4371 δὲ

402 4408 546 4477 quod
578 4406 810 4465 Verbum
843 4410 1046 4466 factum
1082 4420 1167 4466 est
1199 4426 1359 4478 caro,
1390 4414 1685 4469 secundum
1722 4415 1974 4487 Scriptu-

2082 4416 2295 4488 ἀληθὲς,
2326 4417 2408 4470 ὃτι
2431 4416 2570 4487 σὰρξ
2594 4416 2821 4485 γέγονεν
2847 4419 2876 4470 6
2895 4416 3091 4485 Λόγος,
3123 4416 3265 4470 κατὰ
3294 4416 3396 4480 τὰς
3411 4412 3652 4485 Γραφὰς.

405 4512 495 4557 ras
514 4499 584 4567 ”,
615 4512 670 4556 et
699 4501 753 4556 in
786 4511 930 4557 terra
960 4503 1230 4572 apparuit,
1250 4512 1440 4558 etcum
1464 4504 1776 4561 horninibus
1792 4521 1978 4564 versa-

402 4601 489 4648 tus
517 4593 657 4648 est"
678 4634 693 4659 ,
725 4592 952 4648 formam
983 4594 1124 4648 servi
1158 4605 1218 4648 ut
1246 4594 1516 4663 propriam
1550 4610 1778 4665 gerens,
1810 4613 1973 4653 voca-

402 4681 545 4736 bitur
572 4682 735 4737 etiam
766 4681 933 4737 Filius
965 4683 1217 4749 hominis,
1251 4684 1393 4753 quod
1424 4685 1658 4754 quidem,
1680 4686 1727 4740 si
1758 4686 1977 4757 indigne

402 4768 586 4826 ferunt
616 4772 885 4838 nonnulli,
920 4773 1158 4843 graviter
1190 4788 1444 4845 peccasse
1473 4777 1970 4846 deprchendemur.

402 4860 587 4934 Neque
623 4867 767 4920 enim
807 4866 911 4920 alia
953 4867 1161 4921 ratione
1195 4883 1323 4923 caro
1354 4869 1565 4923 vivilica
1601 4870 1737 4925 elIici
1772 4881 1973 4941 potest,

402 4968 562 5022 quam
600 4958 890 5011 secundum
924 4960 1197 5028 propriam
1230 4975 1382 5014 suam
1416 4971 1664 5014 naturain
1704 4967 1974 5035 corrumpi

402 5051 563 5113 atque
591 5046 814 5101 interire
843 5064 1065 5105 necesse
1094 5060 1243 5114 erat,
1278 5052 1378 5104 nisi
1412 5052 1628 5121 propria
1662 5052 1802 5108 facta
1830 5067 1975 5110 esset

406 5132 565 5188 Verbi
609 5138 789 5192 omnia
831 5139 1174 5194 viviﬁcantis.
1220 5138 1333 5194 llnc
1376 5143 1519 5195 enim
1562 5152 1718 5211 pacto
1758 5156 1973 5215 operata

401 5230 486 5276 est
510 5229 562 5275 et
595 5227 842 5290 praestitit
872 5243 990 5297 qua:
1020 5229 1119 5296 ipsi
1149 5225 1327 5282 Verbo
1356 5242 1483 5283 sunt
1515 5234 1766 5301 propria,
1798 5234 1973 5287 viviti-

401 5310 543 5367 eanti
588 5311 755 5383 ipsius
797 5318 978 5374 virtuti
1024 5330 1364 5379 conversata.
1405 5320 1472 5375 Et
1510 5324 1727 5392 quidem
1775 5326 1973 5380 mirum

2080 4508 2174 4560 καί
2204 4507 2299 4561 επὶ
2321 4507 2425 4578 γῆς
2459 4505 2639 4579 ὤςθη,
2688 4507 2787 4562 καὶ
2816 4511 2929 4571 τοῖς
2959 4506 3269 4578 ἀνθρώποις
3297 4504 3656 4576 συνανεστράο

2080 4615 2188 4668 φη.
2224 4597 2324 4670 τὴν
2355 4597 2449 4652 τοῦ
2491 4598 2676 4651 δούλου
2730 4598 2943 4670 μορφὴν
2986 4598 3062 4661 ὡς
3095 4597 3233 4650 ἰδίαν
3263 4594 3426 4667 ἔχων,
3454 4595 3656 4666 κεκλή-

2079 4707 2233 4744 σεται
2260 4691 2355 4744 καὶ
2386 4690 2512 4754 Tib;
2541 4689 2828 4761 ἀνθρώπου
2847 4729 2863 4756 ,
2895 4689 3000 4749 κᾶν
3038 4688 3351 4761 ἀσχάλλωσί
3388 4703 3533 4751 τινες
3565 4688 3659 4740 ἐπὶ

2076 4783 2272 4854 τούτῳ,
2318 4786 2429 4848 τοῖς
2475 4784 2574 4854 τῆς
2617 4782 2890 4855 ἁμαρτίας
2937 4782 3246 4851 ἐγκλήμασι
3280 4780 3421 4848 σφᾶς
3459 4778 3656 4842 αὐτοὺς

2082 4877 2315 4939 ἐνιέντες
2343 4876 2520 4929 ἁλοῖεν
2553 4876 2637 4930 ἄν.
2670 4875 2744 4929 Οὐ
2772 4875 2881 4946 γὰρ
2912 4870 3003 4928 οὖν
3038 4876 3240 4945 ἑτέρως
3272 4872 3542 4936 ζωοποιδν
3574 4888 3660 4940 γε·

2083 4963 2272 5017 νέσθαι
2298 4965 2394 5037 τὴν
2424 4966 2622 5035 σάρκα,
2650 4965 2744 5017 καὶ
2772 4965 2893 5017 κατ’
2939 4965 3072 5018 ἰδίαν
3100 4965 3262 5033 φύσιν
3292 4962 3659 5034 ὑπενηνεγμέο

2080 5075 2177 5129 νην
2210 5058 2287 5128 τῷ
2313 5057 2633 5128 φθείρεσθαι
2661 5058 2793 5124 δεῖν,
2822 5060 2870 5111 εἰ
2902 5057 2980 5130 μὴ
3012 5058 3235 5127 γέγονεν
3267 5058 3373 5112 ἰδία
3401 5057 3495 5110 τοῦ
3520 5058 3658 5121 Cmo-

2077 5147 2354 5211 ποιοῦντος
2382 5148 2451 5203 τὰ
2478 5149 2656 5202 πάντα
2683 5148 2878 5217 Λόγου.
2924 5148 3239 5219 Ἐνηργείτο
3259 5148 3369 5218 γὰρ
3390 5145 3565 5209 οὕτως
3590 5145 3658 5197 τὰ

2075 5236 2263 5303 αὑτοῦ,
2302 5239 2368 5307 τῇ
2405 5237 2651 5308 ζωοποιῷ
2700 5237 2863 5291 αὑτοῦ
2896 5238 3127 5308 δυνάμει
3175 5237 3503 5308 ὁμιλήσασα.
3547 5234 3660 5289 Καὶ

2077 5325 2386 5398 θαυμαστὸν
2428 5328 2602 5382 οὐδέν.
2653 5328 2717 5382 Εἰ
2766 5329 2873 5402 γάρ
2920 5312 3069 5383 ἐστιν
3118 5329 3352 5399 ἀληθὲς,
3407 5330 3489 5381 ὅτι
3536 5330 3658 5388 ταῖς

468 5513 705 5597 '_"Joa_n.
730 5530 806 5597 _vt,
844 5514 931 5582 5|,
1127 5515 1426 5597 “__l_..loan_.
1457 5534 1507 5584 ν,
1540 5519 1662 5597 20_._
1715 5522 1757 5552 "
1795 5520 1949 5579 Joan.

2085 5524 2175 5581 5i.
2251 5526 2295 5559 "
2332 5525 2557 5597 l’bilipp.
2588 5541 2648 5591 ιι,
2679 5526 2731 5582 θ.
2815 5527 2859 5560 ⁸⁸
2900 5527 3062 5584 ilebr.
3101 5543 3162 5589 ιι.
3202 5528 3282 5580 ιι.
3363 5526 3408 5557 ⁷⁸
3453 5524 3651 5594 pres.

408 5587 563 5651 t,10.
640 5586 681 5619 ⁷⁸
722 5585 878 5643 Joan.
918 5600 956 5651 I,
1004 5583 1088 5637 Η.
1159 5585 1203 5615 ⁷⁸
1230 5586 1440 5641 Barucb
1479 5603 1561 5656 tu,
1596 5590 1686 5647 38.
