3946 6202
336 299 467 355 1361

1468 294 1658 366 QUOD
1696 294 1885 354 UNUS
1925 298 2034 355 SIT
2072 297 2444 361 CHRISTUS.

3456 298 3597 359 tm

338 410 493 491 ὕλαις
521 407 789 479 ὁμιλῆσαν
809 405 870 459 τδ
896 404 1030 475 πῦρ,
1063 405 1241 461 καίτοι
1266 405 1475 476 θερμὰς
1495 407 1596 460 οὐκ
1620 406 1786 472 οθσας
1813 407 1902 461 αύ-

2018 425 2125 465 non
2159 421 2262 468 est.
2296 411 2428 468 Nam
2466 414 2511 469 si
2545 429 2729 470 verum
2768 423 2850 469 est
2886 413 3028 485 quod
3068 412 3208 484 ignis
3239 414 3381 468 circa
3423 428 3594 471 mate-

331 500 582 565 st’tcuat'
614 498 750 552 ιδίαν
778 496 962 568 φύσιν,
992 496 1283 567 ἀποφαίνει
1313 496 1558 568 θερμάς*
1594 498 1773 567 ἐνίησι
1804 498 1913 570 γὰρ

334 594 431 648 καὶ
474 589 618 663 μάλα
671 587 946 652 πλουσίως
976 588 1169 652 αὑταῖς
1196 587 1296 657 τῆς
1322 587 1549 658 ἐνούσης
1575 587 1723 659 αύτῷ
1750 588 1914 643 δυνά-

338 700 483 754 μεως
513 682 611 754 τὴν
635 681 917 752 ἐνέργειαν
937 696 953 710 ⁸
980 679 1097 743 πῶς
1122 680 1185 734 ού
1236 679 1437 750 μᾶλλον
1465 681 1639 751 ἐνίησι
1675 681 1807 746 Θεὸς
1837 679 1915 737 ὢν

333 776 365 828 ό
390 774 563 842 Λόγος
589 776 656 844 τῇ
686 772 796 843 ἰδίᾳ
833 771 1021 843 σαρκὶ,
1046 770 1145 843 τὴν
1175 771 1441 836 ζωοποιδν
1467 772 1663 826 ἑαυτοῦ
1682 771 1914 843 δύναμιν

335 864 430 920 καὶ
480 865 760 937 ἐνέργειαν
784 902 801 928 ,
865 862 1159 917 ἑνωθεῖσαν
1209 863 1348 934 αὐτῇ
1398 864 1495 916 καὶ
1556 863 1690 917 ίδίαν
1741 864 1914 933 αὐτὴν

331 958 642 1029 ἀποφήνας,
686 955 1032 1028 ἀσυγχύτως,
1062 954 1367 1029 ἀτρέπτως,
1403 955 1497 1019 καὶ
1534 956 1660 1010 καθ’
1698 955 1758 1010 ὃν
1804 955 1913 1012 οἶδε

333 1049 534 1123 τρόπον
562 1049 763 1116 αύτόςί
1814 1056 1819 1059 “

405 1221 468 1278 Β.
520 1222 839 1292 Ἀναγκαῖον
897 1215 992 1276 οῦν
1041 1220 1151 1294 ἄρα
1219 1222 1634 1293 συνομολογεῖν,
1693 1221 1912 1288 οὐδενὸς

334 1313 523 1384 ἑτέρου
558 1313 1006 1384 μεσολαϐοῦντος,
1052 1312 1334 1377 παντελῶς
1385 1313 1515 1367 ἴδιον
1559 1312 1812 1381 γενέσθαι
1849 1314 1913 1368 τὸ

336 1404 496 1475 σῶμα
538 1405 634 1459 τοῦ
668 1407 730 1458 ὲκ
767 1404 861 1459 τοῦ
891 1396 1103 1477 Πατρδς
1128 1404 1281 1471 δντος
1310 1404 1510 1474 Λόγου,
1554 1404 1659 1458 κᾶν
1692 1402 1911 1475 ὲψυχω-

333 1495 494 1567 μόνον
522 1499 693 1550 νοοῖτο
719 1498 864 1569 ψυχῇ
891 1498 1075 1569 νοερᾷ.

397 1591 464 1643 Α.
493 1588 642 1643 Πάνυ
672 1589 771 1660 μὲν
794 1586 910 1653 οὖν,
938 1591 986 1642 εί
1008 1589 1098 1642 τὸν
1124 1587 1341 1657 ἀπλανῆ
1367 1590 1467 1657 τῆς
1494 1588 1730 1651 πίστεως
1759 1586 1912 1657 όρθου

327 1678 599 1749 τομοῦμεν
647 1679 822 1747 λόγον,
861 1679 957 1733 καὶ
1001 1678 1111 1732 τῶν
1158 1679 1261 1749 τῆς
1307 1677 1564 1749 ἀληθείας
1615 1677 1904 1748 δογμάτων

2016 496 2151 557 riam
2182 502 2420 572 aliquam
2451 519 2703 570 versans,
2736 520 2858 559 eam
2890 519 3009 574 qua:
3040 504 3240 573 alioqui
3270 518 3335 559 ex
3366 519 3464 559 sua
3496 522 3594 561 na-

2011 602 2133 649 tura
2167 595 2342 650 calida
2377 611 2482 651 non
2518 604 2635 661 est.
2671 595 2902 651 calidam
2938 594 3101 651 eﬂlcit
3136 595 3415 664 (immittit
3447 597 3592 653 euint

2012 685 2062 739 ei
2101 683 2314 740 abunde
2357 684 2629 741 facultatis
2667 700 2772 753 qua
2814 684 3072 754 psaeditus
3108 691 3191 737 est
3226 683 3589 751 eiiicaciam),

2010 790 2118 844 quo
2143 785 2301 845 pacto
2328 791 2430 832 non
2462 776 2641 844 patius
2667 775 2914 829 iunuittit
2942 774 3082 827 Deus
3100 771 3335 825 Verbum
3362 770 3593 839 propria

2011 866 2163 922 carui
2200 867 2564 922 vivificantem
2600 881 2753 922 suam
2790 866 3041 918 virtutem
3091 872 3253 931 atque
3309 862 3588 929 operatio—

2010 973 2157 1023 nem,
2186 974 2308 1013 cum
2340 960 2483 1014 illam
2514 959 2614 1014 sibi
2647 958 2853 1013 unitam
2882 967 2932 1012 et
2951 956 3248 1025 propriam,
3285 954 3419 1007 citra
3451 966 3582 1005 con-

2008 1048 2275 1106 fusionem
2314 1058 2406 1106 aut
2439 1051 2795 1107 mutationem
2828 1058 2884 1105 et
2921 1063 3028 1119 quo
3063 1047 3179 1118 ipse
3212 1045 3363 1101 novit
3398 1044 3580 1109 modo.

2007 1140 2225 1198 declara
2235 1142 2300 1197 rit
2315 1142 2342 1196 τ

2079 1233 2140 1289 Β.
2184 1234 2558 1290 Necessarium
2589 1236 2768 1303 itaque
2794 1242 2877 1289 est
2907 1231 3095 1298 fateri,
3128 1231 3342 1287 nemine
3370 1226 3475 1282 alio
3502 1228 3588 1283 in-

2008 1328 2372 1394 terveniente,
2409 1330 2649 1397 perfecte
2683 1328 2962 1396 proprium
3002 1326 3201 1380 factum
3237 1336 3359 1377 esse
3391 1334 3585 1393 corpus

2007 1417 2188 1473 Verbo
2218 1432 2283 1472 ex
2322 1418 2502 1484 Patre,
2538 1420 2755 1474 tametsi
2790 1420 2970 1473 anima
3013 1416 3343 1487 intelligente
3375 1414 3584 1468 anima-

2006 1518 2118 1565 tum
2149 1511 2475 1567 censeatur?

2074 1598 2139 1655 A.
2180 1596 2437 1665 Omnino,
2473 1600 2518 1658 si
2562 1609 2765 1655 rectum
2808 1609 2863 1654 et
2900 1601 3169 1653 sincerum
3213 1596 3332 1652 fidei
3375 1609 3585 1649 sermo.

2005 1706 2127 1747 nem
2164 1700 2351 1747 tenere
2379 1690 2639 1757 velimus,
2672 1699 2729 1745 et
2759 1690 2925 1761 778
2960 1690 3266 1757 dogmatum
3299 1687 3583 1741 veritatem

327 1766 492 1835 έσμὲν
540 1766 807 1839 ἐρασταὶ,
853 1769 949 1823 καὶ
978 1769 1089 1823 τῶν
1127 1770 1300 1837 ἁγίων
1328 1770 1588 1840 Πατέρων
1635 1770 1736 1823 οὐκ
1772 1772 1902 1823 ἀπο-

2013 1796 2289 1846 amamus,
2318 1791 2481 1851 atque
2510 1798 2538 1834 a
2571 1782 2775 1837 sanctis
2807 1779 3060 1835 l’atribus
3086 1794 3189 1832 non
3218 1778 3582 1841 deﬂectimus,

328 1860 618 1932 φερόμενοι
666 1861 769 1932 τῆς
826 1861 1076 1926 εὐθείας,
1129 1860 1253 1915 οὔτε
1311 1860 1420 1933 μὴν
1469 1862 1570 1931 τὴν
1622 1860 1907 1934 βασιλικὴν

327 1952 561 2018 ἀφέντες
606 1952 813 2024 τρίϐον,
864 1953 960 2007 καὶ
1007 1956 1129 2018 ταῖς
1180 1970 1342 2008 τινων
1387 1953 1791 2024 είκαιομυθίαις
1827 1957 1910 2020 είς

328 2041 578 2113 κίϐδηλον
608 2043 732 2097 νοῦν
764 2046 1226 2116 ἀποκομιζόμενοι
1246 2086 1261 2111 ,
1297 2045 1812 2116 ἐποικοδομούμενοι
1849 2046 1907 2099 δὲ

330 2134 533 2205 μᾶλλον
576 2138 665 2190 ἐπ’
710 2138 861 2208 αὐτῷ
906 2138 983 2209 τῷ
1026 2137 1303 2210 θεμελίῳ,
1362 2128 1615 2192 τουτέστι
1662 2137 1903 2209 Χριστῷ.

332 2248 357 2278 ο
389 2227 651 2297 Θεμέλιον
676 2230 789 2301 γὰρ
811 2230 968 2284 ἄλλον
987 2231 1160 2295 οὐδεὶς
1185 2230 1411 2285 δύναται
1437 2232 1611 2284 θεῖναι
1639 2229 1789 2301 παρὰ
1811 2229 1908 2285 τὸν

326 2319 599 2389 κείμενον,
639 2341 660 2372 s
698 2320 839 2376 καθά
885 2322 1163 2393 γέγραφεν
1188 2323 1404 2392 ἀληθῶς
1450 2324 1481 2378 ό
1527 2321 1692 2393 σοφὸς
1748 2323 1908 2393 ἀρχι-

322 2411 550 2475 τέκτων,
578 2415 670 2467 καὶ
697 2414 807 2467 τῶν
833 2415 996 2469 αὐτοῦ
1036 2415 1350 2486 μυστηρίων
1407 2414 1715 2487 ίερουργός.
1766 2414 1904 2468 Ἕνα

321 2504 614 2574 τοιγαροῦν
651 2506 743 2559 τὸν
787 2506 916 2561 Υἱὸν
959 2505 1056 2560 τοῦ
1088 2506 1228 2561 Θεοῦ
1271 2507 1368 2561 καὶ
1396 2505 1613 2577 Πατρός
1640 2500 1781 2559 εἶναι
1819 2522 1906 2558 πι-

324 2592 607 2665 στεύομεν,
636 2597 731 2649 καὶ
761 2598 819 2649 ἐν
842 2597 923 2650 ἐν).
951 2597 1227 2669 προσώπῳ
1254 2597 1544 2667 νοούμενον
1574 2596 1667 2649 τὸν
1695 2594 1903 2667 Κύριον

321 2686 478 2758 ἡμῶν
514 2687 720 2757 Ἰησοῦν
755 2689 1011 2760 Χριστὸν,
1047 2689 1378 2761 γεννηθέντα
1418 2689 1516 2760 μὲν
1546 2690 1613 2747 ὲκ
1637 2687 1732 2742 τοῦ
1757 2686 1895 2742 Θεοῦ

325 2778 423 2832 καὶ
450 2778 679 2850 Πατρὶς,
724 2779 921 2845 θεῖκῶς
944 2821 959 2845 ,
1005 2781 1081 2845 ὡς
1103 2782 1298 2851 Λόγον,
1331 2780 1438 2852 πρὸ
1469 2782 1670 2846 παντὸς
1702 2780 1903 2846 αἰῶνος

326 2868 422 2923 καὶ
447 2871 642 2940 χρόνου
664 2888 679 2904 ο
716 2874 775 2927 ὲν
802 2873 1053 2944 ἐσχάτοις
1083 2873 1139 2927 δὲ
1168 2872 1264 2927 τοῦ
1292 2872 1491 2938 αἰῶνος
1532 2875 1767 2945 καιροῖς,
1806 2871 1901 2927 τὸν

298 2961 488 3016 αὐτὸν
514 2962 778 3031 γεγονότα
808 2964 950 3019 κατά
993 2966 1175 3038 σάρκα
1218 2967 1284 3019 ἐκ
1313 2966 1576 3034 γυναικὸς
1596 3003 1614 3032 ,
1649 2964 1799 3037 αὐτῷ
1835 2982 1900 3019 τε

324 3052 741 3123 προσνεμοῦμεν
786 3055 856 3109 τά
895 3073 956 3109 τε
988 3056 1267 3129 θεοπρεπῆ
1302 3056 1400 3110 καὶ
1442 3057 1512 3111 τά
1552 3055 1891 3128 ἀνθρώπινα,

322 3145 416 3199 καὶ
438 3144 602 3199 αὑτοῦ
630 3145 882 3214 γενέσθαι
912 3148 1093 3218 φαμὲν
1113 3126 1213 3220 τὴν
1235 3126 1378 3203 κατά
1410 3148 1589 3220 σάρκα
1618 3126 1894 3221 γέννησιν,
1922 3126 1966 3185 c

320 3240 416 3292 καὶ
455 3236 518 3291 τὸ
556 3238 649 3291 ἐπὶ
689 3238 784 3292 τοῦ
826 3239 1060 3311 σταυροῦ
1110 3240 1284 3306 πάθος
1308 3283 1323 3308 ,
1371 3239 1745 3311 οἰκειουμένου
1796 3240 1896 3312 μὲν

320 3326 537 3385 ἅπαντα
578 3330 649 3383 τὰ
691 3331 790 3401 τῆς
831 3330 969 3396 ιδίας
1003 3332 1244 3402 σαρκὸς,
1282 3331 1658 3403 μεμενηκότος
1693 3348 1759 3400 γε
1791 3330 1896 3403 μὴν

323 3418 567 3485 ἀπαθοῦς
602 3422 701 3493 τῆς
749 3422 1004 3493 θεότητος
1050 3423 1230 3492 φύσει.
1273 3422 1532 3494 Κάμπτει
1576 3422 1686 3493 γάρ
1721 3420 1897 3487 οὕτως

302 3511 474 3583 αὐτῷ
515 3514 623 3571 πᾶν
652 3513 817 3583 γόνυ,
864 3515 957 3570 καὶ
998 3515 1148 3569 πᾶσα
1193 3513 1418 3584 γλῶσσα
1456 3512 1891 3584 δξομολογεῖται,

296 3603 407 3662 ηὸτι
443 3604 646 3673 Κύριος
686 3606 894 3677 Ἰησοῦς
946 3606 1183 3679 Χριστὸς
1222 3607 1304 3672 είς
1342 3605 1499 3672 δόξαν
1528 3604 1624 3660 τοῦ
1655 3604 1890 3676 Πατρός.

336 3694 525 3766 Ἀμήν.

2009 1887 2188 1941 neque
2218 1875 2431 1929 deserta
2461 1875 2544 1927 via
2577 1873 2755 1944 regia,
2786 1872 3013 1926 aliormn
3044 1885 3181 1925 vana
3214 1879 3373 1939 atque
3401 1869 3580 1924 inania

2008 1974 2313 2019 commenta
2342 1974 2637 2028 sectamur,
2666 1964 2718 2017 iu
2748 1964 3034 2031 reprobam
3062 1970 3297 2016 mentem
3323 1958 3538 2014 abducti
3563 1975 3579 2013 :

2007 2052 2104 2107 sed
2152 2054 2331 2120 potius
2380 2068 2543 2122 super
2615 2053 2789 2121 ipsum
2843 2050 3283 2113 fundamentum,
3351 2049 3453 2103 ltoc
3499 2056 3585 2103 est

2006 2141 2303 2207 Christum,
2337 2142 2691 2198 aedificamus.
2733 2160 2753 2193 ι
2792 2139 3222 2196 Fundamentum
3259 2140 3400 2193 enim
3437 2136 3581 2194 aliud

2005 2246 2165 2288 nemo
2188 2243 2364 2304 potest
2387 2248 2606 2303 ponere,
2634 2241 2828 2301 praeter
2853 2233 2903 2286 id
2927 2231 3068 2302 quod
3094 2230 3327 2300 positum
3353 2227 3524 2291 est";
3553 2246 3575 2284 ι

2005 2335 2065 2382 ut
2089 2340 2216 2382 vere
2247 2326 2466 2397 scripsit
2492 2330 2711 2396 sapiens
2740 2324 2828 2379 ille
2854 2323 3271 2389 architectus",
3298 2331 3353 2377 et
3382 2329 3578 2392 mysteo

2001 2417 2208 2474 riorum
2253 2418 2349 2475 Dei
2392 2418 2807 2474 administrator
2826 2418 2897 2473 ⁷⁸.
2942 2416 3119 2473 Unum
3163 2416 3342 2485 itaque
3378 2412 3576 2469 Filium

2001 2508 2096 2565 Dei
2133 2525 2198 2565 ac
2229 2508 2409 2565 Patris
2440 2524 2561 2565 esse
2596 2509 2894 2575 credimus,
2922 2515 2975 2563 et
3005 2507 3058 2561 in
3091 2522 3195 2560 una
3230 2519 3455 2575 persona
3492 2503 3576 2557 in-

2002 2600 2274 2656 tellectum
2306 2601 2592 2656 Dominum
2623 2610 2868 2655 nostrum
2896 2597 3079 2655 Iesum
3108 2597 3404 2659 Christum,
3430 2595 3578 2666 geni-

1999 2702 2115 2748 tum
2143 2693 2358 2762 quidem
2389 2707 2454 2747 ex
2488 2692 2601 2748 Deo
2625 2702 2681 2747 et
2709 2692 2873 2747 Patre
2902 2692 3188 2755 divinitus,
3221 2698 3278 2744 ut
3302 2688 3536 2744 Verbum
3558 2729 3574 2755 ,

1998 2796 2125 2841 ante
2165 2785 2347 2840 omnia
2388 2784 2582 2840 sarcula
2622 2792 2679 2839 et
2723 2791 2996 2852 tempora,
3039 2780 3347 2836 novissimis
3390 2786 3575 2833 autem

1996 2875 2183 2931 saeculi
2219 2876 2552 2945 temporibus
2585 2874 2833 2928 eumdem
2867 2872 3067 2927 factum
3097 2885 3318 2926 carnem
3354 2883 3423 2925 ex
3458 2884 3579 2923 mu-

1994 2967 2152 3032 liere,
2180 2968 2393 3038 ipsique
2428 2966 2715 3021 tribuimus
2736 2978 2792 3019 et
2827 2964 3037 3019 divinas
3066 2974 3122 3018 et
3156 2966 3419 3017 humanas
3453 2974 3577 3028 pro-

1999 3063 2264 3130 prietates
2296 3080 2309 3117 :
2341 3070 2399 3117 et
2428 3060 2571 3116 illius
2606 3060 2805 3114 factam
2834 3071 2957 3113 esse
2982 3057 3212 3112 dicimus
3241 3054 3575 3109 nativitatem

1999 3154 2294 3209 secundum
2330 3166 2580 3217 carnem,
2617 3158 2674 3206 et
2709 3148 3017 3220 passionem
3054 3146 3117 3201 in»
3149 3159 3344 3209 cruce,
3379 3144 3576 3215 quippe

2000 3244 2093 3314 qui
2131 3242 2313 3298 omnia
2354 3240 2457 3296 sibi
2496 3240 2766 3308 adaptarit
2800 3251 2919 3308 qua:
2955 3236 3105 3292 carni
3144 3249 3256 3290 suae
3289 3242 3415 3288 sunt
3453 3245 3578 3303 pro-

2002 3336 2151 3407 pria;
2182 3345 2433 3390 manente
2469 3333 2682 3389 interim
2719 3341 2912 3386 natura
2960 3328 3176 3386 deitatis
3202 3334 3424 3398 experte
3454 3338 3574 3396 pas-

2000 3426 2195 3483 sionis.
2225 3424 2339 3481 Hac
2367 3424 2511 3479 enim
2545 3422 2757 3478 ratione
2785 3419 2858 3475 illi
2889 3417 3121 3474 flectitur
3147 3431 3307 3473 omne
3331 3430 3492 3487 genu,
3522 3423 3576 3469 et

1998 3516 2179 3573 amnis
2199 3516 2384 3584 lingua
2407 3517 2695 3571 conﬁtetur
2717 3514 2842 3585 quia
2868 3512 3124 3571 Dominus
3144 3508 3302 3567 Jesus
3327 3510 3573 3573 Christus

2000 3607 2052 3664 in
2081 3608 2263 3686 gloria
2280 3607 2456 3662 Patris
2478 3606 2543 3661 ⁷⁸.
2574 3609 2768 3661 Amen.

398 3876 442 3907 "
479 3874 495 3928 l
533 3874 656 3932 Cor.
685 3888 767 3937 tu,
804 3874 891 3931 ll.
966 3872 1014 3905 "
1055 3873 1189 3930 Ibid.
1228 3873 1312 3929 ιο.
1393 3874 1437 3906 ’⁸
1478 3874 1497 3929 l
1536 3872 1662 3931 Cor.
1710 3890 1783 3939 tv,
1821 3876 1870 3931 l.

2038 3873 2269 3943 Philipp.
2310 3887 2369 3936 ιι,
2408 3870 2495 3937 ιο,
2537 3871 2620 3925 tt.
2710 3856 2711 3859 ‘
