4016 6202
402 294 583 356 «ξίὸϐἳ
1472 311 1528 367 s.
1562 312 1847 375 CYRILLI
1887 317 2353 383 ALEXANDRINI
2392 298 2719 395 tuentur.
3578 334 3724 393 issi

1414 666 1986 805 SANCTI
2080 676 2739 810 CYRILLI

1649 923 2128 989 ALEXANDRINI
2159 928 2481 990 ARCHIEP.

805 1117 1312 1213 SCHOLIA
1410 1125 1555 1215 DE
1639 1127 2547 1227 INCARNATIONE
2632 1136 3325 1231 UNIGENITI.

495 1332 586 1397 (Ex
622 1334 741 1384 edit.
776 1335 829 1385 P.
862 1336 1105 1399 Gamerii,
1137 1340 1261 1403 O‘pp.
1294 1341 1429 1394 Marii
1455 1343 1758 1405 Meroatoris,
1795 1345 2290 1469 addi!li;£|:grl;lfl)ilis
2316 1347 2500 1401 Grecis
2523 1363 2636 1413 quae
2666 1351 2879 1402 Ioannes
2898 1351 3176 1404 Autbertus
3209 1364 3271 1402 ex
3296 1349 3463 1401 codice
3490 1352 3661 1416 Regio

2051 1585 2127 1603 --a

1686 1723 2449 1833 ADMONITIO.

2023 1957 2101 1973 -ς

510 2096 809 2156 Tractatus
832 2101 963 2167 istc,
991 2116 1096 2158 non
1128 2104 1475 2174 praestantior
1501 2120 1666 2177 quam
1695 2107 1904 2174 utilior,
1932 2108 2247 2166 inscribitur
2296 2110 2515 2167 Scholia
2545 2111 2617 2167 de.
2636 2113 3004 2168 incarnatione
3039 2113 3315 2187 Unigeniti
3342 2133 3363 2171 :
3413 2127 3715 2190 propterea

431 2191 574 2261 quod
602 2192 851 2251 continet
873 2209 979 2250 non
1018 2203 1227 2250 tantum
1254 2196 1675 2269 explicationem
1718 2197 1881 2254 trium
1928 2213 2123 2255 vocum
2157 2201 2455 2257 dillicilium
2500 2201 2803 2269 intellectu,
2838 2202 3111 2272 Christus,
3156 2204 3492 2274 Emmanuel,
3520 2208 3716 2276 Iesus,

430 2298 661 2352 quarum
697 2286 1032 2354 praenotione
1064 2302 1202 2358 opus
1234 2297 1321 2345 est
1350 2290 1418 2346 ad
1450 2289 1768 2360 mysterium
1812 2290 2206 2350 incarnationis
2256 2295 2549 2351 Dominieze
2601 2297 2977 2364 tractandum;
3029 2300 3124 2354 sed
3160 2300 3327 2355 etiam
3377 2303 3715 2358 solutionem

432 2377 722 2448 implicata:
756 2383 1093 2452 quaestionis,
1137 2387 1414 2454 quomodo
1457 2386 1578 2445 dum
1627 2397 1866 2454 naturae,
1901 2388 2022 2443 sine
2060 2390 2380 2447 confusione
2421 2400 2481 2446 et
2513 2393 2895 2458 conversione,
2935 2396 3288 2452 convenerint
3330 2398 3385 2452 in
3432 2400 3717 2455 unitatem

430 2487 677 2542 persona:
719 2478 937 2548 divinae,
972 2493 1200 2552 eamque
1244 2498 1353 2542 non
1408 2486 1667 2557 σχετικὴν
1723 2490 1780 2538 et
1829 2482 2118 2553 moralem,
2165 2485 2261 2542 sed
2310 2484 2547 2558 φυσικὴν
2595 2496 2651 2543 et
2692 2487 3085 2544 substatttivam
3130 2508 3151 2545 ;
3184 2492 3275 2561 qui
3312 2493 3482 2549 cardo
3529 2495 3717 2551 totius

430 2571 748 2639 quaestionis
785 2584 934 2630 tanta
965 2578 1333 2635 commotione
1362 2578 1529 2635 totius
1553 2580 1704 2635 orbis
1732 2580 1973 2650 agitata'.

501 2664 620 2732 Quo
643 2677 867 2724 auctore
890 2669 1129 2740 scriptus
1157 2672 1253 2737 sit,
1272 2671 1523 2728 dubitare
1557 2686 1669 2727 non
1696 2672 1845 2740 licet,
1872 2688 1995 2730 cum
2024 2670 2404 2727 Theodoretus
2428 2669 2481 2726 in
2506 2671 2747 2728 secundo
2773 2671 2988 2744 dialogo
3010 2675 3102 2743 qui
3131 2678 3161 2729 d
3175 2675 3330 2729 icitur
3355 2674 3719 2745 Inconfusus,

431 2758 541 2815 Leo
566 2760 792 2832 Magnus
816 2762 1044 2831 epistola
1072 2760 1481 2829 97,concilium
1506 2762 1954 2821 Chalcedonense
1980 2764 2199 2819 actione
2219 2762 2256 2817 2
2281 2762 2335 2819 in
2365 2762 2496 2827 line,
2525 2761 2814 2819 Facundos
2844 2766 3249 2823 Iiermianensis
3271 2768 3424 2823 libris
3440 2783 3515 2823 vtt
3544 2779 3601 2823 et
3625 2785 3715 2835 χι,

428 2852 698 2911 Leontius
732 2854 1094 2911 scholasticus
1115 2855 1286 2910 librat
1313 2865 1502 2911 contra
1526 2856 1884 2914 Nestorianos
1902 2865 1957 2913 et
1982 2856 2379 2927 Eutychianos,
2396 2854 2615 2925 aliique,
2651 2872 2757 2912 non
2781 2866 2991 2913 tantum
3023 2858 3188 2928 hujus
3216 2860 3419 2931 operis,
3445 2870 3709 2930 tanquam

430 2966 463 3002 ιι
499 2948 702 3018 Cyrillo
731 2950 884 3015 editi,
920 2952 1305 3018 meminerint,
1338 2952 1434 3007 sed
1470 2966 1543 3007 ex
1574 2966 1642 3007 eo
1671 2964 1889 3022 quoque
1924 2951 1992 3005 ad
2028 2950 2467 3007 conﬁrmandam
2500 2950 2659 3005 [idem
2699 2951 3011 3007 testimonia
3053 2954 3510 3025 deprompserint.
3550 2955 3707 3008 Adde

430 3041 575 3106 quod
618 3041 672 3094 in
712 3040 1039 3096 bibliotheca
1092 3040 1258 3112 Regia
1311 3042 1536 3097 Parisiis
1576 3056 1685 3097 non
1732 3042 1946 3099 modica
1986 3056 2117 3113 pars
2160 3040 2352 3097 Graece
2401 3040 2652 3108 habetur,
2696 3040 2888 3115 Cyrilli
2931 3045 3155 3101 nomine
3206 3046 3493 3117 inscripta,
3541 3062 3708 3117 quam

429 3130 671 3188 Joannes
695 3132 993 3187 Autbertus
1022 3133 1297 3189 transtulit
1324 3134 1375 3190 in
1410 3149 1562 3191 suam
1589 3134 1827 3204 Operum
1848 3134 2035 3205 Cyrilli
2065 3132 2538 3189 Gnaeo-Latinam
2566 3134 2881 3200 editionem,
2910 3143 3057 3190 tonio
3086 3134 3153 3201 ν,
3195 3147 3353 3206 parte
3382 3154 3420 3193 ι.

502 3225 623 3294 Quo
678 3237 923 3298 tempore
977 3229 1311 3299 compositus
1368 3229 1553 3298 fuerit,
1598 3230 1869 3300 conjicere
1913 3244 1981 3284 ex
2019 3242 2085 3284 eo
2133 3228 2283 3295 licet,
2335 3230 2481 3299 quod
2538 3228 2643 3285 etsi
2693 3238 2881 3284 contra
2942 3230 3261 3286 Nestorium
3309 3241 3532 3287 sanctus
3577 3232 3706 3288 fidei

431 3320 686 3377 defensor
732 3323 995 3392 disputet,
1032 3338 1156 3389 eum
1188 3330 1372 3379 tamen
1417 3324 1635 3379 nomine
1664 3339 1772 3379 non
1818 3322 2079 3394 appellet,
2122 3322 2318 3379 solitus
2356 3322 2558 3394 alioqui
2602 3340 2708 3380 non
2751 3333 2968 3393 tacere,
3005 3336 3129 3396 post
3164 3327 3707 3398 condemnationem,

432 3415 543 3471 imo
571 3425 626 3472 et
658 3428 787 3473 ante
818 3415 1348 3484 condemnationem,
1394 3418 1579 3474 statim
1621 3428 1785 3488 atque
1831 3419 1899 3473 lis
1945 3419 2105 3489 quasi
2146 3419 2415 3474 lutentata
2449 3428 2573 3486 est,
2615 3427 2963 3489 coeptumque
3004 3418 3090 3489 agi
3134 3416 3290 3486 jure,
3334 3419 3387 3475 id
3423 3428 3542 3485 est,
3582 3433 3709 3491 post

431 3512 657 3568 missam
701 3525 837 3569 cum
877 3512 1075 3567 summi
1118 3512 1393 3582 pontiﬁcis
1466 3512 1660 3568 litteris
1703 3513 2060 3583 depositionis
2101 3513 2429 3569 sententiam
2467 3506 2878 3568 continentibus
2923 3513 3241 3583 synodicam
3275 3527 3345 3568 ex
3379 3512 3705 3585 Egyptiaca

433 3608 641 3680 synodo
668 3606 980 3677 epistolam,
1011 3608 1301 3680 capitaque
1342 3607 1651 3674 duodecim,
1683 3608 1777 3679 qui
1827 3608 2272 3664 anathematismi
2306 3608 2587 3665 dicuntur.
2630 3606 2977 3680 Compositus
3022 3608 3189 3679 igitur
3229 3608 3335 3665 diei
3381 3610 3543 3665 debet
3577 3617 3707 3666 ante

433 3699 726 3755 concilium
753 3698 1107 3770 Ephesinum.

505 3796 614 3854 Sed
647 3812 755 3868 quo
791 3798 845 3854 in
892 3796 1034 3867 loco,
1065 3813 1241 3869 quove
1279 3798 1589 3858 distinctius
1627 3799 1911 3869 tempore?
1950 3797 2177 3873 Ephesi,
2218 3797 2530 3869 opinabitur
2569 3796 2711 3879 forte
2746 3796 3052 3868 quispiam,
3091 3805 3222 3853 tunc
3266 3812 3390 3854 cum
3434 3798 3706 3871 Cyrillus,

431 3895 565 3967 ipsis
599 3895 951 3966 exigentibus
993 3895 1315 3962 catholicis,
1360 3911 1637 3966 exponere
1689 3905 1912 3952 coactus
1962 3904 2047 3951 est
2089 3897 2373 3962 nonnulla,
2423 3910 2546 3967 quae
2589 3895 2764 3967 paulo
2807 3894 2898 3950 vei
2949 3894 3208 3961 duriora,
3257 3895 3341 3950 vel
3385 3895 3707 3953 obscuriora

431 3990 757 4047 videbantur
803 3991 856 4045 in
903 3990 1408 4059 anathematismis,
1445 3990 1745 4061 praesertim
1784 4001 1844 4043 ut
1879 3988 2221 4061 propulsaret
2263 3990 2519 4045 invidiam
2554 3989 2659 4045 sibi
2699 3989 2767 4045 ab
2814 3987 3147 4044 adversariis
3184 3987 3507 4053 conﬂatam,
3547 3972 3704 4045 uuasi

434 4082 990 4151 cumApoilinaristis
1017 4084 1268 4154 sentiret,
1299 4084 1512 4139 unicam
1543 4084 1664 4139 esse
1700 4083 1754 4138 in
1788 4082 2008 4138 Christo
2042 4093 2318 4148 naturam,
2353 4097 2679 4153 versumque
2703 4082 2756 4137 in
2781 4096 3001 4138 carnem
3034 4079 3269 4138 Verbum
3294 4082 3559 4137 divinum.

499 4174 612 4246 Ego
644 4175 1444 4246 veroAlexandrizescriptum
1471 4185 1624 4247 puto,
1650 4175 1806 4246 longe
1829 4184 1987 4231 antea
2016 4191 2030 4227 :
2066 4175 2300 4246 Cyrillus
2349 4189 2584 4245 namque
2618 4184 2907 4244 antequam
2945 4175 3319 4243 responderet,
3356 4176 3437 4230 vel
3470 4175 3706 4231 Andreas

433 4272 828 4339 Samosateuo,
885 4272 969 4328 vel
1010 4271 1395 4339 Theodoreto,
1433 4272 1926 4328 anathematismos
1972 4270 2535 4343 reprehendentibus,
2593 4272 2645 4325 id
2696 4271 2879 4340 operis
2925 4271 3192 4342 suscepit,
3250 4288 3359 4344 quo
3407 4273 3705 4327 instrueret

433 4367 813 4436 disputaturos
839 4379 939 4434 pro
968 4364 1097 4429 fide,
1124 4362 1192 4419 de
1219 4363 1410 4434 primis
1440 4364 1593 4433 quasi
1624 4363 1942 4419 notionibus
1969 4376 2159 4417 vocum
2179 4401 2195 4428 ,
2229 4370 2392 4429 atque
2426 4360 2547 4415 aliis
2576 4360 2871 4426 nonnullis,
2901 4362 3100 4430 quibus
3132 4363 3276 4417 inter
3316 4362 3703 4432 disputandum

431 4475 567 4516 usus
592 4456 1047 4514 foret._lnstruxit
1078 4469 1228 4518 vero,
1268 4453 1370 4508 nisi
1415 4467 1500 4508 me
1542 4453 1680 4509 fallit
1712 4454 1927 4524 opinio,
1965 4468 2087 4509 cum
2123 4452 2356 4525 primum
2399 4450 2638 4507 ferveret
2681 4452 2910 4522 quaestio
2944 4453 3082 4521 apud
3130 4453 3560 4516 Alexandrinos,
3596 4470 3705 4512 nec

431 4554 765 4613 satisadhuc
797 4552 962 4608 animi
1003 4549 1390 4607 exercitatione
1422 4549 1621 4603 eruditi
1648 4557 1861 4615 essent;
1894 4564 2132 4621 eumque
2175 4549 2291 4620 ipse
2328 4549 2494 4603 etiam
2532 4547 2767 4617 primum
2801 4546 3035 4618 Cyrillus
3080 4563 3179 4617 pro
3217 4549 3438 4605 Christo
3467 4564 3701 4621 pugnam

432 4666 555 4706 cum
583 4646 838 4705 Nestorio
874 4645 1058 4709 iniret,
1096 4642 1238 4699 datis
1273 4642 1551 4712 prioribus
1587 4640 1784 4696 litteris
1814 4641 1973 4697 oliicii
2010 4640 2408 4697 monitricibus.
2451 4639 2700 4710 Scriptus
2730 4650 2815 4694 est
2853 4639 3018 4710 igitur
3058 4648 3325 4695 tractatus
3366 4641 3469 4696 iste
3509 4643 3701 4696 eodem

432 4744 550 4801 fere
581 4755 823 4815 tempore
854 4753 963 4810 quo
986 4736 1216 4809 epistola
1264 4736 1330 4791 ad
1368 4720 1671 4791 monachos
1715 4732 1967 4807 Egypti,
2021 4734 2074 4791 id
2113 4746 2219 4800 est,
2263 4736 2362 4790 sub
2407 4734 2644 4789 medium
2685 4741 2777 4788 aut
2821 4733 3012 4787 saltem
3056 4732 3157 4788 sub
3204 4734 3365 4789 finem
3402 4751 3534 4789 ann.
3573 4735 3702 4790 429.

430 4839 587 4897 ldem
607 4841 751 4896 enim
772 4847 857 4895 est
883 4838 1167 4906 utriusque
1193 4843 1597 4907 argumentum,
1621 4849 1722 4890 nec
1747 4834 1892 4890 aliud
1918 4835 2129 4891 videtur
2158 4836 2454 4893 discrimen
2483 4849 2647 4905 quam
2675 4835 2938 4900 metliodi,
2969 4850 3091 4907 qua:
3117 4834 3171 4890 in
3198 4832 3427 4904 epistola
3460 4833 3707 4891 oratoria

433 4933 607 5004 magis
635 4942 739 4999 est,
778 4933 831 4988 in
865 4930 1102 4988 Scholiis
1136 4928 1251 4984 fere
1284 4928 1629 4991 scholastica.

393 5042 405 5086 i
504 5026 563 5081 In
586 5042 708 5083 eam
737 5040 824 5083 me
852 5024 1180 5083 sententiam
1210 5023 1490 5094 impellunt
1524 5023 1648 5078 tria.
1681 5024 2114 5096 Primum,quod
2138 5025 2358 5084 Scholia
2395 5035 2524 5081 ante
2558 5025 2848 5081 concilium
2884 5024 3217 5096 Epltesinnm
3246 5024 3451 5096 scripta
3480 5024 3616 5090 sint,
3645 5031 3706 5079 ut

430 5127 598 5173 antea
622 5119 927 5176 coniectum
952 5126 1076 5175 est:
1118 5130 1217 5171 nec
1246 5130 1413 5185 parvo
1451 5126 1629 5171 tamen
1665 5125 1926 5186 tempore,
1962 5134 2084 5173 cum
2128 5119 2373 5175 Andreas
2415 5118 2809 5174 Samosatenus
2856 5120 2995 5187 apud
3036 5118 3391 5175 Anastasium
3432 5116 3704 5173 Sinaitam

435 5207 661 5277 hujusce
700 5211 881 5281 operis
925 5220 1180 5280 tanquam
1223 5208 1521 5279 pervulgati
1571 5210 1900 5264 meminerit.
1956 5208 2220 5277 Alterum,
2261 5213 2403 5281 quod
2454 5213 2699 5267 videatur
2732 5211 3083 5268 elementaria
3124 5212 3371 5275 quaedam
3417 5209 3700 5272 doctrina,

436 5303 660 5359 rudibus
718 5305 1107 5360 controversiae
1167 5303 1398 5374 ingeniis
1448 5304 1699 5360 tradita:
1753 5305 2062 5361 continetur
2115 5306 2272 5361 enim.
2323 5308 2665 5377 expositione
2742 5324 2933 5363 vocum
2956 5349 2982 5375 ,.
3024 5308 3575 5377 distinctionibusque
3630 5308 3701 5361 ad

433 5396 767 5465 obiectiones
796 5398 1081 5452 solvendas
1114 5397 1466 5463 necessariis,
1491 5406 1544 5452 et
1584 5398 1850 5469 exemplis
1880 5398 1947 5454 ad
1994 5414 2106 5454 rem
2138 5399 2511 5469 explicandam
2560 5400 2738 5457 factis.
2791 5400 3057 5466 Tertium,
3091 5400 3233 5471 quod
3276 5401 3329 5455 in
3371 5414 3536 5470 Opere
3585 5406 3709 5454 toto

434 5487 576 5546 nulla
602 5501 697 5559 per
725 5500 784 5542 se
810 5487 902 5539 iiat
929 5489 1135 5541 mentio
1166 5487 1255 5543 Dei
1285 5488 1591 5557 pontificis;
1635 5491 1730 5547 sed
1772 5505 1961 5546 eorum
2010 5500 2221 5547 tantum
2258 5507 2379 5562 quite
2413 5491 2464 5545 in
2494 5493 2669 5561 primo
2700 5491 2933 5550 Nestorii
2975 5506 3226 5549 sermone
3259 5491 3607 5560 secundoque
3644 5500 3701 5545 et

431 5582 593 5642 tertio
623 5590 812 5637 contra
854 5577 977 5632 iidei
1016 5577 1257 5647 regulam
1290 5578 1561 5649 leguntur,
1594 5598 1716 5636 cum
1747 5592 1925 5639 tamen
1963 5583 2125 5655 digna
2166 5582 2305 5638 fouet
2346 5584 2444 5638 ista
2474 5585 2730 5652 qttrestio,
2766 5599 2886 5653 quas
2921 5593 3253 5645 tractaretur
3288 5591 3508 5654 propter
3541 5596 3699 5636 suam

433 5677 548 5733 sive
575 5671 950 5734 subtilitatem,
987 5667 1099 5723 sive
1127 5670 1524 5740 necessitatem.
1561 5670 1689 5725 Orta
1733 5691 1863 5731 vero
1887 5686 1969 5732 est
2005 5691 2072 5731 ex
2109 5674 2327 5730 homilia
2368 5674 2544 5732 Procli
2586 5689 2615 5729 a
2651 5674 2899 5733 Ncslorio
2944 5674 3195 5735 acerbius
3244 5676 3598 5748 reprehensa,
3633 5674 3707 5731 de

434 5785 541 5843 qua
565 5768 702 5825 nihil
735 5767 913 5824 afferri
950 5762 1117 5835 potuit
1145 5761 1314 5816 nuntii
1348 5760 1731 5822 Alexaulriam
1767 5779 1894 5826 ante
1922 5769 2205 5825 definitum
2238 5770 2501 5825 hactenus
2527 5779 2759 5838 tempus.
