3946 6202
298 294 432 353 1365
1226 292 1518 358 SGilOLIA
1558 302 1643 357 DE
1688 301 1856 359 lNCA]

2029 305 2201 364 noue
2240 286 2615 366 UNtcENirt.
3376 281 3391 295 ’
3437 292 3587 364 iece-

359 414 435 469 De
464 414 759 485 interprete
790 417 951 484 paulo
978 413 1249 472 dimcilior
1277 427 1362 473 est
1385 421 1934 491 quassum-Quisquis
1974 424 2068 481 ille
2107 425 2291 492 fuerit,
2320 427 2496 496 ipsum
2535 430 2751 499 oportet
2785 418 2976 491 quinto
3023 417 3224 474 saeculo
3259 420 3567 489 scripsisse,

294 505 404 561 imo
435 511 765 578 temporibus
794 512 982 582 Cyrilli
1016 529 1031 566 :
1078 513 1343 581 siquidem
1378 530 1445 568 ex
1482 515 1584 569 hac
1617 516 1730 584 ipsa
1773 520 2044 584 versione,
2085 536 2205 589 quae
2254 535 2395 575 nunc
2435 521 2690 583 habetur,
2725 526 2781 572 et
2809 514 2919 570 Leo
2953 512 3177 584 Magnus
3210 511 3393 566 statim
3448 524 3570 580 post

291 598 497 653 obitum
524 600 708 672 Cyrilli
739 611 995 671 tanquam
1026 618 1094 658 ex
1126 604 1365 674 vulgata,
1393 614 1446 661 et
1474 607 1761 662 concilium
1794 608 2260 677 Chalcedonense,
2304 622 2360 665 et
2402 610 2687 665 Facundus
2716 604 3122 664 Hermianensis
3182 603 3571 672 decerpserint.

292 706 413 759 quae
439 691 573 746 locis
598 704 757 750 antea
780 695 965 755 citatis
983 695 1247 761 referunt.
1266 698 1574 755 Crediderit
1596 716 1699 755 non
1727 701 1998 762 itumerito
2021 703 2313 772 quispiam,
2330 701 2676 757 tribuendum
2698 701 2801 755 hoc
2823 713 2957 770 opus
2975 696 3068 751 uni
3086 709 3157 750 ex
3188 692 3589 756 Alexandrinis.

295 777 405 835 illis
435 798 664 859 quorum
697 785 1048 845 Latinitatem
1074 789 1214 859 apud
1241 799 1490 845 sanctum
1521 789 1877 845 Caelestinum
1900 791 2135 861 Cyrillus
2161 793 2482 857 excusabat,
2509 807 2637 847 cum
2661 791 2883 847 chartas
2898 786 3151 843 mitteret
3172 782 3239 838 ab
3258 784 3329 837 iis
3355 795 3568 837 versas.

298 869 497 928 Verum
530 876 861 944 opinabilius
894 880 1130 947 videtur,
1169 881 1529 952 interpretem»
1561 884 1747 939 dicere
1793 883 2026 939 Marium
2067 884 2428 940 Mercatorem
2451 926 2468 952 ,
2506 885 2684 939 virum
2729 880 2938 951 alioqui
2984 876 3224 933 melioris
3262 873 3575 929 Latinitatis

292 963 558 1020 scientem
586 984 601 1021 :
633 983 758 1022 nam
794 978 849 1023 et
878 970 1019 1024 inter
1038 969 1156 1039 ejus
1182 985 1343 1041 opera
1373 972 1644 1041 reperitur
1686 971 1739 1027 in
1773 981 2005 1046 utroque
2037 973 2407 1043 manuscripto
2444 973 2652 1035 codice,
2688 986 2799 1049 quo
2842 969 2927 1025 usi
2965 980 3191 1029 sumus;
3224 972 3287 1023 el;
3314 978 3375 1018 ea
3414 971 3573 1017 aetate

294 1057 451 1120 vixit,
478 1072 583 1125 qua
617 1061 981 1129 scribebatur,
1004 1072 1060 1120 et
1092 1064 1286 1120 ardore
1315 1066 1435 1119 lidei
1468 1066 1718 1121 incensus
1742 1063 1934 1119 Latina
1976 1064 2103 1120 fecit
2165 1080 2300 1137 quae.
2326 1064 2504 1119 Graeci
2534 1065 2851 1119 defensores
2884 1058 3009 1114 fidei
3053 1057 3392 1118 scriberent;
3433 1062 3488 1108 et.
3517 1053 3571 1107 in

293 1148 615 1215 praefatione
660 1152 726 1206 ad
782 1167 1059 1211 sermones
1105 1155 1341 1212 Nestorii
1379 1164 1716 1212 contestatus
1765 1167 1877 1224 est,
1931 1173 1992 1213 se
2043 1157 2351 1214 Latinitatis
2401 1159 2545 1229 leges
2598 1154 2871 1226 sprevisse
2912 1152 2966 1205 in
3018 1148 3279 1219 operibus
3333 1143 3572 1200 Nestorii

293 1241 590 1312 Cyrillique
616 1247 907 1301 vertendis.
941 1247 1009 1301 In
1044 1249 1252 1318 quibus,
1290 1248 1483 1318 inquit,
1528 1248 1738 1301 verbum
1790 1248 1856 1302 de
1896 1250 2069 1317 verba,
2102 1250 2156 1304 in
2197 1261 2452 1319 quantum
2482 1248 2598 1317 ﬁeri
2642 1247 2814 1315 potuit
2854 1249 3082 1297 conatus
3123 1254 3239 1293 sum
3280 1234 3573 1289 translator

294 1334 603 1403 exprimere,
637 1353 700 1391 ne
727 1338 877 1407 prius
903 1339 1158 1407 falsarius
1194 1343 1361 1412 magis
1405 1359 1566 1410 quam
1598 1359 1746 1397 verus
1780 1353 1964 1413 postea
2003 1342 2257 1410 probarer
2299 1345 2582 1411 interpres.
2622 1340 2702 1394 Da
2749 1339 2919 1408 igitur
2947 1335 3185 1397 veniam,
3214 1331 3297 1402 pie
3322 1330 3504 1395 lector,
3526 1329 3573 1383 si

291 1437 387 1481 aut
418 1428 594 1484 minus
624 1432 793 1485 oratio
850 1433 1137 1499 luculenta,
1178 1444 1270 1489 aut
1306 1440 1577 1490 verborum
1617 1439 1915 1508 ubicunque
1947 1449 2388 1507 prwsumptorum
2434 1439 2636 1492 novitas
2679 1450 2860 1490 aurem
2898 1434 3037 1503 forte
3080 1427 3379 1500 perculerit.
3420 1424 3572 1493 Elegi

295 1518 711 1575 obtrectatorum
770 1522 965 1594 linguis
1017 1529 1186 1597 magis
1222 1528 1438 1596 exponi,
1484 1546 1642 1600 quam
1696 1549 1729 1585 a
1780 1533 1999 1587 veritate
2042 1547 2289 1586 sensuum
2323 1530 2693 1598 exprimenda,
2752 1528 2839 1582 ubi
2896 1541 3047 1580 omne
3092 1531 3170 1577 est
3220 1521 3284 1574 de
3341 1518 3573 1573 t'alsitate

294 1612 610 1682 periculum,
635 1613 842 1686 longius
872 1619 1141 1678 aberrare.

276 1724 279 1727 λ
370 1702 490 1759 Non
528 1706 663 1763 levis
696 1724 862 1780 opera
894 1714 1144 1783 ponenda
1186 1715 1342 1770 nobis
1372 1715 1471 1771 l'uit
1510 1716 1563 1770 in
1594 1717 1930 1771 emendanda
1957 1716 2210 1770 versione
2248 1721 2357 1766 tam
2390 1710 2637 1779 antiqua,
2660 1708 2889 1778 ideoque
2917 1708 2982 1762 ab
3012 1704 3480 1768 exscrmcntibus,
3512 1713 3575 1755 ut

296 1795 379 1863 ﬁ"
408 1811 662 1871 corrupta
691 1821 703 1857 :
734 1802 993 1873 juverunt
1027 1808 1245 1878 quidem
1274 1810 1626 1880 manuscripti
1658 1811 1871 1865 codices
1897 1818 1952 1865 et
1983 1807 2106 1863 libri
2135 1806 2275 1877 typis
2299 1805 2509 1861 excusi.
2541 1805 2611 1860 At
2636 1804 2768 1871 Icum
2811 1816 2915 1855 una
2963 1799 3035 1854 sit
3074 1797 3316 1852 omnium
3363 1794 3591 1850 verslut.

293 1905 467 1962 eaque
511 1912 614 1953 non
663 1900 843 1957 minus
875 1918 905 1957 a
948 1906 1176 1961 notariis
1209 1906 1522 1975 depravata,
1553 1923 1715 1978 quam
1770 1909 1837 1961 ab
1892 1906 2188 1974 interprete
2240 1903 2503 1972 neglecta,
2547 1901 2764 1970 quoties
2804 1914 2910 1952 non
2963 1892 3571 1966 praeluxeruntcraaca,

293 1989 662 2056 prmluxerunt
693 2011 821 2051 vero
854 2011 959 2054 non
1006 2013 1168 2069 saepe,
1209 2001 1560 2056 divinandum
1606 2002 1728 2067 fuit,
1769 2012 1825 2057 ut
1868 2018 2003 2071 quas
2052 1999 2394 2055 adhibuisset
2433 2012 2595 2053 voces
2639 1997 2945 2063 interpres,
3006 1991 3422 2048 restitueremus
3473 2004 3572 2058 pro

290 2084 434 2138 virili
461 2100 475 2136 :
516 2087 758 2157 religioni
780 2090 925 2143 enim
953 2091 1054 2145 fuit
1086 2092 1227 2147 ullas
1258 2103 1494 2158 mutare,
1530 2109 1630 2150 nec
1664 2094 1709 2149 si
1738 2092 1959 2149 aliunde
1990 2092 2258 2157 licuisset,
2287 2090 2655 2161 potuissemus
2691 2097 2893 2150 tamen,
2922 2097 3044 2138 cum
3092 2080 3310 2135 deﬁciat
3348 2080 3573 2135 Graecus

293 2188 474 2235 textus
531 2182 584 2234 in
640 2182 919 2252 pluribus;
963 2199 1126 2255 quem
1172 2187 1314 2242 enim
1372 2190 1671 2258 habemus,
1713 2190 1798 2246 vel
1846 2206 1913 2247 ex
1965 2189 2332 2253 Theodoreto,
2365 2188 2450 2242 vel
2495 2201 2560 2243 ex
2589 2178 3018 2241 Chalcedonensi
3080 2179 3323 2247 synodo.
3371 2176 3451 2231 vel
3504 2191 3570 2231 ex

292 2266 624 2321 bibliotheca
653 2269 817 2340 Regia
854 2282 1107 2341 acceptus
1137 2284 1238 2329 est.

367 2358 553 2416 Prodit
582 2378 710 2419 vero
740 2366 997 2426 eximium
1027 2383 1184 2437 Opus,
1216 2378 1270 2424 et
1311 2385 1342 2423 a
1382 2368 1587 2424 sanctis
1619 2366 1873 2422 Patribus
1908 2365 2136 2421 summis
2180 2365 2427 2420 laudibus
2470 2375 2754 2432 ornatum,
2784 2380 2891 2420 non
2936 2370 3141 2419 tantum
3198 2358 3572 2421 emendatius.

291 2451 436 2518 quod
465 2458 608 2507 certe
632 2452 750 2508 leve
783 2470 889 2510 non
918 2467 1040 2524 est;
1065 2459 1157 2514 sed
1182 2469 1376 2529 quarta
1406 2460 1518 2513 l‘ere
1555 2467 1706 2529 parte
1745 2458 1975 2523 auctius,
2010 2472 2174 2527 quam
2214 2456 2445 2527 legatur,
2482 2457 2565 2512 vel
2611 2458 2751 2527 apud
2798 2456 2985 2527 Cyrilli
3030 2468 3261 2524 operum~
3289 2452 3567 2514 editores.

290 2540 375 2594 vel
407 2543 552 2612 apud
573 2545 933 2602 conciliorum
957 2550 1300 2609 collectores.
1337 2551 1477 2618 Quid
1506 2561 1685 2607 autem
1712 2551 1848 2606 desit
1877 2551 1930 2605 in
1964 2550 2194 2621 vulgatis
2224 2550 2377 2605 libris
2411 2550 2795 2617 indicabimus,
2829 2548 2917 2604 ubi
2946 2548 3052 2603 erit
3079 2561 3237 2616 opus.

369 2635 582 2707 Vulgati
620 2642 839 2697 codices
876 2645 1045 2700 totius
1076 2647 1256 2714 operis
1295 2646 1696 2714 habentcapita
1737 2646 1927 2716 viginti
1965 2656 2021 2701 et
2059 2655 2217 2713 octo;
2255 2646 2655 2715 manuscriptus
2694 2645 2969 2699 Mariantts
3016 2640 3257 2711 triginta.
3286 2637 3567 2709 quinque;

288 2725 519 2785 'Photius
556 2747 660 2787 non
686 2735 840 2803 plura
874 2738 1244 2793 uovemdecim
1281 2750 1551 2803 numerat,
1577 2740 1811 2795 redactis
1848 2738 2056 2802 scilicet,
2083 2740 2148 2793 ad
2195 2740 2337 2795 hunc
2370 2752 2657 2793 numerum
2697 2736 2928 2800 cunctis,
2954 2749 3075 2804 qua:
3110 2733 3248 2801 apud
3293 2730 3429 2785 alios
3464 2744 3570 2784 non

296 2824 499 2890 optima
526 2839 656 2881 sane
682 2828 749 2882 de
786 2844 948 2884 causa
979 2842 1322 2902 separantur.
1353 2833 1545 2903 Operae
1573 2837 1806 2904 pretium
1839 2845 1926 2891 est
1966 2834 2141 2890 Photii
2168 2836 2329 2893 verba
2366 2833 2718 2891 exscribere:
2752 2831 2943 2887 Lectus
2991 2840 3066 2884 est
3099 2829 3223 2881 item
3260 2827 3396 2880 alter
3442 2825 3573 2879 liber

292 2912 374 2969 sic
420 2916 749 2988 inscriptus:
790 2920 1061 2979 δοκουοΝ
1109 2940 1175 2978 ne
1229 2924 1512 2981 UNIGENITI
1555 2941 1975 2983 txcanuntoue.
2022 2925 2140 2991 Quo
2175 2926 2287 2979 [nec
2324 2925 2434 3001 fere
2471 2933 2825 2993 exponuntur,
2872 2920 3002 2993 quid
3042 2927 3117 2972 est
3165 2916 3438 2979 Christus;
3469 2930 3574 2984 qua

296 3008 500 3062 ratione
527 3011 895 3083 intelligendus
933 3015 1284 3083 Emmanuel;
1318 3017 1448 3087 quil
1474 3028 1548 3072 est
1580 3017 1740 3073 .Iesus
1778 3019 2052 3084 Christus;
2081 3020 2244 3087 juxta
2278 3020 2407 3091 quid
2447 3018 2542 3072 Dei
2590 3016 2815 3077 Verbum
2856 3016 3055 3067 dictum
3093 3021 3167 3066 est
3208 3012 3394 3071 homo;
3411 3007 3575 3077 juxta

291 3100 422 3171 quid
469 3114 778 3158 evacuatum
818 3122 929 3161 esse
972 3107 1070 3161 Dei
1128 3107 1355 3162 Verbum
1396 3109 1634 3174 dicitur;
1692 3110 1955 3177 quomodo
1990 3111 2115 3165 item
2159 3109 2400 3164 Christus
2449 3126 2584 3165 unus
2627 3116 2734 3171 est;
2784 3103 3047 3176 quomodo
3100 3102 3264 3157 etiam
3319 3115 3453 3153 unus
3499 3109 3574 3152 est

234 3230 237 3235 ι
292 3196 615 3253 Emmanuel
630 3215 954 3268 ;quamnam
982 3204 1206 3259 dicimus
1230 3222 1340 3260 esse
1366 3208 1818 3261 exinanitionem?
1846 3206 1983 3261 Item
2019 3209 2083 3263 de
2122 3208 2289 3279 ignita
2324 3209 2553 3260 carbone
2592 3206 2701 3259 viso
2749 3206 2812 3257 ab
2846 3202 3020 3268 Isaia,
3060 3198 3274 3269 aliaque
3294 3204 3574 3267 praeterea,

291 3288 373 3342 his
406 3298 584 3344 tamen
608 3292 808 3361 a/ﬁnia,
839 3295 1013 3361 capita
1039 3297 1236 3350 det-em.
1268 3296 1624 3368 Permagnam
1648 3315 1767 3353 vero
1793 3298 2082 3368 legentibus
2111 3301 2398 3354 utilitatem
2427 3299 2559 3354 liber
2585 3298 2669 3351 hic
2696 3297 2889 3366 a/ferre
2910 3304 3099 3364 potest.

366 3380 544 3437 Aliam
581 3381 754 3438 videri
786 3394 965 3453 potest
1004 3385 1288 3443 Facundus
1325 3387 1735 3443 Hermianensis
1766 3390 1819 3443 in
1845 3392 2031 3445 codice
2071 3406 2177 3461 quo
2203 3406 2335 3446 usus
2374 3398 2461 3445 est
2499 3389 2843 3459 partitionem
2900 3382 3173 3442 invenisse
3203 3402 3217 3439 :
3270 3400 3395 3439 nam
3430 3381 3574 3455 quod

294 3475 526 3532 Photius
561 3487 814 3534 octavum
845 3493 1010 3551 caput
1033 3496 1154 3538 esse
1181 3482 1409 3549 indicat,
1433 3483 1722 3552 septimum
1758 3485 1871 3553 ipse
1904 3494 2095 3551 vocat;
2128 3486 2397 3540 decimum
2429 3500 2577 3547 vero,
2604 3483 2748 3555 quod
2778 3482 2918 3551 apud
2948 3479 3203 3535 Photium
3227 3478 3572 3533 undecimum

297 3568 538 3635 ponitur.
572 3569 663 3627 Sic
689 3573 836 3627 enim
863 3572 1055 3627 scribit
1082 3592 1096 3628 :
1127 3572 1359 3644 Cyrillus
1389 3575 1445 3629 in
1474 3575 1609 3630 libro
1645 3592 1797 3646 quem
1838 3575 2055 3632 Scholia
2104 3577 2448 3645 nuncupavit,
2500 3576 2655 3628 titulo
2696 3577 2949 3642 septimo,
2985 3586 3148 3641 quam
3179 3585 3299 3625 esse
3334 3570 3574 3623 dicimus

296 3661 706 3729 adunationem,
735 3664 938 3730 anima,
972 3664 1167 3736 inquit,
1202 3668 1378 3720 omnia
1416 3684 1535 3735 quae
1559 3676 1682 3723 sunt
1709 3670 1963 3738 corporis,
1994 3677 2098 3725 etc.
2134 3667 2274 3740 (Lib.
2312 3685 2388 3732 si,
2425 3684 2475 3723 c.
2504 3669 2585 3735 7.)
2616 3668 2678 3721 Et
2702 3675 2888 3735 postea
2915 3680 2927 3715 :
2960 3664 3162 3717 Rursus
3186 3671 3360 3715 autent
3390 3663 3572 3717 eodem

296 3757 453 3817 libro.
479 3757 642 3812 titulo
669 3759 891 3825 decimo,
916 3761 1042 3829 quid
1080 3760 1298 3826 dixerit,
1322 3762 1402 3816 vel
1431 3764 1559 3833 quid
1605 3765 1780 3834 prima
1813 3764 1986 3831 fronte
2019 3766 2163 3819 solus
2198 3766 2307 3833 ipse
2353 3762 2538 3817 titulus
2578 3760 2864 3831 μηνίεται,
2903 3760 3273 3823 advertamus;
3313 3774 3436 3812 nam
3475 3759 3573 3811 hoc

299 3848 352 3899 in
384 3848 479 3901 illo
506 3865 562 3903 se
589 3860 919 3906 ostensurum
944 3870 1054 3908 esse
1081 3854 1323 3923 promisit
1358 3855 1538 3910 dicens
1568 3855 1781 3927 (Ibid.),
1828 3857 1970 3926 quod
2003 3867 2058 3913 et
2086 3857 2323 3911 adunato
2356 3855 2466 3910 Deo
2507 3854 2682 3909 Verbo
2725 3867 2850 3906 vere
2891 3849 3237 3914 humanitati,
3274 3849 3573 3905 inconfuste

300 3955 483 4023 tanien
504 3942 820 3999 substantia:
850 3947 1269 4014 permanserint.
1308 3946 1480 4023 thue
1523 3950 1619 4004 hoc
1645 3953 1891 4022 probaret
1926 3953 2141 4025 subjecit
2172 3952 2276 4011 ista
2304 3967 2322 4006 :
2350 3950 2603 4006 Erectum
2636 3957 2717 4004 est
2771 3945 3068 4002 secundum
3107 3941 3201 3997 Dei
3237 3940 3567 3998 voluntatem

299 4038 553 4087 sanctum
585 4029 997 4088 tabernaculqu
1030 4050 1129 4104 per
1160 4037 1460 4103 desertum,
1487 4047 1595 4092 etc.

370 4125 690 4194 Quanquam
729 4127 783 4180 in
820 4136 1109 4198 utrumque
1148 4131 1327 4185 locum
1364 4131 1523 4186 facile
1551 4133 1727 4202 potuit
1758 4134 2008 4188 mendum
2057 4134 2318 4202 irrepere,
2364 4133 2409 4187 si
2444 4131 2603 4185 modo
2654 4128 2849 4185 litteris
2900 4127 3184 4191 Romanis,
3214 4138 3273 4183 ut
3312 4127 3572 4185 credibile

294 4226 401 4280 est,
432 4232 526 4283 vn,
558 4232 635 4282 XI,
669 4233 929 4281 numerus
957 4220 1198 4290 scriptus
1222 4221 1293 4275 sit
1321 4235 1337 4274 :
1368 4223 1546 4292 potuit
1576 4224 1720 4279 enim
1752 4223 1911 4285 facile
1942 4223 2173 4289 detrahi.
2196 4224 2249 4277 in
2295 4238 2416 4287 uno,
2443 4221 2598 4291 loco,
2615 4228 2668 4274 et
2710 4220 2763 4272 in
2806 4218 2977 4277 altero
3011 4217 3132 4276 addi
3163 4216 3233 4272 ab
3279 4217 3571 4274 incuriosis

298 4311 537 4366 librariis
573 4310 731 4373 tertia
768 4312 991 4369 vocalis.
1027 4314 1208 4391 Quare
1231 4314 1473 4383 Facundi
1508 4317 1670 4383 lectio
1705 4318 2028 4389 corrigenda
2061 4317 2193 4371 mihi
2224 4316 2460 4383 videtur,
2492 4313 2775 4377 retinenda
2810 4311 3010 4379 Pbotii,
3048 4311 3346 4373 contractis
3380 4321 3564 4371 tamen

299 4408 351 4460 in
402 4422 566 4461 unum
603 4408 875 4482 capitibus
922 4408 1135 4465 duobus
1185 4411 1252 4467 de
1293 4414 1530 4471 carbone
1580 4416 1665 4470 vel
1713 4415 1870 4471 lilio:
1904 4430 2027 4485 quae
2084 4413 2333 4483 exempla
2376 4413 2446 4468 ad
2491 4412 2566 4476 id,
2596 4409 2740 4480 quod
2785 4408 2859 4472 in~
2895 4405 3051 4467 titulo
3086 4404 3420 4479 propositum
3466 4415 3568 4471 est,

302 4500 638 4567 probandum
667 4501 872 4569 pariter
904 4504 1237 4558 conducunt.

376 4588 441 4641 Et
468 4602 594 4646 vero
623 4604 721 4658 par
741 4602 825 4646 est
854 4594 1096 4661 credere,
1128 4612 1286 4651 suum
1314 4596 1543 4666 singulis
1573 4607 1845 4668 capttmus
1878 4597 2200 4669 inscriptum
2230 4599 2399 4653 fuisse
2427 4603 2813 4667 argumentum
2841 4593 2983 4663 quod
3020 4592 3360 4653 tractandum
3390 4591 3565 4657 foret;

304 4697 414 4739 non
463 4683 590 4738 item
626 4685 678 4739 id
726 4688 1041 4757 contigisse,
1086 4688 1229 4760 quod
1281 4689 1333 4744 in
1373 4688 1527 4745 libris
1570 4691 1733 4745 editis
1787 4691 2000 4763 legitur,
2046 4700 2110 4747 ut
2155 4691 2364 4762 singula
2414 4690 2593 4759 capita
2643 4689 3031 4759 singulis,sive
3067 4687 3415 4751 testimoniis,
3451 4686 3567 4742 sive

298 4768 568 4844 exemplis
600 4777 922 4834 inconcinne
946 4790 1001 4834 ct
1031 4781 1311 4852 ἀμεοὸδως
1347 4782 1734 4838 tribuerentur.
1772 4782 2089 4840 Mercatoris
2123 4799 2286 4850 porro
2313 4782 2481 4841 codex
2517 4779 2654 4835 nihil
2693 4779 2985 4851 adjumenti
3028 4777 3278 4839 conferre
3304 4776 3471 4831 valuit
3498 4774 3569 4830 ad

302 4862 628 4920 alterutram
666 4868 977 4937 Opinionem
1009 4873 1453 4937 confirmandam,
1488 4874 1751 4946 siquidem
1795 4874 1975 4931 titulos
1999 4875 2163 4930 habet
2198 4876 2317 4931 sine
2347 4873 2471 4929 ullis
2499 4873 2759 4929 numeris.

382 4955 555 5025 igitur
588 4961 800 5014 tametsi
833 4960 1142 5016 distributio
1168 4966 1427 5034 capitum,
1454 4981 1573 5037 quae
1615 4982 1716 5023 usu
1747 4976 1960 5033 recepta
1996 4965 2386 5036 est,,religiose
2410 4964 2673 5027 servanda
2707 4965 3002 5033 sit,qvisum
3047 4972 3131 5021 cst
3168 4973 3345 5021 tamen
3389 4980 3567 5035 operte

304 5047 544 5117 pretium
580 5048 716 5114 fore,
750 5051 795 5105 si
821 5052 1050 5124 singulis
1080 5056 1353 5125 capitibus
1384 5055 1725 5113 Scholiorum
1759 5057 1934 5114 Photii
1961 5058 2171 5123 numeri
2196 5072 2321 5122 cum
2346 5057 2578 5129 vulgatis
2604 5064 3030 5127 apponerentur,
3056 5065 3112 5113 et
3147 5056 3255 5124 hic,
3279 5057 3567 5129 propositis

302 5139 643 5211 singulorum
672 5143 911 5214 capitum
941 5161 1004 5201 ex
1055 5144 1355 5204 Mercatore
1388 5150 1578 5217 titulis,
1616 5165 1713 5220 per
1743 5152 2014 5223 synopsim
2053 5159 2224 5206 totum
2266 5164 2402 5227 opus
2432 5149 2804 5205 exhiberetur.

1115 5288 1303 5359 Cyrilli
1331 5292 1559 5361 episcopi
1596 5293 1933 5348 Alexandria;
1966 5293 2031 5348 de
2070 5290 2432 5347 incarnatione
2461 5288 2746 5360 Uuigeniti.

369 5425 557 5483 CAPUT
590 5423 631 5478 1.
664 5424 801 5491 Quid
824 5435 909 5481 est
939 5423 1203 5481 Christus.

369 5521 500 5576 Car.
544 5516 606 5574 ll.
650 5519 891 5585 Qualiter
917 5516 1141 5588 intelligi
1176 5517 1369 5579 debeat
1404 5518 1735 5575 Emmanuel.

376 5612 507 5665 (lar.
552 5608 638 5662 Ill.
670 5606 807 5675 Quid
839 5617 919 5662 est
953 5605 1131 5662 Jesus.

306 5704 311 5707 ’
382 5704 510 5756 (lar.
556 5699 646 5754 iV.
690 5700 861 5763 Quam
890 5698 957 5751 ob
988 5712 1204 5754 causam
1238 5700 1395 5753 homo
1429 5699 1627 5755 dictum
1659 5697 1725 5753 sit
1758 5698 1847 5752 Bel
1886 5696 2137 5752 Verbum.
