3946 6202
493 272 630 329 136⁸1
1478 273 1540 331 8.
1582 274 1853 334 εῐιιιιιι
1892 273 2051 331 ΑιΕι

2178 273 2363 331 DRINI
2398 273 2727 337 ARCHIEP.
3605 269 3734 329 5568

559 388 691 443 Car.
734 388 799 444 ι’.
833 390 1005 460 Quam
1036 393 1106 449 ob
1126 406 1345 448 causam
1369 393 1706 449 exinanitum
1737 395 1951 451 dicatur
1981 394 2075 451 Dei
2114 395 2368 453 Verbum.

560 480 688 536 CAP.
737 479 819 536 VI.
861 483 1139 550 Quomodo
1176 500 1315 539 unus
1359 482 1639 541 Christus.

559 570 687 627 CAP.
730 572 835 629 VII.
870 575 1146 642 Quomodo
1169 592 1309 630 unus
1345 575 1684 632 Emmanuel.

563 661 691 719 CAP.
729 663 864 720 VIII.
893 670 1061 734 Quam
1096 684 1216 723 esse
1240 670 1473 726 dicimus
1501 668 1904 724 adunationem.
3322 712 3325 713 ν

560 752 688 809 Car.
733 754 822 809 IX.
858 757 1008 824 Quod
1057 760 1414 831 incorporalis
1448 760 1751 814 divinitatis
1793 770 1993 825 corpus
2027 753 2164 807 facta
2194 749 2357 805 luerit-
2384 750 2501 818 ipsa
2539 760 2665 803 caro
2711 745 2917 801 habens
2963 744 3198 799 animam
3234 744 3647 817 rationabilem;
3676 765 3726 809 st

490 844 633 914 quod
683 845 728 899 si
765 862 826 899 ea
876 865 907 901 a
958 868 1017 906 se
1066 854 1306 907 dividere
1358 851 1707 915 voluerimus,
1764 848 1945 916 procul
1992 845 2158 901 dubio
2206 841 2651 899 Iabelactabimus
2694 836 3192 912 dispensationem.
3246 852 3369 908 quae
3414 841 3467 896 in
3515 845 3725 905 Christo

491 935 828 1004 intelligitur.

559 1026 689 1082 Cu.
732 1028 796 1082 Χ.
838 1030 989 1095 Quod
1017 1031 1253 1085 adunato
1288 1032 1396 1086 Deo
1428 1032 1602 1088 Verbo
1635 1046 1759 1086 vere
1793 1026 2140 1092 humanitati,
2170 1026 2466 1082 ineonlusar.
2508 1037 2689 1081 tamen
2717 1025 3035 1081 substantia
3063 1032 3478 1096 permanserint.

558 1120 690 1176 Cu.
730 1120 825 1178 XI.
863 1125 1035 1189 Quod,
1068 1139 1189 1179 cum
1220 1137 1365 1181 esset
1408 1125 1549 1182 Deus
1602 1125 1863 1187 Verbum,
1898 1122 2070 1177 factus
2112 1122 2181 1175 sit
2218 1121 2396 1184 homo,
2447 1135 2548 1176 nec
2600 1122 2757 1175 homo
2801 1118 3142 1187 simpliciter,
3182 1122 3320 1176 nuda
3353 1124 3727 1194 coniunctione

491 1215 807 1279 lumeratus,
839 1228 1063 1272 vocatus
1089 1221 1159 1274 sit
1186 1222 1254 1274 ad
1286 1236 1464 1289 parem
1493 1220 1808 1291 dignitatem
1840 1218 1927 1270 Dei
1964 1215 2145 1278 Verbi,
2180 1215 2293 1270 sive
2326 1215 2727 1279 auctoritatem,
2764 1215 2904 1270 sicut
2936 1212 3253 1281 quibusdam
3288 1215 3520 1275 videtur.

558 1308 688 1363 CAP.
730 1308 846 1364 Xll.
880 1312 1031 1379 Quod
1058 1313 1306 1370 Christus
1340 1314 1497 1372 Iesus
1522 1324 1737 1371 vocetur
1764 1316 1923 1368 hoino
1956 1311 2129 1365 factus
2160 1311 2301 1366 Deus
2338 1309 2597 1366 Verbum.

554 1399 684 1457 Cu.
725 1400 865 1459 XIII.
904 1404 1052 1471 Quod
1081 1406 1329 1461 Christus
1352 1422 1456 1461 non
1496 1407 1567 1460 sit
1591 1404 2080 1473 homoesozpopog,
2116 1418 2214 1457 nec
2247 1402 2565 1470 simpliciter
2603 1402 2657 1456 in
2706 1402 2923 1458 homine
2969 1401 3287 1458 inbabitarit
3321 1401 3414 1458 Dei
3462 1401 3726 1469 Verbum;

490 1492 583 1545 sed
605 1494 775 1562 magis
804 1510 932 1550 caro
962 1498 1031 1551 sit
1056 1499 1283 1562 factum,
1312 1497 1426 1551 sive
1453 1498 1617 1551 homo
1645 1498 1935 1565 perfectus,
1961 1494 2259 1548 secundum
2294 1494 2631 1563 Si-ripturas.
2717 1522 2727 1532 ~

554 1582 685 1639 Car.
728 1582 864 1639 XIV.
905 1585 1055 1639 Dicta
1087 1587 1400 1654 apostolica,
1428 1586 1480 1639 in
1517 1586 1715 1656 quibus
1750 1585 1889 1638 Dens
1923 1585 2229 1638 nominatus
2260 1584 2329 1635 sit
2366 1582 2635 1636 Christus.

553 1675 685 1730 Car.
727 1674 843 1729 XV.
877 1676 1157 1741 Quomodo
1187 1687 1439 1747 oporteat
1466 1678 1803 1749 intelligere:
1842 1675 2061 1729 Verbum
2101 1691 2225 1730 caro
2273 1675 2473 1744 factum
2518 1684 2615 1739 est,
2654 1686 2701 1728 et
2735 1677 2981 1731 habitarit
3025 1678 3078 1734 in
3126 1679 3275 1734 nobis
3302 1694 3324 1733 :
3368 1687 3424 1734 et
3463 1678 3737 1747 quamde

486 1766 718 1821 mittitur
749 1765 984 1822 Verbum
1014 1770 1157 1837 quod
1188 1769 1329 1824 Deus
1363 1779 1484 1836 est;
1514 1769 1781 1839 quomodo
1817 1770 2090 1837 proprium
2127 1767 2293 1835 ipsius
2333 1767 2530 1821 dicitur
2561 1782 2779 1836 corpus.
2881 1753 2890 1761 ’

553 1856 684 1911 (ΞΜ).
727 1857 867 1912 XVI.
903 1860 1188 1925 Quomodo
1225 1860 1848 1930 intelligatnrﬁeordxo;
1885 1861 2045 1931 Virgo
2077 1870 2283 1914 sancta.

551 1949 679 2003 Car.
722 1948 886 2005 XVII.
925 1952 1077 2017 Quod
1108 1954 1245 2005 Deus
1275 1953 1586 2007 nominetur
1609 1966 1661 2008 et
1699 1956 1880 2016 homo,
1919 1967 2187 2022 apparens
2221 1949 2562 2020 Unigenitus.

550 2040 681 2097 Cu.
723 2042 910 2098 XVIII.
950 2042 1023 2099 De
1058 2044 1259 2098 Christi
1289 2047 1561 2113 passione,
1595 2045 1739 2116 quod
1767 2046 1894 2100 utile
1929 2046 2019 2100 sit.
2058 2045 2211 2112 Quod
2249 2046 2544 2101 secundum
2582 2042 2724 2097 aliud
2762 2053 2817 2097 et
2849 2043 2996 2097 aliud
3044 2044 3111 2098 de
3155 2058 3263 2099 uno
3295 2045 3484 2100 eodem
3512 2044 3729 2117 dicitur,

485 2150 582 2189 uec
610 2135 898 2191 dividimus
935 2138 984 2191 in
1018 2137 1142 2194 duo.

550 2226 681 2282 Car.
722 2226 865 2284 XIX.
909 2230 1179 2285 Adversus
1215 2229 1337 2286 illos
1366 2233 1461 2300 qui
1499 2232 1672 2292 aiunt,
1702 2230 1845 2298 quod
1874 2229 1996 2297 fsola
2031 2227 2290 2283 relatione
2324 2226 2490 2280 Deum
2516 2227 2749 2282 Verbum
2775 2226 2999 2283 deceant
3035 2228 3292 2284 btunana.

551 2320 662 2375 Etsi
696 2335 857 2390 porro
886 2321 1124 2390 quinque
1163 2323 1363 2391 capita,
1401 2337 1571 2392 eaque
1611 2320 1842 2392 prolixa,
1870 2336 1989 2391 quae
2023 2319 2181 2389 vulgo
2223 2320 2497 2386 deiiciunt,
2536 2316 2810 2374 Martanus
2854 2319 3021 2373 codex
3067 2320 3389 2390 suppeditet,
3421 2322 3506 2376 vis
3555 2325 3733 2379 ausim

484 2422 659 2467 tamen
682 2416 965 2484 spondere,
992 2416 1289 2470 etiamnum
1316 2417 1585 2484 integrum
1609 2432 1744 2486 opus
1772 2417 1881 2482 edi,
1908 2416 1951 2469 si
1982 2431 2087 2485 qua
2114 2417 2245 2471 lides
2272 2415 2557 2469 Anastasio
2594 2413 2819 2469 Sinaitte
2852 2430 2866 2467 :
2900 2415 3030 2469 citat
3054 2415 3197 2468 enim
3232 2413 3404 2469 locum
3429 2416 3495 2470 de
3520 2426 3735 2473 statere

483 2520 693 2577 reperto
745 2511 799 2564 in
848 2525 945 2566 ore
989 2513 1178 2581 piscis,
1205 2514 1295 2583 qui
1339 2530 1445 2568 non
1492 2515 1764 2584 reperitur
1810 2516 1863 2571 in
1924 2513 2182 2579 Scholiis,
2225 2513 2523 2581 cuiusmodi
2571 2526 2713 2566 nunc
2765 2512 3051 2567 habentur;
3121 2510 3225 2567 Sed
3258 2511 3405 2566 valde
3443 2514 3737 2583 suspicor,

480 2602 824 2658 Anastasium
854 2607 1113 2660 memoria
1140 2606 1350 2676 lapsum
1385 2623 1482 2677 pro
1506 2610 1611 2663 alio
1641 2623 1804 2681 opere
1853 2608 2069 2664 Scholia
2118 2608 2402 2676 posuisse:
2449 2621 2620 2675 eoque
2669 2605 3002 2675 probabilior
3050 2606 3279 2674 suspicio
3309 2607 3542 2668 videtur,
3573 2607 3733 2675 quod

479 2690 673 2747 librum
700 2695 895 2766 ὁδηγοῦ
928 2699 1303 2753 recordatione
1331 2700 1511 2768 potius
1540 2715 1701 2770 quam
1729 2700 1958 2755 lectione
1986 2708 2267 2755 auctorum
2305 2714 2363 2754 se
2390 2697 2761 2768 composuisse
2792 2706 3019 2753 testatus
3044 2697 3141 2760 sit,
3170 2708 3486 2768 moneatque
3518 2698 3739 2753 idcirco

479 2785 737 2842 lcetorem
762 2794 828 2843 de
854 2794 1306 2861 recognoscendis
1334 2794 1419 2848 vel
1454 2795 1617 2849 etiam
1651 2792 2002 2848 restituendis
2036 2794 2383 2849 testimoniis.

546 2876 845 2936 Occasione
895 2898 1056 2953 porro
1088 2884 1453 2953 Scholiorum,
1488 2902 1554 2941 ex
1610 2886 1802 2955 quibus
1855 2886 1955 2939 tria
2015 2886 2323 2941 testimonia
2367 2884 2744 2941 Theodoretus
2789 2884 3010 2939 adduxit
3060 2900 3112 2938 tn
3163 2881 3402 2939 secundo
3463 2881 3725 2937 Eranistze

477 2966 709 3037 dialogo,
738 2973 1147 3039 praetermittere
1177 2988 1281 3026 non
1313 2988 1559 3043 possum,
1596 2974 1723 3042 quid
1766 2972 2088 3041 coniecerim
2124 2973 2191 3028 de
2241 2974 2566 3028 testimoniis
2598 2974 2733 3040 illis,
2759 2988 2878 3043 qua:
2920 2974 2972 3028 in
3014 2974 3262 3027 concilio
3294 2972 3729 3028 Chalcedonensi

476 3060 647 3113 sancti
684 3059 879 3114 Leonis
904 3063 1142 3131 epistolae
1166 3065 1451 3133 subiuncta
1488 3071 1658 3119 sunt:
1693 3080 1755 3118 ea
1783 3080 1977 3133 nempe
1999 3080 2027 3119 a
2064 3064 2407 3119 Theodoreto
2446 3046 2700 3133 adjuncta
2735 3081 2892 3131 esse;
2932 3081 3054 3119 nam
3083 3066 3264 3119 omnia
3299 3065 3519 3119 totidem
3546 3065 3728 3119 verbis

477 3146 530 3214 ip
553 3144 765 3216 dialogo
788 3164 946 3218 quem
970 3150 1105 3214 dixi,
1138 3152 1410 3221 leguntur,
1443 3152 1695 3222 nullaque
1718 3156 1776 3206 lit
1808 3155 1858 3206 in
1888 3162 1995 3207 tota
2023 3154 2250 3221 epistola
2276 3153 2390 3207 sive
2417 3158 2639 3220 mentio,
2669 3155 2784 3209 sive
2811 3155 3097 3224 promissio
3129 3152 3548 3208 aﬂerendorum.
3578 3154 3726 3208 Adde

474 3240 618 3308 quod
650 3239 1023 3296 Theodoretus
1051 3259 1079 3296 a
1109 3243 1364 3299 Facundo
1398 3244 1601 3298 dicitur
1630 3245 1930 3299 asset-uisse
1956 3247 2215 3299 adversus
2249 3244 2567 3300 Palwstinos
2608 3255 2662 3300 et
2691 3246 3026 3316 lllyricianos
3055 3245 3411 3300 reclamantes
3440 3244 3729 3312 epistulam

478 3332 691 3399 Leonis,
719 3337 952 3391 adducto
980 3337 1208 3404 scilicet,
1251 3349 1308 3392 nt
1331 3340 1530 3393 habent
1554 3349 1672 3411 acta
1701 3339 1918 3392 concilii
1946 3338 2409 3394 Chalcedonensis
2432 3378 2446 3404 ,
2475 3340 2783 3394 testimonio
2802 3378 2818 3404 ,
2854 3340 2992 3408 quod
3025 3341 3169 3393 inter
3193 3338 3478 3408 subiuncta
3511 3339 3727 3408 legitur.

475 3423 591 3479 Non
623 3426 812 3481 fuisset
835 3443 961 3483 vero
986 3432 1217 3485 adducto
1250 3446 1404 3501 Opus,
1431 3432 1474 3485 si
1502 3430 1612 3500 iam
1636 3431 1875 3501 epistola:
1903 3429 2246 3497 subiunctum
2272 3440 2415 3485 esset
2449 3447 2464 3485 :
2494 3431 2682 3485 fuisset
2713 3432 2856 3486 enim
2898 3431 3080 3500 procul
3108 3432 3270 3486 dubio
3308 3431 3471 3485 simul
3504 3430 3730 3499 lectum,

473 3519 687 3589 aliaque
730 3522 968 3589 pariter,
1019 3525 1063 3578 si
1109 3527 1268 3579 modo
1323 3525 1505 3594 aliqua
1532 3535 1713 3579 essent
1762 3534 1890 3579 tunc
1940 3525 2217 3595 temporis.
2271 3526 2408 3591 Quid
2452 3527 2592 3595 quod
2644 3541 2673 3579 a
2724 3523 3067 3579 Theodoreto
3114 3535 3207 3578 aut
3237 3535 3387 3579 certe
3425 3524 3496 3578 ab
3531 3524 3601 3577 iis
3638 3524 3729 3591 qui

474 3607 811 3683 Theodoreti
849 3616 1090 3684 partibus
1142 3616 1462 3682 studebant,
1516 3606 1725 3671 versam
1782 3616 1834 3671 in
1892 3630 2197 3670 sermonem
2266 3615 2513 3671 Graecum
2585 3617 2865 3684 epistolam
2924 3617 3195 3686 proditmn
3248 3624 3377 3679 est.
3426 3616 3536 3669 imo
3592 3625 3650 3669 et
3697 3630 3731 3669 δ

475 3706 804 3761 vertentibus
839 3710 1101 3774 vitiatam,
1133 3714 1273 3781 quod
1306 3724 1639 3782 postremum
1676 3710 1784 3765 Leo
1815 3712 1928 3780 ipse
1962 3712 2207 3780 queritur
2246 3712 2386 3781 apud
2417 3711 2750 3767 Marcianum
2798 3713 3200 3782 imperatorem.
3235 3713 3476 3767 Accedat
3516 3714 3690 3766 etiam
3712 3753 3731 3779 ,

475 3797 613 3871 quod
649 3799 699 3852 in
732 3800 953 3867 epistola
986 3801 1228 3869 pontifex
1261 3801 1411 3871 plura
1446 3802 1566 3856 lidei
1602 3802 1799 3868 capita,
1835 3815 1941 3854 non
1979 3808 2188 3855 tantum
2218 3801 2480 3856 adversus
2515 3800 2834 3873 Eutychem,
2865 3804 2957 3856 sed
2985 3803 3145 3857 etiam
3178 3814 3366 3857 centra
3410 3801 3733 3861 Nesmrium

473 3908 745 3963 exponat;
779 3910 876 3948 nec
900 3895 1003 3947 alia
1037 3906 1213 3949 tamen
1248 3897 1548 3950 testimonia
1576 3898 1900 3963 subdantur,
1923 3916 2082 3968 quam
2111 3913 2231 3968 qua:
2264 3899 2330 3951 ad
2363 3898 2765 3952 distinctionem
2798 3907 3108 3952 naturarum
3137 3899 3493 3953 asserendam
3523 3900 3730 3961 valent,

475 3998 702 4053 quaeque
726 3986 777 4039 in
804 3986 1017 4056 dialogo
1049 3987 1138 4056 qui
1175 3987 1371 4041 dicitur
1398 3986 1741 4057 Inconfusus,
1773 3990 2014 4045 adhibita
2046 3990 2256 4045 fuerant
2300 3990 2366 4043 ad
2403 4002 2517 4056 eos,
2544 3989 2636 4058 qui
2683 3987 3025 4044 Theodoreto
3066 3989 3473 4058 Apollinarismi
3510 3993 3732 4044 nomine

475 4079 708 4146 suspecti
745 4090 919 4143 erant,
962 4079 1359 4146 conlutandos;
1395 4094 1502 4148 non
1533 4079 1833 4137 all'erantur
1858 4097 1979 4153 qua:
2005 4099 2072 4138 ex
2107 4082 2260 4139 libris
2290 4093 2479 4138 contra
2508 4081 2814 4137 Nestorium
2858 4081 3097 4150 scriptis,
3134 4081 3198 4148 in,
3222 4082 3338 4153 ipso
3365 4082 3530 4135 etiam
3559 4083 3739 4137 citato

475 4168 686 4235 dialogo
715 4171 989 4239 leguntur.

546 4258 742 4325 Quanti
778 4277 904 4315 vero
936 4261 1092 4329 pretii
1128 4260 1200 4314 sit
1222 4259 1534 4327 opusculum
1566 4260 1731 4329 istud,
1759 4262 2030 4317 mstimare
2069 4261 2194 4316 licet
2225 4260 2307 4316 vel
2338 4262 2464 4317 inde
2488 4265 2744 4328 maxime,
2767 4261 2909 4331 quod
2939 4277 3096 4316 nemo
3135 4260 3246 4315 fere
3273 4262 3729 4330 consequentium

475 4362 847 4419 tractatorum,
878 4360 966 4424 qui
999 4357 1318 4411 auctoritate
1349 4357 1533 4427 Cyrilli
1569 4358 1622 4410 iu
1662 4359 1918 4426 mysterio
1947 4356 2336 4411 lncarnationis
2361 4359 2680 4425 exponendo
2712 4356 2788 4409 uti
2829 4357 3075 4419 voluerit,
3098 4355 3465 4409 testimonium
3502 4353 3731 4424 aliquod

471 4459 537 4499 ex
563 4446 793 4502 St-Itoliis
819 4462 925 4501 non
946 4448 1255 4516 sumpserit.
1288 4447 1439 4500 Adde
1467 4448 1609 4515 quod
1644 4448 1879 4517 Cyrillus
1904 4448 2020 4516 ipse
2045 4448 2209 4500 videri
2238 4448 2406 4513 possit
2439 4449 2578 4501 hanc
2601 4463 2754 4501 suam
2778 4448 3240 4500 elucubrationem
3284 4447 3730 4505 commendasse.

472 4552 593 4591 cum
627 4540 887 4592 scriheret
922 4540 1140 4608 Eulogio
1168 4556 1181 4590 :
1209 4538 1604 4605 Compleclitur,
1626 4541 1822 4607 inquit,
1851 4541 1985 4592 idem
2013 4540 2145 4593 liber
2171 4539 2267 4593 sub
2302 4539 2462 4607 finem
2504 4539 2677 4591 breves
2704 4540 2960 4607 quasdam
2996 4539 3059 4591 de
3095 4538 3290 4592 Christi
3334 4540 3736 4606 dispensatione

472 4635 841 4700 exposztiones,
864 4647 1051 4706 easqye
1075 4631 1317 4695 pulchras
1339 4633 1623 4683 admodum
1646 4641 1691 4683 et
1718 4631 1891 4683 utiles.
1922 4630 2148 4697 Oportet
2182 4630 2325 4683 enim
2369 4630 2737 4697 expositiones
2768 4646 2902 4698 quas
2938 4638 3224 4693 memorat,
3270 4628 3351 4682 vel
3398 4646 3423 4682 a
3463 4629 3736 4693 Scholiis.

476 4724 554 4776 vel
589 4741 615 4774 a
653 4736 1021 4791 consequente
1058 4732 1290 4777 tractatu
1323 4726 1389 4778 de
1419 4723 1796 4779 Incarnatione
1830 4720 2016 4787 Verbi,
2044 4724 2125 4776 vel
2158 4739 2187 4776 a
2222 4723 2433 4793 dialogo
2464 4722 2749 4789 subiuncto
2782 4738 2887 4776 non
2922 4723 3139 4776 dill‘erre
3166 4740 3179 4775 :
3206 4738 3380 4791 neque
3405 4724 3550 4775 enim
3583 4721 3736 4775 aliud

473 4817 743 4883 quidpiam
778 4818 1023 4883 Scripsit,
1048 4817 1113 4871 de
1143 4833 1249 4886 quo
1285 4818 1504 4872 dubium
1534 4831 1653 4870 esse
1686 4815 1876 4882 possit.
1911 4815 1979 4869 At
2022 4815 2201 4869 diﬂ'ert
2228 4815 2469 4884 profecto
2499 4829 2529 4867 a
2560 4825 2926 4882 consequente
2962 4822 3192 4867 tractatu
3231 4816 3321 4883 qui
3368 4828 3553 4866 revera
3593 4826 3738 4866 illius

475 4911 688 4979 quidam
738 4928 916 4966 sermo
948 4923 1071 4978 est;
1116 4910 1297 4965 dili‘ert
1332 4913 1492 4964 etiam
1541 4926 1570 4964 a
1615 4911 1824 4978 dialogo
1867 4924 1987 4963 mox
2026 4910 2211 4964 dicto:
2254 4910 2375 4976 quis
2418 4909 2561 4962 enim
2606 4910 2870 4978 dialogum
2924 4908 3190 4972 ἐκθέσεως
3238 4908 3456 4963 nomine
3505 4906 3739 4978 proprio

477 5003 746 5069 appellet?
769 5005 1089 5072 Quanquam
1129 5005 1300 5072 potuit
1328 5005 1573 5071 dialogus
1608 5001 1856 5069 subiungi
1891 5000 2142 5064 Seholiis,
2166 5013 2223 5053 ut
2252 5002 2487 5070 epitoine
2526 5001 2770 5070 quaedam
2800 5012 2851 5053 et
2884 4999 3027 5051 velut
3053 5000 3372 5069 ὑπόμνημα.

548 5078 718 5162 Quam
778 5110 1036 5153 accurata
1078 5097 1333 5151 tnelltodo
1396 5097 1467 5162 sit
1513 5095 1921 5162 conscriptum,
1976 5111 2040 5149 ex
2096 5095 2239 5148 serie
2294 5103 2539 5163 apertum
2604 5104 2707 5149 est.
2769 5094 3001 5165 Cyrillus
3057 5110 3085 5147 a
3140 5095 3465 5162 simplicium
3529 5106 3738 5145 vocum

479 5186 925 5254 interpretatione
962 5208 1187 5246 exorsus
1222 5192 1479 5260 exponit,
1511 5192 1638 5258 quid
1680 5192 1749 5243 sit
1792 5190 2076 5254 Christus,
2113 5192 2241 5259 quid
2291 5190 2623 5253 Emmanuel,
2664 5191 2788 5259 quid
2821 5189 3007 5256 Jesus,
3037 5190 3164 5259 quid
3203 5205 3362 5255 untts,
3403 5188 3532 5258 quid
3569 5189 3733 5243 uitio.

481 5278 599 5332 Mox
639 5285 704 5334 ad
738 5285 1155 5352 propositiones,
1187 5301 1307 5353 qua:
1349 5285 1400 5338 in
1436 5286 1535 5339 hac
1570 5284 1794 5337 materia
1842 5284 2089 5349 usurpari
2125 5286 2321 5347 solent,
2367 5284 2668 5338 orationem
2722 5283 3015 5337 deﬂectens
3067 5282 3340 5344 edisserit,
3372 5296 3475 5348 qua
3516 5282 3741 5335 rati-ine

476 5370 725 5428 Christus
759 5372 828 5423 sit
878 5390 1043 5438 unus,
1092 5391 1227 5428 unus
1267 5374 1607 5438 Emmanuel,
1652 5389 1791 5426 unus
1823 5372 2004 5438 .Iesus,
2055 5376 2105 5429 id
2161 5384 2266 5438 est,
2304 5390 2442 5429 unus
2499 5376 2779 5440 Dominus,
2826 5385 2931 5429 etc.
2976 5373 3111 5429 Tum
3166 5376 3435 5444 quomodo
3484 5375 3736 5431 Verbum

479 5463 689 5518 dicatur
710 5460 1068 5525 exinanitum,
1102 5464 1249 5515 carni
1284 5466 1516 5528 unitum,
1551 5464 1749 5516 factum
1783 5464 1979 5530 homo,
2019 5480 2117 5519 nec
2153 5467 2273 5521 ideo
2311 5477 2488 5521 tamen
2522 5478 2785 5521 nnttatum
2809 5508 2825 5532 ,
2860 5476 2952 5521 aut
2985 5468 3265 5522 divinitate
3296 5476 3541 5523 exutum.
3586 5465 3739 5524 Hinc

476 5571 581 5621 quo
609 5562 765 5625 pacto
798 5550 1047 5607 Christus
1080 5570 1189 5608 non
1217 5555 1286 5608 sit
1312 5556 1475 5611 homo
1508 5556 1789 5629 θεοφόρος,
1820 5568 1912 5611 aut
1946 5559 2166 5615 nurnine
2196 5559 2432 5627 alllatus,
2463 5561 2555 5618 sed
2585 5575 2710 5617 vere
2746 5562 2906 5616 homo
2937 5561 3099 5627 Deus,
3133 5562 3330 5617 deinde
3374 5575 3476 5631 qua
3512 5561 3747 5616 ratione

478 5646 719 5707 Verbum,
745 5644 1093 5717 perhibeatur
1122 5646 1175 5702 in
1220 5647 1374 5703 nobis
1401 5649 1666 5715 habitare,
1699 5655 1764 5707 ad
1805 5666 1903 5707 nos
1946 5654 2114 5721 mitti,
2132 5668 2337 5726 corpus
2370 5655 2570 5713 habere
2621 5654 2917 5725 proprium,
2967 5666 3020 5711 et
3064 5653 3341 5727 quomodo.
3388 5652 3739 5721 intelligatur
