3946 6202
462 231 593 288 1371

1431 230 1492 287 S.
1530 227 1796 286 CYRILLI
1834 222 2301 282 ALEXANDRINI
2340 220 2655 279 ARCIIIEP.

3582 218 3723 277 I572

464 360 549 403 rat
572 350 615 412 ⁸,
648 348 720 403 ob
768 361 995 416 eamque
1045 361 1264 402 causam
1325 347 1378 401 in
1434 348 1589 402 malis
1643 346 1899 402 omnibus
1946 322 2031 399 illa

2140 341 2343 412 ταύτης
2371 342 2534 394 ἕνεκα
2552 339 2654 409 τῆς
2681 337 2859 401 αἰτίας
2877 336 2935 390 ἐν
2956 336 3116 391 παντὶ
3140 336 3313 408 κακῷ·
3337 336 3443 390 ἔδει
3469 336 3525 389 δὲ
3562 340 3726 392 πάλιν

465 439 818 503 versabalur;
864 451 999 505 opus
1037 447 1217 492 autem
1250 446 1368 492 erat
1418 447 1477 492 ut
1520 453 1760 504 rursum,
1800 453 1896 507 per
1942 437 2033 491 Dei

462 527 898 583 misericordiam
929 528 982 580 in
1007 526 1291 596 pristinum
1322 537 1593 593 revocata,
1624 527 1884 597 Spiritum
1921 543 2036 582 me-

468 628 676 673 reretur
702 636 715 671 :
746 618 904 671 homo
931 617 1128 670 factum
1165 625 1248 672 est
1274 618 1604 685 unigenitum
1654 620 1747 674 Dei
1775 620 2035 686 Verbum,

464 720 518 762 et
568 725 686 762 ctnn
740 718 955 761 terreno
1008 721 1236 776 corpore
1295 711 1525 765 terrenis
1576 713 1846 780 apparuit.
1914 712 2038 766 Fuit

463 801 623 851 etiam
664 799 890 852 liberum
936 814 967 852 a
1006 811 1251 869 peccato,
1291 809 1349 854 ut
1386 810 1440 855 et
1492 801 1543 854 in
1589 803 1727 870 ipso,
1778 811 1833 858 et
1878 803 1931 856 in
1972 818 2038 859 eo

462 888 599 954 solo,
635 889 956 944 innocentiae
982 890 1225 946 laudibus
1270 901 1459 946 natura
1490 892 1721 947 hominis
1746 903 2035 961 coronata,

465 980 669 1048 Spiritu
721 990 908 1036 sancto
956 982 1254 1049 ditaretur,
1296 998 1362 1039 ac
1414 985 1493 1038 sic
1549 983 1941 1041 refortnaretur
1970 986 2036 1040 ad

462 1068 632 1123 Deum
685 1084 782 1137 per
839 1071 1343 1127 sanctificationem.
1406 1074 1572 1145 780
1621 1073 1837 1131 Transit
1892 1077 2036 1132 enim

461 1160 528 1215 ad
571 1177 669 1218 nos
704 1178 917 1234 quoque
953 1165 1123 1231 gratia
1178 1176 1353 1235 coepta
1389 1184 1418 1220 a
1468 1168 1700 1234 Christo,
1736 1169 1826 1238 qui
1861 1179 1945 1225 est
1985 1170 2035 1223 in

463 1254 618 1307 nobis
658 1253 1080 1323 pritnogenitus;
1130 1256 1291 1325 idque
1337 1272 1435 1312 nos
1466 1258 1664 1314 docens
1702 1259 1893 1315 beatus
1934 1259 2039 1313 Da-

460 1343 548 1396 vid
579 1344 755 1411 psallit
802 1345 867 1399 ad
896 1344 1089 1400 Filium
1122 1365 1135 1400 :
1175 1365 1194 1398 ‹
1230 1347 1471 1403 Dilexisti
1494 1347 1756 1415 justitiam
1797 1359 1851 1403 et
1875 1350 2038 1405 odisti

463 1434 824 1505 iniquitatem,
863 1437 981 1493 ideo
1028 1440 1184 1493 unxit
1218 1448 1268 1494 te
1305 1439 1447 1493 Deus
1477 1440 1616 1493 Deus
1645 1449 1765 1494 tuus
1793 1439 1913 1496 oleo
1942 1440 2039 1497 la:-

462 1527 596 1581 titize
624 1528 663 1581 ⁸.
705 1545 723 1579 ι

531 1618 737 1675 Unctus
758 1629 844 1675 est
865 1621 1030 1691 igitur
1048 1620 1294 1690 exemplo
1317 1630 1503 1677 nostro
1524 1622 1692 1679 Filius
1717 1624 2037 1681 innocentia:

2140 433 2277 503 ἐλέῳ
2299 432 2457 496 θεοῦ,
2477 431 2612 503 πρὸς
2634 431 2694 484 τὸ
2711 432 2769 485 ὲν
2791 432 2985 501 ἀρχαῖς
3004 429 3399 483 ἁναϐαίνουσαν
3421 431 3721 501 ἀξιωθῆναι

2138 524 2235 578 τοῦ
2261 524 2580 595 Πνεῦματος
2598 544 2610 556 ·
2642 523 3069 596 ὲνηνθρώπησεν
3093 525 3122 576 6
3146 522 3437 594 μονογενὴς
3464 522 3561 576 τοῦ
3585 523 3717 577 Θεοῦ

2140 616 2329 685 Λόγος.
2358 616 2536 686 Ὠφθη
2568 634 2628 668 τε
2656 620 2771 680 τοῖς
2800 616 2896 669 ἐπὶ
2923 615 3027 684 γῆς
3048 615 3184 685 μετὰ
3212 615 3405 685 γηῒνου
3443 614 3714 684 σώματος.

2140 703 2258 761 εἶτα
2284 708 2510 777 γέγονεν
2536 708 2810 779 ἁμαρτίας
2840 706 3145 778 ἐλεύθερος,
3166 707 3253 759 ἵνα
3280 707 3339 759 ὲν
3363 706 3511 776 αὐτῷ
3537 724 3602 759 τε
3626 708 3715 760 καὶ

2142 801 2288 872 μόνῳ
2300 793 2412 864 ’τοῖς
2431 801 2528 871 τῆς
2545 800 2891 870 ἁμαρτησίας
2911 799 3211 869 αὐχήμασι,
3241 800 3275 868 ἠ
3300 797 3592 867 ἀνθρώπου
3615 799 3714 865 (pti-

2141 907 2225 956 σις
2257 891 2664 963 στεφανουμένη
2683 890 3104 961 καταπλουτήσῃ
3127 889 3186 943 τὸ
3204 888 3431 960 Πνεῦμα
3455 888 3513 941 τὸ
3538 890 3711 956 ἅγιον·

2139 983 2563 1056 ἀναμορφωθείη
2599 1000 2659 1037 τε
2688 982 2831 1037 οὕτω
2860 982 2997 1054 πρὸς
3016 982 3147 1035 Θεὸν
3178 982 3245 1035 δι’
3278 979 3573 1051 ἀγιασμοῦ.
3597 984 3719 1035 Δια-

2140 1075 2313 1130 6αίνει
2342 1075 2399 1128 δὲ
2430 1073 2571 1128 οὕτω
2602 1075 2697 1128 καὶ
2725 1075 2806 1139 είς
2834 1075 2982 1145 ἡμᾶς
3006 1074 3038 1143 ἡ
3063 1074 3246 1143 χάρις,
3274 1072 3447 1143 ἀρχὴν
3474 1071 3715 1125 λαϐοῦσα

2138 1166 2374 1237 Χριστὸν
2403 1166 2496 1219 τὸν
2529 1167 2587 1219 ὲν
2615 1168 2748 1236 ἡμῖν
2789 1165 3158 1236 πρωτότοκον.
3185 1163 3296 1225 Καὶ
3339 1162 3428 1215 διὰ
3456 1162 3623 1216 τοῦτο
3646 1162 3717 1215 δι-

2138 1255 2351 1310 δάσκων
2367 1257 2513 1327 ἡμᾶς
2536 1258 2564 1310 ό
2593 1256 2863 1327 μακάριος
2883 1254 3077 1325 ψάλλει
3107 1253 3272 1306 Δαϐὶδ
3293 1254 3428 1322 πρὸς
3447 1254 3541 1307 τὸν
3568 1253 3716 1305 Υἱός·

2144 1367 2163 1400 t
2200 1348 2525 1420 Ἥγάπησας
2547 1346 2918 1416 δικαιοσύνην,
2947 1345 3043 1400 καὶ
3077 1345 3347 1416 ἐμίσησας
3369 1344 3611 1408 ἀδικίαν,
3633 1346 3720 1398 διὰ

2136 1439 2298 1492 τοῦτο
2344 1438 2529 1510 ἔχρισὲ
2562 1455 2625 1492 σε
2667 1441 2696 1493 6
2728 1437 2862 1503 Θεὸς
2890 1439 2918 1491 6
2949 1436 3083 1500 Θεός
3120 1453 3214 1489 σου
3243 1435 3423 1489 ἔλαιον
3450 1434 3719 1503 ἀγαλλιά-

2140 1548 2301 1594 σεως.
2338 1549 2359 1582 ι

2211 1620 2512 1692 Κέχρισται
2552 1619 2735 1673 τοίνυν
2776 1618 2900 1672 καθ’
2929 1620 3079 1690 ἡμᾶς
3122 1618 3483 1689 ἀνθρωπίνως
3514 1621 3547 1672 6
3596 1619 3723 1682 Υἱὸς

457 1708 729 1776 laudibus,
768 1720 843 1774 et,
878 1719 938 1764 ut
972 1719 1098 1765 ante
1143 1711 1275 1775 dixi,
1324 1712 1376 1765 in
1413 1712 1527 1781 ipso
1568 1722 1760 1770 natura
1802 1716 2031 1774 hominis

2140 1717 2249 1777 τοῖς
2279 1716 2380 1784 τῆς
2408 1711 2827 1783 ἀναμαρτησίας
2867 1712 3136 1774 ἐπαίνοις,
3162 1710 3239 1774 ὡς
3275 1709 3487 1781 ἔφημεν
3506 1728 3518 1740 ·
3567 1712 3723 1764 ἔκλεε

458 1800 744 1864 illustrata,
770 1809 821 1855 et
865 1801 1020 1871 digna
1046 1802 1159 1871 jam
1205 1803 1387 1857 sortiri
1432 1802 1701 1872 Spiritum
1745 1815 1990 1863 sanctum
2017 1848 2034 1875 ,

452 1889 564 1957 jam
597 1904 702 1943 non
744 1890 1134 1956 discessurum,
1177 1892 1317 1947 sicut
1362 1904 1543 1959 antea,
1587 1897 1679 1949 sed
1717 1913 2033 1953 mansurum

457 1979 629 2050 magis
652 1979 705 2033 in
734 1981 866 2050 ipsa.
893 1981 1127 2053 Ideoque
1149 1984 1413 2053 scriptum
1442 1996 1545 2051 est,
1579 1988 1721 2055 quod
1756 2006 1775 2039 ι
1809 1989 2037 2045 descen-

454 2074 535 2125 dit
574 2072 626 2126 in
668 2087 789 2125 cum
848 2072 1119 2142 Spiritus,
1155 2084 1208 2129 et
1264 2078 1463 2131 mansit
1518 2093 1680 2148 super
1726 2080 1897 2150 ipsum
1930 2083 1972 2137 ⁷,
2007 2101 2027 2135 ι

456 2159 669 2216 Dicitur
717 2178 849 2233 ergo
900 2164 1150 2221 Christus
1196 2166 1291 2222 Dei
1350 2166 1607 2235 Verbum,
1638 2173 1780 2241 quod
1814 2184 2053 2243 propter,

454 2267 554 2307 nos
588 2262 640 2308 et
671 2255 839 2309 nostri
881 2255 1077 2312 similis
1126 2257 1288 2313 homo
1315 2268 1399 2313 est
1434 2260 1664 2327 factum,
1700 2270 1756 2317 et
1787 2264 1838 2317 in
1883 2268 2028 2320 servi

452 2339 628 2396 forma
659 2359 674 2395 :
706 2352 760 2398 et
794 2343 1011 2414 ungitur
1042 2346 1260 2415 quidem
1293 2347 1546 2413 lnnnane,
1583 2349 1877 2403 secundum
1907 2367 2031 2404 car-

452 2446 614 2497 nem;
645 2433 796 2504 ungit
838 2446 1017 2515 autem
1064 2436 1244 2492 divine
1295 2454 1394 2493 suo
1452 2438 1658 2511 Spiritu
1702 2456 1794 2497 eos
1833 2443 1926 2512 qui
1973 2444 2027 2499 in

452 2520 628 2592 ipsum
660 2525 911 2583 credunt.

1109 2710 1266 2767 CAP.
1305 2711 1371 2767 ll.

696 2841 937 2908 Qualiter
964 2844 1188 2915 intelligi
1219 2844 1402 2899 debeat
1440 2846 1774 2903 Emmanuel.

520 2975 833 3031 Emmanuel
857 2980 1166 3033 nominatur
1191 2979 1330 3035 Deus
1353 2980 1608 3045 Verbmn,
1672 2983 1815 3052 quod
1850 2983 2023 3039 Abra-

447 3069 531 3122 hae
563 3082 749 3123 semen
787 3071 1161 3139 apprehendit,
1196 3080 1250 3127 et
1281 3072 1531 3127 similiter
1570 3088 1635 3128 ac
1667 3090 1765 3130 nos
1793 3077 2018 3145 partici-

445 3160 765 3227 pavitcarni
791 3171 845 3216 et
868 3163 1114 3233 sanguini
1141 3164 1184 3218 ⁸.
1237 3162 1629 3234 Interpretatur
1693 3178 1872 3224 autem
1904 3171 2026 3224 Em-

447 3251 682 3317 manuel,
721 3252 986 3305 nobiscum
1028 3253 1187 3308 Deus.
1230 3255 1567 3309 Conﬁtemur
1607 3267 1785 3312 autem
1838 3240 2025 3314 nobis-

445 3357 568 3395 cum
604 3342 769 3398 fuisse
806 3346 893 3398 Dei
930 3344 1182 3411 Verbum,
1239 3361 1343 3400 non
1374 3348 1653 3402 localiter:
1681 3349 1732 3402 in
1758 3366 1864 3420 quo
1883 3353 2026 3406 enim

445 3436 565 3489 loco
612 3451 717 3490 non
754 3446 839 3492 est
882 3437 1053 3501 Deus,
1096 3438 1184 3505 qui
1242 3438 1429 3507 implet
1467 3440 1686 3493 omnia?
1732 3440 1841 3496 Nec
1887 3445 2030 3513 quod

443 3526 635 3581 adesse
659 3528 815 3582 nobis
835 3528 1176 3597 conspicitur
1208 3530 1394 3583 auxilii
1438 3531 1683 3596 ratione;
1717 3532 1919 3589 dictum
1948 3544 2031 3590 est

442 3616 588 3670 enim
618 3616 722 3671 hoc
758 3617 918 3672 modo
949 3619 1016 3672 ad
1048 3615 1230 3673 Jesutn
1277 3617 1445 3673 lilium
1485 3617 1671 3675 Nave:
1719 3639 1738 3672 ε
1791 3622 1857 3677 Ει
1890 3624 2032 3680 sicut

443 3722 592 3761 eram
635 3723 755 3762 eum
808 3708 1010 3779 Moyse,
1059 3710 1131 3764 ita
1174 3725 1270 3766 ero
1311 3720 1367 3766 et
1401 3713 1646 3767 tecum’.
1685 3732 1703 3765 ι
1753 3713 1857 3769 Sed
1888 3719 2030 3785 quod

445 3798 647 3854 factum
677 3811 761 3856 est
801 3802 854 3855 in
905 3803 1129 3868 nostris,
1170 3803 1223 3856 id
1258 3812 1366 3867 est,
1417 3805 1470 3858 in
1527 3803 1887 3872 humanitate,
1923 3822 2028 3862 non

443 3891 701 3947 derelicta
737 3908 832 3947 sua
864 3902 1058 3948 natura
1092 3909 1108 3947 :
1160 3894 1576 3950 inconvertibile
1620 3905 1707 3951 est
1748 3899 1892 3952 enim
1930 3914 2029 3954 na-

445 3995 566 4038 tura
598 3984 692 4040 Dei
727 3985 985 4041 Verbum.

518 4074 789 4130 Cteterum
827 4093 987 4146 quam
1020 4079 1089 4133 ob
1114 4093 1354 4142 causam,
1392 4093 1514 4133 cum
1544 4078 1701 4149 plane
1726 4080 1939 4134 dicatur
1965 4080 2031 4134 ad

442 4162 625 4219 Jesum
670 4165 836 4221 lilium
866 4166 1037 4247 Nive,
1067 4159 1210 4237 quod
1243 4185 1262 4219 ι
1295 4168 1438 4224 sicut
1465 4184 1614 4223 erant
1656 4184 1779 4224 cum
1819 4169 2019 4241 Moyse,

443 4256 528 4310 sie
552 4270 647 4310 ero
672 4266 880 4321 tecum,
918 4277 935 4309 ι
977 4275 1082 4313 non
1126 4269 1210 4315 est
1251 4270 1428 4315 tamen
1467 4261 1775 4316 nominatus
1818 4260 2031 4316 Emma-

444 4347 608 4403 nuel?
642 4347 756 4418 lpsa
794 4359 973 4404 autem
1015 4351 1152 4405 ratio
1181 4361 1261 4406 est
1292 4367 1306 4403 :
1352 4353 1455 4407 etsi
1495 4353 1639 4405 enim
1676 4367 1801 4407 cum
1849 4353 2029 4422 aliquo

444 4447 753 4495 sanctorum
788 4440 952 4495 fuisse
979 4442 1223 4505 dicatur;
1261 4458 1365 4496 non
1412 4451 1592 4496 tamen
1630 4443 1912 4498 nobiscum
1947 4443 2028 4497 fa-

443 4542 589 4585 ctum
621 4547 741 4588 esse
773 4532 1003 4587 dicimus
1039 4532 1208 4587 Deum
1246 4530 1506 4595 Verbum,
1541 4532 1644 4587 nisi
1673 4547 1739 4587 eo
1788 4541 2030 4602 tempore

444 4637 554 4690 quo
580 4622 734 4692 juxta
776 4623 916 4691 quod
946 4622 1077 4678 dicit
1122 4621 1329 4675 Baruch
1354 4662 1367 4688 ,
1406 4639 1425 4673 ‹
1466 4621 1517 4675 ἰη
1564 4630 1707 4677 terra
1738 4621 1884 4675 visus
1910 4634 2024 4686 εει,

442 4718 501 4764 et
531 4711 670 4765 inter
701 4712 948 4766 homines
999 4720 1356 4766 conversatus
1399 4721 1503 4774 est,
1529 4720 1585 4765 et
1622 4725 1839 4765 omnem
1884 4710 2025 4764 viam

442 4800 728 4858 inveniens
752 4802 1073 4873 disciplinae,
1107 4811 1161 4857 et
1192 4803 1327 4857 dans
1350 4818 1468 4857 eam
1498 4801 1664 4858 Jacob
1697 4816 1863 4871 puero
1900 4816 2023 4865 suo,

444 4902 501 4946 et
522 4891 684 4947 Israel
704 4895 907 4951 dilecto
929 4910 957 4949 a
999 4910 1059 4949 se
1091 4910 1106 4947 :
1141 4893 1254 4965 ipse
1281 4903 1366 4948 est
1391 4893 1536 4947 enint
1573 4892 1713 4948 Deus
1740 4901 1944 4959 noster,
1974 4901 2029 4947 et

442 4995 552 5035 non
581 4988 982 5053 comparabitur
1002 4987 1142 5040 alius
1165 4987 1374 5041 adeum
1403 4987 1469 5039 ¹⁰.
1508 5005 1526 5037 ι

518 5072 785 5138 Quantum
824 5079 966 5131 enim
1011 5078 1075 5133 ad
1108 5076 1198 5131 Dei
1348 5076 1511 5130 Ὅσον
1544 5076 1643 5145 μὲν
1670 5078 1779 5149 γὰρ
1801 5069 1933 5148 ἧκεν
1948 5076 2029 5141 εἰς

445 5171 690 5218 naturam
745 5170 996 5236 pertinet,
1064 5184 1199 5224 non-
1274 5170 1335 5223 τὸ
1361 5165 1499 5223 εἶναι
1521 5171 1653 5235 Θεὸς
1673 5171 1815 5225 κατὰ
1846 5171 2026 5241 φύσιν,

443 5254 573 5309 dum
598 5260 1040 5325 eratnobiseum;
1066 5262 1203 5315 mul-
1271 5262 1374 5315 οὐκ
1412 5258 1482 5333 ἦν
1514 5263 1630 5335 μεθ’
1656 5264 1835 5336 ἡμῶν*
1867 5263 2029 5332 ἀσύγο

2140 1804 2588 1878 λαμπρυμμένης
2615 1805 2674 1857 ἐν
2721 1803 2869 1875 αὐτῷ
2901 1804 3001 1875 τῆς
3024 1802 3119 1855 τοῦ
3158 1802 3448 1874 ἀνθρώπου
3479 1802 3720 1871 φύσεως,

2134 1899 2291 1964 ἀξίας
2328 1915 2388 1950 τε
2419 1896 2519 1968 ἤδη
2555 1895 2860 1966 γενομένης
2885 1895 2978 1948 τοῦ
3025 1895 3228 1966 χρῆναι
3271 1897 3570 1966 μετασχεῖν
3624 1896 3723 1948 τοῦ

2135 1992 2290 2062 ἁγίου
2344 1989 2662 2061 Πνεύματος
2685 2004 2699 2017 ο
2733 1989 2834 2041 οὐκ
2881 1988 3291 2056 ἀποφοιτῶντος
3324 1988 3403 2040 ἔτι
3435 1988 3584 2041 καθὰ
3630 1990 3724 2042 καὶ

2133 2084 2191 2136 ὲν
2225 2084 2443 2154 ἀρχαῖς,
2493 2079 3000 2153 ὲμφιλοχωροῦντος
3030 2080 3087 2134 δὲ
3132 2080 3335 2151 μᾶλλον
3377 2082 3540 2153 αὐτῇ.
3576 2082 3723 2134 Ταύ-

2131 2189 2283 2246 τῃτοι
2308 2173 2403 2225 καὶ
2431 2171 2763 2241 γέγραπται,
2798 2168 2881 2222 ὅτι
2906 2187 2923 2219 t
2956 2168 3222 2238 Κατὲπτη
3256 2168 3356 2238 μὲν
3384 2168 3476 2221 ἐπὶ
3499 2169 3723 2238 Χριστῷ

2131 2265 2190 2318 τὸ
2221 2261 2468 2332 Πνεῦμα,
2505 2261 2782 2331 μεμένηκε
2808 2260 2866 2312 δὲ
2890 2261 2977 2313 ἐπ’
3001 2260 3185 2313 αὐτόν.
3220 2278 3238 2311 ι
3271 2260 3502 2327 Λέγεται
3536 2260 3729 2312 τοίνυν

2131 2354 2363 2426 Χριστὸς
2397 2356 2425 2407 ό
2453 2352 2546 2406 τοῦ
2583 2351 2722 2405 Θεοῦ
2754 2352 2928 2420 Λόγος
2954 2353 2985 2403 6
3017 2351 3083 2405 δι’
3118 2352 3265 2421 ἡμᾶς
3296 2353 3385 2404 καὶ
3415 2352 3538 2405 καθ’
3565 2353 3601 2422 ἡ
3612 2353 3728 2421 μᾶς

2130 2439 2436 2510 ἄνθρωπος,
2466 2438 2559 2492 καὶ
2595 2440 2652 2491 ὲν
2696 2440 2762 2508 τῇ
2804 2438 2899 2491 τοῦ
2936 2439 3130 2493 δούλου
3168 2442 3375 2510 μορφῇ’
3414 2439 3509 2491 καὶ
3555 2441 3731 2510 κριός

2132 2549 2292 2601 μενος
2319 2531 2418 2601 μὲν
2448 2528 2806 2599 ἀνθρωπίνως
2832 2529 2975 2583 κατὰ
2994 2531 3095 2600 τὴν
3113 2532 3303 2602 σάρκα,
3323 2530 3495 2600 χρίων
3513 2530 3578 2583 δὲ
3604 2529 3729 2583 θεῖα

2129 2622 2242 2686 κῶς
2268 2621 2344 2693 τῷ
2379 2621 2492 2692 [δίῳ
2528 2620 2804 2691 Πνεύματι
2833 2621 2960 2685 τοὺς
2982 2622 3063 2686 είς
3100 2622 3258 2677 αὑτὸν
3293 2621 3686 2687 πιστεύοντας.

2129 2816 2316 2870 κριτον
2380 2796 2490 2868 γὰρ
2553 2796 2613 2849 τὸ
2681 2795 2886 2866 μεταξὺ
2962 2806 3071 2852 tum
3118 2798 3262 2855 enim
3307 2798 3531 2853 interest
3577 2798 3717 2852 inter

2128 2894 2381 2965 θεότητος
2455 2892 2551 2945 καὶ
2602 2891 2887 2961 ἀνθρωπό-
2959 2888 3210 2943 deitatem
3230 2889 3712 2953 etltumanilatem;

2124 3004 2318 3058 τητος·
2389 2987 2484 3039 καὶ
2559 2984 2726 3055 πολλή
2800 3003 2886 3049 τις
2959 2991 3013 3035 et
3043 2981 3228 3050 ingens
3261 2990 3347 3036 est
3378 2981 3538 3037 nimis
3562 2978 3714 3035 αἰσι-

2128 3081 2267 3148 ἄγαν
2291 3079 2399 3132 τῶν
2428 3077 2643 3148 φύσεὼν
2673 3079 2822 3131 ἐστιν
2850 3079 2883 3149 ή
2961 3076 3129 3130 rentia
3159 3085 3494 3128 naturarum.

2127 3170 2379 3241 διαφορά.
2867 3222 2872 3229 ,

2202 3262 2433 3331 Ideoque
2480 3262 2693 3316 divinus
2736 3259 2903 3314 David
2956 3259 3021 3312 ad
3075 3256 3477 3327 proximitatem
3531 3257 3723 3326 mysti-

2131 3373 2246 3410 cam
2298 3355 2409 3427 [al.
2466 3356 2718 3409 unionem
2767 3349 3189 3421 arctissimam],
3239 3350 3403 3405 Deum
3458 3347 3720 3413 Verbum,

2131 3449 2272 3516 quod
2322 3447 2559 3502 nondum
2597 3448 2663 3499 ad
2717 3459 2814 3499 nos
2850 3452 3092 3507 venerat,
3140 3441 3390 3507 vocabat,
3439 3442 3635 3496 dicens
3668 3443 3721 3494 in

2132 3538 2361 3608 spiritu:
2397 3556 2416 3589 ι
2444 3535 2525 3593 0b
2553 3536 2703 3606 quid,
2735 3535 2995 3599 Domine,
3043 3532 3338 3589 discessisti
3373 3531 3531 3600 longe
3566 3531 3662 3584 “2
3696 3551 3718 3583 ο

2202 3630 2279 3700 (ι)
2312 3628 2451 3699 Ergo
2490 3626 2602 3697 jam
2636 3642 2741 3681 non
2789 3625 3058 3690 discessit,
3103 3622 3197 3678 sed
3247 3624 3529 3677 nobiscum
3590 3620 3720 3684 fuit,

2130 3719 2219 3787 qui
2253 3733 2377 3773 cum
2408 3717 2694 3771 mansisset
2724 3716 2775 3770 id
2821 3715 2963 3783 quod
2988 3722 3126 3777 erat,
3166 3711 3524 3782 apprehendit
3549 3711 3725 3765 Abra-

2134 3811 2214 3865 hac
2237 3824 2444 3874 semen,
2472 3816 2531 3862 ut
2556 3807 2666 3861 dixi
2693 3825 2708 3874 ;
2736 3806 2947 3874 accepit
2989 3812 3168 3858 autem
3219 3804 3381 3858 etiam
3414 3802 3563 3857 servi
3610 3802 3721 3856 foro

2133 3916 2300 3965 mam,
2326 3910 2382 3954 et
2409 3904 2734 3966 conspectus
2767 3896 2931 3949 homo
2955 3895 3008 3947 in
3039 3902 3182 3947 terra
3217 3900 3321 3946 est.

2204 3992 2457 4051 Christus
2482 4004 2612 4044 vero
2642 3996 2697 4043 et
2728 3985 3045 4042 Emmanuel
3071 3983 3317 4040 eumdem
3354 3980 3514 4036 nobis
3545 3980 3719 4033 tilium

2133 4087 2435 4155 designant,
2466 4080 2659 4153 partim
2690 4082 2813 4149 quia
2844 4087 3037 4134 unctus
3076 4084 3159 4132 est
3189 4088 3345 4129 more
3367 4082 3591 4136 nostro,
3624 4072 3719 4125 hu-

2135 4192 2310 4234 mutue
2336 4175 2568 4231 hominis
2600 4185 2810 4229 natura:
2846 4170 3096 4241 spiritum
3130 4167 3427 4237 accipiens,
3468 4174 3525 4217 ut
3560 4164 3617 4217 in
3662 4177 3720 4217 se

2134 4273 2249 4339 ipso
2284 4278 2338 4325 et
2384 4268 2557 4339 primo
2602 4265 2699 4336 [αι.
2746 4265 2979 4319 humana
3038 4270 3229 4314 natura
3271 4257 3522 4325 spiritum
3572 4255 3719 4309 accio

2136 4364 2315 4435 piente
2351 4361 2403 4415 in
2437 4361 2574 4429 ipso,
2616 4367 2675 4412 ut
2709 4353 2930 4426 primo]:
2958 4352 3173 4407 Positus
3195 4359 3281 4404 est
3303 4348 3447 4404 enim
3475 4346 3721 4416 primor-

2135 4455 2281 4509 dium
2314 4451 2551 4523 generis,
2584 4464 2770 4505 rursus
2807 4448 2920 4516 ipse
2960 4458 3187 4515 ungens,
3212 4451 3269 4497 ut
3306 4440 3474 4503 Deus,
3509 4438 3721 4506 Spiritu

2135 4553 2322 4599 sancto
2348 4557 2443 4598 eos
2468 4541 2557 4609 qui
2603 4541 2656 4595 in
2693 4556 2753 4594 se
2778 4538 3005 4593 credunt
3029 4554 3044 4592 :
3085 4535 3303 4605 partim,
3328 4532 3452 4603 quia
3481 4531 3588 4584 fuit
3629 4544 3723 4583 no-

2135 4637 2339 4692 biseum
2370 4633 2668 4689 secundum
2692 4646 2827 4701 quas
2856 4628 3013 4684 modo
3042 4627 3247 4683 reddidi
3279 4627 3541 4688 rationes,
3569 4633 3631 4677 et
3660 4624 3725 4676 de

2133 4744 2201 4784 co
2233 4743 2329 4784 nos
2357 4726 2486 4781 facit
2525 4733 2704 4780 certos
2734 4723 2900 4778 Isaias
2937 4720 3198 4791 propheta
3243 4717 3429 4771 dicens
3460 4732 3475 4768 :
3519 4733 3539 4766 ι
3583 4715 3724 4769 Ecce

2132 4823 2285 4892 virgo
2317 4818 2371 4873 in
2416 4826 2572 4873 utero
2604 4815 2855 4884 accipiet,
2886 4822 2941 4867 et
2970 4811 3145 4880 pariet
3178 4808 3367 4873 tilium,
3406 4817 3463 4862 et
3495 4808 3719 4862 vocabi-

2135 4920 2223 4965 tur
2254 4924 2448 4965 nomen
2492 4908 2610 4979 ejus
2641 4903 2959 4960 Emmanuel
2990 4903 3055 4956 ¹³.
3093 4920 3111 4953 ι
3155 4900 3301 4957 Cum
3336 4899 3484 4953 enim
3527 4906 3723 4952 sancta

2135 5001 2324 5071 Virgo,
2347 5015 2415 5056 ex
2440 4999 2644 5071 Spiritu
2667 4996 2884 5067 quidem
2910 5002 3102 5050 sancto
3125 5004 3409 5063 przegnans
3429 4998 3518 5044 est
3547 4987 3721 5049 facta.

2134 5096 2344 5167 peperit
2366 5102 2546 5148 autem
2581 5088 2876 5146 secundum
2902 5100 3120 5141 carnem
3151 5083 3356 5148 (ilium;
3394 5090 3524 5135 tunc
3550 5081 3722 5135 etiam

2139 5185 2457 5243 Emmanuel
2496 5184 2675 5239 dictus
2724 5191 2847 5237 est:
2905 5180 3005 5234 fuit
3051 5179 3194 5233 enim
3252 5176 3555 5239 nobiscum,
3624 5188 3725 5241 per

2137 5278 2408 5336 carnalem
2456 5275 2860 5347 generationem
2910 5268 3300 5341 incorporalis;
3346 5277 3402 5322 et
3455 5266 3509 5322 id
3554 5276 3717 5327 erat,

569 5434 701 5513 lien.
734 5439 882 5513 v1.5.
962 5441 982 5471 ⁸
1007 5440 1150 5513 I’sal.
1179 5462 1323 5513 sur,
1348 5449 1400 5503 8.
1476 5447 1666 5505 ’Joan.
1702 5465 1734 5513 ι,
1762 5449 1847 5505 '52.
1924 5449 1946 5481 ⁸
1970 5448 2031 5503 Η(

2160 5462 2214 5512 n,
2252 5446 2330 5501 ll.
2408 5446 2427 5476 ’
2459 5443 2617 5500 Iosue
2643 5457 2680 5505 ι,
2708 5452 2759 5493 v.
2842 5434 3116 5492 “Baruch
3168 5448 3249 5493 tu,
3304 5431 3394 5488 38.
3474 5428 3514 5460 ”
3554 5426 3710 5482 Psal.

445 5530 499 5579 κ,
539 5510 582 5563 l.
663 5510 703 5540 ¹³
741 5510 837 5564 lsa.
870 5525 963 5571 vn,
997 5510 1082 5563 II.

515 5670 590 5741 (ί)
625 5673 845 5728 Daluz.:
889 5668 1158 5732 Dium“,
1198 5671 1283 5726 scd
1344 5672 1605 5725 nobiscum
1666 5670 1799 5735 fuit,-
1830 5673 1940 5739 qui,
1999 5680 2099 5725 ctc.
2159 5668 2313 5723 Eutr.
