4016 6202
288 270 431 337 :575

1215 269 1510 331 scaeua
1546 274 1633 331 ne
1672 273 2182 334 INCARNATIONE
2224 266 2595 339 UNlGENI‘Tl.

3417 268 3553 342 ἐδτι

280 393 434 462 quod
457 406 554 463 per
585 405 773 448 vocem
808 391 980 447 David
1004 390 1447 462 signilicabatur:
1487 413 1505 444 ι
1536 395 1675 449 Deus
1702 394 1873 449 maui-
1904 400 1949 458 Α
1978 399 2224 454 omnium
2257 399 2540 468 Dominus,
2579 411 2765 473 utpote
2794 402 2884 473 qui
2918 410 3109 458 natura
3146 411 3199 459 et
3236 404 3459 459 veritate
3486 420 3554 459 ex

283 483 430 540 teste
474 482 691 544 veniet,
742 481 889 538 Deus
943 494 1150 548 neSter,
1202 490 1258 537 et
1302 498 1406 538 non
1442 482 1624 539 silebit
1657 484 1738 549 ‘3;
1771 503 1789 537 ι
1820 493 1874 539 et

284 571 423 628 illud
455 574 688 642 opinor:
717 592 736 625 ι
772 573 892 643 Ipse
922 574 1015 644 qui
1047 574 1259 630 locutus
1284 590 1426 641 sum,
1446 584 1643 645 praesto
1669 590 1811 630 sum.
1848 595 1868 628 ι

284 663 530 721 Locutus
555 666 700 720 enim
742 679 841 736 per
869 666 1186 737 prophetas,
1217 675 1277 721 ut
1319 667 1657 739 incorporale
1700 669 1875 725 adhuc

285 755 555 825 Verbum,
592 756 813 815 advenit
845 757 1010 813 etiam
1038 756 1412 828 corporaliter.

938 865 1093 924 CAP.
1140 865 1234 923 Ill.

846 980 989 1048 Quid
1022 989 1101 1037 est
1135 980 1168 1036 J
1176 998 1315 1037 esus.

366 1096 429 1152 Vi
478 1094 693 1165 quidem
745 1094 1143 1161 intentionum,
1195 1111 1301 1166 qua
1352 1106 1600 1167 oporteat
1644 1113 1674 1153 a
1719 1098 1873 1154 nobis

282 1201 461 1241 unum
493 1185 601 1241 dici
635 1184 832 1240 Filium
862 1184 980 1252 Dei,
1016 1187 1348 1241 tantumdem
1384 1195 1486 1255 est,
1521 1196 1575 1243 et
1601 1188 1872 1254 Christus,

286 1278 349 1326 et
372 1271 710 1337 Emmanuel,
737 1281 792 1327 ct
827 1270 1019 1340 Jesus;
1045 1283 1102 1328 et
1146 1273 1203 1328 id
1242 1274 1460 1343 quidem
1503 1277 1658 1346 quasi
1701 1292 1768 1332 ex
1817 1293 1876 1332 re

291 1376 494 1418 nomen
538 1373 623 1418 est
667 1361 913 1418 factum:
969 1381 988 1414 ι
1022 1362 1140 1433 Ipse
1188 1364 1358 1431 enim,
1405 1348 1598 1436 inquit,
1647 1366 1877 1423 salvahit

289 1451 555 1521 populum
586 1466 743 1508 suum
768 1466 800 1507 a
829 1453 1067 1523 peccatis
1097 1457 1212 1509 suis
1242 1454 1308 1509 ιδ.
1347 1474 1367 1509 ι
1410 1455 1873 1523 Quemadmodum

289 1543 439 1599 enim
470 1541 792 1599 Emmanuel
825 1543 1188 1613 signiﬁcabat,
1229 1560 1325 1615 per
1356 1548 1760 1617 generationem
1806 1565 1874 1604 ex

296 1634 531 1691 muliere
587 1634 872 1691 nobiscum
921 1634 1125 1691 factum
1179 1635 1346 1692 fuisse
1384 1636 1477 1692 Dei
1511 1636 1783 1705 Verbum;
1820 1651 1876 1695 et

290 1724 566 1791 Christus,
618 1726 747 1796 quia
780 1725 959 1783 factus
1004 1726 1205 1791 homo,
1247 1736 1444 1784 unctus
1483 1729 1681 1784 dicitur
1721 1729 1872 1796 juxta
1906 1754 1948 1808 Β

292 1830 397 1872 nos
441 1814 716 1871 humane:
768 1814 843 1871 ita
879 1816 1045 1872 etiam
1089 1816 1268 1883 Jesus,
1324 1819 1468 1888 quod
1508 1819 1738 1874 salvavit
1776 1837 1874 1876 nos

292 1920 452 1962 suum
482 1907 759 1977 populum,
781 1909 925 1979 quod
956 1910 1192 1965 maxime
1215 1924 1337 1965 eum
1359 1910 1701 1968 demonstrat
1750 1927 1875 1969 vere

291 2004 351 2050 et
384 2005 578 2051 natura
605 1999 849 2053 omnium
887 1998 1196 2056 Dominum.
1228 2000 1414 2071 Neque
1457 2002 1601 2058 enim
1639 2003 1873 2060 hominis

292 2089 598 2146 communis
624 2098 876 2149 creatura
904 2106 1029 2148 esse
1059 2093 1306 2161 dicatur;
1338 2096 1527 2150 deceat
1554 2103 1734 2151 autem
1762 2112 1877 2151 ma-

294 2179 378 2251 gis
422 2182 603 2238 omnia
673 2184 853 2241 dicere
920 2200 1041 2242 esse
1087 2185 1396 2257 Unigeniti,
1434 2188 1537 2244 etsi
1587 2187 1763 2245 factus
1806 2189 1878 2245 sit

290 2269 480 2326 homo.

366 2361 522 2417 Dicet
552 2362 693 2419 forte
720 2364 915 2436 aliquis
942 2385 956 2421 :
988 2368 1151 2437 Atqui
1179 2368 1377 2441 Moysis
1400 2368 1579 2425 dictus
1600 2378 1685 2427 est
1710 2385 1876 2441 popu-

291 2449 378 2507 lus
407 2450 594 2509 Israel.
629 2454 714 2510 Ad
749 2456 852 2512 hoc
879 2457 1144 2524 dicemus,
1167 2460 1310 2530 quod
1338 2460 1433 2516 Dei
1458 2461 1681 2530 quidem
1707 2477 1877 2533 popu-

292 2540 379 2598 lus
414 2545 724 2601 nominatus
750 2547 842 2615 sit,
883 2556 938 2604 et
980 2549 1034 2603 id
1074 2559 1195 2605 erat
1236 2565 1446 2606 verum.
1494 2550 1697 2607 Verum
1743 2569 1878 2625 quo-

295 2632 444 2688 niam
471 2635 539 2689 ad
573 2633 931 2691 defectionem
963 2636 1231 2694 deductus
1251 2647 1360 2706 est;
1400 2648 1455 2694 et
1488 2639 1714 2695 vitulum
1747 2640 1877 2696 fecit

294 2738 393 2794 per
420 2724 710 2791 desertum,
742 2726 1097 2783 iuhonoratus
1121 2739 1204 2785 est
1226 2745 1253 2782 a
1285 2729 1434 2787 Deo:
1461 2746 1565 2787 non
1596 2732 1739 2787 enim
1762 2731 1874 2802 jam

295 2830 452 2874 suum
482 2817 762 2872 nominare
801 2819 1053 2888 populum
1100 2820 1447 2892 dignabatur,
1478 2824 1570 2877 sed
1604 2837 1728 2879 eum
1764 2823 1875 2893 jam

296 2906 502 2961 homini
532 2906 846 2964 destinavit.
889 2911 959 2964 At
1007 2926 1104 2967 nos
1154 2927 1260 2966 non
1315 2912 1433 2968 ita:
1485 2914 1689 2984 proprii
1731 2915 1875 2969 enim

298 3011 487 3054 sumus
520 2996 634 3063 ﬁlii,
664 3011 729 3052 eo
755 3000 897 3067 quod
925 3009 979 3053 et
1019 3001 1161 3055 Deus
1185 3003 1273 3068 sit,
1304 3013 1359 3058 et
1378 3018 1472 3073 per
1496 3004 1670 3073 ipsum
1694 3013 1874 3061 creata

298 3088 411 3144 sint
441 3088 646 3143 omnia.
698 3088 774 3143 Ita
808 3092 952 3145 enim
1001 3092 1078 3146 ait
1125 3093 1332 3149 David:
1376 3112 1394 3146 ι
1455 3094 1719 3162 Quoniam
1763 3096 1947 3165 ipseC

299 3182 430 3241 fecit
460 3197 583 3250 nos,
605 3189 788 3238 etnon
824 3184 926 3252 ipsi
959 3199 1095 3253 nos;
1146 3201 1244 3241 uos
1276 3196 1455 3242 autem
1512 3188 1739 3258 populus
1776 3202 1875 3257 pa-

301 3288 446 3335 scuze
488 3273 627 3343 ejus,
659 3282 715 3329 et
746 3288 875 3328 oves
902 3289 1091 3329 manus
1128 3276 1244 3346 ejus
1271 3276 1335 3330 ¹⁸.
1367 3295 1386 3329 ι
1428 3276 1668 3347 Denique
1712 3280 1875 3334 etiam

300 3363 417 3434 ipse
455 3362 521 3419 de
558 3364 713 3418 nobis
738 3363 874 3418 dixit
900 3379 916 3420 :
946 3380 965 3415 ι
999 3363 1140 3418 Oves
1182 3378 1315 3419 mea)
1347 3378 1532 3419 vocem
1577 3381 1750 3419 meam
1778 3382 1877 3420 au-

300 3456 451 3517 diunt
489 3464 545 3511 et
569 3465 868 3527 sequuntur
889 3471 973 3511 me
997 3456 1063 3511 η.
1108 3474 1127 3508 ι
1159 3457 1229 3511 Ει
1269 3471 1492 3511 rursus:
1520 3474 1538 3508 ι
1581 3456 1731 3512 Alias
1752 3473 1879 3513 oves

300 3547 496 3614 habeo,
530 3563 648 3619 qum
679 3563 782 3604 non
820 3556 947 3603 sunt
980 3564 1049 3603 ex
1075 3548 1180 3603 hoc
1220 3546 1370 3615 ovili,
1406 3555 1461 3603 et
1509 3547 1628 3603 illas
1669 3558 1883 3619 oportet

302 3656 390 3703 me
411 3656 765 3714 congregare,
790 3650 844 3697 et
871 3641 960 3697 [let
984 3657 1123 3696 unus
1144 3656 1295 3712 grex,
1320 3650 1374 3695 et
1398 3656 1536 3695 unus
1560 3651 1744 3712 pastor
1762 3642 1825 3694 ¹⁷.
1857 3660 1874 3692 ι

301 3733 593 3789 Mandabat
628 3743 808 3789 autem
834 3733 1002 3789 etiam
1031 3733 1188 3788 beato
1216 3732 1375 3789 Petro
1404 3747 1416 3782 :
1451 3750 1469 3784 ι
1506 3733 1690 3787 Simon
1719 3732 1882 3787 Jozin-

302 3825 424 3893 nis,
475 3839 625 3881 amas
676 3827 801 3887 me?
854 3824 1021 3881 Pasce
1071 3838 1235 3895 agnos
1296 3839 1479 3883 meos.
1519 3838 1700 3883 .oasce
1756 3840 1883 3881 oves

302 3931 450 3977 nicas
479 3916 543 3970 “.
585 3934 605 3967 ι

940 4030 1097 4086 CAP.
1141 4028 1231 4084 IV.

363 4141 538 4209 Quam
573 4142 635 4197 ob
661 4158 877 4196 causam
908 4141 1005 4196 Dei
1045 4140 1266 4197 Verbum
1303 4142 1499 4196 dictum
1538 4143 1606 4197 sit
1637 4143 1808 4199 homo.

367 4253 539 4309 llomo
575 4254 911 4308 nominatum
947 4263 1051 4319 est,

300 4359 421 4400 cum
450 4346 522 4400 sit
556 4354 747 4402 natura
777 4347 938 4411 Deus,
961 4346 1054 4402 Dei

302 4431 477 4487 Patris
496 4434 732 4489 Verbum
760 4452 774 4490 :
798 4438 1052 4505 quoniam

300 4526 550 4580 similiter
618 4544 683 4583 ac
742 4545 839 4583 nos
928 4545 1054 4584 sau—

299 4616 448 4687 guini
521 4619 938 4673 communicavit
998 4628 1053 4674 et

298 4707 450 4761 carni
515 4707 580 4760 ".
639 4706 730 4761 Sic
767 4709 909 4762 enim
949 4718 1052 4763 ter-

299 4799 445 4854 renis
465 4800 734 4869 apparuit,
761 4815 865 4854 non
896 4802 1055 4855 amit-

302 4901 419 4946 tens
474 4892 524 4945 id
569 4892 711 4962 quod
761 4902 913 4958 erat,
960 4894 1054 4947 sed

1200 4252 1521 4325 Ἀνθρωπος
1548 4253 1882 4325 ὠνόμασται,

1127 4340 1305 4395 καίτοι
1350 4340 1492 4395 κατὰ
1515 4342 1676 4412 φύσιν
1713 4344 1887 4415 ὑπάρ-

1127 4452 1236 4504 χων
1261 4434 1417 4500 Θεὸς,
1444 4437 1472 4489 ὁ
1509 4437 1575 4489 ὲκ
1610 4437 1745 4490 Θεοῦ
1777 4439 1889 4493 Πα-

1126 4524 1254 4593 τρός
1286 4526 1477 4593 Λόγος,
1493 4510 1496 4514 ’
1515 4527 1592 4590 ὡς
1630 4545 1889 4600 peream.

1130 4616 1242 4677 κὼς
1272 4616 1525 4686 αἵματος,
1559 4619 1654 4670 καὶ
1684 4621 1886 4686 σαρκὸς

1134 4708 1530 4778 παραπλησίως
1544 4711 1884 4785 ἡμῖν.“Ωφοη

1127 4799 1237 4869 γὰρ
1290 4800 1433 4854 οὕτω
1474 4805 1588 4867 τοῖς
1632 4806 1725 4859 ἐπὶ
1757 4806 1882 4877 γῆς,

1127 4894 1220 4944 καὶ
1276 4894 1336 4945 οὐ
1384 4893 1570 4965 μεθεὶς
1610 4897 1747 4966 ὅπερ
1794 4893 1884 4967 ἦν,

297 4998 582 5039 assumens
699 4983 1055 5040 humanitatis
1127 4983 1241 5035 ἀλλ’
1276 4986 1333 5037 ἐν
1379 4986 1681 5058 προσλήψει
1724 5006 1884 5057 γεγο-

299 5085 548 5129 naturam
610 5075 662 5130 in
696 5091 791 5131 sua
848 5077 1055 5133 ratione
1126 5075 1232 5139 νὼς
1276 5076 1375 5148 τῆς
1426 5078 1550 5131 καθ’
1588 5082 1736 5151 ἡμᾶς
1791 5084 1887 5136 ἁν-

296 5167 613 5241 perfectam.
1128 5169 1157 5222 Θ
1168 5171 1724 5241 ρωπότητος,τελείως
1738 5175 1889 5245 ἐχού-

1128 5281 1229 5335 σης
1254 5266 1397 5320 κατὰ
1424 5267 1517 5321 τὸν
1547 5268 1677 5323 ἴδιον
1702 5268 1880 5339 λόγού.

1978 490 2088 546 Deo
2128 501 2284 550 natus
2315 502 2398 549 est
2428 494 2610 549 Patre.
2648 494 2715 549 Et
2743 494 2795 550 id
2830 494 2986 551 nobis
3021 494 3428 552 evidentissime
3464 509 3555 549 sa-

1972 580 2349 651 pientissimus
2394 584 2588 640 Paulus
2635 584 2916 641 ostendit:
2951 603 2969 637 ι
3001 585 3215 641 Primus
3255 585 3425 650 enim,
3471 585 3556 639 iu-

1974 673 2115 742 quit,
2148 673 2307 728 homo
2333 690 2399 729 ex
2423 686 2567 730 terra
2592 675 2658 731 de
2690 675 2851 740 limo;
2895 675 3166 731 secundus
3202 691 3234 731 e
3269 676 3406 732 caalo
3429 674 3498 730 ’°.
3528 692 3547 726 ι

2046 764 2208 833 Atqui
2242 764 2405 838 Virgo
2436 775 2622 822 sancta
2657 767 2870 836 peperit
2905 767 3160 838 templum
3216 767 3393 823 Verbo
3431 765 3553 820 uni-

1974 864 2124 923 tum;
2164 858 2259 913 sed
2288 870 2319 912 e
2347 859 2486 914 cmlo
2526 857 2746 925 dicitur,
2780 866 2834 914 et
2884 868 3033 915 recte
3074 860 3289 929 quidem
3336 856 3556 911 Emma-
3644 880 3649 889 -

1974 947 2101 1003 nnel
2132 949 2404 1019 :desuper
2440 950 2581 1006 enim
2621 958 2677 1007 et
2713 966 2779 1007 ex
2822 951 3125 1007 substantia
3168 950 3261 1006 Dei
3303 959 3358 1005 et
3380 948 3558 1005 Patris

1974 1046 2159 1093 natum
2198 1049 2283 1095 est
2329 1041 2564 1096 Verbum
2607 1042 2775 1112 ipsius
2804 1060 2819 1098 :
2844 1042 3123 1097 descendit
3161 1056 3291 1097 vero
3321 1042 3388 1097 ad
3433 1055 3555 1107 nos,

1977 1139 2105 1184 tunc
2137 1143 2261 1185 cum
2291 1131 2491 1186 factum
2520 1139 2605 1187 est
2644 1133 2843 1199 homo;
2874 1141 3053 1187 tamen
3094 1132 3173 1187 sic
3211 1147 3427 1202 quoque
3457 1131 3557 1186 de-

1974 1238 2137 1293 super
2162 1233 2266 1279 est.
2294 1224 2550 1280 Testatus
2586 1233 2669 1281 est
2698 1234 2879 1279 autem
2915 1225 3077 1296 781
3110 1223 3349 1281 Joannes
3389 1225 3454 1280 de
3490 1240 3557 1281 eo

1975 1314 2219 1371 dicens:
2270 1333 2291 1367 ‹
2352 1316 2454 1381 Qui
2521 1315 2805 1372 desursum
2860 1317 3046 1382 venit,
3134 1331 3300 1386 supra
3367 1331 3557 1371 omnes

1971 1415 2057 1462 est
2076 1408 2144 1461 “.
2182 1426 2201 1458 ι
2243 1407 2309 1462 Ει
2355 1408 2469 1478 ipse
2512 1407 2761 1464 Christus
2808 1409 2886 1464 ait
2928 1410 2996 1465 ad
3045 1409 3299 1479 populum
3344 1408 3559 1465 «Ιυάωο-

1977 1513 2136 1554 rum:
2168 1516 2187 1551 ‹
2217 1499 2325 1555 Vos
2364 1501 2615 1556 deorsum
2666 1501 2799 1555 estis
2822 1540 2837 1565 ,
2879 1515 2982 1570 ego
3018 1501 3253 1570 desuper
3295 1514 3412 1556 sum
3435 1501 3502 1553 ”.
3531 1516 3551 1550 s

1977 1588 2044 1643 Et
2080 1606 2269 1646 rursus
2295 1609 2308 1645 :
2342 1610 2362 1644 ι
2395 1591 2506 1663 Ego
2531 1606 2637 1646 non
2664 1605 2787 1646 sum
2826 1606 2892 1646 ex
2930 1593 3033 1648 hoc
3064 1592 3261 1647 mundo
3283 1591 3353 1657 ’³,
3381 1609 3401 1643 ι
3431 1590 3557 1645 licet

1976 1696 2105 1751 pars
2127 1682 2309 1736 mundi
2334 1683 2475 1738 sicut
2498 1682 2661 1739 homo
2686 1691 3023 1753 nuncupatus
3046 1683 3142 1749 sit;
3167 1682 3262 1737 sed
3292 1691 3554 1736 eratcum

1980 1773 2083 1826 hoc
2117 1785 2336 1840 quoque
2381 1786 2547 1842 supra
2597 1772 2858 1826 mundum
2906 1780 2967 1825 ut
3003 1769 3165 1825 Deus.
3214 1768 3558 1824 Meminimus

1976 1862 2119 1917 enim
2146 1862 2300 1931 plane
2325 1863 2558 1917 dicentis
2588 1881 2602 1917 :
2637 1882 2655 1915 ‹
2688 1862 2756 1916 Ει
2779 1876 2940 1918 nemo
2974 1861 3223 1917 ascendit
3250 1861 3304 1927 in
3334 1860 3554 1926 cmlum,

1978 1953 2081 2008 nisi
2121 1954 2210 2023 qui
2248 1954 2527 2009 descendit
2568 1954 2634 2008 de
2665 1954 2805 2009 creto
2837 1952 3004 2008 Filius
3036 1952 3273 2007 hominis
3295 1950 3363 2005 “.
3398 1970 3417 2003 ι
3454 1950 3559 2005 De-

1978 2044 2257 2100 scendisse
2303 2053 2485 2101 autem
2522 2044 2754 2099 dicimus
2781 2045 2846 2097 dc
2897 2043 3034 2096 coelo
3074 2042 3267 2096 Filium
3301 2041 3556 2107 hominis,

1977 2149 2076 2204 per
2103 2136 2362 2191 unitatem
2396 2135 2876 2205 dispensatoriam,
2920 2133 3096 2189 Verbo
3136 2133 3409 2189 tribuente
3435 2148 3559 2202 pro-

1976 2229 2109 2299 pria:
2142 2227 2292 2284 carni
2334 2228 2521 2298 gloria:
2544 2242 2657 2284 suae
2696 2237 2752 2281 et
2783 2227 2977 2281 divinae
3017 2224 3317 2296 majestatis
3343 2225 3561 2280 claritu-

1980 2321 2184 2378 dinem.

2640 2431 2793 2491 CAP.
2830 2431 2899 2489 V.

1981 2548 2152 2619 Quam
2194 2548 2257 2603 ob
2295 2563 2512 2603 causam
2563 2548 2895 2603 exinanitum
2937 2510 3137 2602 dicitur
3166 2547 3264 2604 Dei
3313 2548 3560 2605 Verbum.

2050 2662 2273 2719 Plenum
2320 2666 2614 2720 secundum
2668 2674 2957 2731 naturam,
3009 2672 3065 2719 et
3110 2679 3179 2719 ex
3215 2663 3362 2720 omni
3408 2673 3563 2733 parte

1978 2754 2279 2824 perfectum
2328 2755 2494 2810 Deum
2548 2756 2806 2821 Verbum,
2852 2765 2905 2809 et
2956 2755 3285 2810 distribuens
3342 2769 3409 2809 ex
3462 2769 3561 2808 sua

1978 2844 2313 2914 plenitudine
2350 2843 2490 2898 bona
2532 2860 2628 2900 sua
2670 2854 2958 2911 creaturae,
3000 2860 3066 2900 eo
3092 2844 3235 2913 quod
3266 2843 3341 2898 ait
3371 2860 3385 2897 :
3416 2860 3435 2895 ι
3467 2842 3564 2896 Ei-

1980 2934 2199 2988 l'undam
2245 2935 2311 2989 de
2342 2933 2545 3002 Spiritu
2593 2950 2713 2989 meo
2739 2951 2901 3006 super
2940 2950 3156 2991 omnem
3192 2948 3411 2989 carnem
3436 2935 3502 2988 ¹³.
3539 2953 3560 2987 ι

1982 3027 2327 3081 Exiuanilum
2363 3026 2632 3093 dicimus;
2670 3027 2803 3081 nihil
2837 3030 2889 3081 in
2925 3038 3115 3081 natura
3153 3027 3369 3097 propria
3396 3026 3567 3081 viola-

1985 3128 2122 3183 tum,
2164 3133 2284 3182 nec,
2319 3127 2377 3172 ut
2418 3119 2577 3173 aliter
2622 3134 2681 3174 se
2726 3119 2973 3185 haberet,
3003 3127 3417 3183 commutatum,
3464 3135 3567 3175 nec

1985 3206 2212 3264 inferius
2245 3222 2309 3263 ex
2341 3209 2445 3263 ulla
2470 3217 2623 3279 parte
2642 3208 2846 3263 factum
2872 3209 3319 3264 :inconvertibile
3344 3209 3489 3265 enim
3512 3219 3569 3265 et

1986 3296 2320 3352 immutabile
2358 3306 2442 3353 est
2487 3300 2661 3368 ipsum
2695 3314 2945 3369 quoque,
2993 3299 3137 3353 sicut
3177 3308 3234 3354 et
3281 3307 3570 3369 generator

1986 3389 2180 3456 ipsius,
2232 3398 2286 3444 et
2362 3404 2634 3459 nunquam
2690 3389 2787 3445 fuit
2843 3389 3114 3459 passionis
3164 3388 3325 3444 ullius
3376 3405 3567 3461 capax.

1987 3478 2212 3543 Quando
2242 3494 2369 3534 vero
2404 3480 2607 3535 fartum
2642 3481 2742 3534 fuit
2766 3496 2918 3548 caro,
2954 3481 3005 3534 id
3035 3490 3119 3535 est
3165 3481 3349 3545 homo,
3385 3482 3571 3535 huma-

1987 3568 2177 3620 nitatis
2213 3580 2586 3634 paupertatem
2637 3571 2909 3639 propriam
2965 3570 3067 3624 sibi
3118 3569 3262 3625 fecit.
3307 3569 3571 3637 Primum,

1988 3660 2128 3730 quod
2160 3659 2327 3712 semel
2367 3660 2529 3713 homo
2555 3660 2627 3713 sit
2658 3660 2854 3725 factus,
2895 3661 2998 3714 etsi
3033 3660 3357 3715 remanserit
3384 3660 3528 3715 Deus
3555 3683 3569 3717 :

1989 3750 2186 3806 deinde
2213 3750 2355 3819 quod
2388 3750 2527 3805 servi
2561 3750 2790 3805 formam
2827 3750 3125 3819 acceperit,
3150 3749 3241 3819 qui
3276 3751 3571 3807 secundum

1989 3856 2143 3897 suam
2193 3850 2440 3896 naturam
2497 3842 2634 3897 liber
2678 3851 2784 3908 est,
2828 3851 3015 3911 utpote
3059 3842 3251 3898 Filius.
3287 3843 3464 3914 Atque
3496 3842 3570 3897 ita

1990 3945 2112 3986 cum
2143 3929 2216 3985 sit
2256 3932 2369 4000 ipse
2403 3929 2587 4002 gloria:
2612 3929 2893 3993 Dominus,
2923 3932 3149 4002 gloriam
3193 3932 3391 3987 dicitur
3420 3934 3572 3988 acci-

1991 4036 2157 4090 pere;
2193 4037 2315 4077 cum
2348 4022 2418 4087 sit
2461 4022 2573 4092 ipse
2609 4023 2739 4086 vita,
2774 4022 3030 4077 viviﬁcari
3067 4023 3401 4093 perhibetur,
3435 4025 3572 4079 etin

1991 4127 2180 4168 omnes
2205 4114 2403 4182 accipit
2428 4123 2772 4183 potestatem,
2797 4129 2918 4169 cum
2949 4114 3017 4169 sit
3043 4118 3156 4183 ipse
3178 4130 3270 4170 rex
3296 4116 3572 4183 omnium;

1992 4219 2224 4274 cumque
2253 4205 2364 4261 Deo
2385 4207 2456 4261 sit
2479 4207 2708 4275 aequalis
2738 4205 2909 4272 Patri,
2938 4206 3198 4293 obedigis
3222 4205 3324 4260 fuit
3355 4223 3571 4263 crucem

1994 4310 2205 4365 passus,
2243 4306 2297 4351 et
2335 4306 2550 4351 etetera.
2582 4295 2781 4351 Verum
2816 4310 2937 4351 cum
2986 4298 3100 4351 hanc
3133 4298 3346 4367 quidem
3379 4297 3573 4351 huma-

1996 4386 2181 4443 nitatis
2218 4402 2489 4443 mensura:
2541 4390 2909 4453 conveniant,
2946 4404 3008 4445 ea
3061 4399 3239 4443 tamen
3281 4386 3571 4443 familiaria

1921 4451 1965 4505 Β
1994 4478 2146 4535 ducit
2193 4495 2313 4537 esse
2358 4497 2478 4535 cum
2534 4495 2726 4548 carne,
2767 4481 3042 4551 et.implet
3088 4482 3569 4553 dispensationem,

1996 4588 2221 4627 manens
2247 4573 2388 4645 quod
2420 4581 2558 4628 erat.

2638 4686 2790 4744 CAP.
2835 4686 2926 4743 Vl.

2349 4796 2625 4863 Quomodo
2659 4815 2797 4854 unus
2833 4810 2908 4855 est
2946 4798 3210 4855 Christus.

2064 4907 2289 4963 Diviuus
2325 4907 2527 4965 Paulus
2567 4911 2757 4965 scribit
2789 4929 2801 4965 :
2842 4929 2861 4963 ι
2906 4912 3019 4966 Etsi
3058 4922 3184 4967 sunt
3219 4913 3293 4967 dii
3328 4911 3478 4967 multi
3512 4921 3568 4968 et

1992 5000 2194 5053 domini
2232 5000 2384 5055 multi
2431 5001 2485 5055 in
2517 5002 2678 5068 coelo,
2708 5013 2763 5057 et
2794 5003 2848 5057 in
2881 5015 3059 5071 terra;
3106 5006 3199 5060 sed
3244 5005 3399 5059 nobis
3429 5020 3567 5061 unus

1988 5091 2131 5146 Deus
2161 5091 2340 5157 Pater.
2387 5108 2453 5148 ex
2485 5109 2591 5162 quo
2630 5096 2834 5158 omnia,
2872 5105 2926 5149 et
2974 5110 3070 5150 nos
3097 5110 3163 5149 ex
3210 5110 3309 5162 eo;
3337 5105 3391 5151 et
3427 5110 3567 5151 unus

1988 5182 2250 5237 Dominus
2291 5181 2451 5239 Jesus
2486 5184 2763 5250 Christus,
2809 5200 2906 5255 per
2938 5200 3096 5255 quem
3134 5188 3339 5252 omnia,
3372 5197 3427 5241 et
3468 5200 3566 5242 nos

1982 5288 2078 5344 per
2098 5274 2222 5329 eum
2244 5275 2309 5330 “.
2345 5294 2363 5327 ι
2394 5275 2463 5330 At
2484 5292 2613 5332 vero
2638 5277 3070 5344 sapientissimus
3094 5277 3332 5333 Joannes
3354 5280 3421 5333 de
3453 5278 3564 5333 Deo

372 5346 760 5409 Verumtamen
809 5363 864 5408 ct
911 5355 960 5408 in
1013 5356 1348 5414 humanitate
1388 5359 1529 5416 Dcus
1564 5363 1787 5428 mansit,
1828 5374 1885 5419 et
1984 5366 2160 5422 Verbo
2184 5368 2340 5435 dixit,
2375 5370 2517 5438 quod
2555 5388 2573 5422 ι
2608 5368 2785 5424 omnia
2814 5384 2910 5439 per
2937 5370 3109 5441 ipsum
3146 5370 3285 5427 facta
3324 5380 3471 5440 sunt,
3503 5379 3560 5426 et

366 5528 408 5559 ¹³
444 5528 584 5581 Psal.
614 5545 757 5597 thx,
784 5531 837 5583 5.
948 5533 989 5565 ”
1023 5535 1210 5588 Matth.
1242 5552 1277 5597 l,
1304 5537 1396 5590 2|.

298 5598 337 5628 "’
378 5599 539 5651 Ilelir.
568 5615 626 5662 It,
659 5601 739 5653 H.
821 5603 864 5632 ²⁰
899 5601 1066 5662 lCor.
1102 5621 1186 5667 xv,
1222 5607 1305 5660 45.

294 5669 333 5697 ⁸⁸
371 5668 471 5723 lsa.
505 5685 646 5735 κων,
677 5672 727 5724 5.
807 5673 847 5702 ³⁸
882 5673 894 5724 l
929 5675 1049 5727 (iur.
1085 5675 1264 5742 κυιρῂ
1298 5680 1349 5727 ii.

1504 5540 1543 5571 ’³
1581 5538 1722 5594 Psal.
1753 5556 1893 5606 xmv,

1386 5611 1422 5637 "
1460 5608 1613 5662 Ιιιειιι.
1646 5625 1720 5673 Ill,
1753 5611 1837 5664 ³51.
1937 5616 1954 5640 ¹

2096 5544 2137 5574 ³⁵
2170 5542 2322 5599 JOan.
2353 5562 2404 5602 κ.
2429 5522 2517 5599 Ἦ.
2624 5500 2835 5602 ’⁷.11›ἰ‹ἰ.
2868 5546 2951 5600 l6.
3064 5547 3107 5578 ’⁸
3140 5544 3297 5599 Joan.
3326 5542 3551 5607 “1,17.

1962 5615 1978 5637 "
2014 5611 2164 5667 Joan.
2203 5631 2316 5679 \m,
2342 5617 2430 5669 “2'5.
2541 5618 2583 5645 ³³
2615 5615 2767 5671 Joan.
2799 5634 2904 5681 xiv,
2940 5619 3018 5669 lii.
3098 5618 3139 5647 "’
3172 5616 3324 5668 Joau.
3356 5611 3555 5675 ul,15.
