4016 6202
427 211 568 264 ιδη

423 423 532 468 tetn
575 413 765 468 beatus
800 413 1023 470 Gabriel
1064 423 1266 472 sanctae
1304 413 1507 485 Virgini
1552 418 1739 472 dicens
1770 437 1783 473 :
1823 439 1840 470 ι
1869 420 2008 476 Ecce

423 506 700 572 concipics
736 507 786 556 iu
819 516 996 568 utero,
1031 516 1081 560 et
1115 507 1294 573 paries
1325 507 1545 574 Filium,
1576 519 1631 563 et
1666 511 1886 566 vocabis
1914 529 2008 566 no-

423 611 546 654 tuon
586 599 702 664 ejus
744 595 925 650 Jesum
951 597 1016 648 ".
1049 617 1066 649 ι
1097 596 1231 651 Cum
1281 599 1440 667 igitur
1475 616 1572 668 per
1603 600 1876 657 Christum
1919 602 2008 658 Je-

423 705 540 741 sum
572 690 750 747 omnia
784 689 1002 744 divinus
1033 689 1232 745 Paulus
1262 690 1400 746 facta
1421 707 1542 748 esse
1575 703 2001 762 cmumentoret;

425 779 710 833 confirmet
741 792 918 834 autem
949 782 1052 834 vim
1082 784 1387 844 sententiae.
1417 793 1470 837 et
1491 784 1739 852 Opiﬁcem
1763 786 2005 840 omnium

421 873 594 928 fuisse
637 873 802 926 Deum
831 873 1191 941 evangelizet,
1231 890 1345 928 rem
1381 890 1563 930 veram
1613 877 1801 930 dicens
1833 893 2002 930 evan-

422 965 613 1034 gelista
663 966 914 1031 divinus;
951 968 1194 1034 designet
1227 979 1404 1022 autem
1454 970 1616 1022 etiam
1668 969 1843 1034 angeli
1877 984 2000 1036 vox,

422 1069 550 1113 vere
575 1072 638 1108 ex
667 1067 853 1112 sancta
886 1055 1102 1121 Virgine
1131 1071 1312 1110 uamm
1346 1073 1465 1112 esse
1496 1058 1679 1113 Jesunt
1705 1060 2002 1124 Christum,

422 1159 526 1198 nec
562 1146 769 1212 absque
801 1148 1138 1199 humanitate
1170 1149 1518 1217 intelligimus
1542 1150 1707 1203 Deum
1735 1150 2003 1217 Verbum;

423 1237 514 1296 sed
555 1253 720 1292 unum
755 1240 982 1294 dicimus
1013 1256 1077 1295 ex
1120 1241 1384 1296 ambobus
1427 1240 1703 1306 ellectum,
1754 1251 1806 1295 et
1839 1243 2002 1299 Deum

423 1331 696 1384 hominem
745 1330 968 1394 factum,
1015 1334 1265 1392 eumdem
1302 1349 1366 1388 ex
1417 1331 1599 1398 Patre,
1645 1344 1702 1388 ιιι
1746 1334 2003 1402 Verbum,

422 1432 613 1480 natum
647 1422 853 1486 divine,
884 1432 937 1476 et
959 1438 1024 1478 ex
1057 1424 1283 1476 muliere
1313 1424 1571 1486 immane,
1600 1434 1655 1478 nt
1679 1425 1955 1481 hominem
1987 1447 2000 1483 :

422 1526 528 1567 non
577 1523 830 1580 tauquam
879 1523 935 1565 ut
972 1514 1266 1568 scentulum
1298 1515 1619 1567 substantia:
1659 1515 1868 1568 initium
1907 1531 2000 1571 voc

423 1613 605 1664 catum
643 1615 768 1659 tunc
805 1620 926 1657 cum
975 1609 1267 1660 secundum
1307 1619 1526 1660 carnem
1568 1607 1766 1660 dicitur
1804 1618 1996 1675 natus;

1458 207 1516 262 S.
1557 206 1830 264 CYRILLI
1872 207 2343 267 ALEXANDRINI
2385 209 2700 268 ARCHIEP.

425 325 629 387 absque
669 337 735 376 eo
779 322 983 376 factum
1014 330 1100 378 est
1131 323 1263 376 nihil
1295 325 1360 376 ".
1396 341 1413 375 ι
1451 323 1875 397 Evangelizabat
1915 344 2010 382 au-
2041 335 2087 390 Δ

3583 211 3722 269 1378

2750 327 2909 384 CAP.
2945 327 3057 384 ΥΠ.

2433 421 2709 488 Quomodo
2755 436 2890 473 unus
2926 431 2999 474 est
3043 416 3376 476 Emmanuel.

2172 511 2488 568 Novissimis
2539 512 2754 568 swculis
2813 509 2952 564 Deus
3005 509 3239 564 Verbum
3292 512 3459 568 homo
3506 514 3720 570 dicitur

2110 602 2310 665 factus,
2362 611 2434 668 et,
2487 604 2627 656 sicut
2672 604 2749 656 ait
2786 601 3003 655 divinus
3044 601 3266 665 Paulus,
3306 621 3325 653 ε
3359 618 3458 672 per
3494 606 3720 660 sacrit}-

2109 696 2250 749 cinm
2303 710 2457 748 suum
2497 693 2877 748 manifestatus
2923 706 3003 744 est
3027 691 3094 744 “.
3129 711 3146 742 ι
3191 691 3255 745 Et.
3299 697 3586 762 quodnam
3630 708 3714 748 est

2108 784 2488 838 Sacrificium?
2524 804 2542 836 ι
2577 784 2746 837 Suum
2780 783 2922 836 enim
2949 796 3151 849 corpus
3175 781 3374 835 obtulit
3416 801 3517 851 pro
3554 787 3714 839 nobis

2109 871 2164 926 in
2199 876 2419 928 odorem
2466 874 2756 926 suavitatis
2803 870 2913 925 Deo
2963 880 3016 925 et
3058 869 3230 934 Patri,
3278 880 3332 924 et
3367 873 3607 931 intravit
3659 877 3713 929 in

2109 975 2294 1018 sancta
2348 963 2538 1026 semel,
2589 979 2694 1018 non
2748 977 2843 1032 per
2893 963 3213 1030 sanguinem
3265 963 3573 1031 hircorum,
3621 977 3712 1020 aut

2109 1065 2408 1120 taurorum,
2442 1058 2536 1110 sed
2574 1070 2668 1124 per
2700 1071 2858 1109 suum
2903 1056 3249 1125 sanguinem.
3281 1055 3372 1109 Sic
3401 1056 3554 1108 enim
3589 1067 3710 1111 cre-

2109 1147 2361 1202 dentibus
2398 1149 2448 1200 iu
2494 1163 2552 1202 se
2599 1147 2974 1202 remissionem
3019 1151 3070 1200 in
3115 1159 3383 1201 :rternum
3425 1163 3710 1218 compara-

2111 1237 2277 1290 vit".
2316 1255 2335 1287 ι
2390 1238 2534 1307 Ergo
2578 1237 2798 1306 plurimi
2837 1240 3054 1306 quidem
3112 1250 3240 1294 ante
3295 1240 3472 1308 ipsum
3522 1246 3707 1298 sancti

2107 1330 2296 1396 fuere;
2347 1332 2440 1384 sed
2481 1344 2640 1384 nemo
2669 1344 2854 1383 eorum
2889 1329 3208 1384 Emmanuel
3254 1331 3572 1388 nominatus
3604 1343 3706 1389 est.

2107 1422 2280 1490 Quam
2328 1423 2398 1476 ob
2443 1422 2711 1478 causam?
2748 1419 2998 1475 Nondum
3043 1422 3188 1476 enim
3222 1432 3444 1477 venerat
3493 1435 3712 1495 tempus

2107 1529 2212 1583 quo
2244 1515 2462 1569 deberet
2494 1528 2617 1568 esse
2659 1512 2963 1576 nobiscum,
3015 1513 3065 1567 id
3095 1525 3199 1578 est,
3234 1515 3288 1567 iu
3331 1526 3580 1570 nostram
3617 1532 3712 1573 ve-

2109 1607 2226 1660 nire
2256 1619 2506 1660 naturam
2538 1619 2634 1672 per
2667 1620 2914 1668 carnem,
2947 1606 2993 1661 is
3032 1606 3122 1673 qui
3153 1617 3235 1660 est
3268 1609 3412 1660 onmi
3449 1609 3712 1679 superior

424 1694 518 1752 sed
554 1705 736 1746 uatum
772 1696 986 1762 quidem
1025 1704 1150 1748 ante
1174 1696 1355 1748 omnia
1390 1697 1608 1760 saecu'a,
1654 1699 1889 1752 instante
1921 1708 2005 1753 ta-
2039 1682 2078 1737 Β
2112 1706 2381 1748 creatura.
2438 1695 2584 1749 Unus
2620 1695 2782 1763 igitur
2826 1696 3168 1761 Emmanuel,
3217 1699 3383 1753 semel
3425 1700 3575 1754 enim
3630 1701 3714 1754 fa-

422 1800 544 1837 men
594 1792 861 1850 tempore,
905 1799 1012 1853 quo
1057 1785 1317 1839 debuerat
1369 1788 1594 1858 implere
1643 1790 2006 1858 dispensatio-

421 1889 570 1938 nem,
606 1883 788 1928 natum
839 1877 1004 1929 etiam
1044 1893 1106 1932 ex
1153 1877 1382 1932 Innliere
1418 1880 1714 1934 secundum
1761 1899 2003 1942 carnem.

424 1962 615 2038 [Ergo,
638 1965 741 2020 etsi
779 1965 869 2017 alii
903 1966 1065 2020 simili
1101 1968 1465 2034 appellatione
1510 1972 1684 2023 vomti
1716 1983 1840 2028 sunt
1869 1975 2011 2028 chri-

421 2057 514 2118 sti,
546 2072 684 2109 unus
719 2066 899 2108 tamen
950 2067 1034 2112 est
1075 2074 1170 2127 per
1201 2074 1361 2128 quem
1411 2063 1616 2122 omnia.
1644 2061 1808 2119 Jesus
1841 2065 2003 2125 Chri~

420 2155 577 2209 stus;
628 2163 731 2200 non
769 2150 910 2214 quod
955 2151 1119 2202 homo
1153 2152 1225 2203 sit
1274 2150 1449 2208 fartus
1493 2154 1674 2221 Opilex
1715 2157 2004 2232 omnian

419 2238 512 2292 sed
561 2241 704 2308 quod
743 2239 883 2295 Deus
932 2240 1201 2295 Verbum:
1241 2263 1259 2294 ι
1293 2244 1390 2296 Per
1427 2260 1586 2314 quem
1636 2249 1816 2301 omnia
1862 2248 2003 2305 facta

420 2340 566 2389 sunt,
623 2330 872 2382 similiter
923 2345 986 2382 ac
1040 2347 1139 2392 nos
1190 2334 1531 2404 participat-it
1582 2339 1731 2391 carni
1778 2349 1832 2393 et
1882 2356 2007 2395 san-

419 2421 565 2490 guini
591 2423 657 2485 ",
692 2441 710 2472 ›
744 2433 797 2474 et
828 2433 1169 2492 nuncupatus
1196 2427 1267 2479 sit
1301 2428 1486 2490 homo,
1531 2445 1634 2483 non
1672 2442 1848 2486 tamen
1883 2448 2007 2502 per-

419 2511 620 2564 diderit
647 2527 790 2575 esse,
827 2514 967 2580 ρηυά
996 2524 1114 2566 erat
1148 2532 1161 2569 :
1197 2518 1270 2570 ita
1299 2520 1443 2572 enim
1479 2531 1532 2573 et
1564 2521 1614 2576 iu
1645 2535 1809 2578 carne
1835 2522 2008 2580 lactus

424 2604 748 2675 intelligitur
803 2611 1000 2666 merito
1034 2611 1215 2681 opifex
1246 2614 1509 2667 omnium.

943 2943 1106 3014 732
1138 2942 1290 2997 CAP.
1335 2943 1473 2999 vut.

704 3055 880 3122 Quam
914 3071 1025 3108 esse
1065 3058 1289 3110 dicimus
1320 3056 1720 3113 adunationem.

497 3187 574 3260 (τ)
612 3189 881 3242 ΑιΙιιιιτιιΞο
909 3189 1089 3240 multis
1109 3191 1283 3245 modis
1304 3190 1557 3258 impletur
1581 3214 1590 3242 τ
1610 3191 1838 3259 sejuncli
1862 3191 2004 3244 enim

424 3282 666 3335 nonnulli
702 3281 896 3334 affectu
940 3282 1023 3334 vel
1054 3282 1349 3344 vulutttate.
1379 3294 1430 3335 et
1467 3285 1839 3336 discordantes
1867 3285 2009 3337 inter

422 3387 502 3432 se.
544 3374 771 3426 adnnari
820 3373 1097 3438 dicttntur,
1140 3389 1238 3442 per
1293 3375 1787 3428 reruni-illatiouem
1833 3378 2007 3429 soeia-

423 3464 559 3525 lem,
595 3465 839 3531 deposita
875 3465 1172 3520 simultate.
1228 3467 1467 3520 Aduuari
1509 3468 1633 3521 item
1683 3469 1914 3522 dicimus
1945 3486 2004 3523 ea

422 3569 544 3623 quae
577 3555 680 3608 sibi
719 3554 1186 3624 conglutiuantnr,
1215 3557 1330 3610 sive
1361 3555 1536 3612 modis
1568 3557 1688 3611 aliis
1717 3558 2005 3612 conferun-

426 3657 534 3709 tur,
565 3659 655 3696 aut
691 3662 785 3714 per
809 3648 1287 3716 compositionem,
1314 3658 1404 3701 aut
1433 3663 1526 3716 per
1555 3650 1884 3716 mistionetu,
1915 3661 2007 3705 aut

425 3754 521 3808 per
555 3739 1019 3808 temperationem.
1059 3739 1282 3807 Quoties
1322 3752 1501 3794 autem
1549 3743 1843 3795 adunatum
1885 3757 2008 3798 esse

423 3841 624 3885 nostra:
655 3841 857 3886 natura:
894 3831 984 3885 Dei
1021 3833 1256 3887 Verbum
1291 3833 1540 3897 dicimus,
1572 3836 1720 3886 omni
1767 3836 2004 3889 humana

422 3923 750 3992 cogitatione
773 3926 1119 3978 aduuationis
1147 3923 1264 3993 ejus
1299 3923 1489 3977 modus
1517 3925 1734 3978 videtur
1756 3940 1879 3979 esse
1912 3944 2006 3979 su-

422 4017 624 4082 perior.
662 4015 848 4085 Neque
881 4017 1024 4070 enim
1061 4032 1156 4085 per
1182 4031 1344 4085 supra
1375 4016 1614 4086 scriptos
1653 4018 1841 4072 modos
1867 4016 2005 4072 facta

421 4112 504 4154 est
549 4117 748 4156 arcana
801 4104 908 4167 illa,
951 4113 1005 4156 et
1049 4103 1181 4158 nulli
1218 4103 1436 4174 penitus
1481 4115 1630 4170 nota,
1683 4106 1783 4162 nisi
1833 4109 1880 4160 ei
1919 4107 2004 4161 cui

420 4193 602 4247 omnia
635 4202 756 4246 nota
787 4205 934 4259 sunt,
968 4194 1118 4248 unio.

2111 1796 2230 1840 ctus
2263 1798 2346 1841 est
2391 1788 2552 1840 homo
2601 1784 2947 1856 Unigenitus,
2994 1797 3119 1840 tunc
3152 1804 3276 1842 cum
3311 1805 3408 1858 per
3452 1804 3708 1848 Sanctam

2113 1877 2390 1945 Virginem
2453 1879 2861 1946 generatiOnem
2917 1881 3192 1934 carnalem
3260 1898 3550 1952 perpessus
3600 1898 3704 1942 est.

2112 1969 2327 2024 Dictum
2356 1981 2437 2024 est
2468 1970 2614 2024 euint
2653 1981 2706 2023 et
2755 1971 2821 2023 ad
2853 1969 3034 2025 Jesum
3071 1972 3237 2025 lilium
3268 1974 3416 2028 Nave
3444 1993 3460 2029 :
3495 1995 3513 2028 ι
3547 1977 3709 2042 Quod

2110 2076 2206 2116 ero
2258 2063 2522 2116 tecmn".
2560 2080 2579 2113 ι
2615 2062 2683 2115 At
2726 2078 2829 2115 non
2875 2075 2995 2116 erat
3049 2064 3136 2117 ille
3189 2064 3529 2121 Ennnauuel.
3581 2067 3711 2121 Fuit

2112 2156 2276 2209 etiam
2311 2169 2433 2206 cum
2468 2154 2688 2225 Moyse;
2722 2157 2816 2208 sed
2850 2171 2949 2209 nec
2988 2155 3073 2210 ille
3107 2157 3424 2210 Ennnauuel
3455 2159 3708 2212 nomina-

2113 2256 2197 2300 tus
2229 2256 2332 2301 est.
2372 2246 2542 2316 Igitur
2575 2249 2791 2313 quoties
2823 2247 3074 2302 amlinms
3107 2263 3299 2300 nomen
3345 2248 3483 2302 Filio
3514 2250 3708 2303 datum

2111 2354 2253 2404 esse,
2314 2359 2334 2390 ο
2368 2341 2651 2393 uobiscum
2704 2340 2868 2402 Dens,
2901 2358 2920 2390 ι
2977 2340 3249 2406 sapienter
3299 2341 3705 2407 intelligamus,

2113 2447 2217 2485 non
2262 2431 2332 2484 ita
2377 2432 2548 2498 ipsum
2580 2430 2749 2483 fuisse
2781 2431 3059 2484 nobiscum
3095 2431 3402 2484 novissimis
3431 2433 3712 2500 tempori-

2114 2523 2236 2588 bus,
2271 2525 2414 2576 sicut
2444 2523 2641 2574 dicitur
2669 2522 2964 2588 aliquando
2990 2522 3151 2575 fuisse
3173 2537 3290 2575 cum
3322 2524 3563 2576 sanctis:
3599 2526 3713 2580 illis

2113 2615 2256 2666 enim
2309 2623 2428 2666 erat
2473 2621 2681 2665 tantum
2728 2613 2978 2681 adjutor;
3024 2613 3301 2667 nobiscum
3352 2625 3538 2666 autem
3582 2612 3703 2676 fuit.

2114 2704 2167 2759 ld
2194 2715 2297 2768 est,
2329 2706 2504 2758 tactus
2525 2713 2606 2758 est
2640 2704 2836 2758 similis
2870 2705 3066 2768 nostri,
3101 2721 3398 2758 cumsuam
3435 2720 3542 2759 nott
3569 2704 3708 2761 ami~

2114 2797 2273 2854 sisset
2314 2807 2560 2850 naturam
2589 2809 2606 2848 :
2635 2807 2716 2850 est
2752 2798 2896 2850 enim
2945 2797 3400 2862 inconvertibilis,
3447 2807 3508 2851 ut
3539 2796 3704 2853 Deus.

2717 2933 2971 2986 ΚΕΦΑΛ.
3014 2933 3096 2989 Η⁹.

2272 3046 2430 3108 Τίνα,
2468 3049 2642 3113 φησι,
2665 3047 2924 3118 λέγομεν
2951 3043 3104 3101 εἶναι
3138 3046 3254 3113 τὴν
3287 3047 3531 3100 ἕνωσιν.

2180 3180 2254 3233 Τὸ
2291 3180 2389 3250 τῆς
2437 3181 2681 3245 ἐνὼσεως
2713 3184 2901 3252 χρῆμα
2938 3184 3080 3236 κατὰ
3113 3183 3341 3246 πολλοὺς
3372 3183 3708 3237 ἐπιτελεῖται

2111 3269 2371 3339 τρόπους·
2419 3270 2738 3343 διῃρημένοι
2784 3275 2891 3344 γάρ
2934 3292 3082 3338 τινες
3123 3275 3266 3326 κατὰ
3311 3273 3546 3327 διάθεσιν
3611 3279 3705 3329 καὶ

2111 3361 2357 3432 γνώμην,
2395 3365 2488 3416 καὶ
2522 3364 2884 3433 διχονοοῦντες
2941 3366 3074 3436 πρὸς
3111 3367 3410 3436 ἀλλήλους.
3453 3365 3706 3420 ἐνοῦσθαι

2112 3453 2357 3528 λέγονται
2388 3456 2528 3508 κατὰ
2561 3456 2834 3524 σύμϐασιν
2856 3456 3096 3527 φιλικὴν,
3131 3459 3194 3509 ἐκ
3226 3458 3394 3528 μέσου
3423 3457 3706 3520 ποιοῦντες

2110 3548 2209 3610 τὰς
2247 3547 2542 3617 διαφοράς
2592 3547 2844 3599 ἐνοῦσοαι
2895 3547 2954 3600 δέ
2998 3565 3177 3618 φαμεν
3211 3551 3305 3602 καὶ
3352 3549 3418 3601 τὰ
3451 3547 3706 3617 ἀλλήλοις

2111 3640 2448 3710 κολλώμενα,
2483 3641 2651 3710 ἤγουν
2720 3639 3096 3708 συνηνεγμένα
3149 3640 3270 3694 καθ’
3324 3641 3545 3711 ἐτέρους
3579 3640 3704 3708 τρό.

2111 3748 2268 3794 «aug,
2314 3731 2346 3802 ἢ
2396 3731 2536 3781 κατὰ
2574 3728 2965 3799 παράθεσιν,ῆ
3009 3727 3240 3797 μίξιν,ἢ
3287 3729 3486 3799 κρᾶσιν
3515 3745 3526 3757 ·
3573 3725 3704 3778 ὅταν

2110 3817 2205 3874 οὖν
2237 3821 2489 3874 ἐνοῦσοαι
2528 3817 2762 3888 λέγομεν
2797 3822 2862 3889 τῇ
2909 3817 3028 3870 καθ’
3077 3820 3224 3889 ἡμᾶς
3275 3819 3436 3885 φύσει
3478 3817 3571 3870 τὸν
3604 3815 3701 3869 τοῦ

2111 3912 2247 3965 Θεοῦ
2274 3913 2468 3979 Λόγον,
2499 3910 2765 3980 κρείττων
2793 3909 2990 3979 ὁρᾶται
3019 3908 3119 3979 τῆς
3140 3908 3428 3981 ἀνθρώπου
3461 3909 3701 3972 διανοίας

2109 4005 2137 4054 6
2160 4007 2258 4074 τῆς
2283 4001 2526 4065 ὲνὼσεως
2551 4001 2747 4072 τρόπος
2774 4015 2787 4030 ·
2817 4000 2879 4052 οὐ
2908 4001 3017 4072 γάρ
3042 4019 3122 4054 τοι
3146 4002 3267 4055 καθ’
3294 4002 3389 4055 ἕνα
3417 4001 3527 4054 τῶν
3558 4004 3704 4072 εἰρη-

2114 4095 2290 4166 μένων
2348 4096 2526 4148 ἐστίν·
2579 4095 2896 4165 ἀπόρρητος
2929 4093 2985 4149 δὲ
3032 4095 3332 4161 παντελῶς,
3381 4095 3474 4147 καὶ
3519 4095 3702 4148 οὐδενὶ

2110 4189 2250 4258 τάχα
2280 4188 2388 4241 τῶν
2447 4189 2616 4242 ὄντων
2660 4187 3058 4256 διεγνωσμένος
3080 4229 3095 4253 ,
3127 4188 3267 4259 πλὴν
3305 4189 3382 4240 ὅτι
3415 4187 3562 4256 μόνῳ
3619 4187 3702 4255 τῷ

2112 4280 2287 4334 πάντα
2326 4280 2489 4332 εἰδότι
2517 4279 2653 4348 Θεῷ.

527 4369 594 4424 Et
644 4370 776 4424 nihil
841 4372 1068 4436 mirum,
1109 4371 1152 4424 si
1200 4372 1251 4424 in
1317 4372 1626 4438 hujusmodi
1679 4371 2005 4440 cogitatione

2183 4369 2292 4422 Καὶ
2329 4368 2639 4438 Θαυμαστὸν
2692 4373 2875 4435 οὐδὲν,
2915 4374 2962 4425 εἰ
3001 4371 3111 4423 τῶν
3172 4369 3420 4422 τοιούτων
3475 4367 3703 4418 ἐννοιῶν

418 4465 728 4525 vincamur,
776 4477 894 4515 cum
935 4479 1020 4515 res
1055 4474 1294 4528 nostras,
1343 4465 1614 4534 quomodo
1661 4481 1717 4519 se
1749 4466 1999 4529 habeant,

419 4554 784 4623 inquirrnles,
831 4553 969 4607 ultra
1008 4558 1224 4607 modum
1259 4565 1457 4609 nostra:
1505 4557 1701 4608 mentis
1738 4555 1998 4611 inventio-

420 4662 542 4702 nem
587 4661 706 4700 esse
750 4649 1144 4712 conliteamur;
1181 4661 1531 4716 quonamque
1579 4647 1735 4700 modo
1765 4649 2000 4701 animam

421 4738 658 4793 hominis
703 4753 801 4791 suo
834 4740 1050 4806 corpori
1088 4741 1377 4792 aduuatam
1407 4754 1529 4794 esse
1562 4739 1846 4810 putemus?
1871 4740 2002 4804 Quis

418 4839 502 4883 est
537 4831 626 4898 qui
661 4830 711 4882 id
738 4830 907 4898 possit
938 4829 1287 4896 exprimere?
1311 4830 1415 4884 Sed
1451 4831 1493 4884 si
1526 4842 1738 4899 Oportet
1770 4846 1882 4897 eos,
1909 4833 1997 4900 qui

418 4935 581 4992 parva
616 4935 680 4977 ea
730 4921 815 4975 vix
872 4921 1175 4991 intelligere
1226 4923 1468 4988 soleant;
1519 4924 1626 4977 imo
1674 4933 1727 4978 et
1777 4939 1870 4979 eos
1909 4926 1998 4993 qui

419 5012 629 5066 valeant
666 5013 989 5084 intelligere,
1038 5024 1145 5068 tam
1178 5014 1405 5069 subtiles
1440 5031 1524 5069 res
1562 5026 1614 5070 et
1644 5031 1859 5070 omnem
1909 5032 1997 5070 ra-

419 5104 620 5160 tionem
671 5109 1124 5164 transcendetttes
1175 5109 1482 5175 conjectare
1521 5128 1534 5162 :
1570 5111 1801 5164 dicimus
1855 5112 1996 5177 quod

418 5195 609 5250 deceat
643 5199 886 5266 cogitare
916 5200 1191 5272 (quamvis
1240 5202 1415 5257 tniuor
1449 5201 1518 5255 sit
1547 5202 1722 5256 oratio
1753 5201 1817 5254 ad
1857 5202 1994 5255 veri-

487 5423 529 5454 "
563 5421 716 5476 Joan.
766 5441 801 5486 ι,
857 5426 911 5480 3.
1007 5432 1049 5461 "
1082 5429 1210 5484 Luc.
1266 5432 1417 5496 t,5l.

1523 5434 1567 5464 "
1605 5433 1763 5488 Hebr.
1821 5449 1876 5492 ιι,
1933 5431 2015 5484 Η.

2111 4460 2429 4533 ἡττώμεθα·
2467 4462 2555 4514 ὅτε.
2590 4464 2656 4516 τὰ
2693 4464 2814 4517 καθ’
2853 4467 3000 4534 ἡμᾶς
3032 4465 3231 4525 αὐτοὺς
3283 4463 3431 4522 ὅπως
3473 4458 3540 4512 ἂν
3585 4458 3701 4528 ἔχοι

2109 4553 2551 4625 διερευνώμενοι,
2582 4558 2677 4625 τῆς
2732 4556 2963 4626 ἐνούσης
3006 4558 3136 4626 ἡμῖν
3169 4552 3404 4615 διανοίας
3438 4551 3702 4603 ἐπέκεινα

2109 4647 2210 4716 τὴν
2241 4646 2547 4716 κατάληψιν
2573 4648 2946 4718 ὁμολογοῦμεν
2975 4644 3410 4718 ὑπάρχειν.Τίνα
3437 4642 3546 4712 γὰρ
3580 4643 3698 4713 τῴ-

2114 4755 2212 4790 πον
2245 4738 2488 4808 ἡνῶσθαι
2531 4738 2761 4808 νοοῦμεν
2805 4740 2904 4809 τὴν
2937 4739 3032 4793 τοῦ
3083 4739 3372 4811 ἀνθρώπου
3413 4736 3594 4807 ψυχὴν
3623 4736 3700 4806 τῷ

2116 4829 2230 4899 ἰδίῳ
2258 4833 2505 4902 σώματι;
2541 4831 2636 4894 Τίς
2687 4833 2714 4884 ὁ
2754 4831 2960 4901 φράσαι
3004 4832 3334 4901 δυνάμενος;
3365 4829 3424 4881 ΕΞ
3463 4828 3520 4880 δὲ
3572 4827 3698 4898 χρὴ,

2111 4923 2284 4994 μικρὰ
2321 4926 2416 4978 καὶ
2436 4924 2588 4994 μόλις
2619 4926 2820 4977 ἐννοεῖν
2861 4925 3139 4987 εἰωθότας.
3166 4923 3261 4977 καὶ
3279 4922 3462 4975 λαλεῖν
3492 4919 3702 4990 ἰσχύον-

2105 5034 2236 5081 τας,
2272 5017 2379 5070 τῶν
2415 5015 2585 5079 οὕτως
2641 5017 2836 5085 ἰσχνῶν
2861 5058 2876 5082 ,
2915 5017 3010 5070 καὶ
3059 5015 3198 5086 ὑπὲρ
3249 5013 3374 5067 νοῦν
3411 5013 3507 5066 καὶ
3543 5009 3703 5078 λόγον

2108 5110 2451 5178 πραγμάτων
2476 5109 3022 5181 κατατεκμήρασοαι,
3051 5107 3253 5176 φαμὲν,
3279 5106 3358 5157 ὅτι
3395 5103 3598 5174 πρέποι
3634 5101 3702 5154 ἂν

2108 5205 2334 5257 ἐννοεῖνο
2367 5203 2534 5275 μείων
2557 5206 2612 5258 δὲ
2648 5205 2866 5267 πάντως
2891 5202 2990 5271 τῆς
3022 5199 3280 5272 ἀληθείας
3305 5200 3333 5251 6
3362 5197 3517 5265 λόγος
3537 5212 3550 5225 ·
3584 5209 3708 5249 τοι.

2710 5429 2747 5458 ³⁸
2785 5428 2917 5481 Ibid.

2125 5431 2168 5461 '°
2204 5429 2366 5485 Hebr.
2400 5447 2472 5491 ιχ,
2507 5432 2593 5484 l2.
2710 5429 2747 5458 "
2785 5428 2917 5481 lhid.
3001 5429 3041 5461 δ’
3077 5427 3240 5483 Josue
3266 5444 3298 5493 ι,
3333 5443 3384 5482 v.

490 5633 563 5694 ll!
625 5634 916 5691 Autbcrtus
972 5635 1269 5689 versionem
1338 5637 1651 5693 Mercatoris
1713 5642 1999 5696 emendare
2045 5638 2208 5694 voluit
2237 5637 2314 5708 lex
2345 5635 2552 5694 Graeco.
