3946 6202
200 275 336 334 157⁸1

1120 261 1415 323 SCHOLIA
1458 261 1545 320 DE
1583 256 2101 318 iNCARNA'l‘lONE
2140 258 2521 320 UNlGENlTl.

3337 268 3479 331 ιδτσ

200 389 372 460 αὐτην
400 383 668 457 εἶναιτὴν
696 382 894 438 ῐνωσιν
930 378 1026 434 τοῦ
1082 376 1456 451 Ἐμμανουὴλ,
1497 376 1787 446 ὸποίανπεε

1902 372 2092 443 tatem)
2128 371 2290 428 talem
2320 387 2442 430 esse
2486 374 2872 431 stlttnationem
2921 373 3093 446 tpsitts
3123 375 3474 446 Emmanuel,

199 480 267 535 ἂν
299 476 577 549 λογίσαιτό
608 492 693 539 τις
722 474 820 528 καὶ
842 472 944 542 τὴν
970 468 1096 543 [ῖσ.
1128 472 1231 541 τῆς
1254 469 1351 523 τοῦ
1378 468 1537 538 ἀνθρ.
1566 462 1783 539 ψυχῆς]

198 570 292 627 τοῦ
317 570 610 641 ἀνθρώπου
641 567 820 638 ψυχῂν
849 564 987 635 πρὸς
1006 562 1070 616 τὸ
1090 562 1226 616 ἴδιον
1260 560 1441 632 σῶμα.
1478 558 1785 615 οἰκειοῦται

197 662 308 733 γὰρ
332 664 365 733 ἡ
391 660 537 731 ψυχὴ
557 659 626 712 τά
654 656 748 711 τοῦ
783 655 1057 726 σώματος,
1084 651 1263 706 καίτοι
1296 652 1436 706 κατά
1467 651 1627 720 φύσιν
1653 649 1786 703 ἰδίαν

197 755 464 824 ἀμέτοχος
489 747 627 804 οὖσα
664 747 775 801 τῶν
810 744 976 800 αὑτοῦ
1010 742 1203 798 παθῶν
1250 741 1499 810 φυσικῶν
1543 758 1603 795 τε
1644 740 1785 811 ἃμα,

196 844 291 897 καὶ
321 842 433 896 τῶν
460 841 664 907 ἔξωθεν
704 837 1087 907 ἐπαγομένων.
1119 835 1370 887 Κινεῖται
1424 833 1521 904 μὲν
1565 833 1675 903 γὰρ
1707 834 1785 896 εἰς

195 930 405 1002 ὀρέξεις
433 930 496 984 τὸ
532 930 694 998 σῶμα
727 926 986 996 φυσικὰς,
1009 925 1104 978 καὶ
1127 922 1546 976 συναισθάνεται
1576 921 1663 973 διὰ
1686 921 1786 992 τὴν

193 1021 389 1075 ἶνωσιν
421 1022 455 1091 ἡ
498 1018 696 1072 ἐνοῦσα
729 1017 905 1088 ψυχή’
938 1014 1302 1085 συμμετίσχει
1338 1012 1396 1065 δὲ
1439 1013 1562 1065 κατ’
1595 1011 1786 1065 οὐδένα

190 1113 430 1185 τρόπον.
461 1108 633 1163 ore“;
664 1124 727 1178 γε
761 1109 867 1178 μὴν
901 1106 1038 1159 ἰδίαν
1087 1105 1388 1158 ἀπόλαυσιν
1419 1096 1562 1154 εἶναι
1597 1100 1658 1154 τὸ
1686 1100 1786 1171 τῆς

191 1202 428 1277 ὀρέξεως
457 1202 830 1271 ἀποτέλεσμαο
860 1198 964 1252 κᾶν
993 1198 1043 1250 εἰ
1083 1194 1469 1261 καταξαίνοιτο
1514 1192 1678 1264 τυχὸν
1722 1190 1785 1245 τὸ

196 1294 383 1364 σῶμα,
430 1295 525 1346 καὶ
563 1290 768 1361 σιδήρῳ
825 1287 1210 1353 καταξαίνοιτο
1240 1286 1497 1354 συναλγεῖ
1549 1285 1669 1355 μὲν,
1708 1283 1786 1348 ὡς

198 1385 331 1440 ἰδίου
355 1385 657 1455 πάσχοντος
686 1382 969 1452 σώματος’
1006 1380 1145 1450 αὐτή
1174 1395 1238 1448 γε
1270 1378 1378 1449 μὴν
1411 1380 1494 1442 εἰς
1523 1376 1659 1430 ἰδίαν
1684 1376 1786 1446 ipti-

197 1493 281 1533 σιν
314 1477 414 1531 οὐκ
444 1476 510 1530 ἄν
534 1492 588 1528 τι
623 1473 787 1528 πάθοι
810 1474 922 1527 τῶν
952 1472 1427 1542 ἐπενηνεγμένων.

265 1568 418 1640 Πλὴν
440 1568 535 1621 καί⁹
572 1566 715 1636 ὑπὲρ
744 1563 904 1618 τοῦτό
944 1580 1129 1634 φαμεν
1161 1563 1256 1616 ἐπὶ
1283 1561 1382 1615 τοῦ
1430 1558 1785 1633 Ἐμμανουήλ

1893 467 2108 536 qualem
2158 469 2281 537 quis
2330 466 2594 540 intelligat
2633 472 2871 522 animam
2921 469 3157 525 hominis
3200 472 3266 525 ad
3315 486 3474 529 suum

1893 572 2091 628 corpus
2129 558 2348 614 habere.
2385 558 2491 631 [(l)
2536 560 2730 614 Anima
2771 561 2914 614 enim
2956 561 3137 616 omnia
3185 576 3306 633 qua:
3347 569 3477 621 sunt

1893 650 2160 719 corporis,
2190 665 2311 705 esse
2355 660 2569 719 reputat
2602 666 2721 716 sua,
2762 651 2890 707 licet
2916 668 3016 722 per
3049 666 3299 709 naturam
3341 668 3473 726 pro-

1894 742 2066 810 priam
2097 757 2292 811 expers
2324 743 2392 796 sit
2426 741 2506 813 (2)
2539 744 2881 811 passionibus
2923 746 3192 814 corporis,
3218 756 3274 801 et
3312 757 3473 803 natu-

1893 832 2121 896 ralibus,
2150 841 2203 886 et
2222 847 2345 902 qua:
2371 837 2711 889 extrinsecus
2740 836 3033 889 accedunt:
3056 848 3302 892 movetur
3322 839 3470 895 enim

1894 937 2089 993 corpus
2136 923 2189 977 in
2239 926 2712 994 concupiscendus
2755 927 3050 990 naturales,
3089 938 3145 982 et
3193 930 3469 985 consentit

1893 1017 2092 1082 anima,
2141 1025 2196 1071 et
2246 1017 2395 1072 nullo
2441 1018 2565 1071 licet
2613 1018 2772 1071 modo
2815 1020 3165 1089 participans,
3205 1020 3469 1091 cont-upi-

1892 1105 2112 1158 scentite
2149 1113 2329 1159 tamen
2376 1106 2580 1160 exitum
2616 1106 3031 1162 delectationem
3065 1113 3335 1180 prapriam
3371 1113 3477 1169 du-

1893 1193 1988 1249 cit.
2027 1194 2093 1249 Et
2125 1196 2170 1251 si
2223 1195 2363 1251 forte
2392 1197 2537 1252 ferro
2580 1210 2780 1268 corpus
2820 1200 3179 1267 percutiatur,
3218 1210 3311 1256 aut
3358 1213 3476 1257 tor-

1890 1296 2145 1357 queatur,
2187 1289 2439 1344 condolet
2478 1289 2568 1343 illa
2601 1289 2845 1358 quidem,
2878 1291 3022 1361 quod
3069 1307 3225 1345 suum
3273 1306 3472 1362 corpus

1889 1381 2133 1448 patiatur
2162 1397 2177 1435 :
2207 1381 2321 1449 ipsa
2371 1395 2498 1435 vero
2532 1381 2584 1435 itt
2635 1394 2733 1436 sua
2782 1394 2976 1436 natura
3028 1383 3233 1437 nullunt
3267 1383 3473 1452 patitur

1889 1469 2111 1525 Omnino
2140 1478 2492 1526 tormentum.

1960 1559 2169 1616 Tamen
2214 1577 2379 1631 super
2427 1562 2531 1617 ltoc
2579 1576 2798 1632 quoque
2835 1563 3065 1619 dicimus
3112 1579 3233 1622 esse
3265 1570 3471 1623 aduna-

194 1659 292 1732 τὴν
324 1652 664 1713 ῑνωσιν.Ἶὶν
693 1656 792 1727 μὲν
825 1657 936 1727 γάρ
967 1657 1290 1725 ἀναγκαῖον,
1319 1654 1398 1726 τῷ
1424 1654 1536 1725 ἰδίῳ
1567 1655 1784 1724 σώματι

1897 1653 2117 1719 tionem,
2170 1667 2289 1725 qum
2339 1653 2507 1709 estin
2561 1653 2915 1709 Etumanttele
2944 1656 3085 1711 facta
3115 1674 3128 1711 :
3160 1668 3280 1712 erat;
3325 1662 3470 1715 enim

198 1750 483 1820 συναλγεῖν
509 1751 609 1820 τὴν
643 1747 942 1801 ἑνωθεῖσαν
986 1747 1170 1817 ψυχήν
1191 1763 1204 1775 ·
1243 1746 1331 1800 ῖνα
1366 1743 1645 1813 φεύγουσα
1680 1743 1783 1808 τὰς

1897 1757 2116 1798 necesse
2159 1759 2281 1798 cunt
2314 1760 2414 1799 suo
2443 1757 2672 1812 corpore
2701 1745 2991 1797 adunatam
3025 1747 3072 1798 ei
3107 1748 3342 1802 animam
3374 1752 3469 1802 do-

196 1840 401 1904 αἰκίας,
437 1840 651 1911 εὐήνιον
695 1839 963 1908 ὑποφέροι
1009 1839 1089 1910 τῷ
1127 1837 1249 1909 Θεῷ
1269 1837 1361 1891 τὸν
1392 1836 1617 1907 αὐχένα.
1656 1835 1782 1890 Ἐπὶ

1897 1832 2025 1900 lere,
2060 1832 2140 1904 (3)
2174 1842 2231 1887 ttt
2274 1836 2401 1887 dum
2435 1834 2658 1889 timebat
2694 1836 3001 1905 passiones,
3048 1836 3318 1892 subditam
3348 1851 3473 1895 cer-

193 1932 255 1987 δι
286 1948 349 2001 γε
379 1932 474 1985 τοῦ
493 1931 629 1986 Θεοῦ
664 1932 845 1999 Λόγου
875 1931 935 1985 τὸ
970 1929 1427 1985 συναισθάνεσθαι
1456 1928 1565 1982 τῶν
1590 1929 1785 1984 αἰκιῶν

1897 1923 2061 1978 vicem
2092 1924 2202 1979 Deo
2224 1922 2617 1999 submitteret].
2655 1926 2728 1981 De
2760 1926 2872 1981 Deo
2908 1937 3087 1981 autem
3118 1928 3290 1983 Verbo
3343 1940 3475 1985 con-

194 2023 399 2080 ᾱτοπον
422 2024 599 2077 εἰπεῖν
622 2040 636 2055 ·
672 2023 885 2087 ἀπαθὲς
908 2024 1019 2095 γὰρ
1045 2024 1107 2078 τὸ
1151 2022 1330 2083 Θεῖον.
1373 2022 1468 2076 καὶ
1492 2022 1594 2075 οὐκ
1624 2021 1683 2075 ἐν
1719 2038 1785 2090 γε

1897 2016 2073 2071 dolere
2102 2019 2446 2087 passiouibus
2475 2019 2626 2074 nefas
2654 2031 2733 2075 est
2761 2020 2949 2075 dicere
2975 2037 2989 2073 :
3022 2020 3189 2092 783
3223 2022 3476 2091 impassi-

196 2118 310 2180 τοῖς
329 2115 449 2169 καθ’
480 2115 631 2187 ἡμᾶς
651 2131 664 2144 ’
691 2114 804 2168 ἀλλ’
831 2116 1011 2187 ἥνωτο
1039 2116 1138 2187 μὲν
1167 2114 1356 2186 σαρκὶ,
1380 2113 1558 2185 ψυχὴν
1581 2113 1786 2188 ἐχούσῃ

194 2204 295 2277 τὴν
319 2206 546 2279 λογικήν
567 2221 579 2236 ’
615 2206 932 2277 πασχούσης
956 2206 1014 2261 δὲ
1044 2209 1233 2279 αὐτῆς,
1266 2206 1497 2271 ἀπαθῶς
1519 2202 1588 2278 ἦν
1619 2208 1678 2259 ὲν
1703 2209 1785 2259 εἰ-

194 2298 351 2371 δήσει
384 2299 494 2352 τῶν
525 2300 608 2361 εἰς
636 2299 808 2369 αὐτὴν
830 2300 1131 2369 γινομένων
1155 2314 1169 2331 ·
1199 2301 1294 2353 καὶ
1316 2299 1548 2369 ἠφάνιζε
1582 2299 1682 2370 μὲν
1708 2297 1787 2362 ὡς

193 2390 330 2455 Θεὸς
372 2392 474 2455 τὰς
512 2391 609 2461 τῆς
644 2390 846 2459 σαρκὸς
891 2391 1211 2455 ἀσθενείας,
1262 2390 1527 2463 ᾠκειοῦτὸ
1567 2406 1631 2458 γε
1676 2389 1785 2462 μὴν

192 2483 365 2547 αὑτὰς
400 2483 476 2547 ὡς
504 2483 634 2535 ἰδίου
666 2481 920 2552 σώματος
942 2499 956 2513 ’
985 2482 1128 2536 οῦτω
1160 2484 1254 2537 καὶ
1280 2482 1538 2554 πεινῆσαι
1566 2481 1786 2551 λέγεται

193 2576 290 2631 καὶ
320 2577 541 2647 καμεῖν,
578 2575 675 2630 καὶ
712 2574 906 2629 παθεῖν
942 2576 1083 2647 ὑπὲρ
1109 2574 1296 2647 ἡμῶν.

269 2837 484 2894 Οὐκοῦν
507 2838 896 2910 παρεικάζοιτο
930 2838 996 2892 ἂν
1022 2839 1054 2909 ἠ
1088 2839 1282 2903 ἓνωσις
1319 2837 1413 2892 τοῦ
1443 2838 1620 2908 Λόγου
1648 2839 1782 2911 πρὸς

191 2934 256 2985 τὸ
276 2930 618 3004 ἀνθρώπινον
647 2932 746 2985 οῦκ
772 2931 882 2985 ἀπὸ
919 2930 1123 2986 σκοποῦ
1152 2934 1268 2996 τοῖς
1300 2931 1424 2986 καθ’
1459 2934 1627 3004 ἡμᾶς.
1655 2928 1785 2986 Ὄσ-

191 3039 303 3097 περ
324 3024 436 3095 γὰρ
467 3025 758 3094 ἑτεροφυὲς
794 3024 893 3094 μὲν
917 3024 977 3078 τὸ
1009 3024 1170 3095 σῶμα
1196 3025 1332 3097 πρὸς
1352 3025 1450 3097 τὴν
1478 3025 1676 3097 ψυχὴν,
1702 3020 1784 3090 εἷς
1809 3084 1851 3129 Γ

187 3132 259 3185 γε
294 3116 401 3187 μὴν
442 3113 503 3179 ἐξ
535 3116 741 3185 ἀμφοῖν
782 3113 1071 3186 ἄνθρωπος
1097 3115 1445 3170 ἀποτελεῖται
1481 3118 1578 3171 καί⁹
1626 3116 1783 3185 λέγε-
1809 3113 1853 3143 υ

186 3223 285 3262 ται
304 3222 319 3238 ·
351 3204 495 3260 οὕτω
528 3206 623 3259 καὶ
645 3208 711 3259 ὲκ
740 3205 954 3269 τελείας
984 3206 1339 3270 ὑποστάσεως
1386 3205 1481 3259 τοῦ
1515 3204 1650 3260 Θεοῦ
1680 3207 1783 3261 Λό-

187 3312 316 3368 γου,
351 3296 447 3351 καὶ
482 3296 589 3367 μὴν
630 3298 728 3351 καὶ
757 3297 819 3361 ἐξ
845 3297 1267 3368 ἁνθρωπότητος
1298 3297 1520 3361 τελείως
1550 3297 1783 3370 ἐχούσης

190 3390 339 3446 κατὰ
359 3388 452 3443 τὸν
480 3390 612 3443 ἴδιον
633 3390 814 3457 λόγον,
844 3384 925 3453 εἷς
951 3392 979 3442 ὁ
1009 3389 1265 3459 Χριστὸς,
1285 3391 1313 3441 ὁ
1336 3389 1498 3451 αὐτὸς
1523 3390 1783 3460 ὑπάρχων

192 3487 256 3538 ὲν
273 3479 455 3551 ταυτῷ
484 3482 615 3544 Θεὸς
639 3498 700 3534 τε
724 3481 862 3552 ὁμοῦ
894 3483 988 3534 καὶ
1017 3479 1325 3551 ἄνθρωπος.
1354 3480 1464 3532 Καὶ
1489 3480 1785 3536 οἰκειοῦται

198 3575 300 3648 μὲν
327 3576 356 3629 ὁ
384 3574 576 3642 Λόγος,
611 3574 688 3638 ὡς
717 3573 876 3645 ἔφην,
914 3573 985 3626 τά
1013 3573 1113 3642 τῆς
1153 3572 1287 3634 ἰδίας
1320 3570 1544 3642 σαρκὸς,
1576 3572 1657 3624 ὅτι
1695 3572 1787 3625 καὶ

195 3668 364 3723 αὐτοῦ
392 3670 454 3723 τὸ
486 3668 667 3738 σῶμα,
722 3668 818 3720 καὶ
859 3666 957 3734 οὐχ
1011 3665 1235 3734 ἑτέρον
1290 3666 1678 3718 κοινοποιεῖται
1728 3664 1787 3718 δὲ

196 3761 387 3834 ὥσπερ
421 3765 489 3833 τῇ
528 3761 637 3831 ἰδίᾳ
670 3759 837 3830 σαρκὶ
862 3757 962 3828 τῆς
1000 3756 1227 3827 ἐνούσης
1266 3756 1417 3827 αὐτῷ
1449 3756 1786 3828 θεοπρεποῦς

196 3852 480 3923 δυνάμεως
519 3852 619 3923 τὴν
669 3850 984 3919 ἐνέργειαν·
1029 3847 1172 3901 ὥστε
1218 3845 1478 3901 δύνασθαι
1509 3849 1603 3901 καὶ
1652 3848 1789 3914 ζωο-

200 3946 378 3997 ποιεῖν
416 3942 545 4007 τοὺς
603 3940 869 4012 νεκροὺς,
924 3940 1020 3994 καὶ
1068 3938 1251 3994 ἰᾶσθαι
1308 3939 1437 4003 τοὺς
1488 3940 1547 3992 ἐν
1597 3940 1782 4013 ἀρῤωα

200 4030 403 4096 «istic.

805 4165 1061 4221 ΚΕΦΔΛ.
1101 4165 1178 4220 0'.

678 4278 821 4348 Περι
850 4278 963 4335 τοῦ
999 4278 1316 4348 ἄνθρακος.

271 4392 338 4445 Et
467 4391 598 4465 χρὴ,
640 4390 740 4446 καὶ
775 4394 888 4456 τοῖς
926 4392 994 4446 εκ
1025 4391 1122 4461 τῆς
1152 4390 1518 4483 θεοπνεύστου
1560 4395 1787 4468 Γραφῆς
1818 4424 1864 4483 η

200 4479 615 4551 παραδείγμασι
645 4483 1044 4553 κεχρημένους,
1070 4480 1325 4556 καθάπερ
1359 4484 1418 4538 ἰν
1451 4483 1643 4551 τύποις
1695 4487 1789 4542 τὸν

202 4570 302 4642 τῆς
331 4570 576 4635 ἑνώσεως
608 4573 926 4638 καταδεῖξαι
966 4574 1188 4645 τρόπον,
1225 4577 1358 4648 φέρε
1405 4576 1679 4647 λέγωμεν.
1727 4577 1787 4632 '0

205 4661 478 4732 μακάριος
504 4662 755 4728 Ἡσαΐας,
795 4664 1148 4737 Ἀπεστάλη,ι
1179 4669 1333 4739 φησι,
1354 4667 1489 4739 πρός
1511 4684 1579 4738 με
1595 4667 1655 4723 ἓν
1672 4668 1785 4723 τῶν

206 4753 466 4825 Σεραφίμ
486 4766 500 4781 '
532 4753 627 4807 καὶ
657 4754 716 4807 ἂν
738 4756 808 4826 τῇ
848 4758 994 4827 χειρὶ⁹
1020 4751 1166 4829 εἶχεν
1206 4758 1473 4830 ἀνθρακα,
1496 4759 1557 4813 ὃν
1598 4762 1665 4833 τῇ
1690 4760 1784 4813 λαο

201 4840 316 4899 σίδι
342 4843 534 4898 ἔλασεν
555 4842 665 4899 ἀπὸ
694 4842 791 4898 τοῦ
814 4846 1205 4920 θυσιαστηρίου
1224 4862 1240 4879 '
1261 4849 1354 4902 καὶ
1373 4844 1508 4921 ἦλθε
1531 4851 1667 4920 πρὸς
1696 4866 1786 4923 με,

201 4937 299 4990 καὶ
321 4937 501 5007 ἥψατο
525 4935 635 4991 τῶν
665 4937 890 5007 χειλέων
931 4957 1059 5011 μου,
1098 4942 1196 4995 καὶ
1225 4935 1407 4995 εἶπεν·
1444 4942 1583 4996 Ἰδοὺ
1611 4943 1792 5014 ἥψατο

200 5028 363 5081 τοῦτο
395 5028 507 5081 τῶν
534 5030 759 5100 χειλέων
784 5048 902 5097 σου,
937 5037 1033 5087 καὶ
1068 5033 1261 5102 ἀφελεῖ
1284 5033 1382 5096 τὰς
1408 5033 1637 5103 ἀνομίας
1667 5050 1788 5099 σου,

201 5120 300 5174 καὶ
337 5120 434 5185 τὰς
459 5122 737 5193 ἁμαρτίας
766 5141 859 5177 σου
892 5123 1301 5196 περικαθαριετ.
1324 5143 1344 5178 t
1376 5123 1563 5195 Φαμὲν
1602 5123 1660 5177 δὲ
1688 5125 1782 5178 τὸν

276 5298 321 5329 ⁸⁷
356 5297 458 5353 lsa.
484 5315 559 5363 Vl,
583 5299 637 5368 6,
662 5300 718 5355 7.

286 5478 360 5548 tl)
403 5476 516 5532 lloc
561 5478 926 5548 fragmentum
959 5479 1148 5534 iisdem
1194 5480 1364 5536 ferme
1392 5480 1572 5535 verbis
1613 5478 1782 5534 refert

200 5544 491 5599 Facundos
525 5549 617 5599 lib.
654 5564 735 5599 ιι.
763 5565 881 5599 can.
917 5550 966 5599 'l.

250 5549 491 5601 aetttttltts
525 5549 617 5603 lib.
654 5564 735 5614 ιι,
763 5565 881 5617 cap.
917 5550 966 5602 7.

277 5615 351 5688 (Ξ)
392 5615 695 5679 Facundos,
741 5620 1045 5684 passionum
1096 5619 1327 5688 corporis
1367 5628 1415 5688 et
1455 5618 1775 5675 naturalium

200 5698 246 5738 ct
274 5687 392 5754 qua:
418 5691 741 5741 extrinsecus
781 5689 1065 5751 accidunt;
1100 5687 1241 5759 (ιιιὸά
1276 5687 1471 5743 melius
1501 5702 1604 5744 cst.

1889 2108 2013 2164 bilis
2036 2112 2180 2164 enim
2212 2111 2353 2166 Deus
2381 2123 2485 2179 est,
2521 2124 2576 2168 et
2607 2123 2917 2167 nostrarum
2948 2128 3125 2168 rerum
3172 2116 3328 2184 longe
3356 2116 3474 2171 dis-

1886 2202 2118 2270 similis;
2173 2206 2267 2258 sed
2309 2206 2579 2259 adunatus
2614 2207 2829 2274 quidem
2878 2216 2997 2261 erat
3044 2208 3194 2261 carni
3243 2205 3471 2264 babenti

1889 2296 2125 2348 animum
2168 2297 2565 2360 rationabilem,
2596 2313 2701 2367 qua
2730 2300 2972 2367 patiente
3003 2298 3118 2366 ipse
3162 2298 3473 2367 itnpattsibi-

1889 2385 1977 2451 lis,
2018 2402 2083 2441 ea
2118 2402 2237 2455 qua:
2284 2389 2477 2441 attitnze
2523 2391 2926 2457 contingerent,
2973 2390 3363 2458 cognoscebat.
3417 2398 3475 2445 ει

1887 2478 2252 2534 contuudebat
2295 2480 2537 2549 quidem,
2568 2489 2625 2533 ιιι
2665 2479 2829 2543 Deus,
2865 2486 3049 2535 carnis
3092 2481 3472 2549 infirmitates;

1886 2583 2017 2624 suos
2051 2578 2232 2623 tamen
2272 2585 2385 2633 eas,
2421 2580 2677 2638 tanquam
2718 2571 2800 2623 sui
2839 2572 3108 2637 corporis,
3138 2583 3261 2624 esse
3300 2570 3469 2624 duce-

1888 2663 2002 2719 bat.
2034 2661 2222 2731 Itaque
2246 2665 2508 2720 esuriisse
2543 2664 2762 2733 dicitur,
2800 2662 3060 2735 fatigatus
3092 2679 3237 2732 esse,
3275 2676 3474 2735 passus

1888 2754 2058 2811 fuisse
2089 2773 2187 2826 pro
2229 2756 2402 2812 nobis.

1960 2845 2104 2914 Ergo
2151 2844 2315 2902 Verbi
2366 2846 2647 2911 adnnalio,
2679 2862 2799 2914 qua:
2843 2855 2927 2900 est
2961 2862 3081 2901 cum
3134 2848 3474 2906 humanitate

1888 2934 2057 3001 facta,
2106 2954 2212 2992 non
2259 2939 2709 2993 irrationabiliter
2744 2940 2902 2993 rebus
2947 2940 3147 2995 nostris
3186 2957 3473 3010 compare-

1891 3039 1998 3085 tur.
2037 3027 2168 3084 Nam
2207 3031 2349 3085 sicut
2380 3046 2577 3100 corpus
2622 3030 2849 3084 alterius
2892 3042 2976 3084 est
3029 3042 3236 3085 natura:
3277 3045 3475 3100 praeter

1894 3124 2158 3189 animum,
2192 3136 2245 3178 et
2276 3139 2416 3177 unus
2449 3134 2627 3177 tamen
2658 3138 2725 3176 ex
2778 3131 3008 3190 utroque
3054 3124 3215 3177 homo
3246 3120 3474 3179 eiliritur

1889 3225 1945 3271 et
1979 3227 2240 3278 vocatur;
2272 3216 2347 3268 ita
2392 3214 2555 3269 etiam
2587 3230 2653 3267 ex
2692 3212 2929 3282 perfecut
2962 3211 3053 3268 Dei
3094 3214 3252 3268 Verbi
3300 3215 3475 3269 subsi-

1885 3306 2080 3361 5tentia
2124 3316 2179 3359 et
2226 3320 2293 3359 ex
2343 3303 2685 3359 lttttnattitate
2715 3301 2955 3371 perfecta
3015 3318 3154 3357 unus
3204 3315 3283 3359 est
3316 3299 3475 3359 Citri-

1886 3410 2024 3463 ειυς,
2064 3400 2206 3452 idem
2240 3400 2291 3452 itt
2337 3399 2524 3451 eodem
2567 3398 2707 3451 Deus
2737 3398 2898 3451 simul
2944 3407 3000 3451 et
3043 3399 3239 3461 homo;
3272 3408 3325 3450 et
3375 3413 3470 3451 sua

1887 3490 2103 3559 quidem
2151 3490 2301 3544 ducit
2335 3488 2477 3545 Deus
2519 3486 2782 3553 Verbum,
2829 3499 2889 3543 ut
2921 3500 3048 3542 ante
3084 3490 3219 3549 dixi.
3260 3504 3323 3543 ea
3355 3504 3473 3558 quae

1889 3591 2015 3633 sunt
2071 3581 2255 3634 carnis
2291 3584 2532 3649 propria,
2574 3582 2698 3650 quia
2754 3581 2924 3648 ipsius
2969 3590 3053 3633 est
3100 3596 3321 3653 corpus,
3366 3596 3472 3637 non

1889 3670 2136 3725 alterius.
2174 3666 2504 3724 Communes
2539 3681 2720 3723 autem
2762 3669 2896 3724 facit
2929 3680 3189 3739 tanquam
3224 3686 3346 3725 cum
3373 3685 3471 3723 sua

1889 3776 2057 3817 carne
2091 3761 2286 3814 divina:
2316 3776 2429 3815 suae
2484 3761 2789 3830 majestatis
2830 3764 3203 3831 operationes,
3257 3770 3317 3815 ut
3349 3776 3473 3830 pos-

1888 3866 1971 3909 set
2004 3855 2168 3909 etiam
2201 3850 2479 3909 viviﬁcare
2511 3865 2773 3920 mortuos,
2798 3864 2854 3908 et
2884 3868 3079 3908 sanare
3110 3852 3374 3909 infirmos.

2545 4158 2700 4215 CAP.
2735 4159 2828 4216 IX.

2499 4268 2576 4325 Dc
2608 4272 2855 4325 carbone.

1964 4385 2045 4460 (Δ)
2082 4385 2156 4440 At
2200 4384 2247 4440 sl
2283 4384 2540 4442 convenit
2581 4386 2850 4458 exemplis
2890 4385 3057 4441 etiam
3091 4386 3287 4444 diume
3323 4386 3471 4447 Seri-

1893 4486 2105 4549 pturae,
2146 4478 2299 4549 quasi
2356 4492 2457 4549 per
2499 4478 2768 4550 figuram,
2814 4478 3207 4537 adunationem
3253 4482 3470 4537 demoti.

1893 4587 2071 4627 strare
2091 4608 2111 4637 ,
2148 4585 2269 4641 age,
2295 4571 2561 4638 dicamus,
2604 4582 2664 4626 ut
2695 4586 3005 4642 possumus.
3040 4571 3236 4627 lli-atus
3266 4572 3471 4627 lsaias:

1899 4681 1917 4715 ι
1948 4661 2145 4719 Missus
2171 4670 2275 4730 est,
2308 4662 2505 4733 inquit,
2542 4663 2610 4733 ad
2654 4679 2741 4718 me
2785 4679 2925 4718 unus
2967 4677 3033 4719 ex
3066 4661 3375 4732 Serapttim.
3419 4673 3473 4717 et

1896 4756 1949 4812 in
1985 4771 2149 4811 manu
2194 4756 2429 4812 habebat
2475 4754 2792 4821 carbonem,
2824 4771 2985 4826 quem
3019 4755 3225 4826 forcipe
3267 4757 3473 4826 accepit

1894 4849 1963 4903 ab
2002 4847 2188 4913 altari,
2216 4859 2273 4902 et
2316 4846 2467 4901 venit
2504 4847 2573 4901 ad
2616 4863 2727 4912 me,
2758 4857 2814 4902 et
2852 4850 3024 4918 tetigit
3060 4849 3202 4903 labia
3249 4863 3390 4917 mea,
3418 4855 3472 4903 et

1890 4939 2032 4993 dixit
2069 4939 2138 4992 ad
2175 4952 2303 4991 me:
2341 4938 2476 4993 Ecce
2511 4938 2688 5009 tetigit
2735 4939 2838 4993 itoc
2868 4939 3009 4993 labia
3056 4951 3166 5005 tua,
3190 4949 3244 4994 et
3268 4942 3469 4998 adimet

1890 5033 2206 5102 iniquitates
2263 5037 2421 5098 tuas,
2467 5041 2525 5085 et
2593 5041 2815 5100 peccata
2868 5042 2959 5088 tua
3012 5033 3414 5104 repurgabit".
3445 5050 3467 5086 ι

1888 5123 2197 5180 Carbonem
2227 5133 2408 5178 autem
2441 5122 2680 5178 dicimus
2719 5122 2947 5191 figuram
2977 5132 3033 5177 et
3061 5125 3347 5194 imaginem
3377 5138 3468 5180 no-

2024 5487 2040 5551 )
2081 5484 2395 5555 thcttndus,
2436 5495 2491 5539 ιιι
2529 5486 2811 5551 ιῖηιειιάο..
2951 5550 2957 5555 _

1982 5548 2037 5626 ι)
2081 5554 2176 5610 llic
2210 5558 2406 5608 iterum
2437 5548 3114 5626 interpolavit'Autbertus
3140 5548 3464 5613 Mercatoris

1887 5624 2212 5699 gersiouen}.
2238 5631 2329 5699 _ut
2364 5633 2417 5680 et
2464 5626 2517 5681 ltt
2562 5624 2939 5699 sequentibus,
2984 5644 3209 5698 quantm
3254 5635 3462 5680 textum

1885 5686 2129 5748 Graecum
2168 5692 2375 5749 habuit.
