3946 6202
506 182 648 238 1579

1518 172 1581 228 S.
1606 169 1883 228 CYRILIJ
1918 170 2385 226 ALEXANDRINI
2425 169 2753 228 AliClllEP.

3627 169 3764 226 {380

507 300 594 356 bis
637 295 897 354 exhibere
933 292 1095 349 Verbi
1140 289 1380 347 hominis
1427 287 1554 344 facti
1585 308 1600 343 :
1633 289 1801 359 quod,
1847 288 1893 344 si
1941 288 2081 344 labia

2199 289 2435 359 ἱνορακα
2465 288 2634 342 τύπον
2665 289 2795 358 ἡμῖν
2833 285 2925 340 καὶ
2983 284 3166 339 εἰκόνα
3207 281 3449 357 πληροῦν
3477 282 3574 337 τοῦ
3609 286 3765 339 svas-

506 388 693 446 nostra
722 386 984 457 tetigerit,
1015 384 1068 439 id
1103 393 1209 448 est,
1257 382 1301 438 si
1331 380 1492 437 tidem
1538 379 1592 435 in
1625 380 1805 450 ipsum
1841 378 2080 436 confessi

508 483 792 546 tuerimus,
844 490 974 535 tunc
996 477 1109 545 lnos
1150 476 1218 530 ab
1250 473 1397 529 omni
1444 483 1665 545 peccato
1702 487 1865 544 puros
1895 471 2082 537 ellicit,

505 583 563 630 et
590 571 837 644 pristinis
874 567 1195 625 criminibus
1226 566 1442 622 liberat.

577 749 873 814 Caeterum,
910 755 1163 815 tanquam
1195 744 1251 799 in
1300 744 1550 815 imagine,
1588 744 1713 799 licet
1746 745 1800 809 in
1849 758 2085 800 caruone

509 840 832 907 conspicere
862 838 1155 892 adunatum
1184 836 1400 905 quidem
1450 835 1771 889 humanitati
1821 834 1914 890 Dei
1951 834 2086 888 Ver-

513 933 665 995 bum,
698 943 807 985 non
855 937 1034 982 tamen
1078 926 1374 996 projecisse
1406 926 1547 993 quod
1593 924 1786 991 fuerat,
1820 923 2083 979 transfor-

508 1034 687 1091 tnasse
732 1029 910 1073 autem
959 1019 1132 1087 magis
1161 1027 1496 1086 assumptam
1540 1025 1785 1071 naturam
1832 1016 1887 1070 in
1932 1031 2084 1071 suam

507 1112 734 1181 gloriam
769 1120 826 1164 et
850 1109 1244 1179 Operationem.
1275 1106 1738 1173 Quemadmodum
1764 1106 1910 1161 cnim
1948 1107 2089 1177 ignis

507 1204 655 1273 ligno
682 1201 894 1267 aﬂixus,
925 1213 979 1256 ct
1007 1201 1057 1256 id
1090 1210 1398 1270 penetrans,
1436 1200 1844 1270 comprehendit
1869 1199 2085 1268 quidem

508 1296 709 1361 ipsum,
754 1304 811 1349 et
856 1292 1104 1362 quamvis
1145 1292 1347 1362 lignum
1383 1307 1503 1347 esse
1538 1307 1646 1347 non
1689 1291 1924 1356 desinat,
1976 1291 2086 1345 vim

512 1395 689 1439 tamen
711 1399 862 1441 suam
879 1380 1044 1454 784
1064 1382 1405 1451 speciemque
1428 1390 1773 1444 transmutat,
1796 1391 1852 1435 et
1868 1394 2086 1435 omnem

509 1492 567 1539 se
596 1475 812 1532 confert
851 1474 907 1530 in
940 1476 1165 1545 lignum,
1197 1484 1250 1528 et
1290 1488 1412 1527 cum
1450 1473 1563 1541 ipso
1587 1472 1696 1542 jam
1734 1472 1888 1541 quasi
1920 1486 2085 1525 unum

509 1567 728 1639 aliquod
752 1567 1056 1623 aastimatur
1089 1584 1103 1620 :
1137 1565 1276 1619 idem
1322 1562 1559 1633 intellige
1604 1565 1670 1616 de
1704 1564 1942 1618 Christo.
1972 1563 2086 1617 Ad-

2185 381 2573 453 Θρωπήσαντος
2604 380 2781 450 Λόγου
2803 396 2818 411 ·
2858 378 2938 444 ὃς,
2972 377 3131 448 εἰπερ
3165 376 3361 447 ἅψαιτο
3394 375 3505 429 τῶν
3536 377 3769 446 χειλέων

2183 472 2373 543 ἡμῶν,
2407 472 2549 525 τοῦτ’
2572 471 2742 538 ἐστιν,
2773 471 2901 525 ὅταν
2923 469 3021 540 τὴν
3049 471 3127 534 εἰς
3144 469 3304 523 αὑτὸν
3331 468 3766 539 ὁμολογήσωμεν

2184 565 2390 629 πίστιν,
2429 565 2552 618 τότε
2586 563 2682 617 καὶ
2716 562 2934 632 ἀπάσης
2972 559 3243 631 ἁμαρτίας
3267 558 3559 627 ἀποφαίνει
3592 558 3766 611 καθα-

2185 660 2335 732 ροὺς,
2365 656 2593 711 καὶτῶν
2622 654 2866 727 ἁρχαίων
2900 652 3238 723 αἰτιαμάτων
3270 650 3569 719 ἐλευθεροῖ.

2254 750 2403 819 Πλὴν
2438 748 2589 801 ἔστιν
2612 747 2761 814 ἰδεῖν,
2787 746 2863 810 ὼς
2887 747 2946 798 ὲν
2971 744 3141 797 εἰκόνι
3162 742 3251 796 τὸν
3280 741 3527 813 ἄνθρακα
3554 740 3658 813 [τῷ
3676 743 3765 795 ἄν·

2184 839 2395 912 θρακι],
2420 839 2689 892 ὲνωθέντα
2724 836 2822 907 μὲν
2855 836 2923 906 τῇ
2966 832 3345 904 ἀνθρωπότητι
3377 832 3469 884 τὸν
3495 831 3596 884 τοῦ
3629 830 3762 884 Θεοῦ

2183 932 2382 999 Λόγον,
2415 930 2476 983 οὑ
2533 929 2641 1002 μὴν
2669 926 3086 996 ἀποϐεϐληκότα
3115 924 3176 977 τὸ
3201 919 3341 977 εἰναι
3368 925 3396 977 ὃ
3423 924 3563 985 ἐστι,
3605 940 3769 993 μεται

2186 1022 2595 1092 στοιχειώσαντι
2646 1014 3291 1092 [μεταστοιχειὼσαντα]
3343 1014 3398 1068 δὲ
3451 1014 3659 1085 μᾶλλον
3708 1014 3767 1066 τὸ

2185 1113 2409 1184 ληφθὲν,
2455 1113 2624 1182 ἧγουν
2648 1110 2869 1173 ὲνωθὲν,
2904 1110 2985 1172 εἰς
3012 1109 3109 1174 τὴν
3140 1105 3336 1160 ἑαυτοῦ
3372 1105 3531 1170 δόξαν
3577 1122 3640 1157 τε
3674 1105 3767 1157 καὶ

2186 1209 2486 1278 ἐνέργειαν.
2505 1207 2712 1274 Ὀνπερ
2726 1203 2836 1273 γὰρ
2865 1203 3065 1274 τρόπον
3083 1201 3145 1254 τὸ
3172 1200 3282 1271 πῦρ
3301 1199 3576 1278 ὁμιλῆσιιν
3604 1200 3765 1269 ξύλῳ,

2187 1297 2283 1350 καὶ
2327 1294 2633 1357 εἰσδεδυκδς
2662 1294 2816 1356 αὑτὸ,
2851 1292 3283 1362 καταδράττεται
3316 1292 3412 1364 μὲν
3456 1275 3654 1356 αέἓοῦ,
3678 1292 3769 1343 καὶ

2186 1388 2286 1441 οὐκ
2319 1386 2561 1456 ἐξίστησι
2592 1385 2690 1455 μὲν
2727 1383 2821 1438 τοῦ
2850 1380 2990 1438 εἶναι
3019 1383 3197 1449 ξύλον,
3229 1381 3512 1453 μεθίστησι
3537 1381 3603 1434 δὲ
3637 1382 3770 1451 μᾶλ-

2188 1478 2278 1533 λον
2310 1480 2389 1541 εἰς
2407 1477 2505 1549 τὴν
2538 1476 2633 1530 τοῦ
2668 1477 2838 1549 πυρὸς
2870 1476 2991 1547 ὖψιν
3019 1493 3082 1529 τε
3114 1477 3208 1529 καὶ
3233 1475 3485 1545 δύναμιν,
3525 1474 3630 1527 καὶ
3656 1475 3769 1525 πᾶν

2188 1568 2336 1640 αὑτῷ
2377 1568 2439 1622 τὸ
2491 1569 2621 1623 ἴδιον
2658 1568 3036 1640 ἐνεργάζεται,
3068 1568 3164 1621 καὶ
3213 1568 3288 1632 ὡς
3349 1562 3407 1620 'e'v
3456 1566 3564 1637 ήδη
3618 1566 3770 1618 λελό-

513 1668 712 1712 unatus
754 1656 897 1710 enim
941 1652 1395 1710 intestimabiliter
1427 1651 1744 1706 humanitati
1774 1650 1918 1706 Deus
1970 1666 2086 1706 ser-

2199 1677 2369 1728 γισται
2406 1659 2524 1730 μετ’
2562 1660 2730 1713 αὑτοῦ
2753 1676 2766 1689 '
2814 1658 2959 1714 οὕτω
2998 1660 3199 1730 νοήσῃς
3238 1658 3335 1711 καὶ
3364 1658 3459 1710 ἐπὶ
3501 1657 3770 1729 Χριστοῦ.

513 1746 657 1800 vavit
685 1745 902 1815 quidem
937 1744 1107 1813 ipsam
1142 1743 1196 1798 in
1246 1758 1310 1797 eo
1338 1742 1483 1812 quod
1512 1740 1710 1809 fuerat,
1743 1752 1800 1797 et
1827 1743 1941 1812 ipse
1966 1756 2087 1812 per-

510 1837 711 1892 mansit
750 1835 894 1905 quod
938 1844 1089 1899 erat;
1143 1832 1311 1888 semel
1358 1843 1538 1887 tamen
1586 1834 1875 1900 adunatus,
1931 1835 2088 1903 quasi

513 1941 657 1981 unus
700 1925 813 1994 iam
863 1938 986 1979 cum
1033 1924 1149 1993 ipsa
1204 1930 1446 1993 putatur,
1495 1936 1560 1978 ea
1609 1936 1726 1991 qua:
1778 1930 1906 1978 sunt
1947 1922 2089 1978 illius

511 2031 610 2071 sua
654 2016 890 2081 iaciens;
925 2013 1210 2069 conferens
1235 2022 1415 2071 autem
1452 2013 1503 2070 ei
1530 2014 1694 2069 etiam
1724 2012 1841 2084 ipse
1874 2023 2086 2070 natura:

509 2120 622 2162 sua:
640 2106 1035 2176 operationem.

1159 2323 1314 2384 CAP.
1351 2324 1419 2381 Χ.

509 2436 663 2506 Qnoa
699 2436 1049 2506 incorporalis
1079 2436 1369 2490 divinitatis
1392 2452 1581 2503 corpus
1612 2435 1754 2505 facta
1787 2436 1947 2505 fuerit
1975 2438 2089 2506 ipsa

579 2522 727 2571 caro,
753 2505 946 2562 habent
964 2507 1194 2560 animum
1219 2507 1582 2560 rationabilem
1606 2520 1623 2557 :
1648 2509 1878 2576 etquod,
1904 2508 1948 2559 si
1971 2505 2031 2561 ea
2057 2522 2093 2560 α

514 2618 535 2633 κ
580 2592 693 2631 sese
712 2577 945 2645 dividere
974 2576 1315 2639 voluerimus,
1367 2576 1552 2644 procul
1589 2576 1748 2629 dubio
1799 2576 2092 2645 labefacta-

582 2646 755 2702 bt'mus
790 2644 1245 2717 dispensationem
1277 2661 1395 2716 qua:
1419 2645 1475 2698 in
1504 2645 1715 2701 Christo
1752 2644 2088 2715 intelligitur.

578 2827 634 2882 In
670 2825 897 2883 Cantico
927 2824 1265 2879 canticorum
1302 2821 1419 2893 ipse
1449 2822 1607 2877 nobis
1641 2822 1983 2878 introductus
2008 2833 2095 2880 est

508 2921 698 2975 dicens
736 2918 999 2973 Dominus
1035 2927 1222 2971 noster
1253 2912 1413 2969 Jcsus
1460 2914 1756 2971 Christus:
1791 2934 1810 2965 ι
1846 2914 1963 2986 Ego
1988 2916 2087 2971 llos

2198 1750 2452 1814 Ἐνωθεὶς
2481 1750 2588 1820 γὰρ
2622 1751 2950 1822 ἀπορρήτοις
3000 1748 3380 1820 ἀνθρωπὸτητι
3425 1748 3584 1813 Θεὸς,
3612 1751 3771 1818 τετή-

2188 1860 2325 1915 ρηκε
2356 1844 2456 1914 μὲν
2503 1842 2676 1913 αὑτὴν
2712 1842 2859 1897 τοῦθ’
2885 1843 3024 1913 ὅπερ
3054 1835 3197 1895 εἷναί
3234 1857 3415 1911 φαμεν
3437 1856 3453 1872 ⁸
3486 1843 3771 1911 μεμένηκε

2185 1936 2244 1988 δὲ
2282 1936 2377 1988 καὶ
2406 1934 2568 1999 αὐτὸς
2598 1936 2738 2005 ὅπερ
2774 1930 2843 2005 ἦν
2864 1952 2878 1965 ·
2916 1933 3137 1997 ὲνωθεὶς
3161 1933 3220 1987 δὲ
3253 1931 3421 1997 ἅπαξ,
3463 1933 3537 1995 ὡς
3574 1927 3659 1995 εἷς
3686 1934 3775 1985 λε-

2186 2026 2432 2095 λόγισται
2465 2028 2585 2098 μετ’
2640 2026 2839 2095 αὐτῆς,
2893 2024 3262 2095 οἰκειούμενος
3310 2023 3411 2094 μὲν
3455 2024 3526 2077 τὰ
3575 2023 3773 2093 αὐτῆς,

2188 2119 2497 2189 ἐμποιήσας
2525 2118 2582 2172 δὲ
2614 2119 2707 2172 καὶ
2753 2115 2916 2179 αὐτὸς
2943 2116 3082 2187 αὐτῇ
3118 2116 3217 2187 τῆς
3259 2114 3396 2179 ἰδίας
3423 2115 3651 2185 φύσεως
3678 2115 3771 2186 ﬁt

2190 2208 2491 2281 ἐνέργειαν.

2798 2346 3047 2401 ΚΕΦΛΛ.
3090 2346 3148 2399 ῐ¹.

2190 2455 2319 2513 ’Ὅτι
2377 2459 2487 2527 τῆς
2535 2453 2857 2527 ἀσωμάτου
2903 2461 3184 2525 θεότητος
3225 2453 3385 2527 σῶμα
3418 2454 3693 2526 γέγονεν
3748 2458 3777 2527 ἡ

2259 2529 2437 2597 σὰρξ,
2466 2533 2595 2597 ψυχ
2606 2529 2936 2599 ὴνέχουσα
2956 2530 3237 2599 λογικήν·
3262 2529 3355 2582 καί
3381 2527 3467 2580 ὅτι
3487 2527 3779 2599 (hundr-

2260 2617 2359 2665 τες
2390 2600 2491 2653 ἀπ’
2525 2598 2817 2664 ἀλλήλων
2843 2600 3015 2663 αὐτὰ,
3044 2598 3259 2667 πάντη
3291 2614 3352 2651 τε
3387 2599 3486 2650 καί
3516 2598 3775 2661 πάντως

2261 2670 2693 2737 παριιλύσομεν
2724 2668 2835 2737 τῆς
2870 2668 2941 2721 ἐν
2969 2668 3201 2737 Χριστῷ
3236 2668 3575 2738 νοουμένης
3614 2670 3773 2721 olxo-

2259 2740 2473 2807 νομίας
2504 2738 2611 2791 τὸν
2640 2738 2850 2808 λόγον.

2274 2851 2362 2905 Ἐν
2387 2850 2466 2921 τῷ
2488 2850 2727 2921 ᾊσματι
2749 2850 2858 2903 τῶν
2885 2851 3151 2922 ᾀσμάτων
3177 2850 3342 2914 αὑτὸς
3365 2850 3498 2920 ἡμῖν
3528 2848 3775 2902 etma-

2194 2959 2379 3015 μισται
2408 2942 2583 3010 λέγων
2597 2941 2625 2992 ό
2645 2941 2848 3013 Κύριος
2865 2955 2880 2971 ⁸
2909 2961 2928 2994 ι
2956 2940 3106 3011 Ἐγὼ
3122 2940 3285 3003 ἄνθος
3305 2939 3399 2994 τοῦ
3419 2939 3637 3005 πεδίου,
3658 2942 3779 3009 κρί-

509 3013 708 3081 campi,
766 3019 821 3065 et
865 3009 1038 3064 lilium
1090 3006 1419 3063 convallium
1442 3006 1509 3061 ⁸⁸.
1543 3025 1563 3058 ι
1616 3006 2085 3075 Quemadmodum

2199 3006 2284 3089 νον
2309 3033 2419 3087 τῶν
2447 3006 2748 3088 κοιλάδωνί
2772 3052 2791 3084 ι
2833 3006 3046 3105 Ὥσπερ
3071 3029 3165 3087 οὖν
3217 3033 3254 3103 ἡ
3304 3031 3452 3104 όσμὴ
3482 3006 3777 3101 ἀσώματον

509 3118 642 3175 ergo
671 3103 806 3157 odor
836 3114 924 3157 res
955 3099 1174 3170 quidem
1202 3108 1285 3154 est
1317 3099 1657 3169 incorporea,
1686 3098 1849 3155 habet
1882 3109 2083 3165 autem,

512 3193 668 3266 quasi
720 3192 997 3263 proprium
1037 3205 1255 3261 corpus,
1308 3191 1363 3246 id
1413 3192 1465 3246 in
1520 3206 1628 3260 quo
1679 3191 1857 3258 inest;
1908 3200 2085 3246 tamen

517 3300 683 3341 unum
724 3300 789 3337 ex
826 3292 1053 3351 utroque
1099 3281 1417 3351 intelligitur
1457 3281 1629 3335 lilium
1664 3298 1679 3335 :
1712 3281 2081 3351 corrumpitur

511 3389 692 3432 autem
733 3377 899 3445 ipsius
943 3376 1083 3429 ratio
1115 3374 1275 3430 unius
1306 3375 1382 3428 rei
1427 3372 1672 3428 discessu
1702 3390 1717 3427 :
1749 3373 1802 3426 in
1842 3372 2088 3443 subjecto

514 3468 659 3522 enim
698 3478 925 3534 corpore
956 3462 1095 3518 odor
1125 3472 1244 3517 est:
1273 3463 1346 3516 ita
1374 3460 1536 3515 etiam
1565 3459 1617 3514 in
1645 3458 1861 3514 Christo
1889 3458 2089 3513 intelli-

513 3559 691 3632 gimus
722 3556 1020 3611 divinitatis
1060 3564 1329 3619 naturam,
1356 3567 1476 3623 quae
1513 3565 1664 3606 suam
1695 3550 2088 3607 excellentissi-

518 3667 661 3707 mam
703 3648 1065 3718 majestatem,
1105 3659 1165 3703 ut
1197 3648 1419 3701 odorem
1451 3644 1854 3711 suavissimum,
1890 3641 2088 3698 mundo

515 3743 796 3813 dispergit,
858 3752 1113 3811 tanquam
1162 3742 1211 3795 in
1270 3739 1532 3810 subjecto,
1581 3752 1701 3793 esse
1753 3737 1807 3791 in
1862 3749 2089 3806 corpore

514 3836 911 3901 humanitatis;
943 3844 998 3889 et
1041 3834 1094 3889 id
1123 3833 1265 3903 quod
1310 3830 1649 3901 incorporale
1691 3840 1776 3887 est
1799 3845 1895 3901 per
1928 3841 2085 3884 natu-

516 3944 656 3994 ram,
693 3940 789 3997 per
817 3923 1198 3979 adunationem
1230 3921 1705 3991 dispensatoriam,
1738 3933 1876 3990 pene
1910 3921 2085 3974 dicam

514 4023 717 4080 factum
766 4022 935 4076 fuisse
966 4018 1274 4090 corporale,
1320 4027 1605 4089 propterea
1635 4018 1776 4086 quod
1818 4017 1984 4075 voluit
2027 4032 2087 4073 se

511 4115 770 4184 cognosci
797 4130 896 4185 per
927 4127 1128 4183 corpus
1162 4130 1180 4165 ι
1213 4110 1266 4165 in
1296 4125 1363 4166 eo
1387 4110 1532 4167 enim
1560 4111 1742 4166 divina
1771 4110 1924 4180 signa
1953 4124 2085 4179 ope-

515 4219 665 4265 ratus
693 4216 797 4263 est.
846 4206 1016 4274 Igitur
1049 4206 1102 4260 id
1133 4205 1276 4275 quod
1310 4203 1647 4276 incorporale
1679 4212 1781 4268 est,
1831 4213 2085 4272 tanquam

2195 3126 2296 3196 μέν
2339 3143 2422 3180 τοι
2455 3124 2568 3198 [ἵσ.
2603 3128 2681 3198 τιι
2722 3126 2914 3197 χρῆμά
2965 3128 3117 3179 ἐστι’
3165 3125 3433 3196 κέχρηται
3480 3124 3537 3177 δὲ
3590 3123 3779 3191 ὥσπερ

2197 3218 2311 3289 ἰδίῳ
2346 3215 2662 3289 σώματιτῷ
2695 3220 2752 3271 ἐν
2779 3211 2824 3286 ᾧ
2849 3219 2995 3270 ἐστι’
3030 3216 3170 3289 πλὴν
3207 3217 3267 3269 ἒν
3296 3216 3358 3281 ἐξ
3398 3216 3617 3285 ἀμφοῖν
3649 3216 3779 3266 νοεῖ-

2192 3327 2283 3363 ται
2308 3309 2368 3363 τὸ
2396 3308 2603 3380 κρίνον,
2632 3308 2988 3380 καταφθείρει
3018 3307 3075 3360 δὲ
3103 3308 3320 3371 πάντως
3368 3306 3461 3360 τὸν
3502 3308 3596 3358 ἐπ’
3634 3304 3781 3375 α.ὼῷ

2193 3401 2351 3470 λόγον
2388 3403 2423 3472 ὴ
2447 3402 2565 3465 ένὸς
2590 3401 2894 3464 ἀπόστασις
2911 3416 2925 3429 ·
2950 3402 3007 3454 ὲν
3034 3400 3382 3471 ὑποκειμένῳ
3411 3399 3525 3470 γὰρ
3546 3401 3586 3468 ἠ
3615 3400 3781 3468 ὀσμὴ.

2194 3494 2287 3549 καὶ
2313 3493 2626 3564 ἐστισῶμα
2651 3492 2713 3545 τὸ
2741 3492 3106 3562 ὑποκείμενον
3123 3507 3136 3519 ·
3188 3489 3332 3543 οὑτω
3358 3490 3658 3561 νοήσωμεν
3691 3492 3783 3543 καὶ

2194 3585 2287 3639 ἐπὶ
2318 3583 2587 3655 Χριστοῦ,
2622 3582 2875 3653 θεότητος
2901 3584 3062 3652 φύσιν
3089 3581 3185 3653 τὴν
3217 3582 3351 3636 ἰδίαν
3390 3598 3452 3634 τε
3487 3583 3591 3636 καὶ
3622 3582 3784 3651 ὑπερ-

2195 3676 2422 3746 κόσμιον
2454 3674 2726 3746 ὑπεροχὴν
2754 3672 3072 3738 εὑωδιάζειν
3096 3673 3173 3744 τῷ
3211 3672 3403 3744 κόσμῳ
3431 3672 3703 3743 καθάπερ
3728 3676 3781 3726 ἐν

2195 3767 2542 3838 ὑποκειμένῳ
2564 3769 2631 3836 τῇ
2662 3765 3063 3838 ἁνθρωπότητι,
3098 3766 3193 3819 καὶ
3222 3765 3285 3818 τὸ
3309 3765 3617 3836 ἀσώματον
3649 3766 3781 3820 κατὰ

2196 3860 2381 3929 φύσιν,
2422 3858 2543 3913 καθ’
2573 3857 2768 3912 ἕνωσιν
2804 3858 3156 3930 οἰκονομικὴν
3205 3858 3495 3929 μονονουχί
3523 3857 3779 3927 γενέσθαι

2194 3951 2291 4003 καὶ
2314 3949 2649 4018 ὲνσώματον,
2673 3947 2762 4001 διά
2786 3965 2867 4001 τοι
2891 3948 2952 4001 τὸ
2985 3948 3159 4002 θέλειν
3192 3947 3672 4017 ὲπιγινὼσκεσθαι
3698 3948 3781 4001 διὰ

2196 4041 2465 4113 σώματος.
2484 4041 2789 4113 Ἐνήργηκε
2810 4041 2918 4112 γὰρ
2943 4041 3000 4093 ὲν
3035 4039 3183 4111 αὑτῷ
3205 4039 3274 4092 τὰ
3302 4039 3620 4110 Θεοπρεπῆ.
3644 4040 3775 4092 Οὐκ·

2191 4132 2288 4187 οὖν
2326 4133 2483 4187 νοοῖτ’
2514 4132 2581 4186 ἂν
2618 4132 2845 4196 εἰκότως
2886 4130 2963 4195 ὡς
2987 4133 3045 4185 ὲν
3082 4131 3198 4203 ἰδίῳ
3227 4130 3443 4201 σώματι
3472 4131 3537 4184 τὸ
3562 4132 3775 4199 ἁσὼμσ-

2194 4242 2307 4290 τον,
2338 4224 2587 4297 καθάπερ
2632 4224 2825 4295 ἀμέλει
2872 4222 2969 4277 καὶ
2999 4225 3056 4277 ὲν
3103 4223 3452 4294 ὑποκειμένῳ
3502 4222 3583 4293 τῷ
3630 4222 3776 4276 ἄνθει

515 4303 568 4363 in
596 4316 695 4358 suo
715 4313 943 4370 corpore
972 4298 1198 4368 intelligi
1219 4308 1417 4368 potest,
1447 4294 1899 4368 quemadmodum
1922 4296 2084 4351 etiam

2199 4317 2295 4388 τῆς
2321 4294 2584 4388 εὑοσμίας
2613 4294 2683 4371 τὺί
2712 4315 2904 4389 χρῆμα
2924 4333 2939 4349 ·
2971 4314 3194 4384 λέγεται
3233 4316 3291 4370 δὲ
3321 4315 3517 4386 κρίνον
3550 4314 3617 4368 τὸ
3654 4330 3777 4367 συν.

517 4396 653 4453 odor
681 4394 735 4448 in
776 4366 917 4447 ﬂore
962 4366 1244 4462 subjecto,
1280 4366 1660 4447 lilium-tamen
1695 4390 1809 4460 jam
1865 4399 1921 4443 et
1951 4388 2087 4445 odor

2199 4366 2525 4482 ιμζρότερόν.

513 4495 572 4543 et
595 4483 697 4541 llos
731 4484 1059 4547 nominatur.

1165 4614 1318 4674 CAP.
1358 4614 1450 4673 XI.

524 4731 956 4805 Quod,’adunato
980 4731 1086 4805 Deo
1117 4728 1412 4805 verberare
1441 4732 2091 4805 humanitatiﬁnconfusa:

587 4814 762 4927 tamin
799 4801 1107 4857 substantia:
1148 4802 1226 4864 lid
1258 4812 1342 4857 est
1372 4802 1741 4875 subsistentiaz]
1787 4801 2090 4873 permanse-

586 4888 687 4928 run
713 4912 731 4928 .
990 4904 993 4907 »

594 4980 868 5055 [Erectum
903 4991 987 5039 est
1018 4984 1312 5040 secundum
1344 4984 1438 5039 Dei
1470 4986 1797 5042 voluntatem
1849 4999 2090 5043 sanctum

521 5076 924 5131 tabernaculum
958 5090 1054 5148 per
1092 5076 1391 5142 desertum,
1425 5087 1479 5132 ct
1510 5078 1563 5131 in
1607 5092 1671 5134 eo
1710 5083 1893 5135 multis
1922 5082 2096 5137 modis

522 5161 858 5220 formabatur
891 5166 1208 5223 Emmanuel
1240 5167 1376 5240 (1).]
1411 5170 1554 5224 Dixit
1582 5170 1723 5226 Deus
1755 5172 2095 5242 omnipotens

523 5255 588 5307 ad
618 5255 852 5313 divinum
888 5258 1149 5332 Moysen:
1185 5280 1204 5314 ι
1233 5260 1301 5318 Ει
1338 5259 1507 5318 iacies
1544 5263 1677 5318 mihi
1712 5277 1896 5319 arcam
1952 5264 2096 5319 testi-

568 5431 642 5492 .”
676 5432 878 5491 Cantic.
906 5439 1042 5505 ",1.
1154 5462 1213 5493 υ

2784 4630 3035 4687 ΚΕΦΑΛ.
3079 4633 3181 4684 lA'.
3242 4640 3247 4645 '

2195 4749 2324 4799 ’Ότι
2354 4742 2451 4798 καί
2488 4741 2637 4813 πρὸς
2676 4745 2899 4799 ἕνωσιν
2944 4742 3245 4810 ἀληθινὴν
3293 4744 3779 4812 συνενεχθέντα

2208 4830 2215 4845 ι
2262 4814 2371 4868 τοῦ
2406 4816 2601 4887 ᾼόγου
2634 4815 2783 4887 πρὸς
2809 4815 2874 4868 τὸ
2893 4814 3287 4887 ἀνθρώπινον,
3320 4814 3661 4884 ἀσύγχυτιι
3682 4834 3779 4887 μευ

2264 4884 2567 4952 perﬁan
2603 4885 2677 4939 τὰ
2707 4885 3003 4954 ἡνωμένα.

2210 5010 2211 5013 “
2276 4999 2604 5071 Ἑγήγερται
2646 4999 2788 5053 κατά
2817 4999 3070 5071 βούλησιν
3099 4998 3235 5053 Θεοῦ
3268 4999 3412 5053 κατά
3438 5000 3542 5072 τὴν
3575 5003 3781 5072 ἑρημςγ

2192 5094 2226 5161 ἡ
2265 5091 2393 5160 ἁγία
2421 5091 2613 5163 σκηνὴ,
2646 5092 2740 5144 καὶ
2765 5086 2833 5163 ἦν
2865 5095 2922 5146 ὲν
2964 5092 3099 5163 αὐτῇ
3128 5092 3489 5163 πολυτρόπως
3535 5096 3781 5167 pop-goi-

2198 5200 2355 5253 μενος
2387 5184 2414 5236 ὁ
2448 5182 2827 5254 Ἐμμανουήλο
2883 5182 2986 5252 ἔφη
3016 5182 3193 5236 τοίνυν
3240 5185 3268 5237 ὁ
3301 5184 3410 5238 τῶν
3456 5185 3607 5237 ὅλων
3660 5185 3783 5245 Θεὸς

2195 5272 2272 5343 τῷ
2294 5270 2567 5343 θεσπεσίῳ
2584 5273 2779 5343 Μωσῇ·
2805 5293 2821 5324 ι
2834 5273 2944 5327 Καὶ
2960 5273 3206 5344 ποιήσεις
3225 5272 3458 5328 κιεωτὸν
3473 5278 3784 5349 μαρτυρξω

596 5589 673 5662 (l)
711 5589 776 5647 Et
802 5589 943 5647 hunc
972 5604 1181 5661 quoque
1219 5594 1395 5651 locum
1432 5610 1497 5650 ex
1538 5597 1640 5653 ista
1685 5597 1932 5656 versione
1961 5598 2091 5658 citat
2127 5599 2418 5663 Facundos
2449 5605 2500 5661 in
2529 5610 2714 5665 eodem
2751 5606 2887 5666 loco.
