3946 6202
247 225 379 282 ὒόϐί

1171 224 1465 280 δειιοιλιιι
1508 226 1595 281 ΒΕ
1632 227 2143 286 INCAKNA'I’IONE
2185 231 2558 291 UNIGENITI.

3377 250 3400 302 ἰ
3409 250 3519 305 38?

240 343 308 396 ὲκ
347 340 520 406 ξύλων
548 337 832 410 ἁσήπτων,
855 338 951 392 δύο
986 338 1208 410 πήοχεων
1242 341 1338 394 καὶ
1364 343 1600 412 ἡμίσους
1639 342 1702 395 τὸ
1734 342 1820 413 μῆ-

1942 348 2109 403 monii
2140 364 2206 405 ex
2240 350 2401 422 lignis
2432 353 2873 425 imputribilibus,
2906 358 3068 429 785
3103 360 3331 418 duorum
3363 370 3513 424 cubi-

243 448 339 497 κος
366 449 378 460 ·
406 431 499 484 καὶ
522 431 726 500 πήχεος
754 431 846 485 καὶ
879 430 1112 501 ἡμίσους
1144 431 1206 485 τὸ
1228 430 1429 496 πλάτος
1450 449 1465 464 ’
1494 433 1589 486 καὶ¹
1621 434 1822 503 πήχεος

240 523 340 578 καὶ
398 519 628 593 ἡμίσους
684 521 745 573 τὸ
801 520 965 590 ὕψος·
1021 522 1119 575 καὶ
1168 524 1618 595 καταχρυσώσεις
1652 525 1822 596 αὐτὴν

241 613 451 685 χρυσίῳ
476 610 725 684 καθαρῷ,
752 612 954 678 ἔξωθεν
1011 612 1108 666 καὶ
1141 612 1347 666 ἔσωθεν
1386 612 1691 685 χρυσώσεις
1720 615 1821 667 αὑ-

238 703 360 773 τήν.
405 700 564 756 ama
592 702 655 755 τὸ
683 702 785 770 μὲν
815 701 1062 772 ἄσηπτον
1096 701 1254 768 ξύλον
1286 704 1371 774 εἴη
1413 703 1481 758 ἂν
1527 704 1605 767 είς
1656 703 1825 759 τύπον

238 793 332 848 τοῦ
356 794 638 866 ἀφθάρτου
672 793 928 865 σώματος
952 810 964 823 ’
998 794 1244 865 ἄσηπτος
1283 795 1394 867 γὰρ
1434 798 1468 866 ἡ
1500 796 1718 867 κέδρος·
1762 798 1826 850 τὸ

237 885 293 937 δὲ
324 886 575 956 χρυσίον,
627 887 703 950 ὡς
744 885 848 957 ὕλη
894 885 1005 939 τῶν
1055 885 1232 940 ἄλλων
1286 887 1680 958 ὑπερηρμένη,
1725 891 1825 959 τῆς

240 975 392 1039 θείας
420 978 555 1049 ἡμῖν
575 977 763 1041 οὐσίας
790 978 1235 1049 κατασημήνειεν
1265 978 1334 1031 ἂν
1367 977 1465 1049 τὴν
1494 978 1786 1049 ὑπεροχήν.

313 1066 508 1140 ’ἷΑθρει
536 1068 613 1134 δὲ,
639 1070 785 1132 ὅπως
811 1071 843 1137 ἡ
877 1068 1107 1132 κιϐωτὸς
1133 1070 1229 1140 ὅλη
1258 1070 1575 1140 κεχρύσωτο
1617 1071 1828 1141 χρυσίῳ

240 1158 470 1231 καθαρῷ
536 1160 741 1215 ἔσωθεν
792 1161 886 1213 καὶ
928 1160 1148 1225 ἔξωθεν.
1196 1162 1412 1214 Ἤνωτο
1462 1162 1561 1232 μὲν
1600 1162 1708 1233 γὰρ
1757 1165 1824 1234 τῇ

240 1252 374 1321 ἁγίᾳ
402 1253 564 1323 σαρκὶ
590 1252 722 1315 Θεὸς
751 1251 824 1305 ὢν
853 1255 881 1306 ὁ
914 1253 1083 1321 Λόγος
1105 1268 1118 1281 ·
1160 1253 1254 1307 καὶ
1279 1252 1459 1318 τοῦτο,
1494 1249 1671 1324 οἶμαι,
1709 1255 1827 1307 ἐστὶ

238 1344 302 1396 τὸ
342 1341 539 1408 ἔξωθεν
575 1343 965 1414 -κεχρυσῶσθαι
984 1342 1083 1415 τὴν
1105 1343 1358 1400 κιϐωτόν.
1384 1345 1507 1398 Ὅτι
1528 1344 1585 1398 δὲ
1615 1345 1709 1397 καὶ
1730 1344 1827 1415 τὴν

241 1434 469 1488 ἐνοῦσαν
488 1433 567 1506 τῷ
597 1438 811 1505 σώματι
841 1435 1020 1507 ψυχὴν
1051 1436 1276 1508 λογικὴν
1317 1438 1457 1491 ἰδίαν
1503 1440 1820 1511 ἐποιήσατο,

241 1528 605 1594 καταδείξειεν
627 1529 694 1584 ἂν
722 1528 782 1580 τὸ
804 1528 901 1583 καὶ
915 1528 1118 1582 ἔσωθεν
1147 1529 1319 1601 αὐτὴν
1344 1531 1826 1601 καταχρυσοῦσθαι

238 1617 351 1671 δεῖν
396 1616 668 1681 ἐπιτάξαι.
704 1617 828 1670 ’Ότι
860 1618 953 1669 καὶ
1000 1618 1298 1689 ἀσύγχυτοι
1348 1622 1725 1691 μεμενήκασιν
1768 1622 1825 1675 αἱ

1934 446 2108 494 torum
2135 451 2189 497 et
2211 443 2417 499 dimidii
2447 447 2809 516 longitudine;
2844 460 2897 505 et
2932 451 3208 507 inaurabis
3229 468 3349 508 eam
3380 471 3514 513 auro

1930 545 2085 599 puro,
2120 541 2274 589 extra
2301 542 2356 592 et
2395 536 2535 592 intra
2574 540 2852 595 iuaurabis
2881 558 2999 595 eam
3014 544 3082 596 ’9.
3113 562 3133 593 ι
3168 544 3273 599 Sed
3310 546 3511 618 lignum

1930 621 2170 691 quidem,
2206 638 2329 679 cum
2361 627 2692 695 imputribile
2723 630 2814 695 sit,
2839 641 2923 685 est
2949 633 3117 699 ﬁgura
3156 636 3400 703 corporis
3430 636 3512 690 in-

1932 716 2171 782 corrupti
2206 733 2221 769 :
2252 715 2600 785 imputribilis
2646 720 2792 774 enim
2842 723 3069 789 cedrus;
3133 739 3327 780 aurum
3358 743 3509 795 vero,

1931 804 2085 872 quasi
2123 808 2377 862 materies
2408 808 2527 863 aliis
2556 812 2869 880 pretiosior,
2893 815 3089 870 divina:
3120 816 3276 872 nobis
3303 818 3511 874 indicat

1932 893 2255 952 substantia:
2293 898 2654 967 majestatem.

2000 1073 2280 1130 Attendite
2327 1072 2491 1146 igitur
2535 1080 2790 1147 quoniam
2828 1096 2952 1136 arca
3002 1091 3111 1138 tota
3161 1086 3406 1141 inaurata
3437 1090 3512 1144 sit

1931 1175 2065 1219 auro
2093 1179 2230 1233 puro
2270 1176 2423 1221 extra
2460 1177 2515 1222 et
2563 1170 2724 1225 intra.
2760 1172 3043 1228 Adnnatus
3080 1176 3297 1243 quidem
3332 1177 3512 1234 fuerat

1932 1262 2131 1307 sanctae
2174 1255 2323 1308 carni
2374 1255 2516 1311 Deus
2548 1255 2803 1323 Verbum,
2836 1270 2891 1313 et
2942 1259 2994 1313 id
3040 1270 3143 1326 est,
3190 1270 3249 1315 ut
3296 1264 3508 1332 opinor,

1933 1355 2115 1395 arcam
2139 1342 2307 1398 fuisse
2335 1354 2487 1400 extra
2516 1346 2840 1403 inauratam.
2861 1348 3015 1416 Quod
3041 1366 3169 1406 vero
3190 1361 3244 1407 et
3270 1353 3506 1408 animam

1933 1431 2330 1499 rationabilem,
2359 1450 2480 1504 quae
2510 1441 2729 1507 corpori
2757 1441 2951 1506 inerat,
2982 1444 3254 1513 propriam
3293 1444 3506 1512 fecerit,

1933 1535 1997 1577 ex
2034 1522 2136 1577 hoc
2162 1535 2402 1593 apparet,
2434 1527 2573 1595 quod
2603 1538 2661 1582 et
2686 1530 2825 1585 intra
2855 1548 3037 1587 arcam
3074 1536 3389 1603 przcceperit
3420 1537 3505 1590 in-

1933 1613 2135 1668 aurari.
2175 1612 2351 1685 [Quod
2383 1626 2560 1672 autem
2595 1629 2804 1674 naturae
2829 1622 2945 1676 sive
2971 1624 3286 1680 substantia}
3318 1626 3506 1683 incon-

240 1709 452 1778 φύσεις,
501 1711 670 1781 ἦγουν
719 1709 1067 1776 ὑποστάσεις,
1112 1710 1364 1765 ἐντεῦθεν
1420 1712 1700 1782 εἰσόμεθα.
1753 1714 1820 1766 Τὸ

1930 1703 2064 1760 fusae
2118 1708 2437 1773 manserint,
2468 1710 2592 1764 hinc
2637 1712 2842 1767 scimus
2874 1731 2888 1767 :
2917 1726 3108 1768 aurum
3139 1717 3282 1770 enim
3316 1731 3507 1786 super-

237 1800 348 1871 γάρ
372 1817 453 1854 τοι
478 1800 700 1873 χρυσίον
727 1800 1201 1873 ὲπαληλειμμένον
1226 1802 1304 1873 τῷ
1326 1801 1487 1873 ξύλῳ,
1517 1805 1827 1875 μεμένηκεν

236 1894 376 1965 ὅπερ
402 1890 471 1966 ἦν
490 1910 505 1925 ⁸
555 1894 651 1948 καὶ
677 1894 1033 1949 κατεπλούτει
1066 1894 1167 1965 μὲν
1198 1896 1260 1949 τὸ
1286 1895 1442 1960 ξύλον
1468 1895 1561 1950 τοῦ
1602 1898 1825 1969 χρυσίου

236 1984 337 2053 τὴν
359 1984 518 2051 δόξαν
535 2002 549 2015 ·
584 1986 725 2058 πλὴν
750 1987 851 2041 οὐκ
878 1989 1092 2062 ἀπέστη
1117 1990 1210 2043 τοῦ
1234 1985 1376 2045 εἶναι
1404 1989 1582 2055 ξύλον.
1617 1993 1740 2046 Ὅτι
1767 1994 1826 2048 δὲ

237 2076 272 2143 ἡ
306 2073 540 2139 κιϐωτὸς
581 2076 664 2140 εἰς
691 2076 864 2132 τύπον
905 2079 1403 2150 παραλαμϐάνεται
1444 2080 1540 2134 τοῦ
1564 2082 1825 2152 Χριστοῦ,

236 2164 326 2217 διὰ
353 2164 566 2218 πολλῶν
594 2167 661 2221 ἄν
688 2183 773 2231 τις
792 2169 1126 2226 πιστώσεται
1149 2170 1349 2239 λόγων
1366 2172 1691 2244 προεδάδιζε
1717 2174 1826 2246 γὰρ

236 2254 347 2309 τῶν
374 2253 436 2321 ἐξ
468 2256 706 2330 Ἰσραὴλ,
739 2259 980 2332 ζητοῦσα
1004 2262 1188 2326 αὐτοῖς
1214 2262 1546 2319 ἀνάπαυσιν.
1585 2266 1729 2337 Ἔφη
1766 2264 1825 2318 δέ

238 2364 345 2399 που
362 2348 458 2401 καὶ
476 2349 505 2402 ὁ
529 2350 575 2402 Χ
582 2351 785 2421 ριστός
816 2371 835 2404 ι
856 2352 1229 2424 Πορεύσομαι,
1248 2357 1344 2410 καὶ
1366 2355 1645 2428 ἑτοιμάσω
1660 2357 1825 2412 τόπον

236 2438 389 2509 ὑμῖν.
414 2456 439 2493 ι

869 2577 1024 2634 CAP.
1064 2578 1183 2633 Xll.

240 2677 392 2759 and
420 2692 688 2759 cumesset
726 2683 869 2759 Deus
910 2684 1158 2756 Verbum,
1192 2688 1367 2759 factus
1405 2692 1472 2745 sit
1516 2692 1691 2759 homo,
1731 2711 1823 2750 nec

312 2750 468 2805 homo
513 2753 861 2831 simpiieiter.
911 2750 1465 2831 nudaAcori'junActione
1513 2750 1817 2831 honoratus,

311 2830 526 2896 vocatus
548 2824 613 2875 sit
635 2825 715 2896 ad
728 2840 907 2886 parem
928 2824 1239 2894 dignitatem
1268 2829 1364 2882 Dei
1401 2829 1577 2896 Verbi,
1599 2835 1705 2888 sive
1726 2824 1823 2889 an;

309 2890 631 2955 claritatem,
671 2893 807 2948 sicut
846 2890 1161 2964 quibusdam
1201 2900 1429 2955 videtur.

308 3000 839 3103 Divinusfaulus':
879 3022 1131 3079 magnum
1164 3011 1379 3079 quidem
1408 3012 1484 3067 ait
1540 3028 1661 3071 esse
1706 3032 1821 3088 my-
1848 3043 1891 3103 ο

234 3092 464 3147 sterium
514 3094 750 3163 pietatis.
798 3096 865 3152 Et
890 3112 1017 3153 vere
1044 3099 1119 3154 ita
1176 3114 1237 3156 se
1284 3118 1370 3159 res
1418 3105 1821 3165 habet:mani-

234 3182 462 3240 testatus
492 3194 576 3240 est
597 3186 742 3241 enim
778 3189 832 3243 in
861 3204 1047 3256 carne,
1094 3205 1216 3246 cum
1246 3192 1318 3247 sit
1348 3193 1490 3251 Deus
1540 3195 1815 3267 Verbum;

230 3274 559 3344 iustiﬁcatus
582 3286 667 3333 est
691 3289 871 3334 autem
909 3278 963 3333 in
996 3279 1223 3349 Spiritu.
1263 3280 1421 3337 Nullo
1462 3284 1604 3338 enim
1660 3286 1820 3342 modo

228 3369 438 3423 nostris
467 3367 679 3424 videtur
710 3369 1118 3425 inﬁrmitatibus
1163 3372 1455 3439 contineri,
1491 3372 1619 3430 licet
1661 3375 1819 3443 juxta

236 3472 337 3512 nos
379 3458 545 3513 homo
582 3459 656 3514 sit
701 3458 875 3514 laetus
907 3477 922 3514 :
959 3473 1066 3513 non
1115 3460 1262 3514 enim
1306 3460 1440 3517 fecit
1489 3475 1767 3533 peccatum
1802 3486 1817 3522 :

233 3549 491 3618 apparuit
522 3558 704 3604 autem
761 3558 819 3604 et
874 3550 1104 3621 angelis.
1157 3548 1349 3619 Neque
1405 3553 1548 3607 enim
1596 3568 1821 3625 genera-

229 3633 437 3689 tionem
452 3634 625 3705 ipsius
642 3637 941 3692 secundum
960 3652 1183 3693 carnem
1239 3638 1627 3708 ignoraverunt
1646 3660 1660 3697 :
1681 3658 1820 3712 pra:-

226 3726 448 3782 dieatus
496 3737 677 3782 autem
729 3737 786 3784 et
826 3729 1112 3800 gentibus,
1164 3731 1321 3799 quasi
1381 3732 1521 3788 Deus
1553 3733 1715 3789 homo
1738 3735 1821 3790 l‘a-

226 3826 390 3883 ctus;
436 3817 511 3872 ita
558 3828 740 3873 autem
788 3820 1028 3875 creditus
1077 3830 1164 3876 est
1241 3821 1295 3875 in
1351 3824 1570 3878 mundo.
1615 3822 1819 3881 Proba-

236 3907 313 3960 vit
362 3918 541 3965 autem
577 3910 798 3966 divinus
830 3909 1032 3968 Paulus
1079 3912 1154 3967 ita
1206 3913 1498 3969 scribens:
1536 3932 1556 3967 ι
1590 3914 1819 3987 Propter

226 3997 379 4065 quod
407 4012 677 4055 memores
703 4008 900 4065 estote,
929 4001 1073 4070 quod
1102 4001 1398 4072 aliquando
1427 4018 1522 4060 vos
1550 4016 1739 4076 gentes
1761 4008 1815 4063 in

226 4103 423 4158 carne,
443 4092 532 4161 qui
586 4091 829 4148 dicimini
877 4092 1317 4161 praeputium,ab
1364 4108 1427 4149 ea
1471 4109 1590 4165 quae
1620 4097 1818 4156 dicitur

228 4182 577 4238 circumcisio
629 4182 682 4236 in
736 4196 904 4238 carne
949 4181 1259 4238 manuiacta
1294 4200 1309 4237 :
1342 4184 1468 4254 quia
1520 4187 1689 4243 eratis
1722 4186 1814 4243 illo

225 4283 477 4344 tempore
501 4275 623 4330 sine
639 4274 859 4329 Christo
884 4274 1105 4329 alienati
1136 4290 1169 4328 a
1194 4276 1812 4343 conversationelsrael,

1928 1797 2162 1866 positum
2211 1798 2355 1869 ligno
2410 1802 2611 1856 mansit
2664 1802 2716 1856 id
2760 1805 2902 1873 quod
2951 1816 3091 1867 erat,
3126 1813 3181 1859 et
3210 1809 3506 1861 ornabatur

1926 1889 2142 1959 quidem
2167 1890 2369 1961 lignum
2399 1892 2515 1947 auri
2541 1894 2774 1960 decore;
2809 1906 2992 1951 tamen
3023 1898 3225 1967 lignum
3253 1913 3507 1954 essenon

1927 1980 2104 2035 desiit.
2130 1980 2283 2047 Quod
2315 1996 2445 2037 vero
2474 1998 2597 2039 arca
2636 1985 2690 2039 in
2721 1984 2919 2041 Christi
2971 1987 3269 2057 accipiatur
3310 1988 3505 2059 ituagie

1927 2087 2071 2138 nem,
2101 2072 2346 2143 pluribus
2390 2084 2569 2144 potest
2604 2076 3021 2146 probationibus
3068 2078 3327 2134 declarari
3361 2078 3504 2150 (1).]

1925 2162 2354 2220 Praaambulabat
2382 2167 2525 2222 enim
2556 2169 2640 2224 his
2672 2169 2762 2238 qui
2794 2179 2921 2226 sunt
2945 2185 3011 2226 ex
3036 2170 3219 2236 Israel,
3250 2185 3505 2240 quan-ens

1926 2256 2060 2325 ipsis
2111 2257 2376 2326 requiem.
2413 2258 2504 2313 Ait
2552 2259 2749 2314 alicubi
2802 2268 2856 2315 et
2899 2259 3193 2317 Christus:
3240 2279 3259 2313 ι
3292 2260 3404 2325 Ibo,
3450 2271 3507 2316 et

1924 2348 2128 2418 parabo
2158 2349 2312 2406 vobis
2339 2350 2515 2408 locum
2532 2351 2602 2408 ³ο.
2633 2371 2654 2405 ι

1994 2528 2278 2587 Credimus
2307 2531 2493 2603 igitur,
2517 2547 2621 2588 non
2653 2533 2707 2587 in
2737 2547 2902 2587 unum
2936 2533 3107 2588 nostri
3139 2532 3370 2587 similem
3396 2532 3507 2588 dei-

1925 2629 2035 2675 tate
2059 2636 2157 2692 per
2181 2623 2413 2694 gratiam
2444 2623 2790 2688 honoratum,
2823 2639 2893 2677 ue
2922 2624 3161 2680 cultores
3184 2637 3308 2679 esse
3333 2625 3504 2679 homi~

1924 2713 2011 2769 nis
2037 2713 2384 2784 detegamur;
2416 2712 2511 2771 sed
2536 2715 2588 2769 in
2618 2716 2903 2773 Dominum
2924 2715 3117 2785 magis,
3136 2715 3226 2784 qui
3246 2716 3299 2769 in
3318 2715 3503 2773 servili

1922 2804 2100 2860 forma
2138 2807 2459 2874 comparuit,
2491 2816 2548 2861 et
2579 2806 2668 2877 qui
2701 2804 2803 2860 fuit
2834 2821 2960 2862 vere
2999 2808 3168 2863 nostri
3201 2807 3419 2871 similis,
3448 2816 3504 2862 et

1924 2895 1977 2949 in
2009 2895 2347 2951 humanitate
2375 2905 2552 2950 tamen
2584 2895 2727 2952 Deus
2757 2898 2959 2953 mansit
2986 2916 3000 2953 :
3027 2897 3170 2954 Deus
3197 2900 3341 2953 enim
3371 2898 3505 2959 Ver-2

1924 2986 2073 3052 bum,
2103 3002 2264 3043 carne
2288 2997 2586 3058 assumpta,
2621 3003 2726 3044 non
2765 2990 3011 3059 deposuit
3052 2992 3196 3062 quod
3220 3001 3377 3060 erat;
3412 2993 3503 3048 in-

1927 3079 2184 3150 telligitur
2208 3088 2390 3135 tamen
2419 3081 2560 3135 idem
2592 3080 2737 3137 Deus
2766 3082 2928 3136 simul
2958 3090 3012 3138 et
3037 3082 3221 3139 homo.

1993 3173 2059 3228 Et
2098 3173 2221 3229 ﬁdei
2268 3175 2485 3244 quidem
2529 3175 2669 3231 ratio
2702 3175 2776 3230 ita
2812 3188 2871 3229 se
2899 3173 3082 3239 habet,
3116 3183 3172 3230 et
3199 3184 3346 3231 recte
3380 3178 3503 3247 qui-

1921 3265 2064 3321 dem.
2092 3264 2199 3321 Sed
2244 3268 2288 3321 si
2334 3266 2473 3322 forte
2518 3265 2717 3335 aliquis
2762 3266 2929 3333 dicat,
2966 3264 3111 3334 Quid
3146 3266 3272 3320 mali
3319 3275 3422 3332 est,
3451 3269 3498 3322 si

1922 3353 2254 3425 intelligatur
2298 3355 2462 3409 homo
2510 3353 2709 3410 similis
2743 3355 2917 3411 nostri
2950 3355 3354 3425 apprehendere
3385 3356 3502 3412 dci-

1922 3451 2111 3508 tatem,
2145 3460 2210 3500 ae
2244 3461 2351 3500 non
2379 3446 2553 3516 magis
2581 3444 2724 3502 Deus
2754 3447 2916 3501 homo
2949 3447 3102 3501 ﬁeri?
3149 3448 3500 3517 respondebi-

1922 3546 2044 3585 mus
2096 3535 2242 3588 mille
2291 3551 2412 3591 esse
2455 3551 2575 3605 qua:
2604 3538 2880 3593 contrario
2919 3548 3148 3606 possunt
3196 3540 3417 3606 opponi,
3442 3550 3499 3593 et

1922 3637 2057 3693 pene
2089 3624 2250 3678 etiam
2302 3637 2434 3679 nutu
2480 3626 2864 3696 signiﬁcantia,
2891 3641 2990 3682 nos
3032 3637 3287 3698 oportere
3334 3630 3497 3685 reniti

1920 3723 2252 3781 constanter,
2284 3729 2384 3769 nec
2414 3716 2637 3771 credere
2667 3716 2741 3770 ita
2770 3731 2914 3771 esse.

1990 3806 2105 3877 Age
2133 3808 2301 3873 enim,
2321 3818 2445 3863 ante
2463 3806 2568 3861 alia
2596 3807 3042 3877 dispensationis,
3056 3825 3175 3879 quae
3191 3826 3312 3866 cum
3332 3828 3498 3870 carne

1918 3898 2061 3955 facta
2110 3908 2214 3964 est,
2249 3898 2465 3954 modum
2518 3913 2833 3963 cernamus,
2869 3909 2925 3954 et
2970 3910 3277 3958 nostrarum
3314 3919 3497 3963 rerum

1916 4000 2166 4048 naturam
2188 3991 2444 4047 subtilius
2473 4001 2874 4062 perserutemur
2900 4009 2915 4047 :
2950 3992 3250 4063 periclitata
3282 4004 3365 4051 est
3394 3996 3496 4052 ho-

1916 4085 2078 4140 minis
2111 4095 2326 4151 natura,
2352 4093 2409 4140 et
2440 4087 2693 4155 depressa
2726 4092 2808 4140 est
2834 4085 2992 4142 malis
3016 4088 3297 4155 extremis,
3330 4089 3496 4145 male-

1914 4177 2151 4234 dictione
2180 4184 2237 4231 et
2263 4186 2435 4231 morte
2463 4176 2738 4239 damnata,
2772 4186 2825 4231 et
2856 4178 3064 4248 peccati
3105 4174 3317 4249 laqueis
3354 4180 3497 4236 irre-

1914 4269 2034 4332 tita,
2070 4269 2305 4332 errabat,
2339 4277 2395 4323 et
2430 4277 2548 4324 erat
2580 4267 2750 4339 786
2797 4269 2850 4324 in
2899 4272 3169 4339 tenebris;
3201 4272 3367 4328 Deum
3400 4288 3497 4330 ne—

227 4374 284 4418 et
314 4365 565 4435 hospites
607 4372 1079 4429 testamentorum,
1114 4367 1490 4436 promissionis
1521 4385 1672 4440 spem
1700 4385 1809 4427 non
1842 4377 1886 4433 D
1914 4360 2123 4416 “iebat
2166 4373 2313 4426 eum:
2346 4360 2436 4430 ψεῖ
2484 4370 2569 4416 θδι
2615 4372 2805 4417 nam”
2851 4370 2906 4419 ει
2952 4363 3212 4431 vemine;
3259 4379 3356 4435 Ι)το
3385 4366 3495 4420 ῧυο

228 4452 508 4514 habentes,
528 4463 584 4508 et
597 4454 713 4509 sine
728 4454 839 4511 Deo
856 4455 908 4509 in
942 4455 1058 4524 hoc.
1069 4455 1268 4514 mundo
1283 4457 1423 4512 ³²·³⁸.
1447 4477 1467 4512 ι
1496 4458 1667 4515 Erant
1691 4474 1822 4532 ergo

226 4552 420 4611 gentes
443 4543 499 4596 in
530 4544 730 4600 mundo
769 4545 892 4600 sine
922 4544 1057 4611 Deo,
1089 4560 1211 4601 cum
1246 4548 1453 4618 absque
1480 4548 1697 4605 Christo
1727 4565 1814 4607 es-

226 4642 371 4689 sent.
408 4631 612 4687 Verum
651 4635 905 4703 quoniam
956 4652 1080 4692 eum
1126 4652 1254 4694 vere
1305 4648 1359 4694 et
1404 4646 1597 4695 natura
1644 4640 1814 4698 Deum

223 4739 350 4780 esse
398 4736 759 4797 agnoverunt,
800 4726 927 4797 ipsae
960 4744 1173 4801 quoque
1218 4731 1284 4786 ab
1318 4746 1385 4787 eo
1417 4733 1613 4799 agnita:
1657 4743 1804 4801 sunt,

226 4815 392 4870 ﬁdem
415 4815 756 4882 conﬁtentes,
778 4829 832 4874 et
856 4819 969 4888 ipse
1005 4831 1313 4890 assumptus
1360 4831 1445 4877 est
1498 4824 1551 4881 in
1613 4825 1805 4896 gloria,

221 4921 376 4967 certe
407 4911 610 4968 divina.
648 4913 833 4969 Psallit
863 4917 1006 4970 enim
1040 4917 1229 4971 beatus
1259 4915 1424 4971 David
1451 4933 1466 4969 :
1506 4935 1526 4968 ι
1552 4919 1808 4974 Ascendit

224 5003 372 5059 Deus
415 5004 468 5059 in
510 5005 767 5076 jubilo“.
795 5025 815 5059 ι
852 5007 1116 5064 Ascendit
1162 5008 1308 5062 enim
1341 5018 1490 5064 certe
1520 5023 1643 5065 cum
1684 5025 1807 5066 cor-

1917 4452 2087 4509 coluit
2108 4461 2415 4508 creaturam
2429 4451 2498 4506 ³⁸.
2521 4452 2800 4520 Quomodo
2822 4453 2983 4525 igitur
3008 4453 3314 4524 huiusmodi
3337 4456 3493 4515 malis

1916 4552 2129 4616 poterat
2169 4543 2428 4600 liberari?
2471 4545 2555 4600 An
2597 4544 2731 4611 illud
2774 4545 3040 4612 dicemus,
3070 4549 3214 4618 quod
3250 4547 3334 4604 las
3374 4557 3494 4604 erat

1916 4639 2239 4696 humanitati
2287 4638 2524 4693 divinam
2585 4649 2834 4693 naturam
2882 4639 3327 4708 apprehemlere,
3372 4655 3492 4710 qua:

1916 4732 2152 4788 nesciret
2179 4732 2423 4795 omnino,
2463 4730 2639 4799 qualis
2666 4739 2816 4784 esset
2844 4730 3072 4801 dignitas
3099 4742 3301 4787 natura:
3326 4732 3492 4787 cmic-

1915 4823 2047 4885 stis,
2096 4835 2219 4875 cum
2266 4830 2413 4875 esset
2455 4820 2778 4889 ignorantia)
2825 4820 3060 4878 tenebris
3101 4822 3396 4893 occupata",
3435 4834 3491 4881 et

1914 4913 2121 4983 peccati
2153 4912 2406 4968 sordibus
2436 4913 2761 4982 inquinata?
2799 4912 3079 4980 Quomodo
3108 4924 3316 4985 poterat
3368 4917 3484 4972 ﬁeri

1911 5014 1967 5059 ut
2014 5004 2443 5074 apprehenderet
2491 5014 2733 5060 sanctam
2778 5013 3070 5071 naturam,
3119 5014 3174 5060 et
3219 5008 3487 5076 acciperet

223 5109 500 5165 pore,-nec
526 5097 579 5152 in
610 5098 753 5154 nuda
785 5099 1028 5155 deitate:
1061 5099 1203 5154 Deus
1232 5099 1377 5154 enim
1410 5108 1528 5155 erat
1552 5100 1805 5156 inearna-
1909 5097 2156 5166 gloriam,
2184 5110 2345 5166 quam
2392 5110 2552 5150 nemo
2585 5096 2844 5164 inveniat,
2872 5097 2973 5151 nisi
3010 5097 3311 5166 acceperit?
3338 5098 3484 5153 Con-

224 5196 332 5243 tus.

291 5341 337 5374 "
398 5341 569 5397 Exod.
593 5359 725 5411 xxv,
751 5345 840 5400 10.

945 5345 992 5377 ³⁸
1032 5347 1187 5403 loan.
1212 5360 1323 5415 xw,
1349 5347 1403 5401 '5.

217 5410 267 5446 ³⁸
300 5411 456 5467 Rom.
484 5429 523 5472 ι,
548 5413 639 5479 25,

1506 5345 1550 5378 “
1582 5345 1603 5399 Ι
1632 5344 1772 5400 Tim.
1819 5360 1902 5411 ιιι,
1956 5344 2043 5401 l6.

1910 5190 2165 5246 cedamus
2207 5190 2355 5246 enim
2407 5189 2549 5258 quod
2590 5191 2903 5258 cognoverit
2934 5186 3183 5252 fortasse,
3215 5198 3269 5243 et
3298 5189 3485 5245 scierit

2147 5345 2266 5379 ι²ο³³
2301 5343 2497 5415 Ephes.
2527 5359 2587 5410 ιι,
2643 5343 2730 5412 Η,
2784 5345 2869 5403 l2.
2988 5349 3030 5379 "
3060 5346 3202 5405 Psal.
3250 5363 3393 5413 xui,
3422 5345 3478 5400 6.

288 5551 365 5622 (l)
386 5550 557 5628 .Hune
590 5563 803 5628 Quoque
842 5548 1130 5628 locumnex
1153 5547 1355 5628 {eadem
1387 5548 1638 5606 versione
1662 5548 1792 5605 citat
1834 5549 2121 5610 Facundus
2180 5554 2399 5612 ibidem.
2462 5556 2600 5612 Citat
2627 5556 2789 5612 etiam
2824 5555 3078 5614 Leontius
3099 5555 3389 5628 Byzantius
3420 5549 3474 5605 in

215 5618 324 5677 ﬁne
364 5622 486 5677 libri
524 5618 686 5691 primi
719 5618 989 5674 adversus
1030 5618 1419 5687 Eutychianos.
