4016 6202
451 219 588 273 1583

1435 210 1497 265 S.
1537 206 1806 265 CYRlLLl
1847 205 2319 264 ALEXANDRINI
2361 203 2683 264 ARCHIEP.

3590 207 3732 262 I38!

451 335 854 404 apprehendere
900 331 1067 386 Deum
1094 331 1241 402 i[pro
1273 327 1574 401 deitatem].
1615 329 1747 396 Quis
1802 339 1887 383 est
1935 328 2025 397 qui
2059 334 2099 390 Α
2133 329 2382 381 deitatis?
2422 327 2513 383 Vel
2555 327 2827 396 quomodo
2851 341 2957 380 non
2985 325 3054 380 sit
3081 322 3254 380 factus
3278 323 3608 390 altlssimus,
3642 326 3734 394 qui

452 425 734 482 docuerit?
780 422 1109 489 «Quomodo
1168 419 1311 474 enim
1370 419 1634 479 credent,
1689 419 1788 472 nisi
1844 418 2035 472 audie-

453 515 656 570 rint"?
684 535 700 566 ι
738 513 1001 569 Cancrum
1046 525 1150 563 non
1206 509 1257 562 id
1304 519 1386 562 est
1422 509 1828 576 apprchendere
1859 507 2035 561 deita-

454 619 583 668 tem.
614 619 665 660 et
696 605 1104 661 convenientem
1147 602 1194 654 ei
1227 602 1452 669 gloriam
1488 615 1700 665 capere.

525 699 668 766 Ergo
704 695 984 748 decentius
1029 693 1119 755 sit,
1149 701 1206 743 et
1246 701 1392 744 recte
1421 691 1658 757 quidem,
1693 690 1762 740 ita
1809 685 2036 750 sentire,

455 794 594 860 quod
627 803 843 842 servare
870 785 1056 838 volens
1083 785 1132 836 id
1159 783 1300 849 quod
1329 783 1584 848 perierat,
1612 781 1944 834 descendens
1971 780 2037 832 ad

455 899 553 938 nos
600 883 736 933 Deus
777 879 1033 938 Verbum,
1086 891 1181 943 per
1220 875 1363 944 quod
1411 874 1616 933 omnia,
1655 881 1710 923 et
1758 871 1808 923 in
1861 872 1910 922 id
1956 884 2036 932 se,

454 974 596 1042 quod
645 987 749 1023 non
796 977 934 1029 erat,
980 967 1222 1028 immisit,
1259 974 1313 1018 ιιι
1357 974 1410 1016 et
1461 964 1695 1015 hominis
1745 974 1955 1022 natura,
1988 962 2038 1013 id

455 1064 595 1132 quod
643 1078 746 1114 non
771 1070 906 1124 erat,
945 1060 1126 1122 lit-ret;
1159 1067 1212 1109 et
1253 1055 1448 1106 divina:
1483 1055 1781 1122 maiestatis
1810 1055 2040 1120 dignita-

457 1157 600 1209 tibus
633 1169 727 1221 pcr
754 1153 1131 1204 adunationetn
1169 1158 1473 1216 patescens.
1505 1161 1625 1211 qua:
1657 1144 1932 1196 sahlevata
1959 1150 2043 1196 est

457 1247 631 1313 magis
673 1245 810 1294 ultra
857 1252 1127 1300 naturam,
1173 1253 1334 1306 quant
1378 1238 1563 1302 tlejicit
1607 1235 1741 1288 infra
1791 1243 2040 1288 naturam

459 1338 819 1391 lttvertihilem
855 1334 1044 1385 Deum.
1080 1329 1422 1384 Conveniens
1454 1339 1593 1390 erat,
1628 1338 1685 1379 ttt
1715 1324 2043 1392 incorrupti-

459 1429 583 1484 bilis
617 1438 808 1480 natura
845 1422 1275 1491 apprelteuderet
1309 1418 1735 1486 corruptibilem,
1770 1424 1827 1468 ttt
1863 1429 1980 1467 eam
2013 1429 2040 1465 a

461 1517 809 1586 corruptione
860 1516 1140 1567 liberaret.
1191 1509 1532 1565 Conveniens
1587 1518 1707 1562 erat
1755 1520 1902 1568 eum,
1952 1505 2041 1573 qtti

460 1625 687 1681 peccare
720 1625 822 1663 non
861 1615 1105 1668 noverat,
1127 1619 1247 1656 cum
1283 1601 1657 1669 peccatoribus
1687 1598 2040 1663 conformari,

2138 421 2190 473 in
2221 421 2446 487 gloriam
2473 435 2764 486 supernam
2795 417 3136 472 ascenderit?

2210 510 2372 579 Igitur
2404 511 2632 562 dicimus
2665 525 2766 560 non
2804 508 3077 561 hominem
3128 508 3294 559 Deum
3345 520 3466 560 esse
3499 505 3736 575 factum,

2138 605 2230 656 sed
2264 604 2439 671 potius
2471 602 2668 655 factum
2693 613 2811 654 esse
2836 601 2887 652 in
2912 599 3262 661 exinanitatc,
3283 610 3504 666 propter
3535 601 3740 651 humao

2141 695 2384 757 nitatem,
2410 693 2576 748 Deum
2600 692 2855 757 Verbum,
2884 692 2973 760 qtti
3003 703 3119 743 erat
3145 693 3196 744 itt
3219 693 3528 756 arqualitate
3555 693 3741 748 Patris

2140 796 2191 840 et
2226 788 2395 838 forma
2434 804 2447 838 :
2497 786 2804 838 exinanitus
2837 796 2919 840 est
2965 762 3116 838 enini
3146 785 3246 835 hoc
3291 784 3474 846 modo,
3511 796 3740 852 propter

2142 877 2550 930 similitudinem
2596 887 2858 938 nostram,
2888 892 3014 930 cum
3049 883 3193 928 esset
3221 874 3431 942 plenus,
3469 887 3527 927 ut
3572 877 3738 932 Deus.

2143 968 2463 1020 llumiliatus
2491 977 2572 1020 est
2603 978 2824 1035 propter
2855 981 3100 1031 carnem,
3132 966 3204 1020 ita
3245 975 3298 1018 ut
3325 984 3351 1017 a
3390 969 3588 1019 tiiVllIIl‘.
3618 984 3742 1022 ma-

2138 1061 2352 1128 jestatis
2403 1060 2617 1128 fastigio
2667 1076 2769 1111 non
2818 1060 3147 1123 descendat;
3181 1062 3365 1112 sedem
3391 1060 3536 1112 enim
3574 1061 3742 1116 habet

2143 1151 2484 1205 altissimam.
2532 1150 2729 1203 Factus
2783 1160 2866 1202 est
2919 1151 2970 1202 in
3020 1151 3378 1203 similitudine
3428 1151 3739 1215 hominum,

2142 1256 2263 1294 eum
2302 1242 2374 1293 sit
2401 1242 2638 1308 ejusdem
2675 1241 2861 1294 forma:
2889 1256 3010 1293 cum
3041 1239 3221 1300 Patre.
3247 1251 3435 1307 utpote
3468 1242 3624 1310 cujus
3657 1250 3744 1295 est

2147 1332 2315 1398 ﬁgura
2345 1332 2690 1385 substantiae.
2720 1332 2915 1385 Verum
2955 1333 3207 1398 quoniam
3239 1333 3403 1385 semel
3444 1333 3620 1386 l’acttts
3656 1343 3745 1386 est

2138 1423 2290 1490 juxta
2332 1439 2450 1487 nos,
2482 1423 2794 1477 ascendisse
2841 1424 3038 1476 dicitur
3069 1439 3190 1475 cum
3225 1436 3391 1476 carne
3425 1423 3476 1475 in
3508 1423 3744 1491 gloriam

2146 1514 2384 1576 deitatis,
2419 1529 2575 1581 quam
2611 1523 2885 1581 patentem
2917 1513 3133 1580 quidem
3185 1512 3348 1564 habet
3400 1515 3553 1580 quasi
3607 1525 3745 1582 pro~

2148 1609 2344 1675 priam,
2383 1607 2486 1659 alio
2522 1615 2697 1658 tamen
2729 1617 2886 1672 pacto
2913 1606 2964 1657 in
2992 1620 3052 1658 ea
3086 1605 3208 1668 fuit,
3236 1616 3460 1672 propter
3491 1605 3748 1659 humani-

461 1711 520 1755 ut
558 1711 776 1769 peccata
818 1703 1208 1763 compesceret.
1239 1692 1704 1756 Quemadmodum
1737 1691 1878 1743 enim
1923 1689 2043 1742 ubi-

2160 1711 2310 1753 Latem
2343 1718 2354 1751 :
2391 1699 2646 1752 Dominus
2671 1699 2814 1751 enim
2850 1698 3092 1750 omnium
3131 1709 3254 1750 esse
3284 1698 3543 1762 creditur,
3573 1698 3745 1752 etiam

469 1805 685 1860 etmqtte
723 1792 808 1841 lux
866 1787 1056 1851 fuerit,
1097 1785 1271 1854 caligo
1319 1785 1505 1838 interit
1545 1782 1925 1847 tenebrarum;
1976 1782 2044 1833 ita

463 1887 624 1939 etiam
686 1880 1096 1936 immortalitate
1147 1888 1414 1946 praesente
1442 1919 1457 1943 ,
1489 1877 1667 1930 omnis
1701 1884 1849 1928 certe
1885 1876 2049 1941 pestis

462 1976 684 2046 fugitiva
719 1974 988 2036 discedet;
1023 1983 1076 2025 et
1107 1981 1375 2039 pnesente
1402 1985 1466 2023 eo
1517 1971 1605 2036 qui
1639 1977 1914 2037 peccatum
1944 1980 2046 2018 non

465 2070 611 2122 novit
652 2071 669 2135 (
695 2066 782 2132 qui
808 2065 970 2117 etiam
1004 2061 1285 2130 proprium
1321 2061 1426 2114 sibi
1453 2075 1649 2126 corpus
1679 2057 1878 2120 effecit,
1906 2057 2048 2126 quod

461 2170 549 2214 εει
579 2159 698 2213 sine
726 2157 801 2226 (l)
830 2155 1094 2224 peccato),
1123 2155 1278 2206 cedet
1309 2166 1469 2204 omne
1503 2159 1800 2218 peccatum.

535 2251 688 2318 Quod
739 2263 867 2302 vero
907 2245 1160 2309 Veritum,
1191 2261 1311 2297 cum
1365 2254 1508 2297 esset
1541 2241 1702 2303 Deus,
1745 2243 1945 2295 factum
1981 2240 2054 2294 sit

464 2343 651 2401 homo,
682 2349 735 2393 et
769 2354 871 2391 non
906 2337 1081 2405 magis
1110 2337 1269 2388 homo
1300 2333 1751 2402 τεοεοποιημένος
1784 2333 2048 2400 intelliga-

466 2445 555 2489 tur
582 2435 848 2495 Christus,
880 2431 1042 2484 etiam
1087 2443 1152 2482 ex
1189 2430 1360 2480 sacris
1408 2425 1628 2478 Litteris
1657 2428 1835 2477 enitar
1865 2437 2051 2477 osten-

467 2531 616 2584 dere.
664 2528 751 2581 Ait
785 2526 948 2595 igitur
976 2525 1164 2577 beatus
1194 2519 1395 2573 Paulus
1425 2521 1491 2573 de
1529 2517 1819 2587 Uuigenito
1852 2537 1865 2570 :
1901 2535 1920 2566 ε
1949 2515 2050 2582 Qui

467 2636 589 2675 cum
639 2619 692 2672 in
739 2618 910 2670 forma
963 2611 1053 2667 Dei
1101 2623 1267 2676 esset,
1310 2627 1413 2665 non
1468 2614 1711 2680 rapinam
1761 2610 2053 2662 arbitratus

467 2727 574 2779 εει,
601 2721 657 2766 ιιι
689 2720 830 2764 esset
862 2708 1085 2775 tequalis
1112 2707 1250 2768 Deo;
1277 2705 1368 2756 scd
1397 2705 1693 2756 exinauivit
1721 2718 1798 2764 se,
1827 2703 2052 2754 formam

468 2805 609 2860 servi
661 2803 957 2870 accipiens,
995 2801 1046 2851 in
1096 2796 1504 2849 similitudinem
1552 2795 1826 2847 hominum
1861 2791 2051 2854 factus,

470 2907 526 2952 et
559 2896 740 2948 hahitu
780 2895 1031 2945 inventus
1063 2900 1120 2942 ut
1158 2890 1338 2942 hetnu.
1377 2885 1687 2938 liumiliavit
1718 2898 1835 2937 sese
1884 2884 2054 2938 laetus

2149 1807 2271 1845 ριιιιι
2315 1807 2500 1846 carne.

2225 1882 2487 1936 Flectitur
2513 1890 2690 1934 autem
2725 1878 2825 1949 ipsi
2855 1891 3018 1933 omne
3050 1893 3215 1947 genu,
3246 1885 3299 1932 et
3333 1879 3385 1934 id
3419 1895 3520 1933 non
3552 1882 3617 1932 ad
3642 1880 3750 1934 do-

2152 1975 2318 2028 lorem
2344 1985 2398 2028 et
2424 1973 2805 2027 contumeliam
2833 1971 3030 2033 Patris,
3059 1971 3151 2023 sed
3181 1972 3354 2040 magis
3379 1973 3444 2024 ad
3469 1973 3698 2040 gloriam
3731 1988 3746 2023 :

2151 2069 2351 2136 gaudet
2393 2067 2560 2132 enim,
2585 2075 2637 2120 et
2661 2064 3017 2133 glorificatur,
3041 2063 3164 2113 dum
3212 2063 3280 2114 ab
3311 2064 3621 2117 hominibus
3652 2063 3752 2118 Fi-

2153 2160 2256 2212 lius
2280 2159 2558 2218 adorator,
2582 2157 2706 2208 licet
2741 2155 2915 2207 factus
2940 2156 3009 2208 sit
3033 2153 3224 2208 similis
3250 2155 3438 2207 nosn'i.
3468 2154 3752 2221 Scriptum

2152 2267 2280 2305 vero
2316 2261 2394 2304 est
2430 2265 2620 2302 rursus
2650 2267 2662 2301 :
2701 2265 2720 2297 ε
2753 2245 2867 2299 Non
2901 2248 3047 2300 enim
3096 2245 3317 2314 angelos
3362 2246 3754 2315 apprehendit,

2154 2344 2244 2396 sed
2272 2355 2453 2395 semen
2482 2341 2748 2404 Abrahae;
2777 2341 2921 2391 unde
2946 2338 3129 2391 debuit
3155 2354 3249 2404 per
3272 2339 3449 2390 omnia
3484 2338 3763 2391 fratribus

2159 2433 2533 2488 assimilari“.
2577 2452 2594 2482 ι
2662 2432 2801 2486 Ecce
2856 2445 3038 2484 semen
3095 2429 3319 2481 Abrahae
3377 2429 3767 2496 apprehendit

2157 2526 2388 2581 Verbum
2428 2526 2591 2590 Deus,
2621 2535 2676 2578 et
2719 2539 2825 2577 non
2871 2525 3053 2586 homo,
3100 2523 3277 2575 nescio
3309 2521 3426 2589 quis
3459 2521 3631 2573 nostri
3663 2519 3766 2573 si-

2157 2622 2300 2673 milis
2332 2620 2585 2672 deitatem
2617 2618 2992 2691 apprehendit,
3024 2625 3078 2669 et
3124 2615 3233 2682 ipse
3281 2614 3432 2666 nobis
3469 2611 3764 2665 assimilav

2159 2721 2263 2775 tur,
2309 2721 2362 2762 et
2413 2717 2750 2776 nuncupatur
2802 2706 2969 2759 frater
3021 2715 3230 2770 noster,
3276 2714 3334 2756 ut
3378 2705 3585 2767 homo,
3642 2719 3757 2757 non

2156 2813 2418 2871 quantum
2448 2812 2530 2854 est
2565 2802 2626 2853 ad
2665 2801 2877 2852 deitatis
2917 2807 3192 2851 naturam.
3240 2817 3259 2848 ε
3294 2798 3558 2861 Quoniam
3595 2799 3755 2863 pueri

2157 2894 2699 2950 communicaverunt
2725 2891 2876 2945 carni
2912 2899 2963 2942 et
2987 2890 3264 2958 sanguini.
3285 2899 3338 2941 et
3362 2891 3475 2956 ipse
3497 2888 3755 2941 similiter

469 2987 730 3041 obediens
761 2995 930 3049 usque
960 2982 1025 3032 illi
1062 2989 1313 3040 mortem,
1347 2986 1577 3027 mortem
1627 2988 1804 3026 autem
1847 2974 2048 3028 Cl‘llCiS.
2085 3011 2126 3069 C
2161 2987 2503 3054 participaui;
2537 2984 2637 3047 eis.
2669 2995 2726 3037 ui
2758 2998 2852 3052 per
2888 2995 3114 3036 [nonem
3153 2983 3463 3035 desit-nerei
3501 2995 3623 3033 eum
3655 2979 3750 3048 qui

468 3081 764 3144 Propterea
793 3086 847 3127 et
880 3071 1021 3126 Deus
1068 3073 1242 3138 ipsum
1275 3068 1727 3137 superexaltavit,
1757 3078 1810 3123 et
1838 3069 2056 3122 donavit

470 3167 544 3221 illi
572 3181 765 3220 nomen
793 3162 933 3230 qttod
957 3168 1040 3214 est
1070 3175 1232 3228 super
1260 3175 1422 3212 omne
1455 3169 1740 3221 nomen,nl
1767 3160 1817 3210 itt
1844 3159 2059 3210 nOminc

471 3258 597 3314 Jesu
628 3252 828 3309 Christi
861 3267 1020 3307 omne
1051 3268 1189 3322 genu
1231 3253 1480 3305 ﬂeetatur
1509 3252 1834 3312 C(BieSlitttti,
1865 3262 1918 3302 et
1951 3258 2060 3301 ter-

475 3365 752 3408 renorum,
783 3356 838 3399 et
866 3347 1226 3406 infernarum,
1251 3355 1304 3395 et
1331 3343 1508 3395 omnis
1534 3343 1712 3411 lingua
1738 3344 2060 3395 conﬁteatur

473 3442 616 3514 quod
652 3439 909 3495 Dominus
935 3436 1094 3492 Iesus
1127 3435 1381 3490 Christus
1414 3435 1466 3488 in
1495 3435 1666 3505 gloria
1707 3444 1790 3489 est
1837 3436 1922 3488 Dei
1953 3432 2055 3487 Pa-

475 3535 572 3588 tris
589 3531 655 3585 "'.

548 3625 717 3690 Quem
768 3621 934 3692 igitur
981 3619 1251 3683 dicemus,
1283 3618 1338 3671 in
1388 3615 1564 3672 forma
1615 3614 1705 3670 Dei
1751 3627 1891 3678 esse,
1926 3613 2059 3668 etin

475 3716 784 3785 aequalitate
820 3713 1017 3773 l’atris,
1048 3723 1101 3764 et
1133 3712 1246 3764 ha-t:
1277 3726 1378 3762 non
1413 3710 1655 3777 rapinam
1694 3707 2014 3759 arbitratum
2043 3723 2058 3770 ;

477 3809 571 3863 sed
603 3805 950 3859 descendiSse
975 3804 1144 3874 magis
1167 3803 1218 3855 itt
1247 3801 1658 3862 cxinanitatem,
1680 3799 1808 3852 etin
1835 3797 2060 3851 fortnam

477 3900 644 3962 servi,
663 3909 711 3952 et
736 3913 793 3951 se
813 3896 1216 3957 humiliantem,
1237 3904 1288 3946 et
1314 3895 1362 3945 iu
1389 3892 1796 3946 similitudinem
1824 3901 2060 3944 nostram

477 3993 642 4046 fuisse
671 3987 904 4042 factum?
955 3985 1012 4042 Si
1064 3987 1337 4040 hominem
1370 3985 1570 4038 factum
1605 3999 1669 4036 ex
1707 3984 1936 4037 muliere
1966 3998 2064 4035 nu-

477 4084 604 4136 dum
647 4092 702 4135 et
737 4081 910 4134 Solum
944 4097 958 4132 :
991 4079 1262 4146 quomodo
1295 4075 1527 4128 habebat
1560 4074 1974 4142 plenitudinem,
2007 4079 2065 4126 nt

478 4173 811 4241 intelligatur
859 4165 1204 4225 cxittauittts'!
1256 4166 1348 4221 Vel
1402 4167 1453 4221 itt
1509 4183 1607 4234 qua
1665 4180 1820 4220 antea
1858 4165 2065 4235 positus

477 4265 819 4325 celsitudine,
851 4273 1020 4317 semet
1057 4259 1376 4314 humiliasse
1406 4257 1638 4311 dicitur?
1675 4255 1764 4310 Vel
1799 4258 2065 4325 quomodo

2163 3079 2444 3146 imperium
2487 3076 2697 3130 obtinet
2733 3075 2943 3137 mortis,
2979 3075 3028 3128 id
3059 3083 3163 3138 est,
3196 3073 3494 3135 diabolum,
3525 3079 3578 3125 ct
3619 3071 3755 3124 hbe-

2164 3179 2310 3224 raret
2337 3184 2428 3222 eos
2452 3168 2542 3236 qui
2570 3169 2760 3220 timore
2792 3167 2985 3219 mortis
3016 3180 3111 3232 per
3135 3179 3350 3217 onmem
3379 3164 3541 3214 vitam
3569 3163 3751 3213 nativa

2161 3260 2582 3313 continebantur
2613 3258 2873 3311 servitute
2890 3256 2956 3310 '9.
2980 3275 2998 3306 ι
3038 3253 3178 3307 Ecce
3214 3254 3408 3307 iterum
3442 3254 3576 3320 ipse,
3605 3249 3756 3304 sitni-

2161 3349 2287 3404 liter
2322 3363 2384 3403 ac
2422 3363 2540 3407 nos.
2567 3346 2907 3416 participavit
2935 3345 3184 3417 sanguini
3216 3355 3266 3399 et
3294 3343 3464 3405 carni,
3489 3354 3542 3395 et
3571 3355 3632 3394 ea
3662 3355 3755 3393 res

2163 3455 2384 3493 causam
2441 3439 2605 3492 habet
2665 3439 3015 3505 conjunctam
3063 3437 3247 3490 statim
3294 3451 3358 3488 ac
3409 3434 3754 3502 proximam;

2163 3534 2424 3600 scriptum
2469 3540 2556 3584 est
2602 3530 2744 3583 enim
2780 3545 2795 3584 :
2837 3548 2854 3578 ι
2884 3527 3017 3582 Nam
3071 3530 3214 3597 quod
3270 3527 3601 3594 impassitiile
3629 3535 3757 3576 erat

2167 3623 2382 3693 legi,.in
2429 3637 2535 3691 quo
2590 3621 2966 3674 ittlirtnabatur
3013 3621 3066 3674 in
3117 3631 3305 3682 Carne,
3363 3618 3505 3671 Deus
3555 3615 3754 3668 Filium

2165 3731 2320 3768 suum
2375 3713 2521 3766 misit
2574 3712 2624 3766 in
2673 3711 3024 3765 similitudine
3069 3711 3251 3764 carnis
3303 3710 3530 3778 peccati.
3581 3719 3638 3760 et
3685 3706 3755 3760 de

2164 3818 2390 3878 peccato
2443 3806 2724 3859 damnavit
2777 3815 3059 3874 peccatum
3099 3805 3148 3856 in
3189 3803 3435 3856 carne“.
3467 3819 3486 3852 ι
3521 3801 3756 3854 Attende

2171 3903 2390 3962 itermn,
2421 3899 2561 3963 quod
2598 3911 2702 3949 non
2739 3896 2899 3949 homo
2927 3893 3191 3947 alfectatts
3229 3905 3478 3945 natutam
3515 3895 3750 3944 divinam

2166 3991 2500 4054 ostenditur,
2541 3997 2594 4042 et
2645 3989 2710 4040 ad
2761 3988 2882 4056 ejus
2921 3987 3238 4055 dignitatem
3282 3986 3611 4048 ascendens;
3655 3986 3751 4037 sed

2169 4085 2390 4135 mittens
2425 4081 2594 4148 magis
2624 4077 2820 4132 Filium
2854 4095 3009 4132 suum
3046 4077 3186 4131 Deus
3216 4087 3271 4129 et
3306 4075 3487 4141 Pater,
3516 4077 3568 4128 in
3606 4076 3754 4129 sitni-

2171 4174 2401 4227 litudine
2457 4173 2638 4226 carnis
2689 4173 2921 4240 peccati,
2981 4178 3041 4222 ut
3093 4173 3395 4224 destrueret
3443 4183 3747 4237 peceatum.

2170 4265 2331 4336 ’187
2363 4266 2502 4334 Ergo
2538 4265 2788 4326 verbum,
2813 4277 2934 4318 eum
2969 4261 3108 4316 Deus
3139 4264 3228 4323 sit,
3269 4277 3328 4316 se
3359 4262 3408 4315 in
3442 4262 3758 4313 exinanita-

478 4359 532 4411 ἱη
569 4355 979 4411 similitudinem
1011 4353 1286 4406 Ιιοιιιίιιυηι
1323 4352 1496 4405 Ιέιοιυε
1518 4359 1623 4412 est,
1653 4350 1741 4417 qui
1785 4350 1834 4402 id
1865 4358 2066 4403 eratet
2098 4367 2142 4424 ο
2173 4370 2274 4411 [cui
2311 4362 2473 4410 homo
2507 4356 2680 4408 factus
2712 4355 2954 4417 immisii,
2993 4363 3046 4408 cl
3081 4365 3184 4408 ιιοη
3223 4354 3387 4407 homo
3409 4352 3754 4418 simpliciLer,

479 4461 636 4504 antea
657 4461 752 4517 per
772 4458 1044 4508 naturam.
1065 4446 1164 4498 etsi
1193 4445 1242 4498 id
1269 4443 1442 4496 laetus
1467 4443 1607 4495 forte
1625 4459 1728 4494 non
1751 4440 2061 4494 diceretur?

480 4540 582 4598 Ubi
615 4551 794 4593 autem
841 4538 1155 4591 exinanitus
1202 4543 1307 4600 est,
1345 4547 1630 4588 assumens
1669 4531 2056 4602 plenitudinem

1093 4668 1242 4726 CAP.
1286 4666 1424 4724 Xlll.

579 4787 734 4854 Quod
757 4786 997 4843 Christus
1019 4783 1177 4840 Jmu
1200 4794 1412 4838 uocetur
1429 4782 1588 4836 homo
1607 4780 1782 4850 Iactus
1807 4779 1944 4834 Deus

1147 4854 1392 4908 Verbum.

547 4972 979 5041 Dispensationis
999 4970 1262 5026 incarnati
1284 4966 1561 5037 Unigeniti
1588 4967 1903 5038 mysterium
1927 4967 2053 5021 sub-

471 5062 620 5117 tLlius
669 5064 1110 5124 considerantes,
1163 5060 1216 5114 id
1263 5059 1577 5121 asset-imus,
1638 5058 1796 5111 tidem
1854 5070 2054 5112 rectam

473 5165 755 5206 servantes
787 5165 840 5208 et
864 5170 1048 5207 veram
1076 5171 1090 5208 :
1119 5153 1260 5220 quod
1289 5152 1459 5221 ipsum
1481 5147 1658 5204 Patris
1683 5150 1773 5204 Dei
1799 5149 2054 5216 Verbum,

475 5240 615 5293 Deus
647 5258 805 5298 verus
826 5260 891 5299 ex
922 5244 1034 5298 Deo
1067 5260 1217 5305 vero,
1253 5254 1306 5297 et
1337 5243 1516 5295 lumen
1583 5241 1649 5294 de
1709 5241 1936 5308 lumine,
1968 5241 2050 5293 in-

549 5445 593 5474 η
631 5441 785 5496 nom.
818 5456 870 5505 κ,
907 5443 991 5494 tt.
1071 5444 1114 5474 ι’
1150 5441 1384 5512 Philipp.
1418 5459 1476 5507 ιι,
1507 5441 1664 5495 6-H.

1747 5441 1790 5473 "
1829 5441 1993 5495 llebr.
2025 5456 2084 5504 tt,
2120 5440 2205 5506 16,
2247 5443 2326 5494 l7.

2167 4447 2404 4501 divinam
2443 4447 2671 4516 gloriam
2711 4443 2993 4510 affectans,
3033 4445 3286 4499 Christus
3327 4446 3557 4498 videtur.

2726 4667 2973 4721 ΚΕΦᾹΛ.
3017 4665 3111 4719 [Γ.

2168 4783 2294 4835 ’Ὁτι
2321 4784 2576 4850 Χριστὸς
2605 4781 2844 4848 Ἰησοῦς
2864 4781 3130 4836 καλεῖται
3159 4778 3420 4850 γεγθνὼς
3438 4778 3752 4847 ἄνθρακος

2656 4856 2688 4906 ὀ
2722 4853 2826 4906 τοῦ
2866 4851 3013 4906 Θεοῦ
3033 4855 3246 4920 Λόγος.

2235 4968 2346 5038 Τῆς
2413 4968 2557 5040 μετὰ
2611 4965 2816 5040 σαρκὸς
2881 4966 3196 5036 οἰκονομίας
3257 4963 3356 5019 τσῦ
3408 4959 3752 5032 Μονσγενοῦς

2161 5059 2643 5131 πολυπραγμονεῖν
2717 5056 2998 5120 ἐθέλοντες
3053 5057 3114 5110 τὸ
3169 5057 3512 5126 μυστήριον,
3565 5051 3753 5106 ἐκεῖνό

2165 5168 2364 5222 φαμεν,
2403 5151 2557 5216 δόξαν
2585 5152 2796 5221 ἔχοντες
2834 5149 3033 5220 ἀληθῆ,
3073 5151 3166 5203 καὶ
3202 5149 3384 5202 πίστιν
3415 5146 3605 5219 ὀρθὴν,
3635 5147 3752 5200 ὀτιο

2163 5261 2270 5314 περ
2318 5243 2479 5307 αὐτὸς
2522 5243 2551 5294 ὁ
2601 5244 2665 5294 ὲκ
2716 5242 2850 5294 Θεοῦ
2903 5243 3117 5312 Harpe;
3154 5241 3346 5309 Λόγος,
3399 5242 3428 5292 ὁ
3493 5237 3751 5309 ἀληθινὸς

2410 5443 2452 5474 ³⁸
2491 5444 2620 5497 lbitl.
2653 5445 2737 5509 Η,
2767 5445 2849 5511 15.
2932 5445 2973 5474 ⁵ο
3011 5441 3164 5498 Rom.
3193 5456 3309 5503 vin,
3336 5440 3386 5493 3.

550 5630 625 5700 (l)
667 5627 851 5683 Baluz.
895 5625 1021 5696 legit
1060 5626 1113 5679 in
1161 5640 1258 5694 pro
1296 5627 1426 5693 sine,
1468 5627 1692 5694 rectius,
1735 5636 1792 5681 ut
1832 5629 2061 5684 videtur.
2105 5627 2258 5684 Eutr.
