4016 6202
20 582 29 617 Ι

20 676 29 709 ῐ

20 768 29 799 ἰ

20 864 27 895 Γ

20 954 25 985 l

339 306 480 362 uss
1262 294 1554 359 scuous
1599 300 1686 355 ns
1727 295 2238 353 INCABNATIONE
2276 280 2648 353 UNIGENITI.
3448 292 3588 349 4386

335 423 489 486 Θεὸς,
518 422 547 475 ὀ
570 422 634 474 ἐκ
658 419 790 474 Θεοῦ
817 419 1098 492 ἀληθινοῦ,
1140 422 1199 474 τὸ
1240 421 1356 490 φῶς
1382 421 1443 473 τὸ
1475 421 1541 472 ὲκ
1576 418 1669 472 τοῦ
1712 417 1910 486 φωτὸς,

2023 422 2297 470 carnatum
2332 414 2422 478 sil,
2459 422 2515 467 et
2538 413 2696 467 homo
2744 410 2966 475 factum,
3014 417 3068 466 et
3113 406 3484 468 descenderit.
3543 421 3598 464 et

337 510 627 583 ἑσαρκὼθη
665 528 725 563 τε
765 512 863 564 καὶ
898 510 1289 581 ὲνηνθρὼπησε
1312 529 1326 542 ·
1362 508 1656 579 κατῆλθεν,
1688 507 1912 569 ἔπαθεν,

336 605 634 673 ἐγήγερται
672 603 729 655 δὲ
769 605 834 656 ὲκ
860 602 1087 672 νεκρῶν.
1132 602 1378 671 Ὦρίσατο
1418 600 1527 671 γὰρ
1555 600 1696 654 οὕτω
1726 599 1787 651 τὸ
1817 599 1917 667 τῆς

337 696 573 756 πίστεως
594 693 923 764 Σύμϐολονή
952 695 1082 763 ἁγία
1110 712 1168 746 τε
1201 694 1296 747 καὶ
1317 695 1528 764 μεγάλη
1558 692 1782 755 Σύνοδος

384 785 826 855 ννΔιερευνώμενοι
873 784 930 837 δὲ
975 787 1069 838 καὶ
1103 785 1295 855 μαθεῖν
1329 786 1605 848 ἐθέλοντες
1649 786 1677 837 ὃ
1698 785 1753 836 τί
1788 783 1917 837 ποτέ

334 880 452 931 ἐστι
475 880 594 931 κατ’
625 879 904 948 ἀλήθειαν,
934 879 995 931 τὸ
1024 880 1375 950 σαρκωθῆναί
1419 896 1475 930 τε
1508 880 1598 931 καὶ
1634 877 1915 947 ὲνανθρω-

336 971 507 1039 πῆσαι
538 970 627 1021 τὸν
648 969 843 1037 Λόγον,
876 969 1333 1040 καταθρήσωμεν,
1378 973 1459 1024 ὅτι
1492 972 1591 1022 οῦκ
1627 968 1916 1039 ἄνθρωπόν

337 1064 452 1114 ζεστι
483 1061 810 1133 προσλαϐεῖν
833 1062 910 1125 ὼς
941 1064 998 1113 ὲν
1026 1064 1291 1133 συναφείᾳ
1312 1067 1379 1133 τῇ
1412 1064 1555 1115 κατά
1583 1080 1647 1130 γε
1681 1063 1776 1132 τὴν
1807 1064 1915 1115 ἰσό-

340 1169 476 1221 τητα.
504 1153 602 1220 τῆς
625 1151 799 1219 ἀξίας,
828 1153 996 1224 ἤγουν
1022 1154 1329 1219 αῦθεντίας,
1370 1155 1402 1225 ἢ
1433 1155 1526 1207 καὶ
1570 1155 1710 1207 κατά
1747 1155 1916 1223 μόνην

336 1245 434 1313 τῆς
458 1242 704 1315 υἰότητος
724 1247 1071 1316 ὁμωνυμίαν,
1108 1248 1309 1315 μᾶλλον
1330 1248 1386 1300 δὲ
1418 1248 1476 1300 τὸ
1503 1248 1759 1315 γενέσθαι
1793 1247 1913 1299 καθ’

337 1337 483 1406 ἡμᾶς
510 1338 817 1409 ἄνθρωπον,
850 1338 989 1408 μετά
1018 1332 1111 1391 τοῦ
1155 1340 1441 1410 ἀτρέπτως
1482 1343 1575 1392 καί
1620 1339 1914 1392 ἀναλλοιὼ-

335 1443 443 1490 τως
470 1428 613 1498 ἔχειν
642 1430 1027 1483 ἀνασώσασθαι
1068 1433 1133 1500 τῇ
1185 1431 1294 1502 ἰδίᾳ
1333 1432 1491 1500 φύσει
1529 1435 1618 1482 τὸν
1654 1434 1710 1483 ἐν
1744 1447 1914 1501 προσ-

337 1519 497 1590 λήψει
524 1521 723 1591 σαρκὸς
760 1523 853 1575 καὶ
888 1522 1118 1591 αἵματος
1144 1524 1502 1592 οἰκονομικῶς
1535 1525 1812 1591 γεγονότα.

409 1687 505 1755 Εἷς
536 1692 633 1761 μὲν
664 1688 755 1747 οὖν
780 1695 925 1746 ἐστιν
943 1696 1050 1765 ἄρα
1073 1695 1188 1768 πρὸ,
1209 1697 1305 1767 μὲν
1328 1699 1421 1765 τῆς
1444 1698 1766 1769 ὲνανθρωπή
1778 1717 1912 1765 αεως

2017 521 2231 576 passum
2264 506 2355 567 sit,
2380 516 2436 560 et
2459 504 2760 558 surrexerit
2789 519 2855 557 ex
2903 502 3149 557 mortuis.
3177 502 3251 555 Ita
3282 502 3425 556 enim
3454 503 3588 556 deﬁ-

2018 599 2150 653 nivit
2189 598 2313 654 ﬁdei
2354 595 2666 669 Symbolum
2698 596 2947 666 Synodus
2986 610 3181 665 magna
3220 603 3274 648 et
3311 605 3519 648 sancta.

2089 775 2470 845 Perquirentes
2497 784 2674 829 autem
2708 782 2761 829 et
2808 787 2925 839 nos,
2955 781 3010 826 et
3034 772 3344 827 discernere
3368 772 3595 838 cupien-

2019 878 2122 931 tes,
2153 868 2279 937 quid
2312 869 2382 922 sit
2411 870 2646 930 tandem,
2680 866 3016 920 incarnatum
3050 877 3192 927 esse,
3223 873 3276 935 et
3320 862 3593 914 hominem

2017 960 2219 1015 factum
2257 960 2347 1015 Dei
2380 958 2612 1013 Verbum
2646 976 2658 1012 :
2689 959 2982 1018 cernimus,
3011 957 3151 1024 quod
3195 971 3299 1008 non
3350 956 3453 1029 hoc
3489 964 3591 1016 est,

2020 1051 2290 1104 hominem
2337 1064 2621 1119 assumere
2645 1059 2898 1116 tanquam
2946 1047 2999 1101 in
3037 1045 3440 1113 conjunctioite,
3474 1059 3594 1113 qum

2019 1140 2111 1194 ﬁat
2160 1156 2255 1209 per
2299 1140 2661 1209 aequalitatem
2708 1139 3009 1208 dignitatis,
3059 1138 3176 1191 sive
3226 1136 3592 1198 auctoritatis,

2018 1233 2097 1285 vel
2124 1247 2217 1301 per
2236 1233 2405 1287 solam
2432 1232 2671 1288 ﬁlietatis
2695 1230 3048 1301 ὁμωνυμίαν,
3078 1229 3247 1298 magis
3272 1239 3450 1281 autem
3477 1226 3592 1281 ﬁeri

2013 1322 2164 1388 juxta
2202 1338 2297 1377 nos
2332 1323 2604 1377 hominem
2639 1324 2755 1392 (ita
2799 1332 2973 1376 tamen
3026 1332 3082 1374 ut
3130 1320 3273 1373 nulla
3313 1318 3594 1372 conversio

2017 1416 2099 1469 vel
2132 1418 2484 1469 commutatio
2522 1416 2927 1485 subsequatur),
2956 1423 3011 1467 et
3052 1413 3337 1468 sublevare
3388 1410 3595 1480 pariter

2017 1522 2137 1560 cum
2169 1522 2262 1561 sua
2302 1515 2493 1561 natura
2519 1522 2638 1560 emn
2687 1508 2777 1575 qui
2812 1509 2862 1560 in
2895 1505 3264 1574 assumptione
3295 1501 3594 1557 fuitcarnis

2017 1607 2068 1653 et
2107 1599 2387 1669 sanguinis
2423 1600 2843 1668 dispensatoris.
3328 1658 3331 1661 ἰ

2090 1690 2241 1745 Unus
2276 1691 2438 1760 igitur
2474 1703 2581 1756 est,
2610 1691 2703 1761 qui
2736 1699 2861 1744 ante
2889 1690 3314 1757 incarnationem
3351 1705 3379 1743 a
3416 1689 3593 1743 divina

337 1783 743 1854 ὀνομαζόμενος
792 1785 879 1838 διὰ
931 1786 1029 1855 τῆς
1070 1786 1428 1840 θεοπνεύστου
1474 1790 1696 1860 Γραςρῆς
1746 1793 1917 1845 Μονο-

2023 1782 2745 1851 Scriptnranominatur,et
2781 1781 3124 1851 Unigenitus,
3165 1794 3217 1834 et
3248 1780 3506 1845 Verbum,
3541 1788 3597 1833 ct

337 1876 522 1945 γενὴς,
561 1876 655 1929 καὶ
683 1877 872 1945 Λόγος,
917 1879 1011 1931 καὶ
1047 1879 1200 1942 Θεὸς,
1243 1880 1335 1932 καὶ
1367 1879 1552 1945 εἰκὼν,
1601 1884 1696 1935 καὶ
1740 1885 1917 1938 ἀπαύ-

282 2034 289 2041 ρ
338 1981 549 2036 γασμα,
593 1966 687 2018 καὶ
716 1967 1004 2041 χαρακτὴρ
1039 1970 1136 2038 τῆς
1176 1970 1525 2034 ὑποστάσεως
1553 1972 1647 2024 τοῦ
1683 1974 1912 2044 Πατρὸς,

339 2052 474 2126 ζωὴν
520 2054 665 2121 δόξαν
715 2055 850 2124 φῶς.
902 2058 1084 2126 σοφία.
1126 2058 1374 2129 δύναμις,
1441 2061 1705 2133 βραχίων,
1744 2063 1915 2129 δεξιὰ,

340 2144 581 2215 ὓψιστος,
638 2147 1103 2219 μεγαλοπρέπεια,
1146 2150 1349 2220 Κύριος
1373 2153 1622 2217 Σαϐαὼθ,
1667 2157 1764 2207 κιιιί⁸
1795 2158 1915 2208 ἐτέ-

346 2254 458 2309 ροις
494 2239 606 2291 τισὶ
646 2239 907 2303 τοιοῦτοις
935 2242 1183 2312 ὀνόμασι,
1214 2247 1325 2306 τοῖς
1356 2246 1574 2315 ἀληθῶς
1620 2247 1917 2319 θεοπρεπε-

343 2329 588 2392 στάτοις·
631 2330 769 2400 μετά
802 2331 859 2383 δέ
904 2348 967 2397 γε
1008 2334 1105 2403 τὴν
1151 2334 1587 2405 ἐνανῡρώπησιν,
1629 2338 1917 2410 ἄνθρωπος

341 2419 572 2487 Χριστὸς
614 2421 839 2490 Ἰησοῦς,
877 2422 1213 2492 ἱλαστήριον,
1268 2427 1515 2497 μεσίτης,
1548 2430 1771 2501 ἀπαρχὴ
1809 2432 1918 2483 τῶν

340 2511 775 2580 κεκοιμημένων,
829 2517 1173 2582 πρωτότοκος
1231 2520 1296 2569 ἐκ
1360 2520 1590 2590 νεκρῶν,
1666 2522 1918 2594 δεύτερος

353 2599 543 2671 Ἀδὰμ,
579 2601 790 2674 κεφαλὴ
819 2604 912 2656 τοῦ
966 2604 1217 2675 σώματος
1260 2607 1360 2677 τῆς
1396 2610 1743 2682 Ἐκκλησίας,
1793 2614 1916 2667 ἑποε

340 2693 520 2762 μόνων
541 2694 701 2765 αὐτῷ
719 2696 815 2750 καὶ
844 2697 953 2750 τῶν
978 2700 1034 2749 ὲν
1062 2699 1251 2767 ἀρχαῖς
1274 2702 1572 2770 ὀνομάτων.
1604 2705 1789 2759 Πάντα
1810 2708 1919 2778 γὰρ

338 2783 525 2848 αὐτοῦ,
554 2786 624 2838 τά
660 2804 719 2838 τε
756 2787 972 2856 πρῶτα,
998 2790 1091 2841 καὶ
1125 2789 1192 2842 τὰ
1232 2791 1287 2842 ὲν
1321 2792 1566 2862 ἐσχάτοις
1598 2796 1691 2849 τοῦ
1723 2800 1918 2863 αἰῶνος

339 2877 572 2944 καιροῖς.
1310 2936 1315 2947 η

410 2961 507 3029 Εἷς
534 2967 641 3036 ἄρα
666 2968 815 3022 ἐστὶν
834 2972 862 3023 ὀ
898 2973 988 3023 καὶ
1020 2974 1124 3043 πρὸ
1149 2976 1246 3045 τῆς
1284 2976 1753 3052 ἐνανθρωπήσεως
1784 2982 1917 3047 Θεὸς

342 3058 615 3128 ἀληθινὸς,
653 3059 749 3112 καί¹
787 3061 845 3112 ὲν
873 3062 1252 3135 ἀνθρωπότητι
1307 3072 1632 3141 μεμενηκὼς
1664 3075 1801 3147 ὅπερ
1823 3073 1910 3147 ἦν,

341 3150 437 3202 καὶ
465 3149 602 3215 ἔστι,
645 3152 742 3203 καὶ
782 3151 954 3206 ἔσται.
988 3155 1061 3206 Οὐ
1093 3157 1392 3229 διοριστέον
1426 3159 1518 3216 οὖν
1552 3164 1661 3236 ἄρα
1692 3166 1793 3221 τὸν
1817 3170 1915 3222 ἕνα

342 3241 547 3313 Κύριον
582 3241 790 3314 Ἰησοῦν
834 3245 1087 3316 Χριστὸν,
1138 3252 1216 3312 εἰς
1258 3252 1440 3317 ίδ.κῶς
1476 3255 1791 3326 ἄνθρωπον,
1820 3262 1915 3314 καὶ

344 3335 424 3397 εἰς
466 3332 598 3387 Θεὸν
634 3335 834 3398 ἰδικῶς,
877 3336 992 3389 ἀλλ’
1044 3339 1137 3392 ἕνα
1196 3341 1288 3392 καὶ
1347 3343 1438 3393 τὸν
1500 3346 1663 3399 αὐτὸν
1711 3350 1914 3418 Ἰησοῦν

349 3425 582 3495 Χριστόν
608 3442 787 3494 φαμεν
817 3422 980 3491 εἶναι,
1013 3429 1112 3497 τὴν
1139 3429 1245 3481 τῶν
1280 3429 1497 3498 φύσεων
1522 3435 1721 3497 εἰδότες
1742 3438 1917 3505 διαιροο

346 3516 465 3586 ράν,
512 3517 608 3568 καὶ
652 3517 990 3586 ἀσυγχύτους
1032 3517 1290 3589 ἀλλήλαις
1333 3520 1627 3590 τηροῦντες
1655 3523 1845 3587 αὐτάς.

417 3605 585 3661 Ὅταν
632 3604 725 3659 οὖν
763 3607 896 3681 λέγῃ
924 3609 983 3661 τὸ
1013 3610 1254 3679 Γράμμα
1286 3612 1348 3664 τὸ
1385 3613 1552 3683 ἱερὸν,
1589 3615 1671 3669 ὃτι
1701 3617 1760 3668 ὲν
1789 3618 1920 3686 Χρι-

345 3698 457 3769 στῷ
494 3719 512 3749 ι
551 3699 838 3769 κατῴκησε
862 3703 971 3754 πᾶν
997 3702 1058 3755 τὸ
1097 3703 1369 3774 πλήρωμα
1400 3706 1497 3775 τῆς
1535 3706 1785 3777 θεότητος
1817 3724 1917 3759 σω-

348 3790 614 3860 ματικῶς,
636 3812 654 3841 ι
686 3792 747 3844 οὐ
776 3792 863 3844 διὰ
884 3794 1041 3846 τοῦτό
1070 3811 1270 3863 φαμεν,
1305 3797 1380 3860 ὼς
1415 3800 1472 3850 ἐν
1501 3798 1673 3869 ἑτέρῳ
1698 3799 1919 3869 Χριστῷ

343 3879 422 3951 τῷ
473 3880 766 3952 ἀνθρώπῳ,
826 3885 1141 3954 καταμόνας
1196 3890 1523 3958 κατοικῆσαι
1583 3888 1675 3941 τὸν
1725 3890 1915 3957 Λόγον·

344 3969 470 4024 οὔτε
543 3971 647 4042 μὴν
697 3973 1033 4038 διασπῶντες
1092 3977 1337 4045 ἀλλήλων
1386 3980 1454 4031 τὰ
1513 3981 1769 4050 ἡνωμένα
1827 3980 1921 4033 δύο

344 4060 574 4131 νοοῦμεν
615 4062 796 4126 υἱούςο
849 4066 1026 4118 ἐκεῖνο
1058 4066 1115 4118 δὲ
1152 4068 1371 4137 μᾶλλον,
1417 4070 1499 4123 ὃτι
1528 4071 1763 4141 Χριστὸν
1806 4073 1921 4125 ὀνο-

350 4149 511 4220 μάζει
550 4152 613 4204 τὺ
655 4154 890 4224 Γράμμα
924 4156 991 4208 τὸ
1025 4157 1188 4228 ἱερὸν,
1240 4162 1333 4212 καὶ
1363 4159 1437 4222 ὡς
1483 4163 1545 4213 ὲκ
1573 4164 1769 4232 μέρους
1808 4163 1920 4217 ἔσθ’

345 4244 457 4309 ὅτε,
488 4245 586 4317 τὴν
612 4245 1011 4317 ἀνθρωπότητα
1033 4249 1127 4303 τοῦ
1158 4250 1293 4303 Θεοῦ
1334 4253 1509 4320 Λόγου
1538 4255 1674 4307 ἰδίαν
1700 4254 1839 4325 ἔχων
1865 4258 1922 4308 ὲν

346 4330 497 4396 τάξει
538 4333 831 4403 πεποίηται
882 4337 1032 4390 ναοῦ.
1066 4339 1378 4409 Γέγραπται
1425 4341 1480 4395 δέ
1516 4361 1618 4397 που
1658 4346 1752 4397 καὶ⁹
1795 4347 1922 4418 περὶ

347 4421 454 4474 τῶν
501 4424 855 4494 ἀνθρωπίνων
914 4427 1101 4499 ψυχῶν
1131 4447 1144 4462 ’
1183 4450 1199 4481 ι
1226 4432 1364 4495 Τοὺς
1421 4434 1477 4485 δὲ
1530 4435 1917 4501 κατοικοῦντας

2024 4445 2079 4487 et
2127 4436 2192 4488 de
2245 4436 2530 4489 animabus
2583 4436 2831 4489 humanis

345 4510 525 4573 οἰκίας
554 4514 801 4584 πηλίνας,
832 4516 894 4582 ἐξ
915 4512 989 4572 ὧν
1031 4521 1126 4573 καὶ
1153 4522 1306 4575 αὐτοὶ
1336 4524 1401 4575 ἐκ
1436 4524 1532 4577 τοῦ
1558 4527 1724 4579 αὑτοῦ
1749 4530 1922 4598 πηλοῦ

349 4599 539 4669 sagati.
573 4621 591 4652 ι
626 4599 754 4673 ’Ἆρ’
780 4601 873 4658 οὖν
904 4608 1204 4680 ἐπειδήπερ
1236 4612 1415 4674 οἰκίας
1465 4614 1694 4682 πηλίνας
1722 4619 1790 4672 τά
1819 4620 1925 4673 τῶν

347 4689 649 4760 ἀνθρώπων
687 4694 942 4764 ὀνομάζει
968 4698 1216 4768 σώματα,
1242 4702 1643 4758 διαϐεϐαιοῦται
1667 4707 1722 4759 δὲ
1749 4724 1925 4763 κατοι-

350 4782 468 4836 κεῖν
495 4786 559 4837 ὲν
600 4783 793 4847 αὐταῖς
832 4788 932 4850 τὰς
980 4788 1179 4860 ψυχὰς,
1235 4793 1315 4854 εἰς
1362 4792 1455 4845 δύο
1503 4801 1922 4871 κατατεμοῦμεν

348 4869 667 4941 ἀνθρώπους
715 4874 805 4928 τὸν
854 4876 988 4944 ἕνας
1053 4880 1245 4934 Καίτοι
1305 4883 1420 4945 πῶς
1477 4886 1577 4938 οὐκ
1621 4869 1924 4964 ἀμώμητον

348 4964 647 5030 παντελῶς,
682 4967 743 5020 τὸ
767 4968 857 5022 καὶ
890 4970 947 5021 ἐν
976 4970 1249 5042 ἀνθρώπῳ
1278 4973 1527 5041 λέγεσθαι
1556 4987 1829 5037 κατοικεῖν
1858 4986 1919 5039 τὸ

354 5062 573 5132 πνεῦμα
612 5065 812 5132 αὑτοῦ;
847 5067 1010 5121 Ὥστε
1064 5069 1166 5121 κᾶν
1207 5072 1255 5121 εἰ
1302 5071 1361 5123 τὸ
1399 5074 1492 5127 τοῦ
1533 5076 1690 5144 λόγου
1733 5082 1918 5152 σχῆμα

348 5154 436 5207 διὰ
489 5155 744 5210 τοιούτων
785 5157 1003 5230 ἔρχεται
1059 5161 1314 5231 τρόπων,
1373 5164 1471 5236 οὐχ
1519 5164 1719 5240 ἑτέρως
1774 5173 1915 5243 ἔχειν

348 5245 663 5319 δυνάμενον,
729 5248 788 5301 οὐ
848 5250 945 5312 τὰς
1013 5250 1122 5304 τῶν
1195 5252 1537 5323 πραγμάτων
1610 5258 1914 5316 ἀδικεῖσθαι

350 5336 539 5406 φύσεις
567 5338 655 5393 διὰ
694 5338 853 5392 τοῦτο
888 5340 1108 5409 πρέπει,
1144 5343 1341 5394 ἐννοεῖν
1379 5342 1436 5395 δὲ
1483 5345 1682 5413 μᾶλλον
1723 5350 1912 5417 αὐτὲις,

348 5428 442 5483 καὶ
469 5429 705 5483 κατευθὺ
734 5429 833 5499 τῆς
854 5429 1113 5499 ἀληθείας
1143 5431 1481 5486 διασπεύδειν
1506 5436 1838 5505 ἐπείγεσθαι.

422 5566 467 5596 ⁴¹
520 5566 728 5621 Coloss.
758 5581 819 5630 ll,
847 5567 901 5620 9.
978 5566 1023 5597 δ’
1051 5565 1152 5622 Job
1176 5584 1249 5633 tv,
1276 5568 1362 5621 19.

2020 1875 2184 1940 Deus,
2226 1885 2281 1929 et
2322 1876 2520 1945 imago,
2548 1885 2602 1929 et
2628 1875 2909 1935 lumen,et
2934 1874 3104 1943 ﬁgura
3139 1873 3457 1943 substantiae
3495 1871 3597 1924 Pa-

2023 1966 2141 2031 tris,
2170 1976 2225 2019 et
2260 1967 2395 2029 vita,
2428 1977 2480 2021 et
2509 1966 2702 2035 gloria,
2729 1975 2785 2020 et
2822 1964 3098 2033 splendor,
3137 1974 3192 2019 et
3221 1964 3507 2034 sapientia,
3542 1973 3600 2017 et

2019 2057 2213 2120 virtus,
2240 2065 2295 2111 et
2324 2056 2625 2118 brachium,
2653 2065 2707 2111 et
2736 2058 2945 2122 dextra,
2976 2068 3028 2111 et
3057 2056 3385 2123 Altissimus,
3409 2067 3464 2110 et
3484 2072 3599 2110 ma-

2019 2145 2347 2216 gniﬁcentia,
2383 2156 2439 2200 et
2466 2147 2722 2202 Dominus
2745 2144 3005 2211 Sabaoth,
3036 2157 3089 2201 et
3115 2147 3238 2200 aliis
3275 2146 3476 2201 talibus
3503 2162 3598 2201 no-

2020 2240 2278 2303 minibus,
2307 2254 2426 2309 quae
2467 2252 2593 2293 vere
2629 2239 2961 2294 conveniunt
2998 2239 3205 2293 deitati.
3241 2238 3370 2293 Post
3418 2241 3601 2293 incar-

2020 2330 2295 2385 nationem
2338 2346 2468 2386 vero
2508 2333 2690 2394 homo,
2737 2329 3008 2396 Christus,
3042 2329 3222 2395 Jesus,
3278 2330 3597 2400 propitiato-

2021 2423 2181 2487 rium,
2226 2423 2510 2485 mediator,
2566 2423 2819 2493 primitite
2875 2422 3279 2484 dormientium,
3328 2423 3599 2491 primoge-

2020 2514 2167 2569 nitus
2211 2529 2241 2568 a
2290 2516 2545 2577 mortuis,
2587 2515 2853 2570 secundus
2904 2515 3114 2577 Adam,
3154 2522 3314 2582 caput
3355 2514 3599 2581 corporis

2022 2606 2295 2675 Ecclesia,
2314 2623 2436 2663 cum
2460 2623 2583 2663 eum
2608 2608 2772 2662 etiam
2802 2607 3019 2661 nomina
3052 2606 3229 2675 prisca
3253 2615 3550 2675 sequantur
3581 2622 3595 2657 :

2020 2699 2199 2755 omnia
2233 2700 2379 2755 enim
2414 2700 2581 2769 ipsius
2610 2700 2825 2768 propria
2880 2707 3030 2762 sunt,
3060 2709 3112 2754 et
3139 2699 3342 2769 priora,
3393 2708 3448 2752 et
3476 2713 3599 2767 quae

2020 2791 2329 2847 novissimis
2360 2793 2501 2847 facta
2530 2792 2882 2862 temporibus.

2090 2968 2238 3025 Unus
2268 2970 2425 3039 igitur
2450 2978 2553 3033 est,
2593 2977 2647 3024 et
2671 2969 2763 3037 qui
2816 2978 2940 3023 ante
2981 2967 3406 3022 incarnationem
3460 2967 3601 3022 Deus

2020 3070 2139 3116 erat
2161 3074 2340 3123 verus,
2370 3061 2530 3130 etqui
2560 3061 2614 3114 in
2646 3061 2979 3114 humanitate
3006 3059 3272 3113 mansitid
3289 3059 3431 3129 quod
3458 3068 3598 3121 erat,

1980 3160 1987 3181 ‘
2017 3161 2072 3206 et
2093 3163 2193 3217 est,
2213 3162 2269 3207 et
2290 3154 2413 3207 erit.
2444 3151 2558 3207 Non
2585 3153 2972 3208 discernentlus
2999 3151 3160 3223 igitur
3186 3167 3326 3206 unus
3347 3150 3602 3204 Dominus

2017 3242 2174 3299 Jesus
2200 3245 2466 3311 Christus,
2500 3246 2551 3300 in
2582 3246 2853 3300 hominem
2885 3259 3161 3305 seorsum,
3189 3253 3243 3298 et
3276 3258 3519 3297 seorsum
3545 3242 3600 3296 in

2018 3336 2187 3392 Deum
2215 3354 2230 3403 ;
2261 3338 2354 3393 sed
2385 3352 2547 3393 unum
2586 3339 2943 3405 eumdemque
2968 3335 3149 3391 Jesum
3181 3334 3457 3390 Christum
3481 3349 3600 3388 esse

2022 3430 2281 3495 dicimus,
2323 3446 2428 3484 nou
2488 3430 2799 3499 ignorantes
2845 3428 3203 3483 differentiam
3262 3436 3601 3489 naturarum,

2020 3520 2190 3589 788
2217 3522 2311 3575 sed
2338 3538 2431 3576 eas
2471 3523 2783 3577 inconfusus
2812 3523 2953 3575 inter
2984 3536 3106 3575 sese
3131 3531 3430 3585 servantes.

2094 3610 2317 3675 Quaties
2347 3611 2512 3675 igitur
2541 3611 2742 3665 Littera
2777 3625 2930 3664 sacra
2957 3620 3348 3667 commemorat
3374 3610 3517 3677 quod
3547 3610 3598 3663 in

2019 3700 2244 3755 Christo
2292 3719 2311 3751 ι
2362 3700 2684 3755 inhabitavit
2733 3703 2908 3756 omnis
2956 3700 3237 3777 plenitudo
3302 3701 3602 3755 divinitatis

2021 3791 2378 3863 corporaliter
2408 3792 2451 3823 ’δι
2483 3808 2498 3857 ς
2540 3812 2559 3845 ι
2594 3808 2699 3846 non
2733 3793 2851 3847 ideo
2880 3792 3107 3848 dicimus
3130 3800 3384 3861 tanquam
3415 3792 3468 3848 in
3493 3792 3600 3846 alio

2021 3884 2259 3950 Christo,
2294 3886 2347 3938 in
2374 3884 2591 3938 homine
2623 3900 2867 3939 seorsum
2897 3884 3233 3940 inhabitasse
3259 3886 3429 3940 Deum
3462 3884 3594 3939 Ver-

2022 3974 2149 4029 bum
2179 3990 2195 4038 ;
2226 3988 2323 4028 nec
2354 3988 2517 4043 porro
2547 3975 2845 4028 dividentes
2873 3989 2936 4028 ea
2968 3989 3085 4043 quae
3116 3975 3263 4028 unita
3290 3985 3438 4037 sunt,
3465 3976 3596 4028 duos

2023 4065 2373 4136 intelligimus
2412 4066 2579 4130 ﬁlios;
2626 4066 2752 4120 illud
2778 4073 2960 4120 autem
2997 4066 3201 4132 magis,
3236 4068 3379 4135 quod
3437 4064 3590 4121 Chri-

2022 4170 2165 4213 stum
2198 4160 2441 4213 nominat
2473 4158 2672 4213 Littera
2699 4174 2855 4213 sacra
2885 4173 2952 4213 ex
2992 4169 3145 4229 parte
3193 4176 3600 4230 nonnunquam,

2022 4259 2078 4304 et
2100 4250 2239 4317 quod
2296 4250 2681 4305 humanitatem
2720 4250 2811 4306 Dei
2845 4250 3100 4316 Verbum,
3135 4267 3295 4321 quam
3328 4254 3598 4323 propriam

2024 4343 2217 4407 habet,
2247 4343 2300 4396 in
2331 4342 2503 4396 locum
2553 4343 2731 4412 posuit
2755 4344 2957 4413 templi.
3006 4344 3279 4414 Scriptum
3310 4357 3394 4400 est
3421 4355 3599 4399 autem

2876 4454 2889 4491 :
2934 4454 2952 4486 ι
2997 4436 3366 4492 lnhahitantes
3422 4450 3599 4492 autem

2022 4528 2209 4580 domos
2234 4527 2429 4592 luteas,
2463 4529 2531 4582 de
2554 4529 2748 4597 quibus
2782 4538 2832 4581 et
2867 4544 2965 4584 ncs
3012 4543 3079 4583 ex
3109 4530 3298 4584 eodem
3348 4532 3460 4585 luto
3508 4547 3605 4584 su-

2025 4633 2143 4671 mus
2172 4617 2235 4670 “.
2290 4637 2311 4671 ι
2344 4619 2592 4688 Ergone,
2624 4622 2879 4688 quoniam
2915 4620 3086 4676 luteas
3124 4622 3315 4676 domos
3361 4624 3598 4677 humana

2023 4726 2249 4781 corpora
2278 4714 2540 4777 nominat,
2567 4720 2621 4768 et
2645 4711 2879 4767 atlirmat
2902 4714 2954 4767 in
2985 4713 3070 4767 his
3094 4714 3305 4768 animus
3331 4716 3600 4779 habitare,

2028 4803 2081 4856 in
2111 4806 2244 4858 duos
2270 4805 2516 4859 homines
2536 4820 2695 4858 unum
2725 4804 2998 4859 hominem
3039 4805 3383 4860 dividemus?
3439 4808 3599 4875 Atqui

2031 4907 2134 4946 non
2190 4894 2501 4948 irrationale
2529 4894 2749 4949 omnino
2781 4894 2883 4960 sit,
2925 4905 2984 4948 ut
3030 4894 3083 4948 in
3120 4895 3335 4950 homine
3380 4897 3603 4966 spiritus

2027 4999 2159 5039 suus
2201 4985 2506 5041 inhabitare
2544 4987 2771 5040 dicatur.
2816 4988 2985 5055 Ergo,
3020 4988 3122 5059 etsi
3151 5004 3248 5057 per
3295 4988 3599 5059 huiusmodi

2027 5078 2216 5131 modos
2245 5079 2509 5134 orationis
2554 5079 2724 5150 ﬁgura
2787 5081 3065 5147 procedat,
3109 5095 3229 5133 cum
3280 5080 3435 5134 aliter
3484 5081 3601 5133 ﬁeri

2026 5185 2130 5224 non
2165 5171 2357 5241 possit,
2384 5186 2490 5227 non
2521 5182 2695 5225 tamen
2725 5172 2845 5226 ideo
2876 5187 3055 5228 rerum
3079 5173 3350 5242 corrumpi
3378 5182 3599 5226 naturas

2022 5270 2289 5331 oporteat,
2332 5264 2426 5319 sed
2464 5263 2637 5334 magis
2666 5278 2756 5321 eas
2798 5274 2945 5321 recto
2980 5265 3222 5322 veritatis
3252 5273 3436 5321 tenore
3478 5281 3597 5319 ser-

2021 5370 2161 5411 Va“.

422 5701 497 5774 (l)
527 5702 761 5774 lntcllige
790 5720 1036 5775 magnam
1068 5705 1209 5759 illam
1241 5716 1293 5761 et
1313 5709 1643 5777 οἰκοῦμεν-ιγ’
1725 5728 1775 5780 ε.)
1806 5712 1983 5767 ὶῡιίωὶι
2020 5712 2312 5768 .‘ucaenam.

705 5799 972 5862 PATROL.
1012 5803 1126 5865 Gn.
1159 5801 1388 5863 LXXV.

3083 5813 3155 5874 44
