3946 6202
335 315 472 374 i389

1250 303 1540 364 SCHOLIA
1583 309 1669 364 DE
1709 303 2222 366 INCARNATIONE
2267 301 2640 358 UNIGENITI.

3460 307 3598 362 1590

333 445 432 486 nas
479 439 692 481 sumunt
745 419 1299 492 superobumbrautes
1349 424 1544 490 pennis
1583 425 1697 482 suis
1748 440 1912 494 super
1941 431 1984 490 Α
2016 421 2194 478 minus
2261 431 2448 476 noster
2502 420 2658 476 Jesus
2695 420 2963 483 Christus,
3017 418 3249 486 imagine
3290 429 3345 474 et
3406 421 3595 494 ﬁgura,

329 518 760 596 pmpitiatorium
779 533 794 582 ;
812 526 868 569 et
882 513 1060 567 vultus
1077 529 1266 569 eorum
1292 516 1593 571 adinvicem
1624 517 1912 584 respicien-

333 630 410 670 tes
435 608 866 684 propitiatorium
891 617 1052 660 erunt
1071 607 1135 660 ⁸⁷.
1157 625 1177 658 ι
1207 605 1460 676 ιΕιιίειιιιι
1478 609 1841 663 certissimum
1861 608 1912 662 id

332 707 424 768 sit,
459 705 624 756 Deum
656 699 889 754 Verbum
914 697 1080 751 etiam
1109 696 1164 754 in
1199 697 1534 754 humanitate
1567 700 1731 756 Deum
1761 714 1915 757 man-

330 797 574 859 sisse,et
602 792 656 846 in
706 806 802 845 sua
847 788 1016 860 gloria
1062 803 1128 844 ac
1179 787 1494 857 majestate,
1535 792 1636 847 etsi
1691 800 1915 861 propter

333 884 795 952 dispensationem
849 881 1026 936 factus
1087 882 1159 936 sit
1207 882 1404 936 similis
1463 883 1680 938 nostri:
1727 883 1916 952 Propi-

331 976 606 1031 tiatorium
638 987 870 1041 namque
895 987 988 1040 per
1019 973 1176 1027 ﬁdem
1211 973 1386 1030 lactus
1408 981 1493 1027 est
1517 974 1674 1029 nobis
1697 971 1914 1028 Emma-

335 1066 478 1118 nuel.
519 1063 574 1118 Id
621 1074 800 1118 autem
851 1062 1006 1116 nobis
1052 1061 1423 1131 comprobavit
1479 1063 1916 1130 sapientissimus

333 1155 569 1212 Joannes
628 1155 810 1209 dicens
858 1169 872 1205 :
917 1171 936 1204 ι
975 1151 1182 1217 Filioli,
1216 1153 1399 1210 scribo
1456 1153 1640 1216 vobis,
1689 1162 1749 1208 ut
1807 1168 1912 1208 non

338 1249 568 1317 peccetis
595 1264 609 1312 ;
640 1249 732 1301 sed
765 1248 811 1300 si
851 1245 974 1314 quis
1017 1247 1356 1314 peccaverit,
1387 1245 1787 1302 consolatorem
1821 1245 1915 1299 lia-

347 1341 532 1393 bemus
582 1340 724 1407 apnd
790 1337 1041 1400 Patrem,
1101 1333 1284 1390 Jesum
1335 1334 1607 1389 Christum
1653 1335 1854 1401 justum
1897 1351 1912 1399 ;

339 1441 394 1484 et
426 1431 538 1500 ipse
567 1440 652 1483 est
713 1428 1019 1498 propitiatio
1079 1443 1176 1496 pro
1221 1429 1454 1496 peccatis
1494 1427 1691 1481 nostris
1719 1425 1858 1479 ‘3'“.
1889 1443 1908 1474 ι

339 1523 446 1577 Nec
476 1537 579 1575 non
628 1523 788 1576 etiam
826 1520 1021 1574 Paulus
1043 1563 1058 1584 ,
1114 1539 1132 1570 ι
1161 1518 1331 1585 Quem
1388 1519 1682 1587 pr0posuit,
1718 1517 1910 1584 inquit,

340 1613 481 1668 Dens
519 1615 920 1684 propitiatorem
953 1626 1049 1680 per
1093 1612 1248 1665 tidem
1283 1611 1335 1664 in
1365 1625 1464 1666 suo
1497 1609 1758 1678 sanguine
1799 1607 1908 1659 ⁸ο.»

406 1707 672 1762 Caeterum
711 1720 871 1760 cerne
894 1703 1188 1760 Cbernbim
1215 1703 1630 1756 'circumstantcs
1656 1700 1914 1768 prOpitia-

336 1799 562 1862 torinm,
592 1809 647 1852 et
675 1797 1232 1866 superobumbrantes
1263 1796 1482 1864 quidem
1497 1795 1699 1863 pennis
1729 1811 1743 1860 ;
1771 1809 1906 1853 con-
1944 1775 1984 1832 Β

335 1905 518 1944 versos
583 1901 764 1944 antem
817 1891 882 1943 ad
933 1888 1405 1959 propitiatorium,
1451 1897 1504 1940 et
1567 1900 1702 1955 pene
1761 1886 1911 1944 rtutui

334 1979 614 2034 Dominico
638 1981 850 2036 oculum
899 1981 1258 2036 intendentes.
1296 1977 1374 2032 Ad
1413 1977 1505 2034 Dei
1533 1977 1678 2032 etaim
1719 1977 1913 2032 volun-

333 2079 494 2124 tatem
523 2079 734 2126 tantum
781 2070 998 2138 respicit
1031 2079 1216 2124 sancta
1267 2067 1574 2127 crelestium
1625 2066 1912 2133 spirituum

334 2161 656 2224 multitudo,
685 2170 741 2215 et
787 2173 1060 2229 nunquam
1105 2161 1199 2215 Dei
1251 2161 1482 2216 satiatur
1537 2167 1781 2227 aspectu.
1835 2157 1914 2208 Ita

335 2251 529 2307 Filium
583 2255 845 2324 propheta
905 2254 1071 2310 lsaias
1123 2254 1323 2309 vidisse
1366 2267 1426 2308 se
1475 2251 1604 2305 dicit
1671 2251 1724 2308 in
1785 2251 1912 2304 sede

335 2345 595 2398 altissima
641 2356 698 2400 et
737 2347 1188 2412 eminentissima,
1237 2343 1718 2406 circumstantibus
1743 2339 1911 2396 Sera-

333 2437 479 2506 pltint
505 2446 559 2492 et
581 2436 996 2506 obsequentibus
1019 2439 1068 2490 ei
1100 2447 1159 2492 ut
1179 2435 1291 2491 Deo
1315 2437 1359 2467 ιι
1378 2463 1392 2475 .

881 2569 1045 2640 790
1075 2569 1227 2624 CAP.
1261 2565 1380 2623 xv.

788 2687 945 2740 Aliud
985 2686 1048 2740 de
1079 2686 1225 2758 virga
1258 2683 1445 2740 Hosis.

405 2801 780 2858 Destinabatur
827 2800 1116 2870 aliquando
1148 2800 1363 2856 divinus
1408 2797 1618 2869 Moyses
1655 2807 1717 2852 ut
1743 2797 1913 2858 lsracl

334 2893 402 2950 ab
425 2893 800 2964 Egyptiorum
821 2892 1072 2948 violentia
1108 2891 1384 2952 liberaret.
1415 2889 1614 2952 Verum
1652 2890 1909 2958 quoniam

334 2999 556 3041 necesse
609 2994 725 3039 erat
777 2999 900 3048 eos,
940 2984 1032 3052 qui
1083 2984 1340 3054 subiungo
1390 2991 1575 3040 essent
1637 2981 1914 3038 servitutis

333 3078 585 3142 insolitat,
628 3078 776 3145 prius
819 3077 1012 3132 docere
1081 3076 1224 3144 quod
1278 3076 1357 3130 eis
1411 3075 1550 3130 Deus
1593 3073 1707 3143 jam
1761 3079 1909 3126 esset

331 3170 737 3232 reconciliatus,
771 3168 1008 3238 prodigia
1036 3182 1161 3222 eum
1197 3166 1376 3222 lacere
1418 3166 1762 3234 imperabat:
1799 3163 1907 3233 ple-

333 3273 558 3329 rumque
579 3261 724 3314 enim
767 3259 1086 3316 miraculum
1127 3272 1226 3314 nos
1260 3257 1479 3312 adducit
1519 3259 1570 3314 in
1597 3257 1777 3318 tidem.
1816 3259 1908 3314 Ait

334 3353 496 3424 igitur
523 3350 734 3421 Moyses
761 3349 830 3404 ad
860 3349 1030 3408 Deum
1059 3348 1486 3415 omnipotentem
1518 3363 1532 3398 :
1570 3363 1590 3396 ι
1629 3346 1684 3400 Si
1721 3355 1902 3404 autem

335 3455 438 3495 non
465 3441 792 3496 crediderint
819 3439 972 3500 mihi,
1007 3451 1181 3506 nequo
1205 3431 1472 3494 audkriut
1501 3448 1683 3492 vocem
1706 3450 1904 3502 meam,

332 3533 570 3588 dicentes
603 3549 618 3586 :
653 3531 769 3587 Non
799 3530 1046 3600 apparuit
1073 3527 1166 3584 tibi
1199 3526 1340 3580 Deus
1367 3543 1382 3592 ;
1408 3527 1538 3596 quid
1560 3525 1736 3588 dicam
1766 3527 1908 3586 illis?

336 3622 479 3678 Dixit
511 3622 704 3677 deinde
745 3620 1000 3676 Dominus
1037 3635 1052 3670 :
1091 3616 1232 3682 Quid
1267 3617 1368 3674 hoc
1419 3626 1506 3672 est
1544 3617 1684 3685 quod
1721 3625 1808 3673 est
1851 3619 1906 3676 in

333 3729 495 3769 manu
537 3725 624 3773 tua
655 3713 678 3767 τ
707 3710 1006 3780 Respondit
1038 3727 1053 3764 :
1085 3709 1266 3779 Virga.
1321 3709 1384 3768 Et
1421 3710 1498 3764 ait
1535 3711 1610 3768 illi
1648 3728 1660 3764 :
1698 3709 1908 3778 ijicq

335 3803 479 3858 illam
499 3803 552 3860 in
583 3813 780 3858 terram
809 3820 822 3864 ;
851 3812 907 3857 et
929 3800 1068 3858 facta
1090 3810 1171 3854 est
1198 3813 1444 3868 serpens,
1468 3809 1522 3855 et
1547 3801 1680 3872 fugit
1697 3800 1909 3872 Moyses

333 3895 402 3949 ab
429 3909 513 3950 ea.
553 3893 618 3948 Et
651 3893 785 3951 dixit
812 3891 1069 3946 Dominus
1099 3891 1164 3944 ad
1197 3888 1414 3962 Moysen
1453 3905 1468 3944 :
1501 3891 1744 3948 Extende
1790 3906 1906 3945 ma~

336 4002 460 4040 nuru
493 3996 672 4050 tuam.
707 3995 764 4042 et
793 3984 1138 4054 apprehende
1179 3985 1403 4042 caudam
1437 3982 1554 4050 ejus
1585 4001 1599 4049 ;
1631 3994 1688 4038 et
1717 3992 1906 4044 exten-

335 4079 468 4132 dens
495 4092 712 4136 manum
753 4078 1107 4146 apprehendit
1130 4081 1377 4143 caudam,
1409 4087 1463 4130 et
1494 4075 1630 4130 facta
1659 4087 1740 4131 est
1760 4079 1908 4148 virga

334 4168 390 4224 in
435 4185 592 4224 tnaan
629 4170 764 4238 eius.
795 4169 859 4224 Et
903 4169 1044 4226 dixit
1080 4167 1153 4224 illi
1195 4167 1308 4226 :Ut
1345 4169 1568 4222 credant
1615 4168 1746 4238 tibi,
1781 4171 1908 4238 quia

333 4261 577 4331 apparuit
607 4260 700 4316 tibi
741 4259 1000 4317 Dominus
1047 4260 1186 4316 Deus
1222 4269 1438 4328 patrum
1477 4274 1734 4325 suorum,
1767 4261 1909 4320 Deus

332 4355 628 4417 Abraham,
659 4362 718 4408 et
762 4353 898 4408 Deus
921 4353 1091 4417 Isaac.
1121 4361 1175 4408 et
1207 4352 1348 4408 Dens
1379 4351 1544 4408 Iacob
1563 4353 1629 4406 δ’.
1669 4371 1686 4406 ι
1721 4351 1910 4412 Anim-

2017 522 2234 581 propter
2257 511 2714 580 dispensationem
2757 509 2952 564 factam
2979 525 3099 564 cum
3125 526 3287 568 carne
3317 551 3333 577 ,
3368 529 3464 581 pro
3487 530 3601 568 ser-

2017 612 2177 672 pente
2202 604 2466 672 accipitur
2497 617 2661 668 aereo,
2695 616 2854 670 quem
2899 601 3073 658 erexit
3108 601 3350 672 Moyses,
3377 614 3436 658 ut
3482 618 3601 658 ser-

2019 704 2240 762 pentum
2301 709 2514 750 morsus
2553 703 2764 749 arceret
2799 693 2868 748 ".
2929 691 3183 754 Aitenim
3222 712 3237 752 ;
3272 713 3290 744 ι
3352 694 3418 748 Ει
3463 697 3603 750 sicut

2018 785 2226 858 Moyses
2271 787 2528 844 exaltavit
2565 795 2871 856 serpentem
2901 785 2952 840 in
2979 785 3226 854 deserto,
3263 787 3334 840 ita
3380 797 3599 856 oportet

2017 879 2244 933 exaltari
2287 877 2478 936 Filium
2517 876 2774 940 hominis,
2819 885 2879 930 ut
2913 892 3103 932 omnes
3148 878 3238 950 qui
3282 881 3508 932 credunt
3545 880 3597 931 in

2016 970 2213 1040 ipsum,
2248 985 2352 1028 non
2381 981 2621 1040 pereant,
2645 971 2736 1026 sed
2759 969 2992 1024 habeant
3013 969 3177 1024 vitam
3202 979 3458 1024 aeternam
3481 971 3546 1028 ⁵⁸.
3577 990 3594 1020 ι

2017 1061 2479 1128 Quemadmodum
2509 1061 2652 1116 enim
2688 1077 2912 1130 serpens
2958 1061 3132 1116 factus
3163 1077 3229 1116 ex
3255 1077 3363 1122 acre
3413 1061 3600 1116 salutis

2016 1164 2135 1208 erat
2164 1155 2596 1226 periclitantibus
2617 1169 2781 1210 causa
2817 1157 3191 1228 (sanabuntur
3220 1157 3363 1208 enim
3395 1156 3447 1209 in
3475 1173 3597 1209 eum

2019 1249 2370 1316 reSpicientes
2398 1249 2416 1317 )
2449 1266 2464 1302 :
2498 1262 2564 1302 eo
2590 1248 2749 1304 modo
2774 1249 2933 1306 etiam
2966 1249 3224 1304 Dominus
3247 1247 3405 1302 Jcsus
3445 1247 3600 1302 Citri-

2018 1347 2136 1394 stus
2184 1339 2264 1392 eis
2315 1341 2403 1407 qui
2461 1353 2583 1392 enm
2641 1341 2824 1393 vident
2872 1339 3086 1408 quidem
3130 1341 3182 1392 in
3247 1340 3598 1394 similitudine

2018 1427 2394 1496 malignorum,
2419 1446 2484 1484 eo
2512 1434 2653 1500 quod
2693 1431 2864 1484 lactus
2886 1432 2956 1486 sit
2989 1433 3169 1498 homo,
3210 1446 3314 1484 non
3348 1432 3598 1499 ignorant

2019 1528 2198 1572 tamen
2254 1520 2397 1586 quod
2455 1521 2596 1575 Deus
2629 1522 2702 1575 sit
2742 1523 2986 1576 vit'ilicus
3035 1538 3196 1576 causa
3231 1523 3332 1575 erit
3368 1524 3518 1590 vitzc,
3545 1533 3596 1575 et

2017 1610 2108 1664 dat
2135 1625 2290 1680 posse
2315 1611 2568 1665 animalia
2597 1625 2860 1667 venenosa
2889 1616 3081 1678 vitare,
3109 1616 3278 1679 idest,
3301 1615 3598 1671 contrarias

2017 1709 2329 1768 potestates.

2085 1789 2141 1843 Id
2166 1805 2378 1858 quoque
2402 1790 2558 1857 hujus
2586 1792 2663 1848 rei
2697 1792 2866 1858 ligura
2891 1793 2982 1858 sit,
3008 1794 3150 1861 quod
3187 1794 3427 1861 Moyscos
3448 1798 3594 1866 virga

2014 1881 2212 1951 virgas—
2237 1881 2372 1935 alias
2399 1883 2762 1946 devorat-erit,
2797 1901 2936 1953 quas
2964 1885 3016 1938 in
3059 1894 3259 1942 terram
3290 1888 3428 1956 magi
3471 1903 3597 1954 pro-

2008 1971 2251 2040 jeccrant
2291 1973 2356 2026 ⁵⁷.
2400 1971 2575 2043 Igitur
2604 1976 2751 2043 virga
2779 1977 2996 2044 quidem
3039 1975 3092 2029 in
3127 1985 3328 2030 terram
3364 1977 3596 2045 projecta

2013 2073 2096 2117 est
2130 2081 2145 2130 ;
2187 2081 2289 2118 non
2324 2073 2502 2120 tamen
2537 2082 2750 2136 semper
2777 2070 3054 2122 remansit.
3101 2070 3392 2138 Resumpta
3419 2080 3596 2124 autem

2017 2155 2209 2209 iterum
2279 2157 2379 2209 fuit
2409 2159 2549 2226 quod
2579 2168 2696 2212 erat
2725 2176 2738 2212 :
2776 2175 2896 2212 nam
2930 2161 3050 2214 licet
3087 2162 3227 2216 facta
3257 2163 3348 2227 sit,
3386 2173 3442 2216 ut
3473 2173 3598 2216 ante

2015 2245 2146 2308 dixi,
2167 2246 2217 2298 in
2237 2247 2588 2302 similitudine
2611 2258 2794 2301 nostra
2823 2248 2997 2303 Patris
3017 2251 3190 2320 virga,
3217 2252 3390 2314 idest,
3411 2251 3593 2313 Filius,

2015 2354 2110 2409 per
2133 2355 2292 2410 quem
2326 2342 2488 2396 habet
2510 2342 2750 2394 omnium
2789 2352 3110 2409 potestatem
3145 2359 3158 2406 ;
3199 2354 3463 2406 attamen,
3494 2345 3595 2397 im-

2015 2431 2157 2498 pleta
2215 2433 2648 2502 dispensatione,
2702 2434 2960 2489 revolavit
3018 2436 3070 2488 in
3105 2435 3336 2500 coitum,
3391 2445 3444 2490 et
3495 2435 3594 2489 l‘uit

2018 2523 2212 2579 iterum
2265 2537 2520 2595 tanquam
2567 2529 2617 2580 in
2675 2544 2831 2581 manu
2878 2528 3051 2584 Patris
3112 2529 3260 2598 virga
3325 2531 3596 2598 iniquitatis

2013 2629 2076 2669 ac.
2108 2617 2255 2686 regni
2283 2634 2296 2669 :
2323 2620 2475 2673 sedet
2528 2621 2668 2672 enim
2713 2621 2778 2674 ad
2809 2622 3085 2675 dexteram
3130 2621 3401 2676 Genitoris
3427 2623 3504 2676 sui
3536 2624 3588 2675 in

2013 2708 2228 2776 propria
2265 2710 2566 2776 tnajestate,
2601 2711 2758 2768 sedes
2796 2711 3090 2766 altissimas
3109 2711 3361 2766 obtinens
3386 2751 3403 2776 ,
3431 2713 3594 2767 etiam

2014 2812 2136 2852 cum
2170 2814 2334 2855 carne
2361 2799 2430 2854 ⁸⁸.

2637 2932 2788 2991 CAP.
2830 2932 2970 2992 XVI.

2084 3045 2244 3104 Aliud
2268 3046 2332 3101 de
2360 3063 2519 3102 manu
2545 3046 2968 3118 Moysisleprosa
2999 3059 3046 3104 et
3086 3051 3284 3120 integra
3314 3063 3523 3108 saltata.

2084 3178 2105 3212 ι
2135 3159 2274 3216 Dixil
2302 3170 2476 3215 autem
2495 3162 2560 3216 ad
2583 3177 2704 3216 eum
2747 3163 2887 3216 Deus
2913 3163 3169 3219 Dominus
3191 3165 3384 3219 iterum
3410 3181 3424 3218 :
3453 3165 3595 3220 infer

2011 3269 2227 3308 manum
2251 3265 2399 3308 tuam
2433 3255 2486 3308 in
2519 3255 2695 3308 sinum
2722 3263 2870 3308 tuum
2899 3272 2912 3318 ;
2944 3266 2997 3310 et
3023 3259 3244 3326 protulit
3271 3274 3488 3313 manum
3525 3260 3594 3314 de

2009 3348 2131 3402 sinu
2163 3361 2285 3412 suo,
2317 3357 2371 3401 et
2397 3346 2539 3402 facta
2570 3354 2652 3402 est
2681 3361 2872 3400 manus
2903 3347 3022 3418 ejus
3060 3348 3200 3404 sicut
3229 3350 3340 3404 nix.
3381 3351 3594 3404 Etdixit

2009 3437 2202 3492 iterum
2233 3456 2248 3492 :
2278 3435 2421 3494 infer
2454 3451 2672 3491 manum
2707 3446 2851 3490 tuam
2884 3439 2937 3491 in
2985 3440 3160 3493 sinum
3200 3449 3348 3494 tuum
3380 3459 3394 3496 :
3421 3453 3475 3497 et
3511 3443 3591 3496 in-

2010 3528 2131 3580 tulit
2157 3545 2372 3582 manum
2411 3546 2564 3585 suam
2605 3531 2658 3590 in
2679 3531 2857 3583 sinum
2900 3546 3054 3585 suum
3077 3573 3092 3596 ,
3130 3541 3184 3586 et
3221 3535 3442 3602 protulit
3470 3551 3588 3589 eam

2010 3617 2078 3672 de
2099 3619 2220 3671 sinu
2249 3632 2440 3682 δυο,οι
2471 3621 2666 3675 iterum
2699 3622 2944 3674 restituta
2971 3631 3055 3674 est
3087 3623 3139 3678 in
3159 3623 3394 3677 colorem
3409 3628 3591 3680 carnis

2011 3710 2127 3778 ejus
2148 3711 2214 3764 ".
2251 3728 2270 3760 ι
2315 3709 2526 3763 Manum
2552 3713 2616 3763 ad
2648 3711 2922 3765 dexteram
2963 3711 3054 3766 Dei
3090 3721 3144 3766 et
3179 3713 3356 3768 Patris
3397 3730 3585 3770 verum

2010 3799 2204 3855 Filium
2227 3800 2342 3870 ejus
2377 3801 2556 3856 divin
2585 3801 2864 3871 Scriptura
2896 3804 3160 3858 nominat.
3189 3806 3405 3862 lnduxit
3438 3810 3585 3864 enim

2011 3891 2184 3963 ipsum
2236 3895 2503 3950 dicentem
2541 3911 2556 3948 :
2592 3913 2611 3946 ι
2659 3893 2772 3963 Ego
2826 3911 2988 3949 manu
3039 3913 3157 3952 mea
3205 3901 3414 3956 ﬁrmavi
3472 3919 3588 3959 caa-

2011 3984 2120 4040 lum
2150 3985 2196 4016 ⁶⁰
2236 4002 2252 4050 ς
2294 4004 2312 4038 ι
2363 3999 2468 4038 nec
2519 3999 2625 4039 non
2685 3985 2851 4040 etiam
2892 3987 3056 4042 David
3093 3989 3305 4046 divinus
3349 4004 3534 4048 cantat
3572 4015 3586 4050 :

2014 4096 2036 4128 ι
2061 4077 2235 4132 Verbo
2267 4077 2478 4132 Domini
2511 4077 2632 4132 coeli
2661 4077 2855 4133 ﬁrmati
2888 4089 3013 4134 sunt
3037 4080 3084 4114 “
3139 4101 3160 4134 ι
3199 4083 3376 4140 Cerne
3405 4086 3587 4156 igitur.

2011 4170 2064 4223 in
2097 4171 2275 4230 sinum
2303 4171 2518 4239 quidem
2552 4169 2752 4242 Moysis
2791 4173 2969 4228 adhuc
2999 4189 3221 4230 manum
3257 4175 3376 4246 ejus
3399 4181 3585 4234 occul-

2012 4263 2143 4326 tari,
2180 4273 2235 4318 et
2263 4264 2502 4318 nondum
2556 4263 2754 4318 factam
2806 4264 3072 4336 leprosam
3095 4306 3111 4331 ,
3148 4270 3416 4340 prolatam
3455 4289 3586 4328 vero

2011 4356 2192 4410 statim
2247 4355 2514 4426 leprosum
2569 4357 2812 4412 factam:
2843 4359 3038 4415 deinde
3081 4377 3205 4416 mox
3264 4363 3505 4429 illatam,
3533 4377 3588 4419 et

333 4445 556 4498 adverte
617 4443 672 4502 in
717 4442 806 4498 bis
855 4451 1048 4502 natura
1106 4451 1162 4496 et
1235 4441 1465 4496 veritate
1532 4439 1732 4498 Filium
1785 4439 1902 4504 Dei,
1937 4462 2200 4520 Drursus
2258 4447 2551 4517 prolatam,
2607 4458 2662 4504 et
2717 4450 2783 4504 de
2833 4461 3028 4506 eaztern
3088 4469 3190 4507 nou
3265 4455 3582 4524 leprosam:

335 4545 593 4602 tanquam
652 4535 894 4600 quaedam
947 4533 1096 4602 virga
1147 4532 1217 4587 sit
1264 4533 1483 4600 Patris;
1521 4533 1669 4598 virga
1728 4542 1907 4588 autem

334 4627 550 4695 insigne
575 4633 664 4676 est
709 4624 856 4692 regni
887 4642 902 4678 :
939 4643 962 4677 ι
1003 4623 1141 4682 Filio
1173 4624 1316 4679 enim
1371 4624 1518 4677 dedit
1556 4624 1756 4679 habere
1787 4638 1908 4679 om-

334 4720 484 4774 nium
532 4723 848 4785 potestatem
890 4715 954 4768 ".
1003 4734 1022 4768 ι
1054 4715 1204 4772 Unde
1237 4716 1403 4771 etiam
1442 4714 1658 4772 divinus
1686 4716 1853 4770 David
1893 4733 1909 4772 :

338 4831 358 4867 I
403 4809 653 4868 Thronus
683 4816 822 4873 tuus,
854 4809 1043 4879 inquit,
1075 4811 1239 4874 Deus,
1267 4808 1319 4866 in
1341 4809 1594 4866 siccatum
1618 4808 1818 4874 szeculi,
1858 4817 1913 4864 et

333 4905 476 4974 virga
499 4901 788 4970 requitatis,
811 4903 958 4971 virga
986 4899 1133 4972 regni
1155 4900 1346 4956 tui“.t
1382 4899 1488 4954 Sed
1523 4916 1643 4956 eam
1675 4900 1905 4972 proiecit

330 4995 386 5050 in
415 5005 635 5058 terram,
667 4995 717 5047 id
738 5003 854 5057 est,
889 5008 1115 5062 corpore
1139 5003 1352 5047 terreno
1381 4993 1755 5055 circumdedit,
1788 4993 1903 5047 sive

331 5103 428 5157 per
474 5086 859 5142 humanitatem
917 5086 1064 5140 misit
1100 5084 1152 5138 in
1207 5093 1405 5138 terram
1442 5101 1456 5138 :
1492 5093 1620 5138 tunc
1653 5083 1794 5137 enim
1847 5085 1898 5137 in

327 5179 673 5234 similitudine
702 5177 877 5233 factus
905 5185 990 5231 est
1023 5177 1379 5246 malignorum
1421 5174 1724 5239 hominum,
1747 5174 1899 5230 scili-

325 5282 410 5326 cet
441 5270 789 5340 malignitatis
827 5270 1038 5338 signum
1070 5280 1153 5322 est
1181 5282 1423 5336 serpens.

357 5363 511 5432 Quod
534 5371 710 5416 autem
735 5375 920 5416 verum
945 5361 1034 5426 sit,
1059 5361 1185 5414 hinc
1210 5360 1432 5414 scimus.
1469 5357 1588 5428 Ipse
1616 5359 1761 5414 enim
1786 5357 1862 5414 Do
1878 5387 1898 5401 -

327 5528 370 5560 "
472 5527 641 5586 Exod.
664 5544 795 5589 xxv,
824 5527 912 5580 l7.
988 5526 1104 5559 δυ’
1137 5524 1335 5580 lJoan.
1365 5542 1426 5591 ιι,
1470 5527 1522 5591 1,
1559 5528 1615 5581 2.
1693 5527 1740 5558 '°
1773 5524 1930 5579 Rom.
1957 5541 2041 5591 ιιι,
2097 5524 2189 5581 25.
2268 5525 2311 5557 "
2348 5526 2452 5581 lsa.
2478 5528 2631 5590 v1.1.

2013 4558 2032 4590 ι
2051 4539 2415 4593 Restitutaest
2437 4539 2602 4605 enim,
2632 4539 2826 4612 inquit,
2857 4540 2908 4594 in
2938 4540 3172 4596 colorem
3194 4544 3374 4598 carnis
3387 4545 3530 4613 eius.
3559 4563 3579 4595 ρ

2009 4631 2148 4701 Ergo
2195 4630 2433 4700 quandiu
2507 4631 2722 4700 quidmn
2783 4642 2902 4686 erat
2955 4633 3006 4686 in
3061 4635 3183 4688 sinu
3237 4633 3413 4690 Patris
3443 4638 3583 4692 Deus

2011 4718 2264 4783 Verbum,
2299 4719 2603 4772 divinitatis
2633 4719 2810 4774 nitore
2845 4719 3119 4791 fulgebat;
3157 4739 3340 4783 verum
3365 4726 3583 4795 quando

2009 4810 2187 4878 aliquo
2249 4811 2407 4863 modo
2469 4821 2619 4863 extra
2669 4809 2770 4864 fuit
2825 4827 2924 4881 per
2979 4815 3406 4871 incarnationem
3467 4818 3583 4873 sive

2009 4901 2456 4972 ἑνανθμὶγπησιν,
2491 4903 2667 4960 factus
2709 4917 2794 4958 est
2835 4923 2852 4954 ι
2900 4907 2954 4960 in
3003 4907 3354 4965 similitudine
3403 4914 3583 4966 carnis

2009 4994 2252 5060 peccati,
2289 5005 2344 5046 et
2393 4994 2534 5049 inter
2593 4995 2806 5064 iniquos
2858 5007 3139 5066 reputatns
3188 5011 3272 5055 est
3301 5002 3366 5054 “.
3431 5022 3451 5058 ι
3489 5004 3581 5059 Ait

2008 5085 2149 5138 enim
2176 5085 2388 5138 divinus
2415 5083 2612 5142 Paulus
2635 5127 2650 5152 ,
2685 5105 2705 5137 ιι
2745 5103 2870 5142 eum
2905 5089 2994 5158 qui
3027 5100 3308 5158 peccatum
3343 5109 3448 5149 non
3481 5109 3578 5149 no-

2007 5186 2178 5240 verat,
2199 5192 2296 5246 pro
2318 5177 2462 5231 nobit
2495 5189 2775 5247 peccatum
2805 5180 2988 5246 fuisse,
3013 5192 3070 5236 ut
3097 5198 3195 5237 nos
3221 5183 3472 5240 lieremus
3490 5187 3579 5256 ju-

2007 5268 2151 5323 stitia
2192 5269 2244 5320 in
2271 5270 2386 5337 ipso
2423 5269 2489 5324 ⁸³.
2533 5289 2555 5323 ι
2593 5269 2704 5324 Hoc
2723 5272 2980 5327 existimo
3005 5272 3209 5343 lepram
3242 5277 3572 5346 signiﬁcare.

2008 5361 2314 5415 immundus
2359 5363 2502 5421 enirn
2533 5364 2828 5418 secundum
2866 5364 3036 5437 lcgem
3076 5367 3320 5438 leprosus
3349 5371 3416 5425 “.
3469 5370 3577 5426 Sed

2706 5529 2752 5560 "
2788 5528 2956 5586 Exod.
3009 5549 3084 5598 tv,
3135 5535 3259 5592 1-5.
3337 5531 3570 5588 "Joan.

323 5597 534 5666 xvtt,2.
608 5597 655 5628 ⁸⁸
690 5597 831 5652 Psal.
873 5612 1018 5660 xuv,
1078 5597 1128 5649 7.
1205 5598 1254 5629 "
1288 5597 1446 5652 Num.
1500 5614 1615 5660 xu,
1670 5596 1726 5650 8.
1804 5596 1850 5627 “
1913 5595 2070 5650 Joan.
2136 5612 2219 5666 ιιι,
2278 5597 2363 5650 14.
2442 5598 2485 5628 ⁵⁷
2524 5597 2690 5652 Exod.
2747 5616 2822 5666 tv,
2869 5601 2923 5655 2.
3002 5595 3248 5660 "'Psal.
3313 5617 3453 5665 xuv,
3514 5603 3570 5658 7.

323 5669 371 5697 ”
399 5662 566 5721 Exod.
596 5681 672 5729 tv,
695 5668 747 5719 6.

862 5666 906 5696 ⁶⁰
934 5667 1038 5722 lsa.
1067 5682 1255 5735 vam,
1283 5669 1367 5722 l3.

325 5738 371 5768 “
403 5735 574 5794 Levlt.
602 5751 722 5801 xm,
746 5737 803 5789 2.

1479 5669 1520 5699 ⁶¹
1555 5667 1696 5722 l’sal.
1726 5681 1898 5734 χχχιι,
1921 5667 1973 5721 6.
2052 5667 2096 5698 ⁶¹
2129 5665 2285 5724 Rom.
2316 5684 2430 5731 vin,
2461 5667 2525 5734 3;
2553 5668 2658 5723 lsa.
2685 5686 2807 5738 ιιιι,

2885 5673 2971 5730 12.
3052 5674 3302 5728 "iCor.
3357 5687 3411 5737 ν,
3478 5671 3568 5727 21.
