3946 6202
334 295 456 353 1391

331 406 589 481 quoniam
627 400 820 453 iterum
849 393 902 447 in
934 390 1054 445 sinu
1098 386 1195 440 luit
1225 381 1401 439 Patris
1429 380 1781 450 (assumptus
1829 377 1912 423 est
1942 371 1983 425 Α
2014 359 2348 431 θρωπήσεως

1163 478 1175 481 “
1225 476 1233 481 ⁸
1415 471 1425 481 ¹
1472 478 1480 481 λ
1564 468 1597 481 ’-
1726 478 1751 481 ψ
1802 476 1881 481 μι-
2017 454 2138 481 Ι....η
2208 449 2250 481 ei
2302 461 2348 481 ιιι

333 505 385 555 in
421 491 868 552 resurrectionem
914 500 943 536 a
980 476 1279 546 mortuis),
1314 471 1517 541 prolata
1564 468 1757 520 iterum
1802 476 1916 514 ma-

335 605 435 646 nus
462 586 746 640 videbatur
778 575 973 631 munda
1007 588 1021 624 :
1056 568 1303 623 adveniet
1339 565 1482 619 enim
1523 566 1647 629 post
1676 566 1915 622 tempora

340 681 595 737 Dominus
610 668 959 727 nosterlesus
986 662 1262 723 Christus,
1288 657 1340 710 in
1370 653 1682 709 sinceritate
1732 643 1920 699 divini-

340 775 464 827 tatis
492 782 545 824 et
570 766 759 838 gloria,
804 757 1053 830 quamvis
1083 750 1507 807 similitudinem
1531 752 1771 798 nostram
1813 752 1917 790 non

341 833 644 935 proiecerit.
695 856 783 909 Ait
819 854 963 908 enim
995 859 1049 902 et
1080 848 1271 901 beatus
1312 839 1513 895 Paulus
1560 836 1627 891 de
1649 833 1866 888 Christo
1901 847 1913 882 :

347 976 367 1007 ιι
400 955 532 1023 Quia
566 948 729 1006 semel
762 953 1006 1000 mortuus
1030 950 1113 995 est
1142 938 1207 991 ad
1237 935 1519 989 multorum
1555 921 1920 983 exhaurienda

345 1056 585 1115 peccata.
629 1039 877 1095 Secundo
912 1036 1026 1088 sine
1058 1040 1275 1101 peccato
1298 1022 1575 1095 apparebit
1606 1024 1924 1085 exspectan-

350 1141 488 1190 tilms
531 1149 587 1188 se
643 1133 695 1193 in
731 1130 957 1185 salutem
990 1125 1053 1177 ".
1110 1143 1126 1174 ι
1162 1122 1302 1189 Ergo
1331 1116 1542 1187 quoties
1582 1111 1747 1186 nobis
1771 1119 1925 1162 sacra

347 1230 552 1282 Littera
585 1225 830 1278 nominat
856 1211 1349 1273 Christttmlcsum,
1379 1206 1536 1277 791
1565 1219 1629 1256 ne
1652 1201 1925 1256 hominem

348 1334 588 1374 seorsum
648 1311 949 1385 putaveris,
1001 1323 1104 1360 non
1160 1318 1283 1357 vere
1345 1302 1576 1353 adunato
1656 1293 1755 1362 ipsi
1822 1290 1928 1343 Deo

356 1413 528 1465 Verbo
564 1426 577 1473 ;
610 1407 711 1459 sed
743 1398 1141 1458 existimaveris
1174 1393 1339 1462 magis
1362 1392 1535 1456 ipsum
1573 1398 1690 1439 esse
1713 1398 1777 1435 ex
1823 1378 1929 1432 Deo

353 1514 406 1554 et
440 1500 602 1554 Patre
652 1496 887 1551 Verbum
925 1490 1112 1543 Jesum
1154 1485 1425 1538 Christum
1450 1520 1461 1541 ,
1489 1494 1605 1530 cum
1638 1474 1816 1527 factus
1862 1470 1931 1525 sit

356 1597 532 1648 homo.

970 1713 1117 1769 CAP.
1152 1709 1312 1765 XVII.

362 1839 514 1904 Quod
546 1836 784 1891 Christus
818 1848 917 1904 non
945 1839 1053 1904 erat
1077 1830 1227 1904 [nemo
1252 1821 1526 1904 Θεοφέρος,
1552 1832 1641 1869 nec
1669 1810 1929 1904 simplici:

363 1880 439 1960 iis
482 1911 535 1960 in
578 1905 783 1957 homine
841 1899 1144 1952 inhabitat-it
1187 1894 1321 1945 Deus
1358 1880 1636 1949 'l’erbum;
1669 1885 1757 1937 sed
1797 1880 1932 1960 quod

366 1978 527 2098 gregis
554 1991 676 2028 caro
708 1974 774 2025 sit
798 1970 1016 2040 faction,
1044 1968 1147 2019 sive
1170 1968 1321 2016 homo
1344 1961 1618 2029 perfectus,
1652 1954 1935 2010 secundum

409 2058 683 2098 crwturas.

409 2058 683 2115 crtpturas.

438 2182 539 2249 Qui
590 2179 747 2235 ﬁdem
799 2176 998 2232 habent
1047 2175 1100 2227 in
1156 2171 1372 2228 Christo
1430 2163 1829 2221 immaculatam
1888 2167 1943 2214 et

371 2274 532 2328 rectis
559 2270 812 2326 omnibus
833 2265 1100 2336 sullragiis
1131 2263 1554 2332 comprobatam,
1595 2256 1776 2311 dicant
1798 2251 1945 2306 vide-

373 2369 495 2421 licet
533 2364 675 2433 quod
705 2363 817 2431 ipse
832 2376 897 2415 ex
924 2358 1031 2412 Deo
1054 2356 1211 2410 Patre
1236 2356 1375 2409 Deus
1404 2349 1639 2405 Verbum
1666 2347 1719 2400 in
1757 2343 1943 2398 exina-

374 2460 597 2512 nitatem
683 2450 1057 2511 descenderit,
1140 2447 1369 2500 lormatn
1435 2440 1576 2497 servi
1652 2436 1943 2507 accipiens,

376 2549 756 2618 propriumque
795 2544 894 2598 sibi
931 2540 1133 2595 faciens
1179 2550 1398 2605 corpus,
1449 2531 1594 2602 quod
1635 2537 1720 2584 est
1761 2536 1945 2582 uatum

378 2657 443 2696 ex
464 2639 718 2710 Virgine;
744 2635 882 2705 quod
920 2632 1092 2687 lactus
1124 2630 1193 2684 sit
1227 2626 1391 2683 nostri
1427 2623 1640 2687 similis,
1667 2631 1721 2676 et
1747 2634 1952 2674 nuncuo

383 2740 538 2800 patos
560 2728 725 2783 Filius
749 2724 1001 2779 hominis.
1035 2721 1128 2775 Est
1153 2728 1331 2773 autem
1354 2714 1495 2770 Deus
1518 2713 1728 2784 quidem
1758 2725 1950 2765 secun-

382 2825 505 2874 dum
527 2820 770 2887 spiritum
802 2833 816 2880 ;
848 2816 1007 2869 homo
1029 2822 1205 2865 autem
1234 2809 1372 2862 idem
1397 2805 1691 2861 secundum
1713 2815 1951 2856 carnem.

388 2880 586 2966 Deinde
611 2909 823 2964 divinus
848 2905 1047 2959 Paulus
1071 2902 1378 2958 .ludaaorum
1418 2896 1669 2968 populum
1711 2880 1952 2973 alloque-

389 3004 544 3057 batur
583 3004 808 3055 tlieeus:
840 3019 857 3049 ι
892 2996 1230 3051 Multil‘ariam
1279 2992 1566 3061 multisque
1614 2987 1786 3042 modis
1830 2986 1954 3040 olim

1345 267 1403 321 S.
1441 255 1719 318 CYRIIJJ
1754 242 2225 307 ALEXANDRINI
2263 226 2619 294 ARCHIEP.”

3448 209 3592 263 1393

2369 352 2392 405 ?
2417 352 2524 405 Aut
2549 356 2719 416 quare
2752 340 3088 394 incarnatum
3115 328 3244 384 dicit
3266 325 3434 380 Deum
3448 323 3592 376 lier-

2015 417 2163 513 bum,
2196 417 2251 502 ἐἰ
2302 417 2405 499 non
2447 442 2627 495 Iactus
2659 443 2744 489 est
2780 428 2947 486 caro?
2984 425 3081 478 Vis
3119 417 3595 488 ὲνανθμιγπήσεως

2014 558 2066 601 et
2092 542 2323 597 similem
2352 535 2522 592 nostri
2545 545 2668 587 eum
2694 526 2894 581 laetum
2919 532 3040 575 esse
3058 512 3348 585 signiﬁcat,
3372 519 3425 562 et
3443 522 3597 561 man-

2016 636 2149 690 sisse
2173 626 2467 686 tameu'sic
2492 632 2707 693 quoque
2760 615 2934 685 ipsum
2987 621 3151 676 supra
3196 616 3324 664 nos,
3368 600 3476 653 imo
3501 612 3597 650 su-

2019 743 2113 798 pra
2146 726 2455 778 universam
2486 718 2657 786 ipsam
2683 718 3012 765 creaturam.
3053 708 3057 712 '
3332 706 3335 709 ‘
3366 758 3377 762 ι

2089 819 2353 888 Oportere
2395 821 2572 865 autem
2612 802 2886 861 existimo,
2916 811 2978 850 ea
3019 808 3139 863 qua:
3166 788 3300 851 disi,
3336 781 3599 851 exemplis

2021 913 2182 965 etiam
2227 903 2581 974 comprobare
2627 906 2682 949 et
2724 888 3071 962 persuadere,
3105 881 3249 951 quod
3277 876 3596 944 Unigenitus

2026 1003 2204 1056 Iactus
2239 998 2311 1051 sit
2345 997 2537 1054 homo,
2557 1004 2614 1043 et
2653 988 2723 1041 sit
2750 983 2910 1043 Deus,
2943 978 3105 1031 etiam
3143 987 3263 1026 cum
3311 982 3491 1027 carne.
3536 980 3599 1018 ac

2027 1111 2131 1151 non
2171 1094 2380 1147 tantum
2413 1080 2731 1140 inhabilarit
2764 1077 2818 1130 in
2859 1071 3099 1130 homine,
3139 1064 3398 1133 θεοφόρον
3426 1061 3600 1128 ipsum

2026 1187 2282 1247 elliciens,
2319 1191 2575 1248 tanquam
2619 1173 2774 1234 alios,
2803 1166 2894 1236 qui
2925 1160 3224 1220 divinitatis
3256 1155 3421 1225 ipsius
3450 1152 3603 1205 fuere

2029 1277 2336 1351 participes.

2624 1420 2776 1477 CAP.
2815 1414 2999 1472 XVIII.

2035 1546 2185 1613 Quod
2212 1541 2526 1603 Emmanuel
2558 1538 2725 1593 Deum
2752 1532 2991 1587 habuerit
3016 1529 3170 1582 aliter
3200 1520 3605 1585 inhabitatum,

2666 1621 2823 1676 quam
2866 1619 2977 1656 nos.

1961 1730 2004 1784 Β
2104 1731 2192 1785 Ait
2219 1726 2414 1784 alicubi
2444 1725 2592 1780 Deus
2628 1722 2693 1776 de
2732 1718 2928 1773 nobis:
2960 1735 2980 1769 ι
3011 1711 3325 1768 Inhabitaho
3373 1708 3425 1762 in
3458 1706 3609 1775 ipsis,

2037 1836 2090 1881 et
2116 1819 2481 1881 inambulabo,
2522 1824 2577 1869 et
2607 1828 2700 1867 ero
2728 1810 2863 1881 ipsis
2897 1808 3061 1870 Deus,
3092 1814 3145 1857 et
3170 1803 3267 1871 ipsi
3296 1809 3455 1855 erunt
3480 1798 3611 1849 mihi

2037 1915 2263 1987 populus
2293 1912 2357 1965 ⁷³.
2395 1928 2412 1959 ι
2456 1906 2563 1960 Nec
2608 1918 2712 1957 non
2752 1901 2916 1956 etiam
2969 1899 3081 1968 ipse
3129 1893 3388 1948 Dominus
3432 1899 3617 1943 noster

2038 2007 2196 2063 Jesus
2222 2002 2470 2057 Christus
2505 2016 2518 2052 :
2565 2015 2583 2047 ί
2615 1995 2754 2048 Ecce
2784 2008 2884 2063 ego
2933 1988 3123 2054 venio;
3160 1998 3216 2040 et
3242 1986 3286 2039 si
3326 1982 3447 2051 quis
3480 1980 3615 2033 mihi

2041 2094 2332 2168 aperuerit,
2387 2090 2598 2146 intrabo
2642 2102 2764 2156 ego,
2816 2092 2871 2138 et
2912 2079 3049 2152 apud
3085 2093 3209 2132 eum
3264 2075 3512 2134 cantabo,
3565 2080 3620 2125 et

2043 2190 2222 2253 Pater,
2248 2195 2299 2242 et
2329 2184 2394 2239 ad
2424 2196 2546 2237 eum
2569 2179 2863 2238 veniemus,
2896 2184 2950 2229 et
2974 2170 3305 2229 mansionem
3330 2168 3468 2237 apud
3492 2179 3619 2218 eum

2046 2278 2391 2339 faciemus“.
2427 2295 2446 2329 ι
2487 2268 2756 2329 Nominati
2786 2282 2973 2324 sumus
2995 2265 3159 2319 etiam
3186 2261 3439 2329 templum
3478 2256 3618 2310 Dei:

2052 2396 2071 2429 ί
2107 2376 2210 2431 Vos
2250 2372 2416 2434 enim,
2466 2365 2660 2437 inquit,
2696 2359 2894 2430 templa
2922 2356 3053 2414 estis
3098 2354 3191 2409 Dei
3234 2352 3337 2406 vivi
3378 2351 3441 2401 ".
3473 2366 3492 2398 ι
3551 2347 3622 2402 Et

2050 2480 2237 2523 rursus
2258 2482 2271 2520 :
2291 2483 2309 2515 t
2332 2460 2561 2518 Nescitis
2576 2470 2802 2526 corpora
2827 2459 3003 2507 vestra
3028 2447 3274 2517 templum
3302 2455 3417 2497 esse
3439 2438 3618 2507 Spit-t3-

2054 2569 2137 2614 tus
2163 2555 2357 2621 sancti,
2383 2552 2472 2623 qui
2500 2559 2581 2606 est
2617 2550 2669 2603 in
2698 2545 2868 2609 vobis,
2893 2556 3051 2612 quem
3075 2537 3277 2613 habetis
3296 2552 3323 2588 a
3346 2534 3448 2587 Deo
3465 2531 3513 2562 "
3530 2531 3557 2584 ἲ
3592 2549 3615 2581 ι

2060 2650 2253 2705 Verum
2276 2648 2318 2702 si
2346 2647 2418 2700 ita
2446 2644 2615 2707 aiunt,
2638 2641 2809 2708 ipsum
2848 2646 3063 2705 quoque
3087 2646 3143 2685 se
3173 2630 3364 2683 habere
3394 2624 3627 2678 Emma-

2056 2742 2200 2805 nuel,
2214 2750 2291 2803 et,
2304 2748 2560 2807 tanquam
2584 2738 3020 2799 unumquemque
3038 2734 3301 2785 nostrum,
3319 2714 3632 2770 inhabitan-

2059 2842 2165 2887 tem
2185 2832 2236 2884 in
2255 2844 2375 2883 sese
2392 2826 2557 2879 Deum
2580 2820 2856 2883 habuisse,
2886 2825 3070 2886 aperte
3087 2812 3482 2873 confiteantur;
3502 2821 3630 2859 cum

2061 2921 2232 2991 ipsum
2283 2914 2499 2970 adorari
2544 2909 2904 2977 conspiciunt,
2942 2916 3050 2958 tam
3088 2919 3116 2955 a
3163 2900 3339 2963 nobis,
3371 2912 3529 2967 quam
3562 2895 3630 2949 ab

2061 3011 2283 3083 angelis,
2316 3010 2367 3061 in
2403 3004 2540 3061 coelo
2567 3002 2771 3072 pariter
2800 3008 2853 3053 et
2876 2997 2929 3051 in
2963 2992 3485 3059 terra,erubescant
3509 2998 3632 3040 tan-

392 3091 1108 3162 Deusloquenspatribnsin
1132 3082 1757 3157 prephctis,novissimis
1774 3081 1961 3135 diebus
1987 3080 2029 3138 C
2065 3080 2222 3176 quin“
2269 3102 2480 3156 diversa
2529 3096 2812 3164 alienaque
2862 3089 3175 3150 scntiemes,
3204 3093 3262 3139 et
3308 3084 3632 3137 “uentum

395 3189 513 3243 istis
533 3187 741 3241 locutus
764 3194 848 3238 est
871 3184 1025 3237 nobis
1056 3182 1106 3235 in
1135 3180 1266 3235 Filio
1288 3179 1352 3232 “.
1395 3197 1413 3229 ο
1446 3178 1507 3230 Et
1532 3190 1764 3243 quonam
1808 3170 1965 3227 modo

396 3279 727 3348 intelligatur
760 3276 970 3330 locutus
1006 3273 1172 3328 luisse
1203 3271 1341 3327 Deus
1381 3280 1434 3325 et
1465 3269 1625 3323 Pater
1660 3262 1968 3320 novissimis

396 3368 585 3424 diebus
616 3368 667 3421 in
692 3366 872 3422 Filio?
912 3364 1145 3418 Locutus
1178 3372 1260 3418 est
1284 3362 1427 3416 enim
1459 3355 1853 3428 antiquioribus
1874 3367 1969 3422 per

399 3470 572 3539 ipsum
614 3466 746 3521 dans
776 3463 970 3534 legem,
996 3473 1050 3517 et
1101 3462 1301 3515 idcirco
1324 3460 1437 3528 ipse
1474 3455 1514 3510 Γ
1523 3456 1642 3509 ilius
1677 3468 1804 3508 suos
1838 3450 1970 3505 dicit

399 3575 520 3617 esse
549 3572 853 3620 sermones,
878 3572 972 3626 per
994 3554 1447 3624 sapientissimum
1471 3549 1687 3621 Moysen
1712 3545 1970 3618 prolatos.

400 3652 487 3706 Ait
508 3651 650 3703 enim
682 3665 695 3702 :
736 3666 755 3698 ι
784 3647 960 3703 Nolite
993 3657 1181 3714 putare
1208 3645 1332 3714 quia
1374 3642 1495 3696 veni
1541 3640 1751 3696 solvere
1776 3638 1967 3707 legero,

404 3755 493 3800 aut
516 3746 825 3813 prophetas.
859 3739 973 3795 Non
1004 3740 1122 3795 veni
1164 3738 1391 3801 solvere,
1433 3736 1527 3791 sed
1558 3734 1800 3803 implere.
1839 3729 1973 3783 Dico

404 3838 547 3891 enim
586 3836 759 3901 vobis,
786 3836 893 3888 iota
917 3847 1101 3896 unum,
1128 3842 1226 3885 aut
1255 3844 1391 3883 unus
1421 3843 1554 3896 apex
1580 3842 1686 3882 non
1726 3821 1973 3878 transibit

407 3948 435 3983 a
460 3929 593 3999 lege,
609 3925 777 3983 dOnec
798 3927 976 3982 omnia
1000 3926 1152 3979 fiant.
1176 3922 1384 3978 Casium
1400 3931 1456 3974 et
1483 3928 1621 3973 terra
1649 3915 1970 3977 transibunt,

410 4025 570 4077 verba
610 4030 788 4076 autem
836 4033 953 4074 mea
999 4033 1106 4071 non
1146 4013 1450 4091 transibunt
1487 4012 1553 4065 ".
1586 4029 1605 4062 ι
1637 4007 1788 4063 Adde
1809 4007 1973 4060 etiam

409 4116 681 4185 prophetat
738 4126 922 4167 vocem
976 4127 991 4164 :
1051 4128 1066 4159 ι
1117 4106 1235 4175 Ipse
1303 4105 1393 4174 qui
1447 4103 1726 4172 loquebar,
1779 4108 1975 4169 praesto

411 4231 530 4269 sum
559 4212 625 4269 “.
664 4230 682 4263 ι
727 4208 869 4278 Ergo
915 4218 1038 4260 cum
1100 4203 1272 4254 lactus
1325 4208 1409 4252 est
1458 4195 1626 4250 Filius
1675 4195 1728 4247 in
1789 4202 1973 4253 carne,

415 4321 542 4362 tunc
589 4308 798 4360 locutus
846 4308 931 4354 est
989 4297 1141 4350 nobis
1192 4295 1353 4348 Pater
1423 4292 1474 4344 in
1508 4290 1643 4358 ipso,
1710 4284 1850 4340 sicut
1900 4283 1979 4335 ait

414 4399 603 4453 beatus
667 4393 885 4453 Paulus,
939 4386 1245 4441 novissimis
1294 4381 1560 4437 diebus".
1631 4375 1738 4432 Sed
1777 4388 1844 4428 ne
1881 4388 1975 4442 pa-

418 4506 532 4543 tum
552 4487 859 4547 credamus,
892 4482 1037 4551 quod
1068 4482 1178 4547 ipse
1208 4477 1277 4530 sit
1308 4475 1396 4527 ille
1418 4473 1506 4540 qui
1535 4471 1698 4525 etiam
1729 4476 1853 4521 ante
1879 4480 1978 4518 sae-

416 4583 536 4639 cula
596 4576 784 4643 Filius,
839 4575 1017 4628 intulit
1068 4571 1295 4626 statim:
1337 4565 1484 4620 tPer
1534 4577 1691 4632 quem
1747 4556 1877 4610 fecit
1928 4563 1983 4607 et

418 4674 610 4731 stecula
642 4672 722 4736 ⁷ο,
756 4688 775 4722 ι
826 4666 1166 4736 Splendorem
1221 4661 1381 4715 etiam
1420 4656 1601 4725 gloria:
1646 4661 1701 4705 et
1757 4649 1981 4710 ﬁguram

420 4761 732 4820 substantia:
763 4758 938 4812 Patris
971 4770 1091 4809 eSse
1129 4760 1558 4806 commemorans
1582 4743 1649 4794 ⁷³.

493 4860 663 4914 Ilotno
694 4857 852 4923 igitur
882 4854 1053 4905 lactus
1079 4856 1161 4903 est
1202 4857 1330 4897 vere
1368 4840 1415 4894 is
1457 4850 1551 4907 per
1583 4845 1742 4903 quem
1774 4828 1902 4883 fecit
1931 4834 1986 4880 et

421 4954 613 5009 saecttla
645 4951 782 5005 Deus
810 4948 1005 5009 Pater;
1033 4951 1087 4995 et
1116 4955 1243 5001 non,
1276 4946 1333 4988 ut
1363 4927 1601 4987 nonnulli
1644 4921 1978 4981 existimant,

426 5051 477 5100 Ill
511 5044 728 5098 homine
764 5041 884 5104 fuit,
917 5048 971 5090 ut
1016 5042 1173 5088 homo
1223 5024 1546 5093 intelligatur
1588 5033 1620 5071 a
1665 5014 1817 5068 nobis
1864 5020 1983 5063 tan-

425 5150 583 5204 quam
614 5132 777 5185 Deum
799 5102 1004 5182 habens
1028 5118 1441 5175 inltabilantetn.
1471 5106 1603 5161 Nam
1632 5102 1676 5156 si
1705 5103 1819 5155 haec
1842 5104 1987 5151 recte

428 5239 484 5278 se
516 5221 714 5274 habere
764 5231 888 5271 vere
913 5212 1210 5270 conlidunt,
1237 5206 1674 5271 supervacaneus
1695 5203 1816 5243 esse
1843 5186 1984 5239 vide-

430 5316 572 5368 hitur
595 5309 783 5361 beatus
807 5304 1131 5373 evangelista
1167 5295 1407 5352 Joannes
1442 5290 1631 5344 dicens
1662 5298 1677 5337 :
1713 5300 1732 5334 ι
1764 5281 1828 5334 Ει
1857 5277 1990 5334 Ver-

431 5407 554 5459 bum
588 5413 711 5454 caro
740 5398 935 5449 factum
960 5403 1042 5447 est
1066 5391 1137 5443 ".
1169 5407 1187 5440 ι
1224 5385 1323 5440 Ubi
1349 5382 1489 5436 enim
1521 5376 1811 5433 necessitas
1837 5371 1992 5421 ἐναν-

501 5551 545 5582 ⁶⁸
583 5545 744 5602 Hebr.
772 5557 847 5603 ιχ,
872 5537 960 5592 28.
1036 5537 1079 5567 ⁸³
1113 5533 1274 5588 llcbr.
1303 5548 1341 5596 ι,
1366 5531 1419 5583 I.

433 5620 477 5651 "
506 5594 845 5677 militiai
952 5608 997 5639 ⁷³
1034 5605 1202 5660 Levit.
1251 5594 1391 5659 mi,
1426 5598 1517 5658 1‘2;
1550 5598 1717 5650 lCor.
1770 5611 1841 5657 vr,
1880 5594 1965 5648 IG.

435 5688 479 5718 "
512 5689 532 5739 ι
558 5688 681 5741 Cor.
709 5700 780 5747 vt,
812 5680 896 5735 I9.

1494 5528 1535 5559 ⁸⁷
1572 5496 1758 5581 Illatth.
1787 5539 1838 5586 ν,
1866 5522 1952 5574 I7.
2030 5519 2074 5550 ⁸⁸
2113 5517 2210 5570 lsa.
2242 5529 2339 5575 LII,
2365 5511 2417 5564 8.

2066 3208 2344 3252 sacrarum
2387 3189 2717 3260 propositum
2754 3183 3075 3245 nescientes,
3119 3193 3218 3232 nec
3266 3175 3527 3229 habentes
3582 3170 3633 3223 in

2068 3304 2125 3345 se
2158 3287 2337 3350 (idem,
2373 3297 2532 3353 quam
2572 3278 2726 3333 nobis
2759 3274 3115 3336 tradiderunt,
3162 3268 3253 3339 qui
3292 3269 3345 3321 in
3375 3262 3638 3334 principio

2068 3387 2122 3434 et
2145 3378 2417 3439 viderunt,
2452 3381 2507 3427 et
2539 3370 2980 3424 ministraverunt
3016 3358 3213 3415 Verbo.

2143 3469 2199 3524 Si
2234 3479 2420 3522 autem
2463 3464 2664 3526 dicant,
2700 3458 2841 3529 quod
2872 3462 3155 3526 propterea
3198 3450 3341 3504 Deus
3369 3447 3463 3514 sit,
3497 3454 3551 3499 et
3583 3452 3639 3495 ut

2071 3562 2212 3617 Deus
2240 3556 2591 3630 glorllicetur,
2625 3555 2751 3623 quia
2785 3551 2837 3604 in
2863 3564 2928 3604 eo
2952 3556 3156 3601 tantum
3190 3540 3515 3596 inhabitavit
3545 3537 3635 3590 Dei

2070 3657 2245 3712 Patris
2285 3651 2557 3713 Verbum,
2597 3661 2659 3701 ac
2691 3659 2795 3700 non
2840 3650 3146 3712 propterea,
3186 3634 3311 3707 quia
3352 3632 3526 3687 lactus
3568 3630 3639 3684 sit

2073 3750 2269 3812 homo;
2295 3744 2513 3799 audient
2536 3752 2722 3794 rursus
2752 3752 2778 3791 a
2806 3734 2958 3789 nobis
2987 3750 3001 3786 :
3026 3730 3081 3786 Si
3106 3730 3193 3795 iis,
3215 3727 3306 3797 qui
3334 3722 3639 3778 inhabitat»

2075 3852 2182 3897 tem
2218 3840 2268 3893 in
2307 3853 2365 3893 se
2393 3834 2559 3889 Deum
2593 3829 2898 3894 habuerint,
2927 3824 3056 3880 satis
3077 3831 3180 3881 est.
3205 3826 3262 3872 ut
3292 3818 3493 3871 idcirco
3515 3827 3641 3866 vero

2073 3936 2147 3991 dii
2180 3949 2300 3989 esse
2326 3930 2552 4002 possint,
2582 3934 2636 3980 et
2662 3923 2730 3977 ab
2765 3917 3074 3975 hominibus
3112 3911 3427 3973 adorentur,
3455 3920 3642 3961 omnes

2075 4042 2208 4083 sane
2242 3998 2417 4094 angeli
2450 4018 2805 4084 hominesque
2834 4015 2945 4066 sint
2983 4009 3054 4063 dii
3080 4016 3134 4061 et
3163 4002 3459 4063 adorandi;
3488 3998 3643 4052 inha—

2077 4121 2211 4175 bitat
2232 4088 2374 4171 eniin
2412 4114 2552 4167 Deus
2586 4110 2638 4163 in
2671 4103 2871 4161 sanctis
2893 4097 3117 4167 angelis.
3157 4092 3451 4149 Habuimus
3480 4088 3641 4141 ctiam

2078 4225 2176 4266 nos
2209 4209 2386 4277 ipsum
2415 4204 2469 4258 in
2501 4199 2656 4255 nobis
2680 4211 2776 4268 per
2805 4193 3067 4263 Spiritum
3100 4196 3375 4251 sanctum;
3413 4183 3508 4236 sed
3535 4194 3637 4234 non

2078 4300 2275 4357 sullicit
2299 4300 2400 4352 hoc
2429 4293 2733 4354 ostendere,
2769 4295 2958 4342 natura
2982 4282 3111 4336 deos
3130 4289 3184 4333 ct
3225 4275 3526 4331 adorandos
3552 4286 3642 4325 eos

2010 4423 2054 4479 ο
2081 4394 2172 4461 qui
2209 4392 2407 4447 habent
2441 4385 2702 4455 Spiritum
2731 4387 2999 4433 sanctum.
3035 4373 3202 4442 Igitur
3233 4385 3335 4423 non
3367 4374 3646 4436 propterea

2082 4483 2227 4538 Deus
2262 4490 2364 4543 est,
2392 4490 2445 4531 et
2472 4474 2780 4531 adorandus
2808 4462 3144 4528 Emmanuel,
3167 4461 3309 4532 quod
3334 4456 3650 4515 inhabitarit

2081 4576 2132 4629 in
2168 4589 2252 4635 eo,
2307 4583 2557 4640 tanquam
2608 4568 2661 4620 in
2711 4562 2926 4617 homine
2970 4555 3262 4619 communi,
3311 4561 3365 4609 et
3406 4564 3650 4605 seorsum

2081 4662 2433 4735 intelligendo
2480 4671 2535 4715 et
2566 4661 2618 4713 in
2650 4666 2800 4727 parte
2840 4655 3005 4707 Deum
3051 4647 3316 4711 Verbum;
3362 4642 3456 4696 sed
3506 4639 3654 4709 quod

2082 4759 2283 4812 factum
2328 4756 2401 4809 sit
2424 4767 2576 4816 caro,
2614 4751 2668 4805 id
2696 4756 2801 4811 cst,
2840 4746 3002 4798 homo
3039 4760 3052 4795 :
3097 4738 3297 4794 mansit
3324 4735 3469 4791 enim
3512 4734 3655 4787 idem

2082 4859 2137 4905 et
2162 4848 2321 4912 Deus,
2355 4857 2408 4902 et
2435 4839 2763 4899 adorandus.

2608 4973 2769 5045 792
2806 4967 2960 5025 CAP.
2996 4963 3138 5019 xui.

2162 5100 2317 5153 Dicta
2355 5093 2643 5165 apostolica
2681 5086 2958 5212 intquibus
2996 5082 3135 5137 Deus
3174 5075 3474 5131 nominatus
3511 5079 3590 5124 est

2776 5159 3003 5210 ‘tristus.

2776 5159 3003 5210 Ihristus.

2169 5283 2245 5337 De
2272 5276 2532 5349 mysterio
2564 5272 2749 5327 dicens
2777 5265 3071 5322 secundum
3106 5258 3381 5316 Christum
3411 5272 3426 5309 :
3458 5271 3478 5304 ι
3507 5249 3663 5317 Quod

2090 5375 2227 5439 aliis,
2242 5371 2436 5441 inquit,
2462 5359 2904 5437 generationibus
2920 5370 3024 5410 non
3045 5361 3126 5409 est
3147 5348 3387 5421 agnitum
3407 5343 3528 5399 (iliis
3554 5340 3661 5394 bo-

2990 5497 3035 5527 ⁷⁰
3072 5492 3203 5549 ibid.
3229 5491 3284 5544 ‘2.
3364 5489 3408 5521 ‘“
3447 5483 3573 5539 ibid.
3602 5481 3658 5534 5.

2514 5507 2557 5538 ⁶⁹
2592 5502 2756 5558 Hebr.
2786 5516 2829 5562 ι,
2858 5501 2908 5551 l.
2990 5501 3035 5527 ⁷ο
3072 5501 3203 5549 ibid.
3229 5501 3284 5544 *2.
3365 5501 3408 5521 τι
3448 5501 3573 5539 ιυιυ.
3602 5501 3658 5534 ο.

2514 5576 2595 5616 Μι-
2652 5573 2808 5616 1mm-
2840 5583 2946 5616 xw.
3005 5567 3088 5616 16.
3184 5563 3230 5593 τε
3267 5559 3436 5615 lCor.
3465 5569 3542 5616 ιιι,
3573 5551 3658 5604 Π.

2079 5567 2445 5655 expuat",
2500 5576 2598 5642 20;
2652 5573 2808 5629 Joan.
2840 5583 2947 5634 xtv,
3005 5567 3088 5621 16.
