3946 6202
345 340 485 394 159⁸5

1269 333 1557 389 δωιυω
1601 334 1689 387 DE
1724 332 2240 389 INCARNATIONE
2282 330 2652 389 UNICENITI.

3472 333 3571 387 #39
3580 334 3608 386 ι

290 454 293 457 ’
344 452 725 515 ruinmn,sicut
742 465 884 504 nunc
905 449 1199 504 revelatum
1219 449 1521 504 estsanetis
1542 450 1913 518 apostolis".i
1949 453 1995 508 Α
2028 465 2045 499 ι
2080 447 2343 519 Apparuit
2368 448 2511 503 enim
2538 447 2706 519 gratia
2736 446 2827 501 Dei
2859 445 3148 501 salvatoris
3179 446 3450 511 erunibus,
3480 462 3609 501 eru-

347 546 453 601 Et:
507 562 525 595 ι
557 542 870 613 Mysterium
906 543 1052 611 quod
1100 544 1476 597 absconditum
1524 542 1625 596 fuit
1652 559 1679 596 a
1716 542 1927 597 saeculis

346 648 402 692 et
430 634 891 705 generationibus,
926 648 1069 688 nunc
1092 640 1274 688 autem
1311 633 1653 687 manifestum
1689 645 1773 688 est
1799 634 1925 687 san;

344 727 444 781 etis
473 726 610 791 ejus,
641 720 837 795 quibus
866 723 1036 779 voluit
1064 724 1307 779 revelare
1342 725 1557 779 divitias
1587 726 1770 796 gloriae
1808 741 1925 797 my-

343 820 491 874 sterii
524 818 682 886 hujus
706 819 765 873 in
787 807 1060 890 gentibus,
1092 819 1235 889 quod
1269 828 1351 874 est
1378 819 1651 887 Christus,
1685 822 1737 875 in
1776 820 1928 875 vobis

341 926 466 979 spes
514 910 719 980 gloriae,
752 925 912 979 quem
954 927 1055 966 nos
1095 911 1476 966 annuntiamus
1496 913 1561 965 ⁷⁸.
1604 931 1622 964 ι
1660 913 1715 967 Si
1769 913 1929 982 igitur

342 1012 428 1057 est
470 1003 753 1073 θεοφόρος,
784 1012 838 1058 et
870 1020 976 1059 non
1018 1004 1159 1059 Deus
1204 1019 1350 1066 vere,
1382 1005 1655 1073 quomodo
1697 1006 1810 1075 ipse
1847 1013 1929 1060 est

343 1093 549 1146 divitize
578 1096 761 1163 gloriae
792 1096 1062 1164 mysterii,
1090 1097 1232 1165 quod
1261 1096 1610 1160 annuntiatnr
1641 1096 1931 1168 gentibus?

349 1183 443 1237 Vel
478 1185 746 1253 quomodo
771 1186 990 1241 omnino
1017 1187 1159 1242 Deus
1181 1187 1575 1243 anuuntiathr?

921 1317 925 1321 δ
984 1296 1137 1351 CAI‘.
1174 1296 1292 1354 XX.

1046 1412 1229 1465 Aliud.

423 1535 441 1568 ι
476 1517 607 1573 Volo
636 1518 778 1574 enim
814 1535 911 1576 vos
944 1521 1088 1577 scire
1125 1525 1342 1594 qualem
1374 1528 1790 1585 sollicitudinem
1835 1534 1930 1585 ha-

349 1609 500 1663 beam
541 1626 636 1680 pro
657 1612 810 1667 vobis
831 1622 887 1667 et
916 1628 1015 1683 pro
1042 1615 1107 1671 iis
1132 1617 1222 1685 qui
1246 1629 1371 1673 sunt
1396 1619 1695 1688 Laodiceae,
1722 1632 1775 1677 et
1804 1626 1926 1693 qui-

348 1716 557 1767 cunque
609 1718 714 1757 non
769 1705 1023 1762 viderunt
1057 1706 1250 1762 faciem
1308 1726 1483 1766 meam
1535 1714 1585 1767 in
1639 1730 1822 1778 carne,
1873 1727 1932 1771 ιιι

2029 542 2180 597 diens
2215 559 2333 607 nos,
2371 550 2428 596 ut
2475 544 2803 607 abnegantes
2850 543 3182 610 impietatem
3238 551 3292 596 et
3324 541 3607 596 saecularia

2029 633 2317 699 desideria,
2373 633 2556 689 sobrie
2599 644 2653 688 et
2693 632 2839 698 justo
2868 642 2920 688 et
2956 635 3042 703 pie
3089 636 3354 697 vivamus,
3407 633 3458 686 in
3511 634 3611 687 hoc

2028 725 2247 790 smeulo,
2301 734 2680 793 exspectantes
2730 726 2945 780 beatam
2995 740 3169 795 spem,
3214 735 3269 779 et
3316 725 3606 779 adventum

2030 814 2213 884 gloria:
2234 816 2410 886 magni
2428 816 2517 870 Dei
2535 826 2588 870 et
2605 815 2901 870 Salvatoris
2922 816 3089 869 nostri
3112 812 3239 870 Iesu
3265 814 3466 869 Christi
3486 813 3604 867 ⁸⁸’.ι

2031 907 2171 962 Ecce
2211 907 2372 975 Deus,
2421 917 2477 962 et
2521 925 2769 980 magnus,
2822 909 3134 979 plenissime
3170 908 3480 963 nominatus
3524 917 3613 963 est

2034 1001 2291 1055 Dominus
2319 1014 2505 1057 noster
2529 1000 2686 1058 Jesus
2716 1003 2966 1058 Christus
2995 1022 3008 1058 :
3036 1002 3148 1070 ipse
3174 1010 3257 1056 est
3290 1002 3432 1055 enim
3458 998 3611 1067 cuius

2030 1093 2315 1147 adventum
2367 1093 2551 1162 gloriae
2616 1105 3032 1165 exspectantes,
3091 1094 3271 1149 sobrie
3325 1094 3506 1147 vivere
3557 1102 3613 1147 et

2031 1186 2581 1254 irreprchensibiliter
2642 1188 2982 1241 festinamus.
3042 1186 3148 1241 Sed
3208 1185 3254 1238 si
3317 1185 3607 1239 est'homo

2031 1274 2311 1345 Θεοφόρος,
2346 1279 2620 1345 quomodo
2644 1279 2714 1332 sit
2744 1293 2966 1347 magnus
2998 1276 3179 1331 Deus?
3210 1274 3303 1330 Vel
3342 1275 3612 1344 quomodo

2028 1366 2189 1421 beata
2223 1382 2347 1437 spes
2376 1368 2427 1420 in
2454 1368 2617 1421 eum?
2643 1367 2919 1438 Siquidem
2952 1383 3115 1422 verus
3140 1376 3222 1422 est
3254 1365 3495 1434 profecto
3524 1362 3612 1418 Je-

2032 1457 2483 1511 remiasdicens:
2526 1475 2544 1507 ι
2583 1451 2901 1513 Malediotns
2931 1459 3029 1527 qui
3062 1472 3209 1527 spem
3262 1473 3415 1514 suam
3460 1458 3613 1525 ponit

2031 1548 2084 1601 in
2117 1548 2333 1601 homine
2359 1547 2425 1599 ⁸⁵.
2460 1567 2478 1600 ι
2518 1546 2703 1617 Neque
2724 1551 2866 1603 enim
2899 1550 3063 1604 Deum
3095 1552 3265 1619 ipsum
3298 1550 3469 1619 possit
3493 1547 3610 1601 elli-

2032 1654 2173 1707 cere,
2206 1649 2266 1694 ut
2305 1648 2432 1695 ante
2461 1640 2596 1701 dixi,
2636 1641 2686 1693 id
2724 1642 2865 1709 quod
2902 1654 2986 1697 est
3031 1645 3213 1698 Deum,
3239 1653 3476 1712 portare.
3509 1643 3611 1696 De-

2033 1732 2196 1802 nique
2227 1732 2458 1787 doceant
2481 1748 2599 1797 nos,
2637 1731 2765 1801 quid
2792 1734 3043 1801 impediat
3071 1734 3205 1788 alios
3229 1736 3391 1788 etiam
3423 1749 3611 1787 omnes

346 1793 697 1849 consolentur
726 1797 891 1850 corda
940 1798 1205 1869 ipsorum,
1243 1802 1492 1858 instructi
1542 1809 1592 1859 in
1638 1807 1920 1875 charitate,

2036 1827 2163 1881 deos
2194 1840 2327 1881 esse
2359 1835 2411 1879 et
2438 1825 2764 1890 adorandus,
2793 1826 2881 1894 qui
2914 1825 2966 1878 in
2997 1839 3054 1879 se
3087 1824 3373 1879 Itabuerinl
3403 1825 3611 1880 Deum?

345 1882 479 1937 etin
506 1899 694 1940 onmes
717 1888 931 1943 divitias
961 1891 1315 1960 plenitudinis
1340 1896 1666 1963 intellectus,
1699 1902 1753 1956 in
1782 1905 1928 1970 agni-

350 1973 549 2028 tionem
598 1978 841 2046 mysterii
875 1978 970 2034 Dei
1024 1982 1224 2038 Christi
1261 1984 1329 2039 ⁷⁹.
1363 2004 1381 2037 ›
1424 1985 1563 2043 Ecce
1614 1994 1925 2060 mysterium

350 2065 463 2128 Dei,
492 2070 806 2138 mysterium
843 2074 1088 2128 nominat
1108 2074 1329 2142 Chrisﬁ,
1355 2092 1409 2134 et
1441 2080 1600 2147 plene
1630 2081 1927 2154 intelligere

264 2196 276 2205 .
346 2158 605 2225 quosdam
631 2160 747 2214 vult
775 2162 827 2215 in
855 2165 1403 2237 agnitionemgipsins.
1434 2172 1550 2238 Quo
1571 2173 1735 2242 igitur
1766 2174 1926 2230 intel-

350 2247 488 2302 lectu
535 2265 670 2318 opus
703 2260 842 2317 erat,
898 2254 1199 2313 volentibus
1233 2260 1431 2316 Christi
1480 2267 1794 2334 mysterium
1847 2268 1927 2321 di-

348 2353 526 2405 scere,
553 2341 597 2394 si
634 2340 850 2398 fuerant
883 2345 1141 2414 audituri,
1182 2352 1324 2419 quod
1368 2353 1698 2410 inbabitaret
1744 2357 1795 2410 in
1833 2359 1928 2411 bo-

347 2429 492 2484 mine
530 2429 716 2486 Deus?
761 2432 907 2503 Opus
946 2448 1029 2492 est
1071 2448 1250 2497 autem
1303 2445 1471 2499 nimio
1521 2447 1817 2515 intellectu,
1871 2462 1926 2505 ut

343 2518 486 2573 scias
512 2526 699 2576 contra
730 2526 875 2593 quod
917 2522 1177 2596 Ve'rbum,
1226 2547 1351 2587 cum
1407 2536 1477 2589 sit
1527 2537 1686 2603 Deus,
1725 2538 1924 2597 factum

343 2610 411 2666 sit
447 2611 629 2667 homo.

967 2731 1120 2789 CAP.
1162 2735 1302 2791 XXI.
1396 2736 1399 2741 λ

1054 2847 1236 2903 Aliud.

426 2972 445 3003 ι
483 2954 523 3005 Α
556 2955 705 3010 vobis
736 2956 878 3011 enim
913 2959 1089 3013 sonuit
1118 2976 1298 3017 sermo
1328 2964 1562 3033 Dommi,
1601 2986 1707 3027 non
1750 2974 1923 3030 solum

347 3043 400 3097 in
433 3042 744 3102 Macedonia
778 3059 832 3103 et
853 3049 1088 3119 Achaia;
1118 3056 1212 3110 sed
1237 3060 1383 3113 omni
1415 3060 1533 3117 loco
1559 3064 1690 3119 fides
1722 3079 1923 3139 vestra,

346 3151 466 3234 qua:
498 3148 579 3191 est
608 3138 674 3193 ad
716 3140 906 3206 Deum,
932 3145 1098 3199 exivit
1129 3147 1195 3202 ⁸⁸.
1228 3167 1248 3200 ι
1286 3149 1423 3207 Ecce
1452 3155 1645 3211 iterum
1679 3159 1730 3213 in
1762 3161 1926 3219 Deum
1956 3177 1998 3234 α

347 3228 505 3284 tidem
534 3232 729 3287 factam
771 3248 893 3289 esse
924 3252 1331 3309 commemorat,
1358 3260 1478 3299 cum
1498 3248 1661 3304 etiam
1683 3250 1933 3313 Christus

345 3322 519 3378 dicat;
549 3342 568 3376 ι
599 3324 698 3391 Qui
730 3328 907 3382 credit
935 3328 986 3383 in
1014 3346 1119 3398 me,
1144 3332 1307 3389 habet
1330 3335 1493 3391 vitam
1525 3348 1780 3399 aeternam
1806 3347 1874 3404 υ.
1909 3370 1927 3401 ι

348 3415 663 3473 Sermonem
694 3428 875 3476 autem
907 3423 1343 3490 praedicationem
1377 3429 1605 3486 dicitde
1633 3436 1830 3505 seipse.

955 3556 1105 3612 CAP.
1151 3558 1319 3617 XXII.

1047 3672 1228 3752 Aliud.

423 3795 442 3831 ι
480 3780 584 3849 1ρεὶ
638 3782 780 3837 enim
831 3786 983 3842 scitis
1018 3787 1300 3846 introitum
1352 3805 1590 3852 nostrum
1629 3802 1768 3871 apud
1810 3819 1926 3868 vos,

346 3871 599 3940 quoniam
648 3890 755 3929 non
786 3875 964 3935 inanis
1004 3879 1144 3946 fuit;
1185 3884 1279 3938 sed
1310 3895 1437 3940 ante
1475 3889 1638 3943 multa
1683 3893 1848 3962 passi,
1877 3903 1931 3949 et

347 3966 924 4043 contumeliisafl‘ecti,
960 3972 1293 4039 sicutscitis,
1329 3978 1380 4031 in
1417 3978 1703 4049 Philippis,
1736 3985 1924 4040 confisi

349 4053 547 4112 fuimus
574 4059 625 4111 in
659 4060 769 4117 Deo
805 4064 1039 4133 colloqui
1070 4067 1135 4120 ad
1171 4082 1265 4122 vos
1308 4070 1658 4143 Evangelium
1694 4076 1783 4130 Dei
1812 4077 1878 4131 ⁸¹.
1901 4095 1920 4130 ι

345 4144 485 4204 Ecce
523 4149 749 4221 loquens
778 4152 830 4208 in
874 4156 1008 4223 Deo,
1049 4157 1143 4213 Dei
1194 4159 1539 4232 Evangelium
1570 4170 1923 4235 memoravit;

345 4240 435 4311 qui
461 4243 718 4312 praedicat
753 4248 1009 4315 gentibus
1035 4248 1333 4307 Christum.

941 4379 1094 4436 CAP.
1134 4382 1321 4441 XXIII.

914 4506 917 4507 '
1040 4493 1225 4551 Aliud.

425 4621 446 4656 ι
467 4602 864 4671 Recordamini,
885 4607 1101 4677 fratres,
1124 4596 1359 4666 laborem
1383 4623 1625 4668 nostrum
1648 4626 1703 4668 et
1726 4632 1918 4671 rerum-

347 4713 492 4761 uatn,
528 4707 688 4752 nocte
713 4708 767 4751 et
792 4698 876 4752 die
899 4712 1207 4769 operantes,
1242 4720 1307 4757 ne
1329 4720 1486 4774 quem
1520 4714 1758 4761 vestrum
1786 4726 1913 4778 gra-

345 4803 615 4852 varemus;
642 4790 1045 4858 prazdicavimus
1068 4794 1410 4864 Evangelium
1433 4794 1523 4848 Dei
1550 4798 1686 4851 inler
1704 4800 1902 4854 vos”.r

347 4878 413 4934 Et
443 4879 636 4934 iterum
671 4892 684 4927 :
725 4896 742 4929 ι
772 4877 1061 4948 Propterea
1105 4892 1161 4936 et
1193 4898 1293 4937 nos
1324 4883 1525 4951 gratias
1565 4885 1772 4954 agimus
1806 4886 1913 4943 Deo

342 4973 460 5026 sine
510 4970 949 5039 intermissione;
1000 4972 1255 5043 quoniam
1304 4992 1425 5028 cum
1461 4978 1836 5046 percepissctis
1881 4996 1912 5033 a

341 5063 497 5118 nobis
524 5058 766 5128 verbum,
794 5065 979 5141 auditu
1012 5064 1105 5119 Dei
1145 5066 1451 5135 excepistis,
1477 5083 1582 5121 non
1610 5077 1665 5121 ut
1692 5071 1913 5124 verbum

340 5152 638 5220 hominum,
667 5154 760 5209 sed
788 5164 846 5207 ut
871 5155 1091 5209 verbum
1123 5156 1238 5221 Dei,
1268 5156 1355 5224 ιιιιὶ
1380 5154 1633 5226 operatur
1662 5159 1717 5212 in
1738 5161 1912 5226 vobis,

338 5245 428 5313 qui
469 5247 776 5303 credidistis
821 5248 889 5302 ⁸⁵.
927 5267 946 5300 ι
1000 5248 1193 5303 Nonne
1236 5250 1517 5305 evidenter
1564 5251 1912 5321 Evangelium

339 5333 459 5400 Dei,
484 5344 536 5392 et
569 5338 661 5393 Dei
694 5340 919 5396 verbum
950 5340 1387 5410 prredicationem
1424 5342 1491 5396 de
1525 5342 1743 5399 Christe
1764 5358 1913 5398 com-

312 5428 641 5482 ~tnetuorut'.‘l
668 5430 867 5500 quippe
894 5431 945 5486 id
968 5432 1219 5492 ontuibus
1251 5430 1749 5488 manifestissimum
1782 5443 1864 5490 est
1896 5452 1912 5488 :

408 5631 455 5662 ⁷⁷
487 5631 682 5699 Ephcs.
715 5648 794 5699 ιιι,
823 5633 876 5689 5.

341 5701 385 5731 ’·³
422 5699 443 5751 I
472 5700 662 5755 Thess.
698 5719 755 5767 ιι,
784 5704 835 5755 4.

340 5772 383 5800 ⁸⁸
402 5767 577 5828 Galat.
609 5786 646 5839 ι,
674 5774 725 5827 6.

955 5636 999 5666 ⁷⁸
1030 5635 1232 5693 Coloss.
1263 5654 1304 5701 ι,
1328 5638 1415 5694 ‘26.

952 5704 996 5736 “
1053 5707 1178 5762 ibid.
1214 5709 1295 5764 I5.

805 5774 849 5806 ⁸⁹
885 5773 1017 5829 ibid.

1496 5640 1539 5670 ⁷⁸
1574 5639 1778 5694 Coloss.
1807 5655 1867 5700 ιι,
1899 5640 1943 5692 l.

1411 5709 1474 5742 ον
1511 5707 1614 5763 Tit.
1672 5725 1732 5773 ιι,
1802 5711 1886 5765 Il.

1965 5710 2019 5741 ”*
2042 5708 2239 5767 Jerem.
2292 5726 2330 5778 ι,
2374 5711 2428 5765 5.

2031 1917 2197 1971 Deum
2235 1929 2411 1972 autem
2443 1928 2499 1972 et
2532 1934 2782 1989 magnum
2815 1926 2867 1971 et
2901 1917 3141 1981 beatum,
3174 1916 3456 1971 habentem
3489 1919 3612 1972 illu-

2032 2011 2378 2066 minationem
2425 2011 2698 2066 Christum
2737 2011 2977 2064 nominat
3028 2011 3216 2064 beatus
3252 2009 3472 2073 Paulus,
3520 2010 3610 2078 qui

2032 2103 2302 2158 invenitur
2324 2104 2511 2158 dicens
2538 2104 2606 2157 de
2627 2103 2829 2157 .Indzeis
2852 2112 2905 2156 et
2929 2101 3250 2156 Emmanuel
3279 2120 3291 2155 :
3324 2119 3341 2152 ι
3372 2100 3609 2167 Quorum

2031 2205 2233 2264 patres,
2268 2203 2321 2249 et
2353 2203 2755 2258 testamentum,
2791 2203 2844 2247 et
2876 2193 3285 2263 promissiones,
3320 2203 3375 2245 et
3397 2207 3460 2247 ex
3488 2193 3610 2261 qui-

2032 2289 2129 2342 bus
2162 2288 2412 2342 Christus
2452 2287 2750 2342 secundum
2789 2301 3030 2351 carnem,
3063 2285 3154 2350 qui
3188 2294 3269 2339 est
3304 2300 3465 2353 super
3495 2300 3613 2339 om-

2031 2380 2115 2433 nia
2149 2380 2463 2434 benedictus
2495 2392 2546 2431 ιιι
2577 2377 2772 2431 saecula
2809 2376 3154 2430 surculorum.
3192 2377 3366 2429 Amen
3409 2375 3476 2428 “.
3516 2395 3534 2427 ι

2098 2470 2249 2537 Quod
2299 2485 2431 2526 vero
2464 2470 2759 2525 secundum
2814 2469 3048 2521 divinam
3102 2468 3485 2521 revelationent
3529 2468 3607 2519 fa-

2028 2564 2202 2618 ciebat
2236 2562 2700 2631 przedicationem,
2729 2560 3067 2630 perspicuum
3099 2559 3179 2621 fit,
3214 2559 3327 2626 ipso
3355 2557 3567 2612 dicente
3595 2576 3607 2611 ς

2035 2671 2055 2704 ‹
2099 2652 2302 2707 Deinde
2345 2661 2465 2723 post
2497 2666 2669 2705 annos
2700 2649 3110 2721 quatuordecim
3150 2649 3341 2702 iterum
3392 2650 3608 2703 ascendi

2031 2743 2457 2816 Ilierosolymam
2490 2758 2611 2797 cum
2649 2742 2922 2805 Barnaba,
2947 2747 3229 2810 assumpto
3267 2739 3429 2793 etiam
3464 2737 3608 2793 Tito.

2027 2836 2256 2891 Ascendi
2301 2845 2478 2889 autem
2523 2836 2817 2891 secundum
2860 2832 3268 2895 revelationem,
3300 2840 3355 2885 et
3386 2830 3607 2897 exposui

2028 2926 2109 2983 eis
2150 2925 2527 2997 Evangelium,
2570 2926 2712 2994 quod
2757 2924 2994 2993 praedico
3027 2922 3316 2993 gentibus;
3368 2935 3608 2975 seorsum

2030 3030 2208 3076 autem
2264 3019 2327 3074 iis
2373 3020 2467 3088 qui
2512 3018 2840 3072 videbantur
2865 3016 3066 3085 aliquid
3104 3030 3245 3078 esse,
3283 3030 3351 3066 ne
3391 3015 3530 3068 forte
3559 3015 3608 3068 in

2030 3125 2256 3166 vacuum
2277 3124 2579 3174 currerem,
2607 3117 2698 3163 aut
2721 3109 3082 3163 cucurrissent
3115 3107 3183 3161 ι’.
3222 3128 3239 3160 ι
3265 3106 3425 3177 793
3451 3106 3610 3186 Chri-

2033 3214 2176 3258 stum
2200 3203 2505 3273 praedicans
2534 3201 2804 3274 gentibus,
2838 3212 2897 3255 ut
2932 3201 3123 3264 Deum,
3159 3199 3399 3255 divinum
3434 3201 3609 3254 nomi-

2032 3306 2127 3351 nat
2157 3296 2324 3364 ipsius
2362 3295 2559 3364 ubique
2597 3294 2935 3366 mysterium.
2980 3293 3237 3347 Ascendit
3274 3307 3369 3362 per
3404 3292 3612 3347 revela-

2036 3390 2233 3443 tionem
2285 3386 2737 3457 Hierosolymam,
2782 3394 2836 3441 et
2884 3386 3136 3455 exposuit
3181 3384 3267 3439 his
3309 3384 3402 3455 qui
3462 3385 3611 3438 vide~

2033 3478 2232 3531 bantur
2260 3477 2460 3547 aliquid
2506 3491 2647 3539 esse,
2689 3475 2737 3528 id
2768 3484 2872 3540 est,
2923 3475 3129 3530 sanctis
3174 3475 3455 3544 apostolis,
3500 3474 3611 3528 sive

2034 3568 2333 3637 discipulis,
2368 3584 2436 3622 ne
2471 3569 2609 3622 forte
2641 3567 2693 3620 in
2727 3582 2952 3620 vacuum
2992 3575 3197 3620 currat.
3226 3566 3361 3620 Cum
3390 3582 3516 3619 vero
3543 3565 3610 3617 ab

2034 3655 2424 3725 Hierosolymis
2456 3656 2847 3718 descendisset,
2880 3662 2934 3707 et
2980 3669 3168 3707 rursus
3212 3654 3451 3721 gentium
3484 3671 3608 3721 gre-

2033 3748 2188 3813 gibus
2216 3745 2573 3810 interfuisset,
2597 3743 2977 3798 emendavitne
2999 3742 3199 3811 aliquid
3220 3758 3282 3795 ex
3308 3741 3611 3809 prioribus?

2029 3839 2219 3896 Nonne
2256 3836 2622 3908 perseveravit
2668 3835 2836 3887 Deum
2877 3834 3141 3888 confitens
3166 3831 3438 3886 Christum
3459 3831 3485 3884 τ
3513 3831 3607 3884 At-

2029 3950 2135 4005 que
2160 3933 2281 3988 ideo
2316 3930 2505 3986 scribit
2530 3926 2851 3998 quibusdam
2897 3945 2910 3980 :
2947 3944 2966 3979 ι
3004 3926 3169 3979 Miror
3206 3925 3347 3994 quod
3383 3926 3461 3980 sic
3499 3926 3606 3978 cito

2031 4022 2421 4079 transferimini
2454 4020 2520 4075 ab
2547 4034 2632 4085 eo,
2662 4020 2751 4087 qui
2796 4032 2891 4073 vos
2926 4018 3137 4071 vocavit
3171 4018 3220 4070 in
3254 4017 3395 4070 aliud
3441 4032 3607 4069 cvan-

2028 4098 2247 4189 gelium,
2283 4113 2427 4185 quod
2460 4127 2564 4167 non
2590 4120 2671 4166 est
2700 4109 2864 4175 aliud,
2893 4109 2995 4165 nisi
3031 4110 3193 4179 aliqui
3234 4118 3358 4164 Sunt
3386 4119 3607 4162 contur-

2027 4210 2217 4265 bantes
2243 4223 2339 4261 vos
2368 4213 2421 4261 et
2446 4205 2688 4261 volentes
2723 4213 3041 4260 convertere
3074 4200 3420 4270 Evangelium
3449 4199 3605 4253 Chri-

2025 4303 2093 4358 sti
2129 4301 2198 4352 ⁸⁸.
2235 4318 2254 4351 ι
2298 4298 2388 4353 Ait
2433 4306 2611 4352 autem
2663 4295 2856 4350 iterum
2907 4311 2919 4345 :
2972 4313 2990 4344 ‹
3035 4292 3138 4347 Sed
3194 4294 3293 4347 etsi
3358 4310 3454 4347 nos
3513 4302 3606 4343 aut

2026 4393 2248 4464 angelus
2296 4393 2365 4446 de
2412 4389 2550 4444 coelo
2598 4386 3053 4459 evangelizaverit
3090 4386 3257 4444 vobis.
3314 4395 3507 4454 prater
3552 4384 3603 4436 id

1956 4518 2000 4573 Ι)
2029 4486 2170 4555 quod
2215 4482 2521 4551 accepistis,
2567 4479 2849 4533 anathema
2881 4478 2950 4533 sit
2980 4476 3049 4532 δ’.
3103 4498 3121 4531 ι
3160 4477 3399 4545 Proqua
3443 4474 3604 4541 igitur

2026 4593 2186 4633 causa
2231 4577 2365 4630 alios
2399 4589 2588 4628 omnes
2621 4574 2899 4638 omittens,
2935 4571 3061 4625 licet
3093 4571 3259 4625 Deum
3293 4569 3601 4623 inhabitan-

2026 4681 2134 4724 tcm
2159 4667 2467 4732 habuerint,
2491 4665 2663 4720 solum
2686 4661 3214 4734 przedicabatlesum
3243 4662 3383 4716 sicut
3411 4660 3598 4713 Deum.

2620 4819 2768 4875 (ΖΛΓ.
2812 4818 3015 4874 XXIV-

2716 4934 2894 4989 Aliud.

2094 5069 2364 5139 Scriptum
2395 5078 2480 5125 est
2508 5071 2574 5124 de
2622 5069 2837 5124 Christo
2876 5086 2889 5122 :
2938 5087 2954 5119 ι
2987 5068 3117 5122 Cum
3154 5078 3329 5121 autem
3367 5076 3509 5121 esset
3543 5067 3595 5120 in

2025 5159 2411 5232 Hierosolymis
2437 5161 2489 5214 in
2530 5163 2614 5216 die
2652 5160 2998 5226 festo,.multi
3038 5159 3383 5213 crediderunt
3416 5158 3465 5212 in
3501 5174 3596 5210 no-

2025 5252 2169 5306 mine
2193 5253 2311 5322 ejus
2344 5254 2587 5307 videntes
2621 5254 2773 5322 signa
2802 5267 2923 5321 quae
2968 5249 3233 5315 faciebat;
3268 5250 3381 5320 ipse
3412 5261 3591 5303 autem

2019 5341 2175 5397 Jesus
2198 5360 2300 5398 non
2322 5343 2576 5398 credebat
2599 5358 2658 5398 se
2685 5343 2825 5410 illis;
2851 5344 2988 5412 quod
3014 5342 3128 5412 ipse
3153 5344 3363 5399 sciebat
3380 5356 3590 5402 omnes.

2021 5443 2075 5490 et
2102 5433 2243 5505 quod
2269 5450 2383 5490 non
2400 5450 2620 5490 necesse
2645 5435 2897 5501 habebat,
2929 5444 2987 5490 ut
3006 5434 3200 5507 aliquis
3222 5434 3586 5491 testimonium

2024 5640 2068 5670 ⁸ο
2101 5639 2119 5693 ι
2148 5639 2340 5695 Thess.
2371 5656 2407 5702 ι,
2434 5639 2485 5694 8.
2564 5639 2606 5670 ⁸¹
2637 5637 2794 5693 Joan.
2824 5653 2917 5703 vn,
2938 5636 3027 5693 25.
3104 5637 3149 5669 ⁸⁸
3185 5635 3416 5690 IThess.
3445 5648 3505 5700 ιι,
3530 5633 3591 5687 2.

2507 5710 2551 5742 ⁸⁵
2588 5708 2743 5765 Rom.
2796 5723 2867 5776 tv,
2929 5708 2982 5763 9.
3115 5707 3159 5739 ⁸⁷
3189 5704 3361 5795 ϐειιιιι.
3409 5719 3471 5769 ιι,
3536 5703 3583 5759 1.,
