4016 6202
397 327 536 384 1395

1417 325 1474 380 S.
1514 324 1790 380 CYHILLI
1834 322 2298 378 ALEXANDRI'NI
2337 321 2654 377 ARCHIEP.

3504 325 3649 380 1596

396 441 703 510 perhiberet
735 439 801 492 de
830 440 1088 495 homine:
1134 442 1246 510 ipse
1285 440 1426 495 enim
1461 440 1665 494 sciebat
1689 440 1817 508 quid
1847 450 1966 493 erat
1992 441 2040 500 Α
2067 453 2188 492 esse
2239 437 2383 500 talia,
2420 438 2472 489 in
2529 437 2724 504 quibus
2795 437 3057 491 habitavit
3105 436 3244 492 Deus
3291 442 3668 510 omnipotens.

397 535 449 586 in
482 533 698 586 homine
737 531 828 586 ⁸⁹·.
865 549 884 584 ι
907 532 963 586 Si
1009 533 1169 586 homo
1198 543 1343 586 esset
1384 533 1660 604 θεοφόρος,
1705 533 1972 601 quotuodo

396 635 502 678 non
530 623 738 691 decepti
771 631 896 676 sunt
933 621 1108 686 multi,
1144 623 1233 690 qui
1274 623 1663 695 Hierosolymis
1692 626 1744 676 in
1777 637 1970 678 nomen

394 717 512 784 cjtts
551 714 934 770 crediderunt?
1009 713 1100 767 Vel
1143 728 1310 783 quare
1357 715 1502 770 solus
1542 716 1812 785 cognoscit
1856 730 1975 783 qum

394 809 522 858 sunt
558 805 608 857 lu
646 804 892 866 homine,
927 815 1050 858 cum
1097 805 1395 874 prwsertim
1433 819 1592 858 nemo
1625 806 1764 858 alius
1802 805 1976 859 sciat?

395 894 647 949 Finxisse
667 893 809 946 enim
832 892 1034 948 dicitur
1059 895 1198 947 Deus
1221 894 1382 948 corda
1408 904 1588 948 nostra
1611 893 1884 964 sigillatim
1903 894 1970 946 ".

401 984 494 1036 Vel
525 997 692 1051 qure
719 983 866 1037 solus
903 983 1132 1038 remittit
1167 986 1429 1054 peccata?
1453 985 1544 1038 Ait
1569 986 1712 1038 enim
1739 1001 1754 1038 :
1790 1005 1808 1036 ‹
1838 983 1972 1050 Quia

397 1084 713 1144 potestatem
734 1075 896 1129 habet
914 1073 1081 1129 Filius
1105 1077 1155 1128 in
1177 1084 1322 1130 terra
1341 1078 1616 1130 remittere
1635 1087 1852 1144 peccata
1869 1077 1936 1132 “.
1951 1097 1969 1129 ι

397 1169 579 1233 Quare
617 1168 762 1222 solus
797 1178 990 1236 prteter
1021 1167 1155 1221 alios
1199 1184 1446 1222 assessor
1475 1171 1626 1223 sedet
1662 1170 1757 1224 Dei
1781 1180 1835 1222 et
1869 1168 1972 1223 Pa-

397 1260 543 1314 tris?
576 1259 754 1326 Quare
789 1260 886 1313 soli
911 1260 1285 1328 obsequuntur
1319 1261 1534 1327 angeli?
1566 1262 1673 1316 Cur
1719 1277 1816 1316 nos
1855 1263 1977 1327 qui~

400 1351 519 1404 dent
567 1351 749 1405 docuit
791 1365 1132 1404 communem
1167 1360 1358 1420 putare
1393 1352 1630 1414 Patrem,
1675 1353 1764 1421 qui
1797 1363 1881 1406 est
1918 1353 1973 1407 in

399 1444 586 1506 malls;
615 1443 718 1497 sibi
752 1452 930 1497 autem
961 1459 1082 1498 eum
1111 1427 1422 1512 specialiter
1453 1445 1766 1500 scribebat?

470 1533 575 1588 Sed
610 1535 745 1587 forte
775 1534 924 1588 dices
951 1534 1092 1603 quod
1123 1533 1428 1601 huiusmodi
1460 1549 1620 1588 voces
1658 1535 1976 1588 inhabitauti

403 1625 578 1678 Verbo
611 1625 929 1692 deputanda:
953 1624 1080 1678 sint.
1109 1621 1297 1677 Nonne
1324 1625 1490 1693 igitur
1523 1638 1643 1678 cum
1673 1625 1974 1692 Oportebat,

393 1717 544 1781 juxta
575 1715 851 1785 prophetis
876 1715 1283 1768 convenientem
1308 1715 1828 1781 mensuram,ipsuut
1845 1729 1975 1781 quo-

2145 530 2373 599 Scripsit
2400 540 2580 583 autem
2614 528 2808 583 alicubi
2829 529 2991 582 etiam
3019 528 3235 584 divinus
3262 529 3458 586 Paulus
3487 552 3501 587 :
3537 555 3557 586 ι
3585 535 3672 591 Ir—

2077 619 2231 676 l‘ilttltt
2280 623 2486 676 faciens
2503 621 2641 689 quis
2677 620 2846 690 legem
2879 619 3103 689 Muysis,
3127 620 3246 676 sine
3275 623 3384 677 ulla
3428 628 3672 682 misera-

2076 713 2221 768 tione
2265 714 2474 769 duobns
2523 723 2615 766 aut
2653 712 2826 768 tribus
2863 713 3091 768 testibus
3141 714 3390 782 moritur,
3454 727 3673 786 quanto

2076 807 2248 875 magis
2277 807 2478 876 putatis
2497 806 2769 860 deteriora
2801 805 2997 860 mereri
3019 805 3302 874 supplicis,
3333 809 3425 875 qui
3459 809 3666 866 Filium

2078 899 2173 954 Dei
2201 897 2624 959 conculcaverit,
2652 906 2706 949 et
2728 896 3046 966 sanguinem
3070 901 3376 953 testamenti
3394 901 3664 968 pollutum

2075 991 2286 1048 duxerit
2312 990 2401 1043 "2
2430 1009 2446 1040 ι
2474 989 2635 1057 Atqui
2661 989 2839 1042 divina
2863 995 2984 1042 erat
3006 988 3115 1055 lex,
3147 999 3203 1044 et
3231 993 3485 1046 mandata
3513 996 3664 1050 dicta

2071 1097 2171 1152 per
2203 1082 2444 1150 angelos.
2494 1079 2776 1145 Quomodo
2809 1080 2971 1149 igitur
3000 1081 3195 1150 dignus
3237 1085 3343 1137 erit
3386 1085 3665 1142 deteriore

2075 1171 2361 1239 supplicio,
2400 1169 2493 1238 qui
2517 1168 2776 1237 pollutum
2803 1169 3020 1223 duxerit
3053 1171 3371 1240 sanguinein
3412 1169 3702 1230 Christi?"

2077 1264 2170 1315 Vel
2196 1261 2465 1331 quomodo
2488 1260 2663 1328 potior
2683 1269 2766 1313 est
2797 1260 3077 1329 religione,
3105 1277 3228 1330 quae
3251 1274 3334 1317 est
3361 1269 3663 1321 secumluut

2076 1354 2269 1420 legem,
2297 1351 2431 1405 tides
2454 1351 2504 1403 in
2533 1349 2851 1403 Christum?
2875 1350 3004 1415 Sed,
3034 1359 3092 1403 ut
3113 1353 3223 1418 jam
3252 1363 3376 1406 ante
3402 1355 3663 1421 diximus,

2076 1445 2324 1500 Christtts
2349 1459 2452 1496 nou
2491 1442 2685 1497 similis
2717 1443 2944 1496 aliorum
2980 1455 3318 1512 sanctorum,
3350 1449 3510 1502 homo
3543 1451 3665 1502 Oeo-

2078 1535 2264 1606 φόρος,
2291 1537 2383 1589 sed
2427 1532 2568 1587 Deus
2595 1533 2764 1603 magis
2789 1548 2935 1597 vere,
2965 1525 3028 1588 cf
3048 1537 3194 1589 omni
3236 1537 3434 1592 mundo
3467 1541 3663 1593 celsio-

2080 1637 2192 1681 rem
2223 1625 2462 1695 possidet
2483 1624 2729 1692 gloriam,
2763 1625 2902 1694 quod
2926 1637 3047 1680 cotn
3077 1625 3220 1680 Deus
3245 1627 3316 1681 sit
3345 1635 3534 1682 natura
3567 1625 3662 1684 Dei

2085 1717 2340 1778 Verbum,
2392 1715 2568 1770 factus
2610 1723 2695 1769 est
2743 1731 2892 1779 caro,
2956 1715 3069 1770 sive
3123 1719 3283 1772 homo
3330 1715 3605 1786 perfectus
3647 1740 3662 1774 :

401 1823 505 1877 que
535 1808 753 1861 dicere:
791 1824 811 1857 ι
844 1806 967 1859 Haec
993 1805 1125 1858 dicit
1148 1804 1442 1870 Dominus?
1475 1825 1492 1855 ι
1534 1803 1729 1858 Verum
1766 1820 1884 1855 cum
1917 1817 1977 1858 ea
2015 1791 2056 1845 Β
2087 1809 2382 1862 animatum
2414 1809 2558 1861 enim
2584 1815 2638 1861 et
2671 1807 2992 1862 rationabile
3021 1817 3163 1872 esse,
3197 1807 3340 1878 quod
3367 1811 3662 1864 adunatum

403 1913 520 1967 qum
536 1913 694 1967 supra
716 1899 886 1968 legem
909 1898 1124 1950 sancire
1143 1898 1322 1959 νυιιι-ι,
1351 1913 1633 1951 assumens
1659 1897 1760 1951 sibi
1782 1911 1980 1950 conve-

402 1993 637 2045 nientem
663 1990 954 2059 legislatori
985 1991 1386 2054 auctoritatem,
1415 1989 1592 2043 aiebat
1629 2007 1642 2042 :
1681 2007 1699 2039 ι
1728 1989 1837 2056 Ego
1862 1990 1982 2042 dico

407 2083 558 2138 vobis
585 2085 632 2114 ⁹¹
659 2086 680 2152 (
692 2083 755 2150 l).
801 2100 820 2134 ι

475 2171 754 2237 Quomodo
785 2170 1016 2225 liberum
1052 2187 1112 2224 se
1147 2172 1240 2232 ait,
1273 2179 1326 2223 et
1361 2185 1463 2222 non
1504 2170 1793 2222 obnoxium
1834 2168 1983 2221 Deo?

404 2265 528 2318 Ideo
547 2265 672 2333 quia
705 2274 788 2318 est
836 2264 1001 2318 Filius
1032 2265 1085 2318 in
1137 2264 1362 2317 veritate
1385 2264 1410 2315 ?
1446 2263 1510 2315 Et
1557 2263 1600 2314 si
1637 2271 1781 2315 εδει-ι
1823 2263 1982 2313 homo

405 2354 679 2425 Θεοφόρος,
715 2363 930 2409 essetne
976 2355 1140 2408 etiam
1184 2354 1319 2407 liber
1347 2352 1642 2405 secundum
1693 2348 1981 2405 naturam?

409 2449 576 2516 Hujus
617 2447 760 2500 enim
795 2445 935 2500 Deus
983 2446 1137 2509 liber,
1183 2456 1346 2513 atque
1387 2443 1599 2497 solutus
1642 2453 1726 2496 est
1774 2462 1788 2497 :
1837 2442 1983 2498 solus

405 2541 546 2592 ιἸΙῙΙΙ]
569 2540 720 2606 quasi
759 2538 958 2591 tributa
983 2538 1222 2590 omnium
1246 2536 1446 2604 exigit;
1479 2545 1532 2589 et
1579 2551 1842 2603 tanquam
1868 2535 1985 2588 loco
2052 2547 2056 2552 ‘

405 2633 706 2688 debitorum
725 2633 792 2686 ab
811 2629 1062 2685 omnibus
1085 2629 1278 2697 recipit
1303 2628 1638 2706 religionem.
1675 2627 1781 2682 Etsi
1811 2628 1986 2680 exitus

409 2725 540 2791 legis
571 2737 623 2776 et
651 2724 1033 2791 prophetarum
1069 2720 1318 2774 Christus
1353 2729 1458 2786 est,
1491 2731 1576 2774 est
1613 2733 1791 2774 autem
1828 2721 1987 2772 homo

408 2815 701 2884 Ceorpdpog;
729 2829 905 2868 nonne
936 2815 1118 2870 (littere
1161 2815 1343 2875 liceat,
1378 2813 1519 2882 quod
1551 2813 1984 2882 proplteticarum

408 2909 845 2976 ptulicationutu
873 2909 1052 2964 exitus
1085 2905 1564 2979 ἀνθρωπολατρὶας
1595 2905 1750 2959 nobis
1780 2905 1984 2959 crimen

410 3001 720 3054 induxerit?

482 3090 686 3142 Deinde
715 3089 797 3142 lex
823 3089 1036 3156 quidem
1072 3089 1399 3154 praedicabat
1421 3108 1434 3142 :
1459 3109 1478 3140 ε
1507 3090 1788 3142 Dominum
1820 3089 1984 3143 Deum

412 3189 560 3235 tuum
586 3181 858 3240 adorabis,
894 3189 947 3232 et
975 3179 1047 3231 illi
1077 3179 1174 3232 soli
1204 3181 1408 3234 servies
1433 3181 1500 3233 νδ.
1533 3201 1550 3232 ι
1585 3182 1698 3247 Qua
1729 3197 1825 3234 nos
1863 3196 1988 3234 eru-

410 3270 613 3322 ditione
645 3269 892 3335 perduxit
925 3269 991 3321 ad
1035 3269 1334 3333 Christum,
1370 3272 1520 3336 quasi
1555 3271 1620 3324 ad
1662 3271 1988 3340 agnitionem

413 3359 518 3411 illis
564 3359 652 3427 qui
685 3359 737 3411 in
769 3359 977 3412 umbris
998 3359 1213 3412 fuerant
1269 3361 1530 3428 patiorem
1559 3381 1574 3414 :
1606 3371 1990 3428 spernentesne

413 3451 576 3518 igitur
602 3452 763 3503 Deum
796 3452 931 3521 legis
959 3459 1014 3504 et
1045 3453 1427 3520 prophetarum
1460 3454 1704 3514 adorare,
1738 3452 1989 3505 adorabi-

415 3558 532 3594 tnus
565 3542 837 3596 hominem
887 3542 1169 3597 habentem
1215 3544 1380 3597 Deum
1415 3544 1841 3598 inhabitantem?
1890 3543 1988 3599 Ubi

411 3633 554 3684 enim
587 3633 944 3697 prmstahilius
973 3643 1092 3685 erat
1133 3635 1296 3686 Deum
1337 3634 1603 3702 intelligi?
1639 3633 1696 3686 in
1727 3633 1886 3693 ('uiln,
1921 3647 1988 3688 an

414 3721 466 3773 iu
498 3723 680 3775 terra?
703 3723 754 3775 lu
789 3724 1095 3792 Seraphim.
1125 3740 1192 3777 au
1227 3727 1277 3778 in
1310 3735 1531 3780 terreno
1555 3728 1828 3793 corpore?

486 3814 540 3867 Si
569 3826 690 3867 erat
730 3816 891 3868 homo
930 3817 1206 3888 Θεοφόρος,
1247 3819 1517 3885 quomodo
1551 3838 1568 3867 ι
1603 3823 1988 3886 propemodum

414 3920 478 3958 ac
521 3922 616 3957 nos
661 3907 999 3975 participavit
1027 3911 1178 3960 carni
1221 3921 1282 3961 ac
1312 3910 1560 3977 sanguini
1591 3908 1683 3960 ’i?
1722 3930 1740 3961 ι
1785 3909 1912 3963 Nam
1943 3912 1989 3963 si

411 3997 540 4060 quia
574 3996 714 4050 Deus
746 3997 1086 4063 inhabitavit,
1122 4000 1221 4052 hoc
1248 3999 1296 4052 ei
1329 4000 1542 4063 sullicit,
1575 4010 1632 4052 ut
1655 4001 1907 4054 similiter
1930 4019 1992 4056 ac

415 4101 519 4141 nos
536 4088 886 4158 participaret
923 4089 1072 4144 carui
1109 4097 1163 4143 et
1201 4091 1486 4158 sanguini;
1527 4101 1579 4145 et
1610 4092 1680 4144 ita
1713 4092 1796 4144 bis
1825 4093 1992 4160 parti-

412 4180 596 4246 cipare
622 4181 672 4232 id
706 4182 882 4249 ipsum
909 4191 1013 4244 est,
1033 4183 1173 4248 quod
1205 4183 1480 4236 hominem
1515 4183 1886 4240 factumesse:
1910 4187 1991 4238 in-

416 4271 678 4325 habitavit
715 4283 894 4327 autem
929 4285 983 4328 et
1027 4274 1078 4326 in
1121 4274 1302 4327 multis
1347 4276 1585 4341 sanctis;
1627 4276 1788 4330 homo
1829 4277 1994 4346 igitur

418 4378 525 4417 non
575 4366 764 4432 semel,
799 4367 894 4421 sed
939 4366 1237 4434 sepissime
1281 4367 1456 4422 factus
1491 4377 1593 4422 est.
1645 4357 1824 4434 Quare
1865 4383 1994 4438 ergo

2086 1911 2169 1954 est
2197 1901 2268 1962 ei,
2311 1897 2475 1970 794
2506 1899 2774 1953 credimus
2808 1907 3026 1968 corpus,
3070 1907 3126 1954 ct
3172 1913 3296 1954 vera
3326 1899 3544 1955 omnino
3583 1912 3667 1955 est

2087 1990 2359 2041 adunano.

2697 2167 2846 2222 CAP.
2887 2161 3053 2221 XXV.

2093 2283 2362 2349 Quomodo
2392 2293 2626 2350 oporteat
2656 2283 2981 2348 intelligere:
3007 2301 3024 2334 t
3055 2279 3280 2335 Verbum
3308 2299 3431 2335 raro
3463 2284 3670 2352 factum

2159 2365 2254 2415 est,
2288 2367 2334 2406 et
2367 2355 2622 2406 habitavit
2660 2353 2714 2406 in
2745 2354 2931 2418 nobis;
2968 2371 2987 2404 ι
3021 2363 3070 2406 et
3103 2356 3360 2422 quomodo
3387 2356 3670 2421 proprium

2161 2425 2322 2493 ipsius
2353 2425 2564 2477 dicatur
2585 2440 2792 2491 corpus.

2163 2537 2358 2591 Semen
2392 2535 2622 2589 Abrahae
2655 2533 3077 2604 apprehendisse
3107 2527 3334 2586 Verbum
3352 2529 3443 2585 Dei
3467 2532 3664 2601 unige-

2095 2629 2285 2690 nitum,
2334 2628 2524 2681 beatus
2591 2624 2787 2679 Paulus
2837 2633 3220 2679 commemorat
3266 2623 3346 2688 ";
3399 2633 3496 2676 nec
3551 2637 3670 2674 non

2092 2721 2277 2784 etiam,
2310 2721 2451 2787 quod
2487 2719 2873 2787 propemodum
2908 2731 2970 2771 ac
3002 2731 3099 2770 nos
3137 2716 3475 2784 participavit
3513 2715 3673 2770 carui

2093 2821 2147 2863 et
2191 2811 2438 2878 sanguini
2471 2811 2540 2864 ⁸⁸.
2588 2810 2852 2864 Menmres
2883 2820 3062 2862 autem
3097 2823 3281 2862 sumus
3304 2808 3468 2861 etiam
3501 2805 3676 2860 Joan-

2095 2900 2210 2964 nis;
2247 2901 2321 2954 ait
2349 2891 2492 2953 enim
2522 2919 2536 2954 :
2572 2918 2590 2950 ι
2627 2900 2859 2953 Verbum
2888 2914 3016 2952 caro
3043 2899 3242 2951 factum
3276 2907 3379 2960 est,
3421 2907 3478 2952 et
3519 2896 3676 2952 habi—

2097 2990 2226 3042 tavit
2257 2991 2306 3042 in
2345 2989 2500 3044 nobis
2517 2987 2588 3044 ⁸⁸.
2622 3008 2639 3039 ι
2675 2989 2801 3044 ld'ue
2829 2988 2991 3059 igitur
3027 2987 3126 3042 fuit
3169 2990 3504 3057 propositum
3539 2989 3675 3040 viris

2095 3079 2450 3148 spiritalibus,
2484 3079 2699 3144 docere,
2739 3081 2877 3148 qttod
2910 3073 3002 3134 Dei
3033 3071 3271 3133 Verbum
3299 3075 3675 3133 conversionis

2092 3171 2162 3223 sit
2196 3171 2444 3238 patiens;
2478 3182 2570 3224 aut
2599 3173 2738 3240 quod
2770 3173 2942 3240 ipsum
2965 3171 3052 3226 fas
3079 3171 3671 3230 sileominutatiouem.

2087 3275 2211 3331 quae
2249 3264 2422 3330 magis
2456 3269 2718 3317 creatura:
2749 3261 3054 3326 conveniat,
3091 3261 3404 3317 suatinere:
3450 3261 3582 3315 adeo
3616 3270 3676 3314 ut

2093 3355 2142 3406 id
2176 3349 2319 3421 quod
2373 3369 2478 3407 non
2513 3361 2651 3416 erat,
2695 3347 2922 3406 forsltau
2958 3351 3012 3405 in
3060 3351 3112 3404 id
3155 3361 3251 3403 sua
3290 3355 3482 3419 Sponte
3508 3345 3673 3400 devc-

2093 3445 2234 3509 niat;
2287 3452 2382 3497 aut
2424 3443 2562 3496 alius
2595 3453 2783 3496 contra
2829 3441 2995 3511 ipsius
3029 3440 3365 3494 voluntatem
3401 3437 3468 3490 ad
3510 3433 3671 3490 aliam

2093 3550 2338 3591 naturam
2385 3536 2727 3604 itnpellatur?
2765 3536 2930 3591 absit.
2962 3533 3143 3588 Manet
3183 3548 3416 3600 namque
3441 3531 3600 3590 idem,
3639 3545 3670 3580 a

2092 3647 2188 3686 sua
2223 3642 2411 3685 natura
2436 3631 2917 3684 commutationem
2945 3642 3160 3681 omnem
3187 3625 3500 3686 excludeus,
3538 3639 3670 3676 cou-

2097 3725 2359 3778 versionis
2381 3724 2626 3776 umbram
2659 3723 2904 3776 nesciens
2927 3722 3034 3790 pati
3060 3739 3074 3773 :
3109 3720 3212 3774 lixa
3243 3728 3327 3774 est
3355 3717 3498 3770 enim
3527 3731 3673 3769 sent-

2089 3823 2186 3882 per
2213 3815 2265 3865 in
2292 3815 2406 3865 suis
2435 3827 2667 3880 superna
2702 3809 2787 3865 illa
2817 3809 3162 3876 caelestisque
3193 3815 3400 3862 natura.

2162 3904 2442 3969 Quomodo
2492 3905 2654 3971 igitur
2694 3904 2928 3956 Vcrlmm
2957 3913 3084 3955 Caro
3133 3899 3333 3954 factum
3359 3891 3451 3962 slt,
3483 3895 3674 3950 videre

2094 4009 2313 4050 necesse
2336 4006 2437 4050 est.
2465 3995 2699 4050 Primum
2721 3995 2936 4064 quidem
2955 3993 3131 4046 divina
3150 3991 3434 4058 Scriptura
3452 3997 3672 4042 carnem

2094 4085 2409 4156 plerumque
2433 4087 2673 4140 nominat
2701 4086 2994 4150 hominem,
3022 4091 3077 4137 et
3107 4083 3259 4152 quasi
3281 4093 3345 4137 ex
3381 4091 3534 4149 parte
3557 4080 3673 4133 ani-

2095 4179 2250 4235 malis
2283 4183 2450 4235 totius
2481 4179 2931 4249 signillt-ationent
2970 4178 3120 4240 facit,
3163 4191 3264 4230 nec
3305 4189 3412 4228 non
3444 4175 3605 4228 etiam
3640 4191 3669 4224 a

2095 4274 2206 4327 sola
2237 4275 2412 4326 anima
2437 4274 2706 4326 interdum
2749 4271 3082 4326 tantumdem
3121 4272 3262 4338 agit;
3293 4269 3548 4336 scriptum
3578 4277 3669 4318 est

2095 4365 2238 4417 enim
2263 4365 2402 4428 quod
2435 4381 2453 4413 ι
2491 4363 2701 4416 Videbit
2737 4363 2918 4418 omnis
2945 4375 3075 4416 caro
3102 4361 3342 4414 salutare
3367 4359 3452 4413 Dei
3479 4358 3517 4409 ⁸.
3552 4375 3572 4407 ι
3596 4357 3668 4409 Et

423 4473 441 4505 ι
475 4455 640 4510 semel
665 4457 715 4508 iu
747 4458 1212 4511 consummatione
1237 4458 1578 4523 saeculorum,
1605 4461 1652 4512 in
1679 4460 1994 4514 destructio-
2026 4491 2070 4542 υ
2099 4458 2214 4526 ipse
2240 4455 2452 4509 divinus
2491 4454 2728 4508 Paulus:
2772 4473 2790 4506 ι
2828 4453 2942 4507 Non
2973 4453 3243 4519 consensi,
3286 4449 3473 4521 inquit,
3515 4448 3669 4502 carni

417 4559 540 4599 netu
561 4547 786 4614 peccati,
801 4561 900 4615 per
917 4547 1146 4602 hostiam
1170 4563 1321 4601 suam
1340 4548 1538 4602 dicitur
1553 4549 1864 4617 apparuisse
1886 4552 1986 4604 ’5?»

419 4638 698 4702 Quomodo
737 4650 916 4692 autem
949 4655 1112 4692 unum
1150 4640 1302 4694 nobis
1345 4639 1506 4693 Verbi
1541 4642 1826 4696 adventum
1855 4657 1988 4708 pra:-

415 4730 600 4784 dicaut
624 4731 818 4786 divinae
851 4731 1165 4800 Scripturte,
1193 4733 1236 4785 si
1269 4732 1525 4803 Θεοφὸρος
1561 4743 1678 4787 erat
1705 4735 1904 4788 homo?
1929 4734 1984 4789 Si

419 4821 671 4891 templum
701 4833 754 4876 et
782 4824 896 4892 ipse
923 4823 1095 4876 factus
1121 4835 1202 4877 est
1229 4817 1344 4889 Dei,
1386 4825 1652 4892 quomodo
1674 4837 1726 4880 et
1757 4827 1807 4878 iu
1837 4827 1988 4880 nobis

416 4915 578 4968 etiam
627 4914 877 4970 Christus
909 4915 1036 4969 est?
1084 4916 1302 4970 Sicutne
1350 4917 1604 4986 templum
1649 4917 1701 4970 in
1743 4920 1990 4987 templis?

417 5008 497 5059 An
527 5015 584 5059 ut
614 5005 755 5060 Deus
785 5007 956 5078 magis
981 5008 1032 5060 in
1061 5007 1273 5075 templis
1301 5023 1395 5076 per
1425 5007 1731 5076 Spiritum?
1770 5009 1825 5063 Si
1867 5009 1986 5063 Oso-

419 5092 581 5162 φόρος
619 5105 737 5149 erat
768 5099 946 5163 homo,
981 5111 1078 5150 cur
1119 5109 1202 5150 est
1229 5098 1396 5151 solius
1436 5099 1602 5166 ipsius
1627 5114 1823 5166 Corpus
1855 5099 1987 5152 vivi.

425 5185 626 5238 licunt?
681 5183 1004 5256 Oportuerat
1075 5190 1219 5242 enim
1271 5189 1499 5244 aliorum
1559 5192 1717 5244 etiam
1763 5208 1986 5262 corpora

493 5337 561 5408 δέ’
594 5340 752 5394 Joau.
783 5355 840 5402 ιι,
873 5341 966 5395 ‘25.
1026 5343 1072 5374 ⁹⁰
1093 5341 1237 5394 Psal.
1269 5355 1440 5404 χχιιι,
1474 5343 1556 5396 15.
1630 5345 1674 5376 ⁸⁸
1706 5343 1895 5397 Matth.
1925 5359 2001 5408 ts,
2029 5346 2080 5399 li.

421 5411 464 5440 ⁵⁵³
503 5407 663 5461 Hebr.
705 5425 781 5473 ιι,
817 5411 906 5465 26.

1015 5413 1060 5443 ⁸⁸
1098 5412 1259 5466 Hebr.
1319 5426 1373 5473 κ,
1413 5413 1504 5478 28,
1547 5415 1638 5471 39-.

423 5483 442 5510 ²
483 5477 656 5534 Galat.
699 5493 740 5543 ι,
783 5481 867 5530 lli.

945 5481 964 5509 ³
1001 5479 1152 5535 Deut.
1198 5498 1254 5546 x,
1291 5483 1383 5538 2‘2.

1743 5416 1790 5446 ’7
1835 5415 1996 5470 Hebr.
2058 5433 2116 5480 Il,
2163 5419 2247 5472 16.
2321 5419 2366 5449 ⁹⁸
2403 5419 2538 5474 ibid.
2601 5420 2684 5473 Η.

2101 4558 2154 4602 et
2175 4547 2424 4619 sanguini
2449 4549 2492 4602 ³.
2520 4567 2538 4598 ι
2578 4546 2856 4601 Allocutus
2880 4555 2961 4600 est
2990 4556 3170 4600 autem
3197 4560 3291 4602 eos
3325 4545 3415 4613 qui
3444 4550 3571 4597 sunt
3601 4555 3668 4593 ex

2101 4641 2263 4696 Israel
2291 4641 2529 4708 pontifex
2557 4640 2765 4709 Moyses
2796 4658 2809 4694 :
2849 4659 2868 4692 ι
2900 4637 2956 4693 In
2985 4639 3323 4709 septuaginta
3349 4647 3404 4691 et
3433 4635 3672 4706 quinque

2094 4733 2375 4787 animabus
2403 4733 2792 4787 desreuderunt
2835 4743 3014 4802 patres
3047 4733 3122 4786 tui
3167 4732 3218 4784 in
3254 4727 3547 4801 Egyptian
3571 4726 3610 4779 ³.
3645 4746 3664 4777 ι

2097 4823 2201 4879 Sed
2234 4841 2337 4877 non
2363 4825 2564 4878 ideirco
2589 4824 2809 4888 dixeris,
2837 4825 2982 4895 quod
3013 4825 3168 4878 nudat
3192 4831 3246 4877 et
3271 4823 3390 4876 sine
3418 4819 3673 4875 earnihus

2097 4918 2288 4970 animae
2337 4917 2388 4970 in
2445 4915 2730 4987 Egyptum
2772 4917 3177 4981 descenderint;
3214 4919 3313 4968 nec
3345 4928 3506 4983 porro
3531 4911 3673 4978 quod

2093 5009 2344 5062 inanimis
2399 5007 2738 5076 corporibus,
2800 5017 2856 5062 et
2913 5009 3044 5062 solis
3101 5003 3386 5070 carnibus,
3437 5004 3674 5058 salutare

2094 5116 2248 5154 suum
2287 5101 2425 5155 Dcus
2461 5101 2762 5156 indulserit.
2801 5095 3024 5167 Quoties
3063 5099 3223 5170 igitur
3257 5097 3507 5152 audimus
3549 5111 3676 5150 car-

2097 5207 2217 5246 nem
2249 5194 2447 5248 l‘actum
2479 5209 2598 5247 esse
2631 5191 2890 5260 Verbum,
2927 5193 3197 5246 hominem
3229 5188 3578 5260 intelligimus
3606 5202 3677 5240 ex

2157 5347 2203 5378 "
2233 5346 2419 5400 Matth.
2443 5355 2498 5411 ν,
2521 5341 2608 5401 32.
2685 5349 2734 5379 "
2769 5345 2922 5402 Deut.
2951 5345 3138 5405 “.13.

2760 5420 2804 5452 ⁸³
2829 5415 2992 5474 Jouu.
3033 5431 3076 5481 ι,
3117 5415 3203 5470 ιι.

3221 5347 3268 5378 ⁸⁵
3303 5342 3467 5398 Hebr.
3494 5360 3553 5402 It.
3585 5343 3666 5396 Η.

3283 5416 3296 5446 ¹
3335 5415 3468 5471 Luc.
3497 5431 3584 5478 tu.
3615 5414 3666 5467 6.

493 5661 570 5732 (l)
611 5661 836 5719 Videtur
862 5661 1061 5731 aliquid
1099 5662 1184 5718 hic
1210 5662 1424 5728 deesse;
1459 5666 1534 5727 id,
1581 5661 1792 5732 Opinor,
1844 5664 1985 5732 quod
2023 5665 2339 5721 Anastasius.
2409 5667 2614 5721 Sinaitt
2643 5677 2907 5722 memorat
2936 5673 3003 5724 dc
3042 5677 3240 5726 statere
3306 5669 3357 5724 in
3408 5669 3672 5724 tributum

418 5735 704 5802 pensitato.
