3946 6202
419 207 557 279 i399

1405 210 1463 264 S.
1501 201 1777 262 CYRILLI
1815 195 2286 255 ALEXANDRINI
2326 197 2647 255 ARCHIEP.

3535 187 3677 241 M30

491 333 730 403 Denique
763 330 926 385 etiam
973 328 1189 383 divinus
1231 324 1434 387 Paulus
1479 324 1557 378 ait
1608 323 1675 376 de
1724 319 1946 375 Christo
1976 336 1989 370 :
2021 318 2067 375 Α
2103 339 2120 364 ι
2151 316 2319 372 Amen
2359 317 2481 374 dico
2530 314 2706 381 vobis,
2742 320 3030 382 antequam
3062 308 3347 403 Abraham
3378 315 3679 403 esseufgo

425 447 443 477 ο
480 427 640 494 Ergo,
666 423 860 477 fratres
886 422 1079 480 sancti.
1105 417 1403 481 vocationis
1428 414 1660 471 caelestis
1682 411 1989 489 participes,

421 516 761 569 considerate
814 511 1112 581 apostolum
1168 521 1221 562 et
1276 509 1586 576 pontificem
1640 501 2028 559 confessionis-

423 617 623 663 nostraz
670 605 854 659 Jesum
878 604 921 655 ³.
958 621 977 654 ι
1021 601 1403 667 Animadverte
1444 605 1623 653 autem
1660 598 1824 667 quod,
1872 609 1993 648 cum

423 716 543 755 eum
593 696 987 750 ministrantem
1038 692 1319 746 hominum
1365 706 1517 744 more
1558 688 1826 749 ostendit,
1871 686 1998 738 licet

426 787 723 851 naturasit
744 786 903 848 Deus,
937 793 1064 836 tunc
1101 782 1150 836 ei
1184 782 1346 837 etiam
1391 781 1623 837 ollicium
1669 776 1998 847 apostolatus

422 877 665 933 attribuit
706 896 719 931 :
766 874 899 928 nihil
944 884 1145 938 autem,
1177 880 1234 926 ut
1263 884 1388 927 ante
1426 873 1679 935 diximus,
1706 870 1996 923 absurdum

423 978 524 1032 est,
558 968 605 1021 si
646 966 786 1022 Deus
817 964 1049 1019 Verbttm
1089 964 1226 1018 mitti
1273 964 1435 1018 etiam
1485 963 1693 1017 dicatur
1735 976 1764 1014 a
1804 959 1996 1024 Patre;

424 1058 608 1128 implet
638 1071 870 1126 namque
902 1056 1206 1111 certissime
1246 1053 1452 1119 omnia,
1489 1064 1543 1108 et
1589 1052 1718 1106 nulli
1760 1052 1878 1106 loco
1908 1065 2021 1129 pe-l

428 1151 569 1203 nitus
594 1148 746 1203 deest
777 1166 791 1202 :
825 1162 925 1202 nos
967 1161 1096 1206 vero
1141 1146 1390 1200 humanis
1434 1143 1660 1199 vocibus
1693 1142 1873 1196 divina
1917 1141 2000 1193 in-

428 1249 807 1309 torpretantes,
839 1238 1248 1307 ﬁgurationibus
1281 1237 1525 1306 corporis
1557 1232 1879 1303 immortalis
1909 1247 2005 1297 na,-

427 1340 562 1385 tura:
588 1331 1042 1400 dispensationem
1072 1330 1307 1384 solemus
1334 1326 1655 1395 intelligere.

504 1423 743 1491 Denique
794 1412 916 1478 cum
972 1431 1192 1476 sanctus
1248 1418 1483 1486 Spiritus
1532 1416 1712 1469 omnia
1767 1413 2004 1483 impleat,

430 1515 615 1571 scribit
653 1516 842 1569 beatus
875 1512 1095 1573 Paulus,
1125 1519 1181 1563 et
1228 1510 1358 1562 dicit
1408 1526 1421 1561 :
1459 1526 1477 1558 ί
1511 1506 1775 1573 Quoniam
1827 1515 2003 1557 autem

430 1610 561 1662 estis
599 1607 712 1670 ﬁlii,
756 1605 901 1658 misit
957 1603 1095 1657 Deus
1145 1600 1406 1670 Spiritum
1452 1597 1574 1652 Filii
1624 1598 1705 1651 sui
1744 1599 1796 1650 in
1845 1597 2005 1650 corda

2095 424 2215 463 smn
2256 410 2397 462 ¹⁰·¹¹.
2446 428 2465 461 ι
2516 405 2798 474 Quomodo
2845 403 2988 457 enim
3025 401 3199 463 aliter
3233 408 3360 453 ante
3401 398 3675 451 Abraham

2096 511 2238 562 erat,
2270 500 2361 569 qui
2395 498 2575 557 multis
2607 506 2727 567 post
2765 494 3095 563 temporibus
3124 490 3423 545 secundum
3454 490 3678 541 carnea

2096 602 2256 646 natus
2290 591 2417 645 est?
2459 589 2603 643 Satis
2640 597 2815 642 autem
2862 588 3026 657 ipsos,
3054 592 3114 637 ut
3142 581 3354 651 opinor,
3393 578 3684 655 redargnet

2090 682 2316 737 divinus
2342 681 2579 737 Joannes
2602 681 2784 734 dicens
2812 696 2826 733 :
2855 697 2874 730 ι
2898 679 2999 731 Hic
3020 683 3158 739 erat,
3181 674 3248 757 de
3267 685 3373 739 quo
3398 684 3500 739 ego
3526 668 3637 722 dixi
3664 687 3678 721 :

2100 773 2225 827 Post
2252 788 2337 826 me
2361 774 2505 827 venit
2528 772 2633 837 vir,
2658 772 2745 840 qui
2776 779 2902 824 ante
2934 784 3021 823 me
3043 766 3221 821 factus
3243 772 3347 827 est,
3372 761 3496 831 quia
3532 762 3683 830 prior

2100 865 2481 921 mcerat".i
2756 884 2767 889 ·
2840 869 2847 875 ’
3682 846 3696 923 ἦ

2176 955 2358 1027 794·
2401 953 2883 1013 Ρηιξιεινωίιιειιιεε
2926 950 3091 1022 igitur
3133 948 3188 1002 in
3237 961 3297 1001 re
3335 954 3441 999 tam
3488 941 3685 996 frivola

2102 1048 2221 1104 sine
2248 1063 2413 1102 causa
2453 1056 2688 1111 certare,
2729 1046 2795 1100 ad
2832 1045 2960 1100 illud
2996 1041 3166 1111 magis
3202 1038 3507 1098 veniamus,
3537 1033 3685 1103 quod

2102 1137 2650 1197 etiamemolumenti
2698 1135 2903 1204 aliquid
2944 1132 3113 1203 possit
3143 1128 3360 1191 afferre,
3401 1140 3467 1181 ne
3512 1123 3691 1179 mole-

2104 1237 2187 1281 ste
2226 1226 2401 1291 ferant
2438 1225 2677 1280 nonnulli
2719 1223 3035 1285 audientes,
3062 1232 3187 1274 esse
3228 1224 3468 1271 sanetam
3504 1210 3689 1279 Virgi-

2106 1333 2229 1383 nem
2272 1317 2554 1395 Θεᾳτόκον,
2596 1330 2694 1370 nec
2725 1312 3124 1370 incredulitatis
3161 1306 3399 1363 Iudaicae
3424 1319 3557 1359 suas
3586 1317 3692 1370 op-

2098 1410 2290 1480 .pleant
2317 1408 2680 1479 mentes,imo
2704 1421 2833 1463 vero
2868 1406 3028 1459 etiam
3052 1401 3331 1472 paganica:
3365 1398 3687 1467 impietatis.

2092 1502 2273 1557 Judaei
2318 1482 3019 1569 etenim'aggrediebantur
3068 1494 3340 1548 Christum
3387 1488 3687 1543 dicentes:

2102 1614 2134 1651 ης
2164 1593 2242 1649 De
2262 1594 2418 1648 ‘bono
2442 1594 2604 1661 opere
2629 1606 2735 1646 non
2773 1590 3072 1659 Iapidamus
3102 1596 3184 1649 te;
3215 1584 3309 1639 sed
3334 1583 3400 1637 de
3431 1580 3690 1648 blasphe-

431 1707 637 1759 nostra,
658 1697 710 1748 in
743 1709 847 1761 quo
871 1693 1164 1747 clamamus
1193 1709 1206 1744 :
1232 1690 1383 1744 Abba
1410 1689 1568 1743 Pater
1590 1688 1631 1743 ⁸.
1656 1706 1675 1739 ι
1714 1687 1803 1741 Ait
1825 1697 2001 1740 autem
2037 1673 2077 1731 Β
2096 1685 2236 1750 mia,
2265 1684 2405 1753 quod
2429 1682 2856 1744 crnitSiSbomo,
2881 1678 3015 1734 facis
3037 1686 3090 1731 te
3123 1677 3290 1731 Deum
3309 1674 3374 1730 ".
3411 1692 3431 1726 ι
3460 1675 3529 1725 At
3558 1685 3693 1723 vero

430 1798 485 1842 et
519 1788 635 1853 ipse
666 1785 912 1839 Salvator
945 1800 959 1835 :
993 1800 1009 1832 ι
1044 1781 1270 1851 Expedit
1299 1778 1470 1842 vobis,
1502 1790 1558 1830 ut
1587 1792 1684 1845 ego
1708 1790 1858 1840 eam;
1885 1789 2005 1828 nam

432 1879 478 1931 si
516 1891 621 1931 non
669 1874 877 1936 abiero,
920 1872 1235 1926 Paracletus
1287 1886 1391 1923 non
1438 1868 1615 1923 veniet
1651 1868 1718 1921 ad
1763 1882 1858 1921 vos
1897 1866 1939 1918 ⁷.
1985 1882 2005 1915 ι

432 1964 658 2035 Oportet
681 1964 843 2035 igitur
868 1963 933 2017 ad
960 1963 1223 2017 rationem
1250 1962 1467 2030 pietatis
1487 1959 1667 2014 omnia
1693 1957 2007 2020 referentes,

431 2038 576 2108 certa
604 2055 931 2122 cogitatione
963 2052 1159 2107 sectari
1203 2071 1215 2105 :
1255 2052 1306 2105 id
1345 2050 1488 2107 enim
1535 2048 1792 2105 facientes
1831 2048 2011 2103 nobis-

433 2136 676 2215 metipsis
706 2144 940 2199 maxime
966 2141 1349 2212 profuerimus.

1030 2321 1179 2377 CAP.
1220 2320 1410 2376 XXVI.

537 2459 811 2522 Olomodo
846 2457 1160 2527 intelligitur
1196 2457 1456 2520 Θεοτὸκος
1498 2455 1657 2525 Virgo
1691 2468 1897 2511 sancta.

422 2594 423 2597 ‘
503 2572 694 2646 Natum
728 2599 807 2645 est
838 2590 1055 2659 quidem
1086 2590 1535 2645 inmstimabiliter
1566 2590 1801 2644 Verbum
1839 2590 1928 2645 Dei
1957 2600 2011 2645 ei

432 2681 642 2745 Patris;
676 2692 728 2737 et
763 2685 875 2737 haec
904 2682 1180 2752 generatio
1223 2697 1437 2736 onmem
1469 2694 1686 2737 sensum
1728 2683 2011 2750 cogitatio-

433 2789 666 2842 nemque.
704 2775 1056 2838 transcendit,
1094 2784 1145 2829 et
1177 2783 1259 2829 est
1291 2775 1615 2844 incorporali
1643 2784 1849 2828 natura:
1880 2790 2011 2828 con-

433 2865 676 2920 veniens.
704 2864 1089 2921 Verumtamen
1133 2865 1186 2919 id
1230 2868 1371 2934 quod
1408 2875 1593 2919 natum
1629 2875 1735 2930 est,
1765 2866 2011 2934 proprius
2037 2838 2081 2896 (ἶ

435 2966 621 3024 partus
647 2950 966 3025 intelligitur
989 2956 1282 3018 Genitoris,
1300 2966 1352 3010 et
1380 2956 1619 3025 ejusdem
1648 2971 1768 3010 cum
1802 2971 1865 3010 eo
1889 2958 2015 3012 sub-

436 3048 686 3109 stantiae;
741 3047 969 3117 ideoque
1008 3048 1170 3102 etiam
1202 3047 1371 3103 Filius
1421 3049 1748 3110 nominatur,
1801 3050 2018 3102 nomine

438 3139 643 3192 scilicet
683 3139 953 3195 indicante
987 3141 1137 3211 quasi
1185 3154 1367 3195 veram
1411 3142 1791 3210 sinceramque
1824 3156 2016 3205 proge-

440 3228 615 3293 niem;
654 3229 745 3281 sed
777 3243 898 3282 eum
926 3230 997 3283 sit
1022 3229 1175 3282 vivus
1205 3228 1258 3284 in
1290 3239 1552 3283 aeternum
1583 3227 1763 3293 Pater,
1797 3242 2019 3283 necesse

441 3328 547 3383 est,
579 3334 697 3370 eum
730 3332 942 3386 quoque
974 3318 1157 3373 vivere
1196 3321 1249 3373 in
1279 3331 1561 3384 aeternum,
1610 3330 1826 3390 propter
1857 3335 2016 3389 quem

440 3418 525 3461 est
581 3406 757 3461 Pater.
811 3408 978 3477 igitur
1028 3428 1047 3460 ι
1085 3409 1140 3464 lu
1195 3410 1461 3480 principio
1510 3420 1627 3465 erat
1657 3411 1914 3474 Verbum,
1967 3420 2020 3463 et

445 3499 585 3553 Deus
632 3510 749 3555 erat
804 3499 1061 3566 Verbum,
1108 3511 1161 3556 et
1210 3510 1328 3556 erat
1379 3503 1541 3555 etiam
1599 3499 1833 3557 Verbum
1880 3506 2020 3572 apud

446 3591 609 3646 Deum
644 3586 687 3653 t',
718 3611 737 3643 ι
776 3602 832 3645 ut
856 3594 1286 3662 sapientissimus
1325 3593 1660 3665 Evangelista
1698 3609 2023 3650 commemo-

445 3695 549 3734 rat.
598 3681 652 3734 lu
691 3684 1153 3739 consummatione
1196 3694 1375 3739 autem
1424 3695 1746 3755 temporum,
1801 3696 2023 3756 prepter

446 3790 546 3831 nos
575 3775 841 3837 homines.
876 3786 930 3830 et
968 3787 1192 3846 propter
1230 3787 1470 3831 nostram
1509 3780 1732 3832 salutem
1773 3778 2023 3833 incarna-

449 3879 561 3920 tum
595 3876 695 3932 est,
739 3877 792 3922 et
825 3869 983 3922 homo
1025 3879 1108 3922 est
1154 3869 1390 3933 factum;
1440 3882 1542 3922 non
1588 3870 1839 3923 amittens
1882 3870 2022 3934 quod

448 3968 588 4023 erat,
622 3958 713 4012 sed
748 3958 987 4012 retinens
1033 3956 1500 4011 iucunvertibilcm
1546 3971 1696 4010 suam
1749 3969 2021 4021 naturam,

450 4057 507 4103 et
535 4063 748 4117 semper
770 4049 820 4101 in
851 4046 1151 4104 divinitatis
1180 4048 1395 4119 fastigio
1429 4048 1777 4111 collocatam;
1807 4048 2026 4117 subiens

2113 1776 2206 1830 lilii
2263 1782 2592 1845 paganorum
2645 1772 2903 1828 Ecelesim
2950 1772 3201 1837 dogmata
3243 1764 3536 1827 derident,
3588 1778 3691 1815 an-

2101 1869 2317 1925 .dientes
2346 1881 2411 1921 ex
2437 1867 2659 1920 muliere
2687 1863 2855 1919 Deum
2896 1877 3017 1917 esse
3057 1859 3433 1930 progenitum;
3475 1858 3573 1910 sed
3609 1854 3689 1907 illi

2098 1960 2325 2025 quidem
2359 1974 2471 2014 sua:
2500 1959 2785 2013 dementiae
2825 1956 3060 2011 exedeut
3101 1953 3339 2014 fructus,
3373 1961 3428 2004 et
3466 1949 3694 2004 audient

2110 2069 2141 2108 a
2197 2055 2350 2110 nobis
2381 2072 2395 2108 :
2431 2072 2449 2105 ι
2481 2051 2691 2108 Stnlltus
2742 2050 2902 2104 stulte
2955 2048 3213 2118 loquitur,
3270 2054 3326 2098 et
3377 2058 3471 2097 cor
3520 2042 3695 2109 ipsius

2110 2162 2245 2201 vana
2276 2145 2615 2215 intelligent
2647 2142 2828 2197 Nostri
2869 2140 3011 2195 enim
3063 2137 3309 2209 mysterii
3352 2135 3519 2197 ratio,
3562 2133 3698 2187 licet

2110 2239 2309 2294 Judaeis
2350 2239 2423 2292 sit
2450 2235 2796 2299 scandalum,
2842 2233 3092 2304 gentibus
3126 2239 3305 2284 autem
3344 2228 3578 2283 stultitia
3605 2227 3698 2291 ἐς

2110 2331 2265 2385 nobis
2294 2338 2494 2393 tamen,
2542 2328 2683 2397 quod
2720 2326 2943 2389 scimus,
2970 2339 3099 2378 vere
3136 2332 3237 2376 est
3262 2318 3611 2382 admirabile,
3640 2328 3706 2371 οι

2112 2420 2369 2484 salutare,
2400 2427 2455 2472 et
2487 2417 2864 2486 dignissimum
2891 2413 3037 2468 credi
3069 2431 3082 2466 ε
3114 2421 3168 2467 et
3204 2412 3248 2466 si
3276 2419 3412 2465 esset
3453 2408 3708 2461 omnino

2112 2510 2420 2579 quisquam,
2449 2508 2549 2577 qui
2576 2500 2755 2561 dicere
2793 2507 3037 2569 auderet,
3083 2507 3222 2558 hanc
3250 2516 3461 2556 carnem
3500 2508 3705 2553 terre-

2112 2617 2234 2656 nam
2275 2601 2427 2655 nudae
2475 2600 2772 2659 divinitatis
2814 2598 2979 2652 fuisse
3032 2594 3360 2665 genitricem,
3414 2604 3471 2646 et
3517 2606 3590 2645 ex
3629 2606 3703 2645 ea

2098 2701 2357 2747 creatura
2405 2691 2552 2746 omni
2592 2688 2925 2758 superiorem
2977 2696 3157 2740 natam
3204 2684 3370 2738 fuisse
3409 2693 3699 2745 naturam,

2114 2784 2324 2839 insania
2358 2784 2408 2836 id
2447 2792 2593 2836 esset
2623 2791 2677 2835 et
2721 2780 2894 2833 furor.
2935 2776 3120 2846 Neque
3154 2777 3297 2830 enim
3346 2790 3412 2827 ex
3450 2773 3701 2827 ιρι-τεῶ-

2120 2876 2240 2928 vina
2267 2886 2349 2928 est
2381 2873 2521 2928 facta
2547 2882 2775 2933 natura;
2815 2885 2913 2923 nec
2951 2869 3302 2937 corruptibile
3335 2867 3701 2932 incorranio-

2118 2967 2203 3021 nis
2236 2966 2384 3019 radix
2441 2978 2676 3033 unquam
2727 2961 2860 3026 fiet;
2905 2975 3005 3015 nec
3052 2958 3362 3013 mortalitas
3408 2958 3585 3026 pariet
3617 2955 3698 3006 vi-

2092 3066 2227 3135 .tam
2257 3072 2271 3120 ;
2307 3069 2405 3108 nec
2436 3045 2684 3121 corporis
2712 3048 3009 3113 tractabilis
3058 3047 3400 3117 incorporale
3422 3045 3543 3099 'ﬁet
3571 3059 3696 3113 ger-

2120 3161 2277 3211 men;
2311 3160 2411 3215 nec
2454 3146 2753 3211 inereatum
2791 3158 2818 3197 a
2868 3152 3052 3197 creato
3086 3151 3374 3205 nascetur;
3418 3153 3519 3193 nec
3554 3135 3697 3204 quod

2119 3240 2323 3307 alisque
2354 3237 2526 3299 initio,
2561 3223 2719 3299 abeo
2744 3233 2884 3303 quod
2919 3233 3078 3287 habet
3104 3231 3335 3285 initium.

2192 3331 2391 3383 Verum
2435 3327 2695 3397 quoniam
2730 3326 2841 3393 Dei
2885 3324 3117 3391 Verbum
3157 3323 3312 3390 juxta
3361 3337 3460 3376 nos
3500 3321 3703 3375 factum

2121 3435 2241 3474 esse
2270 3419 2624 3491 afﬁrmamus,
2657 3407 2715 3491 et.
2738 3416 2940 3471 nostris
2968 3416 3286 3483 corporibus
3315 3428 3515 3482 corpus
3551 3427 3704 3466 surn-

2126 3511 2300 3580 psisse
2357 3490 2689 3581 ροιιςίηὲἱιρςέΔ
2711 3508 2872 3581 idque
2921 3505 3023 3560 sibi
3075 3506 3355 3560 verissime
3405 3505 3702 3563 adunasse.

2125 3617 2323 3659 arcana
2363 3578 3085 3678 inenarrabifiqueratione,
3119 3609 3171 3652 et
3196 3599 3277 3652 sic
3309 3596 3587 3650 hominem
3624 3595 3701 3648 fa-

2098 3680 2270 3746 Ictum
2302 3674 2596 3745 carnaliter
2620 3674 2804 3771 natum
2834 3706 2978 3755 esse,
3009 3691 3135 3760 quid
3162 3688 3453 3742 absurdum
3484 3698 3607 3749 est,
3624 3687 3709 3740 vel

2092 3768 2103 3855 γ’
2127 3786 2269 3853 quod
2315 3783 2464 3838 credi
2511 3768 2637 3837 noni
2665 3780 2890 3838 debeat?
2932 3784 3064 3840 Cum
3114 3785 3415 3853 przesertim
3466 3783 3710 3837 hominis

2098 3877 2329 3951 anima,
2364 3884 2420 3928 ut
2448 3858 3030 3943 szepissirne'diximus,
3067 3889 3190 3928 cum
3218 3876 3286 3929 sit
3330 3884 3543 3927 naturae
3573 3874 3708 3926 alte-

2126 3969 2241 4023 rius
2266 3976 2459 4037 praeter
2487 3954 2990 4043 corpus,.nascatur
3022 3976 3198 4021 tamen
3246 3982 3364 4021 cum
3403 3967 3546 4035 ipso,
3584 3980 3704 4017 cum

2129 4061 2199 4114 sit
2246 4060 2293 4114 ei
2341 4042 3075 4137 adunata,_nee‘quisquam
3116 4058 3411 4111 arbitretur
3451 4067 3704 4110 naturam

456 4150 635 4194 tamen
668 4150 888 4210 pr0pter
917 4153 1014 4192 nos
1048 4139 1442 4208 dispensatorie
1477 4140 2023 4227 exinanitatem;nec
2058 4174 2100 4226 ι)
2131 4138 2371 4219 corporis
2405 4138 2600 4205 anima;
2646 4144 2858 4227 ίηίιίῆιω
2909 4153 3152 4220 pmbere
3191 4153 3550 4215 substantia}
3605 4154 3704 4205 sed

453 4232 786 4286 inhonorans
836 4226 931 4303 [id
982 4243 1089 4295 est,
1140 4248 1242 4287 non
1294 4231 1636 4304 despiciens]
1690 4226 2022 4301 pauperiem,

450 4338 569 4393 qum
616 4323 862 4375 humanm
916 4331 1119 4375 natura:
1151 4323 1402 4376 convenit
1446 4339 1460 4374 :
1509 4336 1630 4375 nam
1669 4340 1686 4371 ε
1718 4337 1839 4376 cum
1884 4330 2026 4375 esset

450 4412 620 4475 dives,
651 4427 850 4481 pauper
876 4421 957 4465 est
991 4411 1186 4473 factus,
1217 4412 1357 4464 sicut
1385 4411 1644 4478 scriptum
1679 4420 1763 4463 est
1793 4429 1805 4464 :
1837 4420 1896 4462 ut
1928 4424 2025 4463 nos

451 4496 765 4571 paupertate
819 4501 935 4567 ejus
975 4500 1168 4555 divites
1215 4514 1457 4554 essemus
1507 4502 1547 4552 ’.
1587 4519 1606 4552 ι
1671 4499 1891 4553 Factum
1946 4509 2027 4555 est
2104 4504 2107 4505 ⁷

454 4595 617 4664 igitur
653 4593 835 4654 homo,
870 4602 923 4645 et
953 4592 1353 4661 generationem
1378 4605 1444 4644 ex
1473 4590 1695 4645 muliere
1712 4605 1929 4659 passum
1949 4590 2028 4643 di-

453 4685 610 4737 citur.
646 4681 810 4752 Igitur
838 4690 1119 4750 propterea
1145 4680 1285 4749 quod
1332 4697 1397 4734 ex
1432 4690 1615 4735 sancta
1655 4681 1869 4749 Virgine
1904 4696 2028 4735 vere

453 4776 555 4829 sibi
577 4776 867 4829 adunatum
893 4788 1085 4841 corpus
1112 4773 1419 4841 acceperit;
1457 4774 1579 4826 inde
1618 4773 1875 4826 Θεοτὸκην
1908 4787 2027 4827 esse

454 4864 685 4917 dicimus
727 4861 998 4931 Virginem
1043 4872 1309 4924 sanctam,
1351 4862 1474 4931 quia
1521 4863 1570 4914 id
1620 4864 1872 4929 humane,
1920 4862 2034 4918 sive

456 4956 751 5009 secundum
776 4969 994 5007 carnem
1028 4955 1258 5023 peperit,
1289 4953 1412 5007 licet
1438 4954 1661 5007 haberet
1684 4964 1808 5008 ante
1836 4955 2032 5009 saecula

456 5050 858 5114 generationem
890 5064 954 5103 ex
984 5046 1163 5101 Patre.

529 5134 748 5201 Opinari
793 5149 970 5192 autem
1024 5136 1311 5190 nonnullos
1357 5133 1593 5188 Verbum
1642 5134 1767 5189 hinc
1818 5136 2029 5189 initium

461 5224 630 5279 fuisse
664 5229 935 5293 sortitum,
982 5245 1102 5283 cum
1148 5228 1310 5282 homo
1345 5227 1416 5280 sit
1467 5225 1690 5289 factum,
1742 5227 2034 5295 impietatis

459 5326 544 5370 est
589 5315 892 5386 furorisque
941 5319 1332 5387 plenissimum.
1388 5317 1493 5372 Eos
1538 5319 1735 5374 etenim
1778 5318 2034 5389 insipien-

464 5407 703 5467 tissimos
725 5421 864 5472 esse,
891 5411 1207 5465 monstravit
1237 5413 1349 5479 ipse
1372 5410 1617 5465 Salvator
1638 5411 1703 5465 de
1724 5426 1782 5466 se
1810 5412 1992 5466 dicens
2017 5429 2033 5467 :

530 5570 552 5605 '
583 5569 749 5625 Ilebr.
795 5584 878 5628 tu,
924 5572 970 5621 l.

1048 5569 1067 5595 ⁸
1107 5566 1280 5621 Gttlal.
1315 5585 1388 5633 tv,
1430 5571 1480 5624 6.

473 5634 511 5666 ⁸¹
542 5639 700 5697 Joan.
744 5657 781 5703 ι,
812 5639 897 5693 30.

1557 5572 1576 5602 "
1615 5569 1767 5625 Joan.
1812 5588 1920 5632 xvi,
1953 5574 2005 5626 7.

980 5637 1020 5667 ¹³
1053 5635 1205 5689 Juan.
1237 5652 1289 5699 χ,
1319 5639 1405 5689 ‘25.

1488 5640 1528 5669 ”
1561 5641 1574 5691 Ι
1616 5639 1740 5692 (lor.
1775 5657 1813 5701 ι,
1840 5643 1909 5694 25

2082 5575 2102 5605 ⁸
2136 5574 2290 5632 Joan.
2330 5594 2364 5643 l,
2405 5580 2454 5634 l.

2128 4242 2369 4297 immittit
2398 4238 2611 4310 quidem
2645 4242 2811 4310 ipsam
2845 4242 3291 4297 iumstimabiliter
3322 4244 3463 4297 Deus
3495 4244 3550 4296 in
3581 4258 3707 4295 cor-

2129 4350 2248 4403 pus,
2280 4344 2327 4386 et
2376 4348 2497 4385 cum
2550 4326 2663 4399 ipso
2704 4320 2868 4386 etiam
2913 4334 3191 4407 nascitur:
3222 4349 3383 4387 unum
3418 4344 3598 4387 tamen
3638 4349 3709 4387 ex

2131 4432 2357 4490 utroque
2389 4421 2585 4473 animai
2616 4409 3228 4484 deliuiinus,hominem
3273 4423 3499 4477 scilicet.
3542 4420 3711 4492 Igitur

2133 4513 2368 4567 Verbum
2410 4513 2626 4581 quidem
2676 4502 3007 4576 Detts°erat,
3054 4512 3256 4567 factum
3288 4524 3373 4567 est
3422 4525 3610 4567 autem
3654 4521 3715 4566 et

2137 4603 2318 4665 homo,
2355 4612 2407 4654 et
2428 4599 2553 4670 quia
2584 4594 2765 4655 uatum
2790 4611 2871 4654 est
2901 4600 3196 4655 secundum
3221 4614 3461 4662 carnem,
3492 4608 3715 4665 propter

2138 4694 2528 4747 humanitatem
2576 4692 2944 4746 necessarium
2989 4702 3094 4755 est,
3144 4704 3203 4746 ut
3237 4706 3357 4760 qua:
3400 4690 3582 4758 ipsum
3620 4704 3719 4755 pe-

2135 4787 2295 4857 perit,
2327 4788 2399 4839 sit
2428 4785 2721 4848 Θεοτόκοςε
2757 4800 2879 4838 nam
2904 4784 2948 4837 si
2977 4799 3082 4839 non
3113 4785 3317 4854 peperit
3344 4783 3537 4845 Deum,
3567 4792 3721 4835 certe

2140 4893 2238 4930 nec
2277 4877 2485 4930 dicetur
2533 4874 2695 4937 Deus,
2729 4873 2820 4943 qui
2856 4883 2941 4928 est
2979 4875 3046 4927 ab
3087 4875 3200 4942 ipsa
3246 4873 3603 4943 progenitus;
3632 4872 3718 4925 sin

2137 4982 2268 5021 vero
2301 4964 2671 5032 Deum'ipsum
2714 4960 2911 5019 divina:
2944 4963 3239 5032 Scriptura:
3271 4962 3577 5025 numiuant,
3624 4978 3721 5030 pe-

2141 5057 2278 5123 perit
2309 5056 2422 5126 ipsa
2471 5055 2636 5110 Deum
2680 5056 2951 5111 hominem
2997 5055 3219 5119 factum,
3250 5055 3511 5124 siquidem
3553 5054 3721 5108 homo

2140 5147 2297 5201 aliter
2337 5148 2451 5203 fieri
2499 5162 2605 5201 non
2654 5156 2854 5215 posset,
2907 5145 3008 5200 nisi
3061 5160 3156 5214 per
3201 5146 3611 5215 generationem
3646 5162 3716 5199 ex

2141 5238 2385 5293 muliere.
2421 5238 2702 5304 Quomodo
2737 5238 2901 5308 igitur
2929 5251 3034 5290 non
3064 5236 3156 5300 sit,
3196 5251 3314 5304 quae
3347 5237 3519 5305 ipsum
3547 5251 3720 5305 ρερτι-

2141 5328 2550 5398 τίι,ζΘεοτόκοςῖ
2577 5329 2727 5396 Quod
2749 5339 2929 5383 autem
2965 5329 3105 5383 Deus
3133 5328 3205 5382 sit
3229 5343 3409 5393 verus,
3437 5329 3527 5397 qui
3555 5337 3723 5381 natus

2143 5417 2265 5471 inde
2290 5426 2392 5482 est,
2426 5432 2488 5473 ex
2521 5418 2703 5474 divina
2746 5418 3025 5487 Scriptura
3056 5417 3337 5471 discimus.

2528 5581 2547 5610 ⁵³
2580 5577 2619 5631 ll
2659 5578 2779 5633 Cor.
2816 5593 2932 5644 vnt,
2975 5576 3025 5631 9.
3108 5579 3225 5612 ’Μ’
3257 5575 3411 5635 Joan.
3455 5591 3576 5640 ml,
3614 5573 3715 5629 58.
