3946 6202
222 311 351 366 MOI

798 426 952 483 CAP.
992 425 1207 483 XXVII.

747 542 904 596 Dicta
936 542 1009 617 φάε
1037 541 1271 596 Christo.

250 682 255 691 ε
302 676 319 710 ι
349 659 486 712 Ecce
532 657 683 727 virgo
724 656 968 711 iuutero
1008 657 1262 727 accipiet,
1302 666 1357 710 et
1389 651 1795 723 pariet,lilium,

224 760 275 803 ct
318 750 588 804 vocabunt
630 764 824 805 nomen
855 747 975 817 ejus
1016 747 1329 802 Emmanuel
1357 749 1424 801 ’⁵.
1460 766 1478 798 s
1515 746 1809 817 Quomodo,

223 854 352 908 ergo
382 840 433 893 id
465 840 830 909 quod'natum
866 853 951 894 εει
986 854 1053 893 ex
1082 847 1268 893 sancta
1302 836 1545 907 Virgine,
1579 836 1796 889 Emma-

224 932 342 985 nuel
387 934 718 998 nominatur,
761 947 881 987 cum
926 930 1265 996 Emmanuel,
1295 939 1352 983 ut
1399 938 1524 982 ante
1553 927 1685 989 dixi,
1721 927 1796 980 si-

223 1024 445 1091 gniﬁcet
494 1026 548 1078 in
601 1035 785 1078 nostra
835 1032 1026 1077 natura
1077 1032 1298 1092 prepter
1344 1037 1569 1076 carnem
1628 1018 1797 1073 fuisse

225 1113 483 1181 Verbum,
532 1116 674 1185 quod
724 1128 808 1171 est
854 1115 1199 1183 Deusverus
1235 1115 1302 1169 de
1349 1117 1456 1168 ι)εο
1488 1111 1657 1167 vero?
1688 1109 1799 1165 Sed

225 1208 399 1264 Iactus
435 1217 518 1264 est
547 1209 861 1264 Emmanuel
893 1227 919 1263 ε»
938 1208 1240 1267 exiuanivit
1280 1207 1426 1263 enim
1453 1221 1512 1261 se
1539 1204 1605 1269 ",
1633 1218 1795 1272 gene-

222 1301 485 1356 rationem
517 1310 760 1356 nostram
790 1312 847 1356 et
886 1300 1118 1355 similent
1146 1314 1358 1369 passus,
1392 1312 1455 1351 ac
1485 1297 1564 1351 sic
1612 1295 1796 1349 nobis-

222 1407 346 1446 cum
396 1402 744 1448 conversatus
794 1400 897 1447 est.
940 1392 1081 1461 Ergo
1119 1399 1174 1445 et
1214 1391 1357 1445 Deus
1408 1389 1459 1442 in
1507 1401 1701 1451 carne,
1741 1394 1796 1440 et

222 1481 485 1547 Θεοτόκος
507 1498 635 1537 vere
661 1493 745 1538 est
783 1498 903 1553 quae
932 1499 1053 1538 eum
1084 1482 1400 1546 carnaliter,
1442 1480 1558 1535 sive
1597 1493 1795 1534 secun-

224 1576 354 1631 dum
386 1588 602 1631 carnem
644 1576 944 1647 generavit.

781 1688 933 1745 CAP.
990 1685 1230 1742 XXVIII.

913 1796 1095 1853 Aliud.
1268 1780 1270 1783 ’

302 1931 321 1967 ι
351 1913 619 1981 Quoniam
660 1926 849 1967 omnes
890 1911 1085 1965 stolam
1132 1907 1255 1965 dolo
1283 1916 1692 1979 congregatam,
1740 1916 1795 1963 et

220 2009 601 2063 vestimentum
640 2020 762 2060 cum
810 2005 1234 2061 commutatione
1279 2013 1563 2073 reponem,
1602 2010 1657 2058 et
1702 2016 1795 2056 vo-

222 2101 353 2165 lent,
382 2102 429 2153 si
472 2098 701 2152 fuissent
742 2096 831 2150 isti
882 2095 1180 2161 combusti;
1230 2094 1486 2165 quoniam
1534 2094 1792 2163 parvulus

220 2201 381 2247 natus
427 2200 512 2245 cst
562 2188 740 2253 nobis,
779 2197 835 2243 et
883 2187 1024 2242 [ilius
1072 2187 1232 2242 datus
1274 2196 1358 2241 est
1410 2184 1589 2251 nobis,
1638 2185 1795 2255 cujus

220 2285 557 2355 principatus
606 2284 783 2338 factus
815 2293 898 2336 est
930 2281 983 2334 in
1030 2278 1437 2347 humeroejus,
1482 2287 1535 2331 et
1570 2287 1795 2331 vocatur

222 2392 417 2432 nomen
442 2376 557 2444 ejus
582 2376 761 2445 magni
786 2372 1000 2428 consilii
1032 2371 1256 2426 nuntius
1282 2372 1347 2425 ⁸⁷.
1380 2389 1400 2423 ι
1433 2369 1625 2433 Audis,
1650 2369 1795 2438 quod

219 2483 355 2536 puer
388 2469 694 2521 nominatus
729 2465 821 2531 sit,
851 2465 1108 2535 quodque
1138 2464 1546 2534 generationem
1579 2464 1650 2518 sit
1688 2476 1793 2517 no-

218 2568 341 2612 stra:
387 2558 621 2612 similem
664 2571 874 2627 passus.
925 2557 997 2611 At
1030 2569 1152 2609 eum
1189 2570 1415 2625 puerum
1455 2554 1654 2608 caelum
1698 2567 1794 2623 per

219 2650 427 2705 stellam
458 2649 817 2705 clarissimam
844 2648 1137 2714 indicavit;
1165 2648 1305 2718 magi
1336 2648 1700 2703 adoraverunt
1723 2661 1790 2700 ex

220 2741 425 2796 ultimis
459 2750 615 2795 terra:
637 2740 902 2795 limitibus
935 2741 1331 2805 adventantes;
1355 2739 1528 2809 angeli
1560 2738 1794 2809 pastori-

220 2831 320 2886 bus
346 2831 811 2901 evangelizabant,
852 2831 1190 2885 Salvatorem
1222 2845 1343 2886 esse
1382 2839 1563 2884 natum
1602 2830 1789 2884 dicen-

220 2932 325 2988 tes,
358 2933 414 2978 et
440 2938 625 2992 pacem
658 2936 756 2978 nec
788 2937 892 2977 non
926 2924 1092 2978 etiam
1122 2924 1296 2978 Patris
1325 2924 1521 2979 bonam
1545 2926 1792 2978 volunta-

219 3024 325 3069 tem
363 3017 791 3069 annuntiantes:
832 3033 852 3068 ι
885 3014 984 3069 Est
1014 3019 1190 3086 magni
1228 3016 1440 3071 consilii
1486 3016 1732 3071 nuntius.
1763 3035 1786 3068 ι

1134 312 1426 369 SCIIOIJA
1466 313 1552 367 DE
1587 308 2102 367 INCARNATIONE
2134 306 2504 364 UNIGE‘NITI.

1821 429 1876 487 Δ
1901 434 1985 481 est
2014 424 2358 481 benedictum
2392 424 2446 478 in
2490 430 2653 477 terra.
2686 417 2927 477 Observa
2955 423 3133 472 autem
3167 416 3313 484 quod
3346 432 3474 485 pro-

3336 298 3473 356 H03

1898 517 2072 588 priam
2106 517 2347 572 nominet
2377 525 2635 581 matrem,
2675 527 2795 582 quae
2822 526 2978 566 suum
3008 508 3220 579 peperit
3246 522 3469 575 corpus.

1896 608 2039 677 Ergo
2082 608 2126 663 si
2172 609 2341 663 Deum
2377 621 2581 663 verum.
2610 619 2682 663 se.
2709 616 2831 658 esse
2878 603 3178 671 cognoscit,
3214 600 3304 654 illa
3351 614 3473 668 qua:

1895 718 2022 759 eum
2050 702 2345 758 carnaliter
2370 700 2603 770 peperit,
2631 696 2893 759 Θεοτόκος
2920 694 3139 758 dicitur,
3170 701 3226 747 et
3253 691 3470 762 quidem

1898 795 2196 851 recte:sin
2241 808 2370 847 vero
2420 807 2524 846 non
2567 798 2651 846 est
2706 789 2872 853 Deus,
2905 787 2955 840 id
3006 785 3150 855 quod
3192 784 3472 846 audacter,

1900 886 2010 939 imo
2030 884 2211 953 potius
2234 882 2499 938 scelerate
2522 878 2763 936 nonnulli
2785 877 3047 940 sentiunt,
3072 874 3278 945 privari
3308 886 3472 941 opor-

1900 985 1979 1033 tet
2012 977 2183 1045 ipsam
2222 973 2497 1043 Virginem
2527 982 2770 1029 sanctam
2804 970 2908 1025 hoc
2952 967 3169 1024 nomine
3200 981 3307 1037 quo
3339 964 3471 1018 Θεο-

1898 1068 2057 1131 τόκος
2087 1081 2213 1122 esse
2260 1066 2492 1120 dicatur.

2424 1202 2427 1207 λ
2489 1193 2640 1251 CAP.
2680 1190 2877 1248 XXIX.

1901 1333 2054 1399 Quod
2085 1334 2225 1387 Deus
2256 1333 2559 1386 nominatur
2579 1339 2625 1383 et
2655 1330 2811 1382 homo
2842 1339 3102 1395 apparens
3136 1319 3475 1391 Unigenittts.

1968 1467 2224 1522 Salomon
2276 1465 2351 1517 ait
2405 1477 2569 1518 orans
2598 1504 2610 1516 .
2651 1481 2669 1513 ι
2705 1462 2771 1516 Et
2816 1473 2996 1524 nunc,
3055 1456 3282 1511 Domine
3332 1455 3474 1508 Deus

1899 1550 2099 1624 Israel,
2123 1555 2377 1612 credibile
2411 1556 2505 1608 tiat
2536 1554 2758 1606 verbum
2790 1560 2963 1613 tuum,
3005 1551 3147 1618 quod
3178 1549 3388 1603 locutus
3415 1562 3474 1600 es

1896 1668 2064 1722 puero
2096 1660 2186 1705 tuo
2218 1647 2407 1702 David.
2450 1642 2943 1713 Ergonecredibile
2978 1651 3058 1696 est
3084 1642 3227 1711 quod
3260 1640 3476 1694 habita-

1824 1770 1868 1824 Β
1898 1744 1975 1797 vit
2000 1742 2284 1811 Deus_cum
2314 1736 2628 1791 hominibus
2662 1733 2712 1786 in
2742 1741 2884 1787 terra
2902 1730 2988 1784 ”?
3016 1748 3034 1782 ι
3066 1731 3470 1793 Animadverte,

1897 1835 2038 1905 quod
2070 1833 2296 1886 miretur
2325 1827 2485 1884 Verbi
2519 1824 2950 1880 incarnationem
2980 1838 2994 1873 :
3029 1822 3296 1875 habitavit
3320 1836 3474 1873 nam-

1895 1939 2001 1996 que
2032 1940 2153 1980 cum
2182 1921 2490 1977 hominibus
2514 1918 2565 1971 iu
2593 1927 2758 1981 terra,
2787 1929 2907 1967 cum
2937 1913 3100 1967 homo
3129 1921 3213 1965 est
3244 1910 3472 1974 factum,

1895 2035 1983 2075 res
2015 2018 2158 2072 enim
2183 2012 2517 2071 incredibilis
2555 2008 2861 2063 videbatur.
2900 2004 3158 2073 Alioquin
3202 2001 3474 2071 quomodo

1904 2110 1957 2165 id
1993 2108 2320 2179 praecipuum
2354 2101 2608 2172 quiddam
2645 2100 2735 2166 sit,
2762 2095 2865 2179 .vel
2902 2096 3171 2165 quomodo
3219 2094 3271 2147 id
3307 2092 3474 2145 mira-

1897 2202 2044 2256 tione
2076 2199 2317 2269 dignum,
2353 2209 2474 2249 cum
2514 2193 2653 2246 Deus
2692 2188 2765 2244 ab
2800 2190 2905 2265 his.
2940 2202 3071 2259 quas
3107 2186 3222 2255 ipse
3252 2197 3476 2239 creave-

1896 2292 1987 2358 rit,
2028 2305 2136 2345 non
2180 2287 2443 2351 discedat,
2478 2285 2665 2339 fovens
2697 2297 2760 2337 ea
2797 2280 3028 2343 scilicet,
3057 2286 3111 2333 et
3146 2291 3208 2330 ea
3257 2275 3474 2343 quidem

1896 2378 2204 2455 continens,
2240 2394 2358 2455 qua:
2387 2378 2497 2447 jam
2535 2376 2677 2429 facta
2721 2382 2884 2435 sunt;
2919 2384 2983 2425 ea
3011 2384 3144 2424 vero
3185 2381 3307 2438 qua:
3336 2380 3475 2419 non-

1895 2477 2021 2531 dum
2072 2474 2212 2527 facta
2264 2454 2423 2533 sunt,
2472 2467 2703 2522 creans?
2740 2462 3058 2520 Miraculum
3106 2471 3286 2514 autem
3341 2471 3472 2511 vere

1896 2566 2249 2640 praecipuum,
2286 2561 2427 2632 quod
2453 2559 2505 2614 in
2542 2568 2684 2613 terra
2715 2572 2841 2613 cum
2872 2553 3183 2611 hominibus
3206 2550 3477 2636 habitarit

1890 2663 2057 2732 homo
2106 2656 2285 2712 factus
2331 2655 2492 2719 Deus,
2542 2653 2695 2722 juxta
2739 2640 3277 2721 promissio‘nesjam
3308 2648 3474 2696 antea

1895 2755 2046 2809 datas
2086 2752 2271 2806 divino
2308 2748 2509 2810 David;
2546 2746 2812 2814 scriptum
2856 2750 2942 2797 est
2982 2738 3129 2793 enim
3165 2755 3180 2790 :
3212 2755 3231 2787 ι
3267 2733 3479 2789 Iuravit

1896 2844 2156 2899 Dominus
2217 2840 2382 2894 David
2438 2837 2765 2901 veritatem,
2838 2841 2893 2886 et
2952 2844 3058 2884 non
3123 2826 3477 2881 frustrabitur

1892 2951 2014 2992 eam
2035 2934 2101 2987 “.
2137 2952 2155 2985 ›
2195 2929 2335 2998 Quid
2378 2939 2561 2983 autem
2596 2923 2841 2995 iuravit?
2873 2939 2894 2973 ‹
2926 2920 3000 2974 De
3056 2918 3234 2973 fructu
3264 2915 3474 2969 ventris

1896 3031 1973 3084 tui
2031 3041 2226 3097 ponam
2274 3037 2440 3103 super
2482 3020 2665 3075 sedem
2723 3025 2871 3070 tuam
2895 3014 2962 3066 ³⁷.
2997 3030 3017 3063 ι
3072 3010 3139 3065 Et
3181 3024 3311 3101 vero
3357 3005 3473 3071 ille,

222 3106 585 3160 Ilauifestavit
628 3107 832 3161 etenim
885 3107 1041 3161 nobis
1080 3106 1258 3162 Patris
1300 3108 1667 3173 voluntatem,
1700 3109 1788 3167 cui
1817 3113 1860 3171 C
1894 3094 2141 3191 quamvis
2174 3094 2515 3180 credidisset,
2552 3108 2696 3180 quod
2765 3118 3041 3179 nunquam
3086 3094 3317 3166 abneget
3352 3109 3477 3164 pro-

222 3216 240 3249 σ
272 3198 323 3251 in
358 3212 426 3251 eo
457 3197 783 3267 complacuit
810 3196 996 3252 orbem
1038 3198 1249 3255 salvare
1285 3200 1641 3265 terrarum",
1676 3220 1695 3253 ι
1735 3210 1790 3256 ct

218 3306 312 3360 per
344 3295 518 3361 ipsum
569 3300 625 3345 et
670 3291 722 3344 in
770 3291 887 3358 ipso
935 3290 1195 3343 mundum
1239 3290 1342 3343 sibi
1390 3291 1785 3347 reconciliare:

217 3384 441 3439 Christo
458 3383 605 3438 enim
638 3380 994 3445 reconciliati,
1028 3381 1136 3436 Deo
1160 3396 1348 3435 sumus
1370 3382 1702 3438 reconciliati
1722 3385 1789 3448 ”,

222 3475 361 3529 Deus
389 3483 473 3531 est
513 3476 657 3529 enim
690 3488 817 3527 vere
851 3471 1020 3527 Filius
1066 3472 1160 3526 Dei
1190 3482 1243 3527 et
1280 3472 1478 3528 Patris.
1510 3472 1789 3537 Quodnam

222 3567 386 3634 igitur
425 3565 495 3620 sit
530 3564 707 3618 Patris
737 3562 1047 3629 consilium,
1078 3563 1236 3630 cujus
1268 3562 1427 3618 nobis
1456 3562 1617 3617 luerit
1649 3579 1791 3616 nun-

225 3655 349 3722 tius,
389 3656 505 3725 ipse
537 3654 755 3709 docebit
802 3654 1031 3709 dicens:
1069 3672 1088 3705 ι
1121 3650 1196 3707 Ita
1228 3652 1376 3707 enim
1423 3653 1615 3707 dilexit
1650 3652 1793 3723 Deus

222 3722 502 3807 mundum,
557 3751 611 3795 ut
656 3740 854 3795 Filium
903 3757 1058 3795 suum
1111 3722 1672 3815 unigenitum'daret,
1736 3751 1794 3797 ut

221 3832 409 3886 omnis
430 3832 523 3900 qui
557 3830 734 3886 credit
772 3831 823 3884 in
858 3831 1054 3900 ipsum,
1082 3847 1185 3885 non
1217 3840 1426 3901 pereat,
1462 3834 1556 3887 sed
1584 3833 1793 3897 habeat

222 3924 385 3977 vitam
414 3933 671 3979 aeternam
691 3924 757 3975 ὀ.
792 3942 811 3974 ι
838 3922 1005 3977 Filius
1041 3935 1222 3978 autem
1254 3924 1565 3992 unigenitus
1596 3925 1685 3979 ille
1713 3937 1797 3982 est

221 4016 312 4083 qui
356 4024 441 4069 est
471 4030 537 4068 ex
571 4024 758 4069 sancta
785 4012 1021 4083 Virgine.
1044 4022 1367 4084 procreatus
1398 4032 1412 4067 :
1447 4016 1620 4083 ipsum
1649 4017 1795 4071 enim

225 4105 460 4162 Verbum
481 4107 641 4160 homo
660 4105 887 4170 factum,
904 4107 1047 4175 quod
1068 4104 1167 4159 fuit
1187 4105 1328 4161 Deus
1345 4105 1399 4161 in
1423 4121 1612 4173 carne.
1637 4122 1699 4162 ac
1719 4108 1798 4162 sic

225 4200 455 4255 terrenis
487 4198 757 4267 apparuit.
796 4197 1039 4266 Denique
1068 4198 1282 4252 dicebat
1309 4216 1322 4251 :
1360 4216 1377 4249 ‹
1408 4196 1512 4264 Qui
1542 4199 1794 4267 creditin

222 4308 329 4360 me,
361 4292 520 4346 habet
540 4290 708 4345 vitam
740 4299 998 4369 aeternam
1022 4289 1143 4344 ἰιι
1174 4288 1325 4355 Quod
1353 4304 1480 4344 vero
1504 4291 1794 4358 per,ipsum

225 4395 279 4438 et
308 4386 361 4438 in
392 4386 506 4453 ipso
535 4385 823 4459 credamus
846 4380 1016 4453 Patri,
1051 4370 1359 4457 explanavit
1387 4383 1609 4438 dicens:
1649 4400 1667 4433 ι
1697 4383 1796 4449 Qui

1896 3214 2211 3269 missionem
2242 3211 2385 3265 Deus
2423 3196 2787 3273 omnipotens,
2827 3208 3002 3252 tamen
3046 3194 3222 3263 ipsum
3254 3202 3479 3260 genera-

1895 3306 2059 3362 tionis
2083 3305 2263 3359 locum
2298 3298 2564 3356 curiosius
2595 3290 2933 3363 inquirebat,
2967 3288 3198 3355 ideoque
3227 3282 3474 3337 dicebat:

1902 3419 1920 3451 ι
1951 3398 2007 3454 Si
2049 3395 2346 3453 ascendero
2396 3403 2558 3460 super
2601 3386 2801 3441 lectum
2851 3380 3004 3436 strati
3040 3377 3170 3457 mei,
3206 3375 3250 3430 si
3279 3374 3479 3429 dedero

1897 3502 2147 3541 somnum
2189 3483 2363 3539 oculis
2401 3479 2558 3543 meis,
2597 3484 2689 3530 aut
2734 3464 3011 3546 palpebris
3038 3467 3174 3523 meis
3212 3464 3479 3519 dOrmita-

1898 3578 2248 3637 tionem,»aut
2278 3572 2520 3638 requiem
2551 3566 2884 3636 temporibus
2926 3562 3085 3622 meis,
3123 3559 3297 3612 donec
3324 3556 3478 3609 inve-

1898 3668 2042 3720 niam
2075 3664 2249 3718 locum
2285 3659 2535 3722 Domino,
2574 3653 2980 3710 tabernaculum
3017 3650 3127 3703 Deo
3155 3646 3325 3701 Jacob
3346 3646 3417 3697 ’°.
3452 3661 3475 3697 s

1900 3756 2103 3812 Deinde
2145 3769 2266 3808 cum
2314 3750 2362 3804 id
2392 3762 2607 3818 quoque
2658 3759 2753 3813 per
2794 3742 3044 3819 spiritum
3077 3724 3391 3808 reperisset,
3426 3743 3481 3789 et

1897 3846 2135 3904 carnalis
2177 3840 2540 3915 generationis
2581 3834 2856 3906 Uuigeniti
2893 3833 3072 3887 locum
3109 3828 3475 3899 cognovisset,

1899 3938 2307 4009 evangelirsabat
2374 3944 2429 3989 et
2488 3930 2701 3986 dicebat
2752 3947 2766 3981 :
2822 3946 2842 3980 ι
2883 3924 3200 3980 Audivimus
3247 3936 3365 3976 eam
3426 3925 3477 3977 in

1900 4034 2162 4103 Ephrata,
2194 4049 2213 4082 ι
2250 4029 2302 4082 id
2326 4037 2427 4093 est,
2462 4026 2512 4079 in
2547 4023 2861 4087 Bethleem;
2899 4038 2917 4069 ι
2945 4017 3248 4101 invenimus
3278 4031 3397 4098 eam
3426 4016 3478 4069 in

1900 4096 2105 4195 campis
2134 4123 2283 4177 silva:
2302 4122 2370 4173 ’9.
2406 4139 2424 4171 ι
2471 4118 2624 4185 Quod
2659 4131 2788 4169 vero
2813 4114 3000 4183 dicens
3021 4096 3478 4180 prrata,signi-

1902 4217 2025 4271 licet
2072 4214 2346 4269 Bethleem
2377 4252 2392 4275 ,
2440 4210 2700 4280 propheta
2751 4200 3126 4273 comprobavit
3171 4220 3185 4256 :
3238 4221 3257 4253 ι
3290 4201 3353 4255 Ει
3386 4212 3477 4264 ιιι,

1902 4303 2200 4366 Bethleem,
2228 4302 2417 4365 domus
2449 4300 2683 4368 Ephrata
2716 4297 2780 4349 ³ο.
2814 4316 2833 4349 ι
2872 4294 3111 4351 Observa
3139 4301 3319 4346 autem
3354 4304 3480 4359 quo-

1905 4394 2063 4450 modo
2100 4408 2247 4456 eum,
2284 4406 2441 4461 quem
2481 4390 2789 4447 crediderat
2816 4396 3059 4443 creatum
3081 4385 3236 4455 juxta
3264 4368 3386 4437 ‘nos
3423 4381 3476 4434 iu

227 4478 405 4532 credit
429 4478 482 4531 in
523 4491 627 4541 me,
657 4491 762 4530 non
789 4476 963 4531 credit
993 4475 1176 4540 inme,
1211 4474 1304 4529 sed
1331 4474 1384 4529 in
1414 4490 1537 4529 eum
1571 4475 1660 4542 qui
1693 4474 1794 4527 mi-

1902 4488 2160 4558 Ephrata,
2210 4485 2375 4539 Deum
2418 4482 2586 4538 Jacob
2638 4481 2897 4547 nominet,
2954 4478 3111 4549 cujus
3161 4474 3482 4530 iubabitatio

226 4568 298 4621 sit
341 4582 426 4620 me
446 4568 527 4633 ";
558 4587 575 4618 ι
610 4576 662 4619 et
695 4584 708 4618 :
747 4584 765 4617 ‹
798 4565 899 4632 Qui
926 4565 1060 4619 vidit
1091 4580 1197 4631 me,
1248 4566 1381 4620 vidit
1410 4581 1537 4620 eum
1567 4566 1658 4633 qui
1697 4566 1795 4620 mi-

225 4660 294 4713 sit
330 4674 415 4712 me
437 4660 503 4712 ’³.
535 4678 553 4709 ι

301 4768 321 4803 ι
351 4750 544 4803 Audite
586 4764 695 4812 me,
735 4746 941 4813 insula},
989 4758 1043 4804 et
1091 4749 1371 4814 attendite,
1416 4759 1625 4819 gentes.
1674 4752 1798 4807 Post

228 4842 454 4905 multum
507 4842 762 4911 temporis
790 4840 976 4907 stabit,
1010 4842 1141 4897 dicit
1180 4842 1477 4909 Dominus;
1526 4857 1591 4898 ex
1645 4854 1798 4900 utero

227 4936 420 4990 matris
462 4935 732 5003 vocabunt
776 4949 971 4989 nomen
1009 4933 1279 4988 meum“.
1314 4952 1334 4985 ι
1381 4934 1515 4988 Cum
1561 4933 1795 4990 Verbum

225 5029 296 5082 sit
321 5026 486 5090 Deus,
510 5041 615 5097 non
642 5025 914 5095 ignoravit
936 5025 1081 5095 quod
1105 5023 1508 5093 generationem
1538 5025 1795 5091 patietur,

224 5134 292 5174 cx
325 5118 558 5190 muliere?
591 5118 933 5173 incarnatum
966 5126 1187 5186 propter
1218 5130 1335 5170 nos.
1366 5113 1584 5171 Sciebat
1619 5127 1796 5172 autem

225 5211 369 5279 quod
414 5209 698 5265 vocabitur
751 5209 1005 5264 Christus
1048 5207 1203 5264 Iesus
1252 5224 1281 5262 a
1330 5205 1443 5265 Deo
1496 5221 1549 5263 et
1603 5206 1797 5273 Talre;

224 5301 477 5357 omnibus
520 5301 678 5357 nobis
712 5316 909 5357 novum
938 5299 1039 5357 ﬁlii
1072 5316 1269 5356 nomen
1302 5301 1620 5372 praedicans,
1655 5305 1798 5370 quod

296 5524 341 5557 ¹³
375 5523 477 5578 Isa.
522 5536 617 5583 vn,
648 5521 737 5586 14,
763 5520 916 5587 juxta
955 5519 1145 5573 Matth.
1180 5530 1234 5575 et
1270 5520 1452 5642 Grilli
1483 5520 1788 5578 lectionem.
1860 5525 1904 5557 “
1932 5525 2161 5596 Philipp.
2208 5544 2267 5593 ll,
2300 5528 2352 5582 7.

296 5595 436 5642 tlnss.
472 5609 514 5642 ι.
544 5592 633 5642 20.
716 5593 759 5624 ¹⁹
791 5590 946 5642 Rom.
976 5591 1142 5642 v.10.
1219 5591 1264 5620 ³⁸
1333 5605 1458 5642 oan.
1486 5606 1564 5642 Ill.
1600 5592 1684 5642 16.
1763 5595 1806 5625 ἰ
1847 5593 2002 5642 .Inan-
2048 5613 2123 5642 γι-
2154 5597 2242 5642 ΔἸ-
2319 5601 2352 5631 ἐ

225 5594 436 5649 Coloss.
472 5609 514 5654 ι.
544 5592 633 5646 20.
716 5593 759 5624 ¹⁹
791 5590 946 5644 Rom.
976 5606 1027 5643 v.
1056 5591 1142 5644 10.
1219 5591 1264 5620 ³⁸

228 5680 373 5726 nix,
410 5665 457 5729 I,
484 5660 888 5735 ijuxtauhXX.
919 5662 984 5735 "‘
1028 5659 1066 5714 Il
1092 5660 1352 5735 __Pa_ralip.
1406 5674 1480 5725 vr,
1516 5661 1602 5735 I7.
1654 5665 1804 5735 juxta
1844 5664 2008 5722 LXX.
2086 5668 2131 5699 "
2157 5666 2296 5725 Psal.
2329 5684 2515 5733 cxxst,
2554 5668 2638 5723 Il.

231 5737 274 5768 ¹⁹
306 5737 435 5791 ibid.
468 5730 527 5790 ϐξ
607 5733 648 5763 ³ο
677 5732 836 5788 Mich.
875 5746 924 5793 v,
957 5730 1011 5785 ‘2.
1090 5732 1131 5760 ³¹
1170 5730 1311 5785 Psal.
1358 5746 1497 5797 xui,
1538 5732 1621 5786 10.

1333 5605 1458 5643 oan.
1486 5606 1564 5662 Ill,
1600 5592 1684 5648 16.
1763 5596 1794 5625 ’ί

1902 5612 2003 5649 tan.
2048 5592 2123 5658 vi,
2154 5597 2243 5650 47.
2319 5601 2364 5631 ’⁸
2394 5596 2550 5653 .Ioan.
2589 5612 2686 5662 xu,
2720 5596 2807 5650 44.
2887 5595 2931 5625 ’³
2965 5594 3093 5649 ibid.
3123 5592 3211 5662 d5.

1905 4578 2005 4631 fuit
2039 4577 2091 4630 in
2125 4574 2474 4628 tabernaculo
2507 4592 2521 4628 :
2551 4574 2621 4627 ibi
2654 4572 2800 4628 enim
2835 4570 3046 4639 peperit
3074 4564 3258 4621 Iesum
3286 4571 3477 4618 sancta

1907 4670 2092 4740 Virgo.
2464 4670 2611 4725 ,ᾖ
2742 4652 3057 4715 η
3190 4646 3465 4671 ⁷””’

1974 4762 2226 4817 Nominat
2255 4767 2433 4813 autem
2464 4769 2587 4808 eum
2614 4762 2671 4808 et
2702 4751 2827 4806 alibi
2868 4751 3035 4804 Deum
3077 4748 3349 4803 Abraham
3388 4746 3467 4800 di-

1905 4870 2034 4909 cens
2068 4872 2081 4907 :
2114 4871 2133 4904 (
2165 4849 2443 4916 Principes
2472 4844 2788 4914 populorum
2832 4840 3145 4911 congregati
3191 4848 3316 4894 sunt
3358 4853 3482 4891 cum

1907 4944 2016 4998 Deo
2058 4934 2326 5003 Abraham
2356 4938 2423 4990 ³¹.
2462 4956 2480 4988 ι
2514 4936 2658 4990 Pene
2691 4936 2833 4989 enim
2888 4916 3105 4987 mentis
3129 4932 3238 4999 sua:
3286 4929 3477 4993 oculis,

1907 5048 2004 5103 per
2026 5030 2470 5097 illuminationem
2490 5028 2725 5097 Spiritus
2747 5024 2947 5089 sancti,
2973 5014 3275 5095 futurorum
3298 5023 3480 5078 scien-

1911 5125 1981 5178 tia
2024 5124 2290 5190 eruditus,
2326 5122 2598 5193 principes
2639 5119 2982 5192 populorum,
3031 5121 3081 5173 id
3128 5128 3232 5182 est,
3264 5125 3479 5172 sanctos

1910 5215 2183 5284 apostolus
2224 5217 2274 5270 iu
2326 5214 2537 5269 Domini
2585 5213 2754 5267 nostri
2799 5212 2929 5268 .lesu
2975 5212 3174 5269 Christi
3208 5198 3478 5265 cernebat

1910 5308 2189 5377 obsequio.
2232 5308 2366 5364 Cum
2404 5306 2569 5377 igitur
2603 5324 2621 5357 s
2651 5303 2795 5360 Deus
2833 5303 3105 5359 Abraham
3139 5321 3157 5355 ι
3189 5313 3244 5357 ει
3283 5321 3302 5354 ι
3333 5299 3479 5356 Deus

2469 5528 2511 5558 ¹⁷
2550 5526 2651 5583 lsa.
2693 5540 2772 5589 XI,
2814 5522 2868 5591 5,
2897 5523 2949 5587 6,
2970 5522 3125 5590 juxta
3162 5517 3329 5591 LXX;
3374 5586 3392 5591 _
3431 5512 3475 5549 "

2753 5621 2807 5700 δ’
2840 5621 3317 5722 ίυῖξίίυωὲιἿυίά.
3358 5621 3474 5712 57's:
