4016 6202
474 275 495 330 1
508 274 608 329 105

1490 263 1549 318 S.
1591 262 1867 318 CYRILLI
1907 256 2375 314 ALI'IXANDRIM
2414 253 2729 312 ARCHIEP.

3584 232 3727 287 μοι

476 385 657 447 lacoh,
689 401 717 459 ιη
750 380 844 449 qui
875 390 961 436 est
1003 390 1161 434 natus
1189 393 1255 432 ex
1313 377 1563 442 muliere,
1606 376 1916 431 nominatus
1945 376 2035 439 sit,
2071 381 2114 439 Α
2144 373 2320 425 anima
2367 385 2507 424 mea.
2540 386 2557 418 ι
2600 365 2740 419 Deus
2769 374 2999 431 namque
3034 364 3119 412 est
3150 362 3341 407 natura
3376 347 3727 404 Emmanuel.

473 488 641 545 quare
667 488 772 527 non
795 474 865 528 sit
894 473 1056 541 Virgo
1080 479 1266 524 sancta
1305 467 1601 532 Θεοτόκοςῖ

1067 596 1220 654 CAP.
1269 596 1439 652 XXX.

1166 733 1347 787 Aliud.

546 848 812 918 Propheta
862 846 1161 903 Habacuc:
1200 866 1218 899 ι
1251 846 1504 910 Domine,
1550 844 1756 913 inquit,
1808 843 2044 898 inaudivi

474 942 714 995 auditum
748 947 921 1000 tuum,
949 948 1003 993 et
1053 939 1233 994 timui.
1266 937 1616 991 Consideravi
1645 950 1805 1005 opera
1835 945 1947 999 tua,
1992 942 2049 989 et

476 1032 688 1101 expavi.
726 1030 781 1085 In
823 1032 1000 1085 medio
1041 1032 1269 1084 duorum
1313 1028 1624 1081 animalium
1662 1026 2044 1095 cognosceris:

478 1123 533 1176 in
571 1124 857 1175 adventum
893 1120 1147 1187 temporis
1185 1119 1487 1173 ostenderis
1526 1118 1712 1170 ineo:
1747 1116 1872 1167 dum
1915 1131 2046 1168 con—

482 1215 691 1267 turbata
732 1213 893 1265 fuerit
931 1213 1109 1264 anima
1140 1226 1279 1271 mea,
1315 1210 1368 1262 in
1401 1211 1478 1263 ira
1520 1207 1902 1261 misericordia:
1934 1222 2049 1257 tue-

481 1323 599 1360 mor
635 1306 764 1361 eris.
811 1304 949 1357 Deus
996 1306 1060 1357 de
1100 1301 1342 1356 Themau
1387 1300 1588 1364 veniet,
1638 1308 1695 1353 et
1736 1306 1956 1351 sanctus
1987 1297 2052 1350 de

479 1408 663 1453 monte
704 1398 915 1453 Pharon
940 1396 1007 1449 ⁸².
1041 1414 1060 1445 ι
1103 1395 1258 1456 Vide.
1306 1392 1575 1462 quomodo
1610 1392 1662 1444 in
1716 1391 1890 1443 medio
1914 1387 2050 1441 duo-

482 1506 599 1542 rum
629 1489 948 1542 auimalium
980 1493 1335 1554 coguoscetur
1364 1501 1378 1537 :
1416 1498 1539 1536 nam
1565 1497 1685 1534 cum
1718 1490 1879 1534 natus
1907 1491 2052 1535 esset

478 1597 540 1633 ex
593 1579 838 1642 muliere,
865 1590 918 1631 ct
956 1579 1181 1630 vixisset
1224 1589 1394 1643 usque
1440 1573 1505 1626 ad
1545 1582 1753 1640 tempus
1804 1572 2051 1639 pretiosas

477 1671 688 1735 erucis;
722 1689 741 1720 ‹
776 1669 960 1723 Gratia
1016 1666 1129 1730 Dei,
1163 1665 1304 1719 sicut
1357 1665 1432 1716 ait
1480 1663 1669 1718 beatus
1703 1662 1920 1727 Paulus,
1956 1676 2048 1729 per

478 1776 634 1815 suum
667 1774 862 1827 corpus
886 1772 982 1824 pro
1004 1756 1253 1812 omnibus
1277 1755 1513 1823 gustavit
1539 1764 1766 1807 mortem
1790 1753 1854 1808 ³³.
1887 1772 1905 1802 ›
1943 1751 2047 1806 Sed

478 1851 728 1919 quoniam
776 1858 968 1902 natura
1025 1858 1145 1901 erat
1200 1847 1371 1913 Dens,
1420 1846 1719 1901 resurrexit
1762 1848 1939 1900 denuo
1996 1845 2047 1899 in

478 1942 865 2010 sempiternam
896 1940 1081 1993 vitam.
1112 1940 1370 2008 Cognitus
1399 1948 1485 1992 est
1515 1938 1678 2006 igitur
1703 1938 1809 2001 hic,
1839 1937 1927 2005 qui
1952 1951 2050 2006 pro

480 2034 636 2088 nobis
664 2032 953 2101 pretiosam
985 2031 1241 2086 sustinuit
1268 2047 1484 2086 crucem
1525 2031 1577 2084 in
1612 2031 1790 2082 medio
1820 2031 2048 2082 duorum

478 2124 813 2179 animalium.
840 2121 972 2174 Nam
1009 2122 1124 2188 ipse
1146 2121 1344 2176 alicubi
1374 2122 1450 2175 ait
1482 2122 1548 2175 ad
1581 2119 1795 2176 Iudaeos
1822 2139 1835 2172 :
1875 2138 1892 2170 ι
1917 2119 2048 2173 Cum

476 2208 850 2266 exultaveritis
880 2205 1073 2260 Filium
1111 2209 1367 2273 hominis,
1402 2220 1512 2263 tum
1550 2208 1888 2278 cognoscetis
1923 2208 2051 2275 quia

476 2319 576 2370 ego
621 2319 741 2358 sum
765 2303 832 2357 ”.
866 2323 887 2355 ι
928 2305 1060 2359 Vide
1100 2303 1289 2365 etiam,
1336 2302 1606 2370 quomodo
1653 2300 1817 2353 Deum
1874 2300 2049 2368 ipsum

477 2397 787 2463 nominans,
838 2412 907 2451 ex
952 2395 1195 2449 'l‘heman
1245 2402 1558 2473 venturum,
1614 2401 1669 2446 et
1722 2405 1817 2466 6"
1840 2389 2051 2444 I’harau

481 2496 663 2542 ruente
686 2489 995 2557 pronuntiat
1024 2488 1435 2555 (interpretatur
1460 2494 1638 2539 autem
1668 2484 1912 2538 Theman
1944 2486 2053 2537 Au-

477 2580 652 2645 ster):
686 2580 935 2647 apparuit
980 2578 1123 2633 enim
1172 2577 1439 2640 Christus,
1500 2591 1603 2628 non
1656 2591 1683 2627 a
1741 2572 2055 2643 regionibus

475 2670 783 2739 Aquilonis,
834 2669 930 2724 sed
982 2672 1049 2724 ab
1096 2668 1322 2723 australi
1375 2665 1585 2729 Judzea,
1636 2667 1687 2720 in
1742 2682 1846 2736 qua
1888 2666 2060 2719 etiam‘

479 2764 752 2819 Bethleem
782 2773 887 2819 est.
923 2763 1053 2819 Cum
1100 2764 1263 2831 igitur
1292 2763 1360 2822 is.
1391 2762 1481 2829 qui
1529 2759 1787 2812 Dominus
1822 2767 1875 2810 et
1918 2756 2056 2812 Dens

478 2858 788 2912 nominatus
816 2865 919 2921 est,
952 2870 1017 2908 ea
1048 2854 1228 2908 .Iuda-a
1261 2852 1468 2905 venerit
1504 2848 1748 2909 australi,
1783 2859 1939 2900 natus
1975 2855 2055 2900 est

477 2950 621 3001 enim
665 2949 716 3001 iu
764 2947 1076 3009 Bethleem;
1106 2945 1375 3012 quomodo
1423 2955 1529 2997 nou
1575 2941 1645 2994 sit
1677 2950 1862 2994 sancta
1892 2936 2055 3009 Virgo

477 3038 739 3100 Θεοτόκος
750 3035 774 3089 ἲ

1067 3147 1218 3204 CAP.
1262 3145 1458 3203 XXXI.

1179 3262 1359 3317 Aliud.

548 3378 608 3434 lu
654 3376 850 3437 Genesi
907 3375 1167 3442 scriptum
1217 3382 1298 3429 est
1343 3392 1356 3427 :
1398 3394 1416 3426 ‹
1445 3372 1829 3429 Subremansit
1860 3384 2053 3428 autem

478 3471 646 3528 Jacob
675 3469 842 3536 solus,
876 3477 931 3523 et
955 3466 1261 3521 luctabatur
1285 3467 1447 3520 homo
1478 3482 1598 3519 cum
1645 3466 1763 3534 ipso
1793 3480 1960 3534 usque
1989 3466 2054 3520 ad

481 3580 640 3620 mane
668 3582 682 3618 :
715 3561 848 3615 vidit
875 3570 1053 3614 autem
1085 3559 1227 3629 quod
1274 3574 1374 3611 non
1404 3557 1724 3627 prtevaleret
1752 3558 1817 3611 ad
1855 3556 2052 3629 ipsum,

479 3666 535 3712 et
568 3653 748 3725 tetigit
798 3628 1133 3705 latitudinem
1167 3647 1328 3719 795
1354 3648 1571 3703 femoris
1623 3647 1763 3716 ejus,
1800 3664 1921 3703 cum
1970 3628 2053 3703 lu-

479 3755 721 3802 ctaretnr
755 3760 875 3797 cum
917 3758 1001 3808 eo,
1040 3752 1094 3795 et
1128 3741 1265 3795 dixit
1296 3741 1343 3794 ei
1379 3758 1393 3793 :
1434 3740 1654 3793 Dimitte
1702 3756 1807 3803 me,
1858 3756 2050 3795 ascen-

482 3839 559 3893 dit
600 3838 741 3892 enim
769 3848 938 3890 ortus.
981 3833 1074 3888 Ille
1120 3841 1298 3887 autem
1335 3830 1513 3885 dixit:
1552 3832 1669 3885 Non
1715 3841 1767 3886 te
1813 3832 2051 3898 dimitto,

482 3931 584 3987 nisi
608 3926 953 3986 benedixeris
975 3926 1107 3981 mihi
1134 3925 1200 3979 ³⁸.
1237 3944 1256 3976 ι
1294 3922 1360 3977 Et
1384 3933 1502 3993 post
1532 3924 1635 3977 alia
1674 3942 1686 3978 :
1726 3944 1743 3976 ι
1774 3925 2055 3979 Benedixit

481 4032 660 4079 autem
696 4038 819 4076 eum
851 4021 947 4085 ibi,
978 4029 1033 4075 et
1067 4018 1278 4073 vocavit
1309 4032 1503 4072 nomen
1539 4017 1638 4072 loci
1667 4018 1831 4081 illius,
1863 4017 2051 4072 faciem

482 4116 617 4171 Dei:
651 4115 758 4169 vidi
795 4113 964 4176 enim,
996 4110 1193 4181 inquit,
1246 4109 1412 4165 Deum
1454 4108 1593 4165 facie
1635 4111 1701 4163 ad
1740 4109 1955 4173 faciem,
1999 4118 2055 4165 et

478 4209 683 4266 salvata
730 4218 813 4261 est
861 4206 1040 4259 anima
1093 4203 1526 4258 mea:ascendit
1580 4214 1758 4259 autem
1820 4204 1935 4270 sol,
1999 4214 2055 4259 et

479 4302 695 4356 transiit
746 4299 913 4354 facies
963 4296 1086 4365 Dei;
1136 4300 1251 4366 ipse
1297 4308 1472 4351 autem
1528 4297 1795 4351 titubabat
1848 4296 2053 4351 femore

2150 463 2355 515 Dic-itur
2398 470 2577 513 autem
2628 458 2794 511 etiam
2830 453 2998 507 facies
3033 449 3151 503 Dei.
3190 446 3321 501 Nam
3361 452 3447 497 est
3488 460 3510 493 ι
3549 441 3732 508 ﬁgura

2144 553 2457 608 substantia:
2504 549 2682 603 Patris
2704 547 2771 609 “’.
2812 564 2831 597 ι
2859 553 2911 598 et
2952 542 3025 597 ita
3069 554 3128 595 se
3174 537 3401 591 vocabat
3452 532 3597 599 apud
3628 527 3735 582 Ju-

2052 670 2055 673 ν
2143 647 2313 709 dazos,
2343 658 2464 697 cum
2493 642 2695 715 diceret
2726 638 2792 691 de
2818 636 2925 690 Deo
2948 642 3003 687 et
3034 631 3231 685 Patre:
3262 645 3281 678 ι
3316 624 3498 693 Neque
3525 620 3733 675 faciem

2145 733 2261 800 ejus
2296 712 2525 794 vidistis,
2555 741 2609 784 et
2651 726 2871 782 verbum
2919 723 3036 791 ejus
3080 735 3185 773 non
3228 714 3437 770 habetis
3477 712 3534 766 in
3567 709 3736 765 vobis

2148 838 2398 887 manens,
2435 822 2559 890 quia
2612 834 2771 891 quem
2819 816 2968 871 misit
2999 813 3108 875 ille,
3151 810 3274 864 huic
3302 820 3400 861 vos
3448 818 3557 867 non
3597 816 3733 855 cre-

2149 914 2275 969 ditis
2298 911 2360 962 ⁹⁸.
2396 928 2414 962 ι

2221 1003 2372 1070 Quod
2405 1015 2533 1054 vero
2570 998 2714 1053 Deus
2742 997 2812 1050 sit
2837 1009 3001 1048 verus
3030 994 3195 1047 homo
3224 988 3312 1042 ille
3357 986 3447 1053 qui
3479 982 3737 1037 luctaba-

2151 1105 2238 1149 tur
2281 1108 2401 1147 cum
2434 1090 2623 1151 Jacoh,
2654 1101 2808 1142 sacra
2857 1086 3049 1139 iterum
3094 1081 3274 1135 littera
3308 1077 3472 1131 faciet
3516 1075 3731 1136 iidem;

2151 1184 2285 1237 dixit
2335 1183 2477 1235 enim
2513 1198 2528 1233 :
2568 1199 2586 1231 ι
2622 1177 2799 1246 lnquit
2857 1176 3115 1228 Dominus
3163 1172 3230 1225 ad
3262 1167 3474 1224 Jacob:
3514 1164 3735 1231 Surge,

2151 1274 2382 1328 ascende
2414 1272 2467 1325 in
2515 1272 2688 1323 locum
2734 1266 3032 1330 Bethleem,
3068 1263 3251 1317 habita
3300 1260 3397 1321 ibi,
3432 1267 3487 1312 et
3518 1255 3610 1311 fac
3655 1256 3738 1309 ibi

2151 1365 2324 1419 altare
2364 1363 2496 1425 Deo,
2538 1363 2628 1429 qui
2683 1357 2933 1429 apparuit
2959 1354 3054 1409 tibi
3100 1368 3224 1407 cum
3255 1351 3468 1419 fugeres
3512 1364 3546 1401 a
3576 1346 3741 1399 Iade

2154 1455 2337 1509 fratris
2372 1454 2446 1507 tui
2489 1452 2630 1507 Esau
2653 1451 2715 1503 ³⁸.
2753 1469 2771 1500 ι
2804 1450 3100 1502 Revertens
3127 1444 3273 1499 enim
3317 1456 3384 1495 ea
3415 1438 3739 1506 lesopota-

2154 1549 2257 1601 mia
2293 1547 2384 1602 Dei
2409 1547 2585 1617 jussu,
2631 1553 2684 1598 et
2719 1543 2914 1596 timens
2949 1539 3112 1602 Esau,
3149 1533 3364 1602 trajecit
3402 1532 3571 1586 Jacob
3600 1544 3738 1598 pue-

2155 1658 2243 1695 ros
2270 1648 2321 1693 et
2343 1638 2524 1692 omnia
2557 1651 2686 1690 vasa
2719 1648 2815 1689 sua
2842 1648 2858 1687 :
2896 1648 2915 1682 ι
2950 1625 3330 1683 Subremausit
3351 1630 3529 1678 autem
3553 1618 3737 1684 Stilus,

2084 1717 2124 1770 Β
2151 1742 2205 1785 et
2236 1730 2536 1785 luctabatur
2564 1728 2723 1781 homo
2747 1738 2868 1789 cum
2898 1736 2985 1776 eo.
3018 1738 3038 1771 ι

2732 1837 2883 1893 CAP.
2925 1832 3143 1891 XXXII.

2845 1948 3029 2004 Aliud.

2222 2069 2420 2124 Beatus
2469 2066 2653 2121 Daniel
2705 2064 3021 2119 horribilem
3059 2060 3321 2116 visionem
3372 2056 3527 2111 nobis
3566 2068 3740 2123 expo-

2155 2177 2287 2217 nens
2316 2180 2330 2215 :
2364 2179 2382 2212 ‹
2415 2160 2695 2224 Videbam,
2723 2155 2919 2225 inquit,
2952 2154 3006 2206 in
3035 2153 3245 2208 visione
3269 2149 3467 2211 noctis,
3499 2158 3551 2202 et
3576 2160 3735 2209 cccc,

2154 2268 2273 2308 cum
2316 2251 2547 2305 nubibus
2581 2249 2703 2304 coeli
2746 2247 2900 2317 quasi
2927 2244 3102 2300 Filius
3126 2240 3365 2299 hominis
3395 2239 3644 2301 veniens,
3676 2244 3742 2291 et

2156 2359 2327 2413 usque
2365 2343 2431 2395 ad
2462 2338 2743 2395 Vetustum
2776 2339 2986 2393 dierum
3021 2335 3286 2405 pervenit,
3325 2342 3379 2387 et
3411 2332 3461 2384 in
3498 2343 3743 2397 conspe—

2154 2445 2299 2490 ctum
2328 2434 2443 2502 eius
2471 2434 2811 2487 adduxerunt
2839 2444 2984 2493 eum,
3021 2441 3077 2484 et
3106 2428 3201 2496 ipsi
3228 2426 3383 2481 datus
3414 2432 3498 2477 est
3526 2423 3745 2483 honor,

2155 2538 2209 2585 et
2242 2542 2462 2596 regnum
2491 2544 2506 2579 :
2533 2535 2587 2578 et
2617 2536 2807 2578 omnes
2842 2521 3046 2592 populi,
3082 2520 3272 2582 tribus,
3315 2525 3367 2571 et
3395 2515 3590 2583 linguae
3619 2513 3745 2581 ipsi

2156 2620 2435 2674 servient:
2465 2627 2705 2686 potestas
2743 2615 2862 2683 eius
2906 2623 3147 2682 potestas
3188 2612 3240 2664 in
3284 2616 3569 2669 atomum,
3607 2618 3746 2673 quae

2158 2726 2261 2766 non
2294 2708 2745 2779 transgredietur,
2784 2717 2839 2760 et
2875 2718 3101 2775 regnum
3133 2702 3247 2771 ejus
3277 2715 3380 2753 non
3408 2709 3743 2782 corrumpe-

2159 2813 2244 2857 tur
2265 2803 2330 2857 “.
2365 2820 2383 2853 ι
2416 2801 2583 2855 Audis
2609 2797 3062 2870 quemadmodum
3085 2808 3193 2849 non
3217 2792 3488 2848 hominem
3523 2787 3739 2855 simpli-

2159 2896 2296 2949 citer
2320 2907 2378 2949 se
2405 2893 2609 2947 vidisse
2637 2897 3049 2951 commemoret,
3076 2872 3165 2941 ita
3201 2900 3342 2940 unus
3369 2898 3434 2937 ex
3467 2882 3641 2943 nobis,
3677 2890 3737 2934 et

2157 2988 2308 3056 juxta
2342 2999 2442 3039 nos
2481 2982 2798 3038 Emmanuel
2837 2995 2956 3035 esse
2997 2978 3291 3043 credatur;
3322 2977 3416 3030 sed
3454 2974 3609 3043 quasi
3638 2969 3735 3025 Fi-

2160 3083 2291 3136 lium
2335 3078 2589 3135 hominis.
2633 3075 2752 3150 [(l)
2790 3075 2923 3132 Cum
2954 3073 3098 3128 enim
3152 3068 3385 3125 Verbum
3426 3077 3616 3121 natura
3659 3064 3735 3118 sit

2161 3172 2334 3239 Deus,
2392 3172 2485 3226 «in
2532 3168 2890 3226 similitudine
2938 3176 3121 3219 tamen
3178 3161 3456 3217 hominum
3521 3158 3725 3211 factum

2159 3265 2278 3329 fuit,
2311 3273 2367 3319 et
2399 3265 2673 3319 inventum
2704 3270 2787 3315 est
2807 3259 2999 3314 habitu
3025 3268 3086 3311 ut
3118 3257 3282 3310 homo
3307 3252 3374 3316 “,
3400 3274 3420 3304 ι
3453 3261 3514 3305 ut
3544 3250 3600 3304 in
3637 3265 3732 3301 eo-

2157 3356 2276 3411 dem
2330 3364 2617 3423 utrumqne
2663 3351 3017 3418 intelligatur,
3076 3347 3128 3402 id
3176 3356 3296 3411 est,
3344 3358 3518 3413 neque
3566 3341 3734 3395 homo

2158 3450 2354 3512 nudus,
2381 3462 2554 3517 neque
2581 3446 2814 3501 Verbum
2847 3445 3052 3512 absque
3074 3438 3412 3495 humanitate
3438 3444 3493 3490 et
3518 3433 3730 3503 carne.|

2158 3539 2360 3593 Tamen
2394 3538 2442 3591 ei
2467 3536 2823 3607 principatum
2854 3543 2908 3589 et
2936 3533 3221 3593 honorem,
3244 3543 3365 3599 qua:
3390 3541 3601 3595 semper
3629 3523 3730 3578 ba-

2157 3633 2302 3693 beat,
2332 3630 2454 3685 data
2486 3642 2607 3682 esse
2642 3635 3076 3682 commemorat:
3109 3623 3185 3677 ait
3210 3622 3355 3676 enim
3382 3619 3527 3689 quod
3565 3637 3584 3669 ι
3611 3632 3730 3671 om~

2158 3733 2254 3775 nes
2284 3719 2490 3790 populi,
2535 3719 2727 3784 tribus,
2763 3727 2819 3771 et
2866 3715 3063 3785 lingua:
3113 3713 3213 3781 ipsi
3247 3711 3507 3767 servient.
3540 3726 3561 3760 ι
3594 3707 3730 3763 Cum

2160 3813 2326 3881 igitur
2355 3812 2517 3866 etiam
2547 3808 2600 3865 in
2631 3808 2968 3863 humanitate
2995 3805 3229 3875 positum
3264 3801 3604 3873 unigenitum
3638 3800 3731 3853 Dei

2160 3900 2393 3956 Verbum
2443 3901 2765 3955 servientem
2822 3898 3018 3952 habeat
3066 3904 3413 3959 creaturam,
3454 3900 3513 3946 et
3554 3889 3730 3944 Patris

2156 3990 2523 4061 principatum
2542 3998 2596 4045 et
2616 4004 2795 4055 suum,
2816 3987 3088 4056 pepererit
3107 3995 3287 4039 autem
3301 3983 3595 4039 secundum
3609 3995 3727 4035 car-

2155 4095 2278 4136 nem
2328 4080 2503 4151 ipsum
2536 4089 2719 4135 sancta
2756 4079 2948 4149 Virgo;
2978 4077 3250 4148 quoumdo
3278 4090 3384 4131 non
3415 4073 3726 4140 intelligitur

2153 4171 2444 4237 Osocéitoc?

2714 4278 2869 4341 CAP.
2910 4277 3149 4336 XXXIII.

477 4407 578 4449 SUO
598 4393 664 4444 ³⁸.
699 4410 719 4444 ι
746 4389 1005 4460 Mysticus
1026 4387 1240 4459 quidem
1265 4397 1348 4441 est
1378 4386 1781 4457 Seriplurarum
1815 4402 2007 4442 SCllSUS
2033 4405 2046 4442 ε
2084 4398 2130 4456 D
2163 4401 2236 4455 De
2271 4398 2467 4455 Chrisli
2493 4410 2776 4463 passione;
2808 4402 2859 4447 et
2894 4392 3033 4464 quod
3063 4391 3192 4445 utile
3224 4400 3319 4464 Aut.
3354 4387 3489 4464 quod
3545 4401 3729 4442 “cun.

475 4482 817 4539 subindicare
853 4481 997 4537 enim
1026 4480 1237 4534 videtur
1264 4477 1569 4533 Iudaeorum
1603 4479 2045 4546 obiuctationem,

476 4591 582 4645 qua
616 4573 909 4630 utebantur:
944 4588 1067 4628 cum
1100 4569 1339 4637 Christo,
1373 4583 1508 4638 pene
1544 4584 1663 4622 cum
1699 4569 1813 4637 ipso
1840 4569 2049 4623 luctan-

475 4676 597 4733 tes;
627 4665 720 4736 qui
754 4674 929 4719 tamcn
968 4662 1208 4733 superati
1257 4670 1405 4726 sunt,
1438 4671 1492 4714 et
1536 4660 1632 4728 ipsi
1667 4659 1832 4712 etiam
1863 4661 2037 4731 impe-

475 4759 669 4813 traturi
696 4756 1127 4813 benedictionem
1160 4755 1347 4826 ipsius,
1395 4754 1439 4808 si
1494 4769 1590 4824 per
1627 4753 1785 4807 fidem
1817 4753 1886 4807 ad
1924 4768 2046 4808 eum

475 4849 783 4905 novissimis
833 4848 1166 4918 temporibus
1219 4862 1277 4902 se
1318 4846 1740 4902 convenissent.
1790 4846 2047 4900 Attamen

474 4941 561 5021 ille
589 4950 737 4997 certe
775 4940 935 4996 homo
964 4947 1106 5002 erat,
1148 4936 1238 5007 qui
1271 4936 1596 5002 luctabatur,
1630 4944 1683 4991 et
1712 4949 1834 4988 eum
1865 4944 2042 4987 tamen

473 5032 638 5088 Jacob
676 5033 771 5086 Dei
802 5031 995 5087 faciem
1038 5027 1386 5096 nominabat;
1417 5044 1593 5099 neque
1627 5026 1678 5082 id
1719 5027 1918 5092 solum,
1950 5026 2043 5081 sed

472 5123 682 5179 sciebat
710 5139 832 5179 eum
859 5123 1022 5178 Deum
1050 5137 1170 5178 esse
1194 5122 1490 5177 secundum
1515 5120 1795 5174 veritatem
1827 5136 1840 5174 :
1877 5138 1897 5173 ‹
1931 5116 2044 5171 Vidi

474 5215 639 5283 enim,
673 5216 867 5287 inquit,
899 5215 1065 5271 Deum
1108 5210 1246 5269 facie
1279 5210 1347 5268 ad
1392 5212 1607 5280 faciem,
1642 5221 1695 5267 et
1726 5211 1929 5267 salvata
1966 5220 2047 5265 est

2230 4472 2354 4523 dum
2386 4460 2534 4521 aliud
2570 4475 2617 4518 et
2645 4464 2791 4517 aliud
2825 4464 2889 4517 de
2905 4460 3019 4517 uno
3057 4472 3109 4517 et
3133 4462 3314 4516 eodem
3338 4460 3556 4522 dicitur,
3614 4473 3710 4511 nec

2225 4540 2503 4593 dividimus
2526 4539 2583 4590 in
2615 4538 2742 4589 duo.

2249 4653 2482 4708 Sanctus
2513 4648 2707 4703 Paulus
2738 4646 3031 4702 salutarem
3077 4641 3384 4713 passionem
3427 4640 3586 4697 nobis
3632 4654 3727 4694 ex-

2149 4744 2314 4815 ponit,
2364 4745 2440 4797 ait
2473 4757 2704 4810 namque
2734 4758 2749 4797 :
2780 4760 2797 4791 ι
2827 4738 2980 4793 Nunc
3008 4738 3179 4810 gratia
3213 4735 3310 4791 Dei
3334 4751 3434 4805 pro
3457 4734 3715 4790 omnibus

2146 4837 2380 4906 gustavit
2404 4844 2632 4888 mortem
2653 4833 2721 4895 δ’,
2749 4849 2768 4885 ›
2806 4846 2903 4885 nec
2929 4846 3032 4885 non
3056 4829 3219 4886 etiam
3248 4846 3265 4883 :
3291 4843 3311 4881 α
3332 4827 3552 4883 Tradidi
3581 4828 3723 4883 enim

2154 4929 2307 4983 vobis
2340 4927 2625 4997 imprimis,
2652 4924 2793 4996 quod
2821 4933 2873 4977 et
2901 4923 3084 4992 accepi
3123 4940 3136 4975 :
3166 4921 3422 4992 quoniam
3470 4919 3726 4975 Christus

2154 5033 2398 5077 mortuus
2432 5032 2515 5076 est
2539 5035 2635 5090 pro
2666 5019 2904 5089 peccatis
2949 5018 3177 5081 nostris,
3228 5013 3527 5071 secundum
3573 5011 3715 5067 Scri-

2153 5125 2361 5184 pturas,
2397 5122 2450 5168 et
2481 5112 2606 5181 quia
2627 5110 2868 5178 sepultus
2891 5118 2992 5175 est,
3012 5118 3067 5164 et
3090 5106 3213 5178 quia
3243 5107 3543 5162 resurrexit
3565 5103 3723 5158 tertia

2151 5207 2236 5261 die
2270 5204 2339 5259 “.
2398 5224 2417 5256 ι
2484 5203 2560 5260 Ad
2624 5204 2725 5257 hoc
2768 5201 2927 5257 etiam
2983 5198 3421 5272 sapientissimus
3462 5198 3659 5254 Petrus
3703 5210 3719 5247 :

568 5349 848 5422 f'llabac.
886 5368 984 5414 tu.
1033 5353 1255 5422 lgseqq.
1334 5351 1379 5384 ³³
1426 5351 1585 5407 Hebr.
1623 5368 1691 5415 u,
1733 5352 1786 5406 9.
1865 5349 1910 5381 "
1940 5347 2049 5422 Joat

2157 5365 2273 5422 μιν,
2329 5347 2419 5400 es.
2495 5345 2704 5422 {{oen.
2762 5341 3178 5422 ωυρμ-26.
3252 5338 3299 5422 ξι
3340 5333 3719 5422 ειεῑρ.ηξε›-δξ.

474 5421 516 5452 ³⁷
546 5420 708 5476 llcbr.
758 5437 800 5483 ι,
828 5423 880 5475 5.
985 5422 1031 5454 ³⁸
1067 5420 1233 5477 ,ἰοειὶξ
1259 5440 1313 5487 v,
1343 5423 1429 5477 38.

474 5492 526 5547 9.
639 5490 684 5522 ⁸³
710 5488 731 5544 I
754 5491 881 5546 Cor.
920 5508 1007 5555 xv,
1044 5493 1100 5545 ‘5.

1511 5423 1552 5454 ³³
1588 5424 1722 5477 Cen.
1768 5436 1930 5481 xxxv,
1986 5420 2033 5471 Ι.

2110 5418 2153 5449 ’⁵⁸
2181 5417 2309 5471 Dan.
2355 5432 2453 5481 vn,
2491 5417 2556 5471 I3
2588 5431 2740 5485 seqq.

2814 5413 2855 5444 “
2895 5411 3124 5483 Philipp.
3161 5425 3220 5475 ll,
3252 5410 3305 5464 7.
3383 5410 3429 5440 “
3465 5408 3629 5462 ilebr.
3656 5420 3721 5468 η,

544 5629 621 5695 (l)
664 5627 758 5687 ilic
793 5629 942 5685 locus
972 5626 1201 5682 habetur
1230 5628 1529 5692 descriptus
1579 5626 1628 5677 in
1671 5624 1808 5679 libro
1857 5625 2033 5692 primo
2075 5619 2280 5676 Leontii
2322 5618 2605 5689 Dytantiui
2675 5619 2930 5676 adversus
2977 5619 3341 5691 Eutychianos
3408 5616 3510 5672 sub
3534 5614 3720 5669 linem.

474 5697 667 5753 llam.
