4016 6202
1330 70 1339 105 i

260 274 289 325 1
310 271 419 325 465

1197 271 1484 332 SCHOLIA
1527 278 1612 332 DE
1647 276 2154 339 [NCABNA'I‘IONE
2188 281 2556 371 UNIGENl'l'l.

3392 287 3526 342 “06

266 407 290 439 ε
343 388 582 453 Christo,
614 388 805 457 inquit,
861 404 1021 457 passo
1053 405 1150 457 pro
1175 394 1329 448 nobis
1362 410 1526 451 carne
1552 396 1613 448 “.
1660 416 1678 447 ι
1710 398 1845 451 Cum
1878 402 1923 457 Δ
1952 399 2113 454 Pullis
2142 401 2349 454 duobus
2381 411 2728 471 comparatur
2764 401 3034 466 Christus,
3087 414 3195 456 non
3223 403 3366 471 quod
3416 405 3525 458 duo

262 497 443 534 unum
495 480 658 549 igitur
714 482 987 535 credimus
1036 482 1320 537 Dominum
1369 496 1613 540 nostrum
1664 488 1846 541 Jesum

254 569 571 634 Christum,
606 570 657 622 id
683 580 789 634 est,
848 571 900 625 in
936 571 1169 626 humana
1223 574 1396 628 forma
1449 588 1796 644 conspectum
1831 619 1847 644 ,

250 662 391 715 sive
423 662 693 715 hominem
742 661 942 716 factum
993 663 1150 733 juxta
1201 680 1319 726 nos,
1358 666 1523 720 Deum
1562 667 1794 722 Verbum
1829 704 1845 732 ,

257 754 546 822 quomodo
581 765 635 807 et
674 748 977 823 passionem
1014 755 1112 823 ipsi
1153 756 1494 825 deputemus,
1538 768 1595 813 et
1642 760 1846 830 impas‘

256 844 429 898 sibile
470 853 645 898 tamen
664 854 964 911 servemus,
1001 854 1062 899 ut
1094 844 1307 901 Deum?

338 935 479 1006 Ergo
514 936 692 1002 passio
718 934 1141 1005 dispensationis
1164 948 1305 1005 erat,
1340 952 1434 994 sua
1468 942 1688 1009 quidem
1736 943 1841 996 du-

258 1037 429 1081 cente
473 1027 581 1080 Deo
619 1024 799 1080 Verbo
840 1040 928 1090 ea,
986 1037 1107 1096 qua:
1161 1036 1288 1083 sunt
1345 1032 1559 1098 propria
1611 1033 1795 1085 carnis
1824 1070 1840 1095 ,

261 1128 496 1185 propter
548 1118 968 1173 lneuarrabiiem
1020 1119 1335 1187 unitatem;
1396 1128 1647 1175 manente
1714 1136 1843 1177 vero

260 1218 429 1261 extra
459 1210 788 1278 passionem,
812 1220 1073 1280 quantum
1106 1211 1172 1265 ad
1220 1212 1391 1281 ipsius
1434 1221 1680 1267 naturam
1717 1228 1842 1283 pcrs

261 1299 408 1352 tinet
441 1316 454 1352 :
486 1300 828 1369 impassibilis
849 1303 991 1355 enim
1024 1301 1166 1356 Deus
1195 1314 1300 1358 est.
1323 1304 1578 1375 Nequeid
1608 1307 1801 1360 mirum
1823 1344 1839 1371 ,

261 1404 393 1444 cum
424 1394 478 1445 et
505 1392 672 1459 ipsam
709 1393 943 1447 hominis
972 1393 1206 1447 animam
1236 1395 1516 1451 videamus
1547 1438 1561 1461 ,
1616 1398 1661 1452 si
1715 1398 1840 1466 quid

259 1494 469 1545 corpus
490 1495 702 1549 passum
732 1480 913 1545 fuerit,
939 1490 1091 1535 extra
1126 1483 1431 1549 passionem
1460 1486 1675 1554 quidem
1729 1502 1839 1540 nia-

264 1582 513 1636 neutem,
565 1582 825 1640 quantum
864 1574 1101 1642 pertinet
1151 1575 1217 1627 ad
1269 1586 1551 1644 naturam;
1602 1587 1837 1632 attamen

260 1676 378 1715 non
411 1673 564 1716 extra
592 1664 895 1730 passionem
923 1678 1043 1718 esse
1095 1663 1323 1734 intelligi
1358 1707 1373 1731 ,
1409 1680 1474 1720 en
1521 1669 1663 1735 quod
1707 1684 1838 1735 pro-

260 1755 445 1821 prium
478 1756 548 1807 sit
582 1768 778 1824 corpus
807 1752 976 1824 ipsius
1005 1757 1147 1824 quod
1180 1731 1399 1825 patitur.
1431 1731 1595 1828 798
1626 1759 1689 1813 Et
1711 1731 1838 1814 licet
1872 1731 1913 1787 Β

264 1843 578 1913 incontigua
611 1845 704 1909 sit,
756 1854 811 1900 et
847 1846 1074 1916 simplex
1111 1864 1126 1914 ;
1175 1858 1352 1903 tamen
1386 1850 1436 1902 id
1466 1853 1607 1919 quod
1637 1846 1842 1918 patitur

265 1949 375 1986 non
407 1943 490 1987 est
528 1934 783 1990 alienum.
829 1938 920 1992 Sic
964 1938 1234 2008 intelliges
1285 1943 1447 1994 etiam
1501 1942 1568 1995 de
1621 1940 1839 1996 Christo

262 2026 507 2079 oiiinium
533 2025 830 2082 Salvatore.
860 2029 995 2085 Utar
1018 2041 1194 2086 autem
1222 2034 1506 2101 exemplis,
1536 2019 1836 2106 quaquuasi

262 2130 365 2183 per
399 2117 630 2187 muigma
672 2119 827 2173 nobis
875 2121 1084 2188 possint
1133 2122 1451 2185 ostendere,
1491 2126 1636 2193 quod
1680 2140 1830 2180 com-

260 2206 561 2260 municarit
605 2209 820 2277 quidem
877 2212 1113 2278 passioni
1157 2210 1518 2282 Unigenitns,
1570 2227 1832 2285 quantum

266 2299 544 2366 pertineat.
573 2306 639 2353 ad
678 2300 1102 2357 familiaritatem
1158 2306 1402 2374 corporis
1436 2308 1539 2370 sui,
1575 2310 1867 2364 manserit.

259 2400 443 2443 autem
472 2393 739 2459 passionis
767 2407 985 2463 expers,
1018 2404 1075 2448 nt
1108 2396 1290 2450 Deus.’

334 2479 516 2549 itaque
554 2483 694 2537 Deus
739 2485 1087 2554 omnipotens
1134 2488 1377 2558 prodigia
1421 2491 1834 2558 sapientissimo

260 2571 433 2641 Moysi
460 2572 684 2639 iubebat
719 2575 953 2641 edicere.
996 2592 1056 2631 ιιι
1077 2580 1398 2635 crcderetei
1438 2579 1607 2636 lsrael
1636 2620 1651 2647 ,
1688 2588 1831 2653 quod

258 2674 404 2717 esset
438 2668 630 2719 missus
661 2683 688 2720 a
724 2666 851 2729 Deo,
876 2677 1010 2724 etut
1035 2685 1063 2724 a
1091 2670 1342 2725 violentia
1364 2673 1725 2741 liberaretur;
1756 2678 1832 2731 ait

258 2756 477 2808 autem:
515 2776 533 2807 ι
570 2756 635 2811 Et
662 2759 895 2828 accipies
918 2775 1118 2827 aquam
1144 2762 1212 2815 de
1243 2762 1483 2830 liuntine,
1513 2775 1567 2819 et
1587 2764 1832 2820 etfttndes

258 2864 421 2916 super
450 2858 666 2911 terram,
694 2860 749 2903 et
778 2852 883 2904 erit
912 2867 1053 2920 aqua
1078 2870 1238 2923 quam
1263 2857 1502 2926 accipies
1535 2873 1563 2910 a
1582 2857 1825 2923 flumine,

260 2939 479 3007 sanguis
517 2954 682 3007 super
718 2950 917 2995 terram
969 2945 1037 2998 ⁸³.
1075 2964 1094 2996 ο
1142 2944 1454 3015 inquimus,
1498 2952 1639 3019 quod
1688 2965 1827 3019 aqua

258 3029 475 3098 quidem
508 3030 676 3099 figura
708 3032 780 3085 sit
813 3034 956 3097 vitae,
988 3043 1041 3089 et
1070 3038 1211 3102 quod
1244 3040 1313 3091 sit
1339 3052 1432 3107 per
1451 3053 1698 3094 naturam
1718 3043 1824 3095 vita

260 3121 428 3176 Filius
451 3136 516 3176 ex
550 3122 711 3176 Patre
739 3128 997 3194 tanquam
1027 3144 1091 3181 ex
1118 3127 1337 3185 ﬂumine
1362 3135 1568 3200 exiens,
1587 3134 1829 3203 ejusdem

260 3217 589 3272 substantia!
626 3218 865 3286 ratione;
919 3220 1098 3288 itaque
1142 3224 1322 3277 omnia
1369 3225 1622 3278 vivificat.
1661 3245 1680 3277 ι
1726 3226 1830 3281 Sed

258 3326 624 3387 cumaquam,
650 3312 845 3380 inquit,
874 3312 1127 3368 eﬂ'uderis
1154 3330 1315 3382 super
1336 3327 1554 3379 terram,
1580 3317 1682 3369 erit
1707 3334 1832 3371 san-

260 3401 399 3471 guis.
438 3423 457 3456 ι
491 3401 746 3468 Verbum,
778 3420 900 3459 cum
936 3405 1137 3461 tactum
1188 3418 1270 3461 est
1305 3422 1432 3461 caro
1480 3409 1544 3461 de
1574 3417 1739 3474 terra,
1781 3410 1832 3463 id

258 3505 361 3560 est,
397 3499 612 3566 quando
634 3513 662 3550 a
698 3508 840 3551 terra
865 3515 1081 3553 carnem
1110 3500 1210 3554 sibi
1230 3500 1608 3566 circumdedit,
1634 3500 1828 3553 tuncin

258 3607 323 3644 ea
368 3601 591 3645 mortem
635 3602 835 3647 nostra:
885 3593 1115 3661 similem
1173 3594 1373 3647 dicitur
1427 3609 1670 3663 passum,
1706 3593 1831 3648 licet

259 3691 354 3747 per
381 3689 626 3734 naturam
664 3681 735 3736 sit
762 3680 891 3736 vita.

826 3818 978 3876 CAP.
1013 3816 1250 3873 XXXIV.

948 3931 1130 3989 Aliud.

331 4043 384 4097 in
408 4042 646 4098 Levitico
680 4046 941 4115 pollutttm
967 4048 1104 4102 Deus
1126 4058 1178 4102 et
1202 4050 1534 4102 immundum
1562 4052 1827 4123 leprosqu

256 4152 377 4190 esse
411 4137 707 4206 significat,
743 4146 905 4207 atque
933 4139 1005 4190 ita
1029 4154 1154 4193 eum
1189 4140 1255 4192 de
1273 4140 1468 4195 castris
1490 4141 1610 4209 rejici
1640 4142 1829 4209 pra-ei-

258 4228 334 4293 pit
366 4238 617 4296 oportere
634 4227 679 4257 “
707 4244 721 4294 ;
753 4236 807 4281 et
840 4226 884 4281 si
919 4236 1145 4283 sanatus
1202 4226 1365 4283 fuerit
1413 4232 1667 4293 llltll'illIS,
1728 4230 1828 4284 huc

259 4333 377 4368 eum
431 4329 588 4385 paulo
633 4318 850 4386 purgari
895 4333 906 4368 :
964 4336 983 4369 ι
1040 4318 1107 4373 Et
1149 4320 1421 4389 accipiens
1467 4320 1602 4376 duos
1654 4320 1829 4389 pullus

1952 492 2057 544 sint
2091 491 2205 554 filii,
2242 495 2336 547 sed
2385 495 2527 562 quod
2573 508 2713 548 unus
2761 493 2941 562 potius
2979 506 3047 547 ex
3098 495 3345 558 duobus,
3388 494 3526 549 divi-

1949 582 2119 636 nitate
2163 592 2218 636 et
2260 585 2594 639 immanitate
2645 586 2696 637 in
2743 584 3004 639 unitatem
3051 585 3285 640 collatis.
3332 585 3518 640 Mundi

1948 685 2126 729 autem
2158 677 2284 747 pulli
2314 693 2328 729 :
2356 686 2533 745 neque
2562 678 2704 732 enim
2737 676 2866 731 fecit
2902 687 3180 745 peccatum
3224 678 3366 733 Deus
3420 692 3524 732 no-
3556 744 3559 751 _

1949 774 2064 820 ster
2089 765 2247 820 .lesus
2283 767 2565 830 Christus;
2594 768 2691 823 sed
2718 776 2837 823 erat
2883 769 3118 824 Verbum
3151 779 3427 834 sanctum,
3468 779 3523 824 et

1948 854 2241 909 divinitatis
2288 865 2341 909 et
2372 857 2727 911 humanitatis
2759 858 2989 912 ratione.
3031 856 3363 912 Volucribus
3391 873 3522 913 vero

1946 958 2325 1015 comparatur,
2379 949 2521 1017 quod
2553 949 2706 1017 quasi
2744 950 2800 1004 in
2833 950 3053 1004 sublimi
3089 950 3163 1005 sit
3207 964 3370 1018 supra
3407 960 3521 1007 ter-

1948 1050 2083 1100 ram.
2124 1050 2178 1093 et
2217 1055 2251 1093 θ
2293 1040 2433 1095 caelo
2479 1041 2759 1111 desuper:
2800 1043 2995 1098 ectelo
3030 1043 3176 1098 etaim
3232 1043 3397 1099 homo
3439 1051 3524 1099 est

1944 1131 2208 1195 Christus,
2245 1131 2368 1186 licet
2397 1147 2618 1187 carnem
2665 1143 2854 1189 sancta
2907 1132 3075 1203 Virgo
3100 1134 3420 1203 pepererit;
3453 1150 3520 1187 eo

1944 1223 2103 1277 modo
2127 1224 2286 1292 igitur
2306 1224 2540 1293 desuper
2556 1236 2609 1279 et
2633 1228 2700 1280 de
2729 1226 2889 1280 cutio.
2922 1226 3063 1280 Deus
3086 1226 3231 1279 enim
3256 1224 3519 1290 Verbum,

1943 1313 2085 1380 quod
2111 1321 2197 1367 est
2228 1313 2460 1381 desuper
2493 1326 2545 1370 et
2574 1331 2637 1370 ex
2665 1317 2825 1370 Patre
2849 1355 2865 1381 ,
2910 1331 3131 1371 carnem
3177 1331 3246 1371 ex
3298 1315 3521 1384 Virgine

1940 1413 2128 1459 sancta
2151 1405 2439 1472 accipiens,
2472 1414 2528 1461 et
2551 1420 2670 1462 eam
2711 1423 2865 1462 suam
2890 1409 3276 1477 propriamque
3310 1408 3504 1461 existi-

1942 1508 2114 1557 mans,
2153 1504 2405 1564 tanquam
2436 1495 2484 1550 si
2512 1510 2633 1550 eam
2676 1497 2907 1565 desuper
2938 1507 2993 1551 et
3041 1498 3109 1551 de
3153 1496 3294 1552 cmlo
3350 1496 3514 1551 detu~

1941 1583 2109 1649 lisset,
2143 1585 2400 1640 dicebat:
2445 1604 2464 1636 ι
2506 1585 2671 1640 Nemo
2719 1588 2963 1641 ascendit
3019 1588 3072 1641 in
3119 1589 3356 1651 emtum,
3409 1587 3517 1640 nisi

1941 1677 2031 1744 qui
2065 1677 2131 1729 de
2183 1676 2325 1730 cmlo
2375 1678 2655 1732 descendit
2688 1677 2859 1733 Filius
2898 1678 3173 1743 hominis,
3216 1679 3416 1746 quiest
3462 1679 3515 1731 in

1949 1768 2088 1823 cmlo
2112 1768 2177 1822 ³⁸.
2221 1786 2240 1819 ι
2279 1769 2352 1822 Ea
2381 1769 2523 1821 enim
2552 1758 2696 1837 qua:
2742 1784 2839 1823 sua
2878 1779 3044 1833 sunt,
3093 1770 3321 1838 propriae
3365 1769 3514 1821 carni

1949 1876 2164 1929 semper
2200 1860 2485 1923 attribuit;
2511 1860 2804 1914 adunatum
2839 1875 2968 1913 vero
2990 1858 3159 1913 semel
3186 1897 3202 1924 ,
3246 1858 3358 1928 jam
3392 1872 3514 1911 cum

1950 1953 2063 2020 ipsa
2098 1967 2259 2004 unum
2290 1951 2498 2005 scilicet
2522 1951 2842 2004 xstimatur.

2016 2040 2283 2095 Caeterum
2314 2041 2454 2103 vide,
2493 2040 2675 2096 occiso
2709 2056 2816 2095 uno
2864 2041 3030 2109 pullo,
3071 2041 3239 2094 lavari
3291 2042 3515 2110 quidem

1946 2133 2169 2188 alterum
2197 2132 2311 2202 ejus
2345 2134 2627 2200 sanguine,
2663 2144 2842 2187 tamen
2875 2147 2983 2186 non
3027 2132 3200 2186 etnori
3227 2149 3242 2196 ;
3291 2140 3348 2185 et
3379 2132 3512 2200 quid

1945 2227 2047 2281 hoc
2070 2226 2182 2280 sit?
2240 2224 2463 2281 Vivebat
2509 2222 2767 2289 Verbum,
2812 2223 2941 2277 licet
2997 2236 3096 2276 sua
3148 2236 3275 2276 caro
3319 2221 3512 2275 fuisset

1943 2326 2211 2381 emortua,
2258 2324 2313 2370 et
2350 2331 2691 2370 conmmnem
2739 2313 3049 2382 passionem
3088 2325 3208 2366 esse
3257 2312 3512 2375 dicebat,

1942 2418 2159 2478 pr0pter
2189 2407 2564 2461 adunationem
2589 2418 2641 2460 et
2659 2406 3078 2461 familiaritatem
3096 2419 3254 2472 quam
3283 2403 3514 2458 habebat

1941 2514 2061 2551 cum
2091 2513 2277 2550 carne.
2319 2494 2483 2565 igitur
2510 2495 2684 2563 ipsum
2731 2495 2950 2563 quidem
2994 2494 3168 2558 vivit,
3216 2501 3273 2548 ut
3323 2491 3511 2558 Deus;

1941 2603 2136 2656 corpus
2161 2603 2288 2640 vero
2317 2594 2577 2655 tanquam
2605 2586 2882 2656 proprium
2927 2584 3182 2649 faciebat,
3232 2594 3286 2637 et
3326 2584 3405 2638 sic
3456 2585 3510 2638 in

1938 2694 1996 2734 se
2025 2677 2363 2733 familiariter
2384 2676 2681 2746 accipiebat
2725 2677 2969 2746 corporis
3014 2678 3331 2745 passiones,
3377 2689 3502 2728 cum

1938 2771 2115 2839 ipsum
2151 2768 2284 2823 nihil
2335 2770 2387 2821 in
2435 2778 2623 2821 natura
2675 2767 2893 2836 propria
2928 2774 3228 2834 pateretur.
3279 2766 3510 2820 Prodest

1937 2862 2097 2931 igitur
2125 2870 2178 2914 et
2205 2859 2565 2914 necessarium
2597 2868 2701 2921 est,
2736 2859 2779 2912 si
2814 2860 2865 2910 in
2892 2873 2999 2912 uno
3025 2857 3242 2912 Christo
3272 2856 3324 2910 id
3350 2858 3500 2911 acci-

1935 2954 2149 3022 piamus
2183 2952 2326 3019 quod
2374 2944 2676 3005 secundum
2721 2950 2865 3004 aliud
2899 2958 2954 3005 et
2984 2949 3129 3003 aliud
3169 2949 3234 3003 de
3271 2964 3380 3002 uno
3415 2964 3512 3003 eo-

1935 3047 2167 3113 demque
2217 3043 2604 3109 constituatur,
2655 3042 2890 3111 etquod
2942 3040 2996 3095 in
3047 3039 3155 3094 duo
3190 3038 3356 3095 dividi
3401 3056 3511 3094 non

1936 3140 2284 3207 permittatur
2309 3177 2324 3200 ,
2364 3136 2487 3191 licet
2512 3136 2724 3191 diversa
2753 3133 2895 3188 inter
2928 3147 3008 3196 se,
3046 3141 3101 3186 ct
3130 3130 3355 3184 minime
3383 3144 3508 3184 con-

1932 3230 2221 3292 venientia,
2255 3240 2376 3281 actu
2402 3241 2523 3282 esse
2549 3226 2816 3280 dic:mtur.

2008 3322 2100 3375 Est
2130 3331 2308 3375 autem
2344 3320 2447 3375 tale
2478 3318 2619 3389 quod
2656 3317 2798 3371 dico.
2831 3314 3028 3370 Natum
3058 3328 3183 3369 esse
3210 3313 3509 3369 secundum

1932 3424 2153 3464 carnem
2184 3426 2247 3464 ex
2278 3410 2498 3464 muliere
2536 3408 2700 3463 Deum
2735 3405 2968 3461 dicimus
3012 3402 3241 3459 Verbum
3269 3441 3285 3466 ,
3318 3417 3512 3470 quam-

1932 3500 2014 3552 vis
2049 3501 2297 3553 omnibus
2333 3502 2447 3567 ipse
2482 3501 2715 3567 prmbcat
2752 3497 2921 3560 nasci,
2958 3505 3011 3550 et
3042 3496 3108 3549 ad
3141 3496 3504 3558 nativitatem,

1931 3608 2049 3661 quae
2078 3593 2313 3645 nondum
2358 3603 2480 3644 nata
2512 3601 2657 3653 sunt,
2692 3601 2864 3644 vocet.
2919 3587 3227 3643 Secundum
3273 3587 3416 3641 aliud
3455 3600 3514 3640 et

1932 3684 2075 3741 aliud
2105 3693 2287 3736 natum
2320 3690 2423 3743 est,
2449 3696 2514 3734 eo
2545 3681 2687 3749 quod
2731 3681 2893 3733 homo
2922 3679 3091 3733 nostri
3124 3678 3318 3733 similis
3346 3678 3506 3732 intel-

1944 3777 2182 3844 ligatur;
2209 3783 2363 3827 vocat
2392 3781 2569 3827 autem
2601 3773 2665 3825 ad
2701 3770 3033 3825 nativitatem
3054 3770 3254 3835 omnia,
3279 3784 3345 3825 eo
3366 3769 3510 3838 quod

1930 3877 2121 3921 natura
2151 3865 2221 3919 sit
2249 3865 2411 3918 Deus.

2000 3957 2273 4023 Scriptum
2299 3964 2383 4008 est
2417 3954 2579 4008 etiam
2609 3954 2675 4008 de
2702 3953 2818 4022 ipso
2856 3965 2868 4000 ε
2912 3970 2931 4003 ι
2986 3950 3125 4006 Puer
3161 3950 3513 4022 proﬁciebat,

1928 4061 1979 4103 et
2014 4046 2446 4108 confortabatur,
2493 4058 2549 4099 et
2584 4045 2912 4111 implebatur
2957 4042 3222 4111 sapientia
3277 4050 3331 4097 et
3380 4057 3509 4113 gra-

1931 4140 1999 4189 tia
2032 4137 2095 4191 ‘9.
2131 4154 2149 4187 ν
2185 4134 2319 4190 Cum
2367 4143 2557 4188 natura
2591 4135 2661 4186 sit
2699 4132 2999 4200 perfectum
3033 4140 3090 4184 ut
3139 4129 3315 4197 Deus,
3360 4139 3415 4184 et
3441 4145 3511 4185 ex

1926 4243 2020 4281 sua
2063 4225 2391 4295 plenitudine
2435 4224 2699 4293 spiritalia
2744 4223 2948 4277 sanctis
3005 4220 3280 4290 impertiat
3320 4238 3335 4283 ;
3380 4235 3511 4275 cum

1927 4319 2097 4385 ipsum
2140 4315 2517 4385 sitsapientia:
2548 4315 2703 4366 dator
2728 4310 3016 4381 etgratiae,
3065 4307 3332 4380 quomodo
3380 4324 3507 4379 pro-

260 4407 504 4470 mundos,
533 4417 586 4460 et
618 4409 818 4476 lignum
852 4410 1154 4475 cedrinum,
1180 4422 1240 4466 et
1284 4415 1565 4479 coccinum
1605 4423 1659 4467 et
1696 4415 1822 4483 hys-
1859 4441 1899 4494 υ
1929 4412 2036 4463 ηυίι
2063 4424 2215 4475 puer,
2247 4417 2300 4463 et
2324 4408 2585 4477 sapientia
2620 4405 2875 4474 impletur
2924 4415 2978 4457 et
3028 4400 3252 4472 gratia?
3297 4402 3507 4455 Secun-

260 4508 469 4561 sopnm,
493 4504 546 4547 et
569 4498 846 4566 praecipiet
885 4501 1142 4554 sacerdos
1165 4540 1180 4563 ,
1230 4511 1284 4554 et
1316 4503 1570 4556 occidens
1613 4505 1821 4570 pullum

260 4602 421 4637 unum
454 4586 505 4638 in
538 4602 663 4641 vase
691 4589 859 4651 fictili,
897 4590 947 4642 in
997 4608 1133 4660 aqua
1180 4594 1296 4644 viva
1328 4634 1342 4658 ,
1408 4600 1462 4646 et
1497 4582 1696 4662 pullum
1731 4597 1821 4662 qui

260 4678 387 4730 vivit
438 4679 670 4748 accipiet
702 4719 717 4742 ,
774 4691 828 4732 et
854 4680 1061 4735 lavabit
1114 4684 1264 4737 ilium
1305 4686 1357 4738 in
1391 4686 1653 4755 sanguine
1683 4688 1814 4755 pulli

258 4770 418 4823 occisi
450 4770 500 4822 in
522 4786 658 4839 aqua
690 4771 836 4835 viva,
864 4780 917 4825 et
945 4784 1193 4843 aspergat
1221 4790 1383 4843 super
1405 4791 1526 4828 eum
1560 4777 1649 4844 qui
1680 4794 1808 4845 pur-

257 4870 410 4928 gatus
446 4869 525 4912 est
554 4876 583 4912 ιι
615 4858 757 4928 lepra
794 4860 1013 4928 septies,
1044 4871 1100 4914 et
1131 4864 1360 4918 Inundus
1386 4864 1490 4917 erit
1516 4863 1584 4919 ⁸⁷.
1622 4885 1639 4917 ι
1678 4866 1817 4920 [ted—

258 4944 353 5003 dit’
388 4949 601 5018 quidem
672 4946 768 5004 no‘s
814 4955 1043 5008 mundos
1076 4996 1093 5020 ,
1138 4963 1189 5007 et
1227 4955 1583 5026 poliutionum
1638 4960 1829 5011 sordes

257 5038 443 5101 abluit,
476 5051 530 5093 et
562 5042 798 5097 carnalis
834 5040 1290 5112 concupiscentia:
1319 5046 1702 5101 mortalitatem
1740 5064 1822 5100 re-

259 5130 404 5195 pellit
448 5132 670 5200 sanguis
720 5133 1147 5199 pretiosissimus
1197 5136 1433 5199 Christi,
1481 5148 1535 5191 et
1574 5138 1823 5207 purgatio

259 5220 595 5288 baptisnmtis
640 5225 999 5279 sacrosancti.
1071 5226 1337 5281 Caeterum
1402 5228 1532 5285 illud
1596 5230 1822 5298 aspice:

258 5312 567 5368 omittentes
615 5316 757 5369 enim
804 5317 1130 5385 scriptorum
1186 5320 1291 5374 vim
1325 5321 1641 5375 examinare
1681 5321 1822 5390 quod

259 5406 515 5475 mysterio
570 5407 866 5478 expediat,
920 5411 971 5465 in
1027 5414 1311 5483 priescntia
1379 5415 1819 5470 memorabimus.

324 5609 373 5680 ξδ
412 5608 428 5665 Ι
462 5609 604 5664 Petr.
640 5630 710 5680 tv,
752 5616 799 5671 1.

880 5616 926 5648 ⁸⁸
957 5618 1126 5673 Exod.
1171 5634 1255 5685 tv,
1280 5619 1332 5673 9.

262 5680 302 5711 δ’
327 5676 460 5735 an.
502 5697 562 5746 tt,
588 5681 676 5739 52.

1412 5620 1455 5651 "
1511 5618 1681 5674 Lcrit.
1748 5634 1865 5685 un,
1908 5618 1941 5671 2
1984 5633 2137 5688 seqq.

1933 4502 2056 4556 dum
2085 4501 2227 4554 aliud
2260 4510 2313 4555 et
2340 4499 2482 4554 aliud
2521 4518 2533 4552 :
2566 4514 2687 4552 cum
2728 4496 2966 4551 sitenim
3021 4495 3136 4564 ipse
3163 4495 3302 4547 idem
3342 4492 3506 4547 homo

1932 4592 2091 4648 simul
2133 4602 2187 4645 et
2229 4591 2389 4652 Deus,
2435 4599 2656 4659 propter
2703 4588 2964 4640 unitatem
3010 4585 3228 4655 quidem
3278 4583 3500 4652 propria

1932 4685 2079 4739 ducit
2109 4685 2340 4739 humana
2366 4698 2380 4747 ;
2410 4691 2489 4736 est
2512 4692 2693 4735 autem
2724 4677 3022 4749 perfectus.
3062 4685 3119 4731 et
3145 4675 3423 4744 sapietttite
3449 4682 3506 4729 et

1928 4775 2115 4845 gratire
2146 4776 2324 4837 dator,
2356 4781 2413 4826 ut
2451 4772 2613 4825 Deus.

2002 4855 2350 4932 Nuncupatus
2404 4871 2487 4916 est
2542 4860 2704 4916 etiam
2744 4867 2799 4913 et
2836 4856 3252 4928 primogenitus.
3294 4864 3350 4909 et
3387 4854 3508 4907 uni-

1930 4958 2183 5027 genitus;
2235 4955 2331 5010 sed
2382 4954 2426 5008 si
2461 4952 2584 5024 quis
2626 4952 2733 5006 vim
2777 4951 2947 5021 ipsam
2991 4948 3226 5007 scrutari
3278 4946 3506 5001 voluerit

1932 5045 2248 5110 dictionum,
2282 5044 2670 5114 primogenitus
2691 5052 2793 5106 est,
2834 5041 2925 5111 qui
2957 5041 3100 5095 inter
3141 5037 3341 5093 fratres
3376 5036 3501 5107 plu-

1934 5139 2096 5192 rimos
2123 5136 2511 5206 primogenitus
2533 5153 2548 5200 ;
2574 5134 2882 5205 nuigenitus
2914 5147 3042 5186 vero
3069 5171 3084 5197 ,
3136 5139 3196 5185 ut
3232 5127 3491 5200 unigenio

1928 5238 2035 5294 tus,
2066 5243 2168 5282 non
2194 5227 2306 5297 jam
2342 5226 2754 5295 primogenitus,
2786 5239 2884 5279 nec
2912 5225 3055 5278 inter
3087 5222 3350 5293 plurimos
3382 5220 3496 5275 fra-

1928 5332 2057 5376 tres.
2088 5319 2157 5372 At
2184 5329 2266 5375 est
2298 5320 2432 5388 ipse,
2472 5326 2528 5372 et
2564 5318 2687 5379 hoc.
2719 5324 2774 5372 et
2806 5315 2934 5369 illud
2960 5331 2975 5382 ;
3021 5312 3291 5382 quomodo
3326 5311 3503 5381 ergo?

1930 5413 2233 5467 Secundum
2270 5411 2410 5466 aliud
2453 5421 2528 5480 et.
2552 5408 2696 5465 aliud
2732 5424 2744 5460 :
2780 5405 3171 5477 primogenitus
3217 5406 3362 5460 enim
3388 5443 3416 5468 ,.
3440 5411 3501 5456 ut

2214 5617 2253 5649 ⁸⁷
2297 5615 2471 5671 Let'it.
2530 5629 2644 5681 xw,
2706 5612 2889 5670 49'51.
2968 5612 3007 5643 ’⁸
3046 5608 3201 5665 Joan.
3265 5622 3347 5673 ut,
3407 5604 3491 5661 i5.
