4016 6202
537 309 562 366 ί
580 308 674 364 107

1564 301 1622 355 s.
1655 256 1944 355 crtum
1980 290 2446 350 ALEXANDRINI
2490 289 2809 346 ABCHIEP.

3681 288 3705 342 Ι
3720 287 3825 343 408

535 423 677 476 inter
697 416 855 488 797
885 417 1145 485 plurimos
1177 415 1395 478 fratres,
1429 415 2068 484 propter-Immanitatem
2095 429 2110 476 ;
2144 417 2189 471 Α
2217 410 2377 465 etiam
2397 418 2528 463 tunc
2546 422 2669 462 cum
2694 407 2748 460 in
2768 403 2949 460 multis
2971 405 3133 458 fuerit
3170 403 3429 460 fratribus
3455 423 3470 460 :
3505 411 3648 460 tunc
3671 407 3828 461 enim

534 503 844 582 nuig'enitus
876 523 1038 576 porro
1068 508 1232 572 idem,
1276 515 1335 561 ut
1366 507 1518 562 solus
1562 521 1629 562 ex
1663 507 1782 562 solo
1813 507 1976 562 Patre
2011 522 2112 559 na-

537 612 646 665 tus,
673 609 725 654 et
755 610 813 652 ttt
849 601 1010 652 Deus.

607 689 1002 746 Sanctiﬁcatus
1053 686 1219 741 fuisse
1270 687 1472 741 dicitur
1511 703 1608 758 per
1650 689 1910 758 Spiritum
1938 729 1953 756 ,
1991 705 2113 744 cum

537 786 656 855 ipse
684 784 1028 840 sanctillcare
1067 781 1244 835 soleat
1275 781 1630 848 accedentes;
1679 784 1991 850 baptizatus
2029 796 2116 836 se-

535 878 768 929 cundum
800 889 1044 936 carnem,
1089 874 1182 939 qui
1219 873 1494 928 in'sancto
1523 872 1728 941 Spiritu
1779 873 2113 940 baptizabat.

535 965 1032 1034 Quomodoigitur
1079 968 1218 1021 idem
1256 975 1316 1018 et
1359 964 1665 1018 sanctiﬁcat
1705 973 1762 1016 et
1809 963 2121 1017 sanctiﬁca-‘

538 1064 672 1118 tur,
713 1055 953 1124 bap‘tizat
996 1067 1050 1110 et
1102 1057 1460 1127 baptizatur?
1514 1055 1822 1110 Secundum
1870 1056 2013 1110 aliud
2060 1067 2116 1110 et

538 1143 682 1198 aliud
713 1163 726 1200 :
759 1147 1128 1201 sanctiﬁcatur
1156 1148 1303 1201 enim
1325 1147 1585 1211 humane,
1607 1148 1750 1202 sicut
1774 1147 1938 1202 etiam
1979 1150 2115 1218 bap-

537 1239 779 1304 tizatur;
839 1240 1147 1293 sanctiﬁcat
1191 1248 1372 1294 autem
1418 1240 1632 1304 divine,
1686 1249 1744 1293 et
1776 1239 2014 1308 baptizat
2063 1241 2115 1294 in

539 1329 747 1400 Spiritu
775 1344 988 1385 sancto.

605 1421 738 1476 Cum
769 1423 882 1492 ipse
904 1424 1128 1479 suscitet
1147 1439 1290 1478 mor-

535 1524 656 1567 tuos
685 1553 700 1577 ,
742 1516 1041 1568 resurrexit
1072 1529 1101 1568 tt
1143 1531 1290 1569 mor-

537 1608 664 1670 tuis,
700 1615 894 1661 etcum
917 1609 985 1660 sit
1017 1623 1114 1675 per
1139 1617 1290 1660 natu-

535 1701 818 1762 ram'vita,‘
854 1701 1117 1754 viviﬁcari
1151 1700 1289 1754 dici-

537 1803 656 1857 tur;
693 1794 794 1847 boe
821 1801 1068 1862 quonam
1093 1793 1291 1846 modo?

533 1867 839 1936 Secundum
859 1883 1004 1936 aliud
1025 1898 1215 1952 nempe
1237 1893 1290 1937 et

531 1971 676 2024 aliud
720 1973 878 2040 :ipse
918 1973 1062 2025 enim
1116 1987 1292 2026 resur-

533 2064 675 2118 rexit
713 2065 925 2134 quidem
971 2082 997 2118 a
1039 2053 1286 2131 mortuis,
1337 2083 1342 2086 '

531 2165 585 2208 et
602 2157 862 2210 vivillcari
891 2157 1080 2210 dicitur
1101 2163 1294 2212 secun-

531 2251 654 2303 dum
714 2265 975 2318 carnem;
1045 2252 1288 2306 viviticat

529 2354 706 2396 autem
743 2354 796 2398 ct
826 2345 1056 2399 suscitat
1083 2361 1110 2399 a
1141 2359 1286 2399 mor-

530 2437 656 2503 tuis,
703 2448 887 2508 utpote
939 2439 1097 2493 Deus.
1141 2439 1287 2516 l’ati-

529 2542 638 2597 tur,
682 2543 733 2586 et
783 2525 887 2589 non
931 2525 1153 2603 patitur,
1197 2529 1314 2590 se?

527 2611 778 2676 cundum
809 2624 952 2677 aliud
1001 2635 1055 2678 et
1090 2623 1232 2680 aliud
1267 2638 1281 2678 :

527 2707 997 2792 patit'urnquidem
1051 2718 1284 2774 humane

526 2819 788 2866 carne.co
813 2793 954 2878 quod
983 2809 1143 2862 homo
1173 2809 1278 2877 sit;

526 2900 870 2969 impassibilis
899 2911 1076 2958 autem
1103 2901 1308 2960 divine'

527 3004 729 3072 manet,
754 2983 996 3072 ttt'Deus.

1431 1424 1603 1488 Αὐτὸς
1619 1425 1845 1496 ἐγείρων
1877 1427 2004 1488 τοὺς
2027 1442 2118 1478 νε-

1361 1517 1547 1586 κροὺς,
1571 1519 1635 1570 ὲκ
1657 1518 1866 1588 νεκρῶν
1887 1520 2118 1588 ἐγήγερ-

1359 1627 1448 1662 ται
1467 1626 1481 1639 ο
1517 1611 1613 1662 καὶ
1643 1609 1752 1673 ζῶν
1781 1611 1924 1664 κατά
1955 1610 2118 1680 φύσιν

1355 1697 1680 1772 ῖτυγχάνων’,·
1733 1699 2114 1766 ζωοποιεῖσοαι

1360 1797 1598 1868 λέγεται.
1632 1799 1741 1851 Καὶ
1771 1799 1889 1863 πῶς
1926 1801 2114 1865 mitto;

1362 1892 1497 1944 Κατ’
1547 1893 1676 1947 ἄλλο
1727 1899 1818 1950 καὶ
1870 1899 2014 1954 ἄλλο.
2061 1898 2118 1951 Ὀ

1362 1984 1470 2056 γὰρ
1492 1987 1649 2050 αὐτὸς
1686 1991 1982 2064 ἐγήγερται
2018 1992 2117 2064 μὲν

1361 2076 1426 2128 ὲκ
1467 2079 1697 2157 νεκρῶν,
1727 2080 2117 2157 ’ζωοτέοιεῖσθᾳί

1359 2165 1418 2223 τε
1465 2155 1682 2239 λέγεται
1729 2175 1869 2227 κατὰ
1916 2155 2114 2247 σάρκέι,

1360 2262 1616 2328 ζωοποιεῖ
1635 2267 1690 2321 δὲ
1717 2270 1808 2321 καὶ
1833 2269 2116 2340 ἀνίστησιν

1357 2353 1483 2418 τοὺς
1528 2357 1771 2427 νεκροὺς,
1824 2357 1899 2422 ὼς
1946 2359 2110 2423 656;-

1359 2445 1578 2518 ndsxst,
1615 2447 1726 2501 ’καὶ
1769 2451 1827 2501 οὐ
1892 2449 2111 2520 πάσχειζ

1360 2542 1481 2593 κατ’
1522 2540 1648 2594 ἄλλο
1692 2541 1784 2593 καὶ
1826 2541 1981 2598 ἄλλο·
2015 2544 2114 2598 πά·

1360 2635 1624 2708 σχει”μὲν
1677 2639 1785 2707 γὰρ
1833 2637 2109 2710 ἀνθρωπὶὲ

1355 2744 1461 2791 vui;
1493 2745 1557 2780 σα
1565 2727 1654 2798 ρκὶ
1671 2769 1685 2794 ,
1705 2735 1708 2742 ’
1729 2729 1864 2782 καθὸ
1907 2730 2003 2783 ἄνθ
2013 2749 2112 2801 ρω-

1354 2836 1454 2883 πος
1477 2836 1488 2850 ·
1523 2805 1737 2888 ἀπειθὴς
1765 2821 1821 2874 δέ
1856 2823 1971 2875 ἐστι
2004 2823 2113 2876 θεῖ-

1352 2911 1486 2976 κῶς,
1516 2912 1591 2976 ὡς
1620 2913 1770 2977 Θεός.

2214 510 2501 571 propterea
2539 499 2722 552 dictus
2753 505 2837 551 est
2869 495 3281 566 primogenitus.

2221 645 2228 650 _
2291 591 2474 645 Unum
2507 589 2699 643 Filium
2733 589 2986 643 adoravit
3033 602 3212 642 czecus
3265 602 3292 640 a
3327 589 3624 642 uativitate
3671 604 3776 643 sua
3809 631 3826 655 ,

2216 697 2338 738 cum
2366 697 2478 751 prae
2493 684 2656 748 cipuo
2679 679 3026 748 mirabilique
3060 680 3222 732 modo
3255 686 3479 734 sanatus
3507 689 3620 736 est.
3653 679 3827 744 Nam,

2222 791 2241 823 ‹
2282 786 2402 824 cum
2446 771 2746 826 invenisset
2770 786 2892 826 eum
2923 771 2974 823 in
3008 769 3207 838 templo
3236 767 3418 835 Jesns,
3469 771 3615 824 dixit
3663 791 3683 826 :
3743 772 3824 826 Tu

2217 863 2393 917 credis
2417 862 2469 916 itt
2510 861 2704 916 Filium
2745 859 2995 914 Deiillle
3043 869 3226 914 autem
3261 860 3400 913 dixit
3434 878 3448 914 :
3484 860 3626 927 Quis
3685 877 3775 917 est
3801 906 3818 926 ,

2219 949 2462 1013 Domine,
2495 960 2554 1004 ut
2585 951 2805 1020 credam
2853 950 2904 1003 in
2952 965 3077 1004 eum
3097 949 3190 1002 "?
3245 968 3263 1000 ι
3293 948 3550 1004 Christus
3581 967 3732 1008 vero
3771 956 3816 1007 ei

2218 1039 2452 1107 seipsnm
2495 1055 2618 1093 cum
2671 1053 2900 1107 corpore
2949 1039 3363 1110 demonstrans,
3399 1042 3634 1098 aiebat:
3696 1063 3718 1094 ι
3757 1044 3818 1099 Et

2217 1129 2397 1184 vidisti
2430 1132 2644 1200 quidem
2678 1146 2823 1196 eum,
2873 1140 2929 1186 et
2973 1132 3065 1201 qui
3120 1130 3360 1201 loquitur
3413 1143 3595 1190 tecum
3628 1176 3648 1198 ,
3689 1136 3817 1205 ipse

2219 1229 2305 1276 est
2336 1220 2408 1294 ⁵⁸..
2437 1239 2454 1270 ι
2495 1220 2651 1274 Vides
2672 1221 2815 1290 quod
2857 1221 3116 1291 singulari
3155 1236 3384 1279 numero
3423 1236 3656 1290 utatur,
3711 1244 3812 1282 non

2221 1311 2539 1380 permittens
2593 1311 2760 1367 Deum
2814 1321 2868 1366 et
2915 1315 3188 1369 hominem
3247 1331 3466 1372 seorsus
3527 1319 3810 1390 intelligi;

2221 1399 2332 1454 imo
2375 1415 2502 1456 vero
2539 1407 2592 1456 et
2637 1402 2683 1456 si
2705 1403 2834 1471 quis
2863 1403 3139 1460 hominem
3195 1407 3816 1464 nominaveritEmma-

2223 1492 2368 1557 nttel,
2405 1493 2629 1548 minime
2667 1495 2882 1562 quidem
2915 1510 3263 1552 communem
3307 1498 3598 1554 hominem
3631 1502 3816 1572 signi-

2223 1586 2498 1653 ﬁcaverit;
2524 1589 2616 1642 sed
2640 1589 2732 1643 Dei
2764 1586 2996 1642 Verbum
3018 1588 3318 1644 adunatum
3342 1603 3812 1656 nostra-natura.

2228 1678 2378 1733 llnnc
2409 1679 2549 1733 sicut
2584 1695 2748 1734 unum
2772 1722 2788 1745 ,
2821 1681 3094 1736 hominem
3147 1683 3447 1739 adoravere
3498 1687 3645 1740 beati
3701 1690 3808 1742 dis-

2156 1759 2196 1813 Β
2223 1770 2405 1839 cipuli,
2435 1788 2559 1824 cnttt
2593 1786 2714 1825 eum
2745 1774 2990 1827 videntes
3044 1775 3198 1830 miris
3241 1777 3414 1830 modis
3463 1779 3604 1833 inter
3635 1797 3812 1850 aquas

2221 1861 2521 1927 ambulare,
2549 1864 2862 1936 adoravere,
2899 1865 3146 1923 dicentes
3199 1884 3214 1920 :
3270 1885 3290 1920 ι
3327 1866 3468 1924 Vere
3509 1872 3604 1926 Dei
3635 1871 3809 1930 Filius

2219 1955 2425 2009 εει..)
2758 1983 2836 2002 ι,
3081 1989 3146 2006 ,.
3219 2003 3284 2016 __

2223 2103 2230 2108 ,
2290 2046 2350 2101 Si
2380 2062 2512 2102 vero
2542 2048 2812 2104 hominem
2845 2065 2966 2105 cum
3009 2051 3120 2107 Deo
3147 2053 3428 2108 coadorari
3473 2055 3804 2121 dixerimus,

2219 2139 2537 2194 divisionem
2598 2142 3046 2210 spatiosissimatn
3087 2145 3449 2202 inducemus:
3502 2149 3605 2200 σὺν
3653 2153 3801 2204 enim

2216 2245 2431 2298 semper
2463 2232 2626 2302 (quod
2658 2243 2741 2287 est
2775 2233 2964 2289 Latine
2985 2235 3150 2304 cum),
3180 2237 3280 2292 nisi
3313 2239 3366 2292 in
3397 2241 3808 2312 signiﬁcatione

2219 2323 2466 2388 unitatis,
2497 2340 2617 2393 qua:
2644 2336 2727 2381 est
2749 2343 2846 2395 per
2877 2329 3347 2398 compositionem,
3367 2344 3639 2400 ponatur,
3697 2336 3809 2388 duo

2214 2416 2438 2470 omnino
2462 2424 2618 2487 coget
2651 2417 2899 2488 intelligi.
2929 2419 3399 2486 Quemadmodum
3437 2424 3588 2478 enim
3629 2442 3801 2479 neruo

2213 2497 2326 2561 sibi
2343 2513 2633 2565 convenire
2656 2511 2868 2566 dicatur
2891 2531 2914 2576 ,ι
2938 2528 3116 2584 neque
3135 2530 3476 2580 concinnare,
3503 2529 3596 2569 aut
3620 2519 3804 2572 eoad-

2213 2610 2490 2662 orare,attt
2507 2602 2854 2658 coambulare
2879 2622 2893 2670 ;
2923 2607 3146 2660 duarum
3171 2607 3308 2661 enim
3332 2623 3706 2677 personarum
3727 2613 3804 2665 si-

2212 2688 2612 2756 gniﬁcationem
2641 2692 2844 2750 inducit
2869 2700 3180 2766 prtepositio
3239 2701 3405 2756 verbo
3443 2694 3747 2770 prmposita
3788 2725 3802 2758 :

2215 2779 2287 2834 ita
2306 2781 2466 2836 etiam
2490 2783 2535 2837 si
2564 2785 2688 2852 quis
2703 2788 2986 2842 coadorari
3009 2791 3278 2846 hominem
3292 2808 3415 2846 cum
3437 2791 3549 2847 Deo
3570 2795 3800 2862 dixerit,

2211 2871 2348 2926 duos
2388 2873 2545 2942 plane
2580 2875 2720 2931 ﬁlios
2747 2879 2900 2945 dicit,
2934 2890 3038 2935 eta
3063 2898 3182 2937 sese
3199 2884 3502 2953 disjunctos
3526 2903 3542 2948 ;
3568 2887 3800 2942 unitatis

2216 2963 2359 3017 enim
2392 2966 2548 3029 ratio,
2574 2966 2693 3021 siin
2721 2969 2835 3022 sola
2873 2971 3150 3041 dignitatis
3192 2973 3502 3044 aequalitate
3531 2977 3646 3030 sive
3688 2992 3794 3030 an-

593 3055 852 3138 A-dé’ré‘rv'h
883 3086 994 3153 ipse
1017 3057 1295 3141 nobis-cum
1327 3069 1388 3140 ί.
1433 3085 1542 3143 vos
1582 3063 1747 3153 enim,
1781 3089 1974 3159 inquit.
2008 3091 2096 3144 ML
2130 3095 2172 3154 c
2209 3055 2479 3110 ctoritatis
2503 3057 2852 3128 intelligatur,
2872 3077 2978 3116 non
3005 3078 3127 3119 esse
3155 3080 3284 3119 vera
3299 3067 3666 3130 convincitur,
3701 3069 3792 3122 id-
3835 3151 3838 3155 Ι

524 3169 690 3224 oratis
708 3171 850 3239 quod
877 3173 1134 3241 nescitis;
1156 3187 1252 3230 nos
1271 3175 1560 3230 adoramus
1583 3178 1721 3247 quod
1741 3178 1944 3234 scimus
1963 3181 2046 3246 '°;
2077 3199 2096 3232 ι

523 3268 578 3313 ct
604 3269 689 3313 est
719 3262 884 3316 etiam
907 3263 1216 3320 adorandus
1250 3281 1264 3317 :
1299 3285 1317 3317 ι
1353 3265 1612 3321 Flectitur
1631 3267 1771 3322 enim
1806 3271 1904 3338 ipsi
1939 3285 2098 3326 omne
2183 3270 2188 3301 π

523 3365 661 3419 genu
712 3343 786 3404 ".
817 3370 836 3404 ι
871 3353 983 3409 lloc
1032 3355 1604 3425 quoque'secundum'
1649 3360 1794 3414 aliud
1842 3370 1898 3416 et
1927 3363 2094 3420 aliud.

522 3431 727 3499 Adorat
757 3445 926 3509 cnim,
951 3443 1358 3516 qttia'naturam
1383 3452 1697 3521 assumpsit,
1743 3445 1864 3522 quin
1895 3451 2110 3510 'debeat'

523 3533 751 3614 adorare
781 3555 796 3604 ;
833 3539 1092 3594 adorator
1122 3547 1302 3596 autem
1340 3559 1501 3613 porro
1533 3544 1697 3612 idem,
1741 3549 1895 3616 quasi
1929 3537 2106 3619 major

523 3619 786 3682 adorante
821 3627 1048 3696 natura,
1097 3644 1162 3685 eo
1212 3634 1366 3710 quod
1405 3632 1724 3702 intelligitur
1773 3638 1930 3692 Deus.
1985 3641 2094 3695 Ad-

520 3720 773 3776 oratione
795 3719 925 3776 vero
955 3737 1059 3776 non
1089 3733 1172 3802 est
1193 3718 1539 3804 dividendum
1571 3727 1630 3780 in
1651 3729 1923 3784 hominem
1944 3747 2095 3786 seor-

523 3828 614 3867 sus
640 3822 695 3866 et
723 3828 941 3868 seorsus
975 3814 1026 3868 in
1051 3799 1236 3870 Deum
1259 3799 1495 3887 ;'ncque
1528 3806 1658 3876 vero
1700 3832 1954 3892 tauquam
1990 3824 2097 3879 Deo

521 3902 868 3982 coniunctum
885 3906 1191 3972 :equalitate
1210 3907 1510 3984 dignitatis,
1533 3909 1724 3965 divisis
1755 3911 2106 3980 substantiis,‘

521 3975 644 4048 cum
691 3995 1069 4074 ipsO'adorari
1099 3987 1336 4074 dicimus
1381 3991 1670 4055 hominem
1718 4003 1796 4074 (id
1827 4005 1970 4058 enim
1999 4021 2096 4060 cx-

523 4069 723 4161 tretuaa'
738 4076 1029 4156 impietatis
1056 4069 1427 4157 plenissimum
1455 4091 1562 4161 est)
1597 4095 1730 4148 :sed
1785 4111 1949 4148 unum
1985 4097 2107 4151 ad-‘

519 4159 784 4230 orandum
822 4179 1096 4257 hominem
1135 4180 1426 4248 factttm,et
1457 4179 1798 4240 incarnatum
1832 4187 1920 4242 Dei
1962 4186 2094 4244 Ver-

520 4267 668 4335 bum;
693 4269 765 4324 ita
798 4275 999 4336 tamen,
1033 4281 1091 4326 ut
1133 4273 1418 4354 credamus
1459 4267 1658 4347 corpus
1702 4279 1750 4332 ei
1795 4273 2109 4337 adunatum‘

517 4359 754 4413 animam
784 4360 937 4428 juxta
987 4368 1098 4442 nos
1141 4364 1396 4420 habuisse
1454 4369 1854 4425 rationabilem.
1909 4369 2092 4442 Neque

517 4445 660 4498 enim
696 4447 836 4501 Detts
862 4450 1200 4518 omnipotens
1233 4453 1369 4509 duos
1401 4447 1795 4526 primogenitos
1833 4465 2090 4532 praecepit

517 4545 789 4606 oportere,
825 4549 930 4592 tam
969 4557 997 4594 a
1028 4531 1184 4597 nobis
1217 4558 1378 4612 quam
1402 4561 1430 4598 a
1457 4543 1689 4603 'sanctis'
1725 4554 1954 4636 angelis,
1988 4531 2085 4610 ad-
2199 4557 2340 4624 ﬁdei,
2373 4559 2545 4629 ipsum
2570 4561 2834 4630 dicentes,
2859 4567 3010 4634 'quod
3039 4583 3102 4625 ex
3129 4569 3304 4625 Patris
3334 4571 3638 4626 substantia
3684 4571 3772 4626 in-

516 4629 688 4680 orari.
717 4625 869 4682 Unus
895 4641 976 4685 est
1005 4633 1290 4703 enimth
1326 4647 1409 4691 est
1446 4637 1785 4697 introductus
1813 4644 1866 4698 itt
1898 4627 2099 4703 orbem.

515 4729 780 4774 terrarum
809 4721 887 4789 ³¹;
924 4731 979 4778 et
1004 4725 1049 4780 si
1083 4713 1498 4788 introdudionis
1546 4735 1761 4788 modum
1809 4738 2087 4796 curiosius

466 4833 468 4835 -
517 4813 952 4892 perscrute'mur,
991 4817 1225 4873 carnalis
1284 4809 1718 4890 dispensationis
1762 4825 2100 4898 mystcrium‘

515 4897 874 4958 inveniemus;
903 4897 1254 4964 lntroduCtus
1283 4921 1367 4966 est
1414 4903 1623 4968 autcm'
1651 4916 1701 4969 itt
1737 4897 1924 4974 orbem
1981 4932 2087 4977 ter-

515 5005 719 5059 rarum,
756 5002 890 5066 tunc
910 5009 1032 5051 cum
1067 4986 1248 5056 factus
1276 5013 1358 5056 est
1387 4997 1571 5070 homo,
1605 4987 1729 5061 licet
1766 5019 1961 5064 natura
1990 5001 2096 5067 sua

518 5082 724 5142 distare
743 5090 810 5144 ab
831 5091 963 5147 orbe
988 5092 1301 5163 longissime
1325 5095 1592 5162 videatur,
1623 5108 1676 5152 et
1705 5087 1756 5153 in
1780 5101 2080 5159 divinitatis

511 5173 804 5260 eminentia
823 5167 1086 5254 vere'esse
1112 5184 1366 5238 credatur
1453 5187 1589 5241 alios
1612 5200 1693 5244 est
1714 5189 1858 5244 enim
1886 5183 2090 5262 prmter‘

511 5257 776 5354 elementa
799 5281 1012 5328 creator
1036 5259 1296 5354 ipsorum.
1335 5275 1474 5349 Ergo
1505 5275 1667 5348 super
1691 5295 1774 5346 ea,
1802 5297 1920 5352 quae
1951 5287 2095 5353 ipse"

509 5347 1100 5444 condiditi‘secundum
1133 5349 1382 5423 naturam
1416 5347 1534 5436 est,
1572 5347 1725 5442 quod.
1767 5347 1984 5430 naturai
2011 5378 2083 5432 sit

515 5440 677 5500 Deus.
713 5440 862 5505 Unus
898 5463 1100 5522 tamen,
1165 5468 1222 5514 ut
1250 5469 1376 5517 ante
1402 5462 1511 5520 dixi
1542 5455 1558 5530 ,
1592 5440 1922 5523 adorandus
1955 5479 2035 5525 cst
2065 5479 2090 5536 ,'

473 5707 478 5710 .
582 5648 628 5682 '°
646 5649 812 5729 gyan.
853 5674 924 5729 tv,
949 5623 1039 5714 εἰ.

491 5730 620 5790 Ἢν,
646 5722 734 5780 55.

2206 3161 2312 3215 que
2339 3162 2367 3200 a
2400 3147 2556 3204 nobis
2583 3151 2696 3221 jam
2729 3152 2972 3222 pluribus
3021 3166 3149 3209 ante
3192 3157 3480 3225 probatum
3537 3168 3643 3212 est.

2519 3283 2522 3286 -
2601 3270 2614 3296 ο·
2660 3265 3036 3336 '7980AP.
3071 3266 3290 3325 xxxv.

2203 3370 2466 3429 Adversus
2499 3375 2620 3431 t'Hos
2647 3379 2741 3445 qui
2771 3378 2944 3443 aiunt,
2985 3382 3127 3443 quod
3175 3383 3288 3435 sola
3328 3383 3581 3438 relatione
3617 3383 3790 3438 Deam

2609 3445 2834 3502 Verbum
2867 3452 3086 3504 deceant
3114 3451 3374 3508 Murano.
3535 3475 3542 3484 -
3593 3469 3606 3486 ι
3679 3483 3682 3486 -

2273 3553 2530 3611 Garriunt
2560 3551 2810 3631 nonnulli
2831 3560 2897 3636 de
2913 3555 3149 3614 "caritati
3191 3562 3598 3630 dispenSatiOue
3629 3563 3772 3619 Uni-

2201 3647 2388 3714 geniti,
2420 3657 2473 3702 et
2514 3649 2843 3713 venerabile,
2874 3643 2940 3706 ac
2981 3645 3254 3723 maguum,
3282 3666 3337 3709 et
3364 3659 3617 3724 superuis
3651 3659 3782 3726 spi-

2201 3736 2395 3790 ritibus
2422 3739 2870 3796 amabilissimum
2905 3746 3244 3814 mysterium,
3286 3763 3384 3816 per
3411 3749 3556 3817 quod
3611 3752 3781 3803 etiam

2200 3825 2394 3881 salvati
2429 3843 2636 3893 smnus,
2668 3833 2736 3885 ad
2769 3847 2963 3901 sensus
2991 3834 3212 3907 fragiles
3249 3837 3580 3904 deterentes,
3617 3839 3783 3895 decus

2197 3918 2577 3974 contaminant
2603 3920 3179 3996 pulchritudinemque
3201 3927 3496 3995 veritatis;
3536 3946 3666 3984 cum.
3686 3946 3782 3986 eos

2199 4019 2470 4079 oporteat,
2504 4027 2609 4067 non
2639 4014 2684 4068 si
2721 4016 2850 4084 quid
2894 4005 3026 4085 ipsis
3055 4005 3215 4075 recte
3259 4020 3464 4078 habere
3505 4024 3775 4089 videatur,

2196 4100 2456 4155 roborare
2485 4103 2694 4171 conari;
2735 4105 2828 4159 sed
2861 4106 3130 4178 inspicere
3161 4113 3354 4183 magis,
3380 4112 3563 4168 subtili
3583 4111 3780 4168 acuto-

2195 4204 2298 4260 que
2315 4193 2515 4248 mentis
2533 4195 2713 4262 oculo,
2737 4211 3018 4252 sacrarunt
3056 4204 3390 4271 propositum
3416 4203 3779 4269 Litterarum,

2195 4290 2356 4350 atque
2383 4291 2589 4352 rectum
2623 4285 2695 4338 ita
2727 4283 2832 4341 iter
2857 4289 3088 4358 ingredi,
3123 4281 3395 4348 sectantes
3422 4308 3478 4347 ea
3514 4309 3634 4357 qua
3669 4293 3783 4348 Pa-

2198 4381 2308 4429 tres
2334 4372 3084 4437 sauctissititiexaminarun‘t
3108 4395 3136 4450 ,'
3178 4386 3273 4455 qui
3311 4385 3478 4441 sancti
3527 4384 3780 4454 Spiritus

2198 4455 2678 4524 illuminationibus
2724 4471 2947 4537 eruditi,
2994 4487 3242 4532 sanxere
3276 4477 3430 4533 nobis
3464 4478 3774 4549 symbolum

2193 4651 2583 4708 mstitnabiliter
2613 4665 2799 4712 natum
2829 4667 2934 4724 est,
2974 4659 3141 4716 Deum
3191 4660 3452 4729 Verbum,
3481 4663 3598 4734 'per
3628 4664 3775 4734 quod

2192 4743 2372 4797 omnia
2403 4744 2543 4800 facta
2569 4755 2716 4811 sunt,
2742 4765 2862 4819 quae
2886 4750 2938 4805 in
2972 4753 3132 4820 'cualo,
3155 4751 3344 4823 etquae
3377 4756 3429 4810 in
3459 4761 3624 4819 terra,
3647 4771 3771 4824 pro-

2193 4845 2313 4904 pter
2344 4852 2444 4891 nos
2470 4829 2738 4916 lietnines,
2773 4850 2826 4895 et
2870 4847 3084 4900 nostra!
3113 4847 3309 4902 salutis
3327 4845 3502 4903 'causa
3533 4849 3765 4904 descen-

2190 4926 2354 4991 disse,
2396 4926 2666 4984 hominem
2701 4922 2944 5001 tactutn,‘
2970 4951 3316 5008 passnmqne,
3354 4940 3671 4994 ascendisse
3715 4941 3766 4994 in

2189 5015 2410 5083 emtum,
2449 5027 2737 5076 venturum
2789 5035 2910 5094 post
2945 5035 3187 5097 tempora
3227 5030 3482 5099 judicare
3516 5032 3671 5088 vivos
3715 5041 3772 5088 et

2189 5117 2449 5165 mortuos.
3015 5171 3018 5174 _
3091 5173 3094 5177 ,
3233 5121 3236 5126 ’
3393 5174 3400 5180 ,

2207 5189 2216 5283 ἶ
2263 5199 2458 5256 Verum
2496 5205 2740 5260 nonnulli
2772 5217 2918 5275 sunt,
2947 5210 3138 5267 doctos
3172 5228 3232 5268 se
3265 5229 3388 5270 esse
3417 5217 3768 5296 scientesque

2189 5288 2426 5358 opinati,
2450 5301 2504 5346 et
2531 5297 2836 5364 supercilio,
2879 5310 2933 5353 et
2954 5310 3160 5358 tumore
3192 5304 3413 5373 sulllati,
3455 5288 3548 5378 qui
3577 5309 3620 5364 si
3648 5310 3768 5366 hac

2181 5382 2342 5437 verba
2374 5384 2663 5455 audierint,
2697 5381 2984 5460 derident;
3016 5403 3070 5448 ct
3093 5409 3155 5449 ea
3178 5412 3299 5466 quae
3333 5407 3440 5452 tant
3470 5412 3616 5455 recte
3637 5410 3764 5456 sunt

2183 5473 2351 5543 dicta,
2374 5475 2725 5536 deliramenta
2756 5483 2926 5553 magis
2978 5485 3295 5545 existimant
3322 5509 3336 5546 :
3365 5505 3488 5546 cum
3530 5509 3761 5563 praaser-

1156 5628 1554 5735 "lPltiliprIt,
1591 5673 1675 5727 l0.
1706 5639 1716 5680 ’⁵
1773 5641 1832 5708 h"
1868 5677 2029 5734 llebr.
2065 5649 2103 5750 1,,

2263 5663 2355 5713 ’³³
2409 5679 2562 5738 δοςιιι.
2597 5701 2669 5752 tx,
2702 5687 2899 5756 38,59.
3013 5692 3224 5778 ".ibid.
3292 5695 3380 5751 37..
3487 5655 3756 5752 υωιιιι.

4005 2499 4009 2764 |
