3946 6202
151 256 267 356 ἐξιοθ

1043 286 1333 347 SCDOLIA
1376 286 1462 341 ur.
1501 252 2014 342 [aemulum
2056 283 2431 343 UNIGENITI.

3196 360 3202 366 ι
3250 281 3390 357 mo

144 417 227 470 tim
254 415 531 471 credamus
561 393 957 467 illuminatione
989 405 1704 478 Spiritussancti.patuisse
1733 414 1777 462 Α
1807 405 2065 471 patiente,
2098 420 2164 461 eo
2213 405 2356 474 quod
2379 418 2581 474 corpus
2633 402 2804 474 ipsius
2843 401 3023 459 fuisse
3053 399 3250 454 dicitur
3270 416 3391 469 ρτο-

144 511 325 563 sanctis
351 508 601 563 Patrihns
623 504 905 560 scientiam
929 501 1197 555 veritatis.
1222 502 1292 553 At
1315 499 1411 561 illi,
1446 507 1702 567 tanquam

144 602 182 655 si
215 602 300 655 soli
336 600 540 670 possint
573 596 793 650 meliora
844 594 1073 657 sentire,
1134 607 1240 644 non
1281 592 1456 658 ipsum
1514 589 1708 643 existi-

146 702 295 756 niaut,
324 690 655 761 unigenitum
698 673 1041 746 Dei'Filium,
1070 682 1162 751 qui
1187 690 1272 736 est
1300 697 1363 737 ex
1401 680 1704 736 substantia

149 784 272 849 ejus,
328 784 492 835 Deum
545 778 781 834 Verbum
840 790 1056 847 passum
1088 788 1209 827 esse
1254 789 1350 827 sua
1383 788 1550 827 carne
1606 786 1706 841 pro

147 876 281 928 nobis
312 874 568 933 humane,
596 869 723 925 licet
747 883 811 922 eo
830 867 971 937 quod
998 866 1141 919 Deus
1165 865 1504 934 intelligitur,
1529 865 1582 917 in
1611 879 1708 917 sua

147 976 319 1020 natura
353 966 570 1026 haheat,
606 971 663 1013 ut
695 962 803 1029 pati
846 974 949 1012 non
981 958 1157 1027 possit
1181 956 1499 1024 ;hdminem
1523 966 1705 1012 autem

146 1073 349 1114 seorsus
379 1066 434 1108 et
460 1055 751 1122 separatim
776 1066 896 1105 eum
939 1059 1221 1119 ponentes,
1253 1050 1345 1119 qui
1388 1060 1564 1104 estex
1591 1065 1712 1104 san-

146 1162 223 1203 cta
260 1135 855 1217 Virgine'procreatus.
915 1139 1120 1193 Deinde
1162 1139 1237 1202 ei,
1284 1149 1545 1204 quantum
1580 1139 1712 1207 ipsis

149 1244 368 1303 videtur,
395 1240 607 1292 modum
642 1235 825 1306 glorias
851 1232 1174 1295 tribuentes,
1226 1232 1518 1284 adunatum
1546 1230 1710 1284 fuisse

147 1332 317 1384 dicunt
342 1326 523 1382 Verbo
558 1326 648 1379 Dei
682 1323 854 1379 Patris
890 1338 904 1386 ;
957 1330 1013 1373 et
1054 1319 1316 1372 rationem
1370 1316 1713 1371 adunationis

147 1430 490 1490 exponentes,
523 1418 779 1473 donatam
805 1427 927 1469 esse
973 1413 1073 1482 ip'si
1093 1428 1097 1435 '
1118 1398 1302 1465 dicunt
1328 1425 1358 1463 a
1389 1407 1499 1462 Deo
1529 1422 1713 1476 aequa-

150 1515 346 1568 litatem
392 1510 700 1582 dignitatis,
754 1508 870 1562 sive
924 1503 1285 1566 auctoritatis,
1344 1513 1397 1555 et
1443 1512 1500 1555 ut
1550 1499 1712 1553 simili

149 1601 519 1672 appellatione,
550 1610 607 1653 et
634 1597 907 1663 Christus,
948 1605 1003 1649 et
1044 1593 1216 1647 Filius
1260 1592 1489 1652 dicatur,
1520 1601 1575 1644 et
1606 1588 1713 1642 Do-

149 1697 338 1750 minus.
393 1692 488 1748 Siti
518 1706 647 1747 vero
682 1690 846 1744 etiam
872 1692 1085 1758 passus
1104 1701 1226 1753 esse
1252 1684 1451 1753 aliquid
1502 1682 1715 1736 dicatur

1811 495 1986 563 prium
2021 512 2038 561 ;
2074 503 2256 549 manet
2284 511 2425 552 vero
2447 495 2564 565 ipse
2592 494 2956 565 impassihilis,
2972 508 3037 547 eo
3064 491 3204 562 quod
3228 492 3396 559 ipsius

1809 594 1896 640 est
1924 587 2201 655 proprium
2226 596 2283 640 ut
2316 587 2426 655 pati
2458 602 2581 652 non,
2604 585 2793 654 possit.
2864 650 2867 657 ε
2944 646 2947 649 _

1881 676 2035 743 Quod
2059 679 2103 732 si
2126 678 2466 746 gloriﬁcatus
2491 687 2576 733 est
2596 675 2913 731 Emmanuel
2940 691 3033 744 per
3065 674 3392 742 passionem,

1814 776 1872 821 ut
1926 769 2040 837 ipse
2094 768 2265 833 .iixit,
2310 784 2432 822 cum
2489 783 2585 837 pro
2641 770 2798 822 nobis
2850 768 3147 836 pretiosam
3179 781 3392 819 crucem

1810 868 1954 913 esset
1986 874 2242 927 passurus
2275 873 2337 912 ιι
2371 857 2524 913 Nunc
2573 858 2907 928 gloriﬁcatus
2962 865 3045 911 est
3097 855 3266 909 Filius
3300 854 3395 906 hoe

1813 950 1989 1015 minis
2011 950 2057 981 ⁸⁵
2100 967 2115 1016 ;
2154 968 2172 1001 ι
2196 965 2314 1017 cur,
2343 951 2609 1019 passionis
2632 951 2871 1021 gloriam;
2899 950 3105 1023 homini
3149 928 3394 1003 tribuen-

1816 1052 1896 1096 tes
1930 1043 2098 1097 solam
2129 1043 2346 1097 habenti
2381 1043 2817 1109 conjunctionem
2852 1059 2972 1111 cum
3001 1058 3063 1096 eo
3103 1042 3155 1095 in
3209 1055 3393 1108 aequa-

1813 1136 1966 1190 litate
2019 1137 2316 1206 dignitatis,
2366 1153 2473 1191 non
2518 1133 3061 1203 erubescunt?Nain,
3102 1135 3244 1189 sicut
3292 1133 3393 1202 ipsi

1815 1229 2152 1307 cristiinant,
2209 1231 2490 1299 conjunxit
2545 1230 2649 1284 sibi
2713 1228 3008 1295 secundum
3067 1225 3396 1295 voluntatem

1815 1316 1990 1371 Patris
2006 1327 2068 1372 ,et
2090 1320 2469 1388 complacitum
2503 1320 2787 1386 hominem
2824 1320 3162 1389 simpliciter,
3189 1328 3243 1371 et
3276 1334 3397 1375 eum

1818 1421 1932 1461 suae
1988 1402 2172 1477 gloriae
2225 1422 2408 1478 parem
2471 1410 2668 1476 eii'ecit,
2714 1423 2769 1466 et
2809 1413 3102 1473 concessit,
3146 1418 3204 1462 ut
3235 1409 3398 1464 simili

1818 1499 2185 1568 appellatione
2212 1500 2481 1565 Christus,
2514 1502 2779 1568 etFiiius,
2814 1514 2865 1558 et
2902 1504 3047 1557 Deus
3091 1505 3402 1557 nominatus

1819 1590 1912 1655 δὴ,
1938 1590 2303 1653 βυθοιιιίιιιω.
2364 1634 2371 1641 ~
2920 1628 2925 1647 π
3006 1632 3070 1657 :‘i
3115 1630 3153 1667 ,³.

1891 1682 2033 1754 Ergo
2085 1699 2259 1753 neque
2299 1685 2640 1739 incarnatum
2691 1694 2776 1739 est
2820 1700 2965 1747 vere,
2994 1684 3253 1747 Verbum,
3300 1698 3401 1738 nec

156 1788 331 1851 homo,
362 1786 454 1855 qui
494 1783 563 1838 ab
605 1783 738 1852 ipsis
772 1780 1135 1850 excogitatur,
1175 1786 1428 1847 oportere
1472 1774 1624 1827 aiunt
1657 1772 1712 1827 in
1749 1753 1791 1807 Β
1820 1753 2041 1845 prorsus
2088 1778 2250 1831 homo
2287 1785 2372 1831 est
2424 1777 2645 1831 factum.
2680 1777 2765 1831 An
2823 1775 2986 1839 forte,
3040 1776 3204 1830 etiam
3238 1775 3402 1830 lalsos

151 1880 315 1950 ipsum
342 1878 507 1931 Deum
556 1874 787 1930 Verbum
841 1868 1058 1938 rel'erri,
1098 1885 1165 1925 eo
1193 1868 1335 1938 quod
1367 1865 1712 1933 conjunctum

151 1972 219 2026 sit
250 1970 345 2039 ipsi
379 1966 687 2038 aequalitate
716 1964 1022 2033 dignitatis,
1081 1977 1227 2026 cum,
1265 1957 1475 2014 naturis
1504 1956 1713 2020 divisis,

152 2048 514 2129 nmisquisqne
534 2058 611 2111 'id'
631 2049 721 2122 sit,
753 2054 894 2124 quod
920 2064 1024 2108 est.

242 2150 553 2220 Explanabo
596 2160 774 2203 autem
834 2147 941 2200 vim
992 2144 1416 2209 sententiarum,
1456 2150 1715 2211 quantum

155 2246 264 2316 ipse
301 2242 544 2317 valuero,
601 2236 1245 2309 sacrarumLitterarum
1299 2235 1545 2303 exempla
1593 2246 1719 2302 pro-

154 2349 371 2405 ponens.
402 2332 607 2387 Esuriit
627 2330 898 2393 Christus,
942 2328 1137 2382 itinere
1173 2325 1429 2396 fatigatus
1453 2333 1559 2389 est,
1590 2323 1720 2378 dor-

159 2427 329 2489 mivit,
366 2426 646 2494 ingressus
682 2430 763 2475 est
815 2421 866 2473 in
916 2417 1237 2482 naviculam,
1273 2417 1519 2486 pulsatus
1568 2425 1654 2471 est
1692 2429 1722 2469 a

153 2518 411 2571 ministris
456 2513 796 2575 verberibus,
829 2525 857 2563 a
898 2509 1074 2565 Pilato
1124 2510 1426 2577 ﬂagellatus
1455 2517 1559 2571 est,
1591 2521 1722 2576 spu-

155 2610 348 2662 tamina
380 2606 608 2660 militum
643 2604 880 2673 excepit,
906 2604 996 2673 qui
1026 2603 1209 2656 lancea
1237 2601 1380 2655 latus
1404 2607 1722 2669 pungentcs,

158 2708 361 2754 acetum
394 2700 608 2751 inistum
639 2696 759 2751 l'ello
804 2696 886 2749 ori
941 2696 1057 2765 ejus
1108 2694 1456 2757 obtulerunt;
1492 2692 1728 2762 gustavit

162 2778 432 2849 autemiet
454 2798 704 2849 mortem,
732 2800 955 2841 erucem
1004 2801 1214 2855 passus,
1251 2795 1305 2838 et
1339 2784 1442 2838 alia
1483 2783 1727 2838 convicia

155 2868 482 2935 Iudaeorum.
521 2877 871 2932 lla'con’inia
922 2876 1126 2931 homini
1172 2876 1389 2941 quidem
1436 2874 1732 2943 contigisse

158 2978 607 3032 commemorant,
646 2966 834 3022 referri
863 2980 992 3019 vero
1031 2966 1083 3017 in
1110 2964 1231 3019 Filii
1271 2965 1381 3017 veri
1420 2979 1728 3033 personam.

1815 1871 2209 1939 mendacesque
2235 1871 2416 1939 dicere
2448 1871 3184 1929 .doctoressauctosnnindi
3216 1872 3400 1930 totius,

1818 1962 2024 2016 nullum
2075 1962 2250 2030 pariat
2302 1963 3095 2034 detrimentumiAut799.
3133 1965 3279 2018 enim
3320 1962 3402 2016 di-

1816 2054 2101 2115 cant,imo
2140 2054 2313 2124 magis
2351 2056 2648 2124 procedant
2699 2057 2754 2109 in
2807 2057 3046 2109 medium
3100 2053 3401 2122 probaturi,

1817 2145 1962 2215 quod
1987 2146 2078 2215 qui
2124 2146 2521 2214 conjunctionis
2555 2148 2624 2203 ab
2672 2147 2805 2217 ipsis
2848 2145 3127 2201 inducitur
3182 2145 3400 2206 modus,

1818 2239 2212 2294 incarnationis
2254 2240 2449 2294 haheat
2498 2241 2642 2303 vim,
2675 2240 2810 2305 ει,ἱά
2867 2236 3235 2303 sit,.Verhum
3283 2248 3404 2289 esse

1821 2330 2094 2385 hominem
2130 2330 2353 2387 factum.
2390 2332 2493 2385 Aut
2535 2332 2675 2393 siea
2709 2345 2814 2384 non
2855 2329 2928 2383 ita
2966 2328 3169 2381 habere
3213 2325 3403 2379 existi-

1824 2430 1992 2489 mant,
2036 2437 2207 2491 quare
2252 2421 2650 2492 conjunctionis
2685 2421 2841 2475 nobis
2887 2419 3251 2485 inconjuncta:
3280 2430 3400 2468 mo-

1824 2515 1950 2568 dum
1986 2515 2320 2582 excogitant,
2354 2516 2581 2569 veritate
2614 2511 2911 2583 neglecta?
2933 2522 3069 2569 eum,
3091 2510 3283 2563 deceat
3317 2521 3410 2561 eos

1826 2608 2007 2660 dicere
2090 2607 2409 2660 humanitati
2452 2612 2670 2661 nostra:
2727 2604 3022 2657 adunatnnt
3082 2599 3247 2659 fuisse
3318 2598 3408 2652 Dei

1830 2696 2067 2751 Verbum
2097 2707 2151 2751 et
2178 2696 2398 2753 Patris:
2432 2698 2503 2752 ita
2546 2698 2688 2751 enim
2731 2709 2899 2749 carne
2933 2693 3152 2763 quidem
3193 2690 3409 2760 propria

1829 2788 2153 2857 intelligatur
2194 2804 2386 2858 passus
2415 2788 2671 2842 humana.
2703 2787 2978 2853 Quantum
3008 2793 3139 2853 vero
3166 2783 3407 2852 "pertinet

1832 2880 1899 2933 ad
1934 2880 2234 2936 divinitatis
2278 2892 2549 2945 naturam,
2588 2868 2852 2934 molestia:
2883 2877 3060 2932 omnis
3103 2888 3320 2944 expers,
3352 2880 3413 2927 ut

1837 2972 2001 3028 Deus.

154 3067 225 3150 A‘t
249 3078 346 3117 nos
402 3061 694 3122 credimus,
757 3057 899 3112 sient
949 3058 1001 3110 in
1057 3073 1220 3109 unum
1265 3056 1430 3111 Deum
1493 3056 1727 3119 Patrem,
1759 3091 1803 3150 α
1908 3066 2058 3132 ρηοά
2099 3082 2226 3121 νει-ο
2274 3064 2588 3119 relationem
2652 3062 3015 3125 nominantes,
3060 3074 3183 3129 qua;
3226 3059 3412 3112 nescio

155 3140 601 3223 omnipotentem,
650 3151 891 3204 omnium
953 3146 1243 3200 visibilium
1302 3159 1355 3199 et
1382 3146 1732 3201 invisibilinin

158 3244 570 3309 factorem;ita
640 3243 804 3297 etiam
870 3240 922 3293 in
981 3254 1145 3299 unum
1205 3238 1488 3293 Dominum
1549 3237 1735 3292 Jesum

155 3339 455 3401 Christum,
516 3333 709 3388 Filium
760 3330 1206 3399 ejus..Divid‘ere
1254 3344 1384 3384 vero
1432 3344 1650 3383 seorsus
1682 3331 1735 3382 in

159 3433 435 3485 hominem
473 3424 811 3489 Emmanuel,
856 3432 1171 3477 .et‘seorsus
1218 3421 1268 3473 in
1302 3418 1562 3484 Verbum,
1584 3434 1741 3472 recu-

156 3536 363 3575 saums.
393 3518 640 3574 Scientes
689 3524 869 3568 autem
911 3515 1054 3580 quod
1112 3510 1310 3563 factum
1341 3508 1411 3561 sit
1440 3506 1592 3574 juxta
1643 3520 1741 3559 nos

162 3613 401 3667 Verbum
465 3613 646 3675 homo,
703 3622 828 3661 vere
878 3606 1052 3674 ipsum
1098 3603 1454 3668 eumdemqne
1510 3599 1743 3652 dicimus

158 3708 331 3761 Deum
372 3705 579 3759 de-Deo
611 3718 626 3768 ;
661 3703 894 3756 humane
943 3704 1095 3752 vero”
1121 3694 1393 3751 hominem
1436 3692 1590 3761 juxta
1646 3704 1743 3744 nos

154 3814 225 3852 ex
258 3798 507 3850 muliere.
545 3792 893 3847 Aliirmamus
921 3800 1098 3842 autem
1135 3800 1296 3857 porro
1327 3793 1547 3854 propter
1583 3783 1744 3836 fami-

158 3890 484 3955 liaritatem,
536 3886 719 3941 carnis
768 3882 982 3952 quidem
1038 3894 1160 3933 eum
1200 3878 1542 3931 inﬁrmitates
1579 3874 1745 3930 fuisse

158 3993 482 4048 perpessum
517 3992 533 4042 ;
560 3988 806 4031 servasse
828 3988 958 4025 vero
988 3980 1195 4024 natura:
1228 3984 1338 4024 suae
1395 3966 1743 4035 impassihili-

159 4082 358 4135 tatem,
402 4083 466 4122 eo
513 4066 656 4137 quod
712 4082 816 4119 non
874 4064 1034 4117 homo
1066 4071 1187 4116 erat
1234 4060 1431 4126 solum,
1480 4059 1571 4113 sed
1604 4059 1743 4112 idem

155 4161 331 4214 etiam
378 4159 520 4212 Deus
576 4168 767 4211 natura
805 4172 820 4220 ;
853 4164 907 4208 et
957 4150 1408 4220 quemadmodum
1468 4148 1743 4216 proprium

152 4260 283 4305 erat
318 4265 517 4320 corpus
557 4249 758 4318 ipsius,
790 4248 860 4299 ita
888 4246 1052 4298 etiam
1085 4241 1361 4295 naturales
1410 4238 1653 4308 Corporis
1694 4247 1748 4293 et

156 4341 524 4410 incnlpabiles
548 4340 850 4409 passiones,
886 4348 1095 4390 necnon
1119 4331 1284 4386 etiam
1304 4346 1365 4385 ea
1391 4347 1510 4401 quae
1531 4332 1579 4387 ei
1600 4330 1747 4386 illata

154 4440 321 4496 sunt,
360 4430 654 4500 petulantia
687 4427 1090 4483 nonnullorum.

236 4523 556 4578 Patiebalur
590 4531 765 4576 autem
793 4520 1216 4591 impassibiliter,
1254 4519 1380 4589 quia
1408 4533 1513 4573 non
1544 4519 1748 4577 idcirco

168 4630 239 4673 se
280 4611 606 4674 humiliavit,
638 4621 697 4664 ut
728 4622 871 4666 esset
914 4620 1121 4666 tantum
1162 4615 1357 4670 similis
1390 4616 1561 4670 nostri
1596 4633 1611 4681 ;
1650 4617 1746 4671 Sed

159 4708 329 4778 quia,
382 4715 438 4758 ut
465 4715 588 4756 ante
619 4705 753 4765 dixi,
784 4704 837 4756 id
876 4716 1079 4761 natura:
1113 4725 1244 4771 suis,
1286 4711 1361 4762 uti
1389 4709 1458 4763 sit
1499 4710 1749 4766 oinnibus

161 4798 454 4866 superior,
502 4806 825 4849 reservarat.
881 4797 950 4849 At
1008 4799 1051 4853 si
1112 4800 1437 4864 diceremus,
1481 4801 1622 4867 quod
1651 4812 1749 4868 per

160 4889 591 4945 conversionem
651 4884 734 4938 vel
787 4890 1261 4961 connnutationem
1310 4899 1514 4943 natura:
1561 4893 1750 4944 sumin

162 4993 435 5038 naturam
497 4983 771 5037 transierit
815 4985 1014 5050 carnis,
1060 4995 1283 5037 necesse
1333 4992 1451 5034 erat
1502 4983 1751 5037 onmibus

160 5074 355 5128 modis
388 5088 505 5136 nos,
541 5075 740 5128 invitos
779 5075 967 5139 etiam,
1008 5073 1278 5137 conﬁteri,
1325 5086 1578 5124 arcanam
1613 5073 1752 5125 divi-

160 5181 414 5235 nanique
442 5177 689 5221 naturam
722 5168 885 5222 fuisse
907 5165 1235 5236 passibilem.
1272 5163 1364 5216 Sin
1391 5172 1594 5226 autem,
1630 5163 1754 5218 licet

149 5260 326 5328 juxta
363 5274 459 5314 nos
492 5261 650 5313 homo
684 5261 754 5313 sit
789 5259 983 5320 factus,
1017 5258 1277 5310 manserit
1307 5256 1753 5320 incommutatus,

156 5360 255 5407 est
324 5352 467 5404 enim
527 5351 803 5419 proprium
856 5349 1064 5404 caelesti
1110 5359 1334 5413 naturai,
1392 5358 1451 5401 ut
1492 5350 1601 5417 pati
1648 5364 1752 5402 non

159 5444 349 5514 possit
381 5460 397 5511 ;
427 5443 619 5497 deinde
644 5459 740 5512 per
767 5444 1148 5498 adunationetn
1178 5444 1345 5512 ipsius
1363 5441 1560 5495 factum
1595 5441 1759 5493 fuerit

159 5549 378 5603 corpus
428 5535 689 5603 .passibiie
741 5552 754 5588 :
814 5543 1029 5603 oportet
1081 5546 1135 5588 ut
1196 5536 1449 5603 patiatur,
1527 5548 1755 5600 corpore

1428 5709 1472 5741 ⁸⁸
1506 5708 1629 5761 ibid.
1661 5706 1711 5759 7.

246 5709 298 5742 ⁵⁸
330 5709 489 5765 Joan.
524 5725 670 5777 χχχι,
716 5710 801 5764 51.
882 5709 924 5740 ⁵⁷
958 5707 1124 5761 Exod.
1163 5725 1269 5775 xw,
1300 5710 1350 5762 5.

1791 5708 1836 5737 ⁸⁸
1879 5706 1896 5758 l
1940 5704 2069 5775 Reg.
2101 5719 2216 5771 vni,
2250 5705 2301 5757 5.

1838 3160 2112 3229 quomodo
2159 3159 2228 3213 ab
2300 3156 2432 3226 ipsis
2492 3164 2703 3224 reperta
2748 3152 3081 3218 ,est,fgloriae
3133 3150 3417 3223 detrahant

1841 3249 2248 3310 Emmanuelis;
2281 3247 2530 3317 quodque
2569 3260 2694 3301 eum
2746 3245 2833 3297 vix
2888 3258 3053 3297 unum
3106 3249 3415 3303 sanctorum

1840 3342 2074 3397 eciant
2134 3342 2581 3412 prophetarum;
2622 3348 2676 3391 et
2730 3338 2872 3407 quod
2937 3337 3103 3405 inter,
3136 3349 3418 3393 mensuras

1841 3435 2175 3486 constituant
2230 3432 2606 3501 plurimorum,
2663 3431 2716 3484 in
2770 3444 2943 3498 eoque
2984 3427 3203 3496 procul
3254 3427 3419 3481 dubio

1842 3524 2144 3591 capiantur,
2174 3523 2414 3590 probabo
2450 3536 2633 3589 porro,
2662 3520 2868 3594 divinas
2890 3517 3185 3587 Scriptura:
3214 3530 3419 3585 ponens

1845 3612 2111 3679 exempla.

1916 3702 2287 3757 Murmurahat
2315 3700 2609 3769 aliquando
2645 3698 2698 3751 in
2729 3697 2939 3752 deserto
2964 3698 3227 3752 adversus
3274 3697 3422 3767 Moy-

1846 3804 2017 3850 sen'et
2064 3793 2242 3848 Aaron
2294 3792 2520 3862 populus
2576 3789 2762 3852 Israel,
2818 3788 3052 3843 dicens:
3108 3805 3128 3839 ι
3200 3786 3418 3841 Utinam

1848 3887 2045 3943 mortui
2099 3901 2366 3950 essemus,
2425 3883 2666 3953 percussi
2699 3898 2727 3935 a
2774 3880 3004 3934 Domino
3058 3880 3111 3933 in
3165 3878 3419 3951 Egypto,

1846 3993 1969 4031 cum
2015 3978 2337 4031 sedebamus
2392 3972 2460 4028 ad
2513 3972 2649 4026 ollas
2713 3970 2981 4036 carnium,
3034 3980 3088 4025 et
3133 3972 3423 4025 edebanins

1850 4083 2019 4137 usque
2041 4070 2106 4120 ad
2136 4066 2441 4120 satietatem
2467 4065 2534 4118 ".
2567 4083 2585 4115 ι
2611 4064 2749 4117 Dicit
2771 4062 2965 4117 deinde
2991 4063 3421 4131 sapientissimus

1848 4159 2061 4230 Moyses
2110 4158 2251 4229 (erat
2292 4156 2436 4212 enim
2474 4169 2813 4224 consequens
2854 4163 2960 4208 tam
3000 4162 3203 4208 temere
3252 4156 3424 4225 impa-

1852 4251 2043 4302 tientes
2069 4248 2369 4317 confutare)
2396 4266 2407 4301 :
2442 4267 2458 4298 ι
2494 4246 2602 4301 Nos
2628 4255 2804 4300 autem
2836 4246 2966 4315 quid
2992 4262 3179 4301 sumus
3197 4245 3222 4301 ἳ
3240 4245 3423 4315 Neque

1849 4339 1995 4393 enim
2026 4338 2284 4393 adversus
2313 4354 2411 4392 nos
2447 4348 2529 4393 est
2564 4341 2919 4394 niurmuratio
2953 4350 3153 4407 vestra,
3188 4342 3280 4395 sed
3320 4342 3423 4395 ad-

1782 4424 1826 4479 D
1852 4445 2041 4485 versus
2083 4431 2247 4486 Deum
2275 4431 2342 4485 ⁸⁸.
2382 4450 2401 4482 ι
2428 4430 2709 4501 Regnabat
2737 4433 2879 4487 enim
2922 4447 3020 4503 per
3056 4433 3144 4487 illa
3186 4443 3422 4503 tempora

1854 4523 2015 4578 etiam
2060 4522 2201 4577 Dens
2230 4524 2593 4594 omnipotens,
2625 4541 2722 4596 per
2762 4533 2981 4581 sanctos
3026 4526 3336 4594 prophetas,
3371 4526 3423 4579 in

1855 4614 2049 4685 populo
2074 4613 2258 4669 Israel.

1929 4707 2005 4759 Illi
2037 4716 2216 4761 autem
2248 4707 2311 4759 in-
2344 4707 2444 4761 hoc
2474 4706 2638 4761 etiam
2680 4706 3070 4777 pusillanimes,
3098 4707 3427 4763 accedebant

1858 4799 1925 4853 ad
1947 4799 2187 4853 divinum
2234 4798 2480 4864 Samuel,
2532 4786 2769 4854 dicentes
2810 4816 2825 4853 :
2866 4818 2884 4852 σ
2922 4799 3062 4855 Ecce
3095 4811 3147 4855 tu
3177 4801 3423 4864 senuisti,

1857 4904 1912 4949 et
1957 4893 2048 4945 ﬁlii
2085 4894 2158 4947 tui
2184 4909 2286 4947 non
2316 4891 2591 4945 ambulant
2620 4892 2670 4946 in
2698 4894 2797 4948 viis
2826 4894 2951 4957 tuis,
2980 4904 3035 4948 et
3058 4908 3201 4947 nunc
3225 4893 3429 4947 consti-

1859 4995 1948 5039 tue
1982 5001 2144 5054 super
2172 5000 2269 5038 nos
2308 4999 2510 5054 regem,
2549 4986 2638 5053 qui
2661 4985 2865 5055 judicet
2896 5002 3012 5051 nos,
3056 4986 3193 5039 sicut
3221 4994 3428 5039 caeteras

1863 5079 2060 5132 habent
2089 5088 2276 5145 gentes
2305 5076 2371 5130 ".
2407 5096 2426 5129 ι
2466 5076 2687 5132 Moleste
2719 5078 2770 5132 id
2794 5078 3006 5146 quidem
3047 5077 3204 5130 nimis
3226 5075 3428 5130 ferebat

1864 5168 2149 5240 propheta.
2177 5167 2267 5220 Ait
2305 5176 2485 5222 autem
2521 5168 2661 5222 Deus
2690 5168 3030 5237 omnipotens
3062 5184 3076 5221 :
3109 5184 3127 5219 ε
3166 5160 3300 5221 Audi
3330 5182 3427 5221 vo-

1856 5277 1974 5316 cem
2009 5258 2207 5330 populi,
2265 5258 2407 5313 sicnt
2460 5258 2671 5312 locutus
2700 5268 2783 5312 est
2815 5259 2879 5311 ad
2924 5269 2973 5313 te
3006 5274 3020 5322 ;
3056 5257 3180 5329 quia
3218 5272 3320 5310 non
3376 5266 3426 5311 te

1856 5359 2198 5421 spreverunt,
2253 5348 2346 5402 sed
2399 5363 2485 5402 me
2540 5358 2882 5418 spreverunt,
2951 5361 3006 5403 ut
3049 5365 3154 5403 non
3212 5364 3428 5419 regnem

1858 5459 2018 5512 snpcr
2039 5456 2132 5495 eos
2154 5440 2221 5493 ⁸⁸.
2260 5458 2278 5491 r

1934 5533 2071 5587 Dixit
2097 5540 2275 5584 autem
2319 5528 2511 5584 alicubi
2557 5530 2720 5585 etiam
2754 5532 3002 5589 Christus
3049 5534 3251 5587 sam-tis
3298 5544 3429 5600 apo-

2379 5707 2421 5737 “
2453 5705 2581 5761 ibid.
2619 5705 2669 5759 7.
