3946 6202
610 267 740 326 liii

1610 267 1669 323 S.
1708 265 1989 322 CYRILLI
2030 260 2498 318 ALEXANDRINI
2535 261 2859 319 ARCIIIEP.

3722 266 3838 321 illi

605 382 760 438 stolis
796 400 812 437 :
851 400 870 434 ι
916 381 1016 448 Qui
1055 381 1246 451 recipit
1283 394 1401 445 vos,
1447 395 1533 436 me
1579 380 1773 449 recipit
1806 380 1873 432 ⁸³.
1908 398 1925 429 ι
1962 377 2178 432 Necnon
2212 384 2261 435 Α.
2283 377 2441 430 bilem
2482 390 2608 433 vero
2642 385 2696 430 ut
2723 377 2886 430 Deum
2917 373 3274 432 servavimus.
3313 374 3445 433 Nam
3500 376 3633 434 licet
3685 378 3835 435 factus

601 476 764 531 etiam
820 475 1202 529 misericordes
1251 488 1348 542 pro
1389 472 1642 527 tribunali
1680 486 1779 525 suo
1825 471 2182 525 allocutnrnm

604 584 664 623 se
694 569 974 637 pollicetur
1000 587 1014 621 :
1043 587 1061 619 ι
1112 568 1324 632 Venite,
1360 568 1622 621 benedicti
1650 565 1826 619 Patris
1852 564 1975 624 mei.
2001 562 2183 631 perci-

602 663 710 727 pite
730 669 972 728 paratum
996 658 1147 711 vobis
1170 673 1391 726 regnum
1410 673 1438 710 a
1464 657 1847 711 constitutione
1864 654 2128 707 mundi“.
2157 671 2175 704 ι

604 749 892 802 f‘robitatis
911 763 1037 803 vero
1063 750 1298 817 ipsorum
1320 765 1496 803 mores
1520 749 1857 801 familiariter
1878 761 2181 816 agnoscens

596 842 663 894 de
712 841 801 905 iis,
855 842 1047 907 quibus
1101 840 1238 895 bene
1296 840 1600 893 consultum
1663 839 1837 893 fuerat
1880 839 1947 891 ab
1997 839 2176 908 ipsis:

601 950 622 982 ι
654 932 901 997 Quandiu
931 932 1190 997 feceritis,
1226 933 1419 1002 inquit,
1449 934 1536 985 nni
1567 932 1758 986 horum
1811 931 2173 999 minimorum,

596 1025 725 1075 mihi
772 1022 974 1077 fecistis
996 1024 1057 1074 ⁸³.
1094 1041 1112 1073 ι

666 1112 824 1177 Ecce,
852 1115 903 1166 in
934 1113 1017 1167 his
1047 1113 1325 1168 relationis
1352 1115 1543 1168 modus
1563 1115 1740 1184 qualis
1762 1116 1853 1180 sit,
1883 1119 2169 1185 cognosci-

598 1212 689 1257 tur
730 1204 1030 1258 evidenter.
1098 1204 1474 1259 Murmurabat
1537 1207 1796 1260 adversus
1850 1208 2065 1278 Moysen
2121 1218 2178 1263 et

594 1298 773 1348 Aaron
829 1295 1057 1364 papulns
1088 1294 1275 1358 Israel,
1309 1305 1363 1348 et
1402 1312 1487 1348 res
1517 1297 1733 1364 quidem
1769 1296 2001 1350 habebat
2033 1298 2169 1352 rela.

596 1387 793 1437 tionem
839 1387 891 1438 in
939 1388 1323 1450 Deum;erant
1352 1395 1528 1439 tamen
1570 1387 1817 1441 homines
1861 1387 2070 1457 Moyses
2120 1398 2177 1442 et

594 1480 774 1528 Aaron
804 1476 1014 1530 similes
1060 1478 1255 1531 nostri.
1290 1477 1491 1529 Eodem
1557 1487 1717 1545 pacto
1767 1480 1931 1531 etiam
1968 1479 2020 1531 in
2053 1479 2174 1535 aliis

593 1568 880 1638 intelliges,
922 1584 1153 1637 quorum
1208 1583 1381 1636 nuper
1408 1569 1635 1621 fecimus
1689 1571 2047 1625 mentionem:
2080 1572 2172 1625 sed

592 1668 749 1713 erant
799 1659 1038 1727 quidem,
1071 1667 1128 1709 ut
1171 1666 1297 1712 ante
1328 1657 1460 1719 dixi,
1510 1661 1681 1712 sancti
1733 1668 1787 1713 et
1828 1663 2173 1718 admirabiles

2287 470 2358 520 sit
2382 467 2574 521 similis
2609 468 2804 530 nostri,
2839 477 3075 523 attamen
3106 467 3250 523 scire
3277 468 3535 523 debemus
3556 471 3836 529 caelestium

2285 558 2607 626 dignitatum
2636 567 2691 612 et
2710 558 2907 612 divina:
2934 556 3050 625 ejus
3094 558 3403 617 eminentiae
3435 560 3796 630 maiestatem.

2364 650 2649 704 Praemissa
2683 650 2847 719 igitur
2876 650 3081 707 unitate
3118 665 3203 714 ea,
3231 648 3385 720 quasi
3422 650 3607 721 aliquo
3672 654 3838 709 funda-

2284 752 2464 796 mento
2492 742 2612 796 tidei
2634 743 2909 811 prasjacto,
2939 757 3103 797 carne
3119 757 3332 811 passum
3354 758 3474 799 esse
3490 746 3833 809 confitemur;
3920 808 3921 811 η

2282 835 2546 890 mansisse
2578 848 2708 889 vero
2760 845 2913 888 extra
2962 834 3266 901 passiones,
3313 835 3513 903 quippe
3559 852 3690 889 cum
3726 840 3836 893 inse

2282 927 2497 990 habent,
2521 937 2579 980 ut
2603 928 2709 995 pati
2746 943 2848 980 non
2874 926 3041 994 possit
3075 943 3089 979 :
3125 924 3207 979 sin
3243 942 3369 981 vero
3401 928 3451 980 in
3496 939 3657 997 parte
3704 946 3832 997 pona-

2280 1035 2402 1074 mus
2434 1020 2600 1073 Deum
2629 1028 2683 1073 et
2726 1019 3019 1082 hominem,
3054 1028 3274 1073 naturas
3304 1035 3333 1074 a
3366 1033 3489 1073 sese
3530 1020 3830 1085 dividente,

2278 1118 2331 1162 et
2353 1112 2651 1185 secundum
2673 1109 2840 1165 solam
2868 1109 3182 1165 relationem
3213 1111 3458 1167 dicanms
3480 1108 3739 1165 Verbum
3765 1131 3827 1165 sua

2279 1201 2497 1255 duxisse
2530 1217 2616 1264 ea,
2645 1216 2764 1269 qua:
2797 1201 3010 1270 corpori
3040 1202 3402 1270 contigerunt,
3433 1200 3648 1271 Moysis
3680 1219 3830 1270 nemp:

2277 1301 2331 1345 et
2358 1294 2536 1371 Aaron
2567 1295 2781 1373 modum
2803 1293 2962 1346 habet
2990 1291 3056 1356 is,
3087 1292 3179 1360 qui
3224 1301 3398 1350 estex
3430 1307 3592 1347 sacra
3648 1292 3831 1362 Virgins

2277 1393 2588 1451 procreatus
2659 1382 2997 1451 Emmanuel,
3062 1386 3206 1454 quod
3276 1393 3359 1441 est
3416 1384 3829 1453 interpretatum,

2277 1474 2555 1529 nobiscum
2593 1475 2755 1531 Dcus.

2342 1568 2507 1637 800
2555 1568 2697 1639 Ergo
2743 1569 2845 1623 etsi
2907 1582 3003 1637 per
3054 1567 3347 1637 prophetas
3392 1579 3627 1626 sanctos
3686 1571 3829 1629 dicat;

2279 1677 2299 1709 ι
2344 1661 2566 1713 Dorsum
2598 1675 2773 1713 meum
2810 1661 2960 1727 posui
2999 1661 3053 1714 in
3084 1659 3328 1727 ﬂagella;
3363 1660 3622 1715 maxillas
3686 1673 3832 1715 autem

600 1750 864 1813 homines,
896 1748 1139 1800 homines
1162 1759 1338 1801 tamen
1369 1750 1572 1802 similes
1608 1752 1796 1805 nostri.
1829 1751 1976 1806 Eone
2014 1755 2173 1823 igitur
2204 1726 2244 1781 Β
2277 1763 2424 1801 meas
2468 1749 2518 1801 in
2557 1749 2762 1815 palmas
2789 1766 2803 1813 ;
2829 1748 3021 1803 faciem
3070 1761 3240 1803 meam
3285 1756 3465 1800 autem
3520 1764 3633 1801 non
3694 1753 3830 1803 averti
3910 1726 3917 1771 ¹

592 1841 750 1891 modo
774 1839 937 1891 etiam
966 1840 1127 1891 homo
1164 1838 1272 1892 Deo
1317 1838 1491 1894 Verbo
1531 1841 1878 1910 conjunctus,
1921 1846 2061 1899 sicut
2093 1846 2170 1899 illi

589 1933 758 1993 aiunt,
794 1930 1111 1989 relationem
1144 1931 1198 1984 in
1234 1930 1285 1984 id
1330 1947 1550 1986 suarum
1586 1935 1782 1993 habeat
1814 1938 2123 2004 passionum
2149 1942 2173 1991 Ἰ

591 2021 655 2073 Et
680 2021 1072 2089 quomodojam
1103 2037 1208 2074 non
1237 2022 1306 2074 sit
1326 2023 1486 2075 homo
1505 2026 1831 2088 communis,
1855 2036 1906 2078 et
1927 2042 2166 2093 seorsus,

588 2121 644 2165 ct
679 2113 823 2167 aliud
857 2113 988 2167 nihil
1012 2114 1035 2167 i
1056 2114 1196 2183 Ergo
1230 2128 1334 2167 non
1364 2124 1446 2168 est
1486 2128 1613 2169 vere
1659 2115 1800 2170 Deus
1826 2116 2165 2185 Emmanuel,

588 2218 694 2257 non
724 2204 1032 2272 unigenitus
1062 2204 1255 2270 Filius,
1285 2219 1389 2258 non
1415 2206 1554 2259 Deus
1576 2208 1869 2261 secundum
1898 2218 2164 2262 naturam.

662 2294 861 2349 Deinde
906 2310 1071 2364 quam
1136 2301 1206 2350 ob
1250 2311 1471 2350 causam
1522 2311 1682 2353 nemo
1738 2298 1969 2351 aliorum
1997 2315 2026 2351 a
2059 2300 2166 2375 Deo

585 2386 766 2443 Verbo
827 2388 1124 2441 honoratus
1177 2397 1261 2441 est
1315 2388 1622 2458 xequalitate
1692 2390 1990 2455 dignitatis,
2052 2391 2166 2445 sive

584 2480 928 2535 auctoritatis
956 2480 981 2533 ἲ
1009 2478 1193 2535 Solum
1241 2489 1419 2533 autem
1448 2480 1590 2535 hunc
1644 2483 1789 2550 paria
1838 2483 2017 2536 omnia
2047 2498 2165 2536 sor-

585 2571 740 2625 titum
772 2569 937 2624 fuisse
961 2571 1327 2635 contendunt;
1355 2572 1589 2623 maxime
1616 2585 1736 2623 cum
1758 2570 1897 2624 Deus
1915 2569 2163 2624 Salvator

583 2661 849 2724 omnium,
885 2676 991 2713 non
1019 2660 1226 2730 iudicet
1262 2662 1327 2714 ad
1353 2661 2000 2729 personam,sedjustum
2026 2661 2162 2730 judi-

581 2753 747 2817 cium,
777 2753 919 2807 sicut
947 2753 1061 2819 ipse
1084 2751 1564 2807 commemorat“.
1598 2752 1777 2817 Quare
1810 2766 1942 2819 ergo
1979 2752 2160 2805 consi-

578 2846 671 2899 det
702 2844 894 2898 solus?
926 2845 1224 2911 Quomodo
1276 2845 1456 2898 veniet
1485 2843 1672 2910 iudex,
1731 2841 2157 2911 obsequentibus

579 2936 1026 3007 angelisiQuare
1077 2948 1254 2991 autem
1296 2938 1444 2990 solus
1492 2945 1600 2989 tam
1642 2951 1670 2988 a
1718 2936 1874 2989 nobis
1924 2952 2087 3005 quam
2123 2952 2152 2991 ιι

2274 1854 2302 1890 a
2333 1838 2647 1909 confusione
2667 1850 2944 1908 sputorum
2963 1839 3028 1895 ⁸⁸.
3055 1857 3075 1892 r
3104 1838 3304 1894 Porro:
3331 1857 3350 1890 ‹
3392 1838 3730 1893 infoderunt
3754 1856 3835 1893 nta-

2275 1946 2373 1983 nus
2411 1945 2558 1984 ineas
2605 1941 2662 1983 et
2711 1932 2872 1998 pedes
2923 1946 3089 1993 meos,
3130 1930 3622 1986 dinumerarerunt
3688 1934 3832 1988 munia

2269 2037 2392 2076 ossa
2425 2037 2538 2076 mea
2564 2022 2628 2075 “.
2668 2043 2686 2074 ι
2730 2021 2797 2075 Ει
2830 2037 3026 2091 porro:
3057 2041 3076 2074 ι
3110 2022 3316 2078 Dedere
3350 2023 3404 2081 in
3447 2022 3639 2077 cibum
3692 2040 3833 2076 meum

2271 2113 2581 2183 hyssopum,
2617 2121 2673 2166 et
2724 2113 2774 2166 in
2816 2112 2961 2166 sitim
2998 2127 3169 2166 meam
3211 2114 3530 2173 obtulerunt
3561 2116 3709 2169 mihi
3744 2132 3830 2169 acr-
3912 2112 3915 2197 ξ

2271 2217 2380 2259 ιιιιιι
2412 2206 2478 2260 ⁸⁷.
2519 2224 2539 2259 ι
2593 2206 2696 2272 Ipsi
2750 2206 2932 2260 omnia
2987 2205 3101 2260 haec
3126 2204 3413 2274 Unigenito
3472 2209 3832 2273 attribuimus,
3912 2210 3917 2243 ῖ

2266 2312 2388 2367 qua!
2419 2312 2515 2366 pro
2533 2297 2683 2351 nobis
2704 2297 3097 2366 dispensatoris
3123 2312 3291 2353 carne
3308 2313 3502 2369 pasws
3530 2310 3651 2365 est,
3684 2318 3833 2356 setae

2265 2393 2388 2443 dum
2445 2388 2847 2457 Scripturaszi
2880 2388 3067 2444 Vibice
3135 2391 3280 2445 enim
3339 2390 3454 2457 ejus
3508 2408 3616 2449 nos
3693 2398 3825 2447 satis?

2264 2497 2471 2545 smnus,
2535 2490 2591 2533 et
2650 2480 2765 2547 ipse
2824 2479 3124 2535 inﬁrmatus
3190 2491 3269 2539 est
3331 2490 3559 2549 prOpter
3619 2494 3829 2550 peccat:

2263 2587 2446 2629 nostra
2478 2574 2542 2628 ⁸ο.
2582 2593 2600 2625 ι
2662 2574 3051 2642 lmpsssibilem
3107 2588 3235 2628 vero
3290 2587 3406 2627 eum
3460 2585 3691 2629 natura
3752 2592 3831 2630 ea

2261 2667 2638 2733 cognoscimus
2672 2682 2684 2716 :
2726 2680 2845 2715 nam
2877 2664 2953 2726 si,
2990 2673 3046 2717 ut
3095 2663 3286 2717 dudum
3312 2663 3440 2726 dixi,
3475 2664 3653 2717 idem
3712 2667 3835 2719 homo
3912 2670 3913 2679 ‘

2259 2769 2341 2811 est
2392 2758 2549 2811 simul
2604 2766 2659 2809 et
2713 2757 2875 2819 Deus,
2936 2764 3061 2809 sunt
3108 2766 3251 2809 certe
3303 2754 3697 2811 humanitatis
3750 2758 3835 2822 cjas

2259 2846 2560 2915 passiones,
2588 2844 2677 2897 Dei
2704 2858 2865 2911 porro
2891 2844 3189 2912 proprium,
3217 2854 3273 2899 ut
3301 2844 3679 2905 impassibilis
3705 2847 3835 2900 intel-

2258 2938 2472 3009 ligatur.

575 3030 825 3097 supernis
849 3031 1133 3099 spiritibus
1171 3028 1472 3083 adoraturi
1508 3029 1615 3082 Sed
1644 3028 1821 3091 valde,
1848 3029 2021 3097 inquit
2052 3047 2065 3083 :
2102 3038 2152 3084 te
2180 3060 2222 3117 ο
2328 3030 2451 3084 Haec
2478 3031 2552 3083 ita
2607 3031 2904 3085 sentientes
2952 3031 3287 3087 servabimus
3330 3028 3639 3099 pietatem,
3676 3041 3729 3084 et
3760 3046 3833 3099 per

573 3124 719 3175 enim
774 3136 991 3192 quoque
1050 3124 1100 3178 id
1151 3136 1312 3192 agere
1360 3122 1709 3186 invenimus;
1741 3136 1957 3188 passum
2006 3120 2149 3175 enim

577 3214 753 3280 ipsum
778 3215 1071 3277 confiteris,
1095 3223 1363 3283 quatenus
1389 3213 1437 3268 ei
1464 3214 1645 3267 carnis
1668 3213 1917 3267 attribuis
1940 3212 2147 3281 passio-

577 3320 694 3368 nes,
720 3304 841 3358 licet
870 3304 1254 3373 impassibiletn
1291 3318 1476 3359 serves
1500 3313 1560 3356 ut
1580 3301 1771 3356 Deum.
1806 3302 1878 3355 At
1905 3317 2024 3368 nos,
2064 3305 2148 3356 vir

574 3398 798 3467 Optime,
833 3411 957 3450 cum
988 3397 1137 3465 prius
1173 3395 1592 3450 adunaverimus
1626 3394 1863 3451 Verbum
1892 3404 1946 3449 et
1970 3395 2147 3449 homi—

574 3504 718 3555 nem,
758 3490 911 3544 carui
961 3490 1175 3558 quidem
1210 3489 1494 3560 passiones
1539 3487 1847 3553 tribuimus,
1890 3487 2161 3563 impassi-r

1179 3669 1224 3700 “
1255 3667 1441 3723 Matth.
1474 3685 1603 3732 xxv.
1644 3669 1734 3723 54.

1195 3739 1242 3771 ⁸⁸
1284 3739 1387 3793 lsa.
1415 3757 1528 3805 Litt,
1564 3740 1617 3794 5.

640 3669 686 3704 “
720 3667 852 3723 Luc.
877 3684 955 3735 ιχ,
974 3670 1067 3724 48.

569 3734 611 3766 ⁸⁷
640 3736 779 3795 PsaL
811 3734 999 3806 mm,
1031 3741 1119 3795 ἢ.

1847 3668 1892 3700 ⁸³
1935 3668 2062 3723 ibid.
2105 3665 2192 3720 $0.

2256 3129 2434 3173 rectas
2479 3121 2840 3189 cogitationes
2886 3134 3077 3176 euntes
3123 3131 3177 3176 et
3228 3138 3447 3187 sensus,
3493 3123 3576 3178 ad
3627 3122 3831 3177 calcantis

2254 3212 2555 3266 vocationis
2601 3213 2832 3281 palmam
2892 3215 3265 3282 perveniemus
3323 3215 3378 3268 in
3439 3215 3711 3279 Christo,
3758 3230 3831 3283 pet

2250 3317 2432 3370 quem,
2467 3314 2665 3356 etcum
2698 3318 2825 3373 quo,
2858 3302 2970 3357 Deo
3008 3318 3065 3359 et
3090 3304 3237 3358 Patri
3266 3305 3440 3372 gloria
3477 3323 3625 3362 cum
3658 3307 3827 3376 Spiritu

2246 3406 2438 3449 sancto
2479 3396 2531 3449 in
2558 3398 2755 3451 saecula
2786 3399 3127 3453 saeculorum.
3167 3399 3362 3454 Amen.

2281 3666 2324 3698 “
2363 3663 2517 3720 Joan.
2551 3683 2669 3733 vm,
2705 3666 2800 3735 16.
2882 3667 2928 3699 “
2954 3667 3056 3721 isa.
3088 3681 3141 3729 ι..
3181 3667 3234 3721 6.
3322 3665 3369 3696 ⁸⁸
3405 3666 3567 3723 Psal.
3608 3685 3732 3731 ut.
3765 3668 3825 3726 i8.

3910 1709 3921 1775 ι

3910 2440 3922 2549 i

3910 2598 3915 2639 ‘
