4016 6202
562 256 703 315 1415

1551 262 1610 318 S.
1645 257 1922 315 CYRILLI
1961 254 2433 313 ALEXANDRINI
2472 253 2795 314 ARCHIEP.

3691 256 3815 314 Nili

563 389 827 451 tribuunt,
855 384 1019 455 802
1045 384 1099 437 in
1129 395 1292 436 unam
1322 381 1586 435 duntaxat
1616 391 1901 448 personam
1931 388 2132 430 conve-

2252 377 2532 447 ιτρόσωπον
2560 373 2820 444 συνῆχθαί
2854 389 3052 443 φαμεν.
3078 372 3183 426 Τὸν
3206 372 3369 426 αὑτὸν
3402 373 3513 444 γὰρ
3550 373 3716 444 ἴσμεν
3736 378 3819 428 ἐπὶ

565 484 680 534 nire
726 479 1101 548 pradicamus.
1145 474 1407 527 Eumdem
1456 471 1600 525 enim
1648 468 1992 539 agnoscimus
2039 464 2133 534 qui

564 585 727 640 super
752 567 985 624 cervical
1018 564 1363 629 dormiebat,.
1381 574 1435 619 et
1464 561 1558 631 qui
1592 574 1739 614 mare
1769 568 1823 614 et
1852 566 2044 611 ventos
2073 570 2142 610 ex

567 671 832 731 potestate
866 659 1180 726 increpabat
1202 656 1221 686 ³
1256 673 1269 709 :
1306 655 1555 709 eumdem
1588 654 1679 721 qui
1712 651 2013 713 exitiuere
2048 648 2142 703 de-

570 752 898 821 lutigabatur
920 747 963 813 ⁸,
999 758 1052 801 et
1086 748 1174 815 qui
1212 760 1375 814 super
1410 758 1592 807 mare,
1629 740 1850 810 perinde
1883 753 1948 793 ac
1983 751 2145 805 super

532 844 792 913 solidam
840 851 1059 901 terram,
1102 852 1198 892 sua
1242 844 1507 905 potestate
1548 831 1956 904 gradiebatur‘.
2001 828 2141 882 Idem

570 937 756 1003 itaque
805 932 943 987 citra
994 928 1153 983 ullam
1211 924 1636 981 controversiam
1690 924 1837 976 Deus.
1878 920 2040 974 simul
2092 928 2147 973 et

572 1026 731 1077 homo
770 1020 1004 1077 exsistit.
1045 1016 1186 1084 Quid
1232 1017 1376 1070 enim
1421 1014 1614 1068 mirum
1658 1021 1821 1074 esset,
1860 1009 1904 1064 si
1950 1017 2148 1062 nostra:

569 1114 897 1171 conditionis
942 1112 1103 1165 homo
1146 1107 1413 1177 quispiam
1459 1105 1552 1159 Dei
1602 1109 1865 1173 potestate
1911 1101 2148 1152 munitus

576 1198 832 1262 miracula
875 1201 1153 1273 patraret?
1186 1201 1379 1254 Verum
1420 1207 1477 1249 ut
1508 1196 1635 1249 illud
1672 1196 1843 1264 ipsum
1888 1191 1982 1244 Dei
2014 1190 2149 1243 Ver-

576 1304 699 1354 bum
746 1314 849 1352 non
892 1294 1294 1366 imaginatione,
1335 1302 1428 1345 aut
1467 1290 1745 1360 apparenti
1786 1289 2016 1357 quadam
2058 1301 2149 1338 ra-

580 1393 744 1455 tione,
772 1388 869 1444 sed
901 1403 958 1441 re
988 1388 1101 1455 ipsa
1129 1399 1187 1439 se
1213 1384 1597 1448 exinanivisse,
1632 1382 1827 1436 divina:
1856 1381 2151 1448 Scripturae

578 1482 734 1535 nobis
773 1478 1060 1534 ostendant
1085 1477 1140 1542 ⁶;
1180 1490 1344 1528 unum
1389 1473 1745 1540 eumdemque
1788 1470 1951 1523 Deum
1992 1469 2154 1523 simul

577 1584 633 1626 et
659 1572 928 1626 hominem
960 1582 1053 1636 per
1079 1567 1371 1635 prophetas
1398 1573 1451 1616 et
1476 1563 1749 1631 apostolos
1777 1560 1930 1614 nobis
1955 1561 2155 1614 diserte

580 1662 991 1731 pronuntiantes
1023 1659 1297 1710 dixerunt.
1330 1656 1421 1709 Dei
1454 1652 1634 1721 itaque
1661 1652 1779 1706 erat
1812 1652 1900 1705 illa
1931 1666 1999 1705 ex
2026 1650 2153 1705 Vir-

2240 467 2300 520 τδ
2328 466 2765 538 προσκεφάλαιον
2790 465 3117 519 καθεύδοντα
3136 463 3517 540 [καθήμενον],
3545 468 3644 521 τὸν
3671 470 3819 522 αὐτὸν

2240 558 2308 626 τῇ
2339 555 2581 627 θαλάσσῃ
2612 555 2949 624 ἐπιτιμῶντα
2973 557 3029 617 ἐν
3053 556 3293 628 ἐξουσίᾳ,
3318 558 3410 609 καὶ
3433 560 3555 621 τοῖς
3583 560 3818 629 ἀνέμοιςο

2242 645 2332 696 τὸν
2380 643 2543 697 αὑτὸν
2587 645 2679 697 καὶ
2722 644 2820 696 ἐπὶ
2857 644 2957 714 τῆς
2996 643 3305 717 ὁδοιπορίας
3346 649 3700 719 κεκμηκότα,
3742 653 3822 703 τὸν

2244 733 2405 787 αὐτὸν
2431 734 2527 786 καὶ
2557 735 2649 785 ἐπὶ
2679 736 2777 803 τῆς
2821 732 3095 804 θαλάσσης
3142 734 3580 804 περιπατοῦντα,
3617 736 3694 799 ὡς
3742 740 3821 791 ἐπὶ

2248 827 2475 895 στερεᾶς
2523 824 2646 895 γῆς,
2683 824 2788 896 ίδία
2846 823 3095 895 ὲξουσίᾳ¹
3126 824 3155 875 6
3193 824 3357 886 αὐτὸς
3395 826 3589 879 τοίνυν
3621 827 3820 892 Θεὺ;,6

2245 917 2409 978 αὐτὸς
2451 915 2734 985 ἄνθρωπος
2779 916 3246 986 ὁμολογουμένως.
3282 918 3347 970 Τί
3384 918 3498 989 γὰρ
3533 920 3599 972 τὸ
3633 920 3816 991 θαῦμα,

2248 1008 2295 1060 εἰ
2326 1007 2608 1078 ἄνθρωπός
2645 1024 2727 1069 τις
2759 1007 2868 1060 τῶν
2902 1007 3023 1059 καθ’
3050 1009 3201 1077 ἡμᾶς
3228 1009 3286 1061 ὲν
3317 1008 3548 1082 ἐξουσίᾳ.
3578 1011 3820 1081 δυνάμεις

2246 1098 2380 1150 Θεοῦ
2402 1101 2641 1171 ἐνεργεῖν
2659 1098 2767 1169 lia.
2789 1100 2846 1151 ὲν
2870 1099 3087 1170 ἐξουσία
3106 1100 3262 1165 Θεοῦ,
3283 1102 3551 1172 δυνάμεις
3576 1106 3819 1179 ἐνεργεῖνδ

2250 1283 2601 1348 ὑποδείξωσιν
2633 1286 2765 1354 ἡμῖν
2795 1287 2850 1336 αἱ
2884 1286 3024 1338 θεῖαι
3062 1286 3294 1355 Γραφαὶ,
3325 1288 3388 1340 οὐ
3416 1288 3672 1361 δοκήσει,
3706 1293 3821 1346 ἀλλὰ

2250 1374 2537 1444 ἐνεργείᾳ,
2604 1374 2698 1428 ’ἐνα
2750 1376 2844 1428 καὶ
2906 1375 2998 1428 τὸν
3059 1377 3223 1429 αὑτὸν
3274 1379 3406 1448 ἡμῖν
3449 1379 3820 1451 διαγορεύουσι

2253 1472 2627 1539 προφητικῶς,
2656 1470 2748 1521 καὶ
2796 1470 2901 1539 μὴν
2939 1470 3035 1522 καὶ
3077 1472 3454 1536 ἀποπολικοῖς
3491 1475 3821 1545 κηρύγμασι,

2253 1559 2343 1611 τὸν
2392 1559 2553 1613 αὑτὸν
2598 1556 2749 1611 εἷπον
2798 1560 2950 1621 Θεὸν,
2993 1559 3085 1611 τὸν
3135 1560 3296 1614 αὑτὸν
3346 1561 3660 1633 ἄνθρωπον.
3704 1564 3820 1617 Θεοῦ

2255 1650 2435 1703 τοίνυν
2558 1649 2817 1720 σύλληψις
2850 1652 2893 1720 ’ἠ
2935 1652 3237 1722 παρθενική
3261 1670 3277 1685 ο
3310 1653 3510 1726 Θεοῦή
3548 1656 3820 1726 γέννησις·

579 1728 704 1823 igine
742 1750 1046 1818 conceptio,
1091 1747 1183 1800 Dei
1228 1747 1503 1809 nativitas,
1551 1744 1643 1797 Dei
1688 1743 2001 1807 similitudo,
2047 1759 2151 1813 qua

2256 1739 2391 1793 Θεοῦ
2419 1742 2451 1810 ἡ
2481 1740 2621 1793 κατὰ
2648 1741 2826 1792 πάντα
2860 1740 2998 1810 πρὸς
3026 1742 3194 1810 ἡμᾶς,
3226 1742 3320 1794 καὶ
3355 1743 3423 1795 δι’
3456 1744 3610 1827 ἡμᾶς
3640 1745 3819 1814 ὁμοίω-

581 1845 736 1900 nohis
771 1840 941 1896 noStri
981 1854 1142 1893 causa
1181 1836 1573 1906 dispensator-ie
1602 1850 1700 1904 per
1728 1836 1905 1889 omnia
1938 1835 2156 1890 assimi-

581 1937 723 1989 latus
748 1945 860 1996 est;
895 1932 985 1987 Dei
1018 1930 1219 2000 passio,
1251 1929 1342 1982 Dei
1373 1929 1553 1997 iisqui
1584 1930 1637 1981 in
1666 1941 1883 1982 carcere
1909 1938 1962 1981 et
1996 1928 2044 1981 in
2078 1937 2159 1982 te-

583 2026 765 2081 nebris
788 2034 944 2079 erant
969 2022 1301 2093 praedicatio,
1326 2020 1420 2075 Dei
1450 2021 1798 2084 resurrectio,
1826 2020 1917 2074 Dei
1945 2024 2154 2074 tandem

583 2118 636 2170 in
666 2115 831 2169 ctelos
862 2110 1183 2181 assumptio.
1214 2110 1315 2176 Qui
1345 2112 1463 2179 capi
1496 2124 1602 2164 non
1636 2119 1847 2178 pOterat
1867 2148 1882 2173 ,
1917 2124 2012 2178 per
2037 2124 2160 2163 car-

568 2216 703 2261 nem
736 2221 898 2275 quam
930 2203 1103 2257 noStri
1136 2217 1299 2256 causa
1332 2216 1398 2255 ex
1431 2200 1595 2254 Maria
1628 2201 1885 2269 sumpsit,
1915 2199 2157 2268 virginali

583 2309 736 2352 utero
768 2293 1011 2350 concludi
1049 2308 1112 2346 ac
1148 2292 1357 2347 deliniri
1394 2289 1668 2346 sustinuit.
1699 2288 1801 2355 Qui
1837 2289 1945 2342 late
1976 2292 2155 2342 omnia

582 2390 815 2454 excedit,
859 2402 1025 2443 carne
1071 2385 1396 2440 continetur.
1445 2385 1504 2436 In
1547 2399 1706 2453 quem
1752 2383 1895 2437 nulla
1935 2382 2158 2436 mutatio

584 2480 753 2545 cadit,
795 2479 1087 2531 humanam
1134 2474 1360 2528 formam
1404 2472 1589 2529 subiit.
1631 2473 1976 2543 lmpatibilis,
2018 2473 2159 2527 ultro

585 2588 682 2641 pro
713 2572 866 2627 nobis
893 2580 948 2625 et
978 2580 1194 2640 prapter
1222 2587 1320 2626 nos
1348 2587 1445 2642 per
1474 2571 1746 2642 propriam
1776 2586 1996 2626 carnem
2027 2585 2157 2640 pas-

585 2678 679 2718 sus
718 2671 817 2718 est.
854 2663 963 2717 Deo
998 2672 1052 2717 et
1085 2663 1229 2716 Patri
1265 2662 1527 2717 indivulse
1562 2662 1864 2728 cohaerens,
1900 2663 1955 2719 in
1992 2673 2157 2727 terra,

587 2764 646 2809 ut
678 2755 937 2823 scriptum
971 2762 1074 2823 est,
1110 2756 1258 2810 visus
1291 2764 1397 2821 est,
1430 2764 1485 2809 et
1523 2770 1647 2808 cum
1687 2755 1997 2809 hominibus
2033 2768 2163 2807 con-

2260 1849 2344 1896 σις
2361 1832 2719 1903 οἰκονομικῶς
2736 1849 2749 1863 ·
2775 1832 2908 1889 Θεοῦ
2931 1832 3207 1899 τδπᾴθος·
3232 1833 3368 1887 Θεοῦ
3393 1838 3510 1901 τοῖς
3539 1838 3602 1889 ἐν
3625 1838 3819 1905 φυλακῇ

2258 1924 2352 1976 καὶ
2390 1926 2448 1976 ὲν
2487 1924 2565 1993 τῷ
2594 1924 2774 1976 σκότει
2806 1926 2836 1992 ἡ
2869 1923 3125 1994 κήρυξις·
3159 1925 3293 1977 Θεοῦ
3320 1921 3623 1991 ἀνάστασις
3645 1945 3658 1958 ·
3700 1928 3817 1980 Θεοῦ

2259 2017 2292 2085 ἡ
2321 2014 2605 2085 ἀνάληψις.
2625 2015 2680 2068 Ὀ
2709 2014 2991 2086 ἀχώρητος
3033 2017 3224 2069 ἑαυτὸν
3255 2016 3453 2071 δέδωκε
3487 2019 3819 2089 κεχωρῆσθαι

2257 2104 2323 2157 δι’
2350 2106 2497 2174 ἡμᾶς
2526 2107 2582 2157 ὲν
2608 2108 2671 2175 τῇ
2706 2105 2806 2175 τῆς
2838 2107 3122 2177 Παρθένου
3158 2110 3361 2180 μήτρᾳ,
3394 2111 3533 2179 μετὰ
3565 2112 3667 2180 τῆς
3702 2111 3817 2174 ἰδίας

2262 2197 2480 2266 σαρκὸς,
2511 2197 2576 2267 ἢν
2614 2197 2987 2267 ’προσελάϐετο
3034 2198 3092 2264 ἐξ
3142 2201 3406 2270 αὐτῆς.’0
3451 2204 3737 2275 ἀχώρητος
3773 2204 3819 2256 ὲν

2261 2289 2425 2359 σαρκὶ
2455 2290 2712 2359 ὲχωρεῖτο
2730 2304 2743 2319 ·
2779 2291 2808 2341 6
2829 2290 3184 2353 ἀναλλοίωτος
3212 2294 3267 2344 ὲν
3299 2293 3586 2364 ἀνθρώπου
3617 2298 3816 2366 μορφῇο

2258 2379 2287 2431 6
2313 2376 2527 2448 ἀπαθὴς
2557 2377 2791 2430 πέπονθε
2810 2378 2878 2431 δι’
2900 2378 3045 2448 ἡμᾶς
3076 2380 3352 2442 ἑκουσίως,
3385 2382 3477 2433 καὶ
3508 2383 3652 2451 ὑπὲρ
3676 2381 3819 2451 ἡμῶν

2259 2473 2325 2541 τῇ
2369 2469 2475 2540 ἰδίᾳ.
2524 2469 2707 2538 σαρκί.
2739 2470 2800 2521 '0
2850 2468 3149 2539 ἀχώριστος
3189 2470 3282 2522 τοῦ
3319 2470 3451 2523 Θεοῦ
3492 2473 3583 2525 καὶ
3615 2473 3820 2543 Harpe;

2260 2565 2353 2617 ἐπὶ
2375 2563 2479 2633 γῆς
2505 2561 2683 2633 ὤφθη,
2703 2561 2843 2614 κατὰ
2869 2562 2931 2614 τὸ
2970 2563 3365 2633 γεγραμμένον,
3392 2565 3484 2618 καὶ
3509 2567 3564 2617 ὲν
3591 2568 3709 2629 τοῖς
3737 2567 3820 2619 ἀνι

2260 2655 2501 2728 θρώποις
2554 2653 2986 2724 συνανεστράφη.
3027 2654 3086 2707 ’0
3129 2655 3474 2724 ἀψηλάφητος
3518 2656 3694 2729 λόγχῃ
3730 2656 3817 2710 ὑπό

2259 2749 2370 2802 τῶν
2417 2747 2749 2817 παρανόμων
2810 2747 3184 2801 κατενὺττετο.
3221 2748 3280 2800 '0
3335 2748 3552 2819 ἀπαθὴς
3609 2750 3814 2821 σταυρὸν

588 2859 834 2903 versatus
854 2848 895 2900 '.
927 2846 1029 2914 Qui
1058 2847 1157 2901 sub
1188 2856 1384 2901 tactum
1418 2864 1522 2902 non
1557 2847 1830 2913 veniebat,
1866 2846 1933 2899 ab
1964 2845 2151 2914 iniquis

2264 2841 2567 2896 ἐθελούσιον
2615 2839 2873 2909 ὑπέμεινε
2915 2839 2983 2891 δι’
3016 2839 3199 2909 ἡμᾶς’
3243 2841 3303 2893 τὺ
3337 2840 3543 2910 φῶς.τὸ
3578 2841 3814 2895 ἀθάνατον

591 2940 771 2992 lancea
808 2950 1162 3005 compunctus
1199 2946 1282 2989 est
1306 2937 1348 2987 ⁸.
1387 2934 1760 3004 lmpassibilis,
1798 2936 2151 2989 voluntariam

2264 2934 2476 3002 θανάτῳ
2512 2932 2701 2984 ἑαυτὸν
2741 2930 3026 2994 ἐκδέδωκε,
3065 2930 3281 3001 θανάτῳ
3317 2932 3373 2984 δὲ
3407 2934 3724 3005 σταυροῦ.’0
3748 2932 3810 2985 ὢν

588 3046 801 3084 crucem
827 3031 995 3083 nostri
1018 3046 1177 3085 causa
1203 3028 1442 3093 pertulit.
1466 3027 1773 3082 lmmortale
1799 3029 1983 3082 lumen
2004 3028 2151 3080 morti

2264 3029 2321 3080 ὲν
2350 3026 2428 3096 τῷ
2456 3025 2639 3095 κόλπῳ
2665 3023 2758 3075 τοῦ
2784 3023 3018 3092 ’Πατρὸςλ
3047 3023 3314 3094 ἀνάληψιν
3342 3025 3603 3093 ὑπέμεινε
3635 3026 3711 3079 διὰ
3732 3027 3809 3095 τῆς

583 3114 831 3189 seipsum
857 3120 1068 3185 obtulit,
1094 3131 1146 3175 et
1177 3120 1334 3173 morti
1364 3121 1578 3189 quidem
1606 3122 1804 3176 crucis.
1832 3121 1931 3187 Qui
1962 3121 2013 3173 in
2042 3120 2151 3173 sinu

2260 3121 2409 3181 ἰδίας
2444 3118 2665 3187 σαρκός.
2696 3117 2834 3179 Τοὺς
2878 3117 2934 3169 δὲ
2965 3116 3241 3185 λέγοντας,
3276 3117 3561 3188 ἄνθρωπόν
3594 3136 3701 3173 τινα
3724 3118 3808 3169 τῶν

592 3211 767 3266 Patris
797 3221 935 3275 erat,
969 3226 1064 3280 per
1095 3212 1363 3282 propriam
1394 3228 1613 3267 carnem
1648 3215 1701 3267 in
1732 3214 1926 3267 cmlum
1958 3213 2151 3266 assum?

2265 3214 2384 3269 καθ’
2406 3214 2553 3283 ἡμᾶς
2576 3208 2922 3279 ἀνειληφέναι
2947 3209 3035 3260 τὸν
3059 3208 3195 3261 Θεὸν
3211 3209 3404 3276 Λόγον,
3424 3212 3517 3263 καὶ
3547 3212 3623 3281 μὴ
3644 3210 3807 3282 μᾶλλον

592 3318 699 3357 ιιοιι
740 3302 1024 3358 recusavit.
1060 3302 1163 3369 Qui
1208 3315 1387 3357 autem
1429 3303 1522 3357 Dei
1566 3303 1759 3359 Filium
1803 3303 1996 3376 [Deum
2034 3300 2151 3356 Ver

2265 3306 2431 3362 αὑτὸν
2462 3304 2555 3357 τὸν
2583 3304 2713 3356 Υίδν
2746 3303 2837 3355 τὸν
2874 3301 3240 3355 ὲνυπόστατόν
3270 3319 3329 3356 τε
3362 3304 3457 3355 καὶ
3485 3304 3677 3374 ὲνεργῆ
3696 3344 3708 3366 ,
3734 3301 3806 3355 καὶ

590 3390 757 3465 bum]
795 3392 1065 3447 hominem
1111 3395 1417 3465 quempiam
1463 3396 1629 3446 nostri
1683 3394 1913 3446 similem
1955 3408 2151 3446 assmu-

2266 3400 2465 3464 ζῶντα,
2499 3396 2751 3465 γενέσθαι
2801 3394 3086 3465 ἄνθρωπον
3135 3396 3229 3446 καὶ
3283 3396 3340 3448 ὲν
3395 3399 3507 3459 τοῖς
3545 3397 3664 3451 καθ’
3692 3396 3807 3465 ἡμᾶς

594 3485 766 3554 psissc
805 3485 1024 3550 dicunt;
1067 3486 1240 3555 ipsum
1290 3494 1468 3540 autem
1511 3486 1693 3539 vivum
1737 3495 1793 3538 et
1841 3483 2027 3538 eﬂicax
2077 3484 2148 3537 De

2265 3485 2620 3555 οἰκονομικῶς
2648 3485 2715 3536 δι’
2745 3484 2919 3555 ἡμᾶς,
2950 3481 3183 3553 ἐξορίζει
3215 3486 3248 3555 ἡ
3280 3485 3409 3553 ἁγία
3450 3486 3686 3551 Σύνοδος,
3710 3488 3735 3556 η
3762 3486 3806 3535 ὲν

598 3577 829 3631 Verbum
850 3577 892 3639 ',
934 3578 1073 3647 quod
1117 3576 1168 3630 in
1210 3577 1426 3645 propria
1469 3574 1766 3646 [ellicacem
1812 3576 1905 3628 Dei
1949 3574 2143 3629 Filium

2265 3578 2331 3647 τῇ
2371 3573 2633 3643 Ἐφεσίων
2659 3572 2810 3625 πόλει
2835 3571 3195 3642 γεγενημένη.

595 3669 683 3737 qui
735 3670 786 3721 in
840 3667 1079 3741 pmpria]
1126 3683 1355 3737 persona
1404 3668 1671 3735 subsistit,
1745 3669 2015 3722 hominem
2069 3668 2291 3733 factum,
2355 3666 2854 3737 dispensutorieque
2883 3665 2935 3718 in
3000 3664 3250 3720 humanis
3312 3675 3534 3736 propter
3589 3683 3681 3723 nos
3716 3679 3806 3718 ver-

595 3767 769 3812 satum
809 3775 928 3814 esse
969 3762 1309 3818 inliciantur;
1354 3758 1475 3813 illos
1513 3775 1670 3813 sacra
1696 3758 1949 3828 Synodus
1988 3758 2258 3827 Ephesina
2290 3758 2527 3829 explodit
2559 3768 2612 3811 et
2641 3754 2805 3820 ejicit.

1061 3895 1360 3965 Disputatio
1398 3896 1462 3950 de
1497 3899 1699 3950 eodem.
1744 3970 1747 3975 η

2256 3958 2263 3973 _‘
2619 3893 2940 3964 Συζήτησις
2975 3894 3107 3964 περὶ
3144 3896 3248 3950 τοῦ
3283 3898 3491 3952 αὐτοῦ.

671 4031 1046 4102 Interrogatio.
1082 4030 1195 4086 Cur
1221 4030 1384 4093 Deus,
1415 4031 1504 4100 qui
1532 4029 1917 4098 comprehendi
1948 4042 2051 4082 non
2080 4042 2151 4097 po

2351 4032 2688 4101 Ἐρώτησις.
2734 4031 2858 4095 Πῶς
2888 4034 2917 4086 6
2945 4031 3078 4096 Θεὸς
3102 4033 3130 4083 6
3163 4032 3448 4105 ἀχώρητος
3494 4036 3733 4109 ἐχωρήοη
3761 4034 3804 4086 ιν

600 4133 727 4188 test,
769 4125 1006 4192 virgineo
1047 4133 1201 4177 utero
1245 4122 1669 4190 comprehensus
1706 4120 1826 4174 est?
1862 4120 2147 4188 Responsio

2272 4124 2455 4195 μήτρᾳ
2509 4123 2849 4194 παρθενικῇς
2924 4122 3272 4191 Ἀπόκρισις,
3312 4125 3529 4198 Ἐπειδὴ
3588 4127 3808 4189 εὐδόκησα

599 4216 734 4281 Quia
775 4214 1081 4268 mortalium
1123 4228 1294 4283 genus
1332 4212 1619 4281 redimere,
1656 4221 1711 4268 et
1749 4230 1779 4267 a
1820 4214 2078 4268 servitute
2119 4213 2151 4265 ii

2268 4213 2688 4295 λυτρώσασθαι,
2746 4216 2841 4266 καὶ
2889 4213 3256 4283 ἐλευθερῶσαι
3306 4215 3368 4268 τὸ
3408 4216 3509 4286 τῆς
3552 4214 3807 4287 ἀνθρώπου

600 4308 900 4361 libertatem
932 4320 1179 4360 asserere
1210 4305 1432 4374 placuit.

2271 4305 2486 4373 φύσεως
2511 4306 2687 4371 γένος.

670 4398 933 4467 Interrog.
967 4397 1079 4451 Cur
1105 4397 1257 4450 initio
1299 4410 1492 4450 carens
1518 4410 1584 4451 ex
1612 4395 1834 4449 muliere
1874 4395 2021 4449 nasci
2052 4388 2151 4461 per.

2353 4394 2550 4462 Ἐρώτ.
2590 4394 2713 4457 Πῶς
2747 4397 2775 4447 6
2803 4396 3038 4466 ἄναρχος
3057 4398 3310 4467 γέννησιν
3340 4398 3591 4470 ὑπέμεινε
3618 4399 3709 4469 τὴν
3738 4391 3807 4447 διὰ

601 4489 758 4544 ιιιΙὶιῖ
807 4488 965 4557 Resp.
1017 4488 1462 4557 Quandoquidem
1519 4488 1621 4542 sub
1674 4486 1960 4541 maledicto
2012 4501 2142 4540 eran

2272 4489 2562 4557 γυναικός;
2615 4488 2857 4557 Ἀπόκρ.
2898 4491 3110 4561 Ἐπειδὴ
3159 4492 3264 4544 ὑπὸ
3314 4494 3555 4565 κατάραν
3603 4491 3805 4562 ἐγεγόνει

598 4600 785 4640 omnes
820 4585 1067 4640 homines
1104 4587 1290 4653 (erant
1328 4584 1470 4639 enim
1509 4586 1608 4638 sub
1647 4586 1850 4655 peccati
1886 4583 2049 4653 803
2088 4598 2151 4636 rei

2273 4582 2461 4635 λοιπὸν
2507 4583 2614 4643 πᾶς
2661 4581 2978 4653 ἄνθρωπος’
3035 4581 3383 4652 βεδασίλευτο
3432 4584 3539 4655 γὰρ
3587 4585 3686 4638 ὑπὸ
3732 4581 3804 4649 τῆς

600 4677 747 4750 suo),
780 4679 901 4733 ideo
933 4678 984 4732 in
1015 4688 1219 4732 natura:
1249 4677 1402 4731 initia
1432 4678 1632 4733 relatus
1663 4686 1747 4731 est
1771 4694 1797 4729 a
1825 4679 1979 4731 nobis
2014 4676 2145 4745 ipsis

2277 4673 2551 4743 ἁμαρτίας
2574 4690 2587 4701 ·
2627 4671 2716 4725 διὰ
2744 4671 2901 4724 τοῦτο
2931 4674 3011 4734 είς
3042 4673 3217 4745 ἀρχὰς
3241 4672 3335 4726 τοῦ
3368 4669 3508 4729 εἶναι
3533 4675 3801 4744 λελόγισται

601 4779 660 4824 ut
709 4778 766 4825 et
812 4780 1161 4841 cognatorum
1210 4770 1581 4837 nativitatem,
1631 4779 1684 4824 et
1734 4769 1908 4837 ipsum
1961 4777 2151 4820 uteruu

2268 4765 2402 4835 πρὸς
2420 4764 2576 4835 ἡμῶν
2593 4765 2791 4826 αὐτῶν,
2820 4764 2905 4817 ἵνα
2930 4766 3021 4818 καὶ
3046 4766 3142 4837 τὴν
3164 4765 3267 4818 τῶν
3294 4769 3570 4838 ὁμογενῶν
3598 4771 3806 4837 γέννησιν

600 4862 982 4919 sanctiﬁcaret.

2274 4856 2369 4908 καὶ
2412 4858 2623 4926 μήτραν
2661 4857 2881 4927 ἁγιάσῃ.

671 4955 937 5025 lnterrog.
976 4956 1086 5010 Cur
1113 4954 1445 5010 inalterabile
1475 4966 1531 5010 et
1560 4954 1895 5009 immutabile
1926 4953 2015 5008 Dei
2039 4953 2151 5009 Ven

2361 4946 2559 5014 Ἑρώτ.
2598 4946 2723 5010 Πῶς
2772 4948 2827 4999 ὲν
2874 4948 3181 5020 ἀνθρώποις
3219 4951 3598 5025 κατελογίσθη,
3631 4953 3715 5007 καὶ
3736 4949 3805 5002 ἄν-

604 5046 729 5100 bum
771 5049 910 5102 inter
950 5048 1198 5102 homines
1238 5057 1630 5116 computatum,
1675 5056 1730 5100 et
1773 5048 1932 5101 homo
1971 5047 2151 5100 factm:

2278 5040 2495 5111 θρωπος
2520 5041 2733 5110 γέγονε,
2782 5042 3048 5111 ἆτρεπτός
3080 5060 3137 5095 τε
3166 5046 3260 5098 καὶ
3294 5046 3652 5110 ἀναλλοίωτος
3682 5048 3705 5100 6
3738 5038 3805 5095 ⁸ῐοὖ

605 5139 718 5191 est?
747 5136 901 5207 Resp.
926 5140 1006 5193 Ob
1036 5141 1086 5193 id
1120 5140 1209 5194 Dei
1231 5138 1410 5194 Verbo
1437 5139 1800 5209 dispensative
1829 5151 2048 5208 propter
2070 5153 2151 5191 no:

2277 5132 2413 5186 Θεοῦ
2467 5133 2671 5201 Λόγος;
2733 5133 2959 5201 Ἀπόκρ.
3010 5135 3083 5187 Τὸ
3136 5136 3423 5207 ἀνθρώπου
3468 5141 3625 5208 γένος
3673 5139 3807 5194 σῶσαι

608 5226 658 5277 iu
693 5229 938 5283 humanis
965 5230 1171 5283 versari
1193 5271 1207 5297 ,
1242 5230 1503 5295 nobisque
1534 5243 1629 5297 per
1655 5229 1868 5292 omnia,
1901 5229 2016 5282 solo
2044 5243 2151 5297 pec

2278 5221 2617 5294 βουλόμενος,
2650 5222 2908 5295 εὐδόκησε
2954 5224 3020 5277 δι’
3050 5228 3195 5296 ἡμᾶς
3220 5230 3277 5280 ἐν
3306 5227 3318 5300 ί
3344 5230 3429 5286 ῑσ,
3467 5231 3708 5299 γενέσθαι
3732 5220 3806 5301 ἐν]

609 5328 728 5368 cato
757 5327 1002 5387 excepto,
1037 5320 1323 5375 assimilari
1354 5321 1572 5391 placuit,
1604 5321 1731 5390 quia
1761 5321 2050 5375 humanum
2082 5336 2151 5391 ge

2275 5319 2389 5378 τοῖς
2437 5315 2560 5370 καθ’
2592 5317 2739 5386 ἡμᾶς
2778 5316 3156 5388 οἰκονομικῶς,
3204 5322 3298 5374 καὶ
3342 5321 3658 5392 ὡμοιῶσθαι
3708 5319 3807 5390 ἡμῖν

611 5422 709 5461 nus
743 5407 952 5464 salvare
980 5413 1172 5468 voluit.

2278 5409 2419 5464 κατὰ
2458 5409 2653 5473 πάντα,
2694 5409 2861 5481 χωρὶς
2900 5408 3197 5479 ἁμαρτίας.

683 5587 704 5618 ³
741 5586 916 5658 Mary.
942 5586 1123 5649 “.58.
1173 5588 1216 5658 ,δ
1244 5587 1399 5642 Joan.
1436 5604 1507 5656 tv,
1536 5589 1589 5643 6.
1665 5591 1688 5623 ⁵
1730 5590 1925 5643 Matth.
1967 5604 2077 5655 xw,
2115 5588 2203 5642 25.
2281 5588 2301 5618 ⁶
2336 5588 2567 5658 Philipp.
2599 5604 2657 5653 ιι,
2691 5588 2745 5644 7.

683 5589 704 5618 ³
741 5589 901 5639 Marc.
942 5589 1123 5649 iv,58.
1192 5589 1216 5619 ⁵
1244 5589 1399 5642 Joan.
1436 5604 1507 5656 tv,
1536 5589 1589 5643 6.
1665 5591 1688 5623 ⁵
1730 5590 1925 5643 Matth.
1967 5604 2077 5655 xw,
2115 5589 2150 5641 2

612 5658 699 5714 54.
775 5661 793 5687 ⁸
827 5654 987 5709 llebr.
1019 5670 1091 5717 IV,
1124 5657 1210 5709 l2.

2281 5589 2301 5618 ‘
2336 5589 2567 5658 Philipp.
2599 5604 2657 5653 ιι,
2691 5589 2745 5644 7.
2842 5589 2859 5617 ⁷
2905 5589 3132 5643 Baruch.
3165 5602 3249 5653 ιιι,
3283 5589 3370 5646 38.
3484 5589 3505 5622 ⁸
3536 5589 3686 5646 Joan.
3716 5597 3802 5640 xix.

2842 5587 2859 5617 ⁷
2905 5585 3132 5643 Baruch.
3165 5602 3249 5653 ιιι,
3283 5589 3370 5646 38.
