4016 6202
327 255 461 312 ΗΠ

1248 252 1550 312 SCHOLIA
1591 256 1681 311 DE
1717 255 2227 315 INCARNATIONE
2261 254 2471 337 VERE!
2505 260 2637 319 Di].

3414 271 3555 329 1H8

403 372 594 442 Ἐρώτ.
638 370 763 434 Πως
813 368 891 440 τῷ
939 370 1139 425 ἀπαθεῖ
1187 371 1371 435 ὕπνον,
1421 371 1511 427 καὶ
1560 373 1745 437 κόπον,
1795 374 1888 429 καὶ

2059 374 2322 447 Interrog.
2361 376 2640 444 Quomodo
2674 377 2952 448 impatibili
2986 394 3258 445 somnum,
3293 382 3548 450 laborem,

323 468 534 530 πεῖναν,
570 462 663 515 καὶ
694 461 948 529 σταυρὸν,
976 460 1068 512 καὶ
1098 460 1273 513 πάντα
1295 460 1366 515 τὰ
1390 461 1722 531 ὑποκείμενα
1762 463 1889 531 φθο-

324 558 415 626 ρᾷ,
451 554 770 624 περιάπτειν
814 551 1084 620 τολμᾶτε;
1149 552 1383 620 Ἀπόκρ.
1410 553 1681 622 Εὐφήμει,
1726 547 1771 607 ὧ
1808 554 1891 608 εν.

260 630 265 635 ’
324 645 532 713 θρωπε,
579 638 902 710 παρακαλῶ.
936 638 1073 709 Ἤδη
1116 643 1394 709 mem“,
1433 642 1597 711 σαρκὶ
1647 641 1887 713 παθητῇ

326 734 505 796 καθὼς
530 732 623 787 καὶ
648 734 704 785 αἱ
729 730 868 783 θεῖαι
885 730 1101 799 Γραφαὶ
1132 732 1263 799 ἡμῖν
1293 730 1705 800 παραδεδώκασι
1716 732 1891 803 [δεδη-

323 820 572 893 λώκασι],
606 822 904 893 περιῆφθαι
927 820 1017 873 τὸν
1037 820 1131 872 τοῦ
1154 819 1284 873 Θεοῦ
1307 822 1496 888 Λόγον,
1532 822 1624 877 καὶ
1654 823 1889 892 ἡνῶσθαι

325 916 484 969 αὐτὸν
519 916 678 983 αὐτῇ,
710 912 803 964 καὶ
848 911 914 963 δι’
944 910 1112 980 αὐτῆς
1157 911 1433 979 πεφηνότα
1477 912 1567 965 τὸν
1616 913 1742 965 Υἰὸν
1794 913 1888 966 τοῦ

322 1007 479 1069 Θεοῦ,
526 1003 621 1057 τόν
648 1002 780 1056 Θεὸν
808 987 1001 1069 λόγον,
1036 1002 1151 1071 μετ’
1178 1001 1349 1071 αὐτῆς
1391 1000 1555 1055 ὖπνον
1581 1002 1887 1073 ὑπομεῖναι,

324 1099 421 1153 καὶ
468 1096 657 1159 κόπον,
713 1094 807 1147 καὶ
857 1092 1034 1146 πάντα
1078 1091 1146 1143 τὰ
1192 1090 1286 1143 τοῦ
1341 1090 1626 1162 ἀνθρώπου
1655 1132 1668 1155 ,
1723 1093 1891 1162 χωρὶς

324 1188 618 1260 ἁμαρτίας,
651 1186 712 1238 οὐ
755 1187 821 1255 τῇ
876 1183 1051 1255 φθορᾷ
1092 1182 1483 1251 ὑποκείμενος·
1512 1182 1750 1252 ἀμείνων
1783 1183 1890 1254 γάρ

323 1280 550 1351 φθορᾶς,
579 1279 673 1333 καὶ
702 1278 931 1333 θανάτου
983 1278 1013 1329 6
1061 1274 1336 1345 ἄφθαρτος
1371 1272 1467 1328 καὶ
1508 1273 1768 1337 ζωοποιὸς
1793 1274 1888 1327 τοῦ

320 1371 459 1425 Θεοῦ
512 1369 713 1438 Λόγος,
752 1367 885 1421 ἀλλὰ
929 1364 1026 1436 τὴν
1070 1364 1272 1435 φθορὰν
1318 1364 1601 1418 ἀποσοϐῶν
1644 1363 1752 1416 ἀπὸ
1795 1363 1888 1417 τοῦ

325 1462 517 1525 γένους
564 1461 670 1514 τῶν
714 1457 1034 1528 ἀνθρώπων.
1082 1457 1194 1509 Ούκ
1246 1455 1398 1523 οἶμαι
1441 1454 1692 1525 ἔγκλημα
1737 1472 1890 1526 περι-

326 1551 591 1607 ἅπτεσθαι
621 1549 849 1619 βασιλεῖ,
873 1548 1071 1601 ὁπόταν
1098 1544 1418 1615 βουλόμενος
1448 1543 1619 1597 σῶσαι
1637 1544 1706 1615 ,τὸ
1736 1544 1885 1608 εδιον,

324 1642 386 1695 τὸ
427 1640 520 1695 τοῦ
566 1640 751 1694 δούλου
783 1641 968 1709 σκῆμα
998 1637 1307 1706 ἐνδύσηται.
1341 1636 1451 1688 Καὶ
1482 1636 1598 1698 πῶς
1629 1635 1887 1705 τολμήσει

1988 465 2449 537 defatigationem,
2488 482 2727 536 crucem,
2766 466 2987 533 famem,
3028 478 3331 541 caateraque
3371 476 3552 530 omnia

1992 558 2324 626 corruptioui
2360 558 2601 629 subjecta
2642 558 2882 614 tribuere
2903 559 3151 615 audetis?
3184 558 3336 631 Resp.
3360 562 3551 627 Parce.

1986 658 2194 713 quzeso,
2219 646 2539 702 maledictis.
2583 646 2705 704 Jam
2754 655 2881 701 ante
2928 648 3135 714 monui,
3184 649 3276 705 Dei
3320 650 3552 709 Verbum

1984 747 2154 788 carne
2198 734 2470 802 passibili,
2513 736 2814 791 secundum
2858 735 3260 805 Scripturarum
3305 742 3556 799 traditio-

1990 838 2144 890 nem,
2173 839 2235 880 se
2266 825 2536 892 induisse,
2570 834 2625 893 et
2656 840 2719 881 se
2755 826 2829 881 illi
2863 827 3046 885 unisse
3077 846 3092 882 :
3124 844 3220 897 per
3246 828 3416 898 ipsam
3456 848 3554 888 au-

1990 920 2095 965 tem
2144 913 2310 968 Deum
2353 913 2585 969 Verbum
2634 923 2691 969 et
2738 916 2828 969 Dei
2878 915 3071 970 Filium
3118 919 3449 986 apparuisse,
3500 935 3556 977 et

1989 1016 2110 1056 cum
2156 1003 2270 1073 ipsa
2298 1004 2559 1070 laborem,
2588 1013 2644 1059 et
2683 1020 2930 1060 somnum
2972 1017 3030 1063 et
3075 1010 3307 1063 lmmaua
3346 1013 3549 1077 omnia,

1988 1101 2208 1160 peccato
2257 1104 2463 1148 tantum
2508 1104 2755 1162 excepto,
2809 1097 3133 1153 sustinuisse
3184 1117 3199 1154 :
3255 1116 3359 1156 non
3410 1107 3551 1171 quod

1990 1183 2323 1252 corruptioni
2366 1182 2702 1252 subiaceret,
2742 1186 3004 1256 siquidem
3047 1188 3460 1259 incorruptibile
3501 1204 3552 1247 et

1989 1270 2256 1326 viviﬁcum
2290 1272 2383 1328 Dei
2410 1271 2643 1329 Verbum
2677 1279 3026 1346 corruptione
3057 1288 3113 1334 et
3146 1280 3366 1335 interitu
3398 1282 3556 1353 longe

1988 1362 2237 1429 superius
2266 1372 2377 1431 est;
2411 1364 2502 1419 sed
2542 1373 2601 1418 ut
2637 1367 2910 1421 interitum
2949 1369 3015 1423 ab
3048 1369 3326 1426 hominum
3359 1387 3557 1440 genere

1989 1451 2349 1506 submoveret.
2382 1450 2493 1507 Nec
2530 1454 2767 1512 arbitror
2797 1457 2907 1526 regi
2947 1458 3076 1513 vitio
3114 1461 3250 1514 verti
3293 1476 3471 1530 posse,
3510 1465 3553 1517 si

1987 1553 2209 1596 servare
2241 1541 2383 1610 quod
2418 1544 2537 1613 ejus
2574 1546 2848 1615 prpprium
2886 1557 2969 1603 est
2998 1549 3205 1614 volens,
3240 1552 3422 1607 servili
3459 1554 3556 1608 ha-

1991 1630 2105 1684 bitu
2134 1646 2191 1685 sc
2219 1633 2423 1687 induat.
2452 1634 2519 1688 Et
2546 1636 2816 1703 quomodo
2845 1637 3106 1706 quispiam
3137 1642 3217 1705 ei,
3250 1643 3338 1711 qui
3369 1653 3556 1714 suapte

323 1749 407 1795 τις
450 1730 529 1799 τῷ
568 1732 634 1799 τῇ
688 1728 845 1797 φύσει
895 1725 1161 1796 ἐλευθέρῳ
1200 1724 1470 1792 ἐγκαλεῖν,
1502 1724 1582 1777 ὅτι
1611 1723 1800 1792 γέγονε
1824 1722 1890 1775 δι’

1996 1731 2188 1776 natura
2215 1723 2351 1777 liber
2369 1734 2473 1789 est,
2499 1727 2713 1781 crimini
2738 1737 2951 1783 vertere
2976 1731 3189 1794 audeat,
3213 1735 3356 1802 quod
3385 1738 3553 1791 nostri

325 1822 473 1891 ἡμᾶς
499 1820 802 1890 ἄνθρωπος,
835 1818 929 1871 καὶ
961 1819 1017 1869 ἐν
1042 1819 1153 1879 τοῖς
1181 1815 1302 1868 καθ’
1329 1815 1475 1884 ἡμᾶς
1500 1814 1887 1883 οἱκονομικῶςς

338 1912 621 1982 ’Ᾱποδέχου
670 1908 760 1962 τοῦ
811 1906 1021 1978 [ἰατρὸς
1069 1905 1167 1976 τὴν
1209 1903 1637 1975 φιλανθρωπίαν,
1678 1905 1757 1956 ὅτι
1802 1904 1892 1955 τὸν

327 2005 456 2058 ἴδιον
482 2003 610 2056 Υίὺν
655 2001 904 2073 δωρεῖται
954 1998 1019 2050 δι’
1052 1998 1232 2067 ἡμᾶς’
1290 1997 1364 2066 μὴ
1417 1993 1781 2066 περιεργάξου
1832 1993 1892 2048 τὸ

327 2094 573 2163 πρᾶγμα,
608 2087 938 2162 παρακαλῶ’
986 2088 1048 2140 οὺ
1091 2086 1199 2156 γὰρ
1240 2085 1308 2152 ’ἐξ
1339 2084 1658 2154 Ἑλληνικῆς
1701 2084 1891 2152 σοφίας

326 2184 386 2235 τὸ
409 2183 723 2254 γνώρισμα·
755 2180 874 2233 ούδέ
899 2177 1006 2231 ἀπὸ
1036 2177 1385 2248 φρονήματος
1413 2174 1706 2243 κοσμικοῧ·
1739 2174 1892 2226 ἀλλό-

325 2292 475 2345 τριον
499 2274 610 2343 γὰρ
634 2273 927 2343 ἑκατέρων.
961 2289 977 2321 t
1003 2270 1283 2339 Μακάριος
1303 2262 1370 2333 εἶ,
1396 2287 1412 2317 ι
1442 2266 1606 2336 φησὶν
1633 2266 1660 2316 6
1690 2265 1893 2335 Κύριος

324 2367 403 2436 τῷ
428 2368 638 2437 Πέτρῳ,
678 2384 695 2415 ‹
726 2364 906 2434 Σιμὼν
925 2361 1040 2432 Βάρ
1084 2361 1264 2423 Ἰωνᾶ,
1299 2360 1380 2412 ὅτι
1427 2356 1582 2428 σάρξ,
1617 2356 1712 2410 καὶ
1755 2352 1893 2425 αἷμα

322 2460 425 2510 οὐκ
454 2454 767 2523 άπεκὰλυψέ
808 2470 909 2516 σοι,
934 2452 1047 2505 ἀλλ’
1073 2452 1101 2503 6
1132 2452 1323 2521 Πατήρ
1354 2467 1475 2519 μου,
1507 2448 1535 2500 6
1564 2448 1622 2500 ὲν
1659 2450 1769 2511 τοῖς
1804 2448 1893 2498 ού-

324 2550 526 2619 ρανοῖς.
561 2564 578 2596 ι
622 2544 888 2615 Οὐράνιον
920 2543 981 2596 τὸ
1017 2542 1189 2613 δῶρον
1216 2540 1279 2594 τὸ
1302 2540 1401 2609 τῆς
1428 2539 1578 2602 θείας
1608 2538 1889 2608 ἐπιφοιτή-

325 2651 463 2697 σεως
500 2630 593 2685 τοῦ
633 2631 762 2684 Υἱοῦ
800 2630 893 2684 τοῦ
931 2630 1067 2683 Θεοῦ
1105 2629 1409 2701 γνώρισμα.

407 2724 604 2795 Ἐρώτ.
644 2723 769 2790 Πῶς
798 2723 826 2775 6
863 2723 971 2775 τῶν
1020 2723 1237 2775 πάντων
1275 2720 1504 2791 ποιητὴς
1533 2719 1663 2782 Θεὸς
1699 2719 1890 2786 Λόγος,

321 2819 354 2874 6
380 2816 751 2889 άψηλάφητος,
777 2818 808 2868 6
836 2814 1089 2886 ἀόρατος,
1110 2815 1139 2865 6
1161 2812 1515 2873 ἀναλλοίωτος
1539 2828 1599 2862 τε
1622 2811 1715 2863 καὶ
1736 2826 1892 2880 περι-

323 2910 539 2982 γραφὴν
584 2909 660 2978 μὴ
709 2906 1051 2977 ἀνεχόμενος,
1103 2905 1159 2957 ἐν
1206 2903 1414 2956 εὐτελεῖ
1466 2903 1607 2974 ξύλῳ
1663 2902 1893 2972 σταυρὸν

324 3003 607 3071 ὑπέμεινε,
664 2997 758 3051 καὶ
810 2996 1067 3057 θάνατον;
1136 2995 1375 3062 Ἀπόκρ.
1426 2992 1665 3047 Θάνατόν
1713 3009 1890 3064 φαμεν

326 3085 777 3159 ὑπομεμενηκότα
821 3082 913 3135 τὸν
956 3081 1050 3134 τοῦ
1092 3080 1228 3134 Θεοῦ
1273 3082 1464 3147 Λόγον,
1499 3079 1591 3133 καὶ
1637 3076 1889 3149 σταυρὸν,

322 3182 412 3235 διὰ
443 3180 544 3249 τῆς
572 3175 773 3248 σαρκὸς
794 3173 896 3247 τῇς
931 3173 1086 3237 ἰδίας,
1124 3172 1209 3224 ἵνα
1244 3174 1389 3241 ἡμᾶς
1412 3168 1696 3241 ἀπαλλάξῃ
1727 3168 1891 3222 θανά-

326 3291 441 3335 του,
469 3274 562 3323 καὶ
590 3269 825 3338 φθορᾶς·
857 3266 955 3336 τὴν
986 3264 1123 3318 ἰδίαν
1156 3263 1265 3333 γάρ
1288 3262 1464 3331 ψυχὴν
1493 3260 1731 3314 τέθεικεν
1754 3260 1893 3330 ὑπὲρ

326 3363 504 3435 ἡμῶν,
531 3362 631 3414 οὐκ
652 3357 935 3428 ἀλλοτρίαν
963 3352 1149 3419 οὖσαν,
1167 3355 1201 3422 ἢ
1229 3353 1385 3421 ξένην
1405 3349 1496 3403 τοῦ
1526 3350 1661 3402 Θεοῦ
1688 3350 1888 3417 Λόγου·

327 3454 634 3524 ἀπόρρητος
661 3450 770 3520 γὰρ
801 3451 834 3520 ἡ
868 3448 1090 3509 ἐνωσιςο
1128 3444 1288 3506 αὐτὸς
1310 3442 1418 3511 γὰρ
1446 3436 1595 3493 εἶπεν
1613 3456 1625 3470 ·
1672 3458 1689 3490 t
1716 3439 1893 3503 Ἐξού-

328 3547 448 3599 σίαν
494 3547 601 3615 ἔχω
635 3543 730 3614 τὴν
767 3543 943 3612 ψυχήν
981 3556 1080 3611 μου
1124 3537 1315 3600 θεῖναι,
1350 3536 1443 3588 καὶ
1495 3532 1739 3597 ἐξουσίαν
1786 3532 1894 3601 ἔχω

328 3637 490 3691 πάλιν
523 3635 704 3688 λαϐεῖν
738 3634 929 3702 αὐτήν.
962 3650 979 3684 ι
1015 3628 1229 3698 ταύτης
1258 3627 1387 3680 [διον
1415 3625 1474 3678 τὸ
1501 3625 1809 3696 ἀδημονεῖν,
1833 3621 1893 3672 τὸ

326 3730 503 3799 λύπην
537 3729 823 3796 ὑπομεῖναι
856 3718 1213 3796 [ύπομένειν],
1236 3719 1297 3771 τὸ
1341 3719 1593 3787 ἐκδημεῖν
1641 3714 1748 3768 ἀπὸ
1799 3711 1893 3765 τοῦ

329 3818 598 3890 σώματος,
626 3817 701 3878 ὼς
730 3816 823 3869 καὶ
854 3813 1053 3881 σαρκὸς
1080 3810 1141 3863 τὸ
1167 3810 1383 3879 κοπιᾷν,
1411 3808 1472 3860 τὸ
1511 3802 1891 3875 σταυροῦσθαι,

325 3911 388 3963 τὸ
417 3906 755 3969 ἀνίστασθαι,
787 3905 848 3956 τὸ
878 3904 1169 3973 μετάρσιον
1204 3898 1496 3968 ὑπομένειν
1543 3896 1721 3949 Οέσιν·
1755 3892 1893 3961 πλὴν

324 4003 461 4057 Θεοῦ
512 4003 579 4055 τὰ
630 4002 807 4055 πάντα
852 3999 1088 4067 λέγεται,
1120 3997 1214 4050 καὶ
1262 3993 1396 4047 εἰσί*
1434 3990 1566 4045 Θεοῦ
1595 3990 1703 4061 γὰρ
1734 3989 1829 4043 καὶ
1860 3990 1892 4059 ἡ

322 4097 503 4171 ψυχή’
539 4092 673 4148 Θεοῦ
714 4093 808 4146 καὶ
845 4091 905 4144 τὸ
944 4090 1124 4160 σῶμα.

404 4274 602 4342 Ἐρὼτ.
644 4271 767 4335 Πῶς
814 4271 843 4323 6
888 4267 1293 4338 παντοδύναμος
1325 4266 1494 4334 Λόγος
1533 4263 1626 4318 τοῦ
1679 4263 1891 4329 Πατρος

1994 1824 2158 1866 causa
2201 1812 2359 1868 homo
2400 1814 2514 1868 ﬁeri
2573 1816 3069 1888 dispensatorieque
3109 1821 3162 1875 in
3204 1827 3403 1880 nostris
3436 1840 3558 1880 ver-

1994 1901 2102 1954 sari
2146 1917 2252 1955 non
2297 1904 2583 1958 abnuerit?
2622 1904 2799 1959 Patris
2846 1906 3252 1977 benignitatem,
3296 1913 3387 1982 qui
3434 1929 3558 1983 pro-

1994 1992 2167 2059 prium
2207 1992 2399 2047 Filium
2439 2004 2657 2064 propter
2690 2010 2787 2051 nos
2821 1996 3071 2065 donavit,
3110 2002 3464 2073 amplectere;
3502 2007 3555 2060 in

1994 2083 2164 2151 ipsam
2198 2093 2375 2138 autem
2410 2099 2523 2139 rem
2557 2086 2843 2151 curiosius,
2877 2104 3081 2156 quaeso,
3120 2092 3225 2145 noli
3263 2094 3552 2163 inquirere.

1948 2193 1950 2195 ‘
1994 2173 2108 2228 Non
2146 2175 2288 2227 enim
2331 2190 2426 2244 per
2462 2175 2772 2231 Graecorum
2814 2179 3158 2247 sapientiam,
3200 2191 3291 2236 aut
3335 2184 3558 2238 munda-

1995 2280 2119 2318 num
2154 2280 2366 2319 sensum
2402 2266 2715 2334 percipitur,
2747 2267 2841 2321 sed
2878 2270 2945 2323 ab
2979 2276 3207 2339 utroque
3238 2278 3322 2325 est
3357 2272 3553 2327 aliena.

1999 2374 2017 2407 ι
2038 2356 2230 2412 Beatus
2246 2372 2324 2421 es,
2345 2357 2527 2413 Simon
2550 2358 2838 2424 Bar-Jona,
2857 2379 2876 2412 ο
2895 2360 3072 2431 inquit
3090 2362 3345 2417 Dominus
3372 2362 3552 2425 Petro,

1998 2465 2016 2498 ι
2063 2448 2187 2517 quia
2209 2463 2337 2502 caro
2359 2459 2411 2503 et
2435 2451 2652 2525 sanguis
2680 2467 2783 2505 non
2813 2452 3224 2522 revelavit‘tibi,
3259 2455 3354 2510 sed
3393 2454 3556 2510 Pater

1993 2554 2143 2593 meus
2167 2540 2257 2607 qui
2284 2549 2365 2593 est
2394 2540 2446 2593 in
2474 2541 2625 2594 caelis
2644 2542 2708 2597 τ’.
2745 2561 2763 2593 ι
2795 2541 2926 2596 Nam
2956 2544 3118 2597 divini
3146 2546 3408 2602 adventus
3433 2546 3554 2603 Filii

1992 2626 2085 2681 Dci
2115 2629 2368 2697 cognitio,
2397 2630 2616 2684 cteleste
2645 2631 2843 2684 donum
2872 2641 2975 2686 est.

2063 2716 2323 2787 Interrog.
2361 2718 2638 2784 Quomodo
2662 2720 3032 2776 universorum
3048 2722 3239 2792 'opil‘ex
3265 2724 3403 2781 Deus
3424 2724 3558 2782 Ver-

1993 2809 2142 2876 bum,
2170 2810 2260 2880 qui
2293 2825 2391 2865 nec
2422 2812 2584 2882 tangi,
2615 2826 2713 2866 nec
2744 2812 2913 2879 cerni,
2943 2828 3040 2869 nec
3070 2816 3290 2882 mutari,
3319 2832 3419 2875 nec
3449 2821 3557 2877 cir-

1994 2900 2279 2955 cumscribi
2317 2909 2526 2968 potest,
2563 2903 2614 2954 in
2648 2901 2739 2956 vili
2779 2901 2926 2974 ligno
2965 2920 3178 2963 crucem
3221 2917 3557 2980 mortemque

1992 2992 2278 3047 sustinuit?
2302 2991 2456 3062 Resp.
2488 2991 2713 3047 Mortem
2748 3002 2801 3047 et
2831 3008 3046 3049 crucem
3078 2996 3171 3052 Dei
3199 2996 3431 3057 Verbum
3461 3016 3559 3071 per

1995 3084 2261 3152 propriam
2290 3099 2507 3139 carnem
2537 3084 2856 3140 sustinuisse
2884 3085 3111 3142 dicimus
3137 3104 3151 3143 :
3177 3090 3434 3149 sustinuit
3460 3107 3557 3147 au-

1994 3184 2100 3229 tem
2142 3176 2282 3237 haec,
2321 3185 2379 3228 ttt
2413 3190 2511 3229 nos
2546 3191 2575 3229 ιι
2613 3185 2785 3230 morte
2818 3186 2873 3230 et
2906 3181 3254 3248 corruptione
3290 3182 3558 3241 immunes

1994 3265 2259 3321 redderet.
2286 3263 2421 3319 Nam
2454 3266 2688 3321 animam
2721 3268 2993 3337 propriam
3030 3268 3116 3324 ille
3147 3286 3243 3341 pro
3277 3273 3431 3330 nobis
3464 3291 3558 3346 po-

1992 3355 2118 3419 suit,
2147 3369 2250 3408 uon
2278 3355 2636 3425 peregrinam,
2664 3366 2759 3409 aut
2786 3371 2815 3411 a
2845 3354 2954 3412 Deo
2975 3356 3149 3413 Verbo
3174 3360 3405 3417 alienam
3432 3378 3448 3418 :
3477 3366 3561 3421 in-

1992 3447 2322 3514 explicabilis
2347 3449 2490 3501 enitn
2516 3458 2599 3501 est
2625 3449 2770 3503 unio.
2799 3448 2917 3517 ipse
2942 3450 3086 3506 enim
3115 3451 3190 3505 ait
3215 3470 3229 3507 :
3266 3472 3284 3505 ι
3315 3453 3560 3512 Potesta-

1996 3546 2100 3588 tcm
2141 3536 2313 3589 habeo
2353 3537 2579 3603 ponendi
2622 3539 2855 3591 animam
2898 3554 3105 3604 meam,
3143 3550 3197 3595 et
3236 3553 3557 3610 potestatem

1994 3623 2163 3676 habeo
2202 3623 2393 3676 iterum
2431 3624 2672 3677 sumendi
2711 3625 2915 3680 eam“.
2962 3644 2981 3677 ι
3022 3626 3169 3682 illius
3210 3632 3402 3685 auium
3435 3648 3560 3705 pro-

1992 3715 2167 3785 prium
2217 3714 2440 3778 taedere,
2485 3715 2829 3780 contristari,
2870 3730 2901 3769 e
2941 3717 3109 3791 804
3154 3733 3381 3790 corpore
3424 3725 3560 3778 emi-

1994 3820 2175 3873 grare,
2202 3806 2650 3874 quemadmodum
2681 3814 2735 3859 et
2764 3806 2915 3859 carni
2944 3822 3156 3877 quoque
3182 3812 3454 3878 peculiare
3477 3825 3559 3871 est

1994 3894 2294 3965 defatigari,
2326 3891 2592 3963 crucifigi,
2624 3893 2969 3959 exsuscitari,
3004 3894 3054 3947 in
3090 3896 3258 3950 altum
3290 3899 3555 3955 sublatam

1992 3985 2268 4040 collocari.
2306 3982 2682 4039 Verumtamen
2724 3982 2903 4037 omnia
2948 3983 3062 4038 haec
3099 3994 3155 4038 et
3192 3985 3284 4040 Dei
3320 3996 3465 4058 sunt,
3503 4000 3557 4043 et

1995 4077 2086 4131 Dei
2134 4090 2254 4131 esse
2299 4076 2570 4130 dicuntur.
2620 4073 2715 4129 Dei
2757 4073 2902 4130 enim
2947 4081 3031 4129 est
3078 4075 3292 4143 anima,
3337 4077 3429 4135 Dei
3474 4090 3561 4136 est

1991 4180 2138 4223 (33H).

2064 4256 2328 4327 Interrog.
2360 4255 2637 4321 Quomodo
2657 4254 2998 4323 omnipotens
3020 4254 3197 4311 Patris
3211 4254 3449 4313 Verbum
3472 4274 3557 4314 re-

328 4366 620 4420 ἀναστάσει
657 4362 1026 4433 περιεπλάκη,
1055 4360 1149 4414 καὶ
1171 4358 1343 4429 φθορᾷ
1370 4358 1399 4410 6
1435 4356 1708 4426 ἄφθαρτος
1736 4351 1890 4422 [ἀθά-

1998 4344 2267 4410 surrexit,
2305 4353 2396 4397 aut
2442 4342 2844 4412 incorruptibile
2887 4346 3218 4413 corruptioni
3261 4347 3556 4402 obnoxium

327 4459 537 4527 varos];
572 4458 797 4524 Ἀπόκρ.
829 4457 1036 4527 Φθορὰν
1066 4455 1164 4526 μέν
1191 4453 1290 4523 οὐχ
1314 4451 1604 4519 ὑπέμεινεν
1627 4446 1734 4500 οὐδ’
1757 4443 1896 4514 αὐτὴ

326 4551 362 4619 ή
394 4548 489 4601 τοῦ
520 4547 653 4600 Θεοῦ
678 4548 850 4614 Λόγου
883 4546 1049 4618 σάρξ·
1086 4544 1254 4607 νόθως
1290 4542 1397 4612 γὰρ
1417 4538 1894 4608 διαλαμϐάνοντες,

327 4637 494 4700 νόθως
516 4636 611 4689 καὶ
640 4637 948 4704 ἐπερωτᾶτε
969 4650 984 4665 ο
1021 4632 1486 4704 προανεκεκράγει
1506 4629 1614 4697 γὰρ
1635 4628 1664 4678 6
1687 4628 1896 4696 προφή-

325 4744 425 4797 της
455 4726 581 4796 περὶ
608 4723 801 4778 αὐτοῦ’
845 4740 864 4774 ι
894 4722 968 4773 Οὐ
998 4721 1193 4785 δώσεις
1219 4721 1309 4774 τὸν
1329 4718 1473 4772 ὅσιόν
1504 4733 1597 4769 σου
1630 4716 1757 4767 ἰδεῖν
1779 4715 1895 4767 δια-

325 4819 549 4889 φθοράν.
578 4837 596 4868 ι
626 4816 799 4877 Πάθος
828 4814 926 4884 μὲν
950 4814 1240 4881 ὑπέμεινεν
1264 4809 1565 4863 ἐθελούσιον
1592 4808 1621 4859 6
1641 4805 1735 4858 τοῦ
1758 4804 1893 4857 Θεοῦ

336 4912 450 4973 ι’ἰός
469 4926 482 4939 ·
512 4912 539 4962 6
563 4906 756 4978 χωρῶν
786 4908 842 4960 ἐν
870 4904 1051 4973 ἐαυτῷ
1080 4903 1168 4955 τὸν
1200 4903 1481 4971 άχὼρητον
1511 4896 1725 4967 Πατέρα
1746 4912 1760 4928 ο
1792 4913 1897 4965 χω-

325 5004 586 5073 ρούμενος
617 5001 670 5053 δὲ
704 4999 797 5053 καὶ
829 4997 989 5057 αὐτὸς
1019 4996 1123 5048 ὑπὸ
1144 4994 1238 5047 τοῦ
1271 4991 1479 5062 Πατρός
1498 5008 1511 5021 ’
1545 4989 1888 5060 χωρούμενος

323 5097 433 5165 γὰρ
477 5095 580 5147 ὑπὸ
626 5092 719 5145 τοῦ
767 5090 997 5158 Πατρός,
1024 5089 1118 5141 καὶ
1142 5086 1215 5138 ὢν
1247 5087 1302 5137 ἐν
1331 5082 1407 5153 τῷ
1440 5083 1622 5150 κόλπῳ
1649 5079 1744 5132 τοῦ
1774 5082 1890 5133 Πα-

321 5187 470 5255 τρὸς,
500 5186 756 5255 ἐχωρείτο
787 5182 1041 5251 ἀρρήτως
1074 5178 1166 5230 καὶ
1215 5178 1270 5229 ἐν
1310 5176 1376 5243 τῇ
1427 5172 1532 5240 ίδίᾳ
1570 5170 1752 5240 σαρκί.
1773 5171 1889 5223 ’Λν-

323 5274 454 5326 εὸίω
496 5274 552 5326 δὲ
596 5273 910 5343 τριήμερος,
948 5265 1424 5337 λαφυραγωγήσας
1463 5261 1554 5313 τὸν
1599 5259 1765 5330 ᾅδην
1798 5259 1891 5312 καὶ

324 5367 596 5433 ἐπέφανεν
644 5364 774 5432 ἡμῖν
825 5361 960 5431 μετά
1006 5360 1102 5429 τῆς
1153 5357 1288 5418 ἰδίας
1330 5352 1530 5422 σαρκὸς
1562 5353 1590 5403 6
1630 5348 1723 5401 τοῦ
1755 5348 1888 5401 Θεοῦ

326 5454 477 5517 Υἱός’
517 5454 602 5507 ἶνα
634 5455 727 5506 καὶ
778 5455 810 5523 ἡ
822 5453 925 5520 μᾶς
953 5447 1233 5518 ἀπαλλάξῃ
1279 5445 1506 5499 θανάτου
1539 5441 1631 5494 καὶ
1661 5440 1886 5509 φθορᾶς.

398 5631 442 5663 ⁸⁸
480 5630 668 5683 Matth.
699 5645 807 5691 xw,
839 5628 924 5681 l7.

605 5723 871 5779 PATROL.
905 5721 1019 5777 Gn.
1051 5719 1274 5777 LXXV.

1998 4434 2136 4488 fuit?
2176 4433 2330 4500 Resp.
2375 4432 2786 4501 Corruptionem
2829 4431 2970 4485 haud
3010 4433 3267 4488 sustinuit
3305 4450 3404 4491 nec
3444 4437 3556 4507 ipsa

1992 4526 2206 4597 quidem
2251 4527 2339 4579 Dei
2374 4524 2533 4578 Verbi
2574 4537 2720 4577 caro.
2753 4521 2886 4575 Nam
2924 4522 3051 4591 quia
3092 4538 3281 4594 parum
3320 4526 3557 4597 legitime

1992 4617 2342 4686 distinguitis,
2371 4629 2560 4684 parum
2586 4612 2751 4668 etiam
2779 4611 3016 4682 legitime
3046 4613 3410 4684 interrogatis.
3434 4614 3557 4670 1am

1991 4708 2134 4763 enim
2174 4707 2373 4759 dttdum
2416 4717 2541 4757 ante
2572 4702 2835 4770 propheta
2876 4702 2947 4757 de
2985 4702 3201 4760 Christo
3240 4705 3558 4773 pronuntia-

1992 4806 2102 4852 rat:
2142 4814 2161 4847 ι
2207 4795 2323 4850 Non
2367 4796 2521 4850 dabis
2549 4791 2807 4848 Sanctum
2852 4803 3001 4849 tuum
3039 4797 3221 4850 videre
3259 4794 3561 4863 corruptio-

1990 4905 2113 4945 nem
2135 4891 2199 4940 ".
2234 4907 2252 4939 ι
2286 4887 2427 4941 Sane
2458 4888 2762 4955 passionem
2786 4887 3149 4943 voluntariam
3178 4887 3433 4942 sustinuit
3461 4889 3553 4943 Dei

1995 4978 2184 5043 Filius,
2216 4978 2303 5046 qui
2338 4976 2551 5031 Patrem
2586 4980 2906 5034 immensum
2940 4980 2993 5032 in
3026 4993 3085 5033 se
3114 4978 3379 5044 continet,
3408 4988 3463 5032 et
3490 4981 3557 5032 ab

1988 5074 2103 5139 ipso
2134 5070 2374 5125 vicissim
2414 5069 2572 5123 Patre
2611 5073 2942 5125 continetur.
2979 5068 3111 5123 Nam
3149 5085 3178 5123 a
3218 5070 3380 5125 Patre
3412 5085 3559 5125 com-

1991 5162 2310 5231 prehensus,
2345 5169 2402 5213 et
2435 5160 2487 5213 in
2522 5168 2748 5227 paterno
2782 5162 2900 5214 sinu
2936 5167 3225 5224 exslstens,
3261 5161 3559 5230 inexplica-

1991 5253 2082 5309 bili
2108 5252 2342 5320 quodam
2371 5251 2529 5305 modo
2553 5250 2711 5305 ctiam
2739 5252 2952 5321 propria
2976 5267 3135 5307 carne
3157 5251 3551 5306 continebatur.

1990 5344 2131 5399 Idem
2164 5341 2257 5395 Dei
2289 5340 2457 5395 Filius
2484 5343 2641 5397 tertia
2671 5343 2756 5396 die
2784 5342 2979 5396 revixit
3009 5340 3196 5396 inferis
3221 5339 3553 5410 despoliatis,

1991 5444 2045 5489 et
2079 5449 2198 5486 cum
2235 5431 2456 5504 propria
2482 5446 2643 5487 carne
2673 5431 2833 5487 nobis
2862 5431 3138 5501 apparuit,
3171 5446 3279 5500 quo
3307 5426 3555 5483 videlicet

1004 5629 1043 5657 ¹¹
1080 5625 1235 5679 Joan.
1268 5642 1323 5687 ι,
1354 5625 1438 5681 l8.
1516 5624 1556 5654 "
1589 5622 1729 5677 Psal.
1759 5637 1846 5685 xv,
1886 5618 1950 5673 lO
1980 5637 1994 5686 ;
2028 5620 2144 5674 Act.
2186 5634 2243 5684 tt,
2275 5618 2364 5671 51.

3130 5697 3203 5756 45
