4016 6202
470 304 608 363 1H9
1265 315 1268 318 θ
1460 292 1514 345 S.
1552 286 1835 344 CYRl-LLI
1872 279 2346 342 ALEXANDRINI
2383 272 2697 334 ARCHIEP.
3598 267 3747 325 ΝΞΟ

471 425 571 468 nos
597 422 812 481 quoque
841 421 872 462 ι
898 414 1075 463 morte
1102 412 1157 460 et
1186 398 1537 472 corruptione
1567 395 1912 451 liberaret“.
1945 395 2041 450 Dei
2071 446 2080 461 η

2182 391 2285 445 leo?»
2311 390 2488 444 τοίνυν
2519 388 2580 443 τὸ
2608 386 2802 449 πάθος,
2845 382 2978 439 Θεοῦ
3016 382 3110 438 καὶ
3163 385 3198 454 ή
3248 382 3570 448 ἀνάστασις,
3599 382 3747 436 Θεοῦ

470 474 652 572 itaque
686 474 769 554 est
800 498 1015 570 passio,
1050 496 1143 550 Dei
1182 486 1538 552 resurrectio,
1576 489 1673 545 Dei
1708 487 2043 556 assumptio,

2182 485 2247 537 ιαὶ
2278 484 2311 552 ἡ
2342 479 2629 549 ἀνάληψις,
2663 475 2799 530 Θεοῦ
2828 478 2922 530 καὶ
2950 478 2984 547 ἠ
3013 476 3155 531 κατὰ
3199 476 3374 529 πάντα
3406 474 3546 543 πρὸς
3587 476 3749 544 ἡμᾶς

474 563 582 649 Dei-
612 563 845 661 denique
886 588 980 642 illa
1029 586 1307 642 nobiseum
1355 596 1450 652 per
1492 582 1673 637 omnia
1720 579 2045 643 similitudo,

2184 575 2431 644 μοίωσις,
2450 569 2619 640 χωρίς
2646 568 2943 638 ἁμαρτίας.
2978 566 3053 619 Οὐ
3084 565 3325 634 δοκήσει,
3346 563 3484 616 ἀλλά
3505 563 3750 634 ἀληθεία
3772 620 3779 629 ⁸

472 692 694 754 peccato
719 654 1004 749 escepto“
1036 695 1050 731 :
1085 690 1260 745 neque
1289 672 1628 744 imaginarie,
1658 672 1752 727 sed
1778 683 1906 724 vere
1932 682 2049 722 om-

2182 664 2214 719 ἀ
2257 663 2433 717 πάντα
2476 661 2699 729 γέγονεν
2733 661 2790 711 ὲν
2815 657 2985 727 αὐτῷ.
3015 654 3175 726 Δύτῷ
3217 658 3251 723 ἡ
3298 654 3455 719 δόξα,
3509 655 3633 723 ἅμα
3663 654 3750 724 τῷ

475 745 563 827 nia
602 773 654 827 in
689 786 753 827 eo
792 745 1030 824 fuerunt.
1065 766 1170 837 Ipsi
1207 763 1367 821 simul
1403 778 1526 839 cum
1561 761 1725 817 Patre
1754 770 1804 815 et
1846 757 2051 830 Spiritu

2182 754 2322 825 [ατρὶ
2376 753 2471 805 καὶ
2498 751 2577 822 τῷ
2606 750 2747 820 ἁγίῳ
2773 748 3075 817 Πνεύματι,
3105 746 3221 811 νῦν,
3257 745 3350 799 καὶ
3377 745 3486 809 ἀεὶ,
3517 745 3616 797 καὶ
3660 745 3749 807 είς

477 871 666 918 sancto
693 862 766 916 sit
792 860 1004 930 gloria,
1026 871 1177 914 nunc
1203 864 1259 912 et
1290 868 1528 925 semper,
1557 860 1614 908 et
1634 852 1691 906 in
1724 851 1918 908 saacula
1947 863 2051 906 sa:-

478 953 747 1008 culorum.
779 955 968 1007 Amen.

559 1128 603 1160 "
634 1126 793 1183 Rom.
824 1140 943 1193 rm,
978 1124 1069 1178 2i.
1146 1121 1193 1156 ιδ
1226 1123 1392 1180 Hebr.
1426 1136 1501 1185 tv,
1535 1120 1619 1175 15.

495 1302 2451 1350 W

2145 848 2271 909 τοὺς
2299 844 2500 907 αἰῶνας
2527 842 2634 897 τῶν
2662 840 2893 895 αἰώνων.
2914 839 3107 910 Ἀμήν.

2454 1290 3742 1329 xm

1170 1478 1519 1609 ΤΟΥ
1594 1466 2111 1600 ΑΓΙΟΥ
2192 1460 3053 1595 ΚΥΡΙΑΑΟΥ

910 1740 1166 1824 ΠΕΡΙ
1238 1738 1457 1822 ΤΗΣ
1527 1735 1754 1819 ΤΟΥ
1828 1730 2245 1817 ΚΥΡΙοΥ
2319 1725 3314 1815 ΕΝΑΝΘΡΩΠΗΣΕΩΣ.

1454 2102 2026 2233 SANCTI
2105 2097 2805 2227 CYBILLI'

1223 2350 1372 2462 DE
1452 2344 2349 2442 lNCARNATIONE
2428 2342 2871 2435 DOMINI
2924 2335 2993 2428 ’⁸.

1606 2558 1720 2620 Mat,
1758 2556 1987 2609 Biblioth.
2022 2569 2145 2608 nova
2175 2561 2398 2613 Patrum,
2428 2557 2488 2616 ll,
2524 2556 2599 2603 31.

494 2897 711 2972 805m
742 2893 781 2948 1.
823 2890 1161 2972 Ωιιοάριιξίὶι
1185 2884 1254 2942 sit
1298 2885 1635 2972 audientibus
1671 2878 1866 2937 divinae
1893 2882 2071 2938 incar-

2182 2882 2252 2937 A'.
2293 2881 2424 2935 Ὀτι
2460 2876 2765 2972 ὠφέλεμον
2806 2876 2929 2972 τοῖς
2971 2876 3303 2972 ἀκούουσιν
3336 2879 3373 2946 ἠ
3420 2870 3532 2949 τῆς
3586 2881 3758 2948 θείας

890 2959 1122 3016 nationis
1169 2956 1615 3011 commemoratio.
1664 2988 1665 2991 η

571 3077 739 3141 Satis,
771 3082 833 3127 ut
856 3080 1009 3143 puto,
1040 3068 1108 3124 de
1154 3074 1345 3122 sancta
1392 3063 1660 3119 Trinitate
1706 3072 1962 3134 tanquam
2016 3063 2069 3117 in

499 3163 930 3219 nrtbodoxorum
968 3156 1230 3213 concione
1276 3164 1331 3209 et
1366 3153 1695 3223 erangelicis
1731 3152 2073 3224 dogmatibus

499 3254 837 3311 credentium
874 3248 1251 3306 disseruimus.
1284 3245 1401 3301 Non
1431 3246 1577 3300 enim
1617 3245 2073 3325 contradicerein

500 3344 755 3419 praesenti
789 3339 1133 3411 irreligiosis,
1158 3338 1252 3393 sed
1280 3337 1646 3408 apostolorum
1682 3335 1958 3405 discipulis
2008 3336 2073 3390 li-

500 3440 623 3493 dem
655 3446 925 3505 exponere
964 3429 1301 3500 propositum
1340 3428 1496 3483 nobis
1540 3426 1661 3481 fuit.
1694 3426 1827 3495 Quia
1857 3441 1987 3481 vero
2022 3435 2077 3483 et

502 3529 809 3585 divinorum
851 3521 1238 3580 beneliciorum
1273 3518 1587 3590 magnitudo
1626 3534 1955 3591 magnopere
1984 3534 2075 3576 so—

502 3622 575 3676 let
630 3616 979 3674 succendere
1020 3612 1133 3669 Deo
1182 3610 1521 3667 addictorum
1582 3609 1830 3666 aﬂ‘ectum
1877 3626 2078 3683 eosque

504 3710 827 3767 iervidiores
876 3705 1091 3763 elﬁcere
1116 3704 1209 3760 Dei
1259 3712 1568 3768 amatores,
1612 3703 1736 3759 ideo
1768 3704 2077 3759 necessario

506 3807 649 3860 hunc
672 3816 889 3874 quoque
934 3798 1221 3871 aggredior
1251 3797 1519 3862 libellum,
1548 3808 1607 3851 ut
1654 3799 1933 3867 praeterito
1964 3812 2079 3852 ser-

506 3895 651 3950 moni
690 3895 757 3949 de
794 3894 904 3949 Deo
946 3898 1271 3946 connectam
1319 3888 1712 3944 incarnationis
1760 3890 2076 3957 mysterium

506 3988 983 4053 demonstremque
1019 3980 1201 4053 qualia
1247 3986 1303 4034 et
1357 3987 1561 4048 quanta
1608 3979 1836 4034 Creator
1889 3979 2076 4049 generi

508 4088 696 4134 nostro
736 4075 999 4133 beneficia
1044 4070 1352 4129 contulerit.
1385 4068 1673 4141 Nunquam
1704 4070 1856 4125 enim
1887 4085 2074 4126 cessa-

513 4179 638 4225 runt
664 4168 964 4223 divinorum
992 4166 1255 4221 donorum
1286 4160 1464 4219 fontes
1494 4166 1785 4233 quominus
1806 4162 1954 4237 bona
1978 4163 2080 4220 bo-

509 4257 755 4313 minibus
778 4254 1143 4311 eli‘underent.

509 4370 578 4425 ll.
609 4367 871 4423 Narratio
904 4383 1087 4422 eorum
1126 4382 1243 4430 qua:
1271 4365 1411 4420 Deus
1451 4367 1520 4420 ad
1554 4366 1823 4420 hominum
1863 4365 1972 4433 iam
2004 4366 2088 4419 in-

830 4438 892 4491 de
923 4438 988 4490 ab
1022 4437 1177 4490 initio
1207 4436 1488 4490 utilitatem
1519 4436 1765 4489 contulit.

580 4542 661 4603 Ex
687 4557 792 4613 quo
826 4544 972 4599 hunc
997 4543 1199 4609 optime
1237 4552 1595 4612 temperatum
1634 4543 1890 4598 mundum
1930 4558 2087 4598 crea-

510 4638 593 4693 vit
617 4637 785 4701 Deus,
815 4635 986 4690 variis
1025 4634 1190 4689 simul
1221 4633 1503 4689 beneﬂciis
1541 4644 1794 4689 naturam
1843 4648 2084 4691 nostram

511 4727 773 4785 cumulat.
796 4726 863 4780 Et
892 4727 1067 4795 primo
1097 4724 1317 4797 quidem
1340 4739 1460 4780 eam
1494 4740 1615 4794 quae
1642 4741 1747 4780 non
1783 4734 1903 4780 erat
1934 4725 2081 4793 fecit,

511 4831 568 4876 et
594 4819 885 4877 formatam
912 4817 1617 4887 honoravit,pulveremque
1648 4819 1699 4872 in
1731 4817 1964 4875 hominis
1990 4835 2086 4873 na-

514 4918 691 4964 turam
718 4914 881 4977 prout
907 4906 1079 4960 voluit
1109 4906 1417 4971 convertit;
1458 4916 1514 4960 et
1542 4905 1769 4961 deformi
1821 4908 1933 4962 luto
1967 4909 2087 4977 pul-

512 4995 875 5052 chritudinem
907 4994 1068 5051 simul
1096 4996 1440 5065 animamque
1468 4996 1691 5068 806m
1723 4998 1957 5069 largitus
1980 5008 2084 5063 est,

512 5088 794 5144 oculorum
824 5088 1149 5149 claritatem.
1193 5087 1373 5141 vultus
1423 5088 1779 5155 hilaritatem,
1822 5105 2083 5159 genarum

515 5179 827 5246 laevitatem,
863 5177 1059 5249 lingua:
1084 5176 1506 5242 ﬂexibilitatem,
1554 5180 1837 5247 sanguinis
1886 5182 2089 5237 rivulos

517 5265 584 5318 ad
616 5266 797 5321 omnia
852 5266 1098 5335 corporis
1133 5264 1509 5320 discurrentes
1556 5269 1824 5335 membra,
1859 5279 1914 5326 et
1958 5285 2091 5325 con-

517 5370 705 5424 gruam
746 5359 896 5413 carni
948 5359 1133 5415 nervis
1181 5368 1345 5428 atque
1387 5358 1499 5412 culi
1557 5360 1879 5429 rigationcm
1930 5362 2093 5416 mini-

517 5459 773 5515 strantes,
804 5451 1008 5506 ossium
1052 5451 1327 5514 duritiem,
1372 5459 1425 5505 et
1456 5450 1790 5506 inclusarum
1842 5452 1928 5507 his
1974 5467 2093 5507 mc-

2596 2950 2941 3020 οἰκονομίας
2968 2951 3327 3019 ἀνάμνησις.

2254 3067 2312 3119 Ὀ
2366 3066 2463 3136 μὲν
2510 3064 2638 3134 περὶ
2685 3065 2782 3137 τῆς
2816 3064 2975 3133 ἁγίας
3017 3064 3245 3135 Τρίαδος
3289 3064 3365 3127 ὡς
3413 3065 3470 3118 ὲν
3513 3064 3755 3118 εὐσεϐῶν

2177 3157 2438 3228 συλλόγῳ,
2487 3158 2581 3211 καὶ
2624 3159 2737 3220 τοῖς
2778 3155 3157 3224 εύαγγελικοῖς
3191 3154 3457 3223 δόγμασιν
3498 3155 3758 3225 πιθομέ-

2174 3268 2301 3315 νων⁹
2332 3250 2699 3320 ἀποχρώντως
2732 3250 2884 3319 ἡμῖν,
2927 3248 3004 3311 ὼς
3032 3241 3207 3317 οἶμαι,
3244 3246 3399 3314 λόγος
3446 3247 3753 3317 διήνυσται.

2175 3336 2249 3391 Οὐ
2281 3337 2389 3408 γὰρ
2430 3338 2707 3391 ἀντειπεῖν
2739 3337 2830 3389 ἐπὶ
2872 3334 2966 3389 τοῦ
3013 3336 3283 3408 παρόντος
3325 3339 3438 3399 τοῖς
3478 3337 3754 3401 ἀσεϐέσιν,

2175 3427 2311 3482 ἀλλά
2342 3431 2454 3492 τοῖς
2498 3430 2779 3498 φοιτηταῖς
2806 3427 2914 3480 τῶν
2941 3428 3257 3482 ἀποστόλων
3290 3428 3546 3482 ἐκθέσθαι
3573 3429 3755 3482 πίστιν

2176 3518 2543 3590 προύθέμεθα.
2591 3517 2808 3589 Ἐπειδὴ
2840 3517 2897 3571 δὲ
2933 3519 3028 3571 καὶ
3064 3516 3173 3571 τῶν
3224 3518 3385 3571 θείων
3419 3518 3755 3590 εὐεργεσιῶν

2175 3611 2237 3663 τὸ
2270 3609 2496 3681 μέγεθος
2522 3610 2789 3679 ὑφάπτειν
2819 3606 2925 3663 οῐδε
2957 3609 3219 3681 μειζόνως
3245 3611 3353 3664 τῶν
3381 3611 3644 3681 φιλοθέων
3665 3611 3757 3665 τὸν

2179 3701 2362 3768 πόθον,
2398 3702 2491 3755 καὶ
2525 3700 2889 3773 θερμοτέρους
2922 3702 3118 3766 αὐτοὺς
3166 3701 3487 3773 καθίστησιν
3519 3703 3759 3773 ἐραστὰς

2178 3794 2271 3848 τοῦ
2305 3794 2439 3849 Θεοῦ
2463 3835 2478 3860 ,
2510 3795 2823 3864 ἀναγκαίως
2857 3796 2951 3849 καὶ
2988 3795 3081 3847 ἐπὶ⁵
3119 3794 3308 3848 τοῦτον
3346 3794 3633 3865 βαδιοῦμαι
3668 3796 3757 3848 τὸν

2178 3886 2355 3955 λόγον,
2403 3888 2470 3957 τῇ
2531 3885 2779 3959 θεολογίᾳ
2822 3886 2919 3957 τὴν
2959 3887 3271 3957 οἰκονομίαν
3330 3888 3640 3951 συνάπτων,
3667 3887 3758 3939 καὶ

2176 3978 2390 4043 δεικνὺς
2431 3978 2594 4049 ἡλίκα
2636 3979 2731 4031 καὶ
2769 3978 2870 4032 ὅσα
2899 3980 2927 4031 ὁ
2978 3978 3212 4050 Ποιητὴς
3256 3978 3316 4032 τὸ
3368 3980 3636 4050 ἡμέτερον
3678 3980 3758 4031 εὓ-

2154 4072 2453 4143 ηηργέτησε
2496 4072 2671 4141 γένος.
2729 4072 2805 4126 Oi»
2857 4072 2966 4142 γὰρ
3024 4072 3330 4126 ἐπαύσαντο
3376 4071 3597 4125 πώποτε
3650 4072 3758 4123 τῶν

2186 4164 2346 4217 θείων
2387 4164 2584 4236 δορεῶν
2632 4164 2690 4218 αί
2734 4166 2910 4236 πηγαὶ
2948 4166 3063 4227 τοῖς
3105 4162 3413 4235 ἀνθρώποις
3465 4164 3533 4216 τὰ
3578 4163 3760 4231 ἀγαθά

2112 4258 2154 4317 C
2187 4254 2599 4318 ἀναδλύζουσαι.

2183 4367 2259 4421 B'.
2299 4366 2582 4436 Διήγησις
2615 4367 2734 4422 τῶν
2763 4368 2883 4423 ὑπὸ
2913 4368 3060 4423 Θεοῦ
3090 4369 3495 4438 τεγενημέῂων
3527 4369 3616 4433 είς
3641 4367 3766 4433 τὴν

2444 4438 2760 4507 ἀνθρώπου
2793 4436 3145 4508 εὐεργεσίαν
3168 4436 3250 4504 ἐξ
3278 4436 3488 4507 ἀρχῆς.

2266 4549 2404 4602 Ἀλλ’
2452 4551 2544 4619 ἀφ’
2598 4545 2767 4621 οὗπερ
2805 4551 2957 4606 τόνδε
3002 4552 3093 4605 τὸν
3139 4552 3509 4623 παναρμόνιον
3556 4550 3762 4621 κόσμον

2184 4640 2637 4713 ἐδημιούργησεν,
2686 4646 2807 4706 ταῖς
2831 4643 3103 4706 ποικίλαις
3132 4643 3473 4715 εὐεργεσίαις
3498 4644 3599 4712 τὴν
3629 4646 3763 4713 ἠμε-

2188 4729 2353 4798 τέραν
2383 4731 2665 4794 ἐπικλύζει
2703 4733 2866 4800 φύσιν
2890 4736 2927 4787 ’ὁ
2954 4734 3210 4805 Ποιητής.
3254 4734 3366 4787 Καὶ
3403 4733 3625 4802 πρῶτον
3667 4733 3763 4802 μὲν

2196 4822 2270 4894 μὴ
2305 4823 2436 4875 ὄντα
2465 4824 2733 4895 πεποίηκε
2765 4825 2860 4878 καὶ
2882 4824 3225 4879 δια-πλάττων
3249 4826 3534 4895 ἐτίμησεν,
3561 4826 3656 4878 καὶ
3677 4824 3760 4877 τὸν

2191 4913 2320 4984 χοῦν
2348 4915 2428 4977 είς
2452 4914 2739 4985 ἀνθρώπου
2771 4916 2932 4984 φύσιν
2968 4916 3261 4987 μετέϐαλεν
3287 4918 3363 4980 ὡς
3391 4916 3648 4986 ἠθέλησε,
3675 4915 3763 4968 καὶ

2195 5001 2273 5069 τῷ
2323 5003 2552 5057 δυσειδεῖ
2598 5004 2753 5075 πηλῷ
2801 5007 2997 5070 κάλλος
3046 5007 3139 5060 καὶ
3194 5007 3371 5079 ψυχὴν
3418 5008 3763 5078 ἐδωρήσατο,

2185 5091 2475 5160 ὀφθαλμῶν
2507 5093 2903 5165 λαμπρότητα,
2959 5098 3054 5150 καὶ
3102 5098 3343 5168 γαλήνης
3394 5097 3764 5166 καθαρότητα,

2189 5184 2281 5236 καὶ
2308 5184 2551 5254 παρειῶν
2576 5186 2848 5257 λειότητα,
2878 5191 2974 5242 καὶ
3003 5188 3250 5261 γλώττης
3275 5190 3594 5259 ἁπαλότητα
3617 5231 3633 5254 ,
3676 5190 3766 5242 καὶ

2191 5273 2421 5344 αἵματος
2454 5277 2672 5345 ὀχετοὺς
2701 5280 2779 5341 είς
2806 5278 3023 5333 ἅπαντα
3057 5280 3151 5333 τοῦ
3184 5280 3434 5351 σώματος
3457 5281 3767 5342 διαθέοντας

2195 5364 2367 5433 μέλη,
2413 5368 2507 5418 mi.
2556 5368 2774 5438 ἁρδεῐαν
2817 5372 3144 5442 ἀποχρῶσαν
3199 5374 3364 5443 σαρκὶ
3414 5375 3508 5426 καὶ
3558 5373 3768 5443 νεύροις

2192 5456 2560 5526 χορηγοῦντας
2605 5462 2698 5511 καὶ
2749 5460 3000 5533 δέρματι,
3053 5463 3227 5516 ὀστῶν
3278 5465 3622 5529 ἀντιτυπίαν,
3674 5464 3770 5516 καὶ

589 5602 1403 5695 ’,ξοην-θηρατέυὲῑέεεεξΡίιυΙο
1442 5620 1578 5678 opus
1600 5608 1935 5667 constituunt
1961 5625 2183 5683 prorsus
2243 5615 2513 5673 diversum
2575 5619 2642 5675 ab
2666 5620 2769 5677 illis
2787 5620 2992 5689 jamdiu
3052 5623 3213 5682 editis
3238 5623 3297 5680 S.
3321 5623 3505 5695 Cyrilli
3530 5622 3770 5678 Sclioliis

518 5679 587 5734 de
611 5673 989 5732 incarnatione
1019 5673 1251 5729 Domini.
