3946 6202
219 302 335 358 “2|

1370 290 1461 369 ut:
1495 286 2020 348 lNCARNATlONE
2056 288 2314 351 DOMINI.

3316 276 3461 355 ita:

216 419 315 471 τῶν
362 416 422 469 ἓν
469 412 678 479 τούτοις
725 411 1105 483 αποκειμένων
1152 408 1365 481 μυελῶν
1394 409 1455 461 τὸ
1493 406 1783 479 χρειῶδες,

1913 408 2156 463 lullarum
2205 408 2519 474 utilitatem,
2553 418 2609 466 et
2640 414 2909 479 quotquot
2954 408 3060 464 alia
3112 408 3168 465 in
3218 409 3458 466 humano

217 511 303 564 καὶ
342 507 511 563 τᾶλλα
545 507 645 559 ὅσα
681 504 774 559 τοῦ
817 504 1159 575 ἀνθρωπίνου
1204 499 1348 566 ζώου
1398 499 1461 551 τὸ
1508 496 1788 569 ὁρώμενον

218 599 344 669 ἔχει.
379 596 489 649 Καὶ
521 594 658 664 πρὸς
708 592 951 657 τούτοις,
999 592 1126 645 νοῦν
1172 590 1372 642 ἔδωκεν
1410 586 1655 658 ἡγεμόνα
1694 586 1790 640 καὶ

218 688 567 758 κυϐερνήτην,
607 684 795 753 σοφίας
830 681 1158 753 πληρώσας,
1203 680 1398 753 τέχνης
1434 678 1659 748 ἀπάσης
1696 680 1790 731 καὶ

219 781 517 848 ἐπιστήμης
544 776 856 848 ἐμπλήσας,
902 775 995 828 καὶ
1031 774 1249 843 λογικὸν
1279 773 1527 843 ἀπέφηνε
1552 770 1613 824 τὸ
1637 769 1792 841 πήλι-

218 889 301 925 νον
332 870 581 940 ἄγαλμα,
615 869 709 923 καὶ
739 868 949 921 οἰκείαν
980 866 1167 919 εἰκόνα
1193 865 1463 936 πεποίηκε
1484 863 1577 917 τὸν
1608 860 1791 932 χοῖκὸν

220 962 529 1034 ἀνδριάντα,
569 961 631 1013 τὸ
670 958 896 1031 ἀρχικὸν
943 958 1038 1011 καὶ
1080 956 1543 1028 αὐτοκρατορικὸν
1568 955 1663 1008 καὶ
1697 953 1792 1026 δη·-

224 1052 537 1125 μιουργικδν
568 1054 634 1123 τῇ
670 1052 832 1121 νοερᾷ
879 1049 1024 1120 ψυχῇ
1057 1047 1153 1102 καὶ
1185 1047 1437 1115 ἀθανάτῳ
1477 1046 1793 1116 δωρησάμε-

220 1160 321 1206 νος.
352 1138 488 1195 Εἶτα
519 1140 740 1211 βασιλέα
781 1136 1015 1208 κτηνῶν,
1048 1137 1144 1189 καὶ
1176 1135 1543 1205 τετραπόδων,
1572 1135 1666 1188 καὶ
1701 1136 1794 1204 ἐρ-

224 1232 417 1297 πετῶν,
452 1230 687 1302 νηκτῶν,
736 1229 830 1282 καὶ
858 1227 1157 1299 ἀμφιϐίων,
1199 1227 1294 1280 καὶ
1319 1226 1428 1279 τῶν
1472 1225 1792 1296 ἀεροπόρων

221 1321 441 1395 ὀρνίθων
484 1317 880 1391 ἐχειροτόνησε.
921 1317 1037 1388 Πρὸ
1077 1316 1135 1369 δὲ
1173 1314 1379 1369 τούτων
1427 1314 1616 1385 ῶσπερ
1672 1314 1793 1368 τινά

222 1408 461 1461 παστάδα
522 1407 886 1479 χαριεστάτην
953 1405 1158 1459 ἄνωθεν
1214 1403 1477 1469 ἐξέτεινεν
1540 1402 1791 1472 οὐρανὸν,

218 1500 484 1570 λειμῶνας
517 1497 762 1568 ἀστέρων
785 1494 1197 1566 ὲγκαταπήξας,
1228 1494 1417 1565 χρείαν
1448 1512 1508 1547 τε
1539 1493 1675 1564 όμοῦ
1699 1494 1794 1548 καὶ

222 1590 407 1661 τέρψιν
436 1589 772 1661 παρέχοντας
790 1604 803 1618 ’
835 1588 987 1659 ἥλιόν
1012 1604 1072 1641 τε
1107 1588 1349 1656 ἀνίσχειν
1378 1585 1670 1649 κελεύσας,
1701 1583 1795 1640 καὶ

1891 498 2111 553 animali
2157 498 2342 554 videre
2369 509 2474 554 est.
2511 498 2575 552 Et
2619 509 2817 569 praeter
2861 498 3001 568 haec,
3049 507 3285 555 mentem
3315 501 3460 556 dedit

1893 590 2083 643 ducem
2127 599 2184 645 et
2214 590 2678 657 gubernatricem,
2707 588 2974 661 sapientia
3008 591 3295 657 imbutam,
3326 593 3460 648 artis

1889 680 2067 733 omnis
2115 679 2466 751 scientiaeque
2501 694 2797 749 capacem;
2829 689 2882 736 et
2926 679 3245 737 rationalem
3300 685 3458 737 exhi-

1877 765 2006 819 buit
2032 766 2232 822 luteam
2266 775 2521 831 statuam,
2550 779 2714 838 atque
2735 768 2803 823 ad
2833 767 3121 838 imaginem
3152 783 3309 824 suam
3332 785 3462 825 con-

1894 853 2145 910 formavit
2172 856 2482 926 pulvereum
2506 856 2879 925 simulacrum,
2927 858 3302 927 imperativam
3327 861 3460 927 vim,

1893 947 2123 1003 liberum
2154 948 2461 1016 arbitrium,
2495 960 2551 1005 et
2581 950 2799 1019 quidvis
2826 951 3133 1007 fabricandi
3168 954 3462 1022 potentiam

1894 1038 2245 1094 intellectuali
2277 1041 2681 1111 immortalique
2714 1043 2910 1097 animae
2941 1045 3269 1099 concedens.
3296 1042 3462 1098 Dein-

1892 1130 1960 1185 de
1987 1130 2260 1185 hominem
2294 1132 2620 1198 belluarum,
2651 1142 2707 1187 et
2734 1134 3166 1205 quadrupedum,
3201 1149 3265 1188 ac
3294 1135 3462 1205 repti-

1895 1220 2089 1285 tilium,
2118 1221 2461 1290 aquatilium,
2492 1232 2547 1277 et
2600 1224 3021 1295 ampltibiorum,
3069 1234 3125 1279 et
3163 1225 3461 1279 voiatilium

1895 1316 2070 1370 avium
2088 1312 2285 1387 'rcgcm
2314 1319 2622 1376 constituit.
2650 1320 2789 1375 Ante
2822 1320 2938 1376 haec
2970 1330 3171 1387 autem,
3195 1320 3462 1390 quoddam

1898 1406 2061 1459 veluti
2087 1406 2545 1476 iucundissimum
2580 1410 2890 1466 cubiculum
2942 1411 3175 1479 desuper
3219 1409 3464 1464 extendit

1893 1494 2113 1559 coelum,
2149 1494 2388 1549 siderum
2435 1496 2781 1553 amoenitates
2835 1499 3101 1562 inserens,
3149 1513 3270 1568 qua:
3304 1511 3460 1553 nsum

1894 1583 2054 1638 simul
2103 1583 2625 1653 delectationemque
2679 1588 2921 1655 praebent
2962 1589 3171 1643 :soletn
3205 1590 3336 1644 oriri
3374 1586 3464 1659 ju-

222 1680 459 1747 δύεσθαι,
513 1681 608 1734 καὶ
652 1682 827 1733 ποιεῖν
885 1678 1101 1749 ἡμέρας
1164 1677 1259 1731 καὶ
1303 1677 1525 1740 νύκτας,
1573 1677 1670 1730 καὶ
1718 1674 1795 1746 τῷ

1913 1695 2030 1735 iens
2052 1689 2106 1735 et
2131 1682 2477 1746 occumbere,
2508 1679 2734 1749 diesque
2761 1690 2815 1734 et
2858 1691 3043 1736 noctes
3074 1683 3308 1748 edicere,
3339 1700 3466 1739 cur—

222 1772 404 1843 δρόμῳ
447 1740 543 1826 τὸν
598 1772 790 1842 χρόνον
855 1740 1105 1844 μετρεῖν·
1164 1771 1394 1841 σελήνην
1444 1768 1651 1838 φθίνειν
1704 1740 1797 1821 καὶ

1913 1786 2073 1837 suque
2101 1785 2198 1825 suo
2230 1780 2469 1840 tempora
2507 1771 2692 1826 metiri
2719 1787 2735 1837 ;
2766 1771 2947 1825 lunam
2975 1772 3144 1826 minui
3175 1782 3228 1828 et
3259 1775 3465 1844 augeri,

225 1862 471 1932 πλήθειν,
507 1863 600 1915 καὶ
624 1865 741 1925 ταῖς
772 1865 1001 1925 πυκναῖς
1033 1863 1358 1932 μεταϐολαῖς
1383 1862 1532 1933 ἥδειν
1563 1878 1625 1914 τε
1660 1859 1796 1931 ὁμοῦ

223 1955 317 2008 καλ¹
354 1954 639 2025 σημαίνειν
669 1953 868 2008 κύκλον
895 1954 986 2007 τὸν
1013 1953 1284 2007 ἐνιαύσιον
1301 1971 1313 1983 ·
1342 1954 1447 2022 γῆν
1470 1952 1527 2006 δὲ
1554 1952 1800 2006 κάτωθεν

225 2045 578 2117 ὑπεστόρεσε,
613 2045 704 2097 καὶ
731 2044 976 2099 ποικίλον
1014 2043 1152 2115 αὐτῇ
1187 2045 1391 2112 κόσμον
1423 2043 1655 2097 δέδωκεν
1675 2085 1689 2108 ,
1720 2044 1800 2106 είς

226 2135 361 2207 ἄλση
390 2135 485 2189 καὶ
513 2136 638 2206 λήῖα
672 2136 766 2188 καὶ
798 2135 1074 2206 λειμῶνας
1106 2134 1383 2207 διακρίνας
1405 2149 1420 2165 ⁸
1466 2134 1568 2206 ὅρη
1599 2134 1802 2204 κιρτώ-

228 2243 326 2289 σας
350 2227 427 2289 είς
458 2226 590 2294 ὕψος
610 2267 623 2291 ,
674 2226 769 2280 καὶ
798 2227 975 2290 νάπας
1008 2227 1280 2289 κοιλάνας.
1308 2227 1404 2279 καὶ
1435 2226 1594 2278 πεδία
1638 2224 1804 2279 ὕπτια

228 2315 324 2368 καὶ
358 2314 576 2367 ίσόπεδα
604 2315 804 2380 δείξας,
849 2317 944 2369 καὶ
973 2316 1156 2386 πηγὰς
1196 2316 1513 2380 άναϐλύζειν
1558 2318 1615 2368 ὲν
1654 2315 1803 2386 μέσῳ

227 2406 522 2469 κελεύσας,
585 2407 679 2459 καὶ
740 2408 1019 2477 ποταμοὺς
1086 2406 1299 2477 τρέχειν
1360 2408 1641 2472 ἄπαυστα,
1711 2409 1806 2460 καὶ

226 2495 388 2550 ⁶ιςάλλα
417 2496 516 2548 ὅσα
546 2495 647 2565 γῆν
674 2493 1002 2559 καλλωπίζει
1028 2494 1123 2547 καὶ
1148 2494 1438 2549 θάλατταν.

230 2694 306 2750 Ρ.
344 2693 448 2747 Διὰ
485 2692 542 2745 τί
587 2692 693 2745 τόν
722 2692 1043 2761 ἄνθρωπον
1078 2696 1576 2763 προσηγόρευσεν
1610 2692 1804 2762 Ἀδάμ.

301 2806 456 2861 Οὕτω
480 2807 890 2877 δημιουργήσας
915 2806 1006 2859 τὸν
1032 2805 1251 2877 πρῶτον
1273 2805 1580 2877 ἄνθρωπον,
1614 2806 1707 2858 καὶ
1741 2808 1805 2876 τῇ

227 2895 402 2950 εικόνι
434 2898 672 2966 τιμήσας
705 2896 799 2950 καὶ
829 2895 908 2966 τῷ
938 2895 1131 2963 πλήθει
1171 2896 1282 2951 τῶν
1312 2896 1533 2967 δωρεῶν
1571 2895 1781 2950 ἀποκλύ

233 3005 355 3053 σας,
395 2987 607 3058 τίθησιν
633 2986 781 3057 αὐτῷ
819 2988 881 3040 τὸ
907 2988 1007 3059 τῆς
1033 2987 1248 3056 φύσεως
1279 2987 1481 3059 ὄνομα·
1502 2988 1671 3057 Ἀδὰμ
1699 2988 1807 3058 γάρ

1900 1864 2121 1932 suisque
2154 1863 2527 1932 frequentibus
2569 1862 2997 1918 revolutionibus
3022 1862 3295 1917 delectare
3320 1866 3466 1932 pari-

1904 1959 2005 2017 ter,
2033 1960 2088 2006 et
2122 1966 2367 2006 annuum
2398 1950 2661 2005 circulum
2712 1950 3039 2018 significare.
3068 1950 3187 2005 Jam
3221 1951 3465 2007 tellurem

1902 2043 1990 2098 hic
2016 2042 2243 2099 inferius
2274 2044 2590 2107 substravit,
2635 2044 2793 2112 eique
2829 2044 3036 2099 varium
3076 2055 3326 2098 ornatum
3370 2044 3471 2099 de-

1904 2132 2002 2197 dit,
2038 2132 2211 2197 silvis,
2238 2135 2402 2196 arvis,
2432 2136 2716 2205 pratisque
2756 2134 3092 2203 distinguens
3114 2173 3128 2195 ,
3176 2145 3387 2190 montes
3417 2136 3468 2189 iu

1903 2221 2265 2278 sublimitates
2299 2239 2556 2288 curvans,
2587 2224 2756 2278 valles
2783 2238 3076 2290 excavans,
3111 2239 3331 2295 campos
3375 2240 3471 2281 su-

1905 2315 2063 2384 pinos
2090 2316 2492 2387 aequabilesque
2521 2318 2832 2382 ostendens,
2872 2315 3155 2386 fontesque
3196 2317 3263 2370 de
3302 2317 3473 2371 medi-

1910 2407 2060 2461 tullio
2107 2409 2373 2463 scaturire
2409 2408 2629 2476 iubens,
2680 2417 2736 2462 et
2779 2406 2998 2461 ﬂumina
3027 2408 3337 2476 perenniter
3360 2407 3470 2463 dis-

1904 2512 2146 2562 currere,
2181 2508 2342 2569 atque
2371 2498 2477 2554 alia
2521 2500 2707 2554 omnia
2763 2506 3029 2571 quotquot
3063 2506 3261 2553 terram
3297 2512 3471 2554 mare-

1908 2604 2010 2658 que
2040 2600 2325 2644 exornant.

2081 2701 2169 2757 lll.
2206 2700 2316 2757 Cur
2346 2704 2606 2758 hominem
2642 2703 2980 2773 appellaverit
3009 2704 3296 2757 Adamum.

1982 2816 2115 2872 Cum
2146 2816 2225 2871 sic
2252 2816 2484 2885 primum
2527 2814 2799 2869 hominem
2849 2813 3201 2880 condidisset,
3242 2821 3299 2868 et
3342 2812 3477 2868 ima-

1910 2906 2053 2976 ginis
2107 2921 2223 2960 suae
2294 2904 2501 2959 bonore
2560 2904 2836 2970 auxisset,
2900 2906 3273 2970 donorumque
3322 2903 3476 2971 copia

1910 2998 2205 3061 obruisset,
2245 3009 2437 3049 nomen
2484 2992 2534 3047 ei
2561 3002 2766 3047 natura;
2801 2992 2969 3061 ipsius
2998 2992 3274 3062 proprium
3310 2992 3481 3061 impo-

231 3081 396 3133 αύτὸν
424 3080 904 3151 προσηγόρευσεν·
949 3078 1107 3133 τοῦτο
1146 3080 1203 3133 δὲ
1247 3080 1341 3133 τὸν
1384 3081 1513 3152 χοῦν
1560 3080 1711 3150 δηλοί
1742 3084 1807 3152 τῇ

1913 3091 2021 3145 suit
2047 3107 2062 3156 ;
2088 3088 2288 3143 etenim
2315 3087 2579 3142 Adamum
2610 3084 2961 3154 nuncupavit,
2986 3084 3129 3152 quod
3158 3080 3477 3138 vocabulum

242 3171 511 3242 Ἐϐραίων
541 3173 714 3242 φωνῇ.
739 3172 856 3224 Μία
884 3170 940 3223 δὲ
964 3171 1057 3224 καὶ
1082 3171 1223 3242 αὕτη
1252 3171 1383 3243 περ)⁵
1410 3173 1502 3225 τὸν
1527 3172 1812 3243 ἄνθρωπον

229 3261 554 3332 κηδεμονία.
612 3262 831 3331 Ἐπειδὴ
878 3261 988 3333 γάρ
1039 3262 1230 3331 ἔμελλε
1274 3262 1550 3326 τοσούτοις
1590 3265 1815 3331 ἀγαθοῖς

230 3354 614 3424 λντρυφήσειν,
654 3352 748 3406 καὶ
795 3352 1063 3405 τοσούτων
1106 3353 1289 3423 ἄρχων
1337 3354 1679 3422 ἀνηγορεύθη
1720 3356 1816 3408 καὶ

237 3444 511 3513 βασιλεὺς,
542 3445 631 3497 ἴνα
665 3444 741 3515 μὴ
774 3443 854 3514 τῷ
880 3432 1079 3514 ⁸ἦλήθει
1104 3442 1212 3496 τῶν
1246 3443 1463 3513 δωρεῶν
1490 3444 1815 3515 ὕπερμαζή-

239 3552 361 3601 σας,
419 3537 516 3591 καὶ
560 3536 639 3608 τῷ
689 3536 814 3606 ὕψει
855 3537 956 3607 τῆς
1002 3536 1296 3607 ἡγεμονίας
1339 3535 1601 3608 ἐπαρθεὶς
1646 3555 1818 3590 κατα·-

239 3626 513 3697 σκιρτήσῃ
538 3625 630 3679 τοῦ
663 3625 969 3690 κτίσαντος,
1014 3627 1111 3679 καὶ⁵
1146 3625 1411 3697 μεγίστην
1455 3626 1520 3678 ὲκ
1569 3626 1669 3695 τῆς
1721 3642 1817 3678 τυ-

240 3711 487 3780 ραννίδος
547 3712 918 3782 ἀπενέγκηται
978 3712 1184 3783 βλάϐην
1210 3752 1225 3778 ,
1274 3714 1415 3768 κατά
1467 3714 1557 3766 τὸν
1603 3713 1818 3785 πρῶτον

236 3803 554 3873 ἀποστάτην
584 3804 788 3857 ἐκεῖνον
814 3804 906 3860 τὸν
934 3805 1011 3870 ὡς
1052 3805 1339 3877 ἀστραπὴν
1369 3809 1433 3860 ἐκ
1462 3808 1556 3860 τοῦ
1585 3805 1818 3877 ούρανοῦ

237 3891 479 3946 πεσόντα
506 3892 574 3945 δι’
595 3892 938 3958 ἀλαζονείαν,
971 3895 1288 3963 ἀναγκαίως
1305 3899 1332 3949 ὁ
1362 3896 1524 3965 σοφὸς
1548 3898 1660 3950 τῶν
1682 3898 1820 3951 ὅλων

236 3983 509 4055 πρύτανις
536 3984 760 4038 κωλύων
788 3985 952 4039 αὐτοῦ
990 3988 1082 4040 τὸν
1127 3987 1289 4055 ὄγκον
1317 3988 1411 4041 τοῦ
1449 3991 1818 4060 φρονήματος,

252 4074 427 4145 Ἀδάμ
461 4075 924 4147 προσηγόρευσεν,
974 4078 1059 4131 ἴνα
1096 4080 1159 4130 ὲκ
1188 4079 1288 4149 τῆς
1328 4081 1701 4151 προσηγορίας
1736 4083 1821 4133 ἐν·

238 4164 383 4218 νοῶν
408 4165 508 4237 τὴν
545 4167 893 4235 συγγένειαν,
920 4169 1016 4221 καὶ
1055 4168 1156 4232 τὰς
1183 4170 1440 4240 ἀφορμάς
1468 4171 1566 4241 τῆς
1603 4172 1821 4239 φύσεως

237 4254 614 4325 λογιζόμενος,
643 4257 738 4312 καὶ
766 4258 855 4311 τὸν
897 4259 1162 4330 πρόγονον
1190 4260 1318 4330 χοῦν
1347 4260 1454 4331 πρὸ
1484 4261 1592 4315 τῶν
1620 4263 1824 4331 ὀφθαλ-

244 4347 368 4413 μῶν
394 4346 687 4417 θεώμενος,
713 4348 905 4403 ἐαυτὸν
938 4350 1036 4419 μὲν
1066 4350 1329 4422 γνωρίζῃ,
1354 4355 1634 4425 προσκυνῇ
1654 4353 1709 4406 δὲ
1732 4352 1823 4407 τὸν

1914 3186 1966 3238 in
2021 3182 2371 3238 Hebraeorum
2426 3180 2604 3248 lingua
2653 3177 2929 3247 pulverem
2983 3175 3272 3246 signiﬁcat.
3308 3175 3481 3242 Atque

1913 3277 2027 3331 haec
2054 3274 2217 3330 etiam
2266 3286 2393 3343 erga
2434 3270 2710 3325 hominem
2750 3267 3085 3336 providentia
3116 3265 3333 3336 807m
3360 3263 3479 3318 fuit.

1915 3364 2048 3419 Nam
2084 3363 2208 3432 quia
2253 3359 2420 3415 tantis
2447 3357 2604 3413 bonis
2632 3356 2898 3410 fruiturus
2929 3365 3069 3418 erat,
3109 3363 3297 3422 totque
3329 3366 3483 3407 crea-

1918 3462 2160 3507 turarum
2195 3453 2450 3519 princeps
2477 3449 2806 3504 constitutus
2837 3455 2956 3502 erat
2986 3455 3042 3501 et
3065 3460 3181 3509 rex,
3212 3458 3278 3499 ne
3315 3445 3485 3499 dono-

1919 3556 2035 3595 rum
2064 3541 2411 3594 multitudine
2441 3539 2728 3593 lasciviens
2766 3550 2820 3591 et
2868 3538 3205 3604 principatus
3248 3535 3481 3589 excelsi-

1921 3641 2028 3685 tate
2082 3630 2256 3684 elatus
2325 3628 2586 3682 adversus
2639 3625 2954 3681 Creatorem
3007 3624 3254 3694 petulans
3309 3624 3483 3688 ﬁeret,

1919 3724 2322 3788 maximumque
2354 3734 2418 3773 ex
2453 3718 2554 3772 hac
2583 3716 2749 3772 veluti
2785 3716 3070 3786 tyrannide
3099 3714 3482 3769 detrimentum

1918 3823 2159 3884 caperet,
2196 3826 2345 3865 more
2392 3811 2535 3865 illius
2567 3807 2730 3879 primi
2777 3815 3063 3875 apostatae,
3108 3805 3196 3875 qui
3231 3815 3485 3872 tanquam

1919 3905 2097 3973 fulgur
2138 3902 2405 3970 superbia)
2448 3915 2559 3955 sua:
2604 3911 2767 3955 causa
2814 3896 2953 3951 coelo
2984 3895 3255 3958 excidit‘,
3299 3908 3491 3948 neces-

1921 3995 2068 4050 sario
2120 3994 2339 4062 sapiens
2402 4006 2583 4045 rerum
2636 3988 2877 4044 omnium
2928 3997 3167 4050 curator,
3221 3996 3485 4040 tumorem

1923 4086 2092 4154 ipsius
2121 4082 2317 4137 mentis
2346 4082 2730 4151 comprimens,
2764 4080 3031 4133 Adamum
3084 4076 3397 4146 appellavit,
3428 4087 3487 4130 ttt

1923 4192 1987 4231 ex
2015 4176 2234 4231 nomine
2264 4173 2631 4228 conditionem
2678 4185 2834 4226 suam
2870 4178 3151 4238 reputans,
3187 4178 3241 4221 et
3280 4177 3489 4221 natura:

1925 4264 2218 4336 primordia
2254 4261 2634 4324 considerans,
2676 4268 3072 4329 parentemque
3120 4271 3276 4311 suum
3310 4255 3491 4325 pulve-

1928 4371 2043 4411 rem
2089 4370 2200 4423 pra:
2245 4351 2417 4407 oculis
2450 4351 2677 4414 habens,
2720 4363 2776 4402 se
2826 4348 3000 4417 ipsum
3031 4347 3248 4415 quidem
3294 4360 3495 4415 cogno-

245 4415 519 4507 τοσαύτην
584 4438 915 4510 εὐπρέπειαν
939 4415 951 4419 ἰ
974 4415 1124 4510 αύτῷ
1179 4415 1306 4494 καὶ..
1336 4415 1807 4514 μεγαλοπρόπειακ

1927 4415 2125 4509 sceret,
2150 4444 2406 4499 adoraret
2432 4450 2611 4495 autem
2633 4438 2806 4505 illum,
2827 4437 2917 4507 qui
2942 4446 3147 4491 tantum
3172 4438 3219 4491 ei
3244 4437 3493 4493 decorem

242 4524 670 4595 δωρησάμενον
736 4525 875 4597 αὕτη
943 4527 1133 4599 πρώτη
1196 4530 1325 4599 περὶ
1381 4529 1471 4582 τὸν
1531 4531 1820 4600 ἄνθρωπον

248 4614 467 4685 ἐδείχθη
497 4614 592 4668 τοῦ
626 4617 859 4687 Ποιητοῦ
904 4618 1039 4687 μετά
1061 4620 1160 4690 τὴν
1184 4619 1540 4690 δημιουργίαν
1569 4620 1818 4691 πρόνοια⁸

246 4704 426 4768 οὕτως
455 4705 514 4771 ἐξ
548 4708 720 4777 ἀρχῆς
746 4706 832 4761 οἷά
861 4726 946 4772 τις
978 4710 1158 4781 πατὴρ
1207 4710 1303 4762 καὶ
1332 4710 1515 4780 ἰατρὸς
1545 4711 1641 4763 καὶ
1672 4710 1821 4764 διδά-

248 4798 474 4861 σκαλος,
524 4798 745 4867 κοσμῶν
791 4800 925 4869 ὁμοῦ
973 4803 1067 4856 καὶ
1116 4802 1380 4871 ἰατρεύων
1428 4801 1521 4855 καὶ
1559 4801 1825 4859 διδάσκων

248 4886 419 4940 αὑτὸν
443 4887 541 4957 τὴν
571 4889 792 4959 ἀρετὴν,
826 4892 1144 4947 διετέλεσεν.

245 5024 330 5074 Δ⁸.
354 5021 457 5075 Διὰ
478 5022 535 5075 τι
560 5023 674 5092 τὴν
700 5025 954 5096 γυναῖκα
984 5028 1054 5080 ἐκ
1077 5026 1184 5095 τῆς
1219 5025 1485 5094 πλευρᾶς
1512 5025 1823 5097 ἐδημιούρ-

963 5113 1132 5167 mas.

326 5204 513 5270 Οὕτως
546 5207 706 5260 αὐτὸν
744 5209 1049 5273 διαπλάσας
1074 5250 1089 5275 ,
1136 5210 1308 5273 οὕτως
1352 5209 1822 5281 προσαγορεύσας,

248 5295 451 5365 βοηθὸν
483 5297 631 5366 αὐτῷ
677 5299 771 5350 καὶ
819 5301 1082 5370 συνεργὸν
1131 5301 1224 5353 καὶ
1267 5299 1360 5352 τοῦ
1398 5301 1513 5369 βίου
1572 5298 1828 5353 κοινωνὸν

244 5390 598 5458 παραχρῆμα
641 5388 1102 5462 ἐδημιούργησεν
1155 5393 1255 5445 οὕκ
1294 5392 1359 5445 ὲκ
1410 5390 1577 5461 μόνης
1620 5392 1676 5444 δὲ
1731 5390 1830 5459 τῆς

248 5472 402 5543 γῆς,
441 5473 516 5536 ὡς
565 5476 652 5527 ἐπ’
692 5477 925 5545 ἐκείνου,
974 5479 1237 5550 λαμϐάνει
1281 5478 1381 5543 τάς
1425 5478 1679 5548 ἀφορμὰς
1729 5480 1829 5549 τῆς

332 5672 347 5702 ¹
390 5671 495 5728 lsa.
526 5686 635 5734 xtv,
672 5672 755 5725 12.

1928 4553 1993 4593 ac
2021 4535 2418 4606 speciositatem
2448 4533 2689 4588 donavit.
2726 4530 2904 4585 Prima
2932 4529 3047 4583 haec
3065 4543 3194 4598 erga
3220 4529 3493 4583 hominem

1929 4626 2177 4684 Factoris
2203 4633 2325 4696 post
2357 4624 2688 4679 creationem
2719 4619 3059 4691 providentia
3093 4620 3325 4674 exstitit.
3358 4618 3498 4673 ltais

1926 4721 2036 4791 jam
2066 4719 2189 4775 inde
2214 4718 2284 4773 ab
2314 4716 2492 4778 initio,
2518 4728 2619 4769 ceu
2652 4721 2804 4782 pater
2835 4711 3052 4780 quidam
3084 4720 3138 4765 et
3172 4711 3411 4765 medicus
3442 4721 3497 4765 et

1928 4810 2204 4878 magister,
2234 4819 2442 4861 ornans
2473 4803 2633 4859 simul
2662 4812 2719 4858 et
2762 4816 2961 4857 sanans
2994 4802 3366 4868 virtutemque
3402 4799 3498 4853 do-

1926 4914 2077 4965 cens,
2100 4914 2159 4953 se
2190 4896 2375 4967 gessit.

2033 5034 2120 5089 IV.
2159 5032 2267 5087 Cur
2314 5033 2583 5086 mulierem
2613 5046 2678 5085 ea:
2717 5032 2815 5087 viri
2848 5031 3011 5085 latere
3052 5030 3380 5100 formaverit.

2014 5214 2305 5283 Postquam
2361 5229 2483 5269 eum
2536 5214 2607 5267 ita
2662 5208 2993 5267 formaverat
3048 5220 3210 5278 atque
3257 5204 3496 5275 appella-

1934 5313 2106 5367 verat,
2164 5303 2483 5357 auxiliarem
2516 5301 2690 5355 eidem
2721 5311 2777 5354 et
2816 5298 3238 5369 cooperatriccm
3269 5296 3500 5362 vitatque

1935 5394 2171 5449 sodalem
2210 5391 2354 5446 illico
2384 5390 2694 5445 fabricavit.
2740 5388 2892 5443 Haud
2934 5398 3111 5441 tamen
3150 5400 3219 5441 ex
3255 5384 3367 5439 sola
3395 5393 3498 5435 ter-

1934 5497 2015 5547 ra,
2052 5485 2191 5539 sicut
2213 5483 2266 5538 in
2299 5483 2414 5552 ipso
2445 5482 2669 5549 fecerat,
2720 5481 2996 5539 materiam
3029 5477 3306 5551 plasmatis
3351 5485 3498 5527 sum-
