4016 6202
543 284 683 340 M25

1528 278 1587 333 S.
1621 274 1898 333 CYRILLI
1929 272 2401 331 ALEXANDRINI
2439 272 2763 331 ARCHIEP.

3660 280 3800 336 “25

540 402 683 470 psit;
712 396 808 454 sed
839 410 1001 453 unam
1030 410 1096 452 ex
1119 394 1222 452 viri
1243 393 1414 450 costis
1430 394 1671 463 capiens,
1692 402 1853 462 atque
1884 394 1984 467 bac
2009 405 2099 448 ceu

2209 389 2569 455 διαπλάσεως,
2597 389 2735 444 ἀλλά
2768 388 2896 460 μίαν
2923 389 3031 443 τῶν
3063 390 3311 461 πλευρῶν
3338 390 3545 445 ἐκείνου
3579 394 3794 457 λαϐὼν,

542 491 659 547 basi
681 497 737 547 et
760 489 1113 547 fundamento
1141 496 1320 552 utens,
1350 486 1644 542 femineam
1682 496 1932 542 naturam
1957 499 2110 540 eom-

542 579 761 651 posuit:
801 578 945 634 baud
993 590 1130 633 sane
1160 577 1408 635 materiae
1452 576 1702 647 penuria,
1738 575 1852 633 sola
1880 576 2023 632 enim
2055 574 2107 630 ei

543 668 799 723 voluntas
837 665 907 720 ad
936 663 1182 735 cujusvis
1209 665 1288 721 rei
1313 665 1646 721 creationem
1679 663 2110 729 suiﬁciebat,sed

542 756 669 825 quia
728 752 1036 809 concordia:
1093 751 1366 808 vinculum
1421 761 1631 808 natura
1673 752 1861 808 indere
1912 752 2105 807 voluit.

542 846 769 902 Hortum
806 858 1022 914 quoque
1060 844 1330 908 consevit,
1354 857 1588 913 eumque
1630 843 1826 913 plantis
1862 843 2107 912 omnige-

542 938 629 994 nis
657 936 962 1000 exornavit,
1010 935 1172 1005 idque
1204 933 1579 995 habitaculum
1635 934 1837 989 homini
1884 948 2108 991 conces-

541 1030 638 1093 sit,
668 1030 916 1100 praebens
949 1027 1026 1083 illi
1052 1026 1273 1082 virtutis
1304 1025 1652 1088 exercitium,
1684 1025 1825 1079 haud
1863 1021 2105 1080 laborio-

541 1138 662 1177 sum
689 1136 866 1190 neque
898 1118 1051 1174 multi
1078 1116 1297 1175 sudoris
1322 1125 1651 1187 praeceptum
1687 1116 1988 1186 imponens,
2013 1115 2106 1171 sed

542 1212 785 1268 modesto
810 1221 960 1267 certe
986 1209 1263 1280 perfacile.

887 1322 947 1379 ν.
985 1323 1095 1379 Cur
1125 1325 1173 1377 ei
1214 1323 1376 1394 legem
1408 1324 1764 1378 constituerit.

608 1439 743 1494 Nam
774 1453 896 1494 cum
930 1440 1181 1494 omnibus
1214 1438 1358 1495 horti
1407 1437 1607 1508 plantis
1650 1436 1797 1491 vesci
1838 1450 1960 1492 eum
1995 1435 2109 1503 jus-

540 1530 726 1592 sisset,
768 1530 926 1583 unius
952 1539 1165 1599 gustum
1203 1526 1408 1590 vetuit;
1443 1540 1617 1595 neque
1642 1525 1694 1580 id
1725 1526 1903 1596 ipsum
1931 1535 2107 1581 teme-

541 1636 601 1675 re
629 1619 773 1684 fecit,
793 1619 886 1675 sed
906 1628 961 1672 ut
990 1620 1147 1672 homo
1170 1616 1410 1687 808m.
1449 1625 1724 1671 auctorem
1752 1631 1910 1671 suum
1942 1630 2110 1687 agno-

2211 482 2303 534 καὶ
2328 481 2498 551 ταύτῃ
2530 480 2783 554 καθάπερ
2808 480 2914 535 τινί
2943 481 3166 552 κρηπῖδι
3195 483 3292 536 καὶ
3315 481 3553 554 θεμελίῳ
3578 488 3798 555 χρησάο

2213 588 2391 641 μενος,
2422 572 2521 642 τὴν
2549 572 2866 639 γυναικείαν
2910 572 3075 641 φύσιν
3117 577 3301 627 ποιεῖ’
3332 575 3433 645 οὐχ
3477 574 3617 646 ὕλης
3659 578 3797 630 dare.

2214 661 2322 735 ρίᾳ·
2354 663 2489 733 μόνη
2523 662 2634 732 γὰρ
2660 661 3002 732 αὐτῷλβουλὴ
3037 662 3171 732 πρὸς
3213 663 3310 733 τὴν
3352 664 3493 717 ὅλων
3523 664 3797 735 δημιουρ-

2211 755 2335 821 γίαν
2369 755 2600 823 ἤρκεσεν
2626 771 2639 783 ·
2666 752 2779 806 ἀλλ’
2808 755 2867 805 ὲν
2897 756 2963 823 τῇ
3008 752 3169 821 φύσει
3199 755 3296 824 τῆς
3341 755 3601 823 ὁμονοίας
3634 754 3797 825 θελή-

2212 860 2313 906 σας
2341 843 2573 896 ἐνθεῖναι
2600 844 2690 897 τὸν
2722 842 3281 914 σύνδεσμον.Φυτεύει
3305 846 3398 898 καὶ
3432 846 3793 916 παράδεισον,

2212 933 2306 985 καὶ
2335 935 2520 1000 φυτοῖς
2542 932 2705 984 αὑτὸν
2750 935 3092 1003 κατακοσμεῖ
3118 934 3413 998 παντοίοις,
3459 936 3560 987 καὶ
3606 936 3795 991 τοῦτον

2211 1023 2533 1093 ἐνδιαίτημα
2564 1024 2642 1094 τῷ
2668 1024 2943 1094 ἀνθρώπῳ
2992 1025 3296 1095 χαρίζεται,
3342 1024 3599 1089 δεδωκὼς
3648 1028 3794 1097 αὐτῷ

2211 1112 2512 1181 γυμνάσιον
2540 1112 2742 1183 ἀρετῆς
2771 1152 2785 1177 ,
2812 1112 3034 1181 ἐντολὴν
3064 1114 3165 1166 οὐκ
3216 1115 3493 1178 ἐπίπονον,
3540 1115 3671 1169 οὐδὲ
3708 1117 3794 1183 για

2216 1219 2419 1273 μουσαν
2454 1204 2698 1276 ίδρῶτος,
2729 1204 2867 1259 ἀλλά
2892 1206 3041 1276 μάλα
3072 1203 3439 1277 σωφρονοῦντι
3465 1209 3693 1280 ῥᾳδίαν.

2474 1316 2551 1370 E'.
2592 1316 2696 1371 Διά
2730 1317 2789 1370 τί
2811 1319 2999 1386 νόμον
3033 1316 3194 1383 αὐτῷ
3226 1318 3513 1374 τέθεικεν.

2284 1427 2507 1480 Πάντων
2540 1427 2646 1499 γὰρ
2673 1427 2780 1480 τῶν
2808 1428 2990 1496 φυτῶν
3026 1427 3121 1481 τοῦ
3149 1430 3477 1501 παραδείσω
3523 1433 3794 1497 κελεύσας

2212 1516 2537 1582 ἀπολαύειν,
2592 1520 2709 1583 ἑνὸς
2750 1520 3098 1591 ἀπηγόρευσε
3156 1523 3255 1593 τὴν
3301 1524 3646 1594 μετάληψιν·
3700 1526 3796 1597 οὐχ

2214 1610 2398 1673 ἁπλῶς
2426 1611 2545 1664 οὐδὲ
2582 1610 2740 1665 τοῦτο
2783 1610 3121 1682 πεποιηκὼς,
3158 1612 3273 1666 ἀλλ’
3302 1613 3390 1667 ἵνα
3430 1614 3523 1666 τὸν
3552 1631 3794 1685 πεποιηο

540 1722 740 1777 sceret,
772 1723 933 1779 atque
976 1710 1149 1762 inStar
1175 1708 1288 1777 jugi
1322 1706 1601 1775 cujusdam
1634 1706 1801 1777 legem
1833 1706 2099 1763 Creatoris

2213 1699 2345 1753 κότα
2376 1700 2648 1773 γνωρίζῃ,
2681 1701 2775 1755 καὶ
2800 1701 2986 1771 ὥσπερ
3021 1701 3143 1756 τινὰ
3175 1703 3338 1772 ζυγὸν
3364 1703 3464 1777 ἔχῃ
3497 1704 3592 1757 τὸν
3629 1706 3796 1776 νόμον

542 1804 804 1865 haberet;
839 1811 1003 1868 utque
1032 1799 1198 1852 sciret
1239 1813 1297 1852 se
1332 1798 1547 1867 quidem
1579 1798 1631 1851 in
1669 1808 1812 1853 terra
1848 1812 2103 1867 regnare,

540 1893 632 1947 sed
668 1902 846 1945 tamen
882 1889 1164 1943 Factorem
1196 1904 1353 1942 suum
1388 1888 1625 1943 vicissim
1676 1890 1777 1944 sibi
1814 1890 2103 1954 dominari,

538 1996 774 2050 praeesse
813 1990 867 2035 et
889 1979 1105 2047 subjici,
1144 1981 1415 2047 imperare
1444 1990 1500 2034 et
1530 1981 1805 2051 imperari,
1836 1983 2035 2038 ducere
2054 1991 2108 2036 et

540 2072 799 2128 duci.Sed
824 2081 877 2125 et
902 2071 1143 2140 alioquin
1178 2086 1421 2139 congrua
1448 2080 1534 2126 est
1559 2072 1913 2127 rationalibus
1945 2071 2107 2144 legis-

537 2166 667 2219 latio
722 2182 735 2219 :
766 2173 851 2218 est
883 2164 1030 2217 enim
1067 2163 1351 2218 brutorum
1392 2166 1671 2233 proprium
1704 2163 1821 2219 sine
1868 2164 1986 2235 lege
2027 2165 2109 2219 vi-

537 2269 684 2309 vere.
736 2252 1046 2308 Mandatum
1104 2263 1287 2307 autem
1335 2254 1479 2307 circa
1526 2268 1703 2307 escam
1751 2251 1981 2308 Creator
2029 2254 2104 2308 illi

539 2343 817 2413 imposuit,
842 2343 966 2411 quia
1001 2343 1139 2396 alius
1166 2342 1405 2410 cujusvis
1444 2344 1579 2414 legis
1611 2353 1742 2397 tunc
1788 2342 2105 2414 iuissetqin-

539 2436 685 2489 utilis
710 2434 855 2488 latio.
912 2436 1051 2501 Quid
1094 2434 1235 2489 enim
1265 2436 1312 2489 ei
1349 2437 1631 2489 velandum
1680 2437 1845 2490 erat?
1871 2435 2005 2490 Num
2039 2453 2106 2492 ne

537 2526 851 2582 occideret?
874 2526 1037 2595 Atqui
1089 2542 1247 2581 nemo
1276 2535 1416 2592 erat,
1456 2528 1506 2581 in
1538 2542 1698 2597 quem
1734 2530 1908 2583 caedes
1945 2530 2107 2583 cade-

538 2628 639 2673 ret.
672 2616 810 2672 Num
843 2633 908 2672 ne
946 2619 1357 2673 mtecharetur?
1386 2620 1550 2690 Atqui
1605 2637 1671 2675 ne
1711 2619 1755 2675 si
1786 2621 1945 2675 vellet
1978 2622 2102 2691 qui-

536 2708 656 2763 dem
688 2709 741 2763 id
767 2716 1001 2778 poterat,
1028 2722 1149 2763 cum
1178 2708 1280 2763 alia
1310 2708 1507 2764 femina
1536 2725 1640 2765 non
1671 2722 1838 2766 esset.
1870 2711 2006 2765 Num
2039 2727 2104 2767 ne

534 2798 853 2855 iuraretur?
900 2799 973 2853 At
1014 2799 1169 2868 cujus
1219 2800 1401 2855 bona?
1449 2800 1657 2856 Cuncta
1708 2801 1853 2856 enim
1905 2803 1956 2857 in
1988 2803 2103 2872 ejus

536 2900 808 2960 potestate
850 2899 1027 2946 erant.
1068 2890 1197 2945 Erat
1238 2892 1405 2960 igitur
1440 2890 1529 2945 ille
1586 2891 1817 2946 mundus
1868 2892 2101 2961 tempori

535 2994 636 3034 suo
670 2978 1023 3041 conveniens,
1072 2992 1250 3047 neque
1303 2981 1674 3034 tantummodo
1720 2979 1825 3034 illis
1863 2980 1955 3050 qui
1995 2982 2101 3037 duo

2212 1791 2307 1845 τοῦ
2329 1791 2853 1863 δημιουργήσαντος,
2896 1795 2983 1848 ἵνα
3011 1794 3255 1865 γινώσκῃ
3282 1794 3356 1857 ὡς
3387 1795 3666 1864 βασιλεύει
3697 1792 3795 1865 μὲν

2210 1883 2319 1937 τῶν
2352 1886 2409 1937 ἐν
2437 1887 2501 1955 τῇ
2534 1887 2627 1955 γῇ,
2670 1884 3014 1954 βασιλεύεται
3047 1885 3104 1939 δὲ
3137 1886 3240 1939 ὑπὸ
3273 1886 3602 1949 πλάσαντος,
3632 1888 3793 1958 ἄρχει

2210 1974 2305 2026 καὶ
2329 1973 2573 2043 ἄρχεται,
2622 1972 2874 2039 δεσπόζει
2909 1976 3003 2029 καὶ
3057 1975 3398 2039 δεσπόζεται,
3433 1979 3658 2047 ἡγεῖται
3699 1979 3795 2030 καὶ

2210 2060 2422 2129 ἄγεται.
2460 2061 2669 2125 Ἀλλως
2710 2062 2766 2115 δὲ
2802 2063 2897 2117 καὶ
2941 2064 3247 2135 πρόσφορος
3282 2067 3316 2136 ἡ
3346 2066 3642 2135 νομοθεσία
3679 2070 3792 2131 τοῖς

2208 2152 2444 2219 λογικοῖς
2464 2169 2477 2183 ·
2515 2153 2723 2221 ἀλόγων
2768 2156 2877 2225 γὰρ
2926 2155 3056 2209 [διον
3088 2156 3151 2208 τὸ
3201 2156 3381 2227 νόμων
3421 2160 3590 2230 χωρὶς
3639 2160 3792 2214 πολιν

2204 2241 2479 2296 τεύεσθαι·
2507 2242 2597 2296 τὸν
2629 2245 2683 2298 δὲ
2714 2247 2842 2315 περὶ
2878 2245 3133 2316 βρώσεως
3157 2248 3318 2317 νόμον
3354 2249 3599 2303 τέθεικεν
3637 2250 3795 2321 αὐτῷ

2204 2333 2235 2383 6
2266 2332 2519 2404 Ποιητής,
2554 2334 2742 2405 ἐπειδὴ
2766 2336 2874 2388 τῶν
2901 2335 3076 2390 ἄλλων
3101 2337 3281 2407 νόμων
3315 2341 3348 2410 η
3375 2339 3526 2403 θέσις
3551 2343 3793 2413 περιττὴ

2206 2425 2504 2493 τηνικαῦτα
2531 2419 2617 2495 ἦν.
2655 2426 2718 2477 Τί
2748 2427 2856 2498 γὰρ
2880 2426 3027 2496 αὐτῷ
3053 2428 3145 2479 καὶ
3169 2430 3539 2499 ἀπαγορεύειν
3566 2434 3754 2502 ἐχρῆν
3777 2450 3793 2495 ;

2208 2515 2298 2584 Μὴ
2322 2515 2611 2584 φονεῦσαις
2644 2516 2780 2569 Ἀλλ’
2802 2520 2901 2571 οὐκ
2928 2515 2994 2588 ἦν
3021 2522 3049 2572 6
3080 2520 3236 2573 τοῦτο
3264 2522 3595 2592 πεισόμενος.
3618 2524 3798 2577 Ἀλλά

2211 2608 2285 2677 μὴ
2322 2608 2637 2679 pellebant;
2676 2610 2814 2664 Ἀλλ’
2842 2612 2963 2665 οὐδὲ
2992 2612 3270 2684 βουληθεὶς
3299 2610 3403 2678 οἷός
3435 2633 3500 2669 τε
3526 2612 3596 2687 ἦν
3626 2659 3645 2682 ,
3686 2636 3795 2687 γυ-

2206 2697 2392 2760 ναικὸς
2434 2698 2603 2770 ἄλλης
2641 2701 2741 2753 οὐκ
2770 2700 2957 2771 οὔσης.
3004 2703 3166 2758 Ἀλλά
3211 2705 3285 2776 μὴ
3316 2704 3547 2775 κλέψαις
3581 2708 3674 2762 Τὰ
3708 2710 3791 2763 τί-

2204 2807 2322 2858 νοςῖ
2387 2792 2561 2845 Αὐτοῦ
2610 2791 2719 2863 γὰρ
2777 2789 2846 2864 ἦν
2892 2793 3127 2850 ἅπαντα.
3175 2796 3461 2869 Ἁρμόδιος
3513 2798 3704 2854 τοίνυν
3764 2804 3791 2854 6

2206 2882 2409 2952 κόσμος
2433 2884 2641 2947 ἐκεῖνος
2672 2879 2742 2953 ἦν
2769 2884 2849 2955 τῷ
2873 2886 2997 2939 τότε
3030 2888 3231 2959 καιρῷ,
3263 2889 3358 2943 καὶ
3381 2891 3443 2943 οὐ
3480 2891 3643 2960 μόνον
3674 2896 3785 2957 τοῖς

2207 2972 2390 3042 μόνοις
2427 2970 2606 3039 οὖσιν,
2653 2974 2791 3031 ἀλλὰ
2837 2977 2933 3031 καὶ
2982 2978 3219 3043 παιδίοις
3262 2980 3603 3051 ἀρτιγενέσιν
3646 3001 3784 3055 συμ-

535 3068 637 3122 soli
666 3076 844 3133 erant,
877 3081 1067 3122 verum
1098 3067 1261 3124 etiam
1314 3069 1500 3138 pueris
1535 3079 1778 3125 recenter
1807 3073 1949 3127 natis
1980 3072 2101 3128 ido-
2128 3062 2172 3123 ο
2193 3062 2427 3118 ϐαίνων.

534 3175 689 3218 neus.

988 3248 1076 3305 Vl.
1103 3247 1181 3303 De
1213 3248 1411 3304 Δάαι)ιὶ
1436 3250 1647 3305 exsilio.

605 3362 715 3419 Sed
751 3371 1043 3434 postquam
1094 3363 1295 3419 invidia
1334 3364 1557 3429 diaboli,
1596 3374 1653 3418 et
1698 3365 1941 3421 mulieris
1970 3366 2102 3420 sim-

534 3454 779 3524 plicitate
819 3469 1065 3509 errorem
1119 3455 1392 3509 commisit
1439 3452 1694 3526 (namque
1735 3457 1875 3511 hanc
1916 3466 2100 3526 utpote

532 3545 846 3602 debiliorem
886 3544 1102 3610 fallens,
1138 3546 1313 3615 primo
1356 3561 1452 3613 per
1493 3547 1689 3616 ipsam,
1729 3561 1827 3602 ceu
1874 3562 2100 3617 persua-

531 3637 706 3693 dendo
740 3637 1030 3706 aptiorem,
1055 3637 1321 3692 Adamum
1352 3647 1549 3693 nostrae
1577 3640 1767 3694 salutis
1798 3641 1969 3695 ltOSliS
1987 3641 2099 3695 cir-

530 3728 847 3800 cumvenit),
872 3729 1058 3798 pulsus
1106 3728 1250 3783 illico
1283 3730 1534 3797 paradiso
1563 3730 1685 3794 fuit,
1715 3739 1768 3784 et
1799 3730 1864 3783 ad
1904 3746 2102 3785 couns-

531 3818 764 3874 turalem
797 3832 951 3872 suam
1001 3826 1203 3873 terram
1231 3818 1489 3874 dimissus
1524 3828 1626 3883 est,
1661 3819 1871 3885 sudori,
1900 3821 2094 3885 labori,

528 3922 892 3977 arumnmque
921 3908 1154 3973 deditus,
1188 3922 1254 3963 ac
1280 3909 1444 3962 veluti
1477 3909 1629 3962 freno
1670 3911 1921 3977 quodam,
1955 3911 2098 3977 agri-

528 3999 758 4054 culturae
816 3997 1021 4064 labore,
1062 3997 1400 4065 aliorumque
1428 3999 1552 4051 vitae
1585 4000 1846 4054 malorum
1874 4016 2095 4069 perpes-

502 4089 678 4157 rsione
710 4087 1059 4143 constrictus.
1091 4086 1230 4153 Quia
1261 4088 1407 4143 enim
1440 4087 1588 4141 illam
1640 4088 1821 4144 labore
1853 4090 1997 4144 omni
2029 4105 2093 4146 ac

526 4178 713 4233 dolore
740 4178 968 4232 liberam
996 4178 1163 4231 vitam
1194 4192 1300 4231 non
1325 4193 1448 4232 cum
1481 4187 1638 4247 grato
1664 4181 1847 4234 animo
1871 4180 2087 4246 tulerat,

526 4267 835 4322 calamitate
870 4266 1131 4335 deinceps
1178 4266 1468 4337 implicitus
1500 4267 1620 4334 fuit,
1655 4280 1711 4322 ut
1748 4280 2086 4325 contractum

2458 3249 2549 3314 εἷ’.
2585 3245 2724 3317 Περὶ
2759 3248 2868 3318 τῆς
2900 3250 3140 3321 ἐξοριας
3174 3256 3282 3310 τοῦ
3320 3222 3511 3326 Ἀδάμ.

2290 3358 2507 3431 Ἐπειδὴ
2528 3359 2584 3413 δὲ
2611 3360 2787 3431 φθόνῳ
2814 3362 3097 3450 διαϐόλου⁸
3134 3367 3229 3420 καὶ
3261 3371 3522 3437 γυναικὸς
3553 3371 3775 3445 εὐκολίᾳ

2206 3448 2306 3521 τὴν
2344 3450 2561 3522 ἀπάτην
2608 3452 2827 3516 ἐδέξατο
2872 3448 3097 3527 (ταύτην
3142 3459 3251 3529 γὰρ
3300 3460 3378 3524 ὡς
3422 3462 3778 3534 άπαλωτέραν

2208 3542 2527 3609 φενακίσας,
2557 3544 2825 3616 πρότερον
2851 3546 2921 3600 δι’
2946 3549 3135 3620 αὐτῆς,
3164 3550 3242 3614 ὡς
3264 3554 3663 3626 πιθανωτέρας,
3690 3559 3779 3612 τὸν

2220 3631 2388 3700 ’Δδάμ
2413 3634 2440 3685 6
2465 3633 2562 3701 τῆς
2603 3635 2879 3707 ἡμετέρας
2905 3637 3122 3706 φύσεως
3162 3641 3417 3714 ἀλάστωρ
3451 3646 3772 3718 ἐπολιόρκη-

2207 3721 2342 3783 σεν),
2368 3720 2628 3793 ὲξεὸλήθη
2685 3725 2784 3795 μὲν
2816 3726 2978 3790 εὐθὺς
3004 3727 3100 3782 τοῦ
3133 3733 3485 3802 παραδείσου,
3516 3738 3610 3790 καὶ
3638 3739 3773 3809 πρὸς

2201 3810 2300 3881 τὴν
2330 3813 2570 3883 συγγενῆ
2597 3814 2702 3884 γῆν
2730 3817 3096 3891 παρεπέμφθη
3118 3860 3132 3883 ,
3164 3821 3348 3891 ίδρῶτι
3386 3827 3480 3879 καὶ
3511 3828 3659 3899 πόνῳ
3684 3831 3772 3883 καί

2200 3900 2545 3973 ταλαιπωρίᾳ
2584 3905 3021 3977 συγκληρωθεὶς,
3058 3912 3154 3966 καὶ
3176 3907 3287 3968 οἷόν
3322 3932 3428 3969 τινι
3465 3918 3667 3991 χαλινῷ
3704 3925 3766 3991 τῇ

2200 3993 2439 4064 γηπονίᾳ
2484 3995 2577 4048 καὶ
2607 3999 2948 4072 κακοπαθείᾳ
2993 4004 3088 4056 καὶ
3128 4008 3248 4070 ταῖς
3292 4008 3481 4074 ἄλλαις
3522 4012 3619 4066 τοῦ
3653 4015 3766 4083 βίου

2199 4085 2485 4175 πονηρίαις
2527 4088 2868 4157 παραδοθείς.
2903 4092 2991 4156 Ὧς
3019 4094 3127 4165 γὰρ
3174 4097 3271 4167 τὴν
3312 4099 3511 4154 ἀπονον
3554 4103 3769 4175 ἐκείνην

2198 4173 2292 4226 καὶ
2318 4175 2524 4230 ἄλυπον
2550 4179 2650 4233 οὐκ
2670 4181 2906 4248 ἐνεγκὼν
2936 4186 3295 4257 εὐγνωμόνως
3340 4189 3503 4262 ζωὴν,
3551 4198 3617 4264 τῇ
3649 4173 3769 4249 δυσ·

2195 4266 2403 4337 ημερίᾳ
2428 4268 2805 4337 συζεύγνυται,
2834 4274 2921 4328 ἵνα
2952 4276 3050 4348 τὴν
3076 4279 3183 4332 ἀπὸ
3208 4282 3304 4352 τῆς
3343 4284 3640 4353 εὐημερίας
3668 4306 3770 4355 φεο

522 4358 885 4427 prosperitate
934 4358 1183 4411 morbum
1219 4396 1234 4421 ,
1284 4357 1559 4411 laboribus
1594 4358 1904 4427 depelleret.
1949 4359 2083 4415 Turn

2204 4356 2611 4468 pppév'qvbi‘wcov
2662 4360 2751 4416 διὰ
2781 4364 2890 4420 τῶν
2916 4368 3093 4423 πόνων
3125 4371 3585 4443 ἀποσκευάσηται.
3630 4380 3766 4433 Δια-

522 4449 687 4503 etiam
731 4456 905 4501 morte
943 4447 1152 4516 peccati
1199 4462 1415 4501 cursum
1469 4448 1747 4518 legislator
1779 4451 2089 4521 interrupit,

520 4545 575 4589 et
603 4548 820 4605 pinnam
853 4535 1023 4604 ipsam
1052 4535 1228 4590 instar
1246 4535 1547 4590 clementia:
1572 4538 1770 4592 intulit.
1792 4540 1924 4594 Cum
1943 4542 2089 4597 enirn

525 4620 944 4690 transgressioni
988 4630 1218 4675 mortem
1265 4621 1597 4677 decrevisset
1652 4626 1956 4695 legislator,
2000 4629 2088 4683 fa-

523 4720 643 4764 ctus
669 4725 798 4764 vero
846 4720 1223 4779 transgressor
1266 4711 1430 4767 homo
1472 4713 1526 4767 in
1579 4728 1697 4769 eam
1742 4731 1959 4786 poenam
2007 4720 2091 4775 in-

521 4801 803 4867 currisset,
849 4817 1069 4871 operam
1116 4802 1206 4857 ille
1259 4804 1406 4858 dedit
1448 4814 1510 4859 ut
1555 4821 1715 4875 pana
1760 4810 1811 4863 in
1857 4810 2086 4867 salutem

519 4899 788 4957 vergeret.
821 4889 1068 4959 Namque
1098 4891 1201 4945 hoc
1244 4890 1445 4946 animal
1480 4908 1627 4949 mors
1670 4896 1942 4964 dissolvit,
1973 4915 2087 4955 ma-

519 4979 648 5033 litia:
678 4982 947 5034 actionem
981 4981 1145 5048 sistit,
1172 4980 1447 5037 laboribus
1476 4984 1769 5052 subtrahit,
1796 4990 2085 5047 sudoribus

523 5066 739 5133 liberat,
774 5070 1054 5124 doloribus
1099 5071 1355 5140 curisque
1417 5073 1600 5141 eripit,
1652 5074 1812 5132 linem
1843 5082 2085 5150 corporis

518 5156 759 5225 809m.
786 5160 1012 5228 imponit
1049 5162 1414 5230 passionibus.
1454 5165 1627 5220 Tanta
1669 5168 1924 5226 nimirum
1975 5172 2086 5228 cle-

519 5250 716 5299 mentia
752 5265 966 5319 pwnant
998 5254 1318 5324 temperavit
1342 5253 1505 5325 iudex
1531 5257 1544 5311 ί

519 5439 627 5497 νη.
662 5439 831 5506 Quam
872 5446 1074 5529 ingrati
1113 5450 1346 5529 hpmines
1375 5451 1599 5522 fuerint,
1630 5464 1680 5511 et
1713 5474 1872 5528 quam
1900 5461 2079 5529 provi-

990 5522 1088 5573 dus
1131 5521 1288 5586 Deus,
1316 5521 1587 5578 narratur.

584 5622 690 5680 Sed
731 5623 864 5681 nihil
899 5625 1025 5680 inde
1065 5642 1234 5692 genus
1260 5631 1540 5684 hominum
1584 5633 1854 5702 ingratum
1892 5656 2074 5707 perce-

2193 4446 2383 4538 κόπτει
2427 4447 2484 4500 δὲ
2527 4451 2620 4504 καὶ
2668 4452 2883 4526 θανάτῳ
2928 4459 3019 4513 τὸν
3067 4460 3265 4532 δρόμον
3294 4465 3387 4535 τῆς
3418 4467 3698 4538 ἁμαρτίας
3736 4474 3765 4523 6

2189 4536 2521 4629 νομοθέτης,
2576 4543 2668 4595 καὶ
2709 4545 2881 4617 αὐτὴν
2926 4547 3162 4605 δείκνυσι
3195 4554 3293 4625 τὴν
3332 4536 3608 4628 τιμωρίαν
3642 4562 3762 4629 φιλ-

2188 4626 2527 4720 ανθρωπίαν.
2586 4634 2802 4707 Ἐπειδὴ
2835 4638 2941 4709 γὰρ
2985 4644 3054 4713 τῇ
3096 4647 3405 4716 παραϐάσει
3453 4626 3760 4720 νομοθετῶν

2190 4718 2475 4814 συνεζευξε
2515 4723 2764 4789 θάνατον,
2809 4731 3065 4798 παραϐάς
3113 4735 3168 4789 δὲ
3199 4737 3303 4789 ὑπὸ
3343 4739 3443 4807 τὴν
3492 4718 3758 4814 τιμωρίαν

2186 4808 2403 4904 ἐκείνην
2445 4814 2681 4881 ἐγένετο,
2739 4818 3014 4890 οἰκονομεῖ
3053 4824 3151 4896 τὴν
3182 4828 3454 4897 τιμωρίαν
3485 4808 3748 4904 σωτηρίαι,

2185 4902 2459 4969 γενέσθαι.
2493 4905 2706 4959 Διαλύει
2732 4910 2839 4979 γάρ
2871 4910 3027 4965 τοῦτο
3057 4916 3117 4967 τὸ
3146 4914 3287 4979 ζῶον
3312 4920 3340 4971 ό
3379 4902 3733 4988 θάνατος,ήκα

2185 4989 2349 5043 παύει
2383 4991 2482 5061 μὲν
2512 4991 2611 5062 τὴν
2644 4994 2744 5064 τῆς
2784 5000 3048 5068 πονηρίας
3075 5004 3377 5073 ἐνέργειαν,
3422 5010 3753 5067 ἀπαλλάττει

2183 5079 2239 5133 δὲ
2271 5082 2468 5146 πόνων,
2503 5084 2597 5137 καὶ
2627 5084 2862 5154 ἱδρώτων
2886 5089 3180 5161 ἐλευθεροῖ,
3217 5095 3391 5160 λύπας
3414 5100 3507 5151 καὶ
3538 5104 3755 5171 φροντί-

2181 5171 2278 5235 δας
2312 5172 2547 5238 ὲλαύνει,
2592 5174 2745 5237 τέλος
2772 5181 2882 5242 τοῖς
2915 5181 3009 5234 τοῦ
3040 5184 3291 5254 σώματος
3322 5188 3504 5243 δίδωσι
3534 5192 3753 5249 πάθεσι.

2182 5261 2431 5334 Τοσαύτη
2490 5264 2869 5340 φιλανθρωπίᾳ
2929 5271 3027 5341 τὴν
3076 5279 3347 5349 τιμωρίαν
3397 5283 3661 5351 ἐκέρασεν
3720 5285 3756 5335 '6

2182 5352 2376 5422 κριτής
2399 5355 2412 5405 l

2179 5463 2252 5519 Z'.
2289 5465 2713 5551 Διήγηστςητῆς
2741 5474 2859 5557 τῶς
2884 5478 3211 5557 ἀζθρώξτων
3241 5483 3619 5557 ἀχαριστίας,
3650 5489 3751 5542 και

2528 5549 2639 5610 τῆς
2669 5549 2773 5599 τοῦ
2813 5549 2962 5603 Θεοῦ
2995 5549 3368 5621 κηδεμονίᾰςζ

2262 5647 2402 5703 Ἀλλ’
2440 5651 2591 5707 οὐδὲν
2617 5654 2864 5714 ἐντεῦθεν
2891 5663 2951 5716 τὸ
2992 5664 3285 5735 ἀχάριστον
3316 5669 3470 5737 γένος
3504 5669 3614 5723 τῶν
3652 5672 3754 5725 ἀνε-

3980 2544 3989 2589 ,l
