4016 6202
295 277 432 337 ιω

1461 280 1547 336 DE
1584 274 2107 337 INCARNATIONE
2139 274 2398 334 DOMINI.

3397 288 3416 341 l
3430 288 3534 344 426

291 393 528 467 θρώπων
559 387 817 447 ἀπώνατο
837 406 852 421 ο
885 391 1099 462 μείζοσι
1127 392 1186 445 δὲ
1212 392 1630 464 ἀγνωμοσύναις
1656 396 1747 451 τὸν
1777 395 1870 448 εὐ.

1981 391 2051 460 pit
2076 392 2360 450 utilitatis:
2392 393 2502 450 imo
2520 402 2577 451 et
2605 397 2883 469 peioribus
2913 388 3195 455 maleficiis
3232 399 3533 459 benefacto-

290 484 521 556 ιργέτην
548 481 843 552 ἠμείψατο.
892 482 1070 545 Εὐθὺς
1099 482 1211 555 γάρ
1254 483 1639 553 ἀδελφοκτονία
1660 486 1866 555 τολμᾶ-

290 593 423 639 ται,
473 575 570 628 καὶ
618 572 812 642 φθόνος
832 611 848 637 ,
896 572 996 626 καὶ
1038 572 1232 642 ψεῦδος
1254 612 1275 639 ,
1323 576 1611 631 ἀκολασίαι
1656 593 1718 631 τε
1775 576 1869 630 καὶ

290 666 610 734 ἀσέλγειαι,
674 663 919 730 ἀδικίαι,
986 666 1083 718 καὶ
1148 665 1566 737 ἀλληλοφονίαι,
1616 670 1712 723 καὶ
1758 670 1869 723 τῶν

287 757 588 829 ἀλλοτρίων
625 757 901 831 ἁρπαγαὶ,
948 758 1045 811 καὶ
1085 757 1257 812 τᾶλλα
1307 760 1410 814 ὅσα
1460 760 1799 832 ἐϐλάστησεν
1833 762 1867 832 ἡ

290 849 535 920 ἁμαρτία
563 847 734 903 κακά.
773 847 918 902 Ἀλλ’
949 848 1069 902 οὐδέ
1096 848 1271 913 οὕτως
1323 848 1352 902 6
1392 850 1626 923 Ποιητὴς
1661 852 1728 923 ἡν
1762 850 1872 905 διὲο

292 938 501 993 πλασεν
531 940 913 1009 ἀπηγόρευσεν
944 938 1105 1007 φύσιν
1125 956 1138 971 ο
1168 941 1344 1009 σοφῶς
1371 941 1429 996 δέ
1454 942 1587 996 αὐτὸ
1625 942 1721 996 καὶ
1761 942 1870 997 δια-

292 1028 474 1100 φόρως
514 1027 787 1093 ἐτέλεσεν,
819 1027 1110 1100 ἰατρεύων,
1143 1029 1434 1101 ἐπιτιμῶν,
1465 1030 1734 1100 ἐγκαλῶν,
1760 1032 1870 1086 εισ-

291 1119 595 1190 ηγούμενος
632 1119 693 1172 τὸ
742 1119 881 1185 δέον,
922 1119 1325 1190 συμϐουλεύων,
1362 1121 1616 1187 ἀπειλῶν,
1648 1121 1869 1193 ἐπάγων

292 1211 392 1281 τὴν
421 1210 671 1281 ἀπειλὴν,
702 1210 946 1275 κολάζων
965 1212 1093 1274 τοὺς
1116 1213 1410 1282 πονηροὺς,
1439 1213 1719 1284 στεφανῶν
1743 1215 1871 1280 τοὺς

293 1292 534 1370 ἀγαθοὺς
557 1343 571 1365 ,
614 1302 710 1356 καὶ
738 1299 828 1355 τὸν
862 1301 960 1372 μὲν
1004 1302 1393 1373 ἀνακηρύττων
1418 1344 1433 1369 ,
1467 1306 1559 1358 τὸν
1607 1302 1664 1358 δὲ
1707 1321 1873 1375 μετα-

292 1392 465 1456 τιθεὶς
488 1433 505 1457 ,
536 1391 626 1446 τὸν
655 1392 712 1446 δέ
748 1392 892 1461 ξύλῳ
929 1392 1069 1462 μετὰ
1092 1393 1185 1446 τοῦ
1214 1394 1405 1462 γένους
1434 1394 1735 1462 διασώζων,
1776 1395 1870 1449 καὶ

298 1481 571 1554 σπινθῆρα
607 1484 675 1553 τῇ
723 1481 881 1551 φύσει
924 1482 1216 1554 διατηρῶν,
1248 1484 1551 1550 ἐπικλύζων
1606 1484 1702 1557 τὴν
1740 1484 1869 1556 γῆν,

293 1572 621 1644 διαφθείρων
656 1572 807 1625 ῦδατι
839 1573 965 1636 τοὺς
993 1572 1230 1643 ἐργάτας
1255 1575 1354 1645 τῆς
1382 1576 1666 1647 πονηρίας,
1690 1575 1870 1639 αῠξων

295 1659 453 1726 αὖθις
479 1664 542 1717 τὸ
569 1660 905 1734 ἀνθρώπινον
931 1663 1119 1731 γένος,
1155 1668 1409 1737 μερικατς
1436 1665 1733 1739 τιμωρίαις
1755 1682 1872 1719 κοι-

1968 495 2083 537 rem
2114 490 2495 542 remuneratus
2519 494 2624 543 est.
2674 487 2872 543 Statim
2906 488 3052 545 enim
3086 489 3343 547 fraterne
3375 494 3535 550 cedis

1968 571 2200 640 facinus,
2243 576 2465 645 invidia,
2501 578 2866 646 mendacium,
2901 582 3344 652 intemperantia,
3384 583 3536 640 luxu.

1967 661 2084 730 riae,
2111 663 2346 734 injuriae,
2375 675 2576 724 mutuas
2603 669 2928 737 occisiones,
2969 669 3158 726 alienat
3191 672 3267 728 rei
3308 674 3534 743 raplnte,

1968 762 2023 808 et
2055 755 2159 809 alia
2182 755 2485 824 huiusmodi
2515 771 2635 826 quas
2669 768 2953 830 peccatum
2983 761 3195 832 peperit
3224 764 3387 819 mala.
3426 767 3533 820 Sed

1968 858 2038 899 ne
2071 846 2153 901 sic
2178 847 2395 916 quidem
2424 863 2585 919 quam
2610 849 2943 907 formaverat
2980 852 3181 923 abiecit
3207 854 3348 910 Deus
3375 864 3536 911 natu-

1969 951 2086 991 ram
2116 955 2129 991 :
2160 940 2255 993 sed
2303 939 2448 993 varia
2483 940 2752 1011 sapientia
2801 944 2870 997 ad
2916 958 3039 999 eum
3077 944 3237 1000 linem
3271 960 3403 1000 usus
3429 955 3536 1007 est.

1970 1029 2192 1083 medens
2236 1028 2467 1095 scilicet,
2502 1030 2818 1101 increpans,
2858 1033 3139 1099 incusans,
3184 1034 3254 1088 ad
3300 1033 3535 1089 oliicium

1969 1117 2244 1183 erudiens,
2275 1119 2501 1175 consilia
2551 1134 2851 1192 suggerens
2878 1162 2894 1188 ,
2938 1123 3278 1180 comminans
3304 1164 3320 1188 ,
3366 1125 3539 1180 minas

1972 1210 2114 1279 ipsas
2144 1211 2198 1266 in
2230 1226 2341 1265 rem
2372 1210 2682 1277 conferens,
2727 1211 2900 1269 malos
2931 1215 3189 1284 puniens,
3215 1215 3388 1271 bonos
3417 1230 3539 1269 mu-

1969 1314 2187 1364 nerans,
2215 1311 2269 1355 et
2311 1301 2473 1356 alium
2532 1303 2746 1372 quidem
2780 1302 2965 1359 -laude
3000 1319 3229 1368 ornans,
3265 1305 3429 1358 alium
3472 1306 3542 1359 de

1971 1390 2168 1442 mundo
2206 1390 2555 1455 transferens,
2586 1392 2750 1446 alium
2788 1408 2914 1449 arca
2949 1395 3128 1465 lignea
3170 1409 3294 1450 cum
3340 1410 3541 1464 genere

1969 1478 2203 1543 salvans,
2232 1489 2287 1534 et
2327 1488 2533 1535 naturae
2574 1481 2872 1538 scintillam
2916 1498 3303 1552 conservans;
3339 1495 3539 1540 terram

1971 1570 2168 1625 diluvio
2195 1572 2453 1637 obruens,
2488 1580 2543 1626 et
2570 1573 2827 1641 nequitia:
2855 1586 3176 1642 operatores
3208 1577 3367 1646 aquis
3408 1592 3543 1646 prte-

1971 1658 2189 1725 focans;
2225 1660 2588 1729 multiplicans
2622 1675 2819 1717 rursus
2871 1663 3175 1719 humanum
3207 1679 3402 1735 genus,
3428 1666 3543 1720 sin-

293 1752 393 1816 νάς
433 1751 672 1824 ἰατρείας
705 1754 1047 1824 ποιούμενος,
1083 1754 1266 1820 πόλεις
1294 1756 1571 1818 ἀσεϐείαις
1620 1753 1872 1819 συζώσας

1981 1750 2253 1819 gularibns
2283 1753 2459 1820 pmnis
2505 1752 2789 1822 generales
2816 1752 3061 1808 medelas
3095 1753 3326 1821 faciens,
3355 1756 3542 1810 civita-

296 1844 431 1914 πυρὶ
480 1843 837 1912 καταφλέγων
870 1845 1138 1916 οὐρανίῳ,
1169 1846 1259 1899 τὸν
1294 1847 1388 1900 σὺν
1420 1846 1605 1910 αὐτοῖς
1656 1846 1755 1915 μὲν
1794 1846 1872 1898 οί-

295 1933 501 1988 κοῦντα
520 1973 535 1997 ,
563 1934 662 2004 τῆς
694 1933 740 1987 δ’
779 1934 1029 1999 ἀσεϐείας
1060 1936 1121 1988 οὐ
1159 1933 1539 2001 κοινωνοῦντα,
1572 1933 1673 2004 τῆς
1703 1951 1874 2003 τιμω-

300 2025 422 2098 ρίας
466 2024 785 2094 ἐλευθερῶν,
822 2026 1134 2095 εύετηρίαις
1166 2023 1504 2096 δωρούμενος
1528 2066 1542 2091 ,
1598 2026 1657 2079 ὲν
1698 2024 1873 2095 καιρῷ

295 2113 453 2166 ὑετὸν
496 2112 891 2184 χαριζόμενος,
946 2112 1124 2177 αὔξων
1169 2114 1424 2185 ἀρρήτως
1464 2115 1533 2167 τά
1578 2112 1728 2183 παρά
1763 2112 1875 2165 τῶν

294 2200 600 2273 ἀνθρώπων
632 2202 1078 2272 καταϐαλλόμενα
1114 2204 1422 2274 σπέρματα,
1454 2203 1685 2272 καρπῶν
1707 2202 1873 2271 ἀφθο-

299 2292 415 2354 νίας
493 2291 677 2362 βρύειν
724 2293 791 2346 τὰ
848 2292 1037 2362 δένδρα
1086 2291 1352 2356 κελεύων,
1416 2292 1561 2362 λιμῷ
1608 2292 1875 2345 παιδεύων

296 2381 424 2445 τοὺς
471 2380 624 2435 οὐδὲν
672 2383 734 2434 ἐκ
786 2382 884 2450 τῆς
936 2382 1189 2451 εὐθηνίας
1239 2382 1655 2453 ὠφεληθέντας,
1687 2383 1876 2446 νόσους

298 2472 543 2539 ἐπάγων,
576 2471 671 2523 καὶ
714 2470 873 2524 πάλιν
894 2471 1102 2534 ταύτας
1132 2471 1392 2538 ἐλαύνων,
1436 2473 1883 2543 χαλασφενδονῶν

297 2558 397 2621 τάς
439 2558 537 2627 τῆς
587 2557 729 2629 ζωῆς
776 2561 1030 2631 ἀφορμάς
1053 2601 1067 2625 ,
1103 2561 1321 2631 νέφεσιν
1350 2563 1567 2633 ἀκρίδος
1598 2564 1688 2617 τὸν
1728 2565 1876 2635 ἥλιον

297 2644 559 2716 κρύπτων
581 2646 674 2698 καὶ
704 2647 828 2710 τοὺς
853 2649 1100 2718 καρποὺς
1121 2649 1466 2722 διαφθείρωψ
1500 2652 1670 2707 νεύων
1698 2650 1874 2718 αὖθις,

297 2736 417 2788 καὶ
446 2735 516 2786 τὰ
561 2735 778 2807 λυπηρά
827 2739 1211 2805 μεταϐάλλων,
1260 2743 1388 2806 τοὺς
1451 2744 1550 2816 τὴν
1597 2744 1877 2799 εὐσέϐειαν

298 2823 696 2891 ἀγαπήσαντας
728 2826 827 2879 οὐκ
856 2827 959 2880 ἐῶν
986 2869 1000 2893 ,
1036 2831 1361 2894 καὶτούτοις
1406 2833 1747 2904 φαινόμενος,
1784 2835 1878 2888 καὶ

300 2910 531 2980 φιλικῶς
560 2912 959 2983 διαλεγόμενος,
1006 2917 1103 2969 καὶ
1131 2918 1219 2971 διά
1248 2919 1451 2973 τούτων
1494 2922 1877 2990 προσημαίνων

300 3006 373 3062 τὰ
410 3005 691 3076 μέλλοντα.

302 3117 389 3169 ll'.
435 3116 564 3168 Ὀτι
603 3120 1050 3192 φιλανθρωπίας
1095 3120 1257 3190 γέμει
1305 3125 1343 3192 ή
1391 3123 1496 3178 τοῦ
1530 3122 1677 3178 Θεοῦ
1708 3126 1881 3181 ἐναν-

931 3188 1257 3257 θρώπὴάις.

396 3296 609 3367 Ἐπειδὴ
668 3297 724 3350 δὲ
790 3298 1001 3365 ταῦτα,
1077 3303 1170 3354 καὶ
1212 3302 1378 3356 τᾶλλα
1438 3304 1505 3357 τά
1563 3306 1730 3374 μυρία
1789 3308 1884 3360 καὶ

303 3389 639 3458 δυσδιήγητα
672 3387 772 3457 τῆς
803 3387 950 3451 θείας
994 3390 1305 3459 οἰκονομίας
1366 3391 1477 3461 εἴδη
1536 3392 1745 3460 ὀλίγους
1788 3396 1884 3463 μὲν

308 3480 699 3551 εὐηργέτησεν,
733 3482 782 3532 οἱ
813 3480 1078 3534 δὲηλοιποὶ
1098 3482 1205 3535 τῶν
1239 3481 1544 3553 ἀνθρώπων
1567 3483 1885 3553 ἀνηκέστως

306 3573 590 3635 διέκειντο,
624 3573 745 3625 τότε
772 3571 855 3642 δὴ,
876 3574 998 3626 τότε
1027 3574 1088 3625 τὸ
1121 3572 1263 3644 μέγα
1292 3574 1386 3628 καὶ
1415 3574 1651 3645 ἄρρητον
1677 3575 1885 3643 γίνεται

305 3664 410 3733 τῆς
453 3664 762 3734 οἰκονομίας
809 3666 1139 3735 μυστήριον·
1172 3665 1334 3729 αὐτὸς
1363 3666 1472 3735 γὰρ
1513 3665 1540 3716 ό
1585 3665 1754 3731 Λόγος
1791 3665 1884 3718 τοῦ

317 3750 480 3817 Θεοῦ,
515 3754 542 3805 ό
572 3753 900 3825 δημιουργὸς
934 3755 1148 3826 ἀπάσης
1191 3756 1289 3824 τῆς
1324 3756 1570 3819 κτίσεως,
1602 3758 1629 3808 ὁ
1661 3755 1886 3826 ἀχὼρτι-

258 3844 265 3847 '
309 3862 401 3908 τος
426 3884 440 3904 ,
469 3846 498 3895 ὁ
525 3846 935 3916 ἀπερίγραπτος
960 3889 974 3912 ,
1011 3847 1038 3898 ὁ
1087 3844 1447 3908 ἀναλλοίωτος
1469 3887 1483 3910 ,
1512 3849 1546 3916 ἡ
1596 3847 1745 3917 πηγὴ
1788 3847 1886 3916 τῆς

311 3934 494 4003 ζωῆς,
536 3934 598 3986 τὸ
634 3937 697 3987 ἐκ
732 3936 823 3987 τοῦ
863 3935 1037 4004 φωτὸς
1074 3936 1190 4006 φῶς
1218 3977 1231 3998 ,
1278 3938 1310 4006 ἠ
1358 3934 1508 3999 ζῶσα
1540 3935 1632 3990 τοῦ
1672 3936 1886 4007 Πατρδς

310 4025 496 4090 εἰκὼν,
548 4026 607 4079 τὸ
648 4027 985 4097 ἀπαύγασμα
1032 4030 1131 4098 τῆς
1168 4028 1344 4097 δόξης,
1387 4030 1414 4079 ό
1462 4027 1749 4099 χαρακτὴρ
1787 4027 1887 4097 τῆς

312 4119 686 4181 ὑποστάσεως,
735 4118 831 4190 τὴν
879 4119 1222 4189 ἀνθρωπείαν
1268 4118 1430 4187 φύσιν
1485 4119 1881 4189 ἀναλαμϐάνει,

314 4209 411 4261 καὶ
455 4209 555 4279 τὴν
601 4209 807 4262 οίκείαν
857 4210 1040 4263 εἰκόνα
1096 4212 1331 4263 νεοποιεῐ
1372 4212 1437 4280 τῇ
1492 4211 1738 4281 ἁμαρτίᾳ
1773 4210 1887 4263 διας

316 4297 639 4368 φθαρεῖσαν,
674 4299 882 4351 καὶτὸν
916 4299 1206 4370 ἀνδριάντα
1234 4300 1324 4352 τὸν
1356 4300 1459 4352 ὑπὸ
1500 4299 1592 4353 τοῦ
1637 4300 1753 4353 υἱοῦ
1790 4302 1886 4371 τῆς

1976 1850 2058 1898 tes
2082 1841 2377 1897 sceleribus
2406 1843 2613 1898 deditas
2643 1844 2766 1913 igne
2807 1840 3284 1915 exurensctnlesti
3319 1862 3336 1911 ;
3367 1847 3541 1901 virum

1974 1931 2187 1987 illarum
2208 1932 2422 2003 quidem
2455 1933 2712 2000 incolam,
2748 1937 2843 1991 sed
2868 1936 3015 1992 scele
3029 1950 3147 1991 rum
3174 1936 3396 1992 minime
3426 1950 3545 2004 par-

1977 2024 2213 2094 ticipem,
2240 2036 2412 2091 paena:
2438 2023 2720 2094 eripiens:
2752 2039 2975 2082 annuos
3011 2037 3314 2095 proventus
3356 2042 3547 2096 suppe-

1976 2114 2174 2178 ditans,
2205 2113 2430 2167 imbrem
2459 2123 2763 2183 opportune
2800 2115 3060 2184 largiens,
3098 2129 3304 2187 augens
3339 2129 3546 2171 arcano

1975 2205 2134 2259 modo
2152 2203 2297 2273 jacta
2324 2204 2392 2258 ab
2414 2204 2723 2259 hominibus
2738 2204 2966 2269 semina,
2990 2203 3263 2260 fructuum
3295 2205 3546 2261 ubertate

1976 2295 2197 2350 arbores
2222 2295 2498 2349 luxuriare
2522 2295 2741 2365 jubcns,
2790 2294 2935 2350 fame
2972 2292 3262 2363 aliquando
3288 2292 3545 2349 erudiens

1978 2383 2097 2439 illos
2121 2400 2257 2453 quos
2298 2385 2629 2441 abundantia
2662 2402 2767 2440 non
2817 2386 3063 2455 juverat,
3093 2384 3311 2439 morbos
3342 2383 3547 2437 immit-

1980 2484 2116 2540 tens,
2150 2484 2311 2544 atque
2353 2476 2451 2531 bos
2492 2490 2682 2529 rursus
2719 2475 3032 2545 depellens;
3063 2473 3326 2545 grandine
3352 2472 3549 2528 verbe-

1979 2578 2106 2619 rans
2150 2564 2266 2618 vita:
2309 2564 2586 2631 subsidia;
2634 2564 2963 2620 locustarum
3007 2562 3208 2616 nimbis
3240 2560 3410 2614 solem
3451 2558 3549 2616 ob-

1978 2667 2224 2719 scurans,
2262 2654 2547 2725 frugesque
2583 2668 2968 2723 corrumpens;
3008 2654 3197 2708 favens
3231 2652 3453 2714 iterum,
3494 2658 3548 2703 et

1980 2744 2254 2797 molestias
2283 2756 2554 2809 avertens,
2611 2745 2893 2813 religiosos
2936 2744 3183 2800 homines
3238 2757 3344 2799 non
3401 2742 3551 2797 dese-

1979 2847 2126 2898 rens,
2162 2832 2245 2886 Itis
2277 2833 2442 2887 etiam
2492 2849 2782 2902 apparens,
2819 2836 2992 2889 amice
3038 2832 3380 2905 colloquens,
3426 2845 3549 2901 per-

1981 2937 2085 2989 que
2123 2923 2221 2977 hos
2251 2922 2431 2977 futura
2459 2927 2808 2992 portendens.

1984 3113 2113 3168 Vill.
2154 3113 2307 3178 Quod
2341 3132 2599 3169 summam
2652 3117 2975 3170 demonstrat
3024 3117 3351 3173 clementiam
3384 3120 3555 3174 incar-

2619 3189 2764 3239 natio
2809 3186 2924 3241 Dei.

2054 3299 2345 3369 Postquam
2378 3314 2505 3355 vero
2546 3307 2659 3354 tum
2690 3301 2801 3355 haec
2832 3310 2943 3355 tum
2975 3299 3080 3354 alia
3110 3299 3397 3356 innumera
3428 3303 3549 3357 vix-

1982 3404 2087 3458 que
2139 3388 2372 3445 eti‘abilia
2427 3390 2620 3444 divinae
2666 3390 3020 3460 providentia:
3055 3389 3295 3459 810m.
3329 3406 3550 3462 genera.

1984 3479 2169 3546 paucis
2216 3481 2411 3548 oppido
2453 3480 2798 3548 profuerunt,
2844 3479 3039 3548 reliqui
3078 3489 3261 3536 autem
3300 3480 3555 3536 homines

1984 3567 2309 3621 insanabiles
2336 3569 2749 3635 permanebant,
2782 3578 2907 3623 tunc
2932 3568 3149 3622 demum
3185 3583 3440 3637 magnum
3478 3580 3556 3623 at-

1984 3670 2090 3724 que
2138 3654 2407 3710 ineffabile
2456 3667 2733 3724 peractum
2772 3656 2873 3710 fuit
2904 3657 3301 3712 incarnationis
3354 3666 3558 3728 myste-

1986 3749 2147 3802 rium.
2191 3746 2364 3815 Ipsum
2397 3745 2538 3800 enim
2582 3746 2675 3801 Dei
2712 3747 2969 3812 Verbum,
3001 3747 3077 3802 rei
3104 3748 3371 3802 universae
3398 3762 3554 3802 crea-

1987 3847 2053 3894 tae
2087 3846 2302 3901 auctor,
2346 3836 2646 3892 immensus
2690 3836 2813 3901 ille,
2860 3838 3367 3908 incircumscriptus
3393 3879 3407 3903 ,
3452 3838 3555 3891 im—

1984 3928 2279 3995 mutabilis,
2313 3928 2437 3983 vitae
2476 3927 2617 3994 fons,
2654 3926 2832 3982 lumen
2872 3928 2938 3982 de
2972 3928 3194 3993 lumine,
3227 3927 3351 3983 viva
3381 3927 3558 3982 Patris

1985 4023 2185 4091 imago,
2218 4021 2470 4091 splendor
2503 4021 2707 4091 gloriae,
2742 4020 2910 4088 figura
2938 4019 3254 4075 substantia:
3284 4021 3331 4086 ³,
3364 4018 3557 4075 huma-

1988 4127 2111 4166 nam
2169 4125 2418 4166 naturam
2452 4099 2784 4181 assumpsit,
2835 4110 3219 4182 propriamque
3270 4110 3561 4180 imaginem

1987 4213 2214 4275 peccato
2245 4212 2552 4271 corruptam
2588 4200 2928 4266 instauravit,
2960 4209 3195 4256 statuam
3225 4216 3255 4255 a
3303 4200 3415 4255 filio
3454 4200 3561 4253 ini-

1992 4297 2222 4367 quitatis
2252 4293 2591 4363 antiquatam
2635 4294 2935 4358 renovavit,
2989 4302 3045 4347 et
3081 4292 3265 4362 priore
3300 4291 3566 4361 pulchrio-

316 4390 578 4458 πονηρίας
609 4390 987 4444 παλαιωθέντα
1017 4393 1250 4457 ἀνανεοῖ,
1283 4394 1373 4444 καὶ
1404 4390 1497 4444 τοῦ
1536 4392 1753 4463 πρώτου
1788 4409 1880 4464 χα-

1990 4401 2102 4443 rem
2135 4386 2390 4451 ostendit,
2428 4384 2569 4438 haud
2596 4383 2709 4455 jam
2750 4399 2827 4439 ex
2848 4394 3015 4451 terra,
3039 4392 3099 4437 ut
3120 4382 3273 4450 olim,
3304 4396 3422 4439 eam
3447 4380 3559 4438 for-

319 4478 594 4547 ριέστερον
638 4481 926 4545 δείκνυσιν,
965 4483 1063 4535 οὐκ
1095 4483 1201 4536 ἀπὸ
1246 4483 1349 4552 γῆς
1388 4483 1463 4546 ὡς
1497 4482 1663 4537 πάλαι
1701 4483 1891 4536 τοῦτον

316 4566 763 4639 δημιουργήσας,
817 4572 931 4627 ἀλλ’
982 4574 1144 4636 αὐτὸς
1188 4575 1655 4644 καταδεξάμενος·
1694 4576 1753 4627 οὐ
1794 4577 1892 4647 τὴν

318 4656 469 4710 θείαν
494 4659 654 4727 φύσιν
677 4664 756 4724 είς
782 4664 1129 4731 ἀνθρωπείαν
1156 4664 1496 4734 μεταϐαλὼν,
1519 4664 1655 4717 ἀλλά
1679 4666 1743 4736 τῇ
1773 4664 1892 4737 θεία

317 4744 418 4816 τὴν
451 4747 793 4818 ἀνθρωπείαν
824 4751 1065 4819 συνάψας
1087 4769 1100 4782 ⁸
1138 4753 1312 4821 μένων
1358 4754 1466 4821 γὰρ
1499 4752 1528 4805 6
1578 4749 1666 4824 ἦν,
1702 4752 1892 4806 ἔλαϐεν

317 4835 347 4888 6
395 4838 495 4892 οὐκ
545 4835 645 4909 ἦν·
710 4841 805 4893 καὶ
850 4842 1008 4895 τοῦτο
1055 4844 1200 4912 ἡμᾶς
1257 4842 1494 4896 διδάσκει
1542 4844 1571 4895 ὁ
1624 4848 1894 4916 μακάριος

320 4929 530 4993 Παῦλος
563 4929 700 4999 βοῶν
724 4948 735 4959 ·
775 4951 793 4983 ι
830 4932 1000 4986 Τοῦτο
1041 4934 1343 5004 φρονείσθω
1375 4935 1431 4987 ἐν
1471 4935 1618 5002 ὑμῖν,
1647 4936 1675 4987 6
1703 4938 1796 4990 καὶ
1837 4940 1894 4990 ἐν

320 5022 542 5094 Χριστῷ
584 5024 757 5094 Ἰησοῦ
785 5064 799 5087 ,
842 5024 899 5087 ὃς
943 5025 1001 5078 ἐν
1060 5028 1239 5095 μορφῇ
1284 5026 1417 5079 Θεοῦ
1468 5027 1760 5097 ὑπάρχων,
1796 5029 1895 5099 οὐχ

323 5112 621 5184 ἁρπαγμὸν
656 5115 901 5185 ἡγήσατο
949 5117 1010 5167 τὸ
1045 5110 1183 5168 εἶναι
1235 5117 1324 5169 ἴσα
1353 5115 1492 5187 Θεῷ,
1541 5118 1656 5171 ἀλλ’
1706 5120 1895 5172 ἐαυτὸν

319 5204 553 5259 ὲκένωσε
582 5246 595 5267 ,
632 5206 843 5277 μορφὴν
886 5205 1074 5260 δούλου
1108 5205 1307 5261 λαϐών.
1346 5227 1363 5258 ι
1416 5208 1502 5274 Ἐξ
1540 5205 1615 5263 ὧν
1646 5208 1889 5280 εὔδηλον,

321 5292 396 5356 ὡς
430 5294 463 5364 η
494 5294 587 5347 τοῦ
632 5295 766 5349 Θεοῦ
814 5297 1035 5367 μορφὴ,
1073 5298 1308 5366 μένουσα
1352 5299 1379 5352 6
1422 5293 1511 5370 ῆν,
1566 5300 1726 5353 ἔλαϐε
1792 5301 1893 5371 τὴν

321 5383 506 5439 δούλου
544 5388 784 5457 μορφήν
825 5391 1038 5460 μορφὴν
1082 5391 1140 5443 δὲ
1173 5392 1329 5444 καλεί
1376 5392 1437 5445 ού
1472 5393 1531 5446 τὸ
1574 5393 1897 5462 φαινόμενον

329 5472 483 5542 μόνον
536 5474 630 5527 τοῦ
682 5476 992 5547 ἀνθρώπου,
1041 5478 1177 5534 ἀλλά
1232 5482 1411 5535 πᾶσαν
1454 5481 1552 5551 τὴν
1605 5479 1897 5552 ἀνθρώπου

407 5655 427 5685 ³
452 5650 614 5707 llebr.
651 5669 688 5717 ι,
717 5655 768 5709 3.
848 5657 866 5686 ³
907 5654 1137 5726 Philipp.
1174 5672 1235 5725 tt,
1268 5657 1388 5750 6-7.

1992 4493 2166 4543 muns,
2198 4479 2290 4533 sed
2336 4478 2562 4547 ipsemet
2593 4480 2646 4530 in
2680 4490 2739 4530 se
2780 4475 3094 4545 recipiens:
3131 4475 3195 4527 ba
3210 4474 3279 4527 ud
3314 4488 3445 4529 sane
3481 4473 3562 4527 di-

1990 4570 2168 4625 vinam
2202 4580 2451 4624 naturam
2487 4568 2538 4622 in
2574 4568 2866 4621 humanam
2896 4572 3240 4629 convertens,
3286 4563 3380 4620 sed
3422 4563 3560 4617 divi-

1991 4680 2072 4718 nae
2097 4664 2387 4718 humanam
2423 4662 2703 4731 copuians.
2734 4660 2956 4714 Manens
2983 4658 3130 4713 enim
3165 4657 3478 4737 quodlerat,
3510 4653 3561 4707 id

1992 4755 2133 4825 quod
2160 4770 2265 4809 non
2298 4764 2417 4810 erat
2456 4753 2710 4821 suscepit.
2746 4750 2917 4818 Quam
2958 4764 3070 4805 rem
3114 4763 3212 4803 nos
3245 4748 3402 4803 docet
3442 4746 3563 4802 bea-

1996 4853 2080 4895 tus
2112 4840 2311 4895 Paulus
2335 4842 2611 4894 clamans:
2653 4858 2673 4892 ι
2704 4838 2815 4895 Hoc
2843 4839 3038 4894 sentite
3066 4837 3119 4892 in
3154 4835 3307 4892 vobis
3334 4833 3482 4905 quod
3508 4843 3565 4888 et

1993 4930 2047 4985 in
2094 4930 2315 4985 Christo
2342 4928 2493 4995 Jcsn,
2526 4929 2617 4999 qui
2651 4942 2773 4984 cum
2810 4928 2863 4983 in
2892 4927 3067 4983 forma
3102 4926 3197 4980 Dei
3247 4932 3412 4989 esset,
3455 4937 3559 4977 non

1995 5020 2241 5090 rapinam
2270 5021 2566 5077 arbitratus
2590 5032 2674 5076 est
2702 5035 2822 5076 esse
2867 5033 2927 5075 se
2988 5017 3252 5089 aequalem
3298 5015 3430 5082 Deo,
3460 5014 3553 5069 sed

1994 5114 2344 5182 semetipsum
2388 5112 2705 5177 exinanivit,
2735 5109 2964 5165 formam
2984 5109 3125 5165 servi
3154 5106 3426 5177 accipiens
3451 5105 3492 5158 '.
3537 5124 3556 5155 ι

1996 5202 2153 5260 Unde
2184 5213 2351 5273 patet,
2371 5204 2464 5259 Dei
2496 5203 2723 5259 formam
2746 5201 2797 5256 in
2830 5216 2894 5256 eo
2914 5202 3057 5271 quod
3087 5208 3207 5253 erat
3234 5202 3558 5259 manentem,

2001 5296 2145 5351 servi
2193 5294 2423 5349 formam
2468 5295 2787 5364 sumpsisse.
2820 5292 3072 5347 Formam
3103 5298 3280 5344 autem
3326 5284 3559 5355 appellat

2002 5400 2107 5441 non
2133 5386 2185 5441 id
2211 5384 2582 5440 tantummodo
2600 5383 2831 5438 hominis
2853 5382 2994 5449 quod
3016 5385 3260 5450 apparet,
3276 5378 3373 5434 sed
3389 5385 3555 5431 totam

2002 5492 2226 5547 prorsus
2259 5475 2492 5533 hominis
2537 5482 2806 5530 naturam.
2855 5471 2989 5527 Nam
3028 5470 3190 5527 sicuti
3233 5468 3329 5525 Dei
3367 5468 3563 5529 forma,
