3946 6202
303 287 333 339 i
340 283 440 341 A129

1456 286 1544 341 DE
1579 283 2091 343 INCARNATIONE
2128 281 2382 340 DOMINI.

3410 290 3548 348 μω

300 395 573 465 γενέσθαι,
605 395 699 448 καὶ
726 396 965 466 σχήματι
996 396 1283 470 εὑρεθῆναι
1322 400 1396 462 ὡς
1433 398 1735 469 ἄνθρωπον,
1768 400 1868 470 τῆς

1980 408 2030 452 ιιι
2086 398 2379 461 hominem,
2438 410 2603 466 prava
2666 395 2812 452 omni
2892 395 3201 452 hominum
3232 400 3548 466 operatione

301 487 542 555 πονηρᾶς
586 470 864 554 ὲῗιεργείας
923 487 1030 540 τῶν
1077 487 1380 558 ἀνθρώπων
1428 489 1867 559 ἀπηλλαγμένον.

301 574 392 629 Διὸ
422 577 514 627 καὶ
560 574 783 645 ἑτέρωθι
810 576 963 644 ἔλεγε
983 591 997 607 ·
1046 595 1064 629 ι
1114 578 1188 630 Τδ
1225 578 1341 650 γὰρ,
1364 579 1625 632 ἀδύνατον
1652 578 1748 632 τοῦ
1781 579 1870 632 νό-

305 685 406 737 μου
430 669 487 719 ὲν
512 661 556 734 ᾧ
588 665 802 736 ὴσθένει
830 667 918 721 διὰ
947 668 1049 738 τῆς
1076 669 1298 738 σαρκὸς,
1332 672 1360 721 ὁ
1388 670 1520 733 Θεὸς
1543 669 1634 724 τὸν
1674 669 1869 723 ἑαυτοῦ

301 758 428 810 Υίὺν
458 757 702 828 πέμψας,
746 760 805 812 ὲν
852 757 1157 829 ὁμοιώματι
1209 758 1410 829 σαρκὸς
1450 760 1745 830 ἁμαρτίας,
1775 759 1870 813 καὶ
1904 746 1907 751 ’

300 848 427 919 περὶ⁵
457 850 753 919 ἁμαρτίας,
800 848 1089 919 κατέκρινε
1130 848 1230 918 τὴν
1268 849 1539 918 ἁμαρτίαν
1578 852 1637 903 ὲν
1682 850 1868 919 σαρκὶ,

300 936 385 989 ἵνα
407 934 468 988 τὸ
498 936 774 1007 δικαίωμα
800 935 897 989 τοῦ
924 937 1089 1007 νόμου
1111 936 1370 1008 πληρωθῇ
1398 938 1458 990 ὲν
1483 938 1613 1006 ἡμῖν
1646 940 1758 1001 τοῖς
1792 937 1867 1008 μὴ

299 1027 442 1081 κατά
484 1028 663 1098 σάρκα
691 1028 1100 1099 περιπατοῦσιν,
1131 1028 1267 1083 ἀλλά
1299 1028 1441 1083 κατά
1469 1029 1686 1100 πνεῦμα
1710 1030 1807 1099 (1).
1839 1049 1857 1081 ι

382 1120 573 1188 Ὁρᾶτε
616 1119 733 1181 πῶς
777 1118 865 1173 διὰ
902 1117 1104 1172 τούτων
1149 1120 1373 1174 ἐκείνων
1419 1120 1535 1173 λύει
1584 1121 1684 1191 τὴν
1729 1122 1868 1175 ἀσά-

299 1224 476 1277 φειαν.
516 1229 535 1262 ι
584 1210 644 1263 '0
674 1209 823 1275 Θεὸς,
855 1210 1006 1281 φησὶ,
1037 1210 1129 1264 τὸν
1162 1211 1354 1266 ἑαυτοῦ
1398 1212 1523 1265 Υίὸν
1560 1212 1785 1281 πέμψας
1810 1214 1869 1267 ὲν

297 1298 599 1369 ὁμοιώματι
632 1301 832 1371 σαρκὸς
860 1301 1154 1371 ἁμαρτίας·
1186 1321 1204 1353 ι
1242 1302 1340 1372 οὑχ
1388 1302 1575 1365 ἁπλῶς
1608 1298 1781 1368 εἶπεν,
1812 1305 1869 1357 έν

295 1389 601 1460 ὁμοιώματι
651 1390 874 1462 σαρκὸς,
922 1390 1152 1445 διαλύων
1183 1391 1291 1446 τῶν
1321 1391 1535 1444 ἀσεϐῶν
1585 1393 1870 1463 δογμάτων

294 1480 394 1550 τὴν
440 1479 819 1552 βλασφημίαν·
858 1481 1217 1553 προγινώσκει
1249 1483 1357 1552 γὰρ
1393 1482 1610 1537 ἅπαντα
1646 1484 1681 1554 ὴ
1710 1484 1871 1555 χάρις

292 1570 390 1627 τοῦ
399 1572 540 1625 Πνεύ
548 1591 713 1644 ματος
723 1591 736 1604 °
748 1574 888 1642 ἀλλ’,
900 1592 918 1626 ι
929 1576 985 1628 ἐν
1000 1574 1309 1646 ὁμοιώματι
1323 1575 1522 1647 σαρκὸς
1536 1575 1829 1647 ἁμαρτίας,
1844 1595 1863 1627 ι

295 1662 385 1717 ἵνα
414 1662 673 1733 μάθωμεν
705 1665 779 1729 ὡς
798 1665 860 1718 τὸ
898 1666 1231 1737 ιὸμοίωμα,ι
1264 1665 1352 1720 διὰ
1374 1666 1433 1720 τὸ
1465 1666 1646 1737 πάσης
1682 1667 1869 1738 ἁμαρ-

1971 490 2220 545 alienum.
2247 488 2538 558 Propterea
2561 487 2689 543 alibi
2711 501 2925 557 quoque
2942 488 3156 543 aiebat:
3187 507 3207 542 ι
3237 487 3371 542 Nam
3403 494 3544 559 quod

1969 577 2298 646 impossibile
2314 586 2432 633 erat
2450 575 2577 646 legi,
2597 577 2649 630 in
2667 590 2776 645 quo
2791 591 2887 646 per
2908 592 3127 631 carnem
3144 577 3542 641 inlirmabatur,

1969 665 2111 723 Deus
2138 666 2330 723 Filium
2355 681 2511 724 suum
2540 666 2761 722 mittens
2809 667 2864 720 in
2918 666 3328 722 similitudinem
3366 672 3548 723 carnis

1969 759 2202 829 peccati,
2246 767 2302 814 et
2328 773 2424 827 pro
2458 767 2700 827 peccato,
2730 757 3009 811 damnavit
3060 757 3113 811 in
3157 772 3320 814 carne
3358 772 3548 827 pecca-

1971 856 2081 904 tum
2116 847 2558 915 ;utjustiticatio
2588 847 2720 919 legis
2765 846 3079 916 impleretur
3131 849 3185 902 in
3237 848 3416 915 nobis,
3451 850 3546 918 qui

1969 955 2077 996 non
2120 940 2414 996 secundum
2450 954 2669 996 carnem
2716 938 3075 1008 ambulamus,
3129 940 3221 996 sed
3250 940 3546 996 secundum

1969 1031 2216 1101 spiritum
2241 1033 2286 1088 ".
2318 1051 2339 1084 ι

2041 1124 2471 1181 Animadvertite
2520 1123 2789 1193 quomodo
2818 1138 2914 1195 per
2951 1123 3068 1179 haec
3117 1123 3335 1180 illorum
3388 1123 3550 1180 solvit

1969 1212 2374 1270 obscuritatem.
2414 1233 2434 1267 ‹
2471 1215 2635 1283 Deus,
2670 1215 2865 1285 inquit,
2913 1213 3105 1270 Filium
3138 1228 3294 1269 suum
3325 1213 3549 1270 mittens

1972 1304 2027 1358 in
2053 1304 2460 1361 similitudinem
2490 1307 2674 1361 carnis
2716 1306 2919 1375 peccati
2957 1324 2971 1359 :
3016 1324 3037 1358 ι
3073 1320 3179 1359 non
3229 1304 3549 1374 simpliciter

1970 1392 2124 1458 dixit,
2162 1394 2215 1447 in
2238 1394 2644 1451 similitudinem
2668 1396 2871 1458 carnis,
2908 1408 3098 1463 nempe
3146 1402 3207 1448 ut
3257 1393 3545 1463 impiorum

1971 1481 2281 1552 dogmatum
2333 1483 2733 1554 blasphemiam
2764 1485 3089 1553 dissiparet;
3120 1484 3321 1540 etenim
3364 1485 3551 1539 omnia

1970 1571 2227 1642 praevidet
2252 1572 2426 1642 gratia
2452 1572 2719 1641 Spiritus;
2741 1574 2857 1637 sed,
2880 1592 2903 1625 ι
2922 1574 2974 1627 in
2998 1572 3408 1629 similitudinem
3427 1588 3552 1629 car-

1971 1664 2058 1717 nis
2081 1664 2310 1733 peccati,
2352 1681 2371 1715 ι
2430 1671 2490 1716 ιιι
2539 1661 2920 1729 intelligamus,
2945 1663 3262 1719 vocabulum
3312 1683 3333 1716 (
3361 1663 3548 1725 simill-

293 1752 416 1816 τίας
460 1752 806 1825 ἀπηλλάχθαι
837 1755 932 1809 τὸν
975 1756 1243 1828 ἡμέτερον
1287 1757 1538 1827 Σωτῆρα,
1589 1757 1861 1816 τέθεικεν·

1980 1752 2099 1807 Ludo
2144 1770 2164 1806 ι
2198 1754 2266 1808 ab
2288 1767 2354 1808 eo
2370 1752 2626 1823 positum,
2656 1750 2783 1819 quia
2824 1761 3047 1819 peccato
3097 1754 3242 1809 omni
3293 1754 3550 1819 Servator

294 1843 581 1915 ἁνθρωπος
628 1845 738 1914 γὰρ
781 1847 1071 1916 γενόμενος
1115 1846 1212 1918 τὴν
1261 1847 1422 1916 φύσιν
1455 1848 1553 1919 (‘2),
1586 1849 1727 1903 κατὰ
1772 1852 1871 1922 τὴν

292 1935 574 2006 ἁμαρτίαν
609 1937 831 2005 γέγονεν
864 1937 1183 2009 ἄνθρωπος·
1215 1939 1297 1992 διδ
1320 1942 1377 1993 ὲν
1401 1939 1706 2011 ὁμοιώματι
1741 1958 1872 2014 σαρ-

293 2027 392 2090 κὸς
420 2029 696 2099 ἁμαρτίας
726 2030 1015 2101 κατέκρινε
1048 2031 1147 2101 τὴν
1172 2031 1449 2103 ἁμαρτίαν
1482 2034 1540 2086 ὲν
1565 2035 1632 2104 τῇ
1669 2034 1867 2103 σαρκί·

294 2118 639 2189 ἀνθρωπείαν
672 2121 771 2191 μὲν
809 2121 971 2191 φύσιν
1017 2122 1326 2189 ἀναλαόὼν,
1358 2123 1459 2193 τῆς
1487 2122 1544 2176 δὲ
1578 2124 1873 2195 τυραννού-

296 2225 398 2281 σης
426 2212 485 2263 ὲν
511 2213 624 2275 τοῖς
652 2212 960 2283 ἀνθρώποις
993 2213 1267 2283 ἁμαρτίας
1290 2213 1383 2266 τὸν
1420 2212 1583 2281 ζυγὸν
1614 2215 1689 2285 μὴ
1716 2215 1871 2281 δεξά-

297 2317 481 2369 μενος,
528 2301 665 2355 ἀλλά
704 2304 887 2356 πᾶσαν
933 2303 1134 2372 ταύτης
1178 2303 1490 2374 ἀπορρίψας
1539 2305 1638 2377 τὴν
1682 2306 1873 2361 δεσπο-

293 2387 465 2455 τείαν,
515 2388 609 2441 καὶ
635 2389 833 2453 δείξας,
869 2390 945 2452 ὡς
980 2389 1204 2443 δυνατὸν
1248 2393 1306 2444 ὲν
1350 2390 1667 2464 ἀνθρωπεία
1713 2394 1872 2462 φύσει

290 2477 402 2531 τῶν
427 2479 529 2549 τῆς
569 2480 842 2549 ἁμαρτίας
874 2481 1258 2550 περιγενέσθαι
1293 2482 1465 2553 βελῶν
1484 2501 1499 2515 ο
1530 2484 1703 2549 οὑτως
1734 2503 1871 2541 κατ-

294 2568 479 2640 έκρινε
510 2569 610 2639 τὴν
651 2569 930 2640 ἁμαρτίαν
972 2572 1032 2623 ὲν
1056 2574 1121 2642 τῇ
1155 2573 1342 2642 σαρκὶ,
1371 2574 1432 2626 τὸ
1452 2574 1674 2638 ἀσθενὲς
1701 2576 1871 2646 αὑτῆς

298 2659 543 2729 ἐλέγξας,
579 2661 673 2714 καὶ⁸
706 2663 806 2731 τὴν
835 2664 1124 2734 τυραννίδα
1158 2664 1393 2730 παύσας,
1421 2666 1515 2719 καὶ
1544 2668 1698 2739 νικᾷν
1730 2668 1872 2722 οὑτω

296 2751 421 2814 τοὺς
449 2750 767 2822 ἀνθρώπους
795 2752 1049 2819 διδάξας·
1092 2753 1172 2806 διὸ
1220 2756 1499 2827 ἐπήγαγεν
1536 2759 1565 2809 ὁ
1603 2760 1870 2830 μακάριος

299 2841 529 2907 Παῦλος,
550 2844 665 2896 Ἵνα
690 2845 747 2896 τὸ
771 2843 1044 2914 δικαίωμα
1060 2844 1154 2897 τοῦ
1179 2845 1346 2916 νόμου
1376 2848 1637 2919 πληρωθῇ
1661 2851 1718 2902 ὲν
1740 2853 1873 2921 ἡμῖν

296 2935 409 2995 τοῖς
442 2933 515 3003 μὴ
560 2934 703 2988 κατὰ
748 2936 925 3006 σάρκα
954 2935 1049 2989 τοῦ
1083 2936 1249 3006 νόμου
1291 2940 1707 3007 περιπατοῦσιν,
1737 2941 1874 2996 ἀλλά

297 3022 439 3076 κατά
470 3023 705 3094 πνεῦμα.
754 3023 963 3078 Οὐκοῦν
1011 3025 1427 3098 ὲδικαιώθημεν,
1462 3030 1558 3099 τῆς
1602 3031 1875 3101 ἁμαρτίας

294 3118 357 3168 ὲν
385 3116 549 3187 σαρκῖ⁵
580 3116 1005 3187 κατακριθείσης
1025 3134 1039 3148 ο
1077 3118 1364 3187 κατέκρινε
1394 3119 1451 3172 δὲ
1480 3122 1537 3175 ὲν
1585 3123 1749 3193 σαρκὶ
1773 3125 1874 3195 τὴν

298 3204 593 3276 ἁμαρτίαν,
628 3206 685 3256 έν
713 3203 1018 3273 ὁμοιώματι
1050 3207 1252 3277 σαρκὸς
1282 3209 1555 3279 ἁμαρτίας
1585 3214 1874 3283 γενόμενος

294 3299 326 3349 ὁ
368 3296 558 3367 Σωτὴρ
604 3297 634 3348 ὁ
678 3296 975 3366 ἡμέτερος·
1016 3297 1115 3368 τὴν
1165 3301 1263 3369 μὲν
1312 3300 1660 3370 ἀνθρωπείαν
1714 3306 1875 3375 φύσιν

298 3387 600 3452 ἀναλαϐὼν,
630 3387 731 3459 τὴν
768 3388 824 3457 δὲ
855 3389 1022 3441 πάλαι
1050 3391 1255 3462 ταύτης
1280 3392 1646 3457 δεσπόζουσαν
1680 3397 1754 3467 μὴ
1778 3415 1876 3450 κα-

295 3478 657 3549 ταδεξάμενος
706 3480 1000 3549 ἁμαρτίαν.
1047 3480 1233 3545 Οὕτως
1265 3484 1293 3535 ὁ
1334 3483 1617 3549 θεσπέσιος
1668 3486 1877 3551 Παῦλος

298 3568 357 3620 ἐν
404 3567 604 3637 ὀλίγοις
654 3570 893 3640 ῥήμασιν
928 3571 1074 3625 ἅπαν
1121 3572 1230 3626 τῶν
1263 3575 1551 3645 αἱρετικῶν
1584 3576 1643 3629 τὸ
1690 3577 1877 3645 στίφος

297 3659 572 3725 διέλυσεν,
634 3661 843 3733 Ἀρείου
910 3662 1009 3734 μὲν
1063 3664 1158 3717 καὶ
1208 3665 1475 3737 Εὑνομίου
1525 3667 1624 3738 τὴν
1682 3670 1878 3739 μανίαν

298 3749 543 3819 ἐλέγξας,
591 3751 646 3803 ὲν
680 3754 746 3821 τῇ
794 3751 905 3805 τῶν
941 3755 1354 3826 προειρημένων
1400 3758 1661 3827 ῥημάτων
1693 3762 1835 3832 ἀρχῇ
1858 3777 1873 3792 ⁸

304 3860 323 3893 ι
366 3841 533 3894 Τοῦτο
579 3842 688 3910 γὰρ
733 3843 1036 3913 φρονείσθω
1084 3847 1142 3897 ὲν
1189 3846 1338 3917 ὑμῖν,
1374 3846 1402 3899 ὃ
1446 3849 1539 3901 καὶ
1570 3850 1628 3903 ὲν
1655 3850 1878 3924 Χριστῷ

312 3931 509 4003 Ἰησοῦ,
546 3931 604 3995 ὃς
654 3934 712 3985 ὲν
746 3936 926 4005 μορφῇ
966 3933 1100 3989 Θεοῦ
1125 3936 1408 4007 ὑπάρχων,
1451 3940 1550 4010 οὑχ
1579 3942 1873 4012 ἁρπαγμὸν

300 4025 547 4095 ἡγήσατο
570 4025 630 4077 τὸ
645 4020 785 4078 εἷναι
816 4027 907 4080 ἶσα
932 4026 1073 4098 Θεῷ,
1100 4028 1214 4081 ἀλλ’
1246 4029 1440 4084 ἑαυτὸν
1466 4031 1725 4100 ὲκένωσε,
1748 4052 1879 4107 μορ-

301 4113 408 4182 φὴν
436 4111 623 4164 δούλου
663 4114 862 4172 λαϐών.
914 4135 935 4170 ι
980 4118 1054 4171 Οὐ
1075 4117 1186 4190 γάρ
1231 4115 1403 4186 εἶπεν,
1437 4123 1495 4176 ὲν
1528 4128 1711 4195 μορφῇ
1741 4125 1876 4178 Θεοῦ

300 4205 612 4276 γενόμενος,
644 4206 781 4270 ἀλλ’,
816 4226 834 4258 ι
879 4208 937 4262 ὲν
972 4214 1152 4282 μορφῇ
1183 4211 1320 4266 Θεοῦ
1368 4214 1651 4286 ὑπάρχων.
1692 4237 1709 4269 ι
1745 4220 1879 4273 Οὐδὲ

300 4298 454 4352 εἶπεν
482 4299 591 4369 οὐχ
629 4300 922 4370 ἀρπαγμδν
954 4303 1196 4373 ἡγήσατο
1238 4305 1299 4357 τὸ
1337 4302 1475 4360 εἶναι
1530 4311 1622 4363 ἴσα
1666 4312 1873 4382 ἑαυτῷ,

1971 1853 2156 1902 noster
2188 1845 2384 1900 caruit.
2407 1842 2580 1899 Homo
2607 1846 2751 1899 enim
2773 1852 2967 1897 natura
3008 1842 3202 1909 factus,
3255 1845 3550 1900 secundum

1972 1944 2254 2006 peccatum
2300 1935 2477 1989 factus
2533 1942 2617 1988 est
2669 1935 2854 1989 homo.
2908 1932 3034 1987 ideo
3083 1933 3136 1987 in
3195 1933 3552 1989 similitudine

1974 2026 2156 2081 carnis
2181 2026 2384 2094 peccati
2408 2024 2682 2080 damnavit
2712 2024 2767 2079 in
2802 2036 2964 2079 carne
2991 2033 3271 2092 peccatum
3307 2043 3323 2080 :
3363 2025 3563 2080 human

1973 2134 2098 2174 nam
2147 2118 2363 2189 quidem
2416 2128 2664 2172 naturam
2714 2126 3298 2181 assumens,_attamen
3338 2120 3565 2189 tyranni

1974 2210 2253 2265 hominum
2307 2209 2516 2279 peccati
2553 2207 2742 2278 iugum
2797 2222 2903 2263 non
2940 2206 3185 2268 subiens.
3245 2205 3343 2260 sed
3396 2205 3554 2274 hujus

1973 2315 2185 2356 omnem
2209 2300 2540 2355 dominatum
2577 2313 2855 2369 respuens,
2896 2298 3392 2366 demonstransque
3433 2296 3567 2353 ﬁeri

1972 2409 2132 2465 posse
2168 2403 2227 2446 ut
2267 2392 2322 2446 in
2374 2393 2609 2446 humana
2644 2400 2837 2446 natura
2894 2389 3102 2459 peccati
3155 2390 3259 2445 tela
3298 2390 3561 2449 vitemus.

1976 2486 2068 2541 Sic
2097 2483 2377 2539 damnavit
2405 2483 2457 2537 in
2492 2497 2659 2537 carne
2682 2490 2985 2549 peccatum,
3040 2480 3374 2537 debilitatem
3406 2478 3551 2548 ejus-

1975 2574 2095 2630 dem
2113 2590 2433 2644 coargnens,
2464 2572 2807 2643 tyrannidem
2849 2572 3129 2637 cohibens,
3166 2581 3331 2640 atque
3378 2570 3451 2625 ita
3484 2571 3551 2625 ad

1975 2664 2256 2720 victoriam
2301 2665 2548 2719 homines
2597 2663 2873 2719 erudiens.
2925 2660 3049 2718 ideo
3106 2662 3331 2718 addidit.
3360 2660 3553 2718 beatus

1977 2756 2208 2811 Paulus:
2242 2756 2796 2826 Utjustiiicatiolegis
2818 2755 3132 2823 impleretur
3170 2754 3222 2809 in
3250 2752 3425 2817 nobis,
3455 2754 3563 2823 qui.

1976 2864 2081 2904 non
2120 2850 2415 2903 secundum
2455 2863 2675 2904 carnem
2724 2848 3089 2912 ambulamus,
3110 2846 3206 2902 sed
3252 2843 3550 2901 secundum

1978 2939 2247 3007 spiritum.
2300 2938 2442 3006 Ergo
2480 2937 2682 2993 luimus
2722 2935 3027 3005 iustiﬁcati,
3058 2944 3279 3005 peccato
3305 2935 3359 2988 in
3385 2948 3554 2989 carne

1978 3030 2247 3084 damnato.
2283 3028 2571 3083 Damnavit
2617 3036 2795 3082 autem
2840 3027 2894 3081 in
2922 3040 3084 3081 carne
3106 3034 3406 3096 peccatum,
3429 3040 3562 3082 cum.

1978 3119 2029 3173 in
2074 3120 2479 3176 similitudinem
2521 3120 2703 3175 carnis
2772 3117 2983 3189 peccati
3044 3114 3303 3171 Servator
3371 3125 3554 3172 noster

1976 3212 2151 3266 factus
2183 3221 2309 3276 est;
2343 3210 2633 3266 humanam
2674 3210 2890 3279 quidem
2950 3215 3200 3262 naturam
3241 3221 3550 3273 assumens,

1978 3306 2199 3360 minime
2241 3313 2419 3359 tamen
2469 3303 2756 3358 dominans
2780 3302 2828 3357 ei
2889 3308 3170 3369 peccatum
3235 3298 3551 3356 admittens.

1978 3393 2069 3449 Sic
2094 3396 2247 3451 divus
2276 3394 2475 3450 Paulus
2519 3394 2698 3449 verbis
2735 3393 2921 3464 paucis
2973 3390 3286 3446 universum
3333 3389 3553 3445 haereti-

1978 3496 2163 3536 corum
2212 3498 2404 3552 agmen
2439 3482 2756 3554 proﬂigavit,
2814 3484 2978 3554 813
3006 3500 3076 3537 m.
3112 3482 3228 3537 Arii
3260 3482 3448 3551 utique
3500 3494 3557 3535 et

1980 3569 2225 3623 Eunomii
2258 3571 2526 3624 insaniam
2562 3572 2810 3626 refutans
2853 3573 3233 3641 praedictorum
3268 3574 3563 3627 verborum

1980 3659 2137 3713 initio
2168 3675 2182 3712 :
2217 3676 2235 3710 ι
2268 3657 2378 3712 lloc
2407 3660 2552 3713 enim
2583 3661 2781 3715 sentite
2800 3662 2851 3714 in
2883 3662 3036 3716 vobis
3059 3662 3199 3730 quod
3232 3670 3288 3716 et
3319 3662 3371 3717 in
3398 3661 3556 3720 Chri-

1980 3757 2063 3803 sto
2105 3744 2253 3812 Jesu,
2287 3747 2377 3816 qui
2401 3760 2522 3801 cum
2558 3747 2610 3802 in
2646 3746 2818 3801 forma
2848 3748 2939 3802 Dei
2970 3759 3134 3815 esset,
3160 3765 3263 3804 non
3308 3751 3555 3819 rapinam

1978 3839 2273 3895 arbitratus
2290 3847 2375 3894 est
2402 3853 2523 3895 esse
2547 3853 2607 3895 se
2632 3838 2894 3907 aequalem
2923 3839 3051 3906 Deo,
3076 3841 3170 3895 sed
3199 3840 3553 3909 semetipsum

1979 3927 2297 3992 exinanivit,
2349 3927 2578 3982 formam
2634 3925 2776 3982 servi
2833 3925 3126 3994 accipiens.
3170 3943 3188 3977 ι
3243 3922 3358 3979 Νοιι
3408 3924 3552 3979 enim

1980 4021 2133 4087 dixit,
2170 4020 2223 4073 in
2261 4017 2435 4074 forma
2459 4017 2552 4073 Dei
2575 4017 2767 4083 factus,
2799 4017 2915 4081 sed,
2955 4034 2974 4067 ι
3012 4031 3133 4071 cum
3159 4015 3212 4071 in
3246 4013 3419 4070 forma
3461 4012 3556 4070 Dei

1979 4122 2141 4167 esset.
2176 4130 2195 4161 ι
2241 4108 2427 4179 Neque
2466 4110 2593 4165 item
2632 4109 2769 4163 dixit
2798 4126 2812 4163 :
2839 4106 2955 4162 Non
2985 4107 3227 4178 rapinam
3259 4106 3557 4162 arbitratus

1980 4212 2062 4257 est
2086 4215 2205 4256 esse
2226 4215 2284 4255 se
2300 4200 2564 4270 aequalem
2586 4200 2803 4255 sibimet
2825 4209 2920 4254 aut
2935 4198 3162 4269 angelis,
3179 4207 3273 4252 aut
3292 4196 3554 4267 aqualem

1980 4303 2263 4358 creaturae,
2309 4292 2404 4347 sed
2454 4290 2717 4361 aequalem
2779 4289 2916 4345 dixit
2984 4290 3091 4345 Deo
3144 4287 3294 4345 Patri
3349 4285 3441 4355 qui
3500 4301 3558 4339 se

301 4391 335 4458 ἢ
362 4388 451 4442 ίσα
481 4390 751 4458 ἀγγέλοις,
786 4392 818 4461 ἢ
849 4392 938 4446 ῐσα
966 4397 1031 4466 τῇ
1071 4395 1267 4461 κτίσει,
1290 4398 1406 4451 ἀλλ’
1452 4400 1563 4467 ίσα,
1595 4401 1722 4474 ἔφη,
1762 4377 1874 4475 Θεῷ

1980 4393 2261 4453 genuerat,
2281 4381 2449 4447 Patri,
2485 4383 2727 4451 inquam,
2753 4380 2960 4449 absque
2989 4380 3273 4450 principio,
3295 4377 3559 4450 ingenito.

302 4480 381 4550 τῷ
407 4480 602 4551 Πατρὶ,
634 4483 712 4553 τῷ
741 4485 1079 4554 γεννήσαντι,
1109 4488 1349 4561 ἁνάρχῳ,
1378 4491 1455 4563 τῷ
1486 4495 1783 4566 ἀγεννήτῳ,
1800 4496 1877 4567 τῷ

302 4570 615 4641 ἀπεράντῳ,
646 4572 724 4641 τῷ
761 4573 865 4626 τῶν
894 4576 1028 4629 ὅλων
1060 4580 1326 4651 Δεσπότη.

380 4661 598 4730 ’Δρειος
623 4662 722 4732 μὲν
745 4658 837 4715 οὖν
860 4666 953 4717 καὶ
980 4668 1244 4738 Εὑνόμιος
1272 4672 1349 4743 (3)
1384 4673 1600 4743 ίσχυρὸν
1629 4675 1875 4729 ὲντεῦθεν

305 4751 555 4818 έδέξαντο
581 4756 679 4825 τῆς
709 4755 911 4820 οἰκείας
937 4758 1190 4825 ἀσεϐείας
1217 4763 1308 4816 τὸν
1355 4763 1572 4835 ἔλεγχον
1591 4806 1604 4830 ,
1637 4769 1730 4820 καὶ
1774 4769 1878 4822 Σα-

307 4844 515 4907 6έλλιος
536 4844 592 4897 δὲ
620 4845 714 4898 καὶ
740 4847 1055 4918 Μάρκελλος
1083 4854 1179 4906 καὶ
1209 4855 1491 4920 Φωτεινὺς,
1529 4858 1576 4909 οι
1605 4859 1707 4921 τάς
1731 4863 1879 4929 τρεῖς

307 4936 638 5002 ὑποστάσεις
679 4940 1023 5012 ἀρνούμενοι,
1055 4948 1151 4999 καὶ
1194 4947 1297 5010 τὰς
1337 4948 1436 5015 τῆς
1467 4947 1717 5019 θεότητος
1752 4968 1881 5019 συγ-

307 5025 520 5094 χέοντες
548 5027 835 5098 ίδιότητας,
865 5032 1117 5088 ἐντεῦθεν
1147 5033 1591 5105 βλασφημοῦντες
1636 5037 1883 5109 ἐλέγχον-ο

305 5132 431 5170 ταιο
465 5118 647 5191 ἕτερος
688 5122 797 5193 γάρ
845 5127 988 5179 κατά
1026 5125 1128 5196 τὴν
1177 5127 1471 5180 ὑπόστασιν
1518 5128 1547 5180 ὁ
1596 5130 1654 5183 ὲν
1699 5132 1883 5202 μορφῇ

304 5206 439 5260 Θεοῦ
466 5208 743 5281 ὑπάρχων,
773 5214 867 5267 καὶ
895 5216 1082 5286 ἕτερος
1103 5219 1309 5281 ἐκεῖνος
1335 5212 1395 5272 οὗ
1422 5220 1481 5271 ὲν
1508 5222 1691 5291 μορφῇ
1716 5221 1885 5293 ὑπάρο

376 5371 395 5400 ⁷
436 5370 591 5424 Rom.
621 5387 740 5435 vm,
775 5372 829 5438 ὅ,
863 5373 920 5430 4.

484 5528 714 5612 .Legesis
732 5526 993 5612 Cyrillum
1015 5529 1069 5584 in
1091 5528 1497 5585 commentariis
1517 5529 1628 5584 suis
1649 5526 1715 5584 ad
1738 5527 1882 5583 hunc

307 5599 454 5653 Pauli
483 5599 654 5667 locum
684 5600 823 5667 apud
852 5614 969 5654 nos.

378 5669 454 5738 (2)
495 5665 648 5724 Haud
690 5665 801 5724 scio
846 5684 913 5723 an
956 5666 1043 5723 hic
1089 5667 1477 5737 interponenda
1523 5671 1592 5726 sit
1634 5670 1882 5740 negativa

1985 4476 2217 4539 inﬁnito,
2251 4489 2431 4529 rerum
2470 4472 2713 4528 omnium
2752 4470 3001 4531 Domino.

2058 4676 2222 4730 Arius
2264 4673 2427 4745 igitur
2476 4681 2641 4742 atque
2665 4669 2964 4724 Eunomius
2988 4668 3221 4722 validam
3259 4665 3385 4720 hinc
3432 4678 3556 4732 νοις

1984 4769 2223 4822 tulerunt
2249 4764 2547 4835 impietatis
2571 4777 2683 4818 sua:
2724 4760 3161 4831 redargutionem
3190 4776 3204 4813 :
3232 4759 3557 4826 insuperque

1988 4857 2254 4913 Sabellius
2273 4865 2329 4910 et
2353 4853 2638 4910 Marcellus
2672 4860 2836 4921 atque
2868 4850 3154 4913 Photinus,
3217 4848 3311 4916 qui
3357 4856 3554 4917 negant

1983 4956 2093 5001 tres
2131 4948 2469 5015 hypostases,
2493 4951 2547 4997 et
2568 4940 2786 4996 deitatis
2807 4940 3144 4995 confundunt
3165 4937 3547 5007 proprietates,

1981 5038 2110 5092 hinc
2126 5033 2428 5105 blasphemi
2478 5039 2868 5101 coarguuntur.
2899 5030 3054 5085 Alius
3081 5037 3167 5084 est
3186 5028 3330 5084 enim
3362 5042 3556 5085 secun-

1982 5131 2106 5182 dum
2129 5124 2463 5198 hypostasim
2492 5124 2579 5179 ille
2608 5124 2701 5193 qui
2738 5123 2790 5178 in
2845 5121 3016 5177 forma
3047 5119 3142 5175 Dei
3172 5127 3312 5184 erat,
3341 5129 3395 5175 et
3417 5119 3555 5175 alius

1983 5219 2070 5275 ille
2103 5217 2254 5288 cujus
2288 5219 2341 5274 in
2369 5217 2544 5273 forma
2562 5225 2718 5272 erat:
2748 5225 2804 5271 et
2845 5214 2993 5271 alius
3008 5220 3210 5273 'rursus
3262 5212 3352 5284 qui
3400 5213 3550 5285 rapi-

1987 5527 2248 5598 particula
2276 5524 2360 5593 οὑ,
2386 5542 2511 5580 non.

2060 5599 2138 5667 (3)
2181 5599 2239 5653 In
2282 5590 2384 5651 hoc
2420 5605 2474 5649 et
2514 5604 2771 5667 sequente
2807 5598 3064 5667 opusculo
3106 5595 3307 5667 nullum
3345 5590 3558 5647 haereti-

1991 5663 2128 5725 cut'u'
2146 5667 2506 5723 recentiorem
2538 5663 2800 5724 Eunomio
2830 5663 3072 5724 nominat
3099 5663 3349 5735 Cyrillus.
