3946 6202
451 280 587 342 “3i

1476 278 1534 335 S.
1567 274 1839 335 CYRILLI
1877 272 2346 330 ALEXANDRINI
2398 272 2741 346 ARCHIEP4

3560 269 3698 323 {$32

452 412 581 455 nam
599 410 705 455 non
725 397 1097 454 arbitrabatur
1110 408 1233 454 esse
1252 409 1312 452 se
1339 396 1597 466 arqualem
1630 395 1761 460 Deo,
1791 404 1846 450 et
1885 393 2013 448 allus

2124 410 2209 462 χει
2229 411 2241 423 ·
2281 393 2375 446 καὶ
2400 392 2559 455 ἄλλος
2587 391 2747 446 πάλιν
2778 392 2805 445 ὁ
2835 392 2909 463 μὴ
2938 387 3233 462 ἁρπαγμὸν
3254 384 3603 456 ἡγησάμενος
3638 383 3699 435 τὸ

452 490 541 544 ille
561 490 646 542 ctti
670 488 1011 557 estaequalis,
1034 488 1131 544 sed
1151 500 1257 542 non
1279 488 1380 544 sibi
1411 487 1777 557 aequalitatem
1791 502 1911 540 cum
1930 485 2025 540 illo

452 578 648 646 rapuit.
687 576 953 633 Praeterea
990 578 1081 633 ille
1135 579 1305 633 etiam
1360 578 1479 633 falsi
1522 578 1761 633 neminis
1795 576 2019 641 Paulus,

448 664 543 731 qui
585 665 897 721 Senatorio
939 674 1064 722 ante
1112 666 1309 722 saecula
1346 665 1750 737 generationem
1784 665 2017 735 negavit,

447 752 727 809 Iudaicam
795 756 1116 812 sententiam
1162 757 1375 823 Furens,
1428 767 1483 813 et
1519 757 1589 814 de
1641 757 1859 825 Virgine
1905 766 2023 809 tan-

452 844 729 899 tummodo
755 854 941 900 natum
970 846 1253 903 coniessus
1274 856 1382 912 est,
1429 861 1493 900 ex
1539 847 1624 901 his
1666 846 1800 917 ipsis
1842 844 2022 900 verbis

450 933 665 1001 dignam
715 935 995 1004 impietate
1035 951 1131 992 sua
1179 939 1323 1009 capit
1362 939 1746 1008 ignominiam.
1792 938 2024 992 Dueetur

448 1023 592 1077 enim
624 1024 751 1082 hinc
780 1040 810 1080 a
833 1026 958 1083 divo
982 1026 1150 1084 Paulo
1175 1040 1231 1084 et
1255 1029 1348 1084 Dei
1391 1028 1623 1085 Verbum
1651 1031 1796 1100 quod
1836 1041 2022 1083 susce-

450 1114 547 1183 pit,
579 1126 634 1172 et
663 1116 955 1173 immersam
989 1130 1293 1190 susceptam
1348 1133 1619 1188 naturam,
1659 1130 1716 1177 et
1756 1122 2019 1193 praeni-

449 1214 681 1262 stemem
700 1209 792 1265 Dei
812 1210 1065 1275 formam.
1080 1222 1134 1269 et
1156 1213 1208 1268 in
1227 1213 1333 1270 [ine
1348 1215 1668 1271 sazculorum
1688 1225 2019 1284 assumptam

448 1298 518 1353 ab
545 1302 742 1355 eadem
782 1304 929 1358 servi
978 1301 1232 1359 formam.
1284 1307 1517 1362 Doeetur
1566 1306 1767 1377 pariter
1820 1304 2021 1375 Apolli~

450 1391 598 1447 naris
634 1404 761 1448 eam
798 1394 931 1451 Ario
952 1405 1114 1467 atque
1141 1397 1430 1465 Eunomia,
1480 1400 1623 1467 quod
1680 1411 2017 1467 nequaquam

450 1484 597 1540 Deus
638 1485 896 1552 Verbum,
944 1490 1087 1558 quod
1134 1499 1218 1544 est
1265 1489 1624 1555 immutabile,
1686 1489 1740 1542 in
1797 1501 2019 1542 carnem

448 1574 613 1631 fuerit
685 1576 1053 1643 lminutatum,
1103 1579 1197 1633 sed
1265 1579 1410 1647 quod
1463 1590 1646 1634 nostra
1713 1578 2017 1632 substantia

448 1678 764 1739 assumpta,
809 1670 1039 1725 salutem
1101 1678 1341 1724 nostram
1378 1669 1450 1725 sit
1496 1678 1800 1740 operatum.
1848 1668 2020 1723 Porro

2002 1760 2015 1783 ι
2048 1728 2095 1783 Β

2123 479 2261 536 εἶναι
2308 483 2400 535 ica
2440 483 2580 553 Θεῷ,
2618 485 2746 553 παρ’
2795 484 3001 535 ἐκεῖνον
3029 498 3089 535 0t.
3121 481 3234 543 ἴσος
3281 478 3533 546 ὑπάρχει,
3582 475 3700 527 ἀλλ’

2124 574 2222 643 οὐχ
2252 574 2502 644 ἥρπασεν
2534 575 2632 643 τὴν
2676 572 2812 643 πρὸς
2855 573 3017 625 αὑτὸν
3047 570 3286 640 ἰσότητα.
3327 567 3468 636 Πρὸς
3495 565 3554 618 δὲ
3580 564 3701 616 τούς

2121 684 2234 729 τοις
2280 669 2427 720 καὶὸ
2453 664 2802 736 ψευδώνυμος
2847 662 3065 732 Παῦλος⁸
3101 662 3200 729 (1),
3240 661 3275 727 ῤ
3303 658 3398 728 τὴν
3448 659 3547 727 μὲν
3590 655 3701 726 πρὸ

2122 760 2331 814 αἰώνων
2361 759 2616 830 γέννησιν
2639 757 2733 810 τοῦ
2760 756 3009 827 Σωτῆρος
3032 754 3387 824 ἀρνούμενος,
3418 746 3702 817 Ἰουδαῖκῷ

2122 853 2179 906 δὲ
2207 851 2547 922 κεχρημένος
2580 850 2907 920 φρονήματι,
2938 845 3034 899 καὶ
3076 843 3177 914 τὴν
3204 844 3268 894 ὲκ
3296 838 3572 910 Παρθένου
3604 837 3701 908 μό·

2123 959 2219 1012 νην
2236 940 2539 1013 ὁμολογῶν,
2556 942 2622 993 ὲκ
2641 940 2751 992 τῶν
2774 937 2956 992 αὐτῶν
2980 935 3186 989 τούτων
3202 934 3394 1001 λόγων,
3420 932 3522 1002 τὴν
3540 929 3702 994 ἀξίαν

2121 1035 2221 1105 τῆς
2269 1033 2527 1097 ἀσεϐείας
2566 1032 2827 1102 αἰσχύνην
2873 1028 3211 1101 καρποῦται·
3246 1026 3557 1080 διδάσκεται
3587 1024 3696 1095 γάρ

2122 1126 2228 1181 ὑπὸ
2251 1125 2347 1179 τοῦ
2390 1125 2535 1178 θείου
2582 1123 2796 1177 Παύλου
2835 1123 2927 1175 τὸν
2952 1121 3184 1175 λαϐόντα
3212 1118 3344 1172 Θεὸν
3375 1119 3571 1186 Λόγον,
3604 1118 3698 1169 καὶ

2121 1221 2219 1290 τὴν
2246 1218 2591 1289 ἀνθρωπείαν
2624 1216 2783 1287 φύσιν
2815 1214 2912 1286 τὴν
2939 1214 3254 1285 ληφθεῖσαν,
3285 1212 3389 1283 τὴν
3417 1210 3701 1279 προῦπάρ-

2122 1328 2320 1384 χουσαν
2343 1310 2553 1383 μορφὴν
2575 1309 2667 1362 τοῦ
2697 1307 2857 1373 Θεοῦ,
2884 1308 2978 1361 καὶ
3006 1308 3063 1358 ὲν
3087 1305 3164 1375 τῷ
3186 1304 3328 1358 τέλει
3352 1303 3464 1357 τῶν
3484 1303 3699 1357 ultimm

2124 1403 2562 1475 προσληφθεῖσαν
2599 1400 2693 1454 ἀπ’
2739 1397 2953 1467 ἐκείνης
2999 1395 3189 1449 δούλου
3246 1395 3479 1465 μορφήν.
3539 1394 3699 1446 Διδά-

2126 1508 2319 1550 σκεται
2346 1494 2402 1548 δὲ
2437 1494 2598 1547 πάλιν
2641 1488 3013 1559 Ἀπολινάριος
3044 1488 3141 1539 σὺν
3185 1485 3380 1555 Ἀρείῳ
3408 1484 3504 1537 καὶ
3536 1483 3701 1536 Εὐνο-

2125 1590 2253 1661 μίῳ,
2282 1588 2357 1651 ὡς
2400 1585 2499 1656 οὐχ
2526 1585 2556 1636 ὸ
2602 1581 2734 1645 Θεὸς
2776 1581 2947 1649 Λόγος
2985 1582 3017 1632 ὁ
3057 1580 3345 1650 ἄτρεπτος,
3388 1578 3465 1640 είς
3499 1575 3702 1647 σαρκὸς

2122 1681 2285 1751 φύσιν
2311 1674 2547 1748 ἐτράπη,
2576 1674 2713 1728 ἀλλὰ
2738 1674 2836 1744 τὴν
2865 1672 3146 1743 ἡμετέρων
3171 1668 3454 1724 ἀναλαϐὼν
3485 1667 3700 1728 ούσίαν,

448 1760 701 1829 superius
759 1761 921 1815 dictis
973 1760 1488 1825 demonstravimus,
1573 1759 1805 1814 formam
1874 1760 2013 1813 servi

2123 1774 2221 1845 τὴν
2248 1771 2525 1844 ἡμετέραν
2543 1766 3036 1840 ἐπραγματεύσατο
3058 1762 3349 1833 σωτηρίαν.
3393 1760 3701 1825 ’Λπεδεὲξα-

447 1852 770 1921 appellatam
803 1865 925 1906 esse
959 1851 1195 1905 hominis
1242 1862 1516 1907 naturam.
1563 1842 1698 1905 Nam
1742 1851 1789 1906 si
1843 1849 2017 1906 forma

448 1940 542 1994 Dei
605 1950 690 1995 est
739 1940 1042 1994 substantia
1076 1932 1165 1993 Dei
1212 1940 1387 2011 (caret
1433 1943 1579 1997 enim
1627 1955 1814 1996 revera
1846 1942 2019 1997 forma

444 2028 614 2102 815
635 2042 707 2084 nt.
736 2040 795 2086 et
821 2031 1009 2102 quavis
1033 2031 1213 2101 specie
1241 2031 1406 2097 Deus,
1435 2033 1526 2102 qui
1557 2042 1641 2087 est
1660 2032 1907 2101 simplex,
1942 2032 2023 2086 in-

446 2122 800 2193 compositos,
837 2133 891 2178 et
922 2124 1068 2178 omni
1105 2124 1281 2193 ﬁgura
1323 2126 1656 2196 destitutus),
1688 2126 1934 2195 sequitur
1961 2134 2022 2180 ut

445 2213 595 2270 servi
644 2215 839 2279 forma,
904 2226 1057 2283 aeque
1103 2216 1243 2270 servi
1287 2216 1589 2271 substantia
1661 2216 2016 2286 intelligatur.

448 2305 601 2360 Servi
653 2312 832 2360 autem
872 2305 1198 2373 subsiantia,
1246 2306 1299 2361 id
1346 2315 1430 2361 est
1476 2306 1735 2371 hominis,
1782 2321 1887 2361 non
1937 2316 2022 2361 est

444 2410 642 2466 corpus
684 2396 787 2453 hoc
840 2397 1212 2452 tantummodo
1259 2398 1401 2465 quod
1455 2406 1699 2465 apparet,
1758 2398 1852 2450 sed
1907 2406 2016 2451 tota

445 2488 683 2545 hominis
725 2497 919 2543 natura
974 2504 1002 2543 a
1055 2488 1413 2557 prudentibus
1462 2487 1824 2542 existimatur.
1871 2487 2018 2543 Prae-

447 2589 593 2636 terea
625 2592 680 2636 et
706 2579 779 2635 illi
813 2579 1111 2650 impietatis
1139 2578 1505 2648 antesignani,
1558 2589 1612 2633 et
1671 2579 2020 2648 blasphemia:

444 2670 711 2727 adversus
745 2679 947 2727 rectam
996 2670 1155 2725 ﬁdem
1186 2670 1348 2740 primi
1407 2678 1680 2733 auctores,
1736 2671 1827 2739 qui
1856 2670 2015 2725 Chri-

442 2761 742 2819 stianorum
776 2762 995 2832 quidem
1044 2760 1151 2817 sibi
1188 2762 1407 2817 nomina
1462 2760 1859 2831 imposuerunt,
1920 2764 2014 2818 sed

440 2852 839 2909 idololatrieum
930 2851 1277 2923 poiytheismi
1354 2865 1599 2907 errorem
1663 2864 2014 2923 superarunt,

441 2945 702 3014 Marcion,
748 2945 994 3015 inquam,
1040 2952 1099 2999 et
1128 2944 1337 3009 Manes,
1388 2954 1444 2999 et
1499 2946 1679 3001 ueteri
1714 2946 2014 3016 pestilentis

440 3037 654 3092 illorum
694 3037 968 3092 cathedrae
1020 3034 1366 3092 consectanei
1420 3043 1476 3091 et
1528 3036 1801 3105 discipuli,
1835 3052 1901 3091 ex
1928 3038 2011 3090 his
2039 3066 2082 3123 ο

439 3126 579 3196 ipsis
626 3124 866 3193 Apostoli
919 3124 1100 3180 verbis
1173 3139 1327 3179 suam
1395 3125 1670 3179 vesaniam
1731 3127 1865 3180 satis
1916 3141 2010 3181 c0-

440 3222 727 3287 gnoscunt.
770 3212 907 3267 Nam
941 3227 1064 3267 cum
1089 3214 1188 3283 ipsi
1219 3212 1431 3268 Domini
1465 3212 1759 3270 secundum
1793 3231 2009 3270 carnem

438 3304 779 3360 nativitatem
804 3310 859 3358 et
886 3304 1282 3358 humanitatem
1306 3320 1415 3360 non
1449 3306 1760 3370 admittant,
1784 3307 2011 3361 audiunt

438 3394 915 3467 pmlaﬁssimum
949 3392 1172 3449 Paulum
1201 3396 1507 3462 docentem,
1535 3398 1674 3460 quod
1714 3396 1805 3452 Dei
1837 3399 2007 3452 forma

438 3487 581 3545 servi
614 3486 842 3542 formam
869 3487 1192 3556 susceperit.
1220 3488 1374 3543 Servi
1405 3498 1584 3543 autem
1644 3490 1816 3546 forma
1868 3492 2010 3546 haud

436 3575 725 3647 phantasia
744 3576 989 3645 quaedam
1007 3584 1143 3641 erat,
1161 3590 1335 3646 neque
1359 3578 1570 3645 umbra,
1595 3595 1768 3649 neque
1791 3594 2011 3636 aereum

436 3666 808 3733 simulacrum,
843 3680 1020 3736 neque
1045 3665 1189 3721 aliud
1227 3667 1445 3735 quidvis
1473 3669 1783 3738 huiusmodi
1822 3671 2008 3739 appel-

435 3760 605 3825 latur,
631 3758 726 3813 sed
754 3758 895 3813 servi
920 3766 1133 3812 natura.

506 3850 663 3917 Quod
693 3849 738 3904 si
774 3849 1158 3919 subsequentia
1192 3849 1283 3905 illa
1312 3849 1478 3904 verba
1538 3852 1694 3907 nobis
1726 3850 2008 3921 objicient,

443 3959 463 3994 ι
494 3941 550 3995 in
574 3940 980 3995 similitudinem
1003 3940 1239 3995 hominis
1268 3940 1739 4007 lactus,ethabitu
1762 3944 2009 3996 inventus

437 4040 498 4087 ut
520 4034 682 4087 homo
709 4049 734 4098 ;Δ
758 4050 780 4085 ι
808 4042 1017 4087 necnon
1052 4031 1142 4084 illa
1190 4031 1257 4087 ad
1298 4030 1572 4087 Romanos
1599 4049 1615 4087 :
1640 4050 1657 4084 ι
1686 4032 1739 4087 in
1763 4033 2010 4087 similitu-

436 4122 615 4177 dinem
641 4120 824 4176 carnis
851 4122 1057 4189 peccati
1086 4120 1107 4152 ⁸
1142 4135 1158 4174 ι
1209 4141 1227 4173 ι
1264 4123 1440 4191 primo
1474 4123 1688 4191 quidem
1724 4122 2003 4178 stultitiam

435 4211 673 4281 ipsorum
714 4212 1119 4266 convincemus.
1155 4210 1288 4265 Nam
1323 4212 1367 4266 si
1388 4213 1575 4279 Verba,
1618 4230 1636 4266 ι
1675 4214 1728 4268 in
1754 4214 2008 4269 similitu-

435 4302 615 4357 dinem
671 4298 927 4368 hominis,
979 4314 1036 4358 et
1091 4302 1278 4357 habitu
1330 4305 1580 4360 inventus
1632 4312 1689 4359 ut
1764 4308 1945 4373 homo,
1983 4327 2002 4359 ι

2124 1878 2225 1934 μεν
2268 1863 2349 1928 δὲ,
2388 1862 2455 1915 δι’
2488 1855 2565 1914 ὧν
2609 1860 2929 1930 εἰρήκαμεν,
2969 1854 3184 1926 μορφὴν
3226 1852 3412 1905 δούλου
3458 1850 3559 1921 τὴν
3605 1851 3699 1902 τοῦ

2120 1953 2407 2025 ἀνθρώπου
2437 1947 2986 2022 προσαγορευομένην
3004 1944 3186 1997 οὐσίαν
3206 1960 3221 1973 ο
3250 1943 3299 1994 εί
3319 1941 3426 2012 γὰρ
3455 1942 3491 2009 ἡ
3518 1941 3703 2009 μορφὴ

2119 2040 2214 2097 τοῦ
2247 2041 2402 2104 Θεοῦ,
2429 2040 2587 2093 ούσία
2611 2035 2708 2092 τοῦ
2738 2036 2879 2091 Θεοῦ
2898 2052 2914 2066 ο
2937 2035 3269 2106 ἁμόρφωτον
3289 2032 3401 2101 γάρ
3425 2032 3521 2084 καὶ
3551 2030 3703 2082 ἀνεί-

2119 2136 2238 2188 δεον
2262 2134 2323 2187 τὸ
2347 2133 2520 2187 Θείον·
2550 2129 2755 2184 ἁπλοῦν
2787 2128 2846 2181 δὲ
2872 2128 2966 2181 καὶ
2998 2124 3288 2179 ἀσύνθετον
3316 2122 3409 2174 καὶ
3448 2119 3705 2188 ἀσχημά-

2119 2241 2319 2288 τιστον,
2351 2224 2503 2293 καὶὴ
2543 2220 2637 2274 τοῦ
2665 2219 2854 2273 δούλου
2887 2216 3071 2289 μορφὴ
3098 2214 3341 2285 δηλονότι
3389 2214 3550 2266 οὐσία
3580 2211 3703 2264 δού-

2120 2317 2212 2369 λου
2251 2315 2475 2376 είκὸτως
2506 2313 2571 2367 ἂν
2614 2310 2866 2380 νοηθείτγ
2900 2306 3058 2360 οὐσία
3084 2307 3142 2360 δὲ
3169 2305 3378 2367 δούλου,
3417 2304 3705 2356 τουτέστιν

2119 2402 2430 2474 ἀνθρώπου,
2453 2402 2513 2453 ού
2543 2399 2607 2452 τὸ
2630 2398 2956 2468 φαινόμενον
2990 2395 3149 2465 σῶμα
3184 2396 3364 2464 μόνον,
3386 2393 3521 2447 ἀλλά
3546 2396 3701 2446 πᾶσα

2116 2495 2212 2549 τοῦ
2240 2492 2528 2563 ἀνθρώπου
2558 2492 2591 2560 ἡ
2620 2489 2780 2559 φύσις
2810 2488 2964 2558 παρά
3004 2489 3115 2549 τοῖς
3144 2484 3509 2555 σωφρονοῦσιν
3539 2487 3703 2537 νενό-

2121 2602 2328 2657 μισται.
2352 2582 2495 2655 Πρὸς
2518 2581 2576 2635 δὲ
2595 2580 2805 2643 τούτοις
2822 2582 2871 2631 οί
2895 2577 3272 2647 πρωτοστάται
3293 2575 3386 2645 τῆς
3406 2574 3701 2640 ἀσεϐείας,

2118 2678 2212 2732 καί⁵
2256 2675 2463 2746 πρῶτοι
2514 2671 2613 2743 τὴν
2662 2670 3012 2741 βλασφημίαν
3061 2669 3208 2721 κατά
3258 2666 3348 2736 τῆς
3398 2664 3704 2727 εὐσεϐείας

2119 2767 2538 2839 βλαστήσαντες,
2585 2761 2682 2815 καὶ
2726 2758 3072 2830 Χριστιανῶν
3117 2758 3213 2828 μὲν
3257 2758 3422 2826 ονομα
3469 2756 3703 2816 ἑαυτοῖς

2116 2858 2414 2919 ἐπιθέντες,
2446 2856 2629 2908 πᾶσαν
2660 2853 2716 2906 δὲ
2743 2853 2842 2922 τὴν
2869 2850 3131 2905 πολύθεον
3158 2848 3265 2903 τῶν
3292 2847 3526 2902 εἰδώλων
3558 2848 3694 2899 πλάν-

2116 2964 2215 3018 νην
2243 2943 2787 3016 ύπερακοντίσαντες,
2815 2939 3103 3010 Μαρκίων,
3146 2940 3313 3009 φημὶ,
3348 2938 3442 2991 καὶ
3478 2938 3707 3006 Μάνης,

2116 3039 2210 3091 καὶ
2239 3039 2287 3091 οί
2313 3039 2410 3105 τῆς
2439 3034 2689 3104 λοιμικῆς
2712 3032 2891 3086 αὐτῶν
2918 3031 3186 3103 καθέδρας
3218 3031 3418 3101 μύσται
3461 3030 3559 3083 καί
3588 3031 3697 3096 γεί-

2113 3144 2285 3189 τονες,
2332 3125 2397 3178 δι’
2426 3124 2603 3176 αὐτῶν
2637 3121 2844 3176 τούτων
2858 3121 2981 3201 ςιῶν
3028 3121 3289 3191 ῥημάτων
3343 3120 3440 3189 τὴν
3489 3119 3705 3170 οἰκείαν

2112 3215 2499 3289 παραπληξίαν
2543 3202 2873 3285 μανθάνουσι
2893 3230 2908 3245 ο
2938 3212 3038 3281 τὴν
3071 3211 3209 3265 κατὰ
3253 3210 3431 3281 σάρκα
3461 3210 3577 3279 γάρ
3610 3210 3709 3262 τοῦ

2112 3312 2317 3382 Κυρίου
2350 3307 2602 3379 γέννησίν
2628 3322 2688 3359 τε
2740 3304 2835 3358 καὶ
2856 3304 3012 3359 ὲνανθ
3024 3304 3270 3375 ρώπησιν
3295 3303 3357 3355 ού
3386 3302 3705 3371 δεχόμενοι.

2111 3403 2371 3457 ἀκούουσι
2413 3400 2506 3454 τοῦ
2554 3398 2830 3453 θειοτάτου
2869 3397 3083 3451 Παύλου
3114 3397 3482 3459 διδάσκοντος,
3540 3393 3624 3457 ὡς
3672 3396 3709 3463 ἡ

2110 3494 2205 3548 τοῦ
2232 3492 2366 3547 Θεοῦ
2400 3490 2581 3563 μορφὴ
2609 3489 2767 3542 ἔλαϐε
2796 3489 2896 3559 τὴν
2928 3488 3022 3542 τοῦ
3050 3487 3240 3542 δούλου
3273 3487 3489 3556 μορφήν
3514 3500 3529 3515 ⁸
3564 3487 3603 3554 ἡ
3648 3484 3705 3535 δὲ

2110 3586 2203 3639 τοῦ
2259 3584 2445 3638 δούλου
2496 3582 2676 3653 μορφὴ
2717 3584 2781 3635 ού
2805 3580 3076 3650 φαντασία
3100 3596 3185 3641 τις
3228 3573 3328 3648 ἦν’,
3372 3577 3497 3630 οὐδὲ
3546 3577 3705 3636 σκιὰ,

2111 3676 2231 3729 οὐδὲ
2277 3673 2461 3745 ἀέριον
2515 3672 2780 3742 ίνδαλμα,
2833 3671 2941 3724 οὐδ’
2986 3670 3115 3725 ἀλλο
3164 3687 3219 3723 τι
3262 3668 3371 3721 τῶν
3426 3666 3707 3721 τοιούτων

2112 3764 2600 3839 προσαγορεύεται,
2628 3764 2740 3817 ἀλλ’
2776 3765 2809 3834 η
2843 3762 2938 3816 τοῦ
2960 3763 3148 3815 δούλου
3183 3761 3367 3830 φύσις.

2180 3858 2244 3911 Ei
2276 3858 2333 3910 δὲ
2361 3857 2430 3910 τὰ
2453 3855 2768 3926 ὲπαγόμενα
2784 3857 2916 3925 ἡμῖν
2935 3854 3340 3925 προϐάλλοιντο,
3368 3872 3387 3904 t
3420 3854 3480 3904 ὲν
3497 3852 3707 3921 ὁμοιώ-

2114 3964 2243 4017 ματι
2274 3944 2561 4019 ἀνθρώπου
2592 3946 2901 4016 γενόμενος,
2931 3944 3028 3997 καὶ
3066 3945 3305 4013 σχήματι
3338 3941 3595 4011 εὑρεθεὶς
3627 3942 3705 4002 ὡς

2110 4040 2423 4111 ἄνθρωπος,
2461 4058 2479 4090 r
2509 4038 2603 4092 καὶ
2655 4038 2716 4091 τὸ
2770 4039 2830 4091 ὲν
2876 4040 2943 4108 τῇ
2975 4036 3111 4106 πρὸς
3160 4034 3490 4104 Ῥωμαίους,
3553 4053 3575 4084 α
3646 4035 3707 4085 ὲν

2113 4129 2418 4201 ὁμοιώματι
2467 4129 2667 4199 σαρκὸς
2710 4128 3003 4198 ἁμαρτίας,
3045 4145 3064 4177 ι
3115 4125 3330 4196 πρῶτον
3374 4123 3559 4176 αὐτῶν
3603 4125 3705 4192 τὴν

2112 4222 2297 4275 ἄνοιαν
2328 4221 2725 4291 διελέγξωμεν·
2756 4221 2805 4272 εί
2841 4220 2948 4289 γὰρ
2975 4218 3054 4283 τὸ,
3100 4238 3117 4270 ι
3154 4221 3212 4271 ἐν
3252 4216 3565 4287 ὁμοιώματι
3602 4219 3699 4268 άν-

2113 4312 2352 4383 θρώπου,
2379 4313 2472 4365 καὶ
2505 4314 2747 4382 σχήματι
2781 4310 3024 4381 εὑρεθεὶς
3051 4309 3125 4371 ὼς
3158 4308 3469 4379 ἄνθρωπος,
3506 4327 3525 4360 ι
3558 4325 3695 4374 φαν-

435 4394 777 4468 phantasiam
842 4394 1075 4462 aliquam
1144 4394 1435 4449 humanam
1492 4398 1775 4464 denotant,
1859 4401 2001 4454 servi

2117 4403 2301 4457 τασίαν
2333 4402 2456 4456 τινὰ
2485 4402 2829 4470 ἀνθρωπείαν
2863 4401 3029 4471 δηλοῖ,
3063 4402 3094 4470 ἡ
3128 4400 3185 4452 δὲ
3220 4400 3400 4470 μορφὴ
3439 4399 3534 4453 τοῦ
3573 4398 3703 4451 δού-

435 4493 615 4538 autem
650 4482 845 4545 forma,
898 4492 1087 4536 natura
1141 4483 1374 4537 hominis
1426 4494 1548 4538 est:
1581 4489 2006 4542 eontradiceutia

434 4576 615 4643 posuit
658 4572 977 4643 Apostolus.
1024 4573 1143 4629 .lam
1204 4576 1248 4629 si
1293 4575 1533 4643 Apostoli
1594 4583 1756 4632 verba
1785 4580 2007 4635 minime

436 4668 663 4722 invicem
682 4666 1081 4730 contradicunt,
1116 4680 1247 4722 sane
1273 4666 1553 4732 discimus,
1583 4669 1726 4722 servi
1754 4668 2005 4736 formam,

437 4762 581 4815 servi
612 4770 734 4815 esse
758 4759 1142 4814 substantiam.
1181 4758 1351 4813 Porro
1372 4759 1424 4813 in
1453 4759 1729 4814 hominum
1763 4760 2013 4815 similitu-

437 4850 619 4906 dinem
666 4847 810 4916 lleri,
847 4858 907 4904 et
955 4848 1143 4903 habitu
1189 4858 1247 4904 nt
1287 4848 1560 4905 hominem
1606 4850 1859 4916 inveniri,
1923 4853 2002 4909 sic

437 4942 798 5013 intelligemus
842 4958 861 5009 ;
913 4952 1109 5011 nempe
1172 4941 1460 4996 Dominum
1520 4953 1765 4999 nostrum
1817 4944 2003 5000 Jesum

435 5033 738 5101 Christum,
768 5043 1019 5089 naturam
1050 5042 1291 5087 nostram
1320 5034 1629 5097 habentem,
1661 5050 1765 5088 non
1799 5035 1850 5088 in
1874 5052 2009 5089 eun-

435 5124 541 5179 ctis
590 5122 747 5182 nobis
774 5124 943 5181 fuisse
972 5123 1256 5194 eqUalem.
1292 5123 1537 5193 Namque
1575 5132 1629 5178 et
1685 5127 1798 5193 ipse
1848 5138 2008 5182 natus

434 5225 519 5271 est
557 5216 627 5271 de
662 5218 915 5283 muliere,
966 5218 1064 5273 sed
1118 5217 1223 5271 alia
1276 5231 1341 5270 ac
1389 5230 1489 5271 nos
1520 5217 1727 5272 ratione
1764 5235 1779 5285 ;
1810 5221 2008 5290 quippe

434 5308 526 5378 qui
582 5306 649 5360 de
702 5308 950 5379 virginali
1005 5306 1203 5377 prodiit
1255 5307 1432 5362 vulva.
1480 5308 1546 5363 Et
1577 5308 1737 5365 homo
1791 5312 2005 5381 quidem

503 5487 525 5521 ⁸
561 5487 717 5542 Rom.
753 5500 872 5550 vm,
903 5490 956 5541 ὃ.

507 5666 584 5731 Η)
624 5662 879 5731 intelligit
911 5659 1132 5715 Paulum
1169 5649 1625 5719 Samosutensetn'.

2106 4495 2220 4561 λου,
2253 4496 2412 4564 φύσις
2433 4494 2742 4565 ἀνθρώπου·
2767 4493 2984 4547 ἐναντία
3017 4492 3229 4562 τίθησιν
3253 4494 3281 4544 ὁ
3330 4493 3701 4555 Ἀπόστολος·

2108 4590 2156 4641 εἰ
2203 4588 2260 4641 δὲ
2292 4589 2390 4641 ούκ
2423 4588 2637 4641 ἐναντία
2667 4586 2761 4639 τοῦ
2808 4586 3133 4639 ’Δποστόλου
3177 4585 3242 4637 τὰ
3284 4585 3530 4655 ῥήματα.
3582 4587 3697 4656 μά-

2109 4682 2292 4751 θωμεν
2319 4681 2392 4745 ὡς
2421 4683 2455 4750 ή
2489 4680 2584 4733 τοῦ
2614 4680 2800 4734 δούλου
2833 4680 3037 4751 μορφὴ,
3070 4678 3228 4732 οὐσία
3254 4678 3441 4731 δούλου
3489 4682 3709 4747 τυγχά-

2109 4789 2211 4827 νει.
2243 4772 2317 4824 Τὸ
2347 4772 2404 4824 δὲ
2448 4774 2503 4824 ἒν
2536 4771 3161 4842 ὁμοιιῦματιάνθρώπων
3189 4769 3269 4840 (Ξ)
3287 4770 3577 4839 γενέσθαι,
3608 4774 3711 4824 καὶ

2113 4862 2351 4933 σχήματι
2398 4862 2689 4933 εὑρεθῆναι
2726 4862 2800 4925 ὡς
2848 4861 3155 4933 ἄνθρωπον,
3191 4859 3363 4924 οὕτως
3394 4862 3709 4931 νοήσομεν,

2108 4953 2188 5006 ὅτι
2239 4952 2267 5004 ὁ
2310 4951 2511 5023 Κύριος
2557 4954 2714 5024 ἡμῶν
2750 4952 2957 5024 Ἰησοῦς
3000 4954 3233 5023 Χριστὸς
3268 4954 3372 5023 τὴν
3404 4956 3711 5027 ἡμετέραν

2106 5042 2244 5113 ἔχων
2278 5044 2457 5113 φύσιν,
2508 5045 2566 5097 ού
2603 5045 2743 5098 κατά
2785 5045 2963 5099 πάντα
3018 5046 3129 5108 ίσος
3173 5047 3304 5115 ἡμῖν
3355 5045 3707 5115 ἐτύγχανεν

2106 5133 2367 5200 ἐγεννήθη
2402 5132 2502 5200 μὲν
2535 5132 2641 5202 γὰρ
2668 5134 2733 5187 ἐκ
2761 5135 3018 5203 γυναικὸς
3071 5134 3164 5187 καὶ
3212 5133 3394 5196 αὐτὸς,
3430 5134 3550 5186 ἀλλ’
3599 5137 3710 5205 οὐχ

2105 5220 2305 5290 ὁμοίως
2334 5223 2491 5292 ημῖν·
2517 5223 2581 5275 ἐκ
2609 5222 2945 5293 παρθενικῆς
2969 5223 3077 5292 γὰρ
3100 5223 3400 5294 ἐϐλάστησε
3430 5225 3669 5296 μήτρας
3693 5241 3710 5255 ·

2107 5313 2200 5365 καὶ
2237 5313 2438 5377 τέλειος
2492 5314 2589 5384 μὲν
2637 5314 2922 5385 ἄνθρωπος
2966 5311 3033 5385 ἦν
3090 5314 3165 5378 ὡς
3217 5316 3411 5385 ἡμεῖς’
3462 5309 3585 5384 εἶχε
3650 5314 3712 5367 δὲ

2177 5670 2252 5740 (‘3)
2298 5671 2367 5725 ita
2402 5667 2489 5725 hic
2522 5668 2642 5725 cod.
2676 5677 2732 5723 ut
2769 5669 2827 5724 in
2859 5670 2987 5726 edd.
