3946 6202
287 299 425 357 1453

1446 300 1533 356 DE
1572 297 2098 389 INCARNATIONE
2138 300 2395 359 DOMINI.

3401 307 3423 362 ι
3436 306 3540 361 454

288 417 451 473 πλέον
487 417 616 488 ἡμῖν
659 418 753 472 τοῦ
800 418 934 473 Θεοῦ
979 418 1152 489 Λόγου
1194 418 1295 489 τὴν
1344 418 1615 488 ἐνοίκησίν
1655 434 1712 470 τε
1758 417 1854 470 καὶ

1961 418 2227 488 perfectus
2254 427 2366 474 erat
2382 432 2533 489 aeque
2553 432 2615 473 ac
2642 433 2772 485 nos;
2804 418 2897 476 sed
2921 426 3117 489 praeter
3133 434 3245 475 rem
3266 428 3532 485 nostram,

286 510 513 564 ῑνωσινυ
548 510 642 562 καὶ
672 509 852 579 σάρκα
884 510 985 580 μὲν
1013 506 1163 580 εἶχεν
1199 507 1439 578 ἔμψυχόν
1465 524 1525 560 τε
1566 508 1659 560 καὶ
1705 508 1859 577 λογι-

286 600 389 670 κὴν
430 599 505 663 ώς
549 601 726 671 ἡμεῖς,
760 600 870 653 τῶν
911 600 969 653 δὲ
1015 600 1116 669 τῆς
1150 600 1422 671 ἁμαρτίας
1463 600 1562 653 οὐκ
1588 599 1859 670 ’ἠνέσχετο

288 691 600 760 κινημάτων
630 690 825 761 ὥσπερ
850 688 1032 762 ἡμεῖς,
1063 689 1178 744 ἀλλ’
1216 691 1275 751 ἐν
1306 689 1517 760 σώματι
1554 690 1645 758 ὐφ’
1678 691 1859 761 ἀμαρ-

286 782 405 843 τίας
433 780 844 852 πολεμουμένῳ,
863 783 962 851 τὴν
986 776 1087 852 τῆς
1119 779 1391 850 ἁμαρτίας
1418 781 1709 850 τυραννίδα
1729 796 1862 834 κατ-

287 870 471 923 ἐλυσε·
522 871 609 924 διὰ
657 871 817 925 τοῦτο
882 874 940 925 ἐν
1007 872 1309 943 ὁμοιώματι
1358 871 1645 942 ἀνθρώπου
1706 871 1861 941 γενό-

288 977 463 1031 μενος,
499 962 594 1015 καὶ
643 963 882 1032 σχήματι
913 962 1154 1035 εὑρεθεὶς
1203 963 1280 1026 ὡς
1331 962 1635 1033 ἄνθρωπος,
1669 963 1862 1017 ἑαυτὸν

284 1051 668 1113 ἐταπείνωσεν,
702 1053 987 1123 γενόμενος
1020 1053 1259 1125 ὑπήκοος
1293 1053 1454 1124 μέχρι
1487 1054 1737 1118 Θανάτου,
1764 1053 1861 1107 θα-

284 1143 446 1195 νάτου
475 1141 529 1195 δὲ
558 1141 790 1213 σταυροῦ
812 1155 825 1171 ⁶
872 1142 965 1196 καὶ
992 1141 1123 1197 αὐτὸ
1153 1143 1211 1197 δὲ
1253 1143 1311 1198 τὸ
1348 1144 1517 1213 ὁνομα
1551 1144 1650 1214 τῆς
1678 1161 1862 1198 ταπει-

286 1228 502 1294 νώσεως
544 1230 697 1304 δηλοῐ
732 1232 832 1303 τὴν
870 1231 971 1303 τῆς
1012 1234 1276 1305 ταπεινῆς
1310 1233 1578 1305 ἀνάληψιν
1624 1234 1855 1304 φύσεως.

288 1321 496 1385 Ἀλλως
533 1340 592 1375 τε
621 1324 748 1393 περὶ
778 1323 873 1376 τοῦ
904 1324 962 1378 ἐν
994 1328 1175 1397 μορφῇ
1210 1325 1345 1379 Θεοῦ
1374 1326 1709 1398 ὑπάρχοντος
1739 1326 1858 1380 δια-

283 1412 593 1482 λεγόμενος,
643 1415 956 1485 ἐπήγαγενο
1013 1433 1035 1466 ι
1091 1414 1179 1470 Ἐν
1208 1414 1513 1487 ὁμοιώματι
1558 1416 1861 1487 ἀνθρώπων

282 1500 593 1570 γενόμενος,
626 1502 719 1554 καὶ
764 1504 1004 1573 σχήματι
1050 1504 1293 1575 εὑρεθεὶς
1346 1505 1422 1568 ὠς
1469 1505 1772 1576 ἄνθρωπος,
1833 1524 1852 1557 ι

282 1589 548 1644 διδάσκων
577 1591 663 1644 ὅτι
705 1592 734 1644 ό
762 1592 1055 1663 ἀσώματος
1093 1592 1229 1647 Θεοῦ
1258 1593 1431 1661 Λόγος
1471 1596 1547 1657 ώς
1575 1594 1860 1665 ἄνθρωπος

284 1676 462 1748 ὤφθη,
484 1679 646 1748 φύσιν
676 1680 1025 1751 ἀνθρωπείαν
1050 1682 1336 1737 ἀναλαϐών
1355 1700 1369 1714 ⁸
1403 1682 1485 1736 διὸ
1522 1684 1617 1737 καὶ
1646 1683 1707 1737 τὸ
1736 1704 1753 1735 ι
1783 1685 1859 1748 ὡς

283 1767 566 1840 ἄνθρωπος
601 1788 620 1821 ι
652 1770 918 1837 τέθεικεν,
941 1772 1030 1826 ἵνα
1060 1772 1134 1842 μὴ
1156 1774 1367 1844 τροπήν
1387 1790 1509 1826 τινα
1534 1773 1859 1844 γεγενῆσθαι
1888 1759 1933 1813 Β

282 1859 596 1931 νομίσωμεν
618 1861 714 1915 τοῦ
744 1863 979 1934 ἀοράτου
1019 1864 1177 1929 Θεοῦ,
1209 1865 1345 1919 ἀλλά
1378 1865 1758 1936 πιστεύσωμεν
1778 1867 1859 1921 ὁτι

284 1952 463 2023 σάρκα
494 1952 675 2007 λαϐὼν
704 1953 946 2025 ἔμψυχόν
985 1970 1046 2008 τε
1086 1956 1180 2009 καὶ
1215 1956 1460 2028 λογικὴν,
1509 1957 1641 2021 Θεὸς
1685 1955 1760 2011 ὢν
1803 1961 1861 2011 ἐν

281 2041 589 2111 ὁμοιώματι
626 2042 919 2113 ἀνθρώπου
966 2045 1201 2113 ἐγένετο,
1249 2047 1342 2100 καὶ
1386 2050 1626 2117 σχήματι
1662 2046 1861 2119 εὐρέθη

281 2131 357 2193 ὡς
394 2132 712 2203 ἄνθρωπος’
756 2133 930 2199 οὕτως
974 2137 1003 2188 ὁ
1050 2136 1225 2206 μέγας
1261 2137 1361 2207 τῆς
1400 2137 1681 2200 εὐσεϐείας
1730 2153 1864 2208 προ-

282 2224 610 2290 αγωνιστὴς,
641 2228 669 2278 6
702 2226 973 2296 μακάριος
1004 2226 1147 2296 λέγω
1175 2226 1406 2291 Παῦλος,
1425 2229 1493 2280 τά
1518 2228 1738 2282 ποικίλα
1767 2228 1862 2281 καὶ

279 2310 512 2381 διάφορα
566 2314 676 2367 τῶν
733 2312 1024 2385 αίρετικῶν
1074 2315 1338 2368 κατέλυσε
1386 2316 1648 2385 στόματα.
1718 2314 1861 2369 Ἀλλ’

281 2403 521 2457 ἐνταῦθα
558 2406 658 2475 μὲν
704 2407 847 2476 ἡμᾶς
878 2408 907 2459 6
938 2407 1109 2473 Λόγος
1137 2409 1474 2478 παρήνεγκε,
1507 2408 1608 2479 τὴν
1641 2409 1750 2463 τῶν
1778 2410 1862 2463 αί-

280 2492 515 2562 μτικῶν
543 2495 783 2564 ἐλέγχων
810 2494 1232 2566 ἐμϐροντησίαν,
1264 2497 1359 2550 καὶ
1389 2497 1524 2569 δῆλα
1554 2499 1724 2552 ποιῶν
1749 2501 1861 2564 τοῖς

275 2582 564 2653 τροφίμοις
596 2586 695 2656 τῆς
726 2586 1006 2650 εὐσεϐείας
1043 2588 1138 2658 τῆς
1176 2588 1433 2659 ἀληθείας
1480 2589 1552 2644 τὰ
1592 2590 1857 2663 δόγματα.

293 2674 618 2745 Ἀναχωρεῖν
650 2670 766 2736 οὖν,
795 2675 921 2730 ὅθεν
957 2676 1172 2749 ἐξέϐην,
1205 2681 1417 2750 καιρός.

284 2827 387 2887 lA'.
433 2831 599 2896 Τίνος
627 2831 804 2901 χάριν
828 2830 945 2904 τὴν
990 2832 1373 2904 ἀνθρωπίνην
1406 2834 1601 2904 φύσιν
1648 2838 1681 2891 ό
1716 2836 1861 2903 Θεὸς

808 2900 1062 2956 ἀνέλαϐε
1095 2900 1307 2972 Λόγος.

351 3010 541 3064 Τοίνυν
590 3010 689 3082 τὴν
726 3011 1001 3082 ἡμετέραν
1034 3013 1197 3082 φύσιν
1229 3016 1258 3068 ὁ
1292 3015 1532 3087 Ποιητής
1580 3017 1858 3088 οἰκτείρας

280 3100 383 3154 ὐπὸ
403 3101 495 3154 τοῦ
526 3102 770 3174 Πονηροῦ
798 3104 1229 3176 πολεμουμένην,
1258 3108 1352 3159 καὶ
1379 3111 1494 3172 τοῖς
1510 3114 1728 3182 πικροῖς
1754 3110 1856 3182 τῆς

281 3194 555 3264 ἁμαρτίας
586 3195 763 3264 βέλεσι
799 3195 1152 3267 βαλλομένην,
1202 3199 1297 3251 καὶ
1326 3200 1404 3270 τῷ
1440 3202 1651 3273 θανάτῳ
1677 3220 1860 3274 παρα-

281 3286 664 3355 πεμπομένην,
703 3286 973 3356 ἐπαμύνει
1009 3291 1074 3359 τῇ
1127 3290 1315 3354 εἰκόνι,
1370 3291 1464 3343 καὶ
1513 3294 1640 3354 τοὺς
1694 3294 1857 3347 πολε-

281 3376 513 3447 μοῦντας
543 3376 997 3444 καταγωνίζεται,
1029 3380 1090 3430 οὐ
1131 3382 1309 3449 γυμνῇ
1357 3382 1425 3450 τῇ
1468 3380 1692 3450 δυνάμει
1721 3402 1859 3455 χρη-

281 3467 511 3536 σάμενος
538 3469 604 3538 τῇ
637 3466 873 3532 θεότητι,
920 3466 1042 3519 οὐδὲ
1079 3469 1147 3537 τῇ
1188 3466 1409 3537 ἐξουσίᾳ
1446 3467 1549 3537 τῆς
1583 3467 1860 3537 βασιλείας

279 3553 630 3624 καταπλήξας
646 3556 773 3618 τοὺς
799 3555 1144 3621 ἀντιπάλους,
1172 3556 1273 3609 οὐκ
1303 3555 1569 3624 ἀγγέλους
1601 3558 1859 3626 στρατεύ-

278 3662 398 3709 σας,
429 3646 550 3698 οὐδὲ
587 3646 713 3709 τοὺς
755 3645 1125 3717 ἀρχαγγέλους
1175 3646 1255 3709 είς
1294 3646 1610 3717 συμμαχίαν
1655 3645 1856 3711 λαϐὼν,

276 3737 396 3790 οὐδὲ
457 3738 756 3809 κεραυνοὺς
807 3738 839 3808 ἢ
888 3738 1211 3808 πρηστῆρας
1258 3738 1401 3791 κατὰ
1449 3739 1556 3791 τῶν
1600 3738 1858 3794 ἐναντίων

273 3829 519 3895 ὁπλίσας,
562 3830 683 3882 οὐδὲ
734 3829 873 3899 μετά
919 3828 1028 3882 τῶν
1083 3828 1347 3900 χερουϐὶμ
1391 3831 1579 3899 φανεὶς
1626 3831 1717 3883 ἐπὶ
1758 3832 1858 3901 τῆς

274 3922 501 3991 ἠπείρου
548 3922 642 3974 καὶ
690 3921 801 3973 τῶν
849 3922 1136 3993 ἡμετέρων
1190 3922 1479 3975 ἀντιδίκων
1527 3922 1856 3986 δικαστικῶς

273 4011 792 4081 καταψηφισάμενος
837 4009 982 4083 [cod.
1045 4011 1305 4067 mendose
1349 4011 1851 4084 καταψησάμενος],

272 4100 385 4153 ἀλλ’
427 4094 506 4163 εἷς
533 4099 641 4153 τῶν
672 4101 989 4155 ὑπευθύνων
1037 4102 1131 4154 καὶ
1178 4101 1602 4171 πολεμουμένων
1636 4103 1855 4172 γινόμε-

271 4207 379 4253 νος,
411 4191 505 4242 xui.
537 4190 895 4262 κατακρύψας
922 4192 983 4244 τὸ
1016 4192 1424 4263 μεγαλοπρεπὲς
1470 4191 1567 4261 τῆς
1602 4191 1854 4263 θεότητος

268 4282 334 4351 τῇ
387 4278 631 4351 εὐτελείᾳ
677 4283 775 4351 τῆς
826 4281 1267 4352 ἀνθρωπότητος,
1312 4281 1404 4333 καὶ
1447 4279 1538 4333 τὸν
1575 4280 1853 4353 ὁρώμενον

266 4372 551 4442 ἄνθρωπον
585 4374 664 4436 είς
698 4372 875 4444 πάλην
906 4373 1153 4442 ἀλείψας,
1187 4373 1281 4427 καὶ
1309 4375 1611 4445 νικήσαντα
1656 4391 1854 4443 στεφα-

267 4460 443 4540 νώσας
466 4478 477 4492 ·
512 4464 605 4517 καὶ
635 4463 890 4517 παιδόθεν
922 4464 1020 4534 μὲν
1065 4463 1163 4534 τὴν
1190 4464 1389 4536 ἀρετὴν
1417 4466 1720 4531 ὲκδιδάξας,
1764 4467 1855 4519 καὶ

276 4552 620 4624 δικαιοσύνης
649 4557 726 4616 είς
758 4557 1057 4625 ἀκρότατον
1098 4555 1338 4623 ἀγαγὼν,
1373 4558 1640 4628 ἀήττητον
1679 4558 1736 4611 δὲ
1759 4561 1857 4626 cpta—4

1961 509 2147 562 habuit
2169 508 2332 564 etiam
2366 508 2537 563 Deum
2564 506 2800 565 Verbum
2840 508 3005 580 815
3032 526 3102 563 m.
3144 509 3453 566 inhabitans
3480 520 3536 564 et

1960 598 2191 659 unitum.
2244 599 2477 655 Carnem
2532 600 2722 655 habuit
2762 601 3058 654 animatam
3110 609 3163 655 et
3214 601 3533 657 rationalem

1961 690 2035 745 uti
2067 705 2187 757 nos,
2216 698 2272 745 at
2320 691 2524 761 peccati
2581 691 2972 747 commotiones
3017 707 3121 746 non
3157 707 3309 763 aeque
3338 707 3402 749 ac
3436 708 3534 747 nos

1960 790 2220 851 expertus
2240 791 2322 837 est
2352 799 2367 848 ;
2402 783 2495 838 sed
2537 782 2592 837 in
2645 797 2876 853 corpore
2922 784 3062 853 quod
3121 793 3345 853 peccato
3397 782 3536 838 solet

1959 888 2081 929 esse
2154 874 2469 941 obnoxium,
2540 875 2748 944 peccati
2817 874 3154 946 tyrannidem
3223 874 3531 930 debellavit.

1960 964 2251 1036 Propterea
2291 966 2343 1020 in
2394 966 2799 1022 similitudinem
2832 965 3069 1021 hominis
3118 965 3314 1031 factus,
3346 975 3401 1020 et
3432 965 3533 1019 ha-

1959 1053 2074 1109 bitu
2131 1054 2384 1110 inventus
2415 1065 2475 1111 ut
2522 1056 2707 1120 homo,
2755 1066 2930 1111 semet
2985 1055 3308 1121 humiliavit,
3360 1055 3535 1109 factus

1958 1142 2214 1199 obediens
2265 1158 2438 1214 usque
2468 1145 2533 1200 ad
2586 1153 2840 1210 mortem,
2900 1154 3131 1199 mortem
3172 1153 3352 1199 autem
3410 1158 3536 1197 cru-

1959 1230 2039 1287 cis
2061 1230 2173 1286 ⁹’¹⁶.
2226 1231 2292 1286 Ει
2326 1232 2536 1301 quidem
2576 1231 2750 1302 ipsum
2796 1231 3185 1287 humiliationis
3214 1230 3533 1286 vocabulum

1960 1322 2293 1377 demonstrat
2330 1321 2549 1376 humilis
2587 1332 2794 1377 naturae
2814 1320 3260 1389 assumptionem.
3303 1319 3534 1374 Aliunde

1958 1411 2144 1477 etiam,
2185 1414 2253 1468 de
2280 1427 2344 1468 eo
2364 1416 2454 1483 qui
2488 1416 2539 1469 in
2564 1415 2735 1470 forma
2774 1415 2864 1471 Dei
2901 1426 3018 1470 erat
3052 1415 3352 1476 disserens,
3383 1411 3535 1469 addi-

1960 1502 2037 1558 dit
2069 1518 2086 1557 :
2124 1519 2143 1554 t
2175 1500 2232 1557 In
2258 1503 2665 1560 similitudinem
2688 1506 2966 1561 hominum
3018 1506 3219 1571 factus,
3260 1512 3313 1560 et
3345 1503 3535 1559 habitu

1960 1590 2212 1646 inventus
2261 1599 2321 1646 ut
2377 1592 2593 1657 homo;
2656 1611 2675 1645 ι
2733 1595 2936 1651 docens
2987 1594 3362 1664 incorporeum
3440 1592 3535 1649 Dei

1962 1683 2196 1738 Verbum
2245 1684 2323 1739 uti
2372 1684 2643 1740 hominem
2673 1686 3015 1754 apparuisse,
3054 1688 3289 1741 humana
3329 1686 3537 1742 scilicet

1963 1784 2236 1845 assumpta
2272 1786 2486 1831 natura.
2518 1774 2644 1831 Ideo
2670 1784 2722 1831 et
2748 1776 2885 1831 dixit
2920 1794 2938 1826 ι
2974 1786 3033 1830 ιιι
3056 1776 3236 1844 homo,
3274 1795 3294 1829 ι
3326 1792 3393 1832 ne
3418 1793 3536 1831 mu-

1965 1865 2222 1920 tationem
2288 1865 2521 1936 aliquam
2576 1866 2775 1920 factam
2832 1864 3208 1921 existimemus
3255 1867 3538 1922 invisibilis

1961 1955 2078 2022 Dei,
2126 1957 2223 2012 sed
2268 1957 2556 2012 credamus
2586 1957 2784 2026 potius,
2835 1957 3009 2026 ipsum
3049 1970 3216 2011 carne
3262 1965 3535 2023 assumpta

1962 2049 2196 2104 animata
2245 2063 2310 2103 ac
2345 2049 2620 2115 rationali,
2651 2064 2772 2105 cum
2820 2049 2963 2105 Deus
3002 2058 3169 2115 esset,
3203 2048 3259 2106 in
3284 2049 3539 2105 similitu-

1962 2142 2142 2196 dinem
2172 2142 2403 2196 hominis
2438 2140 2662 2208 factum,
2710 2150 2765 2196 et
2807 2142 2996 2196 habitu
3035 2141 3311 2197 inventum
3349 2152 3408 2196 ut
3438 2142 3538 2196 ho-

1963 2233 2183 2286 minem.
2217 2230 2308 2287 Slc
2343 2242 2569 2302 magnus
2603 2240 2767 2286 rectae
2791 2231 2914 2287 ﬁdei
2953 2242 3345 2303 propugnator,
3401 2232 3535 2287 bea-

1965 2330 2067 2387 tus,
2092 2323 2335 2391 inquam,
2365 2320 2583 2388 Paulus,
2608 2321 2822 2377 diversa
2853 2338 2919 2378 ac
2953 2322 3104 2376 varia
3153 2322 3533 2377 hmreticorum

1961 2426 2055 2466 ora
2086 2406 2385 2479 dissipavit.
2411 2411 2517 2466 Sed
2545 2410 2770 2465 ulterius
2786 2410 2807 2480 j
2824 2426 2911 2465 am
2938 2426 3035 2466 nos
3065 2411 3322 2481 provexit
3354 2426 3538 2467 sermo

1962 2510 2168 2565 noster,
2223 2500 2350 2555 dum
2406 2500 2788 2557 haereticorum
2835 2500 3115 2557 vesaniam
3170 2502 3436 2571 coarguit,
3485 2510 3540 2555 et

1962 2600 2125 2648 rectae
2150 2590 2275 2646 ﬁdei
2316 2590 2553 2646 alumnis
2578 2593 2830 2662 dogmata
2860 2591 3107 2647 veritatis
3132 2594 3339 2661 pandit.
3398 2592 3540 2662 Ergo

1956 2683 2069 2753 jam
2098 2689 2309 2751 tempus
2335 2689 2419 2737 est
2448 2681 2595 2750 illuc,
2632 2681 2774 2738 unde
2792 2681 3169 2748 discessimus,
3204 2684 3536 2741 revertendi.

1959 2832 2053 2888 XI.
2090 2831 2257 2902 Cujus
2284 2833 2362 2889 rei
2393 2832 2568 2904 gratia
2607 2832 2893 2886 humanam
2923 2839 3173 2904 ngluram
3216 2831 3356 2884 Deus
3415 2827 3541 2883 Ver-

2482 2903 2604 2957 bum
2642 2888 3004 2972 auumpterﬁ.

2056 3014 2226 3087 igitur
2288 3022 2541 3069 naturam
2607 3020 2849 3067 nostram
2906 3009 3131 3066 Creator
3190 3010 3459 3063 miserans
3506 3022 3539 3059 ιι

1884 3089 1927 3148 ο
1960 3108 2102 3163 malo
2129 3107 2376 3162 daemone
2405 3111 2796 3175 oppugnatam,
2821 3111 2878 3157 et
2909 3100 3125 3157 acerbis
3151 3098 3358 3170 peccati
3379 3096 3540 3166 sagit-

1962 3203 2029 3257 tis
2050 3198 2414 3263 vulneratam,
2437 3194 2710 3264 mortique
2734 3192 3030 3255 addictam,
3076 3188 3350 3260 propriam
3395 3187 3540 3240 ultus

1959 3296 2039 3343 est
2089 3288 2403 3359 imaginem,
2440 3286 2739 3355 hostesque
2788 3281 3142 3355 propulsavit,
3205 3277 3352 3334 haud
3406 3276 3539 3333 solis

1958 3378 2178 3436 deitatis
2222 3380 2427 3435 viribus
2482 3387 2673 3442 utens,
2712 3389 2887 3445 neque
2942 3370 3242 3444 maiestatis
3296 3366 3539 3438 potentia

1960 3470 2345 3526 colluctatores
2403 3468 2723 3539 'proiiigans,
2801 3482 2907 3521 non
2979 3464 3297 3534 angelorum
3362 3461 3537 3514 aciem

1960 3554 2256 3618 instruens,
2283 3570 2461 3622 neque
2488 3554 2844 3624 archangelos
2884 3553 3182 3606 auxiliares
3225 3562 3535 3611 assumens,

1960 3658 2067 3698 non
2103 3642 2326 3696 fulmina
2361 3652 2456 3695 aut
2490 3645 2732 3697 turbines
2763 3650 2955 3695 contra
2995 3641 3247 3695 inimicos
3289 3653 3538 3699 armans.

1958 3746 2135 3801 neque
2152 3746 2274 3786 cum
2317 3730 2629 3785 cherubinis
2654 3732 2707 3784 in
2736 3739 2881 3785 terra
2902 3743 3167 3799 apparens
3194 3728 3538 3782 adversarios

1957 3837 2055 3893 pro
2087 3821 2341 3876 tribunali
2386 3822 2754 3877 condemnans
2797 3819 2939 3886 ;sed
2998 3829 3253 3888 tanquam
3304 3831 3445 3872 unus
3471 3818 3538 3871 de

1956 3914 2065 3969 reis
2091 3915 2525 3984 oppugnatisque
2545 3912 2745 3980 factus,
2801 3910 3129 3982 deitatisque
3181 3908 3539 3979 magniﬁcen-

1959 4006 2084 4060 tiam
2115 4004 2323 4060 vilitate
2361 4004 2713 4059 humanitatis
2758 4002 2961 4069 celans,
3027 4001 3196 4073 816
3227 4015 3297 4054 ιιι.
3345 3998 3536 4054 visibi-

1954 4097 2058 4153 lem
2083 4097 2352 4152 hominem
2390 4096 2456 4150 ad
2487 4110 2725 4167 pugnam
2756 4092 3153 4161 corroboravit,
3184 4102 3239 4147 et
3267 4092 3530 4146 victorem

1955 4189 2239 4244 coronavit
2278 4186 2504 4257 :etjam
2534 4187 2662 4242 inde
2697 4202 2726 4241 a
2761 4185 2943 4257 pueris
2988 4184 3249 4239 virtutem
3294 4182 3535 4244 edocuit,

1958 4289 2122 4348 atque
2153 4279 2220 4335 ad
2256 4277 2488 4346 iustitia:
2516 4279 2731 4333 culmen
2776 4275 3044 4344 provexit,
3094 4272 3359 4328 invictum
3418 4284 3536 4324 ser-

1956 4387 2109 4437 vans,
2144 4382 2199 4425 et
2226 4370 2433 4441 peccati
2470 4370 2592 4424 telis
2624 4370 2945 4433 immunem,
3016 4365 3341 4435 permittens
3375 4362 3535 4418 simul

1962 4474 2019 4520 ut
2085 4464 2246 4519 morti
2316 4463 2719 4525 succumberet,
2775 4474 2883 4530 quo
2940 4457 3147 4528 peccati
3216 4454 3536 4524 injustitiam

1963 4562 2307 4625 coargueret,
2334 4562 2391 4609 et
2437 4556 2631 4608 mortis
2665 4548 2963 4618 potentiam
2997 4548 3325 4602 destrueret.

269 4642 454 4725 λάξας,
502 4645 593 4696 καὶ
652 4645 759 4696 τῶν
803 4645 972 4714 βελῶν
1010 4648 1109 4717 τῆς
1168 4648 1441 4719 ἁμαρτίας
1503 4649 1809 4720 ἐλεύθερον,
1860 4651 2221 4720 συγχωρήσας
2264 4645 2323 4699 δὲ
2371 4646 2521 4716 ὅμως
2563 4644 2670 4697 ὑπὸ
2724 4641 2953 4695 θάνατον
3005 4639 3278 4708 γενέσθαι,
3321 4636 3407 4689 ἵνα
3439 4633 3537 4705 τῆς

268 4732 541 4805 ἁμαρτίας
574 4734 671 4804 τὴν
745 4735 958 4789 ἀδικίαν
1021 4737 1255 4812 ἐλέγξῃ,
1324 4741 1417 4793 καὶ
1470 4738 1565 4793 τοῦ
1632 4741 1862 4797 θανάτου
1918 4740 2202 4813 καταλύσῃ
2262 4738 2324 4791 τὸ
2367 4738 2584 4808 κράτος.

335 4882 399 4934 Et
432 4882 541 4953 γὰρ
565 4879 675 4934 τῶν
705 4880 813 4934 ὐπὸ
842 4881 943 4953 τὴν
971 4883 1247 4955 ἁμαρτίαν
1281 4886 1663 4957 γεγενημένων
1691 4888 1719 4941 ὁ
1752 4886 1847 4942 θά-

263 4992 423 5037 νατος
454 4974 745 5045 ἐπιτίμιον,
771 4977 799 5029 ὁ
825 4974 1029 5046 ταύτης
1051 4977 1471 5047 ἀπηλλαγμένος
1502 4978 1840 5043 παντάπασι,

259 5065 500 5136 δηλονότι
535 5064 681 5135 ζωῆς
724 5066 1043 5131 ἀπολαύειν,
1084 5067 1198 5120 ἀλλ’
1234 5069 1295 5119 οὐ
1346 5066 1599 5131 Θανάτου,
1642 5068 1846 5132 δίκαιος

259 5150 363 5226 ἦν’
395 5156 573 5209 τοίνυν
611 5156 903 5227 ἡττηθεῐσα
949 5158 983 5227 ἡ
1024 5157 1304 5228 ἁμαρτία,
1347 5157 1439 5209 καὶ
1484 5157 1575 5209 τὸν
1620 5157 1846 5227 νικητὴν

264 5248 639 5319 κατακρίνασα
682 5248 938 5320 Θανάτῳ,
981 5248 1076 5302 καὶ
1121 5247 1221 5318 τὴν
1268 5247 1436 5319 αὐτὴν
1488 5246 1848 5315 ἐξενεγκοῦσα

261 5340 405 5393 κατά
430 5339 527 5393 τοῦ
557 5341 905 5413 νενικηκότος
932 5340 1134 5411 ψῆφον,
1166 5342 1231 5410 ἢν
1259 5340 1346 5393 ἀεὶ¹
1376 5338 1517 5394 κατά
1541 5337 1648 5391 τῶν
1673 5340 1849 5406 ἡττω-

260 5432 435 5503 μένων
465 5432 742 5505 ἐξέφερεν,
769 5432 1034 5488 ἀδικοῦσα
1067 5433 1226 5487 ἐάλω.
1248 5434 1425 5503 Μέχρι
1455 5430 1555 5502 μὲν
1577 5433 1690 5501 γὰρ
1719 5431 1844 5493 τοὺς

258 5524 531 5601 ὑπηκόους
544 5524 636 5603 ,τῲ
661 5524 876 5595 θανάτῳ
901 5525 1285 5597 παρέπεμπεν,
1310 5524 1382 5587 ώς
1404 5524 1586 5577 δίκαια
1619 5520 1845 5575 ποιοῦσα

332 5704 425 5737 ⁹·¹⁰
455 5704 683 5771 Philipp.
725 5720 785 5770 ii,
816 5706 868 5768 7,
908 5706 959 5760 8.

2024 4886 2158 4941 Nam
2203 4882 2250 4939 si
2288 4894 2474 4937 eorum
2526 4880 2614 4950 qui
2660 4887 2885 4950 peccato
2939 4885 3339 4932 succubuerunt
3375 4884 3536 4941 poena

1953 4990 2101 5040 mors
2148 4983 2250 5042 est,
2302 4973 2349 5030 is
2400 4976 2489 5043 qui
2538 4981 2764 5044 peccato
2810 4983 3035 5041 prorsus
3082 4967 3257 5021 fuerat
3306 4964 3536 5025 alienus,

1955 5070 2066 5124 vita
2115 5066 2328 5124 scilicet
2378 5065 2524 5132 frui,
2569 5079 2674 5119 non
2729 5070 2961 5119 mortem
3004 5059 3119 5130 pati
3161 5058 3353 5129 dignus
3397 5066 3538 5113 erat.

1955 5161 2123 5216 Porro
2146 5159 2354 5214 victum
2386 5166 2670 5227 peccatum
2726 5169 2847 5209 cum
2880 5154 3058 5222 ipsum
3085 5150 3344 5206 victorem
3374 5151 3534 5203 morti

1946 5251 2267 5315 addixisset,
2294 5249 2649 5317 eamdemque
2667 5248 2929 5300 adversus
2957 5242 3347 5298 dominatorem
3373 5253 3533 5294 suum

1945 5341 2271 5397 sententiam
2302 5339 2533 5404 tulisset,
2568 5352 2730 5407 quam
2755 5344 3018 5405 perpetuo
3049 5342 3242 5389 contra
3280 5330 3533 5387 subditos

1945 5446 2072 5487 suos
2122 5431 2449 5493 exercebat,
2504 5427 2702 5495 injuste
2750 5440 2915 5496 agere
2965 5424 3363 5494 deprehensum
3423 5426 3528 5472 est.

1946 5522 2078 5579 Nam
2112 5521 2349 5592 quandiu
2387 5529 2665 5591 peccatum
2701 5518 2945 5575 subditos
3003 5532 3132 5575 suos
3173 5523 3345 5572 morte
3386 5507 3527 5565 mul-
