3946 6202
413 187 550 244 N35
1396 182 1453 237 S.
1482 176 1756 236 CYRlLLl
1786 172 2255 230 ALEXANDRINI
2293 174 2614 230 ARCIIIEP.
3513 180 3671 235 iam

414 303 584 368 tabat,
625 317 723 359 ceu
752 302 874 373 jure
909 305 962 359 id
993 318 1158 374 agens
1184 318 1288 357 non
1320 301 1740 370 prohibebatur:
1763 300 1855 354 sed
1886 297 1972 351 ubi

2116 299 2435 364 υνεχωρεῖτο
2464 297 2620 349 τοῦτο
2664 302 2834 352 ποιεῖν
2857 317 2869 330 ο
2902 301 3092 372 ἐπειδὴ
3127 302 3183 355 δὲ
3215 302 3305 356 τὸν
3349 302 3528 356 ἀθῶον
3569 303 3670 356 καὶ

414 392 758 447 lnnocentem
796 402 852 446 et
888 391 1083 447 nullius
1119 391 1287 461 culpa:
1322 406 1495 455 reum,
1529 391 1637 445 imo
1662 388 1898 460 praemiis
1926 398 1972 442 et

2114 385 2369 440 ,νεύθυνον
2398 389 2491 441 καὶ
2533 391 2810 458 στεφάνων
2842 392 2935 444 καὶ
2966 392 3321 462 ἁναῤῥήσεων
3354 393 3503 458 ἄξιον
3548 395 3672 453 τοῖς

416 482 648 535 summis
698 480 947 535 laudibus
998 482 1241 550 dignum,
1300 482 1472 536 eidem
1523 495 1697 549 paenae
1754 478 1974 542 addixit,

2114 478 2265 542 ηὐτοίς
2301 478 2597 548 ἐπιτιμίοις
2629 480 2950 543 ὑπέϐαλλεν,
2993 483 3307 551 ἀναγκαίως
3360 483 3547 535 λοιπὸν
3590 482 3672 545 ὡς

417 570 726 626 necessario
765 570 1016 639 posthinc
1069 579 1251 641 utpote
1295 572 1551 640 iniustum
1595 570 1835 639 potentia
1882 584 1975 623 sua

2114 566 2261 630 ,δικος
2295 567 2396 636 τῆς
2420 565 2664 632 ἐξουσίας
2697 569 3034 626 ἐκϐάλλεται.
3059 573 3171 625 Καὶ
3200 571 3359 625 τοῦτο
3389 572 3672 625 διδάσκων

417 658 695 727 depulsum
746 658 868 713 fuit.
920 659 1095 729 Atque
1150 661 1254 716 hoc
1308 661 1506 715 docens
1551 659 1738 714 beatus
1787 659 1975 714 Paulus

2108 657 2405 729 ιμακάριος
2454 657 2664 720 Παῦλος
2707 659 2919 728 ἔλεγενο
2962 679 2980 711 ι
3014 660 3088 713 Τὸ
3140 660 3248 730 γὰρ
3274 660 3535 714 ἀδύνατον
3568 660 3666 714 τοῦ

418 750 639 805 aiebat:
673 768 692 801 ι
721 750 876 816 Quod
928 758 1045 804 erat
1100 751 1431 822 impossibile
1466 751 1591 821 legi,
1640 752 1692 805 in
1739 765 1845 820 quo
1891 766 1976 821 per

2106 747 2247 817 νόμου
2293 751 2350 801 ὲν
2381 739 2425 814 ᾧ
2465 747 2677 816 ἠσθένει
2706 749 2794 802 διὰ
2825 750 2926 820 τῆς
2965 750 3167 819 σαρκὸς
3214 750 3314 820 (ι),
3343 752 3370 802 ὁ
3402 750 3535 813 Θεὸς
3568 751 3664 802 τὸν

418 856 635 895 carnem
666 841 1067 907 inﬁrmahatur,
1102 845 1242 899 Deus
1277 842 1469 897 Filium
1493 859 1646 898 suum
1680 844 1900 897 mittens
1929 842 1976 897 in

2103 838 2279 891 ἐαυτοῦ
2324 839 2447 893 Υἱδν
2478 841 2732 910 πέμψας,
2782 843 2840 894 ὲν
2871 842 3180 912 ὁμοιώματι
3228 841 3429 912 σαρκὸς
3471 843 3661 911 ἁμαρ-

422 930 827 986 similitudinem
853 935 1034 987 carnis
1049 934 1273 1004 peccati,
1305 945 1357 987 et
1381 950 1479 1003 pro
1498 941 1739 1003 peccato,
1763 933 1980 987 damna‘

2105 928 2220 992 πίας,
2250 929 2343 980 κειιὶ⁵
2375 930 2502 999 περὶ
2523 930 2818 999 ἁμαρτίας,
2856 930 3141 1002 κατέκρινε
3170 930 3269 999 τὴν
3295 931 3574 1001 ἁμαρτίαν
3606 930 3663 982 ἑν

421 1021 498 1075 vit
526 1023 576 1075 in
617 1038 785 1078 carne
816 1034 1117 1092 peccatum,
1152 1034 1209 1078 ut
1233 1025 1551 1092 justilicatio
1581 1024 1713 1093 legis
1738 1024 1979 1094 implere-

2107 1021 2152 1089 πῇ
2189 1019 2384 1089 σαρκὶ,
2422 1021 2508 1074 ἵνα
2554 1022 2612 1074 τὸ
2659 1021 2932 1092 δικαίωμα
2960 1020 3054 1075 τοῦ
3095 1022 3260 1091 νόμου
3294 1022 3558 1092 πληρωθῇ
3608 1024 3665 1074 ὲν

421 1124 509 1167 tur
542 1116 593 1168 in
615 1116 893 1185 nobis,qui
920 1132 1024 1170 non
1046 1118 1345 1173 secundum
1375 1132 1593 1172 carnem
1619 1117 1979 1183 ambulamus,

2114 1115 2217 1183 ίμῖν
2245 1114 2358 1175 τοῖς
2396 1113 2470 1183 μὴ
2503 1113 2645 1166 κατὰ
2684 1115 2861 1184 σάρκα
2899 1112 3314 1183 περιπατοῦσιν,
3348 1113 3485 1168 ἁλλὰ
3516 1113 3671 1167 κατὰ

420 1205 511 1259 sed
547 1207 841 1261 secundum
883 1207 1127 1276 spiritum
1156 1209 1219 1263 η.
1256 1226 1274 1259 ι

825 1223 841 1261 t
883 1207 1127 1276 spiritum
1156 1209 1219 1263 ”.
1256 1226 1274 1259 ι
2088 1207 2325 1278 πνεῦμα.
2364 1227 2383 1260 ι

491 1296 645 1362 Quod
682 1312 808 1352 vero
839 1298 931 1362 ait,
970 1299 1069 1352 hoc
1101 1307 1181 1352 est
1216 1315 1229 1352 :
1267 1299 1473 1366 Scopus
1505 1298 1639 1369 legis
1668 1309 1784 1353 erat
1812 1300 1983 1355 homi-

2166 1300 2229 1351 Ὃ
2270 1299 2326 1351 δὲ
2366 1297 2533 1365 λέγει,
2575 1297 2781 1351 τοιοῦτό
2828 1299 2945 1352 ὲστι
2969 1316 2982 1329 ο
3014 1298 3247 1361 Σκοπὸς,
3282 1298 3467 1368 φησὶν,
3494 1292 3567 1367 ἦν
3586 1298 3670 1367 τῷ

422 1399 549 1437 num
592 1395 835 1441 naturam
876 1386 1175 1455 justilicare
1205 1406 1216 1440 :
1248 1389 1388 1442 haud
1445 1397 1620 1442 tamen
1658 1389 1708 1442 id
1752 1399 1980 1458 poterat.

2108 1389 2236 1459 νόμῳ
2261 1388 2545 1441 δικαιῶσαι
2570 1388 2666 1457 τὴν
2695 1389 2853 1457 φύσιν
2880 1387 2989 1442 τῶν
3015 1386 3319 1460 ἀνθρώπων
3337 1405 3351 1417 ·
3383 1388 3666 1451 ἀδυνάτως

421 1491 528 1530 non
562 1480 793 1546 propria:
825 1478 1155 1533 inﬁrmitatis
1183 1496 1366 1545 causa,
1394 1481 1486 1534 sed
1520 1489 1739 1550 prapter
1767 1482 1979 1536 audien-

2108 1480 2145 1532 ἱὲ
2176 1476 2285 1550 εἶχε
2318 1479 2476 1532 τοῦτο
2505 1483 2695 1543 ποιεῖν,
2725 1481 2786 1533 οὐ
2818 1480 2969 1551 παρὰ
2997 1481 3094 1550 τὴν
3122 1480 3327 1532 οἰκείαν
3352 1477 3666 1539 ἀσθένειαν,

422 1568 555 1621 tiutn
594 1568 657 1621 ad
691 1577 837 1623 recte
867 1571 1130 1638 agendum
1163 1570 1424 1640 ignaviam
1457 1587 1470 1623 :
1506 1586 1736 1639 namque
1760 1573 1825 1626 ad
1866 1588 1980 1627 car-

2114 1572 2225 1625 0.1a
2259 1571 2344 1625 διὰ
2383 1573 2480 1642 τὴν
2511 1572 2621 1625 τῶν
2650 1572 2955 1626 ἀκουόντων
2998 1570 3315 1641 ῥᾳστώνην·
3347 1569 3672 1641 ὲπιρρεπῶς

423 1659 509 1711 nis
558 1658 883 1728 voluptatem
919 1660 1206 1728 proclives,
1253 1661 1628 1716 mandatorum
1672 1662 1802 1732 legis
1839 1663 1981 1719 labo-

2245 1640 2456 1733 ἔχοντες
2497 1662 2625 1733 περ)⁹
2666 1661 2764 1733 τὴν
2805 1661 2906 1731 τῆς
2945 1640 3147 1732 σαρκὸς
3201 1640 3413 1731 ἡδονὴν,
3445 1640 3679 1729 ἔφυγον
3782 1692 3792 1709 ι

426 1762 540 1800 rem
564 1748 925 1817 defugiebaut,
953 1751 1301 1819 corporisque
1329 1751 1774 1808 delectationibus
1807 1755 1984 1809 adita:-

2114 1753 2199 1806 ιὲν
2223 1754 2282 1807 τὺ
2328 1754 2434 1806 τῶν
2464 1753 2710 1824 νομίμων
2738 1753 3012 1816 ἐπίπονον,
3061 1754 3181 1814 ταῖς
3206 1751 3263 1805 δὲ
3290 1750 3383 1804 τοῦ
3413 1750 3672 1820 σώματικ

424 1838 633 1892 rebant.
677 1838 988 1908 Propterea,
1026 1841 1217 1910 inquit,
1262 1842 1581 1897 universalis
1621 1844 1761 1898 Deus
1799 1845 1982 1899 Filium

2120 1845 2475 1917 προσεχώρουν
2518 1844 2872 1915 ἡδυπαθείαις
2892 1860 2906 1874 ⁸
2933 1843 3023 1896 διὰ
3065 1842 3245 1907 τοῦτο,
3279 1842 3467 1912 φησιν,
3492 1843 3522 1893 ὁ
3564 1840 3678 1893 τῶν

427 1942 583 1981 suum
637 1930 854 1999 mittens
894 1930 947 1984 in
986 1931 1393 1986 similitudinem
1429 1934 1608 1989 carnis
1636 1937 1862 2005 peccati,
1894 1938 1985 1992 hoc

2126 1936 2231 1988 λων
2274 1934 2406 1997 Θεὸς
2444 1934 2534 1987 τὸν
2584 1934 2779 1987 ἑαυτοῦ
2836 1932 3061 2003 πέμψας
3094 1932 3222 1985 Υἰὸν
3263 1933 3320 1985 ἐν
3361 1930 3682 2001 ὁμοιώματι

425 2027 508 2072 est
551 2034 674 2073 cum
711 2021 942 2075 humana
980 2022 1193 2090 quidem
1244 2031 1459 2088 natura,
1509 2026 1601 2079 sed
1640 2033 1816 2080 tamen
1864 2042 1983 2095 pec‘

2118 2022 2299 2093 παρκὺς
2333 2021 2632 2093 ἁμαρτίας,
2672 2021 2949 2074 τουτέστιν
2981 2019 3297 2091 ἀνθρωπίνῃ
3346 2020 3447 2088 μὲν
3486 2019 3676 2087 φύσει,

426 2121 551 2164 cato
593 2110 789 2175 aliena,
825 2121 880 2165 et
928 2128 1025 2182 pro
1060 2123 1300 2182 peccato,
1354 2117 1628 2171 damnavit
1668 2118 1721 2171 in
1751 2119 1984 2188 817m.

2119 2107 2366 2177 ιμαρτίας
2389 2106 2444 2160 δὲ
2471 2108 2885 2178 άπηλλαγμένῃ,
2917 2107 3011 2160 καὶ
3040 2107 3169 2176 περὶ
3205 2106 3506 2175 ἁμαρτίας,
3537 2124 3677 2161 κατ-

429 2216 595 2253 rarne
635 2214 937 2269 peccatum,
976 2203 1239 2271 injustitia
1277 2206 1393 2271 eius
1427 2216 1707 2276 coarguta,
1750 2210 1873 2278 quia
1912 2211 1987 2262 in-

2121 2214 2277 2267 ,κρινε
2302 2198 2400 2268 τὴν
2428 2196 2697 2267 ἁμαρτίαν
2729 2200 2787 2249 ὲν
2812 2199 2876 2267 τῇ
2910 2198 3092 2265 σαρκὶ,
3117 2196 3339 2264 ἐλέγξας
3369 2197 3541 2266 αὐτῆς
3575 2197 3679 2265 τὴν

430 2302 710 2348 nocentem
772 2302 825 2346 et
882 2303 1102 2360 peccato
1160 2295 1385 2351 liberum
1435 2298 1772 2365 peccantium
1835 2314 1988 2367 poena

2122 2287 2328 2352 ιδικίαν,
2360 2289 2440 2339 ὅτι
2476 2287 2567 2339 τὸν
2612 2287 2904 2340 ἀνεύθυνον
2938 2288 3032 2339 καὶ
3064 2288 3342 2358 ἁμαρτίας
3387 2287 3680 2357 ἐλεύθερον

428 2377 711 2435 affecisset.
754 2378 869 2435 Non
912 2390 1091 2436 autem
1143 2385 1192 2437 id
1224 2386 1352 2454 egit,
1392 2395 1448 2440 ut
1479 2402 1637 2455 quem
1684 2400 1986 2457 susceperat

2121 2377 2210 2438 :oi';
2256 2374 2365 2427 τῶν
2407 2376 2744 2445 ἁμαρτωλῶν
2817 2377 3114 2446 ἐπιτιμίοις
3190 2376 3516 2430 ὑπέϐαλλεν·
3571 2380 3679 2446 οὐχ

430 2468 697 2523 hominem
730 2470 1075 2538 justilicaret,
1117 2474 1210 2527 sed
1247 2483 1325 2537 ut,
1355 2474 1546 2543 inquit,
1572 2475 1702 2544 legis
1725 2477 1988 2546 iustiﬁca-

2114 2466 2184 2517 'va.
2235 2466 2291 2518 δὲ
2346 2466 2609 2538 δικαιώσῃ
2653 2467 2711 2520 ὃν
2773 2468 3033 2525 ἀνέλαϐεν
3093 2468 3405 2538 ἄνθρωπον,
3483 2468 3672 2521 ταῦτα

432 2560 507 2613 tio
540 2559 853 2631 impleretur
887 2564 937 2616 in
977 2564 1150 2627 nobis,
1192 2565 1283 2633 qui
1316 2581 1420 2619 non
1452 2570 1744 2622 secundum
1775 2584 1990 2624 carnem

2122 2557 2418 2627 τεποίηκεν,
2465 2556 2578 2609 ἁλλ’
2606 2557 2713 2621 ἵνα,
2755 2558 2911 2629 φησὶ,
2956 2559 3015 2610 τὸ
3054 2557 3319 2627 δικαίωμα
3350 2558 3440 2611 τοῦ
3488 2558 3680 2628 νόμος-ι

431 2650 793 2716 ambulamus,
843 2652 937 2706 sed
987 2656 1281 2708 secundum
1331 2656 1600 2724 spiritum.
1649 2657 1891 2729 Namque
1931 2664 1989 2714 ad

2122 2648 2205 2718 τλη
2218 2648 2360 2719 ρωθῇ
2392 2650 2449 2700 ὲν
2479 2650 2609 2718 ἡμῖν
2636 2651 2749 2711 τοῖς
2777 2650 2851 2719 μὴ
2877 2649 3018 2702 κατὰ
3046 2650 3222 2718 σάρκα
3249 2650 3680 2720 περιπατοῦσιν,

433 2741 741 2796 universam
809 2743 1085 2798 hominum
1151 2755 1397 2799 naturam
1463 2746 1769 2804 Servatoris
1828 2753 1991 2806 nostri

2132 2737 2236 2791 ,m
2268 2738 2409 2791 κατὰ
2447 2738 2684 2808 πνεῦμα.
2726 2740 2849 2792 Ἐπὶ
2881 2740 2990 2810 γὰρ
3038 2743 3220 2793 πᾶσαν
3248 2740 3343 2811 τὴν
3374 2740 3540 2809 φύσιν
3570 2741 3690 2794 τῶν

434 2832 755 2887 benelicium
787 2836 1042 2903 pertingit
1078 2854 1092 2889 :
1128 2848 1185 2889 ut
1226 2838 1384 2891 sicuti
1419 2842 1779 2908 progenitoris
1810 2843 1992 2898 Adami

2128 2828 2401 2899 :vOptbmov
2426 2831 2457 2899 ὴ
2483 2829 2574 2882 τοῦ
2600 2831 2848 2902 Σωτῆρος
2874 2832 3029 2901 ἡμῶν
3056 2832 3343 2901 εὐεργεσία
3371 2836 3569 2901 χωρεῖ·
3603 2834 3686 2885 ὅτι

439 2923 798 2979 maledictioni
833 2929 1371 2994 commnuicavimus,
1399 2941 1452 2985 et
1482 2934 1661 2987 cuncti
1698 2944 1752 2987 ut
1784 2935 1870 2990 ille
1901 2939 1997 2991 sub

2129 2919 2355 2990 ιαθάπερ
2387 2919 2464 2990 τῷ
2499 2922 2805 2993 προπάτορι
2841 2923 3046 2993 Ἀδὰμ,
3091 2925 3184 2977 καὶ⁵
3214 2924 3316 2993 τῆς
3346 2924 3490 2993 ἀρᾶς
3534 2925 3687 2977 ἐκοι-

438 3016 630 3069 mortis
655 3016 776 3083 jura
825 3015 1177 3080 devenimus,
1228 3020 1297 3072 ita
1348 3021 1656 3077 Servatoris
1705 3023 1904 3080 Christi
1952 3037 1996 3081 et

2134 2989 2446 3082 ιονήσαμεν,
2477 2989 2570 3065 καί
2596 2989 2898 3084 γεγόναμεν
2934 2989 3171 3079 ἅπαντες
3197 2989 3302 3068 ὐπδ
3326 2989 3416 3067 τὸν
3452 3016 3692 3070 θάνατον

438 3103 720 3158 victoriam
761 3120 857 3159 ceu
901 3117 1137 3161 nostram
1184 3110 1465 3176 faciamus,
1495 3122 1548 3166 et
1579 3114 1803 3184 gloriam
1836 3117 1996 3184 parti-

2138 3103 2294 3173 lonsp
2321 3106 2545 3170 ἐκεῖνος,
2574 3103 2717 3157 οῦτω
2744 3106 2838 3159 τοῦ
2868 3106 3115 3178 Σωτῆρος
3163 3107 3400 3177 Χριστοῦ
3452 3108 3549 3161 καὶ
3589 3108 3696 3177 τὴν

440 3193 772 3258 cipemus,'et
795 3212 957 3267 regno
977 3202 1430 3270 congaudeamus.
1451 3205 1625 3273 Atque
1642 3206 1828 3259 horum
1847 3209 1998 3261 testis

2133 3194 2265 3262 νίκην
2291 3194 2659 3266 οἰκειούμεθα,
2690 3196 2783 3249 καὶ
2811 3198 2909 3267 τῆς
2936 3198 3093 3267 δόξης
3124 3198 3560 3268 συμμεθέξομεν,
3596 3201 3691 3253 καί

441 3292 526 3338 est
554 3283 744 3339 beatus
773 3286 967 3342 Paulus
992 3290 1055 3354 ¹’,
1090 3291 1215 3343 dum
1246 3304 1422 3345 vetera
1455 3295 1611 3347 simul
1645 3307 1697 3347 et
1725 3312 1858 3348 nova
1894 3312 1999 3350 me-

2136 3282 2212 3352 τῆς
2244 3281 2519 3351 βασιλείας
2547 3283 3075 3354 συναπολαυσόμεθα.
3105 3284 3212 3337 Καὶ
3236 3284 3443 3337 τούτων
3477 3285 3694 3356 μάρτυς

445 3380 638 3436 morat,
670 3383 723 3426 et
748 3376 986 3443 priorum
1019 3376 1209 3431 factum
1244 3382 1650 3440 dissolutionem
1685 3401 1779 3454 per
1808 3385 2003 3441 Serva-

2137 3396 2142 3421 >
2179 3373 2448 3445 μακάριος
2484 3375 2713 3439 Παῦλος,
2752 3375 2859 3428 τῶν
2903 3392 2961 3429 τε
2995 3376 3240 3429 παλαιῶν
3277 3376 3374 3430 καὶ
3400 3375 3515 3427 τῶν
3552 3375 3695 3428 νέων

445 3461 577 3515 toris
605 3466 772 3519 nostri
797 3465 1061 3533 justitiam
1092 3471 1438 3527 demonstrat.

2140 3466 2565 3536 ιναμιμνήσκων,
2585 3467 2680 3518 καὶ
2706 3465 2921 3529 δεικνὺς
2950 3467 3060 3520 τῶν
3092 3469 3374 3540 προτέρων
3402 3468 3565 3522 λύσιν
3601 3486 3698 3536 γε-

2115 3557 2440 3628 γενημένην,
2467 3557 2565 3629 τὴν
2593 3557 2685 3611 τοῦ
2711 3559 2962 3629 Σωτῆρος
2995 3558 3152 3629 ἡμῶν
3177 3559 3549 3631 δικαιοσύνην.

447 3683 556 3739 XII.
602 3684 750 3740 Sicut
777 3687 968 3743 Adami
1011 3703 1223 3761 mortem
1254 3696 1705 3761 participavimus,
1745 3698 1819 3749 ita
1851 3698 2005 3751 etiam

2145 3688 2215 3743 B'.
2260 3690 2484 3756 ’Ὠσπερ
2520 3688 2599 3761 τῷ
2644 3688 2966 3761 τοῦᾋδὰμ
3000 3689 3232 3761 θανάτῳ
3279 3689 3696 3761 excarniﬁca-

1007 3759 1222 3814 Domini
1254 3757 1453 3815 vitam.
1694 3757 1701 3760 ⁷
2341 3777 2475 3829 μεν,
2507 3760 2565 3812 οἰ

2341 3777 2475 3829 μεν,
2507 3760 2658 3812 οὕτω
2688 3759 2786 3812 καὶ
2820 3758 2893 3827 τῇ
2925 3757 3033 3812 τοῦ
3062 3762 3281 3826 Κυρίου
3317 3758 3454 3827 ζωῇ.

524 3889 543 3921 ι
576 3868 709 3924 Nam
737 3871 780 3925 si
812 3887 993 3935 nutus.
1028 3874 1219 3942 inquit,
1258 3874 1406 3943 lapsu
1448 3876 1598 3929 multi
1631 3889 1755 3931 sunt
1788 3881 2005 3945 mortui,

2193 3888 2211 3919 ι
2236 3867 2421 3938 Είγὰρ
2444 3868 2522 3936 τῷ
2543 3869 2635 3920 τοῦ
2670 3869 2811 3930 ἐνὸς,
2839 3870 2995 3940 φησι,
3015 3868 3420 3940 παραπτώματι
3438 3872 3489 3921 οί
3509 3869 3696 3921 πολλοὶ

445 3959 614 4013 multo
647 3961 817 4028 magis
844 3965 1017 4031 gratia
1050 3962 1161 4025 Dei,
1189 3973 1242 4017 et
1272 3965 1469 4018 donum
1503 3982 1624 4019 cum
1656 3968 1827 4035 gratia
1853 3971 2003 4024 unius

2137 3959 2410 4020 ιπέθανον,
2450 3958 2633 4028 πολλῷ
2676 3958 2875 4029 μᾶλλον
2918 3962 2950 4030 ή
2996 3960 3155 4031 χάρις
3188 3959 3281 4011 τοῦ
3314 3958 3478 4025 Θεοῦ,
3521 3963 3622 4011 καὶ
3663 3963 3695 4028 η

446 4050 681 4105 hominis
714 4048 841 4106 Jesu
887 4052 1086 4105 Christi
1136 4054 1186 4106 iu
1232 4052 1411 4121 plures
1461 4055 1755 4110 abundavit
1780 4058 1843 4112 ".
1876 4077 1894 4109 ι
1948 4061 2004 4114 ΕΙ

2136 4052 2293 4122 Ξωρεὰ
2314 4053 2369 4103 ὲν
2396 4052 2577 4121 χάριτι
2603 4052 2667 4122 τῇ
2692 4050 2783 4103 τοῦ
2806 4052 2919 4113 ἐνὸς
2944 4050 3230 4122 ἀνθρώπου
3261 4049 3436 4120 Ἰησοῦ
3457 4048 3694 4118 Χριστοῦ

444 4141 603 4211 paulo
644 4153 807 4210 post:
846 4162 863 4193 ι
897 4143 1082 4210 itaque
1135 4144 1273 4198 sicut
1320 4162 1413 4214 per
1454 4148 1609 4202 unius
1659 4149 1909 4203 delictum
1957 4151 2002 4203 in

2133 4145 2199 4206 είς
2211 4142 2436 4204 πολλοὺς
2453 4143 2828 4214 ἐπερίσσευσε.
2845 4160 2862 4192 ι
2884 4142 2992 4195 Καὶ
3010 4141 3146 4211 μετὰ
3170 4141 3396 4211 βραχέα
3412 4159 3433 4190 ι
3450 4134 3691 4210 ἈρασΞί

444 4246 636 4288 omnes
664 4234 909 4288 homines
938 4228 1343 4300 condemnatio,
1368 4236 1440 4289 ita
1473 4248 1526 4291 et
1558 4254 1650 4307 per
1678 4240 1834 4294 unius
1854 4240 2002 4307 justi-

2131 4234 2192 4296 ὥς
2231 4233 2297 4285 δι’
2324 4234 2440 4295 ἑνὸς
2471 4232 2915 4303 παραπτώματος
2943 4234 3020 4295 είς
3050 4233 3258 4295 πάντας
3286 4230 3607 4301 ἀνθρώπους
3632 4234 3689 4281 τὸ

447 4324 576 4377 tiam
606 4322 924 4391 justilicatio
950 4325 1090 4378 vitm.
1118 4323 1272 4378 Sicut
1293 4327 1433 4379 enim
1464 4342 1557 4394 per
1593 4329 2005 4384 inobedientiam

2137 4326 2455 4395 ιατάκριμα,
2485 4323 2628 4377 οῦτω
2654 4325 2750 4377 καὶ
2781 4326 2848 4377 δι’
2875 4325 2990 4384 ἑνὸς
3019 4322 3387 4392 δικαιώματος
3415 4323 3695 4382 δικαίωσις

446 4416 605 4469 unius
659 4415 891 4469 hominis
945 4425 1258 4484 peccatores
1315 4419 1593 4472 constituti
1646 4431 1769 4473 sunt
1824 4422 2004 4484 multi,

2140 4417 2297 4485 ζωῆς·
2332 4416 2522 4485 ὥσπερ
2551 4416 2657 4485 γὰρ
2703 4415 2789 4467 διὰ
2830 4415 2928 4485 τῆς
2976 4416 3261 4485 παρακοῆς
3290 4414 3385 4466 τοῦ
3435 4414 3556 4475 ἑνὸς
3606 4416 3698 4464 ἁν-

448 4505 520 4558 ita
566 4515 621 4558 et
672 4520 769 4575 per
820 4504 977 4557 unius
1028 4506 1394 4559 obcditionem
1443 4506 1572 4575 justi
1620 4511 2006 4564 constituentur

2151 4506 2333 4577 ρώπου
2378 4505 2694 4577 ἁμαρτωλοὶ
2739 4506 3153 4577 κατεστάθησαν
3197 4508 3245 4558 οί
3299 4504 3522 4568 πολλοὶ,
3559 4504 3701 4556 οὕτω

450 4596 601 4649 multi
629 4597 693 4650 ιι.
722 4614 739 4646 ι
791 4595 914 4650 Haec
963 4597 1014 4649 in
1066 4595 1303 4665 Epistola
1334 4611 1549 4665 quoque
1589 4599 1653 4651 ad
1706 4599 2008 4656 Corinthius

2146 4595 2210 4648 ραι
2254 4595 2341 4647 διὰ
2388 4597 2487 4664 τῆς
2525 4595 2769 4665 ὑπακοῆς
2801 4594 2894 4648 τοῦ
2934 4595 3051 4657 ἑνὸς
3096 4595 3293 4647 δίκαιοι
3345 4593 3704 4660 κατασταθή-

451 4687 689 4753 apertius
718 4687 875 4741 docet
911 4687 1095 4742 dicens
1126 4705 1139 4742 :
1178 4706 1196 4739 ι
1230 4687 1382 4740 Sicut
1406 4688 1547 4741 enim
1583 4688 1635 4741 in
1668 4686 1873 4743 Adatno
1906 4704 2009 4743 om-

2148 4705 2301 4740 λονται
2321 4690 2375 4739 οἱ
2404 4687 2642 4741 πολλοί.»
2670 4688 2857 4741 Ταῦτα
2888 4689 2982 4741 καὶ
3015 4689 3073 4741 ὲν
3110 4690 3175 4758 τῇ
3211 4686 3345 4757 πρὸς
3377 4683 3706 4755 Κορινθίους

452 4791 546 4830 nes
576 4775 901 4841 moriuntur,
936 4776 1005 4829 ita
1033 4784 1085 4830 et
1120 4776 1171 4828 in
1203 4776 1417 4830 Christo
1447 4792 1634 4832 omnes
1666 4778 2010 4833 viviﬁcabun-

2150 4778 2422 4849 Επιστολῇ
2459 4779 2792 4849 σαφέστερον
2812 4779 3053 4832 διδάσκει
3086 4778 3278 4847 λέγων·
3316 4776 3565 4846 «Ὥσπερ
3600 4776 3708 4843 γὰρ

450 4866 627 4919 tur”.
662 4884 681 4916 ι
736 4864 883 4921 Unde
924 4874 1157 4932 constat,
1207 4866 1488 4920 victoriam
1542 4878 1776 4922 nostram
1829 4885 2008 4925 revera

2156 4889 2179 4924 ν
2210 4870 2286 4941 τῷ
2314 4870 2487 4941 Ἀδάμ
2511 4873 2711 4936 πάντες
2751 4872 3208 4942 ἀποθνήσκουσιν,
3233 4868 3375 4922 οὕτω
3404 4870 3503 4922 καὶ
3539 4870 3605 4920 ὲν
3633 4868 3714 4936 τῷ

450 4971 569 5009 esse
598 4957 903 5012 Servatoris
930 4958 1101 5011 nostri
1128 4959 1428 5014 victoriam.
1462 4957 1595 5011 Nam
1629 4971 1683 5013 et
1714 4963 2008 5016 communis

2145 4962 2343 5034 (ριστῴ
2394 4964 2592 5025 πάντες
2631 4964 3184 5034 ζωοποιηθήσονται.»
3227 4962 3315 5027 Ἐξ
3344 4954 3418 5014 ὧν
3446 4959 3703 5030 εῦδηλον,

454 5046 630 5102 clades
661 5049 759 5102 fuit
816 5049 900 5103 illa
938 5050 1299 5119 progenitoris
1330 5051 1497 5104 nostri
1523 5051 1701 5104 clades
1733 5063 2012 5121 :oportet-

2155 5072 2205 5118 ις,
2223 5056 2469 5125 ἡμετέρα
2497 5055 2619 5125 νίκη
2645 5054 2739 5107 τοῦ
2761 5055 3014 5125 Σωτῆρος
3041 5054 3195 5124 ἡμῶν
3220 5056 3252 5124 ἡ
3276 5053 3397 5120 νίκη
3421 5066 3435 5079 ·
3470 5052 3570 5104 καὶ
3601 5054 3713 5120 γὰρ

454 5151 559 5204 que
603 5141 740 5194 sicut
778 5142 1135 5211 progenitoris
1182 5142 1690 5197 contaminationetn
1730 5146 2012 5216 participa-

2152 5143 2260 5215 Lrta
2290 5146 2442 5215 κοινὴ
2479 5147 2701 5214 γέγονεν
2730 5149 2763 5217 ή
2806 5146 2899 5200 τοῦ
2944 5146 3287 5216 προπάτορος
3318 5141 3477 5212 ἡμῶν
3523 5137 3710 5211 ἦτταο

526 5313 564 5343 ¹¹
610 5311 764 5368 Bonl.
806 5333 921 5382 \lll,
954 5320 1005 5383 ὅ,
1042 5318 1093 5372 4.
1158 5319 1199 5349 ¹¹
1228 5316 1268 5372 ll
1293 5316 1417 5373 Cor.
1448 5333 1499 5383 ν,
1538 5318 1621 5373 l7.
1693 5319 1736 5349 ¹³
1768 5317 1921 5373 Rom.
1954 5336 2001 5383 ν,
2032 5319 2084 5374 ιε

1574 5318 1621 5372 7.
1693 5319 1736 5349 ¹³
1768 5317 1921 5373 Rom.
1954 5336 2001 5383 ν,
2032 5319 2117 5374 15.
2197 5322 2241 5353 ’⁸
2279 5323 2408 5377 ibid.
2452 5322 2534 5376 l8.
2617 5324 2657 5354 ”
2699 5322 2875 5378 lCor.
2907 5340 2996 5387 xv,
3033 5322 3122 5377 22.

530 5492 605 5562 (ι)
632 5490 839 5617 ξοιιίει
878 5507 995 5560 quae
1029 5495 1125 5549 hac
1159 5511 1317 5564 Super
1366 5512 1424 5551 re
1458 5496 1583 5550 dicit
1644 5496 1780 5553 idem
1817 5495 2047 5566 Cyrillus
2125 5500 2174 5554 in
2232 5499 2603 5568 explanatione
2658 5499 2911 5569 Epistolas
2963 5500 3028 5554 ad
3072 5498 3360 5563 Romanos,
3404 5510 3523 5566 cap.
3582 5505 3715 5554 vulg

461 5575 606 5616 vers.
672 5604 684 5617 .
