3946 6202
251 255 274 310 Ι
286 256 393 310 437

1416 254 1503 307 DE
1545 240 2064 311 INCARNATIONE
2103 254 2361 309 DOMINl.

3367 253 3505 310 1458

250 368 348 422 καὶ
373 367 472 430 δεῖ,
504 365 754 435 καθάπερ
772 364 967 433 ἐκείνῳ
981 366 1083 434 τῆς
1113 365 1399 428 κοινωνίας
1431 364 1508 435 (l)
1535 366 1828 437 ἐκοινωνή-

1946 370 2129 432 rimus,
2173 368 2247 421 ita
2287 368 2446 423 bouis
2472 381 2569 422 nos
2601 367 2765 422 simul
2796 366 2999 437 perfrui
3030 381 3150 421 cum
3193 367 3282 423 illo
3313 370 3403 436 qui
3443 372 3511 425 de

253 474 446 528 σαμεν,
472 456 645 519 οὓτως
671 457 815 525 ἡμᾶς
841 454 1246 508 συναπολαῦσαι
1275 456 1383 508 τῶν
1410 455 1631 523 ἀγαθῶν
1661 456 1740 527 τῷ
1774 456 1833 520 ἐξ

251 549 415 618 ἡμῶν
438 547 536 617 μὲν
559 544 941 615 άναληφθέντι,
969 546 1109 616 ὑπὲρ
1139 546 1295 616 ἡμῶν
1320 546 1377 599 δὲ
1403 546 1797 614 στεφανωθέντι
1814 564 1828 578 ·

253 636 335 691 διὸ
360 637 452 690 καὶ
480 637 510 688 6
538 635 679 699 θεῖος
703 635 1024 698 Ἀπόστολος
1047 636 1253 704 ἔλεγεν,
1279 637 1362 689 ὅτι
1396 656 1414 688 ι
1443 635 1550 700 Οὓς
1584 637 1834 707 προέγνω

256 725 351 778 καὶ
382 722 655 794 προώρισε
686 723 1046 793 συμμόρφους
1074 722 1176 792 τῆς
1210 723 1418 786 εἰκόνος
1445 720 1540 775 τοῦ
1573 721 1704 775 Υίοῦ
1740 722 1836 774 a6-

254 815 369 882 τοῦ,
403 816 483 878 είς
508 815 569 867 τὸ
605 811 745 867 εἶναι
779 815 941 868 αὐτὸν
974 814 1317 886 πρωτότοκον
1349 816 1409 868 ὲν
1443 813 1658 878 πολλοῖς
1684 814 1837 867 ἀδελ-

257 909 401 976 φοῖς·
433 905 527 970 οὒς
556 906 720 959 αὑτὸν
748 905 1044 976 προώρισε,
1069 904 1297 969 τούτους
1321 906 1415 959 καὶ
1446 906 1672 959 ἐκάλεσε
1695 921 1709 935 ο
1742 906 1836 958 καὶ

255 995 348 1060 οὓς
386 997 647 1062 ἐκάλεσε,
682 998 909 1061 τούτους
957 998 1052 1051 καὶ
1099 996 1384 1051 ἐδικαίωσε
1403 1013 1425 1027 Ἀ
1454 997 1549 1051 καὶ
1593 995 1687 1060 οὒς
1735 996 1838 1050 ὲδι⁴

257 1087 484 1151 καίωσε,
524 1088 745 1151 τούτους
772 1091 865 1141 καὶ
898 1088 1137 1151 ὲδόξασε.
1168 1106 1187 1138 ›
1223 1088 1331 1141 Καὶ
1358 1086 1623 1159 ἑτέρωθεν
1656 1087 1833 1154 λέγει·

266 1200 284 1234 ι
311 1181 374 1234 El
395 1180 451 1233 δὲ
479 1180 663 1243 τέκνα,
691 1180 783 1233 καὶ
810 1180 1137 1250 κληρονόμοι
1158 1196 1171 1208 ·
1203 1179 1530 1250 κληρονόμοι
1563 1179 1662 1249 μὲν
1680 1178 1835 1244 Θεοῦ,

262 1270 693 1340 συγκληρονόμοι
715 1269 773 1322 δὲ
808 1269 1044 1341 Χριστοῦ
1066 1286 1080 1299 ·
1113 1269 1274 1340 ειπερ
1302 1270 1398 1323 καὶ
1423 1269 1835 1340 συμπάσχομεν,

264 1362 350 1415 ἵνα
379 1362 472 1414 καὶ
499 1360 964 1432 συνδοξασθῶμεν.
993 1380 1012 1413 ι
1043 1362 1155 1415 Καὶ
1183 1361 1416 1432 ἀλλαχοῦ
1442 1378 1455 1392 ·
1493 1380 1511 1412 ι
1542 1362 1604 1414 Ei
1635 1360 1839 1431 ὑπομέ-

263 1467 446 1523 νομεν,
482 1453 577 1506 καὶ
612 1452 1135 1524 συμϐασιλεύσομεν.
1164 1473 1182 1505 ι
1229 1453 1402 1524 ’Υπὲρ
1449 1452 1630 1519 πάσης
1662 1450 1839 1504 τοίνυν

261 1544 359 1614 τῆς
405 1544 682 1615 ἡμετέρας
713 1545 928 1613 φύσεως
966 1547 995 1598 6
1025 1543 1118 1597 τοῦ
1162 1543 1296 1597 Θεοῦ
1346 1543 1479 1606 Θεὸς
1525 1543 1694 1611 Λόγος
1744 1541 1842 1612 τὴν

264 1635 534 1707 ἡμετέραν
562 1636 815 1707 ἀπαρχὴν
838 1635 1148 1703 άνελάϐετο,
1186 1636 1273 1688 ἵνα
1310 1634 1399 1689 διὰ
1440 1635 1625 1704 πάσης
1661 1633 1831 1703 αὐτὴν

264 1727 466 1797 ἀρετῆς
497 1727 740 1795 ἀγαγὼν,
782 1729 862 1791 εἰς
910 1727 1088 1798 πάλην
1131 1726 1229 1796 μὲν
1264 1724 1547 1796 προτρέψῃ
1589 1724 1680 1776 τὸν
1711 1724 1838 1777 ἀντ·
1870 1709 1913 1764 Β

264 1818 599 1888 αγωνιοτὴν,
646 1816 794 1890 δείξῃ
840 1816 897 1870 δὲ
934 1819 1027 1871 τὸν
1081 1817 1321 1888 ἀθλητὴν
1403 1818 1709 1885 ἀήττητον⁹
1747 1816 1841 1868 καὶ

263 1908 449 1964 τοῦτον
484 1909 581 1979 μὲν
618 1906 957 1981 στεφανώσῃ,
982 1907 1190 1961 ἐκείνου
1212 1908 1269 1961 δὲ
1293 1907 1392 1977 τὴν
1412 1902 1579 1977 ἧτταν
1607 1904 1837 1975 κηρύξῃ,

265 2002 359 2054 καὶ
391 2001 758 2073 καταθαρρεῖν
783 2000 948 2054 αὐτοῦ
980 1998 1188 2062 πάντας
1215 1997 1612 2069 παρασκευάσῃ
1630 2013 1642 2026 ·
1676 1995 1757 2049 διδ
1785 1998 1843 2049 ἐν

263 2095 375 2157 τοῖς
412 2094 577 2163 ἱεροῖς
612 2092 964 2160 Εὑαγγελίοις
998 2089 1174 2157 ἔλεγε,
1218 2089 1315 2145 νῦν
1350 2089 1447 2160 μέν
1467 2106 1485 2118 ο
1521 2107 1539 2139 ι
1571 2084 1724 2141 Εἶδον
1752 2088 1844 2140 τὸν

265 2184 506 2238 Σατανᾶν
548 2184 623 2247 ὡς
673 2183 965 2253 ἀστραπὴν
1004 2185 1068 2235 ὲκ
1110 2181 1204 2235 τοῦ
1252 2179 1481 2251 ούρανοῦ
1516 2179 1783 2233 πεσόνταο
1817 2198 1835 2231 ι

267 2274 361 2328 νῦν
392 2275 487 2327 δέ’
520 2294 539 2325 ι
582 2273 707 2326 Ἐὰν
760 2274 833 2344 μή
872 2291 956 2336 τις
994 2272 1207 2343 εἰσέλθῃ
1260 2274 1342 2335 εἰς
1385 2271 1485 2341 τὴν
1534 2270 1713 2323 οίκίαν
1747 2271 1840 2323 τοῦ

269 2364 513 2436 ἰσχυροῦ,
542 2365 637 2417 καὶ
672 2364 761 2416 τὸν
793 2363 1011 2432 ἰσχυρὸν
1038 2363 1196 2433 δήσῃ,
1233 2361 1350 2425 πῶς
1375 2362 1445 2414 τά
1481 2360 1651 2429 σκεύη
1678 2360 1841 2414 αὑτοῦ

262 2455 582 2526 διαρπάσει;
615 2473 632 2505 ι
667 2453 847 2506 οἰκίαν
885 2453 1061 2521 λέγων
1100 2453 1195 2505 τοῦ
1247 2451 1469 2523 ίσχυροῦ
1502 2453 1600 2521 τὴν
1631 2451 1842 2523 ἀνθρω-

263 2544 420 2599 πείαν
469 2544 654 2614 φύσιν,
691 2545 767 2607 ὡς
802 2545 937 2615 πρὸς
982 2547 1187 2598 ἐκεῖνον
1232 2544 1704 2613 αύτομολήσασαν,
1750 2544 1842 2595 καὶ

265 2638 374 2689 πᾶν
406 2636 466 2689 τὸ
499 2636 787 2689 κελευσθὲν
829 2637 920 2689 ὑπ’
971 2636 1179 2688 ἐκείνου
1232 2638 1405 2688 ποιεῖν
1445 2636 1839 2704 άνασχομένην,

269 2729 362 2781 καὶ
390 2727 707 2797 αὐθαίρετον
740 2727 983 2780 δουλείαν
1016 2727 1495 2797 ὲπισπασαμένην.
1534 2729 1643 2779 Καὶ
1682 2727 1844 2779 ἀλλα-

268 2818 364 2889 χοῦ
393 2818 469 2884 δὲ,
492 2839 509 2871 ι
532 2819 813 2889 Θαρσεῖτε,
831 2819 1014 2888 φησὶν,
1034 2816 1145 2887 ἐγὼ
1175 2818 1434 2887 νενίκηκα
1463 2817 1555 2869 τὸν
1583 2818 1833 2888 κόσμον.»

270 2911 385 2964 Καὶ
404 2909 665 2979 ἑτέρωθεν
684 2928 699 2944 -
730 2926 748 2960 ι
784 2908 896 2961 Νῦν
929 2910 1108 2979 κρίσις
1135 2909 1251 2961 ἐστὶ
1274 2908 1366 2962 τοῦ
1394 2908 1599 2978 κόσμου
1630 2908 1839 2972 τούτου,

1938 460 2092 515 nobis
2122 468 2368 528 sumptus
2411 466 2517 523 est,
2558 470 2612 512 et
2659 473 2755 526 pro
2789 458 2946 513 nobis
2982 467 3295 514 coronatus.
3332 459 3510 525 Quare

1935 554 1991 599 et
2048 544 2204 599 divus
2256 543 2548 613 Apostolus
2602 543 2781 598 aiebat
2822 562 2837 598 :
2894 563 2913 595 ι
2950 542 3101 610 Quos
3129 547 3404 614 praescivit
3454 561 3508 600 et

1934 635 2340 707 praedestinavit
2368 636 2675 693 conformes
2712 638 2827 691 fieri
2870 637 3122 706 imaginis
3159 636 3279 692 Filii
3311 638 3418 705 sui,
3450 645 3510 691 ut

1935 727 2006 782 sit
2038 727 2154 797 ipse
2183 727 2428 798 818m.
2477 727 2871 798 primogenitus
2903 729 2957 783 in
2998 728 3187 782 multis
3220 727 3505 782 fratribus.

1936 817 2084 883 Quos
2112 828 2293 872 autem
2336 818 2760 887 praedestinavit,
2800 819 2898 873 hos
2923 826 2978 872 et
3010 818 3223 873 vocavit
3254 832 3269 870 :
3297 827 3352 870 et
3374 832 3509 885 quos

1937 907 2172 972 vocavit,
2208 907 2307 962 hos
2337 915 2391 961 et
2417 906 2737 977 justiiicavit
2768 929 2779 962 :
2810 922 2946 976 quos
2976 905 3509 973 autemjustilicavit,

1939 1001 2039 1056 hos
2091 1008 2145 1055 et
2200 999 2523 1068 glorificavit
2549 1001 2613 1053 ιο.
2645 1019 2664 1051 ι
2717 1000 2784 1054 Ει
2816 999 2942 1054 alibi
2978 1000 3054 1053 ait
3087 1018 3101 1054 :
3140 1017 3158 1051 ι
3192 1018 3210 1049 ι
3244 996 3299 1051 Si
3330 1006 3509 1049 autem

1938 1092 2058 1159 lilii,
2100 1092 2288 1162 utique
2330 1103 2386 1148 et
2412 1092 2657 1148 hzeredes
2690 1108 2704 1145 :
2740 1092 2984 1147 haeredes
3016 1089 3233 1159 quidem
3278 1088 3389 1153 Dei,
3415 1100 3507 1141 co-

1940 1184 2182 1239 barredes
2208 1194 2390 1239 autem
2422 1185 2626 1240 Christi
2664 1204 2676 1238 :
2731 1185 2778 1239 si
2821 1195 3001 1239 tamen
3030 1182 3417 1251 compatimur,
3454 1187 3514 1231 ut

1939 1286 1995 1333 et
2035 1277 2599 1348 conglorillcemur".
2632 1296 2652 1328 ι
2703 1275 2772 1330 Et
2818 1275 2948 1330 alibi
2978 1294 2993 1330 :
3028 1295 3046 1327 ι
3077 1274 3134 1329 Si
3185 1271 3512 1329 sustinueri~

1940 1382 2077 1431 mus,
2116 1369 2280 1423 etiam
2309 1368 2763 1435 conregnabimus
2790 1366 2855 1421 ¹⁸.
2891 1386 2911 1419 ι
2952 1366 3057 1420 Pro
3091 1366 3340 1419 universa
3381 1377 3514 1431 ergo

1940 1465 2135 1512 natura
2170 1466 2353 1511 nostra
2387 1458 2481 1512 Dei
2517 1457 2755 1512 Verbum
2792 1456 2934 1511 Deus
2977 1454 3377 1511 inchoationem
3412 1468 3514 1506 no-

1941 1560 2107 1608 stram
2142 1549 2398 1618 suscepit,
2433 1557 2493 1602 ut
2519 1561 2639 1602 eam
2680 1562 2777 1615 per
2803 1562 3017 1603 omnem
3052 1545 3307 1599 virtutem
3345 1543 3517 1598 dedu-

1944 1656 2095 1705 cens,
2130 1642 2196 1695 ad
2236 1647 2510 1695 certamen
2556 1646 2883 1706 provocaret
2919 1636 3310 1700 adversarium,
3358 1650 3514 1688 suum

1943 1748 2070 1788 vero
2099 1732 2362 1787 athletam
2399 1730 2661 1785 invictum
2687 1734 2971 1797 prastaret
3004 1744 3025 1779 :
3049 1738 3104 1780 et
3126 1728 3269 1781 hunc
3297 1726 3514 1795 quidem

1943 1831 2251 1884 coronaret,
2282 1821 2426 1874 illius
2453 1829 2632 1874 autem
2661 1819 2867 1873 cladem
2899 1815 3283 1886 proclamaret,
3315 1825 3369 1869 et
3394 1830 3517 1869 oru-

1943 1914 2103 1967 nibus
2132 1912 2391 1967 adversus
2427 1910 2575 1964 illum
2612 1909 2896 1964 audaciam
2939 1915 3183 1977 augeret.
3218 1906 3429 1960 Idcirco
3460 1906 3516 1959 in

1943 2004 2113 2060 sacris
2138 2002 2442 2072 Evangeliis
2471 2003 2631 2055 modo
2666 2000 2844 2055 aiebat
2880 2016 2894 2052 :
2925 2017 2944 2049 ι
2975 1998 3230 2053 Videbam
3259 1995 3516 2051 Satanam

1942 2096 2085 2151 sicut
2142 2095 2320 2165 fulgur
2361 2094 2430 2148 de
2470 2092 2614 2148 coelo
2657 2091 2939 2146 cadentem
2964 2090 3038 2155 ";
3072 2106 3092 2139 ›
3144 2102 3287 2142 nunc
3341 2102 3516 2142 vero:

1902 2236 1909 2242 .
1950 2204 1969 2237 ι
2004 2184 2114 2238 Nisi
2156 2185 2278 2253 quis
2320 2183 2374 2237 in
2428 2183 2581 2236 fortis
2614 2182 2833 2235 domum
2876 2177 3183 2242 intraverit,
3218 2177 3521 2246 fortemque

1944 2275 2264 2345 alligaverit,
2291 2274 2565 2344 quomodo
2590 2288 2715 2329 vasa
2743 2273 2861 2342 ejus
2883 2271 3105 2340 diripiet
3130 2269 3225 2321 '°‘?’
3248 2288 3268 2321 ι
3301 2270 3518 2324 domum

1945 2366 2103 2422 fortis
2133 2368 2321 2422 dicens
2353 2368 2651 2420 humanam
2679 2373 2950 2426 naturam,
2988 2376 3084 2416 ceu
3112 2375 3230 2429 qua:
3266 2361 3332 2414 ad
3369 2360 3519 2413 illum

1944 2456 2264 2527 profugerit,
2303 2464 2357 2511 et
2385 2456 2563 2509 omnia
2607 2454 2777 2523 ipsius
2813 2452 3067 2506 mandata
3107 2451 3329 2519 exsequi
3362 2464 3519 2518 passa

1947 2548 2131 2613 fuerit,
2154 2548 2545 2615 servitiumque
2571 2546 2673 2600 sibi
2713 2554 2906 2614 sponte
2932 2543 3269 2611 imposuerit.
3299 2542 3363 2596 Et
3393 2541 3521 2595 alibi

1944 2652 2197 2707 quoque:
2234 2657 2251 2688 ι
2276 2636 2563 2700 Conﬁdite,
2616 2634 2811 2704 inquit,
2850 2648 2952 2702 ego
2979 2632 3084 2685 vici
3118 2632 3374 2685 mundum
3396 2631 3462 2681 ²¹.
3497 2648 3518 2678 ι

1946 2731 2010 2784 Ει
2034 2730 2138 2783 alio
2159 2730 2275 2784 loco
2301 2745 2317 2783 :
2340 2746 2358 2779 ι
2382 2727 2532 2781 Nunc
2550 2725 2811 2794 judicium
2835 2732 2917 2779 est
2940 2722 3149 2787 mundi,
3175 2716 3316 2776 tiunc
3338 2719 3521 2773 mundi

1945 2825 2194 2891 princeps
2251 2821 2496 2891 ejicietur
2542 2818 2687 2874 ioras
2716 2818 2791 2882 “;
2828 2835 2847 2868 ι
2883 2824 2938 2870 et
2963 2834 2981 2866 ι
3014 2813 3126 2882 Ego
3179 2813 3224 2868 si
3251 2811 3525 2865 exaltatns

1946 2914 2099 2969 fuero
2130 2930 2159 2967 a
2208 2921 2377 2977 terra,
2411 2926 2602 2966 omnes
2632 2909 2844 2963 traham
2879 2907 2943 2959 ad
2982 2919 3067 2958 me
3097 2903 3272 2973 ipsum
3297 2900 3364 2953 “.
3399 2916 3417 2949 ι
3456 2896 3524 2952 Et

224 2990 231 2997 ’
270 3001 413 3055 νῦνὸ
441 3002 623 3071 ἄρχων
650 3000 744 3053 τοῦ
812 2999 1015 3069 κόσμου
1070 2999 1463 3069 ἐκϐληθήσεται
1506 3000 1636 3064 ἔξω*
1687 2999 1840 3068 κάγὼ

277 3091 367 3113 ιι-.
440 3092 533 3113 ι-ὶ
600 3093 693 3113 -g-
761 3091 862 3113 με-
916 3089 1110 3113 μαρμιιιι.
1187 3090 1392 3113 -ι,.-μ
1447 3092 1647 3113 ωυρμ.
1707 3094 1839 3113 --λέ

1948 3021 2111 3076 porro
2141 3019 2392 3074 pergens,
2433 3003 2485 3057 id
2522 3002 2696 3071 ipsum
2730 2997 2933 3054 clarius
2960 2996 3133 3049 dicit:

274 3091 369 3146 ἐὰν
433 3092 540 3145 άπὸ
596 3093 694 3161 τῆς
761 3091 862 3160 γῆς
916 3089 1134 3158 ὑψωθῶ,
1185 3090 1392 3153 πάντας
1443 3092 1653 3145 ἑλκύσω
1705 3094 1841 3163 πρὸς

271 3184 556 3252 ἐμαυτόν.»
589 3183 699 3236 Καὶ
737 3180 941 3251 προῖὼν
971 3181 1025 3233 δὲ
1055 3181 1211 3236 τοῦτο
1243 3183 1388 3250 λέγει
1418 3184 1778 3253 σαφέστερον

273 3316 365 3370 ﬂ".
405 3316 526 3368 Ὅτι
559 3313 730 3382 κοινὴ
775 3313 893 3383 τῶν
921 3314 1246 3381 ἀνθρώπων
1286 3316 1601 3383 εὐεργεσια
1650 3317 1689 3383 ἡ
1742 3319 1847 3372 τοῦ

741 3382 1016 3451 Σωτῆρος
1041 3385 1373 3451 οἰκονομία.

345 3541 364 3575 ι
392 3522 528 3592 Περὶ
558 3520 615 3573 δὲ
643 3519 903 3591 κρίσεως,
928 3519 1013 3571 ὅτι
1039 3520 1066 3572 6
1093 3518 1276 3589 ἄρχων
1300 3516 1393 3571 τοῦ
1426 3517 1633 3587 κόσμου
1652 3517 1850 3589 ,τούτου

272 3613 556 3685 κέκριται·
583 3630 601 3663 ι
635 3611 729 3664 καὶ
762 3606 940 3673 αὖθις
980 3628 997 3660 ι
1032 3610 1289 3679 Ἔρχεται
1315 3610 1343 3662 6
1367 3608 1462 3662 τοῦ
1495 3610 1701 3679 κόσμου
1731 3609 1852 3662 τού-

271 3722 364 3758 του
397 3703 601 3774 ἇρχων,
630 3702 724 3755 καὶ
749 3703 807 3755 ὲν
836 3700 961 3771 ἐμοὶ
988 3700 1089 3753 οὐκ
1121 3700 1235 3770 ἔχει
1267 3700 1450 3753 ούδένο
1478 3719 1497 3752 ι
1533 3700 1714 3770 πάσης
1743 3699 1859 3771 γὰρ

273 3794 688 3867 ἀπηλλαγμένος
730 3792 929 3859 αἰτίας,
975 3792 1127 3846 οὐδὲν
1167 3790 1281 3863 εἶχε
1319 3792 1427 3846 τῶν
1458 3791 1553 3845 τοῦ
1603 3793 1850 3846 διαϐόλου

276 3888 623 3961 σπερμάτων.
653 3886 745 3939 Διὸ
791 3886 887 3939 κοιλ⁸
926 3885 989 3938 τὸ
1033 3887 1316 3957 τυραννεῖν
1350 3886 1715 3952 κατέπαυσεν,
1756 3887 1851 3940 καὶ

273 3978 525 4043 ἐξέϐαλεν
557 3976 681 4041 ἔξω,
712 3976 807 4029 καὶ
845 3975 950 4029 61:6
993 3975 1102 4031 τῶν
1146 3976 1317 4029 πάλαι
1353 3975 1713 4029 δουλευόντων
1743 3994 1849 4029 πα-

272 4070 483 4122 τεῖσθαι
528 4069 819 4139 πεποίηκε,
874 4067 1224 4137 παρεγγυῶν,
1266 4067 1360 4121 καὶ
1404 4067 1604 4135 λέγων·
1659 4087 1677 4119 ι
1719 4068 1850 4123 Ἰδοὺ

273 4160 465 4231 δίδωμι
495 4160 622 4230 ὑμῖν
645 4158 891 4226 ἐξουσίαν
918 4162 1108 4213 πατεῖν
1134 4160 1320 4213 ἐπάνω
1345 4159 1543 4229 ὄφεων,
1574 4161 1670 4214 καὶ
1699 4179 1853 4234 σκορ-

274 4253 434 4315 πίων,
464 4252 558 4305 καὶ
584 4252 676 4304 ἐπὶ
706 4253 885 4305 πᾶσαν
915 4251 1014 4321 τὴν
1045 4251 1272 4321 δύναμιν
1299 4253 1394 4304 τοῦ
1412 4252 1658 4322 Ἐχθροῦ.
1690 4273 1707 4305 ι
1739 4256 1854 4306 Ἵνα

274 4346 331 4399 δὲ
363 4346 455 4399 καὶ
503 4345 674 4416 αὐτὴν
733 4345 933 4415 ἴδωμεν
992 4343 1087 4414 τὴν
1147 4344 1283 4413 πρὸς
1315 4345 1408 4397 τὸν
1468 4344 1713 4398 διάϐολον
1747 4346 1851 4399 πά-

276 4434 396 4505 λην,
445 4436 686 4507 ἔλθωμεν
734 4436 827 4487 ἐπὶ
870 4434 968 4504 τὴν
1026 4434 1267 4506 ἱστορίαν
1320 4436 1425 4489 τῶν
1477 4438 1847 4506 Εὐαγγελίων.

291 4524 521 4596 ’Λνήχθη
552 4526 656 4577 61:6
688 4525 781 4578 τοῦ
812 4525 1127 4595 Πνεύματος
1164 4526 1368 4594 Ἰησοῦς
1399 4529 1477 4589 είς
1508 4527 1605 4598 τὴν
1645 4528 1851 4599 ἔρημον

282 4615 419 4686 μετὰ
462 4615 522 4667 τὸ
561 4613 866 4684 βάπτισμα,
898 4615 1256 4686 πειρασθῆναι
1299 4617 1405 4669 ὑπὸ
1443 4618 1533 4669 τοῦ
1581 4618 1848 4674 διαϐόλου.

291 4705 526 4776 ’Λνήχθη
561 4705 620 4759 δὲ
656 4706 761 4778 οὐχ
785 4707 813 4758 ό
853 4706 981 4769 Θεὸς
1010 4707 1200 4776 Λόγος,
1238 4707 1352 4761 ἀλλ’
1381 4709 1409 4760 6
1438 4708 1501 4760 ὲκ
1541 4708 1853 4780 σπέρματος

280 4795 444 4850 Δαϐἱδ
470 4795 576 4849 61:6
600 4795 692 4849 τοῦ
722 4795 856 4850 Θεοῦ
888 4797 1058 4865 Λόγου
1098 4797 1326 4866 ληφθεὶς
1361 4797 1513 4859 ναός·
1539 4799 1601 4851 o6
1632 4798 1736 4869 γὰρ
1762 4799 1851 4852 τὸν

278 4888 411 4942 Θεὸν
433 4888 603 4965 Λόγον
632 4890 711 4952 είς
733 4889 831 4961 τὴν
856 4889 991 4961 πρὸς
1018 4890 1108 4943 τὸν
1129 4889 1372 4943 διάϐολον
1395 4889 1571 4958 πάλην
1595 4891 1852 4961 ἀπήγαγε

278 4982 347 5032 τὸ
366 4979 588 5050 Πνεῦμα
613 4980 674 5032 τὸ
703 4980 877 5050 ἅγιον,
907 4982 1021 5035 ἀλλ’
1040 4982 1097 5035 ὃν
1130 4984 1187 5033 ὲν
1217 4985 1283 5051 τῇ
1315 4981 1575 5051 Παρθένῳ
1600 4981 1853 5035 διέπλασε

280 5068 498 5140 τῷ.Θεῷ
536 5069 693 5141 Λόγῳ
730 5071 877 5127 ναόν.
915 5074 1132 5135 ’Λσιτος
1161 5072 1458 5125 διετέλεσεν
1490 5071 1703 5141 ἡμέρας
1732 5090 1855 5125 τεσ-

283 5158 606 5229 σαράκοντα,
640 5162 733 5213 καλ⁸
762 5161 962 5225 νύκτας
990 5161 1308 5231 ἰσαρίθμους
1327 5177 1340 5190 ο
1368 5160 1429 5212 o6
1457 5158 1563 5230 γάρ
1594 5158 1855 5229 ἠθέλησεν

350 5339 394 5369 ¹⁶
434 5339 591 5392 Rom.
624 5352 739 5400 vm,
780 5335 870 5395 29,
913 5338 1001 5391 30.
1080 5337 1120 5367 "
1145 5337 1270 5392 ibid.
1308 5337 1401 5389 i7.
1478 5337 1520 5368 ¹⁸
1550 5335 1589 5391 ll
1618 5336 1756 5389 Tim.
1791 5351 1842 5397 ιι¹

1950 5376 1965 5389 .
2048 5336 2089 5367 ιθ
2127 5333 2256 5388 Luc.
2291 5349 2348 5393 Χ,
2390 5331 2474 5384 l8.

1411 5407 1458 5436 “
1494 5405 1647 5461 Joan.
1690 5422 1801 5470 xvr,
1835 5395 1921 5460 ll.
1998 5407 2042 5439 "
2070 5405 2226 5461 Joau.
2262 5418 2370 5465 xxv,
2402 5402 2488 5454 50.
2564 5400 2609 5433 "
2641 5401 2769 5456 Luc.
2812 5418 2863 5466 χ,
2894 5402 2981 5456 l9.
3058 5400 3100 5431 ’⁷
3133 5398 3324 5454 Matth.
3362 5413 3435 5459 iv,
3470 5395 3519 5445 Ι-

280 5408 370 5462 53.
444 5409 490 5439 "
527 5405 684 5461 Joan.
719 5422 815 5470 χιι,
852 5407 940 5463 3i.
1003 5406 1048 5437 ’³
1084 5408 1210 5460 ibid.
1246 5406 1335 5460 δί.

1948 3316 2084 3372 Xlli.
2129 3315 2282 3381 Quod
2309 3329 2581 3370 commune
2606 3327 2729 3378 erga
2768 3311 3010 3381 Itourmes
3032 3301 3335 3370 beneﬁcium
3362 3299 3525 3369 fuerit

2410 3376 2707 3439 Servatoris
2743 3376 3065 3433 incarnatio.

2028 3539 2044 3570 ι
2080 3519 2380 3588 Dejudicio
2422 3519 2662 3586 quidem,
2696 3516 2823 3583 quia
2854 3515 3107 3582 princeps
3145 3510 3329 3563 mundi
3367 3508 3528 3585 hujus

1948 3605 2058 3676 jam
2112 3605 2389 3674 judicatus
2427 3603 2599 3657 est“.
2634 3622 2652 3653 ι
2701 3603 2768 3655 Ει
2817 3615 3044 3653 rursus:
3082 3617 3098 3648 ι
3135 3598 3294 3651 Venit
3342 3598 3524 3650 mundi

1952 3692 2111 3761 hujus
2142 3694 2414 3761 princeps,
2447 3698 2501 3743 et
2531 3690 2584 3742 in
2618 3702 2703 3742 me
2746 3701 2852 3741 non
2886 3687 3045 3741 habet
3072 3684 3429 3755 quidquam"
3456 3701 3469 3736 :
3504 3702 3522 3733 ι

1952 3799 2208 3854 namque,
2230 3780 2375 3835 omni
2405 3780 2636 3836 crimine
2662 3777 2893 3842 alienus,
2928 3775 3070 3830 nulla
3097 3774 3296 3829 diaboli
3322 3775 3530 3830 semina

1954 3876 2208 3931 habebat.
2238 3871 2394 3927 Unde
2423 3882 2479 3925 et
2513 3870 2655 3924 hunc
2683 3868 2968 3940 tyrannide
2998 3866 3267 3935 deposuit,
3304 3877 3357 3920 et
3385 3867 3531 3920 foras

1918 3967 2136 4036 'ejecit,
2173 3973 2228 4021 et
2264 3964 2480 4019 illorum
2521 3963 2612 4032 qui
2661 3973 2820 4015 antea
2857 3960 2905 4015 ei
2961 3959 3272 4014 serviebant
3307 3956 3529 4027 pedibus

1953 4057 2213 4127 subjecit,
2266 4056 2563 4110 adhortans
2620 4053 2913 4122 dicensque
2956 4068 2970 4106 :
3011 4047 3202 4104 «Ecce
3254 4063 3353 4118 ego
3408 4047 3528 4101 dedi

1953 4150 2107 4205 vobis
2138 4156 2460 4219 potestatem
2490 4145 2735 4200 calcandi
2774 4158 2935 4214 supra
2979 4148 3262 4207 serpentes
3293 4148 3348 4192 et
3378 4152 3529 4191 scor-

1952 4246 2162 4314 piones,
2208 4253 2259 4298 et
2291 4256 2455 4313 super
2486 4254 2702 4294 omnem
2747 4238 3001 4291 virtutem
3043 4233 3251 4288 lnitnici
3281 4233 3348 4285 ".
3385 4248 3402 4279 ι
3434 4229 3531 4281 At—

1956 4354 2060 4406 que
2092 4347 2149 4390 ut
2183 4336 2353 4405 ipsam
2382 4336 2645 4386 adversus
2672 4328 2943 4382 diabolum
2970 4327 3172 4380 luctam
3202 4331 3527 4391 spectemus,

1958 4427 2021 4480 ad
2076 4424 2438 4493 evangelicaut
2465 4418 2707 4490 819m.
2756 4415 3037 4471 historiam
3081 4412 3381 4466 veniamus.
3422 4409 3523 4462 Du-

1957 4527 2077 4573 ctus
2121 4525 2203 4571 est
2249 4531 2278 4569 a
2327 4514 2531 4583 Spiritu
2586 4513 2638 4565 in
2685 4511 2957 4564 desertum
3003 4502 3159 4559 Jesus
3200 4510 3319 4571 post
3357 4499 3530 4568 bapti-

1958 4624 2131 4663 smum
2160 4616 2218 4662 ut
2262 4614 2563 4661 tentaretur
2594 4620 2620 4657 a
2646 4598 2859 4656 diabolo
2877 4598 2941 4649 ³⁷.
2972 4594 3204 4647 Ductum
3237 4599 3319 4645 est
3349 4601 3526 4643 autem

1957 4717 2063 4755 non
2096 4700 2189 4756 Dei
2214 4698 2475 4759 Verbum,
2500 4696 2595 4750 sed
2624 4693 2753 4748 illud
2784 4707 2849 4745 ex
2882 4689 3102 4742 Davidis
3134 4688 3339 4741 semine
3366 4700 3395 4738 a
3423 4685 3530 4739 Deo

1964 4791 2137 4847 Verbo
2173 4790 2428 4857 templum
2457 4795 2814 4854 assumptum.
2852 4779 2967 4835 Non
3002 4779 3148 4834 enim
3190 4777 3357 4832 Deum
3394 4775 3529 4830 Ver-

1951 4882 2077 4937 bum
2118 4881 2183 4934 ad
2220 4878 2531 4933 luctandum
2579 4891 2701 4929 cum
2752 4872 2968 4927 diabolo
3017 4869 3241 4923 abduxit
3294 4867 3528 4936 Spiritus

1952 4983 2193 5035 sanctus,
2228 4972 2321 5026 sed
2354 4970 2502 5034 illud,
2537 4970 2777 5034 inquam,
2817 4964 2957 5034 quod
2991 4978 3056 5017 ex
3082 4960 3300 5031 Virgine
3327 4958 3528 5013 forum-

1952 5070 2105 5115 verat
2153 5059 2264 5115 Deo
2321 5058 2497 5114 Verbo
2558 5057 2836 5125 templum.
2903 5051 3276 5107 Perseverarit
3312 5047 3528 5119 jejunus

1954 5155 2312 5228 quadraginta
2345 5155 2555 5218 diebus,
2584 5150 2917 5218 totidemque
2946 5145 3216 5202 noctibus.
3245 5144 3359 5199 Non
3381 5143 3524 5197 enim

2552 5332 2596 5362 ³ο
2628 5329 2817 5385 Matth.
2847 5346 2944 5393 ιιι,
2972 5331 3064 5387 29.
3160 5330 3203 5359 ¹¹
3231 5328 3387 5383 Joan.
3408 5341 3519 5381 xw.

353 5586 429 5667 (l)
468 5585 688 5667 Ita-cod.
723 5584 1256 5667 κοινωνίαςκιιιιίιξξὶ
1326 5583 1484 5636 lectio
1543 5597 1672 5638 sana
1732 5591 1814 5639 est
1888 5584 2094 5639 nihiive
2143 5585 2316 5647 deest,
2352 5582 2563 5637 videtur
2617 5582 2942 5648 itliotisrnus,
2989 5581 3064 5637 uti
3115 5588 3195 5636 est
3242 5572 3416 5635 κοινὸς
3465 5570 3522 5624 in

284 5652 454 5713 Sacris
477 5654 661 5711 Bibliis
688 5669 785 5723 pro
810 5655 1063 5721 pollutus,
1093 5652 1364 5719 profanus.
