4016 6202
419 243 559 301 ιιεο
1389 237 1447 293 S.
1489 232 1770 290 CYRILLI
1806 229 2005 284 ALEX.

2106 228 2275 282 )RINI
2312 227 2636 285 ARCHIEP.
3537 228 3692 288 “40

418 352 589 409 voluit
609 365 795 408 eorum
819 348 912 420 qui
940 348 1071 405 olim
1089 348 1472 419 jejunaveraut
1495 359 1803 400 mensuram
1826 356 1986 397 exce-

2093 340 2389 411 ὐπερϐἧναι
2420 340 2529 394 τῶν
2559 340 2726 395 πάλαι
2765 340 3200 410 νενηστευκότων
3226 339 3289 392 τδ
3322 342 3547 412 μέτρον,
3580 345 3679 396 ἵνα

418 446 567 511 dere,
610 459 677 498 ne
707 442 969 497 adversus
1005 452 1065 496 se
1098 453 1332 510 pugnam
1390 436 1738 491 adversarius
1767 434 1985 504 defuge-

2093 430 2164 501 μὴ
2192 430 2336 501 φύγῃ
2370 431 2468 500 τὴν
2501 430 2639 499 πρὸς
2667 430 2830 485 αὑτὸν
2854 434 2882 485 6
2907 432 3200 494 ἀντίπαλος
3233 431 3440 502 μάχην,
3472 434 3562 486 ἴνα
3594 436 3679 505 μὴ

418 544 522 599 ret,
551 549 639 598 ne,
664 533 905 601 inquam,
928 545 995 587 eo
1026 531 1118 600 qui
1151 529 1398 585 occultus
1419 538 1535 584 erat
1559 528 1763 598 agnito,
1792 527 1982 581 luctari

2097 523 2354 592 γνωρίσας
2385 522 2475 576 τὸν
2512 522 2911 594 κρυπτόμενον,
2934 522 3082 595 φύγῃ
3108 523 3206 593 τὴν
3234 523 3372 593 πρὸς
3394 524 3458 576 τὸ
3487 528 3683 593 φαινό-

418 641 538 679 cum
588 622 876 678 manifesto
929 630 1229 677 recusaret.
1278 619 1449 686 Hujus
1495 620 1576 679 rei
1628 635 1815 683 causa,
1866 627 1988 689 post

2090 632 2246 685 μενον
2289 615 2487 684 πάλην.
2519 613 2724 671 Τούτου
2760 614 2920 685 χάριν
2960 613 3100 684 μετά
3126 614 3221 667 τὸν
3262 615 3674 685 προειρημένον

418 716 735 783 ντωαὶοιιιιιι
768 713 978 768 dierum
1012 726 1319 778 numerum,
1356 712 1604 766 humanae
1632 721 1836 766 natura!
1865 726 1987 779 pas-

2091 706 2314 777 ἀριθμὸν
2357 706 2467 758 τῶν
2510 703 2754 776 ἡμερῶν,
2796 704 2897 775 τῆς
2942 704 3291 775 ἀνθρωπείας
3339 706 3553 773 φύσεως
3606 708 3677 759 τὸ

418 808 627 861 sionem
657 803 936 875 patefecit,
968 804 1217 874 permisit
1252 803 1377 858 fami
1409 803 1635 867 aditum,
1665 801 1807 856 tame
1839 802 1987 855 vide-

2088 799 2258 863 πάθος
2307 799 2621 868 ὑποφαίνει,
2672 798 2766 853 καὶ
2816 799 3090 867 συγχωρεῖ
3146 801 3217 869 τῇ
3263 797 3422 868 πείνῃ
3476 797 3668 871 χώραν

418 896 543 949 licet
578 908 763 949 ansam
799 893 1015 949 diabolo
1055 894 1324 963 praebens.
1370 890 1487 947 Non
1537 893 1682 947 enim
1729 893 1987 946 accedere

2087 890 2291 955 λαθεῖν,
2323 890 2492 961 λαϐὴν
2515 888 2705 959 ἐκείνῳ
2730 888 2821 942 διά
2850 888 2950 958 τῆς
2990 889 3182 959 πείνης
3217 888 3390 951 διδούς
3410 904 3424 918 ’
3461 889 3521 941 οὐ
3557 891 3673 959 γὰρ

420 987 677 1050 audebat,
711 986 835 1054 quia
870 986 1038 1040 multa
1071 986 1135 1040 ab
1175 1000 1242 1040 eo
1277 986 1437 1057 digna
1481 984 1590 1039 Deo
1626 985 1761 1038 facta
1791 987 1986 1038 obser-

2088 981 2405 1053 προσελθεῖν
2469 982 2716 1051 ἐτόλμα,
2770 979 2942 1033 πολλὰ
2991 980 3120 1053 περὶ
3170 979 3333 1035 αὑτὸν
3385 980 3670 1051 θεοπρεπῆ

420 1095 661 1138 vaverat.
700 1084 942 1151 Namque
976 1091 1033 1137 et
1075 1080 1249 1151 angeli
1281 1094 1347 1135 eo
1377 1088 1505 1133 nato
1539 1078 1987 1147 tripudiaveraut,

2088 1069 2347 1138 γινξμενα
2391 1068 2612 1137 θεωρῶν
2633 1086 2646 1099 ο
2678 1069 2773 1122 καὶ
2804 1067 2914 1137 γὰρ
2944 1067 3165 1135 ἄγγελοι
3206 1067 3489 1138 τεχθέντος
3542 1071 3672 1139 ὲχὸ-

421 1187 476 1233 et
508 1187 755 1233 exortum
781 1178 931 1232 sidus
959 1190 1147 1243 magos
1174 1175 1474 1228 deduxerat
1498 1172 1564 1225 ad
1590 1170 1987 1234 adorationem,

2091 1176 2276 1230 ρευον,
2338 1158 2622 1222 ἀνατείλας
2680 1157 2856 1229 ἀστὴρ
2916 1158 3125 1227 μάγους
3185 1158 3523 1229 ἑποδήγησεν
3588 1163 3672 1223 εἰς

423 1283 615 1337 nempe
651 1268 892 1339 ejusdem
932 1266 1139 1322 ordinis
1170 1265 1572 1333 antesignanos,
1602 1271 1655 1315 et
1698 1263 1874 1329 ipsum
1911 1259 1989 1311 vi-

2091 1249 2461 1321 προσκύνησιν
2497 1252 2623 1314 τοὺς
2662 1250 2759 1320 τῆς
2787 1249 2957 1317 αὐτῆς
2991 1248 3273 1318 φάλαγγος
3312 1252 3668 1320 κορυφαίως,

421 1361 575 1414 derat
600 1338 711 1425 jam
745 1359 868 1414 inde
899 1373 929 1412 a
962 1357 1192 1426 pueritia
1235 1355 1382 1409 omni
1405 1354 1633 1424 justitize
1660 1352 1923 1413 deditum,
1958 1366 1987 1401 a

2090 1341 2184 1392 καὶ
2216 1339 2378 1393 αὑτὸν
2405 1339 2551 1411 ἐώρα
2580 1341 2759 1393 πᾶσαν
2788 1341 2852 1391 ὲκ
2882 1338 3071 1400 παιδὸς
3108 1342 3363 1410 μετιόντα
3397 1342 3672 1393 δικαιοσύ-

423 1450 665 1519 nequitia
699 1451 1105 1511 abhorrentem,
1141 1444 1362 1500 malitia:
1394 1459 1645 1508 osorem;
1684 1452 1845 1508 atque
1875 1441 1989 1493 haec

2089 1449 2208 1499 νην,
2239 1430 2655 1500 βδελυττόμενον
2683 1431 2903 1492 κακίαν,
2934 1431 3340 1501 μυσαττόμενον
3370 1431 3633 1500 πονηρίαν
3652 1449 3665 1459 ·

421 1542 716 1596 secundum
763 1540 968 1597 editum
1039 1540 1105 1597 de
1154 1554 1220 1594 eo
1271 1553 1300 1591 a
1342 1537 1603 1607 propheta
1650 1532 1986 1597 vaticinium,

2090 1522 2181 1575 mi.
2212 1522 2383 1576 ταῦτα
2413 1521 2557 1594 [cod.
2580 1520 2807 1593 ταύτην]
2838 1522 2980 1575 κατὰ
3009 1521 3107 1591 τὴν
3138 1523 3218 1584 εἰς
3246 1521 3408 1573 αὑτὸν
3432 1538 3668 1592 γεγενη-

420 1632 675 1702 quoniam
716 1651 735 1684 ι
764 1631 1082 1700 Priusquam
1132 1637 1423 1697 cognoscat
1481 1628 1594 1695 ipse
1647 1625 1844 1678 bonum
1902 1624 1987 1676 vcl

2094 1610 2259 1681 μένην
2305 1612 2606 1684 πρόρρησιν
2657 1610 2763 1664 ὑπό
2808 1610 2902 1664 τοῦ
2951 1612 3250 1682 προφήτου,
3285 1612 3369 1663 ὅτι
3406 1630 3425 1661 ι
3453 1612 3590 1681 Πρὶν
3631 1612 3668 1680 ἦ

423 1700 645 1788 malum,
676 1737 782 1775 non
815 1721 1000 1776 credet
1039 1718 1277 1782 malitiae,
1315 1726 1372 1771 ut
1412 1717 1571 1786 eligat
1596 1716 1738 1785 quod
1785 1715 1986 1768 bonum

2090 1700 2295 1769 γνῶναι
2324 1702 2483 1755 αὑτὸν
2512 1701 2714 1770 ἀγαθὸν
2746 1702 2779 1772 ἢ
2816 1702 3005 1764 κακὸν,
3050 1702 3267 1754 ἀπειθεῖ
3301 1702 3537 1773 πονηρία
3570 1703 3665 1755 τοῦ

422 1814 569 1867 est"
602 1812 701 1883 (l).
737 1832 755 1864 ι
825 1810 1109 1866 Clamabat
1152 1825 1369 1880 quoque
1429 1808 1667 1863 Joannes
1722 1824 1737 1864 :
1787 1827 1805 1859 ι
1854 1809 1990 1862 Ecce

2089 1791 2408 1857 ἐκλέξασθαι
2436 1794 2497 1845 τὸ
2529 1792 2731 1860 ἀγαθόν
2753 1811 2765 1823 ·
2789 1810 2807 1843 ι
2844 1791 3045 1845 ὲὸόαδὲ
3077 1792 3172 1844 καὶ
3201 1793 3456 1862 Ἰωάννης
3475 1810 3486 1821 ·
3515 1810 3533 1842 ι
3562 1791 3662 1843 ’1δε

425 1882 756 1971 agnusDei,
802 1902 893 1972 qui
949 1902 1088 1956 tollit
1134 1911 1412 1970 peccatum
1462 1901 1647 1954 mundi
1671 1902 1737 1954 ”.
1767 1918 1785 1949 ι
1828 1898 1990 1965 Pater

2088 1885 2116 1937 6
2140 1885 2308 1953 ἀμνὸς
2331 1884 2425 1937 τοῦ
2446 1884 2604 1950 Θεοῦ,
2625 1885 2654 1936 6
2676 1883 2849 1955 αἴρων
2864 1884 2965 1953 τὴν
2979 1883 3251 1953 ἁμαρτίαν
3275 1882 3367 1935 τοῦ
3391 1882 3617 1951 κόσμου.
3643 1901 3664 1931 ι

424 1970 651 2060 desuper
686 1970 984 2046 testabatur
1014 2010 1030 2047 :
1067 2010 1084 2043 ι
1120 1990 1219 2045 Hic
1245 2000 1327 2045 est
1359 1990 1528 2044 Filius
1552 2004 1702 2043 meus
1733 1989 1989 2052 dilectus,

2089 1975 2277 2044 Πατὴρ
2330 1974 2534 2029 ἀνωθεν
2578 1975 2958 2045 ἐμαρτύρησεν
2986 1991 2999 2003 ·
3037 1992 3056 2026 ι
3097 1970 3264 2035 Οὗτός
3298 1975 3446 2027 ἐστιν
3482 1976 3511 2025 6
3542 1972 3666 2034 Υἱός

422 2083 477 2137 in
517 2058 622 2151 quo
657 2065 1133 2152 utihi'complacui
1159 2082 1228 2136 '°.
1262 2101 1280 2133 ι
1319 2081 1502 2136 Gratia
1546 2080 1777 2149 denique
1817 2080 1991 2147 Spirio

2092 2066 2235 2134 μουό
2265 2064 2568 2133 ἀγαπητὸς,
2595 2066 2650 2117 ὲν
2682 2058 2726 2132 ᾧ
2758 2064 3055 2134 ηὑδόκησα.
3080 2084 3098 2115 ι
3131 2063 3236 2115 Τοῦ
3280 2062 3593 2132 Πνεύματος
3631 2064 3662 2128 ή

423 2182 511 2227 tus
541 2172 711 2227 sancti
743 2172 1078 2241 supervenit.
1108 2172 1231 2227 Haec
1264 2181 1319 2226 et
1356 2171 1620 2239 ejusmodi
1666 2172 1769 2224 alia
1807 2171 1987 2224 diabo-

2089 2155 2247 2226 χάρις
2275 2156 2548 2227 έφοίτησε.
2578 2156 2762 2210 Ταῦτα
2792 2158 2884 2209 καὶ
2912 2158 3012 2209 ὅσα
3046 2155 3273 2211 τοιαῦτα
3306 2155 3398 2208 τὸν
3422 2155 3666 2209 διάϐολον

423 2263 532 2315 lum
580 2262 999 2327 terrefacientia,
1047 2279 1153 2317 non
1200 2262 1451 2317 sinebant
1494 2263 1753 2316 accedere
1782 2262 1847 2314 ad
1894 2276 1989 2314 no-

2088 2246 2535 2315 καταπλήττοντα
2570 2246 2883 2317 προσελθεῖν
2914 2247 3015 2299 οὐκ
3046 2248 3129 2299 εἷα
3157 2246 3236 2315 τῷ
3265 2250 3362 2316 τῆς
3389 2246 3664 2315 ἡμετέρας

424 2360 551 2405 strue
589 2359 795 2406 natura:
841 2352 1119 2406 athletam.
1157 2352 1261 2405 Sed
1303 2360 1584 2419 postquam
1631 2352 1677 2404 is
1712 2349 1869 2403 famis
1897 2364 1986 2402 ac-

2090 2333 2303 2402 φύσεως
2349 2334 2554 2405 ἀθλητῇ
2580 2349 2596 2365 ⁶
2629 2336 2704 2398 ὡς
2743 2334 2797 2387 δὲ
2837 2336 2934 2405 τῆς
2982 2336 3173 2405 πείνης
3217 2336 3317 2405 τὴν
3360 2335 3663 2406 προσϐολήν

424 2456 635 2495 cessum
668 2440 909 2508 admisit,
946 2444 1229 2511 ipsumque
1259 2443 1396 2496 vidit
1422 2442 1640 2496 humani
1675 2438 1990 2493 nutrituenti

2090 2425 2403 2491 ὑπεδέξατο,
2436 2428 2531 2479 καὶ
2573 2428 2779 2497 τροφῆς
2808 2426 2971 2481 αὑτὸν
3005 2422 3146 2479 εἶδεν
3178 2426 3519 2496 ἀνθρωπίνης
3548 2428 3664 2479 δεό-

426 2533 688 2600 tndigunt,
725 2548 898 2602 neque
936 2536 1074 2587 ultra
1104 2533 1450 2601 antiquorum
1484 2532 1759 2586 hominum
1807 2540 1993 2585 tertnt-

2095 2534 2273 2587 μενον,
2321 2518 2416 2570 καὶ
2464 2521 2753 2588 καρτερεῖν
2788 2518 3099 2588 περαιτέρω
3138 2518 3246 2570 τῶν
3282 2517 3516 2570 παλαιῶν
3556 2519 3655 2569 ἀν-

430 2635 554 2673 num
588 2622 787 2677 durare
811 2622 1103 2685 valentem,
1138 2633 1265 2676 tunc
1299 2621 1551 2683 accessit,
1585 2636 1770 2675 ansam
1804 2622 1994 2675 existi-

2090 2608 2230 2677 δρῶν
2253 2608 2313 2660 οὐ
2342 2607 2658 2677 δυνάμενον,
2692 2608 3079 2678 προσέρχεται,
3106 2607 3268 2677 λαϐὴν
3292 2608 3532 2676 οἰόμενος
3563 2607 3662 2659 εὑ·-

429 2728 584 2767 maus
632 2728 691 2768 se
739 2714 951 2781 cepisse
1002 2715 1328 2777 maximam,
1382 2712 1706 2768 facilemque
1766 2713 1993 2768 credens

2097 2699 2320 2770 ρηκέναι
2352 2699 2639 2769 μεγίστην,
2669 2698 2763 2751 καὶ
2794 2700 3037 2769 νικήσειν
3072 2698 3258 2769 ῥᾳδίως
3285 2699 3586 2753 πιστεύων.

425 2800 709 2854 victoriam
753 2800 1074 2856 relaturum.

492 2912 729 2982 820m.
777 2911 912 2967 XIV.
949 2910 1255 2989 Quomodo_
1286 2913 1555 2989 diabolum
1588 2912 1920 2967 debellavert't

2165 2922 2263 2975 IA’.
2309 2921 2429 2976 Τίνι
2459 2921 2655 2988 τρόπῳ
2687 2922 3134 2989 κατηγωνίσατο
3173 2922 3280 2976 τὸν
3316 2922 3596 2978 διάϐολον

941 2981 1175 3036 Christus
1215 2982 1487 3036 Dominus.
2487 2981 2503 2988 ’

2487 2981 2503 2988 ’
2537 2994 2570 3046 ό
2608 2981 2916 3056 Δεσπόὲὴς
2954 2995 3225 3060 Χριστός.

490 3099 570 3152 Ac
602 3097 1049 3166 quemadmodum
1087 3099 1139 3151 in
1194 3097 1399 3167 proeliis
1430 3114 1551 3153 cum
1586 3101 1708 3168 quis
1743 3100 1855 3154 vult
1887 3100 1988 3156 ali-
2016 3064 2063 3127 ο

2163 3101 2273 3155 Καὶ
2318 3100 2570 3171 καθάπερ
2604 3102 2660 3153 ὲν
2691 3104 2804 3164 τοῖς
2834 3102 3091 3172 πολέμοις
3115 3103 3208 3156 τὸν
3242 3106 3575 3175 πανταχόθεν
3602 3110 3664 3175 τῇ

422 3205 583 3258 quem
613 3189 1017 3257 cataphractum
1056 3188 1161 3243 telo
1188 3199 1459 3259 appetere,
1486 3199 1655 3245 totum
1681 3191 1853 3246 oculis
1882 3192 1989 3245 cir-

2092 3189 2362 3259 πανοπλίᾳ
2408 3190 2822 3260 κεκαλυμμένον
2870 3191 3267 3257 κατατοξεῦσαί
3317 3210 3402 3257 τις
3446 3192 3664 3255 ἐθέλων,

424 3288 752 3344 cumtuetur,
779 3279 987 3333 eminus
1011 3280 1324 3345 observans,
1357 3283 1551 3335 nudum
1578 3282 1790 3350 aliquod
1824 3296 1989 3335 mem-

2090 3281 2207 3334 ὅλον
2242 3284 2352 3344 τοῖς
2383 3282 2680 3353 ὀφθαλμοῖς
2706 3283 3074 3353 περισκοπῶν,
3099 3285 3382 3355 πόρρωθεν
3410 3287 3664 3356 ἐρευνῶν,

423 3371 577 3422 hrum
609 3367 917 3435 explorans,
951 3378 1007 3423 ut
1033 3368 1157 3423 illuc
1188 3369 1439 3449 sagittam
1475 3371 1711 3433 dirigens
1739 3370 1989 3425 adversa-

2093 3373 2252 3444 μέλος
2280 3374 2699 3444 γεγυμνωμένον
2726 3374 3017 3443 ἐπιζητῶν,
3056 3374 3143 3428 ἴνα
3176 3374 3236 3428 τὸ
3269 3376 3421 3445 βέλος
3448 3379 3562 3429 ἐκεῖ
3588 3379 3668 3446 ῥί-

424 3462 561 3514 rium
593 3459 871 3525 vulneret;
904 3461 981 3515 sic
1009 3460 1254 3515 diabolus
1285 3462 1429 3515 omni
1477 3460 1684 3529 iustitia
1712 3461 1988 3517 Christum

2089 3465 2195 3535 ψας
2246 3464 2334 3517 τὸν
2377 3464 2667 3519 ἀντίπαλον
2715 3463 2911 3537 πλήξῃ,
2942 3463 3115 3528 οὕτως
3159 3468 3187 3519 6
3224 3466 3469 3529 διάϐολος
3520 3468 3666 3537 πάσῃ

424 3551 611 3605 videns
660 3561 963 3616 armatum,
1020 3552 1289 3621 situmque
1328 3552 1577 3607 idoneum
1624 3563 1871 3609 scrutatis
1924 3560 1990 3609 ad

2091 3554 2402 3629 δικαιοσύνῃ
2451 3556 2541 3608 τὸν
2584 3555 2820 3625 Χριστὸν
2863 3557 3312 3626 καθωπλισμένον
3350 3556 3530 3627 ὁρῶν,
3579 3560 3670 3610 καί

422 3657 579 3711 quem
621 3642 781 3697 telum
814 3643 1089 3713 dirigeret,
1122 3656 1178 3695 ιιι
1210 3653 1576 3715 emergentem
1606 3644 1737 3699 vidit
1770 3643 1987 3714 famem,

2090 3646 2257 3699 τόπον
2287 3645 2464 3716 ζητῶν
2496 3645 2774 3716 ἁρμόδιον,
2812 3646 2898 3698 ἵνα
2936 3646 2996 3700 τὸ
3033 3646 3187 3718 βέλος
3232 3650 3351 3701 ἐκεῖ
3388 3650 3668 3722 ἀκοντίσῃ,

422 3733 677 3788 audacter
704 3734 911 3789 accedit
938 3750 1035 3790 ceu
1071 3751 1129 3789 re
1154 3738 1377 3806 quwsita
1422 3737 1644 3805 potitus,
1669 3738 1789 3805 quia
1823 3738 1988 3805 ipsam

2092 3736 2167 3798 ὡς
2194 3732 2299 3789 εἶδε
2324 3736 2422 3807 τὴν
2447 3738 2636 3790 πείναν
2665 3738 3048 3806 ἀναφανεῖσαν,
3075 3739 3437 3811 προσέρχεται
3470 3740 3672 3811 θαρσα-

425 3827 785 3895 progenitoris
819 3828 1122 3895 passionem
1160 3830 1211 3883 in
1249 3845 1315 3884 eo
1351 3831 1797 3899 deprehenderat.
1835 3831 1993 3885 Nant-

2092 3827 2231 3890 λέως
2275 3828 2351 3891 ὼς
2402 3828 2574 3900 εὑρὼν
2602 3828 2662 3881 τὸ
2693 3828 3047 3901 ζητούμενον,
3083 3832 3159 3895 ὡς
3198 3832 3293 3886 τοῦ
3330 3833 3672 3903 προπάτορος

422 3930 527 3984 que
568 3924 623 3969 et
656 3914 803 3969 illum
855 3932 978 3972 esca
1008 3918 1185 3974 oblata
1233 3914 1375 3973 felici
1408 3919 1513 3973 vita
1557 3920 1898 3988 spoliaverat,
1940 3930 1993 3975 et

2092 3920 2151 3973 ἐν
2197 3917 2345 3989 αὑτῷ
2397 3920 2678 3993 θεωρήσας
2724 3922 2782 3974 τὸ
2826 3920 3013 3985 πάθος.
3055 3923 3165 3976 Καὶ
3200 3923 3310 3993 γάρ
3347 3924 3555 3977 ἐκεῖνον
3589 3924 3672 3977 διὰ

420 4006 625 4071 sudori,
658 4022 929 4073 aerumnaa,
962 4024 1025 4063 ac
1058 4009 1215 4065 morti
1245 4010 1602 4080 implicuerat.
1640 4009 1781 4081 Ergo
1810 4012 1883 4066 ita
1913 4013 1990 4067 di-

2095 4009 2349 4081 βρὼσεως
2402 4014 2671 4081 στερῆσας
2714 4010 2815 4081 τῆς
2864 4012 3069 4065 ἀλύπου
3114 4011 3294 4083 ζωῆς,
3342 4012 3528 4085 ἱδρῶτι
3582 4018 3670 4067 καὶ

421 4113 549 4153 cens
576 4100 820 4155 accedit:
856 4118 874 4153 ι
912 4100 968 4155 Si
1000 4099 1169 4156 Filius
1210 4101 1301 4156 Dei
1335 4117 1414 4166 es,
1443 4101 1532 4156 dic
1572 4112 1630 4156 ut
1670 4102 1877 4171 lapides
1905 4104 1989 4158 isti

2093 4102 2436 4174 ταλαιπωρίᾳ
2506 4104 2600 4156 καὶ
2650 4102 2867 4173 θανάτῳ
2929 4102 3249 4167 συνέζευξεο
3312 4104 3670 4174 προσέρχεται

422 4204 586 4257 panes
616 4189 747 4245 ﬁant
783 4190 847 4244 ³¹.
887 4210 905 4243 ι
951 4190 1110 4247 Certe
1152 4192 1205 4247 id
1252 4208 1355 4247 non
1410 4192 1651 4259 fecisset,
1690 4194 1789 4248 nisi
1836 4194 1992 4250 famis

2092 4193 2270 4246 τοίνυν
2294 4194 2467 4261 λέγων
2488 4212 2500 4226 ο
2542 4213 2559 4245 ι
2590 4195 2653 4247 El
2688 4193 2816 4255 Υἱὸς
2848 4187 2900 4246 εί
2925 4193 3016 4246 τοῦ
3050 4194 3209 4257 Θεοῦ,
3244 4195 3366 4247 εἰπὲ
3399 4196 3482 4249 ἵνα
3507 4197 3554 4247 οἱ
3588 4196 3667 4247 λί-

422 4280 724 4350 passionem
768 4283 1024 4338 Servator
1069 4284 1392 4339 admisisset.
1442 4283 1612 4351 Quam
1659 4301 1769 4340 rem
1815 4301 1880 4341 ex
1926 4288 1991 4343 iis

2095 4284 2177 4338 θοι
2208 4279 2352 4338 οὗτοι
2378 4286 2530 4355 ἄρτοι
2558 4284 2842 4352 γένωνται.
2880 4305 2897 4337 ι
2930 4287 3044 4340 Οὐκ
3070 4284 3135 4339 ἄν
3162 4286 3217 4339 δὲ
3248 4287 3402 4340 τοῦτο
3431 4287 3662 4355 πεποὶη-

422 4388 541 4441 qnaa
574 4382 759 4441 postea
782 4387 1076 4431 evenerunt
1108 4376 1332 4445 quilibet
1362 4378 1644 4433 manifeste
1676 4389 1986 4449 cognoscet.

2095 4390 2207 4435 κεν,
2237 4376 2284 4425 εί
2324 4373 2395 4443 μὴ
2422 4374 2482 4425 τὸ
2503 4373 2674 4435 πάθος
2702 4374 2803 4443 τῆς
2833 4375 3025 4446 πείνης
3052 4377 3080 4428 6
3106 4376 3296 4447 Σωτὴρ
3325 4374 3662 4438 κατεδέξατο·

424 4466 697 4535 Siquidem
724 4466 901 4518 statim
929 4483 992 4520 ac
1024 4469 1195 4523 victus
1226 4470 1277 4522 in
1304 4469 1445 4523 lucta
1480 4470 1599 4533 fuit,
1634 4481 1994 4541 expertusque

2092 4467 2185 4520 καὶ
2230 4465 2389 4518 τοῦτο
2436 4465 2597 4535 μάθοι
2630 4483 2713 4528 τις
2746 4468 2809 4520 ἐκ
2842 4468 2952 4520 τῶν
2988 4468 3125 4538 μετά
3154 4467 3325 4522 ταῦτα
3354 4467 3565 4537 σαφῶςο
3596 4468 3674 4532 ὡς

420 4557 606 4612 didicit
664 4556 809 4611 hunc
848 4570 969 4611 esse
1008 4574 1163 4625 quem
1210 4561 1486 4630 prophetae
1512 4576 1700 4615 omnes
1726 4563 1989 4630 praedixe-

2090 4556 2199 4627 γὰρ
2244 4555 2452 4627 ἡττήθη
2497 4556 2783 4620 παλαίσας,
2822 4558 2918 4610 καὶ
2964 4558 3051 4611 διὰ
3084 4558 3179 4628 τῆς
3218 4560 3413 4628 πείρας
3447 4558 3671 4630 ἔμαθεν,

424 4658 579 4715 rant,
632 4664 698 4705 ne
758 4658 1032 4718 aspectum
1080 4651 1292 4718 quidem
1330 4652 1447 4721 ejus
1496 4654 1798 4707 accedentis
1852 4654 1995 4709 ferre

2090 4648 2173 4700 ὃτι
2192 4648 2352 4712 αὑτός
2374 4649 2521 4701 ἐστιν
2547 4648 2604 4701 ὃν
2629 4650 2677 4700 οἱ
2702 4648 2976 4719 προφῆται
3004 4650 3388 4720 προεκήρυξαν
3412 4652 3673 4714 ἅπαντες,

422 4756 584 4796 ausus
603 4752 709 4807 est,
733 4741 825 4795 sed
867 4739 1011 4796 illico
1034 4741 1261 4812 aufugit,
1305 4761 1446 4800 nunc
1481 4745 1722 4801 clamans
1750 4763 1763 4801 :
1801 4763 1819 4797 ι
1853 4743 1991 4813 Quid

2090 4738 2212 4791 οὐδὲ
2260 4738 2360 4808 τὴν
2394 4738 2521 4797 θέαν
2564 4738 2728 4791 αὐτοῦ
2770 4739 3089 4812 προσιόντος
3124 4739 3317 4810 φέρειν
3347 4742 3672 4811 ἐτόλμησεν,

424 4834 579 4887 nobis
600 4842 654 4888 et
691 4833 809 4898 tibi,
843 4832 942 4887 Fili
981 4833 1071 4887 Dei
1094 4834 1233 4888 ?cur
1258 4836 1455 4890 venisti
1494 4848 1618 4892 ante
1650 4848 1857 4906 tempus
1884 4847 1995 4893 tor-

2094 4830 2207 4884 ἀλλ’
2237 4831 2397 4892 εὐθὺς
2439 4830 2853 4901 ἐδραπέτευσεν,
2891 4830 2985 4883 νῦν
3034 4830 3131 4901 μὲν
3173 4830 3333 4900 βοῶν,
3374 4851 3391 4883 ‹
3427 4832 3493 4884 Τί
3540 4834 3674 4902 ἡμῖν

422 4920 708 4992 (ιιιειείιοε
726 4923 815 4978 "i
852 4943 870 4977 ι
909 4940 1053 4980 nunc
1087 4934 1263 4981 autem
1310 4946 1326 4982 :
1361 4928 1522 4982 «Novi
1547 4930 1685 4999 quod
1714 4928 1877 4984 Filius
1903 4930 1993 4984 Dei

2096 4924 2194 4978 καὶ
2225 4924 2327 4987 σοὶ,
2355 4923 2450 4977 re
2476 4924 2569 4976 τοῦ
2600 4925 2771 4989 Θεοῦ;
2812 4925 2864 4976 τί
2898 4921 3061 4996 ἦλθες
3090 4924 3196 4993 πρὸ
3222 4923 3418 4995 καιροῦ
3447 4923 3676 4994 βασανί-

424 5015 534 5068 sis:
583 5015 773 5085 adjuro
825 5025 893 5081 te,
942 5032 1013 5071 ne
1054 5032 1140 5071 me
1182 5026 1436 5088 torqueas
1472 5018 1537 5074 ⁸³.
1581 5040 1598 5071 ι
1655 5021 1802 5075 Adeo
1848 5021 1995 5075 illum

2100 5032 2189 5068 σαι
2222 5015 2403 5085 ἡμᾶς;
2433 5036 2449 5065 ι
2481 5014 2574 5069 νῦν
2600 5015 2679 5079 δὲ,
2717 5010 2878 5068 «Οἶδά
2914 5032 2972 5068 σε
3001 5015 3084 5079 τίς
3116 5009 3187 5077 εἴ,
3209 5016 3236 5067 6
3258 5014 3384 5077 Υίὸς
3401 5013 3496 5067 τοῦ
3514 5013 3672 5078 Θεοῦ,

426 5102 665 5170 timebat,
704 5107 1049 5178 judicemque
1097 5109 1405 5164 fatebatur!
1442 5110 1593 5164 Tunc
1646 5121 1824 5166 autem
1876 5122 2000 5166 ante

2092 5104 2299 5177 ὁρκίζω
2360 5124 2418 5159 σε
2466 5108 2537 5177 μή
2597 5125 2663 5177 με
2715 5107 3031 5180 βασανίσῃς.
3066 5126 3084 5159 ι
3137 5107 3326 5171 Οὕτως
3391 5106 3673 5170 ἐδεδοίκει,

423 5196 834 5263 experientiam,
861 5200 1001 5255 haud
1030 5200 1227 5256 talibus
1251 5200 1429 5256 verbis
1451 5203 1722 5267 utebatur,
1752 5202 1844 5256 sed
1871 5216 2000 5256 cou-

2099 5200 2195 5252 καὶ
2224 5198 2417 5269 κριτὴν
2444 5198 2710 5269 ὡμολόγει
2734 5214 2745 5227 α
2775 5198 2895 5251 τότε
2928 5198 3033 5269 πρὸ
3054 5199 3156 5268 τῆς
3184 5200 3382 5270 πείρας
3410 5198 3472 5251 οὐ
3501 5196 3676 5249 τοιούη

497 5350 543 5383 ⁸⁸
571 5353 678 5407 Isa.
700 5365 795 5420 vn,
835 5353 924 5409 16.
987 5355 1031 5386 ¹⁹
1070 5354 1225 5410 Joan.
1259 5371 1297 5420 ι,
1331 5353 1421 5410 99.
1455 5354 1499 5385 ⁸ο
1532 5353 1719 5408 Matth.
1754 5370 1836 5420 nt,
1865 5355 1949 5409 17.
2031 5355 2074 5386 ³¹

2106 5352 2293 5408 Matth.
2330 5369 2402 5416 tv,
2435 5353 2489 5409 5.
2565 5352 2608 5403 ³η
2646 5351 2833 5405 Matth.
2867 5366 2986 5419 rttt,
3013 5350 3101 5405 29.
3179 5352 3225 5384 ³³
3258 5351 3390 5408 Luc.
3412 5367 3532 5418 vm,
3567 5352 3666 5407 28.

500 5490 577 5562 (l)
615 5488 776 5562 lta‘se
800 5490 963 5547 habet
988 5493 1208 5550 Graecus
1236 5503 1416 5549 textus
1445 5502 1555 5549 tum
1585 5495 1637 5549 in
1668 5494 1854 5549 Bibliis
1883 5506 1991 5548 tum
2104 5495 2181 5548 dit
2219 5492 2483 5562 Irenteus,
2507 5492 2598 5559 qtti
2640 5501 2814 5545 tamen
2850 5507 2948 5559 pro
2983 5508 3086 5562 non
3123 5492 3313 5555 credet,
3343 5484 3531 5562 scribit
3570 5506 3676 5543 non

429 5558 567 5631 apud
594 5558 885 5631 Cyrillum;
913 5573 1076 5629 atque
1105 5565 1175 5616 ita
1207 5568 1345 5688 aptat
1374 5564 1710 5618 Sabaterium
1742 5565 1995 5633 interpre-
2105 5565 2404 5616 consentiet.
2445 5558 2704 5629 Vulgatus
2750 5558 2928 5614 atttetu
2980 5561 3250 5633 interpres
3295 5560 3503 5626 diﬂ'ert,
3545 5562 3677 5627 quia

436 5642 615 5688 tantur
639 5630 738 5688 SS.
765 5632 1081 5688 Ambrosius
1106 5641 1265 5688 atque
1336 5634 1629 5688 ulaentius:
1658 5649 1828 5688 ncuue
1852 5635 1996 5688 ablu—
2105 5632 2426 5687 llebraicum
2460 5642 2662 5687 textum
2695 5641 2951 5687 sectatur.

436 5642 615 5688 tantur
639 5630 738 5689 SS.
765 5632 1081 5689 Ambrosius
1106 5630 1265 5701 atque
1289 5630 1629 5701 Fulgentius;
1658 5649 1828 5700 neque
1852 5630 1996 5688 ablu—
2105 5632 2426 5687 llebraicum
2460 5642 2662 5687 textum
2695 5641 2951 5687 sectatur.
