3946 6202
270 259 377 317 liti

1398 245 1486 299 DE
1526 242 2036 300 INCARNATIONE
2075 240 2332 297 DOMINI.

3366 247 3505 304 H49.

266 390 361 436 τοις
378 370 640 439 ἐκέχρητο
668 366 928 436 ῥήμασιν,
957 362 1093 418 ἀλλά
1118 361 1335 435 θαρρῶν
1366 362 1596 433 προσῄει
1620 360 1812 427 λέγων⁸

1951 357 2150 413 identer
2180 356 2470 413 accedebat
2498 356 2681 412 dicens
2715 371 2731 411 :
2774 374 2792 407 ι
2824 356 2918 413 Die
2948 366 3006 412 ut
3036 358 3240 427 lapides
3273 360 3360 416 isti
3403 378 3498 429 pa-

272 485 289 516 r
320 461 439 517 Εἰπὲ
469 460 555 511 ἵνα
582 458 630 510 οἱ
663 456 802 509 λίθοι
830 447 975 508 οῦτοι
1008 455 1162 525 ἄρτοι
1195 454 1479 521 γένωνται.
1514 471 1533 504 s
1573 451 1684 517 Τῆς
1723 449 1821 520 μὲν

266 553 356 624 γάρ
385 548 587 605 ἄνωθεν
622 545 883 616 ὲλθούσης
916 546 1099 615 φωνῆς
1129 547 1357 615 ἤκουσα,
1386 541 1543 612 φησὶ,
1574 540 1732 595 τοῦτό
1762 557 1820 592 σε

268 642 573 709 καλεσάσης,
607 637 821 692 ἀπιστῶ
854 637 909 690 δὲ
940 636 1046 698 ἕως
1079 636 1145 689 ἂν
1188 634 1336 689 λάϐω
1368 633 1465 704 τὴν
1506 633 1700 701 πεῖραν
1744 631 1824 683 δι-

267 731 534 786 δάσκαλον.
570 729 763 783 Πεῖσόν
805 744 874 797 με
916 728 1005 781 διὰ
1032 726 1141 779 τῶν
1168 725 1528 797 πραγμάτων,
1566 723 1640 785 ὡς
1673 721 1701 774 ὂ
1726 721 1823 774 κέ-

265 824 461 894 κλησαι,
497 819 711 890 ἀληθῶς
738 819 1127 890 ύπάρχεις.“Δν
1158 818 1265 889 γὰρ
1290 817 1450 871 τοῦτο
1477 815 1654 887 μάθω,
1685 812 1820 881 φεύ-

264 914 429 983 ξομαι,
461 910 559 964 καὶ
583 910 959 980 δραπετεύσω,
988 910 1083 963 καὶ
1108 909 1206 979 τὴν
1239 906 1375 979 πρὸς
1404 906 1465 960 σὲ
1489 905 1824 975 παραιτήσο-

267 1019 352 1073 μαι
380 999 558 1069 πάλην
579 1015 594 1029 ο
627 993 743 1051 οἶδα
767 998 876 1068 γὰρ
898 998 1022 1051 ὅσον
1051 994 1186 1067 ἐμοῦ
1212 999 1307 1049 καὶ
1337 993 1431 1048 σοῦ
1461 994 1521 1047 τὸ
1546 994 1820 1062 διάφορον.

263 1088 429 1152 Δεῖξον
447 1086 630 1141 τοίνυν
653 1085 713 1138 τὸ
735 1085 918 1156 θαῦμα
947 1085 1042 1138 καὶ
1063 1085 1159 1156 τὴν
1186 1083 1652 1154 θαυματουργίαν,
1683 1082 1827 1135 δίδα-

266 1180 345 1246 ξον
386 1179 476 1232 τὸν
511 1177 605 1231 τοῦ
640 1177 913 1248 θαύματος
944 1179 1204 1248 ποιητήν·
1246 1197 1264 1228 ι
1299 1177 1432 1230 Εἰπὲ
1467 1176 1553 1229 ἵνα
1597 1176 1646 1228 oi
1691 1175 1827 1227 λίθοι

265 1266 393 1325 οῦτοι
430 1270 584 1341 ἄρτοι
621 1269 905 1338 γένωνται.
937 1288 956 1320 ι

329 1358 537 1412 Τούτων
580 1358 818 1420 ἀκούσας
848 1355 1081 1427 κρύπτει
1122 1356 1219 1425 μὲν
1256 1354 1356 1424 τὴν
1398 1354 1648 1423 θεότητα,
1680 1353 1743 1406 ὲκ
1771 1352 1829 1405 δὲ

264 1453 351 1521 τῆς
380 1449 721 1521 ἀνθρωπείας
762 1449 1065 1517 διαλέγεται
1100 1447 1314 1517 φύσεως
1334 1463 1348 1477 ο
1381 1465 1400 1496 ‹
1429 1446 1543 1498 Οὐκ
1572 1444 1657 1496 ἐπ’
1681 1444 1830 1514 ἄρτῳ

270 1542 422 1612 μόνῳ,
452 1539 647 1607 λέγων,
680 1536 914 1608 ζήσηται
948 1534 1255 1606 ἄνθρωπος,
1294 1532 1409 1586 ἀλλ’
1440 1535 1496 1584 ὲν
1533 1530 1697 1583 παντὶ
1733 1529 1831 1599 ρή·

271 1648 389 1701 ματι
429 1631 517 1684 διὰ
560 1631 825 1697 στόματος
854 1625 1272 1697 ἐκπορευομένῳ
1299 1622 1457 1677 Θεοῦ.
1497 1641 1514 1673 ι
1549 1621 1821 1690 Δύναμαι,

1924 464 2019 504 nes
2067 449 2217 503 fiant.
2250 467 2269 500 ι
2302 447 2436 503 Nam
2476 463 2789 519 supernam,
2836 450 3030 517 inquit,
3065 464 3250 504 vocem
3299 452 3497 516 audivi,

1923 538 2117 595 Filium
2159 549 2212 596 te
2256 541 2620 607 vocitantem;
2656 542 2843 611 ignoro
2872 551 3074 607 autem,
3113 543 3286 597 donec
3332 557 3500 611 espe-

1924 628 2176 684 rientiam
2208 631 2520 699 magistram
2553 642 2744 687 nactus
2778 630 2951 685 fuero.
2996 631 3174 686 Factis
3213 632 3343 687 mihi
3376 647 3501 701 per-

1923 722 2110 787 suade,
2145 723 2237 789 qui
2280 722 2593 792 appellaris,
2626 737 2746 777 eum
2779 732 2829 776 te
2861 737 2982 778 esse
3026 738 3235 778 revera.
3279 721 3411 777 Nam
3456 725 3501 777 si

1924 812 2025 868 hoc
2055 814 2317 878 didicero,
2349 814 2571 883 fugiam,
2602 815 2850 879 evadam,
2878 816 3163 882 quominus
3190 825 3366 870 tecum
3393 814 3505 868 col-

1926 904 2101 959 lueter
2126 904 2477 972 deprecabor.
2513 903 2725 959 Etenim
2768 914 3027 973 quantum
3067 906 3208 960 inter
3240 920 3335 960 nos
3369 907 3503 961 duos

1924 995 2159 1060 intersit,
2196 996 2329 1050 seio.
2370 996 2687 1051 Demonstra
2722 1011 2850 1067 ergo
2890 998 3211 1067 prodigium,
3244 1008 3502 1067 tuamque

1925 1084 2183 1141 miracula
2214 1086 2460 1153 patrandi
2491 1084 2817 1147 ellieaciam;
2854 1086 2987 1139 doce
3021 1100 3105 1139 me
3136 1087 3366 1156 prodigii
3400 1102 3503 1140 au-

1926 1182 2161 1229 ctorem:
2194 1192 2216 1226 s
2249 1174 2347 1230 Dic
2379 1185 2437 1229 ut
2463 1176 2664 1245 lapides
2691 1176 2777 1230 isti
2811 1190 2977 1245 panes
3010 1176 3157 1230 flant.
3194 1196 3213 1228 ι

2001 1346 2144 1415 Ergo
2179 1348 2263 1402 his
2299 1350 2520 1414 auditis,
2548 1350 2686 1405 celat
2725 1351 2978 1407 deitatem
3016 1352 3284 1418 Christus,
3314 1353 3503 1409 Imma-

1936 1450 2125 1505 naaque
2145 1448 2347 1493 naturae
2365 1455 2511 1495 more
2535 1441 2768 1511 loquitur
2800 1461 2813 1497 :
2843 1444 3084 1513 821m.
3108 1464 3127 1497 ι
3151 1446 3262 1499 Νοη
3289 1460 3353 1500 ex
3386 1447 3501 1500 solo

1929 1540 2066 1594 pane
2093 1527 2225 1582 vivit
2268 1529 2447 1595 homo,
2488 1535 2581 1587 sed
2625 1549 2690 1588 ex
2719 1538 2865 1590 omni
2903 1539 3064 1591 verbo
3087 1538 3228 1607 quod
3259 1539 3503 1605 procedit

1932 1618 1997 1671 de
2025 1632 2117 1673 ore
2144 1618 2239 1674 Dei
2265 1620 2327 1673 “.
2362 1639 2381 1674 ι
2418 1621 2665 1686 Possum,
2710 1624 2903 1693 inquit,
2934 1628 3052 1681 sine
3101 1643 3238 1695 pane
3283 1630 3500 1684 nutriri.

268 1686 439 1793 ίρησὶν,
467 1722 594 1776 ἀνευ
619 1686 785 1791 ἄρτου
806 1686 1110 1789 τραφῆναι.
1128 1686 1213 1769 ¹Ού
1244 1686 1406 1785 μόνον
1434 1713 1544 1783 γὰρ
1575 1686 1759 1781 ἄρτοις
1793 1713 1825 1780 ἡ

1951 1710 2118 1779 Ἷοηιιε
2152 1713 2295 1766 enim
2336 1714 2562 1782 panibus
2594 1724 2799 1769 tantum
2838 1717 2945 1769 vita
2983 1719 3257 1774 hominum
3293 1732 3506 1777 susten-

268 1812 366 1865 τῶν
410 1808 709 1879 ἀνθρώπων
760 1808 1138 1877 συγκορτεῖται
1185 1803 1321 1875 ζωὴ,
1352 1802 1488 1855 ἀλλά
1517 1803 1670 1873 ῥῆμα
1697 1801 1830 1853 Θεοῦ

268 1903 415 1972 ἀρκεῖ
463 1902 639 1953 πᾶσαν
692 1897 798 1951 τῶν
850 1896 1154 1966 ἀνθρώπων
1181 1894 1470 1966 διαθρέψαι
1498 1894 1596 1963 τὴν
1629 1892 1790 1961 φύσιν
1816 1908 1828 1922 ·

269 1992 429 2054 οὕτως
459 1992 486 2043 ὁ
534 1988 922 2060 Ἰσραηλιτικὸς
952 1986 1214 2058 διετράφη
1245 1985 1391 2049 λαὸς,
1424 1985 1833 2054 τεσσαράκοντα

268 2088 354 2155 ἐτη
383 2083 650 2151 συλλέγων
672 2083 733 2135 τὸ
758 2081 952 2151 μάννα,
977 2080 1074 2134 καὶ
1099 2079 1273 2149 θήρας
1294 2076 1581 2131 ἀπολαύων
1606 2076 1835 2147 ὀρνίθων

270 2176 467 2245 πεπεδη
477 2174 641 2244 μένης
673 2172 833 2243 βουλῇ
858 2171 991 2224 Θεοῦ
1017 2188 1031 2200 ’
1055 2171 1148 2224 καὶ
1172 2169 1356 2231 Ἠλίας
1382 2169 1623 2237 κόρακας
1654 2167 1837 2220 ἑστιά-

270 2281 427 2334 τορας
478 2266 640 2333 ἐσχε-
695 2263 788 2315 κα¹ι
836 2261 1099 2324 Ἑλισαῑος
1149 2258 1360 2329 ἀγρίοις
1408 2257 1660 2327 λαχάνοις
1712 2258 1840 2320 τοὺς

274 2354 539 2417 θιασώτας
584 2352 831 2424 διέθρεψε
853 2369 866 2382 ο
920 2351 1012 2403 καὶ
1041 2350 1094 2402 τί
1133 2366 1198 2419 με
1230 2349 1310 2401 δεῖ
1336 2348 1403 2401 τά
1433 2348 1636 2401 παλαιά
1676 2365 1841 2401 κατα-

272 2445 476 2513 λέγειν;
540 2443 789 2512 Ἰωάννης
832 2433 986 2503 οὗτος
1034 2443 1061 2493 ὁ
1106 2439 1335 2509 ἔναγχος
1386 2441 1444 2492 ὲν
1493 2439 1570 2509 τῷ
1605 2439 1842 2512 Ἰορδάνῃ

273 2536 565 2606 βαπτίζων,
596 2532 774 2587 πᾶσάν
799 2549 859 2585 τε
884 2532 980 2602 τὴν
1012 2531 1225 2602 ἡλικίαν
1253 2533 1312 2604 ὲν
1350 2534 1415 2601 τῇ
1446 2532 1639 2601 ἐρήμῳ
1663 2532 1842 2585 διατε-

272 2628 449 2690 λέσας,
477 2625 662 2697 ἀκρίσι
686 2623 963 2693 τρέφεται,
986 2624 1079 2676 καὶ
1101 2621 1368 2693 μελιττῶν
1389 2623 1599 2692 ἀγρίων
1622 2623 1838 2693 καρπῷο

273 2719 419 2772 οὐδὲν
442 2719 620 2770 τοίνυν
654 2716 903 2779 ἀπεικὸς,
930 2717 1024 2768 καὶ
1051 2715 1197 2785 ἡμᾶς
1221 2714 1332 2768 ἀπὸ
1351 2712 1485 2766 Θεοῦ
1516 2714 1642 2786 ξένῃ
1665 2716 1846 2769 ἑστια-

278 2810 430 2882 θῆναι
469 2811 661 2879 τροφῇ,
698 2812 795 2861 καὶ
831 2806 997 2875 ἄρτου
1040 2806 1114 2877 μὴ
1152 2806 1431 2877 δεηθῆναι.

344 2900 555 2954 Τούτων
592 2898 828 2960 ἀκούσας
857 2901 885 2951 ὁ
915 2897 1181 2961 διάϐολος,
1209 2897 1418 2967 ἤλγησε
1453 2901 1552 2970 μὲν
1586 2902 1661 2965 ὡς
1687 2905 1848 2975 ἡττη..

1934 1808 2099 1867 tatur,
2151 1803 2242 1856 sed
2280 1801 2372 1856 Dei
2417 1804 2642 1858 verbum
2677 1803 2872 1859 suﬂieit
2922 1806 3185 1860 universae
3228 1810 3504 1863 hominum

1934 1893 2136 1948 alenda:
2168 1904 2393 1948 naturae.
2426 1893 2517 1950 Sic
2544 1895 2868 1950 lsraeliticus
2907 1906 3091 1965 pastus
3123 1897 3221 1952 fuit
3258 1900 3505 1968 papulus,

1937 1985 2292 2053 quadraginta
2319 1987 2473 2040 annis
2498 2001 2695 2041 manna
2723 1987 3003 2055 colligens,
3034 1997 3087 2042 et
3109 1990 3285 2042 avium
3314 2000 3506 2043 venatu

1938 2077 2123 2139 fruens
2154 2093 2273 2145 quae
2312 2077 2404 2133 Dei
2439 2077 2718 2133 voluntate
2750 2078 3154 2133 irretiebantur.
3201 2080 3331 2135 Item
3366 2081 3510 2135 Elias

1938 2183 2133 2224 corvos
2163 2169 2361 2224 altores
2390 2169 2606 2233 habuit;
2640 2170 2864 2225 Eliszeus
2911 2181 3089 2227 autem
3130 2174 3328 2242 agresti
3362 2174 3510 2226 olere

1938 2260 2152 2316 sodales
2200 2276 2327 2315 suos
2376 2261 2620 2316 nutrivit.
2677 2262 2784 2317 Sed
2835 2277 2934 2317 cur
2986 2273 3166 2317 vetera
3214 2265 3514 2319 enumero?

1939 2349 2194 2417 Joannes,
2237 2352 2326 2421 qui
2359 2368 2532 2422 nuper
2564 2354 2703 2421 apud
2724 2352 3012 2408 Jordanem
3038 2355 3360 2423 baptizabat,
3387 2369 3510 2409 om-

1942 2456 2172 2512 nemque
2200 2452 2411 2497 mtatem
2440 2444 2492 2497 in
2534 2444 2751 2498 deserto
2789 2446 3069 2509 transegit,
3102 2447 3325 2501 locustis
3352 2446 3512 2500 alitur

1943 2541 1995 2588 et
2036 2548 2194 2602 apum
2241 2533 2565 2589 silvestrium
2599 2534 2794 2589 fructu.
2841 2535 2994 2591 llaud
3034 2552 3164 2606 ergo
3202 2537 3513 2591 incredibile

1943 2632 2050 2689 est,
2073 2638 2175 2678 nos
2195 2638 2407 2693 quoque
2452 2624 2668 2680 insolito
2690 2640 2720 2678 a
2754 2627 2862 2681 Deo
2887 2626 3007 2682 cibo
3037 2628 3257 2692 nutriri,
3291 2639 3343 2682 et
3376 2644 3514 2698 pane

1944 2730 2052 2770 non
2079 2716 2336 2783 indigere.

2020 2890 2144 2947 llaec
2171 2893 2398 2948 audiens
2425 2894 2696 2961 diabolus,
2721 2896 2923 2951 victum
2964 2898 3183 2966 quidem
3219 2912 3278 2952 se
3304 2898 3476 2953 dolnlt
3500 2916 3515 2963 ;

277 2992 406 3054 θεὶς,
432 2992 531 3044 οὐκ
557 2989 901 3060 ἀπηγόρευσε
932 2987 988 3040 δὲ
1019 2986 1115 3057 τὴν
1155 2988 1334 3058 νίκην,
1371 2991 1608 3057 ἀκούσας
1645 2995 1719 3058 ὡς
1764 2998 1841 3052 ἀν.

1956 2984 2051 3040 sed
2080 2993 2259 3039 tamen
2276 3000 2395 3040 eum
2422 2985 2724 3054 intelligens
2750 2988 3020 3042 hominem
3048 3004 3187 3054 esse,
3212 2991 3277 3045 de
3300 2989 3517 3044 victoria

274 3085 487 3154 θρωπος
537 3081 657 3152 εἴη·
695 3080 775 3132 διὸ
822 3077 1080 3149 δευτέραν
1128 3079 1277 3150 αύτῷ
1331 3083 1425 3135 καὶ
1468 3088 1659 3158 τρίτην
1693 3086 1849 3157 αὖθις

277 3177 467 3242 πεῖραν
491 3171 775 3243 προσάγει,
797 3171 873 3240 πὴ
900 3169 997 3239 μὲν
1018 3169 1208 3237 λέγων,
1236 3190 1254 3222 ι
1274 3172 1336 3226 Εἰ
1359 3173 1483 3238 Υίὸς
1505 3172 1557 3229 εἷ
1572 3179 1663 3233 τοῦ
1689 3182 1846 3248 Θεοῦ,

278 3266 404 3332 βάλε
453 3262 677 3316 σεαυτὸν
713 3259 919 3315 ἀνωθεν
951 3261 1130 3315 κάτωο
1163 3280 1179 3313 ι
1231 3262 1306 3333 πὴ
1344 3264 1401 3316 δὲ
1440 3267 1537 3330 τὰς
1574 3269 1849 3339 βασιλείας

275 3361 373 3427 τῆς
413 3354 739 3425 οἰκουμένης
783 3353 1121 3415 ὑποδεικνὺς,
1152 3354 1245 3405 καὶ
1293 3355 1495 3420 ταύτας
1540 3360 1850 3419 ἀντιδώσειν

277 3448 722 3518 ὑπισχνούμενος,
750 3445 799 3497 εί
830 3445 1091 3515 πρότερον
1120 3444 1248 3511 παρ’
1279 3445 1455 3520 αὑτοῦ,
1476 3450 1572 3518 τὴν
1606 3457 1848 3522 προσκύ-

276 3554 431 3609 νησιν
465 3536 616 3589 λάϐοι
638 3550 651 3565 ο
690 3535 764 3599 ὡς
793 3532 852 3585 δὲ
893 3532 1054 3585 πάλιν
1086 3531 1247 3584 αὑτὸν
1275 3534 1383 3587 τῶν
1415 3536 1657 3593 παλαιῶν
1695 3542 1847 3612 νομί-

281 3648 396 3701 μων
423 3628 712 3698 ἀνέμνησε,
750 3642 768 3675 ι
798 3625 1131 3695 Γέγραπται,
1162 3625 1356 3695 λέγων,
1376 3627 1578 3698 Κύριον
1602 3631 1691 3684 τὸν
1715 3632 1847 3687 Θεόν

279 3740 373 3775 σου
409 3718 825 3791 προσκυνήσεις,
862 3717 953 3769 καὶ
985 3715 1133 3786 αύτῷ
1164 3716 1308 3787 μόνῳ
1338 3717 1676 3788 λατρεύσεις,
1704 3743 1721 3774 ι
1756 3725 1851 3778 καὶ

275 3812 513 3877 ἐδίδαξεν
555 3811 637 3863 ὅτι
677 3808 777 3861 οὐκ
804 3807 1049 3874 ἀνέξεται
1078 3808 1248 3879 ἑτέρῳ
1278 3810 1387 3863 τινὶ
1420 3810 1479 3863 τὸ
1510 3811 1652 3868 θεῖον
1682 3817 1851 3888 γέρας

278 3904 685 3976 προσενεγκεῖν,
724 3900 817 3954 καί
862 3900 1061 3971 ἐτέρων
1090 3901 1145 3954 δὲ
1183 3901 1535 3974 ὑπομέμνησε
1592 3907 1851 3977 ῥημάτων

272 3994 371 4047 τοῦ
388 3992 523 4045 Θεοῦ
546 3991 639 4044 καὶ
660 3989 1000 4059 διδαγμάτων
1026 3989 1447 4058 διαγορευὸντων
1472 3992 1547 4064 μὴ
1576 3996 1852 4066 πειράζειν

272 4085 371 4138 τὸν
418 4082 524 4135 τῶν
576 4080 711 4134 ὅλων
756 4078 907 4143 Θεὸν,
939 4079 967 4130 ὁ
1002 4080 1099 4149 μὲν
1134 4080 1363 4152 ἀπέδρα,
1396 4082 1495 4151 τῆς
1539 4085 1710 4155 ἥττης
1754 4087 1852 4157 τὴν

274 4174 543 4246 αἰσχύνην
568 4172 627 4224 ού
653 4171 851 4242 φέρων,
876 4172 968 4224 καὶ
992 4171 1222 4237 δειλιῶν,
1253 4174 1345 4226 καὶ
1370 4175 1608 4246 τρέμων,
1638 4178 1732 4231 καὶ
1754 4180 1852 4248 τῆς

275 4264 596 4339 τυραννίδος
642 4262 1076 4333 ὲκϐληθήσεσθαι
1120 4265 1457 4334 προσδοκῶν.
1509 4269 1694 4323 Πάντα
1744 4270 1853 4340 γάρ

1956 3090 2062 3129 non
2084 3075 2410 3144 desperavit.
2436 3077 2730 3149 Propterea
2767 3081 3056 3134 secundam
3094 3081 3166 3134 illi
3199 3082 3522 3150 tertiamque

1955 3170 2205 3223 admovet
2244 3170 2621 3237 teutationem;
2655 3172 2823 3248 modo
2844 3172 3029 3227 dicens
3058 3190 3071 3227 :
3101 3192 3119 3226 ι
3157 3172 3211 3228 Si
3244 3173 3406 3230 Filius
3430 3175 3521 3230 Dei

1954 3271 2031 3320 es,
2060 3257 2213 3312 mitte
2253 3266 2303 3311 te
2346 3258 2472 3312 hinc
2501 3259 2751 3314 deorsum
2781 3260 2860 3326 ³⁸;
2898 3280 2916 3314 ι
2948 3262 3106 3316 modo
3148 3278 3307 3331 regna
3340 3266 3524 3320 mundi

1955 3349 2271 3416 ostendens,
2296 3363 2467 3417 eaque
2492 3365 2549 3405 se
2579 3352 2830 3406 daturum
2860 3354 3197 3421 promittens,
3219 3356 3261 3409 si
3287 3371 3346 3411 se
3375 3358 3529 3425 prius

1956 3440 2258 3494 adorasset.
2284 3440 2388 3495 Sed
2418 3442 2505 3497 ubi
2530 3442 2780 3499 Christus
2808 3444 2882 3496 illi
2915 3445 3090 3512 prisca
3117 3448 3255 3500 dicta
3293 3448 3344 3501 in
3377 3465 3527 3503 men-

1962 3534 2065 3580 tem
2099 3531 2391 3591 revocavit,
2426 3548 2445 3581 ι
2492 3531 2765 3599 Scriptum
2806 3542 2908 3594 est,
2943 3534 3212 3601 inquiens,
3243 3536 3523 3592 Dominum

1960 3616 2127 3672 Deum
2154 3628 2301 3672 tuum
2334 3618 2607 3682 adorabis,
2638 3627 2693 3672 et
2725 3618 2797 3671 illi
2831 3620 2928 3673 soli
2952 3623 3157 3675 servies
3182 3622 3255 3687 ³⁶;
3286 3641 3304 3672 ι
3340 3625 3527 3677 admo-

1957 3712 2198 3779 nuitque,
2243 3723 2515 3777 nunquam
2562 3724 2621 3764 se
2664 3708 3083 3765 commissurum
3127 3722 3184 3765 ut
3224 3715 3395 3770 cuivis
3437 3718 3529 3770 alii

1957 3801 2194 3857 divinum
2226 3800 2547 3869 obsequium
2572 3800 2826 3868 oll'erret;
2857 3811 3017 3871 atque
3054 3804 3158 3857 alia
3193 3806 3411 3877 insuper
3433 3808 3527 3864 Dei

1957 3894 2114 3950 elata
2142 3910 2218 3960 ac
2260 3905 2526 3965 praecepta
2574 3896 3037 3960 commemoravit,
3087 3912 3206 3966 quae
3243 3900 3524 3955 universa-

1958 3989 2061 4045 letn
2092 3988 2257 4043 Deum
2300 3997 2510 4044 tentare
2549 3990 2836 4058 vetabant;
2875 3990 2963 4045 ille
3006 3989 3222 4060 quidem
3268 3990 3525 4063 fugiebat,

1960 4080 2305 4149 ignominiam
2348 4077 2520 4135 cladis
2565 4096 2672 4135 non
2712 4080 2908 4145 ferens,
2937 4079 3133 4134 timens
3165 4088 3526 4150 tremensque,

1960 4180 2015 4226 et
2038 4187 2096 4227 se
2125 4171 2406 4243 tyraunide
2432 4171 2712 4242 depulsum
2752 4171 2816 4227 iri
2848 4181 3189 4241 exspectans.
3233 4170 3367 4225 Nam
3404 4185 3529 4226 eum

1962 4261 2064 4315 tela
2099 4262 2275 4316 omnia
2304 4262 2703 4332 insumpsisset,
2740 4258 3071 4332 cunctasque
3121 4262 3327 4317 fraudis
3360 4262 3531 4317 luctas

274 4357 445 4411 αὑτοῦ
469 4354 710 4416 κενώσας
737 4352 804 4405 τά
834 4352 981 4422 βέλη,
1007 4354 1099 4407 καὶ
1122 4354 1299 4418 πάσας
1326 4355 1489 4409 αὑτοῦ
1512 4357 1613 4428 τῆς
1635 4360 1841 4429 ἀπάτης

1962 4352 2061 4424 ipsi
2100 4352 2446 4419 admovisset,
2472 4354 2917 4410 invulnerabilem
2949 4354 3319 4423 invictumque
3355 4352 3532 4409 athle-

272 4451 378 4511 τὰς
403 4447 575 4509 πάλας
602 4443 997 4515 προσενεγκὼν,
1027 4443 1268 4514 ἄτρωτον
1292 4441 1417 4517 εῦρε
1465 4448 1557 4501 καὶ⁹
1586 4449 1851 4520 ἀήττητον

274 4540 373 4593 τὸν
421 4537 680 4607 ἀθλητήν.
707 4536 817 4589 Καὶ
848 4536 923 4597 ὡς
961 4533 1041 4603 τῷ
1076 4534 1245 4606 Ἀδὰμ
1278 4537 1607 4605 προσελθὼν,
1633 4541 1731 4610 οὐχ
1768 4535 1855 4594 εῦ-

278 4647 379 4703 ρεν
429 4629 488 4681 ὃν
530 4618 968 4698 προσεδόκησεν
1003 4625 1222 4693 ἄγγελοι
1249 4626 1305 4680 δὲ
1336 4627 1413 4697 τῷ
1456 4632 1647 4699 νικητῇ
1692 4647 1859 4701 προσ.

234 4706 248 4717 ’
280 4722 484 4783 ιόντες,
513 4716 562 4770 οἳ
592 4714 871 4786 πόρρωθεν
899 4716 1082 4786 ἐώρων
1103 4718 1199 4788 τὴν
1216 4717 1411 4788 πάλην,
1442 4718 1692 4791 καθάπερ
1718 4721 1859 4785 τινὲς

275 4805 516 4879 ἐρασταὶ
552 4804 851 4875 διηκόνουν,
875 4804 1146 4876 ἐχόρευον,
1181 4807 1458 4878 εὐφήμουν
1484 4808 1575 4862 τὸν
1599 4810 1858 4882 ἀθλητὴν,

1955 4454 2061 4501 tatu
2087 4458 2207 4501 esse
2243 4445 2513 4515 cognovit.
2553 4444 2765 4501 Etenim
2809 4459 2930 4500 cum
2968 4459 3093 4500 eum
3129 4444 3320 4499 Adami
3362 4445 3533 4500 instar

1953 4535 2146 4593 fuisset
2163 4552 2464 4608 aggressus,
2488 4553 2592 4593 non
2616 4539 2831 4609 qualem
2854 4537 3225 4607 exspectabat,
3249 4537 3530 4607 comperit.

1954 4626 2126 4684 Porro
2170 4630 2346 4700 angeli
2390 4630 2456 4685 ad
2488 4632 2749 4685 victorem
2796 4633 3132 4696 accedentes,
3182 4630 3273 4701 qui
3321 4629 3534 4685 eminus

1958 4728 2120 4776 antea
2162 4719 2360 4776 luetam
2404 4728 2810 4791 spectaverant,
2859 4736 2957 4777 een
2993 4724 3208 4792 quidam
3264 4728 3535 4775 amatores

1955 4811 2068 4881 jam
2099 4812 2502 4879 ministrabant,
2539 4814 2793 4869 choream
2840 4813 3091 4883 agebant,
3128 4813 3385 4868 athletam
3422 4825 3536 4864 ma-

277 4897 639 4969 ἐστεφάνουν,
679 4895 1063 4967 ἀνεκήρυττον,
1102 4897 1319 4969 ἔχαιρον
1352 4899 1443 4951 ἐπὶ
1488 4902 1553 4970 τῇ
1595 4900 1703 4954 τῶν
1728 4904 1841 4971 ὁμο⁴

1958 4900 2308 4969 gnificabant,
2343 4904 2694 4968 coronabant,
2724 4904 3105 4974 praedicabant,
3145 4904 3386 4973 822m.
3413 4915 3535 4971 gra-

273 4992 487 5048 δούλων
512 4986 813 5060 ἀνθρώπων
852 4988 1155 5061 ἐλευθερίᾳ,
1190 4990 1479 5059 ἐγάννυντο
1506 4990 1601 5043 τοῦ
1631 4993 1862 5047 ἀντιπά-

271 5084 379 5136 λου
419 5082 518 5152 τὴν
553 5076 723 5140 ἧτταν
759 5080 1016 5151 ὁρῶντες.

1961 4990 2272 5047 tulabantur
2300 5007 2689 5051 conservorum
2734 4997 3012 5051 hominum
3045 4996 3301 5060 libertati,
3343 4994 3535 5049 adver-

1959 5083 2089 5137 sarii
2118 5083 2321 5138 cladem
2348 5096 2655 5155 spectantes
2681 5089 3006 5156 gaudebant.

271 5175 543 5250 lE'.§"0tt
570 5174 633 5250 ei
668 5171 816 5250 r992:
840 5174 951 5250 ούθς
970 5170 1511 5250 -ἀνέλᾳϐενζρύδὲν
1535 5172 1683 5250 θ’ςρρς
1708 5174 1841 5250 ἡμᾶς

1960 5172 2100 5250 Χγτμ
2121 5175 2243 5229 Nisi
2271 5176 2510 5232 Christus
2541 5190 2759 5233 mentem
2797 5195 3001 5250 quoque
3030 5178 3412 5250 assumpsisse},
3446 5177 3533 5231 ni-

353 5241 409 5311 ὴ⁷
446 5246 593 5296 κατὰ
638 5242 741 5295 τοῦ
780 5241 1063 5296 διαϐόλου
1098 5242 1255 5308 νίκη.
1287 5241 1446 5295 Κατὰ
1486 5241 1592 5294 τοῦ
1634 5241 1862 5297 Ἀπολι-

351 5312 568 5380 ναρίου
607 5312 704 5381 (1).

353 5404 542 5457 Ταῦτα
573 5402 673 5473 τὴν
709 5398 1080 5471 Ἀπολιναρίου
1124 5399 1333 5470 ἐλέγχει
1367 5402 1774 5471 ματαιολογίαν,
1802 5405 1860 5468 ὃς

356 5517 405 5550 ³⁸
432 5516 619 5571 Matth.
655 5531 729 5602 tv,
758 5516 811 5569 4.
899 5516 945 5549 ³⁵
975 5516 1101 5570 ibid.
1140 5516 1193 5581 5,
1222 5514 1274 5569 6.
1350 5516 1394 5547 ³⁸
1419 5516 1546 5572 ibid.
1574 5516 1627 5582 9,
1657 5518 1739 5572 l0.

2027 5245 2100 5297 hil
2141 5258 2375 5299 nostrum
2405 5250 2672 5302 interesset
2701 5245 2925 5303 victoria
2965 5253 3029 5303 de
3068 5245 3300 5303 diabolo.
3334 5247 3534 5302 Contra

2038 5315 2413 5382 Apollinarem.

2039 5404 2162 5460 [hec
2195 5406 2417 5461 stultum
2462 5410 2787 5478 Apollinaris
2819 5412 3229 5468 deliramentum
3275 5410 3532 5467 refutant.

360 5607 443 5708 (1')
482 5637 557 5691 De
595 5634 763 5691 variis
797 5634 1126 5703 Apollinaris
1173 5633 1451 5690 erroribus
1504 5637 1720 5692 memini
1779 5653 1861 5694 me
1900 5635 2027 5696 olim
2094 5639 2361 5695 disserere
2392 5637 2587 5707 Script.
2622 5649 2721 5693 vet.
2760 5648 2795 5693 t.
2828 5638 2866 5707 Ι,
2897 5641 2985 5696 cd.
3042 5640 3198 5707 prim.
3231 5652 3284 5705 p.
3320 5632 3443 5697 J85,
3477 5630 3534 5688 in
