3946 6202
491 256 634 313 14ιό

1520 249 1577 302 S.
1616 247 1891 302 CYRILLI
1934 245 2401 303 ALEXANDRINI
2440 244 2756 302 ARCHIEP.

3598 253 3727 309 ιιιι

484 374 575 444 qui
620 369 815 425 mentis
845 368 964 424 loco
998 369 1164 423 Deum
1211 365 1445 421 Verbum
1480 365 1530 419 in
1581 374 1850 432 assumpta
1895 380 2057 418 carne

2163 364 2280 417 ἀντὶ
2322 366 2415 419 νοῦ
2448 365 2538 418 τὸν
2566 364 2697 419 Θεὸν
2731 364 2900 434 Λογον
2942 366 3218 437 ὲνοικησαι
3264 364 3413 435 λέγει
3460 370 3528 438 τῇ
3564 386 3724 440 προσ.

487 464 873 519 inhabitavisse
902 461 1050 516 dicit.
1079 459 1212 513 Nam
1250 459 1296 512 si
1333 458 1469 511 forte
1509 459 1795 511 humanam
1821 467 2057 511 mentem

487 563 764 622 assumpta
808 560 997 605 natura
1028 564 1132 603 non
1182 549 1483 612 habuisset,
1531 549 1669 602 Deus
1697 549 1883 617 utique
1914 548 2059 602 solus

485 660 607 698 cum
632 642 846 696 diabolo
877 641 1229 703 decertasset,
1262 640 1404 692 Deus
1437 638 1715 692 victoriam
1747 639 2056 703 retulisset;

491 737 597 787 Deo
620 744 795 786 autem
820 730 1044 792 victore,
1071 743 1172 799 ego
1194 729 1324 782 nihil
1353 731 1417 783 de
1442 729 1663 782 victoria
1688 729 2053 798 profecissem,

485 824 616 891 quia
649 822 714 874 ad
752 836 869 875 eam
901 819 976 872 nil
1014 820 1385 873 contulissem.
1429 820 1537 873 Sed
1565 830 1619 874 et
1646 820 1793 873 omni
1838 822 1908 874 ob
1938 834 2056 873 eam

483 911 680 981 gaudio
722 924 985 973 carerem,
1047 910 1171 978 quia
1214 910 1392 964 alieno
1435 919 1643 963 tantum
1689 919 1888 979 trOpmo
1939 910 2059 980 glo-

487 1004 681 1055 riarer.
712 1000 967 1054 Diabolus
1002 1015 1128 1053 vero
1171 1000 1464 1067 laetaretur,
1497 1002 1842 1068 gloriaretur,
1874 1016 2060 1070 super-

488 1098 648 1163 biret,
674 1110 836 1164 seque
861 1095 1109 1162 jactarct,
1152 1110 1249 1149 ceu
1290 1110 1411 1150 cum
1445 1096 1553 1149 Deo
1589 1095 1889 1164 prreliatus,
1932 1106 1987 1151 et
2029 1112 2059 1149 a

490 1187 600 1241 Deo
638 1186 836 1239 victus.
884 1184 1132 1253 Magnum
1177 1185 1304 1254 quid
1347 1185 1492 1239 enim
1544 1186 1643 1253 ipsi
1689 1197 1833 1240 esset
1877 1200 1906 1239 a
1950 1186 2061 1240 Deo

490 1276 653 1331 vinci.
681 1276 814 1330 Nam
839 1276 882 1329 si
910 1276 1049 1330 Deus
1076 1274 1333 1339 Verbum,
1362 1275 1557 1329 mentis
1578 1277 1715 1341 loco,
1735 1277 1786 1329 in
1809 1286 2060 1346 suscepto

489 1382 715 1438 corpore
739 1366 947 1429 fuisset,
982 1366 1346 1435 probabilibus
1371 1365 1599 1421 fortasse
1624 1369 2059 1423 escusationibus

488 1472 619 1511 usus
648 1467 790 1511 esset
814 1456 1089 1520 diabolus;
1128 1457 1327 1510 etenim
1357 1457 1495 1510 haud
1525 1458 1756 1511 absurde
1791 1459 2013 1511 dixisset
2042 1475 2055 1510 :

487 1548 623 1616 Ego,
651 1548 871 1602 Domine
900 1557 955 1601 et
981 1564 1160 1602 rerum
1189 1549 1425 1603 omnium
1460 1558 1667 1613 auctor,
1700 1549 1840 1603 haud
1871 1560 2056 1603 contra

488 1648 543 1692 te
570 1654 801 1708 pugnam
851 1640 1061 1707 suscepi
1108 1656 1121 1692 :
1170 1640 1289 1692 novi
1338 1638 1481 1693 enim
1532 1639 1844 1707 dignitatem
1890 1651 2056 1706 tuam,

488 1732 602 1785 scio
633 1732 949 1799 potentiam,
980 1746 1174 1799 agosco
1207 1732 1560 1785 dominatum.
1597 1730 1769 1784 Meum
1800 1732 2061 1786 confiteor

487 1820 835 1884 famulitium,
871 1835 1179 1889 quanquam
1220 1829 1461 1889 apostata
1513 1820 1687 1874 factus
1734 1836 1871 1876 sum.
1919 1822 2061 1878 Cedo

486 1922 665 1965 autem
701 1913 765 1964 de
796 1912 1023 1965 victoria
1057 1912 1185 1980 ipsis
1215 1912 1422 1982 angelis
1464 1916 1780 1983 cunctisque
1819 1916 2058 1970 caelesti-

489 2000 590 2054 bus
618 2002 870 2064 canibus,
904 2016 1129 2069 quorum
1161 2001 1349 2055 infelix
1381 2018 1481 2073 ego
1510 2019 1633 2072 pars
1660 2006 1788 2058 olim
1819 2006 1913 2059 fni.
1955 2005 2059 2062 Sed

487 2089 736 2159 praelium
782 2100 970 2143 contra
1013 2092 1154 2145 hunc
1197 2094 1433 2162 suscepi,
1483 2110 1641 2162 quem
1676 2098 1740 2149 de
1780 2097 1906 2150 limo
1947 2096 2060 2151 for-

488 2185 690 2230 matum
720 2178 786 2230 ad
823 2179 1108 2247 imaginem
1144 2190 1288 2233 tuam
1326 2182 1637 2247 condidisti,
1694 2186 1918 2240 rationis
1956 2202 2059 2241 usu

485 2268 779 2333 exornasti,
804 2279 857 2323 et
877 2270 1109 2338 paradisi
1133 2271 1306 2325 civem
1344 2273 1690 2337 constituisti,
1718 2285 1978 2346 terrmque
2008 2288 2061 2333 et

486 2358 657 2410 maris
687 2359 964 2411 dominum
992 2359 1308 2413 exhibuisti.
1336 2359 1487 2413 Hunc
1507 2377 1607 2431 ego
1631 2367 1694 2416 ad
1724 2365 1858 2418 hanc
1891 2381 2062 2435 usque

486 2450 627 2503 diem
664 2450 885 2503 vincens
913 2459 967 2504 et
990 2451 1281 2504 vulnerans
1308 2462 1364 2505 et
1396 2456 1551 2507 morti
1579 2455 1832 2509 addicens
1857 2468 2057 2524 persto.

488 2540 623 2593 lluic
649 2541 702 2593 in
742 2542 973 2595 stadium
1011 2542 1267 2605 adducto,
1307 2553 1363 2596 et
1387 2558 1598 2597 mecum
1636 2547 1824 2601 luctari
1851 2561 2057 2615 coacto,

486 2631 645 2684 velim
693 2633 807 2700 ipse
844 2640 1116 2698 spectator
1161 2634 1307 2687 adsis
1350 2643 1404 2687 et
1447 2639 1797 2690 certaminum
1838 2655 2057 2708 praeses.

487 2721 639 2787 Quod
674 2725 719 2776 si
771 2724 1012 2792 magistri
1046 2738 1257 2793 quoque
1301 2726 1377 2778 vis
1414 2727 1556 2794 fungi
1605 2728 1741 2793 vice,
1776 2730 1907 2783 doce
1935 2746 2058 2785 eum

489 2815 699 2877 luctari,
745 2815 1052 2868 demonstra
1090 2816 1163 2869 illi
1212 2817 1722 2882 victorimat‘tiﬂcia,
1765 2820 1973 2875 instrue
2005 2832 2063 2877 ut

484 2906 720 2976 323m.
752 2907 832 2960 vis
858 2923 874 2973 ;
904 2918 1111 2960 tantum
1149 2923 1214 2961 ne
1241 2908 1354 2977 ipse
1376 2911 1697 2963 certaminis
1732 2912 1909 2965 socius
1941 2912 2057 2966 ﬁas.

2162 454 2426 526 ληφθείσῃ
2469 457 2650 527 σαρκί.
2700 457 2763 511 Ei
2795 457 2904 528 γάρ
2934 456 3063 510 νοῦν
3095 458 3195 510 οὐκ
3224 453 3369 529 εἶχεν
3398 458 3728 529 ἀνθρώπινον

2162 548 2195 615 ἡ
2226 546 2597 617 ἀναληφθεῖσα
2641 546 2823 617 φύσις,
2850 548 2983 614 Θεὸς
3028 550 3124 619 μὲν
3154 551 3183 602 6
3217 548 3355 620 πρὸς
3380 550 3468 604 τὸν
3492 551 3730 604 διάϐολον

2162 631 2569 701 ἀγωνισάμενος
2598 628 2685 704 ῆν,
2714 634 2847 698 Θεὸς
2866 636 2923 689 δὲ
2945 640 2974 689 6
3000 637 3098 707 τὴν
3126 637 3281 707 νίκην
3307 639 3728 709 ἀναδησάμενοςο

2161 722 2296 775 Θεοῦ
2327 723 2384 777 δὲ
2422 727 2786 796 νενικηκότος,
2820 727 2932 795 ἐγὼ
2972 727 3072 797 μὲν
3100 728 3255 780 οὐδὲν
3292 728 3598 798 ἀωνάμην
3638 731 3733 800 τῆς

2162 815 2337 884 νίκης,
2364 815 2440 878 ὡς
2464 817 2615 869 οὐδὲν
2643 819 2722 881 είς
2747 820 2953 887 ταύτην
2971 818 3298 887 εἰσενεγκὼν
3316 834 3331 848 ·
3361 818 3499 872 ἀλλά
3524 821 3617 872 καὶ
3638 825 3732 890 τῆς

2161 906 2408 958 ἐντεῦθεν
2455 907 2793 978 εὐφροσύνης
2819 909 3203 979 γεγύμνωμαι,
3226 908 3306 967 ὡς
3335 910 3427 962 ἐπὶ
3455 913 3734 978 τροπαίοις

2160 996 2401 1067 γαυριῶν
2429 998 2762 1069 ἀλλοτρίοις·
2810 1002 2839 1052 6
2882 1000 2939 1052 δὲ
2973 999 3219 1063 διάϐολος
3257 1000 3433 1069 αὐχεῖ,
3471 1002 3565 1053 καὶ
3603 1018 3730 1069 ratio

2160 1074 2346 1151 λπάζει,
2383 1088 2475 1140 καὶ
2515 1088 2659 1159 μέγα
2705 1092 2911 1160 φρονεῖ,
2962 1091 3055 1143 καὶ
3102 1090 3445 1160 σεμνύνεται,
3487 1092 3567 1154 ὡς
3619 1092 3729 1161 Θεῷ

2161 1178 2451 1243 παλαίσας,
2484 1181 2579 1233 καὶ
2626 1181 2732 1233 ὑπὸ
2773 1181 2907 1233 Θεοῦ
2950 1181 3237 1252 ἡττηθείςο
3275 1182 3414 1251 μέγα
3449 1182 3561 1254 γάρ
3589 1183 3731 1252 αὐτῷ

2161 1269 2254 1321 καὶ
2279 1269 2340 1321 τὸ
2369 1269 2665 1341 ἡττηθῆναι
2694 1272 2799 1324 ὑπὸ
2829 1271 2964 1324 Θεοῦ
2985 1288 3000 1302 ⁸
3033 1273 3115 1324 ὅτι
3159 1274 3207 1323 εί
3251 1272 3279 1323 6
3316 1272 3447 1336 Θεὸς
3470 1274 3645 1339 Λόγος
3668 1270 3730 1342 ἦν

2160 1357 2281 1409 ἀντὶ
2303 1358 2395 1411 νοῦ
2419 1361 2477 1412 ὲν
2504 1361 2581 1429 τῷ
2610 1359 2891 1429 ληφθέντι,
2914 1362 3007 1413 καὶ
3030 1364 3058 1415 6
3085 1362 3328 1425 διάϐολος
3350 1362 3731 1430 δικαιολογίαις

2159 1450 2423 1519 χρήσαιτο
2456 1450 2520 1503 ἂν
2569 1451 2830 1519 εὐλόγοις,
2863 1452 2957 1505 καὶ
2987 1453 3131 1505 εἴποι
3169 1453 3235 1506 ἂν
3284 1455 3506 1517 εἰκότως
3526 1471 3539 1484 ·
3570 1455 3728 1522 Ἐγὼ,

2158 1540 2402 1592 Δέσποτα
2428 1542 2522 1593 καὶ
2548 1541 2746 1611 ποιητά
2774 1542 2884 1596 τῶν
2911 1543 3068 1608 ὅλων,
3087 1544 3149 1595 ού
3172 1544 3306 1613 πρὸς
3335 1545 3393 1597 σὲ
3419 1545 3519 1615 τὴν
3554 1546 3731 1616 μάχην

2159 1629 2520 1701 ἀνεδεξάμην·
2555 1627 2670 1683 οἶδα
2695 1633 2803 1701 γάρ
2843 1649 2936 1684 σου
2966 1633 3061 1703 τὴν
3095 1633 3270 1698 ἀξίαν,
3307 1634 3611 1703 ἐπίσταμαι
3637 1635 3729 1704 τὴν

2091 1699 2133 1754 Β
2162 1699 2409 1785 ἐξουσίαν
2439 1699 2458 1782 ξ
2501 1699 2893 1792 γινώσκω-τὴν
2942 1699 3276 1776 δεσποτείαν.
3312 1699 3594 1793 Ὁμολογῶ
3637 1699 3729 1795 τῆν

2161 1812 2421 1877 δουλείαν,
2450 1813 2497 1865 εί
2536 1813 2629 1865 καὶ
2655 1814 2992 1867 ἀποστασίαν
3019 1813 3186 1867 νοσῶ*
3214 1816 3528 1885 παραχωρῶ
3556 1815 3617 1868 δὲ
3642 1818 3732 1870 καὶ

2162 1904 2411 1971 ἀγγέλοις
2439 1904 2537 1974 τῆς
2565 1902 2741 1973 νίκης,
2777 1904 2870 1957 κα⁴ι¹
2908 1906 3040 1958 πᾶσι
3070 1909 3180 1968 τοῖς
3207 1906 3480 1976 οὐρανίοις
3517 1907 3729 1977 δήμοις,

2158 1988 2234 2047 ὧν
2267 2012 2395 2047 ποτε
2431 1994 2522 2048 καὶ
2562 1996 2589 2047 6
2627 1995 2973 2066 ταλαίπωρος
2993 1989 3073 2058 εἷς
3102 1996 3346 2067 ὑπῆρχον
3371 1996 3516 2065 ἐγώ·
3546 1999 3649 2067 τὴν
3677 1998 3730 2051 δὲ

2165 2086 2344 2155 μάχην
2393 2085 2529 2154 πρὸς
2579 2085 2767 2138 τοῦτον
2809 2085 3160 2156 ἀνεδεξάμην,
3189 2087 3248 2139 ὃν
3273 2088 3381 2140 ἀπὸ
3412 2088 3587 2159 πηλοῦ
3637 2090 3731 2158 μὲν

2160 2176 2471 2239 διέπλασας,
2496 2177 2809 2229 κατέίκόνα
2836 2176 2891 2228 δὲ
2922 2178 3020 2247 σὴν
3046 2179 3325 2248 ἐποίησας,
3350 2181 3446 2233 καὶ⁵
3470 2182 3732 2251 ἐτίμησας

2160 2267 2237 2337 τῷ
2268 2268 2429 2336 λόγῳ,
2465 2268 2558 2319 καὶ
2605 2265 2931 2334 παραδείσου
2972 2266 3195 2336 πολίτην
3233 2269 3599 2340 κατέστησας,
3644 2274 3735 2323 καὶ

2160 2362 2261 2429 γῆς
2288 2362 2379 2412 καὶ
2413 2360 2682 2429 θαλάττης
2715 2360 2980 2429 δεσπότην
3008 2360 3325 2429 ἀπέφηνας·
3352 2363 3541 2415 τοῦτον
3572 2364 3736 2433 μέχρι

2159 2452 2255 2520 τῆς
2293 2453 2525 2521 σήμερον
2553 2451 2762 2520 ἡμέρας
2792 2451 2979 2512 νικῶν,
3007 2451 3099 2503 καὶ
3139 2451 3365 2521 βάλλων,
3393 2454 3486 2506 καὶ
3518 2456 3603 2522 τῷ
3636 2455 3738 2506 θα-

2160 2543 2303 2611 νάτῳ
2339 2541 2724 2610 παραπέμπων
2767 2541 3030 2593 διατελῶ’
3065 2541 3255 2594 τοῦτον
3294 2545 3368 2606 εἰς
3406 2542 3464 2594 τὸ
3503 2544 3741 2595 στάδιον

2161 2633 2402 2702 ἀγαγὼν,
2435 2633 2527 2685 καὶ
2560 2633 2810 2686 παλαίειν
2854 2635 2978 2703 ἐμοὶ
3020 2634 3294 2696 κελεύσας,
3322 2633 3469 2701 γενοῦ
3516 2633 3744 2704 θεατὴς

2161 2725 2319 2787 αὐτὸς
2342 2724 2435 2776 καὶ
2458 2723 2564 2777 τῶν
2588 2724 2982 2793 παλαισμάτων
3006 2725 3329 2793 ἀγωνοθέτης
3348 2740 3363 2754 ·
3392 2725 3442 2775 εί
3461 2723 3518 2775 δὲ
3544 2724 3739 2793 βούλει

2162 2814 2257 2866 καὶ
2284 2814 2351 2865 τὰ
2389 2813 2737 2881 παιδοτρίϐου
2766 2818 2959 2877 ποιεῖν,
2988 2813 3202 2880 δίδαξον
3229 2813 3496 2878 παλαίειν,
3524 2814 3722 2867 ὑπόδει

2165 2901 2251 2965 ξον
2286 2901 2431 2973 αὐτῷ
2476 2902 2574 2965 τάς
2622 2904 2721 2972 τῆς
2763 2902 2919 2972 νίκης
2951 2902 3143 2967 λαϐάς,
3171 2903 3388 2971 ἄλειψον
3425 2903 3501 2965 ὡς
3538 2903 3737 2968 θέλεις,

485 2997 602 3051 Non
638 2998 779 3051 enim
813 3014 911 3066 ego
953 2999 1025 3052 ita
1060 3014 1179 3053 sum
1222 3000 1422 3063 audax,
1453 3010 1507 3053 et
1538 3013 1717 3055 mente
1761 3013 1971 3071 captus,
2005 3013 2057 3057 ut

2166 2996 2325 3067 μόνον
2356 2995 2428 3065 μὴ
2461 2996 2827 3065 συμμαχήσης
2856 2995 3156 3050 παλαίοντι.
3187 2997 3260 3048 Οὐ
3293 2997 3402 3065 γὰρ
3434 2996 3584 3049 οὕτω
3618 2996 3740 3067 θρα-

491 3096 665 3139 tecum
689 3086 945 3140 Creatore
966 3097 1178 3140 certare
1199 3090 1499 3158 aggrediar.
1532 3089 1654 3145 Hmc
1674 3092 1795 3158 jure
1823 3094 2057 3148 diabolus

2167 3088 2264 3149 σὸς
2305 3085 2434 3153 ἐγὼ,
2483 3087 2576 3138 καὶ
2621 3086 2714 3138 τοῦ
2762 3090 2977 3156 φρονεῖν
3023 3087 3363 3159 ἐξεστηκὼς,
3404 3089 3483 3151 ὡς
3536 3091 3624 3140 σοὶ
3667 3087 3741 3156 τῷ

489 3176 767 3230 Servatori
792 3177 1012 3232 Christo
1040 3178 1288 3244 dixisset,
1321 3182 1367 3235 si
1395 3192 1544 3236 certe
1569 3183 1709 3236 haud
1738 3185 1899 3239 homo
1930 3187 2061 3240 fuis-

488 3276 591 3330 set,
620 3268 713 3320 sed
748 3267 886 3321 Deus
934 3270 1050 3322 vice
1092 3270 1325 3324 hominis
1358 3272 1586 3328 luctans.
1644 3274 1775 3328 Nam
1826 3278 1869 3329 si
1914 3291 2062 3332 mens

489 3358 721 3411 lmmana
755 3360 807 3410 in
838 3374 903 3413 eo
931 3376 1033 3413 non
1057 3370 1195 3425 erat,
1226 3362 1367 3417 Deus
1391 3364 1509 3417 loco
1538 3367 1738 3420 mentis
1766 3368 2055 3433 inharens,

487 3446 658 3502 officia
674 3450 864 3503 mentis
882 3452 1172 3519 implesset,
1189 3452 1329 3506 Deus
1346 3454 1419 3523 (id
1432 3463 1516 3507 est
1535 3470 1679 3509 mera
1695 3459 1887 3528 deitas)
1904 3460 2063 3514 simul

488 3554 611 3596 cum
640 3555 863 3610 corpore
886 3544 1166 3610 esurisset,
1210 3544 1350 3602 Deus
1380 3548 1603 3615 sitisset,
1643 3548 1783 3605 Deus
1822 3553 2059 3607 laborem

488 3640 543 3687 et
591 3633 828 3702 reliquas
869 3650 1058 3691 omnes
1104 3652 1387 3707 perpessus
1433 3640 1576 3696 esset
1622 3642 1887 3699 humanas
1935 3659 2059 3713 pas-

488 3725 690 3781 siones.
733 3724 903 3780 Porro
949 3727 995 3781 si
1026 3729 1166 3783 Deus
1195 3730 1426 3785 luctatus
1456 3741 1599 3787 esset
1624 3744 1789 3802 atque
1818 3735 2058 3802 vicisset,

487 3831 590 3885 ego
618 3817 835 3885 quidem
884 3818 1104 3873 victoria
1138 3821 1454 3888 caruissem,
1500 3822 1638 3877 Deus
1672 3838 1801 3879 vero
1845 3840 2058 3881 omnem

482 3906 749 3973 justitiam
794 3906 1090 3976 implesset.
1138 3911 1439 3979 Siquidem,
1487 3921 1544 3966 ut
1587 3913 1738 3967 aiunt
1785 3915 2059 3984 Apollina-

491 3997 657 4051 riana'.
683 4001 1014 4066 garrulitatis
1049 4002 1400 4071 professores,
1432 4008 1555 4073 quia
1582 4007 1913 4074 impossibile
1942 4019 2060 4064 erat

492 4088 726 4142 humana
759 4092 1040 4157 prmditum
1074 4104 1272 4159 mente,
1299 4093 1521 4161 jnstitia:
1559 4096 1707 4165 leges
1742 4098 2055 4170 adimplere,

489 4179 629 4236 hanc
660 4183 862 4239 idcirco
885 4199 991 4239 non
1020 4188 1267 4254 suscepit
1288 4187 1518 4242 Verbum
1552 4190 1711 4245 Deus.

2165 3180 2368 3249 Ποιητῇ
2398 3178 2649 3232 παλαίειν
2678 3180 3043 3251 ἐπιχειρῆσαι.
3069 3180 3252 3234 Ταῦτα
3290 3181 3355 3234 ἂν
3388 3176 3547 3233 εἶπεν
3575 3183 3605 3233 6
3634 3181 3742 3232 δια-

2164 3271 2317 3335 ϐολος
2345 3271 2567 3336 δικαίως
2610 3272 2747 3342 πρὸς
2775 3273 2865 3326 τὸν
2898 3275 3127 3346 Σωτῆρα
3156 3274 3411 3345 Χριστὸν,
3450 3275 3620 3345 εἴπερ
3647 3277 3741 3327 οὐκ

2165 3354 2452 3434 ἄνθρωπος
2479 3360 2569 3434 ῆν,
2603 3365 2738 3419 ἀλλὰ
2764 3365 2917 3429 Θεὸς,
2959 3368 2987 3419 6
3006 3367 3125 3419 ἀντὶ
3147 3366 3436 3437 ἀνθρώπου
3471 3368 3741 3420 παλαίων.

2164 3454 2226 3506 Εἰ
2256 3454 2363 3523 γάρ
2398 3453 2523 3516 νοῦς
2563 3452 2902 3524 ἀνθρώπινος
2940 3454 3039 3507 οὐκ
3074 3450 3142 3526 ἧν
3172 3456 3230 3507 ὲν
3258 3454 3426 3525 αὐτῷ,
3456 3455 3599 3519 Θεὸς
3629 3456 3744 3508 ἀντὶ

2162 3544 2252 3596 νοῦ
2289 3545 2548 3615 ὑπάρχων
2575 3546 2643 3599 τά
2683 3544 2760 3615 τῷ
2801 3545 2876 3614 νῷ
2918 3546 3137 3617 ἐνήργει
3180 3549 3567 3619 προσήκοντα’
3614 3546 3743 3606 Θεὸς

2166 3636 2263 3705 μὲν
2294 3631 2361 3707 ἦν
2391 3640 2418 3688 ὁ
2445 3635 2522 3706 τῷ
2549 3634 2755 3706 σώματι
2781 3640 3175 3707 συμπεινάσας,
3200 3638 3331 3701 Θεὸς
3351 3638 3408 3691 δὲ
3430 3639 3460 3691 6
3482 3639 3743 3709 διψήσας.

2164 3728 2256 3780 καὶ⁵
2281 3728 2570 3791 κοπιάσας,
2595 3728 2690 3781 καὶ
2716 3728 2850 3781 ἄλλα
2882 3730 3058 3782 πάντα
3086 3732 3155 3783 τά
3176 3730 3491 3800 ἀνθρώπινα
3514 3731 3747 3799 ὑπομεί-

2160 3837 2255 3883 νας
2288 3819 2606 3890 παθήματα.
2636 3821 2699 3873 Εἰ
2727 3821 2783 3874 δὲ
2814 3821 2947 3884 Θεὸς
2976 3824 3004 3874 6
3035 3821 3325 3884 παλαίσας,
3351 3822 3450 3872 καὶ
3482 3823 3742 3891 νικήσας,

2161 3909 2314 3979 κάγὼ
2332 3910 2425 3963 τοῦ
2449 3911 2627 3973 νίκους
2648 3913 2968 3982 ἐστέρημαι,
2989 3913 3122 3975 Θεὸς
3139 3912 3192 3964 δὲ
3215 3912 3242 3962 6
3262 3911 3361 3981 τὴν
3388 3911 3741 3977 δικαιοσύνην

2159 4001 2375 4054 ἅπασαν
2409 4000 2777 4071 κατορθώσας.
2816 4003 3007 4073 Εἴπερ,
3049 4002 3123 4067 ὥς
3158 4019 3318 4072 φασιν
3359 4004 3412 4054 οἱ
3442 4005 3551 4071 τῆς
3587 4003 3741 4053 Ἀπο-

2160 4091 2396 4162 λιναρίου
2441 4090 2724 4161 τερθρείας
2768 4092 3118 4162 ὁμολογῆται,
3152 4092 3338 4161 ἐπειδή
3373 4091 3651 4144 ἀδύνατον
3680 4086 3742 4160 ἦν

2160 4185 2255 4237 καὶ
2303 4184 2360 4235 ὲν
2403 4180 2730 4252 ἀνθρωπίνῳ
2761 4181 2885 4253 [νοῒ]
2922 4182 3208 4253 πληρῶσαι
3250 4181 3351 4251 τῆς
3390 4182 3745 4246 δικαιοσύνης

2170 4274 2285 4335 ..οὺς
2322 4271 2539 4341 νόμους,
2578 4272 2679 4323 οὐκ
2716 4272 3010 4326 ἀνελάϐετο
3047 4272 3235 4326 τοῦτον
3270 4275 3299 4325 6
3336 4272 3473 4335 Θεὸς
3512 4275 3705 4340 Λόγος.

491 4377 624 4462 XVI.
668 4378 819 4445 Quod
848 4381 1194 4462 defensionem
1226 4385 1446 4462 habeant
1482 4397 1797 4462 peccatores,
1831 4405 1875 4443 ﬂ
1907 4406 2051 4444 men—

2163 4391 2277 4462 ιςξ,
2294 4386 2503 4462 "Ocno!
2527 4384 2980 4462 ᾀμαρτάνογτεςᾉ
2999 4386 3335 4462 ἁπόλμο-τιαν
3356 4384 3650 4462 ἔχοιεοξιν,
3696 4387 3751 4462 εί

553 4460 677 4512 tem,
734 4461 907 4519 utpote
966 4453 1255 4519 inﬁrmam,
1316 4453 1487 4508 Deus
1527 4454 1746 4511 Verbum
1804 4476 1905 4513 non
1942 4477 2064 4515 sus-

554 4522 707 4588 cepit.

558 4632 671 4687 lloc
724 4632 849 4687 dum
899 4634 1068 4700 aiunt,
1120 4635 1293 4701 primo
1340 4636 1555 4704 quidem
1611 4640 1753 4694 haud
1792 4642 2057 4698 moaicam

487 4722 858 4792 impotentiam
892 4724 989 4793 ipsi
1016 4723 1126 4780 Deo
1158 4725 1439 4796 atIingunt,
1474 4729 1759 4798 siquidem,
1793 4742 1849 4784 ιιι
1886 4735 2056 4799 aiunt,

489 4814 605 4868 ﬁeri
639 4831 744 4869 non
778 4822 985 4883 poterat
1013 4827 1069 4869 ιιι
1090 4818 1133 4870 si
1173 4818 1407 4872 humana
1431 4836 1586 4876 mens
1615 4821 1661 4875 ei
1691 4823 1911 4889 inesset,
1954 4826 2052 4879 ho-

489 4906 686 4961 minem
717 4906 1063 4975 justificaret.
1100 4908 1302 4962 Deinde
1334 4912 1708 4977 peccatoribus
1738 4915 1971 4977 cunctis,
2003 4923 2059 4967 et

488 4998 792 5051 divinarum
823 4999 994 5068 legum
1020 5000 1388 5066 violatoribus,
1421 5003 1752 5057 defensionis
1784 5003 1927 5058 fores
1959 5019 2055 5071 pa-

491 5086 766 5142 tefaciunt.
813 5088 943 5144 Jure
973 5094 1112 5145 enim
1150 5107 1329 5146 rerum
1356 5094 1597 5147 omnium
1630 5094 1741 5147 Deo
1769 5096 2010 5149 dicerent
2038 5112 2052 5148 :

486 5173 631 5229 Nihil
673 5183 823 5234 venia
855 5183 1161 5252 indignum,
1188 5183 1432 5249 Domine,
1479 5188 1839 5253 peccavimus,
1883 5202 2055 5257 neque

488 5280 646 5336 pmna
675 5270 888 5341 dignum
913 5291 927 5340 ;
960 5279 1387 5347 quandoquidem
1415 5278 1642 5332 infirma:
1673 5282 1867 5333 mentis
1890 5282 2053 5334 duca-

488 5365 600 5408 tum
627 5362 800 5414 sortiti
832 5380 1035 5431 sumus,
1069 5383 1185 5438 qua:
1217 5371 1361 5440 leges
1387 5377 1506 5425 tuas
1527 5370 1817 5425 observare
1845 5372 2050 5441 nequit.

490 5534 641 5617 adn.”
662 5548 765 5615 quo
789 5544 1025 5617 tempore
1049 5544 1297 5617 nonnulla
1321 5547 1437 5614 ejus
1460 5552 1510 5599 in
1532 5547 1729 5603 Lucam
1752 5547 2049 5617 fragmenta

487 5618 552 5657 ex
570 5601 828 5661 Vaticano
855 5601 1035 5661 codice
1061 5611 1199 5665 edidi
1228 5633 1240 5667 :
1269 5601 1571 5684 quanquam
1602 5601 2049 5674 mundissimis;

2228 4459 2307 4524 ὡς
2331 4456 2556 4519 ἀσθενῆ
2592 4456 2700 4507 τὸν
2740 4456 2890 4511 νοῦν
2922 4460 3031 4511 οὐκ
3061 4457 3353 4510 ἀνέλαϐεν
3378 4459 3413 4508 d
3449 4457 3605 4519 Θεὸς
3634 4456 3751 4507 A6-

2228 4545 2352 4597 τος.

2228 4643 2397 4697 Τοῦτο
2438 4644 2494 4698 δὲ
2533 4645 2804 4713 λέγοντες,
2834 4641 3048 4715 πρῶτον
3093 4640 3191 4712 μὲν
3220 4639 3533 4709 ἀδυναμίαν
3584 4655 3763 4707 προσο

2158 4733 2417 4787 άπτουσιν
2456 4736 2517 4787 οὐ
2559 4736 2660 4807 τὴν
2691 4733 2960 4804 τυχοῦσαν
2989 4732 3138 4802 αὐτῷ
3162 4731 3238 4801 τῷ
3272 4730 3413 4801 Θεῷ,
3447 4731 3644 4801 εἴπερ,
3684 4730 3763 4791 ὣς

2158 4844 2339 4895 φασιν,
2375 4828 2473 4897 οὺχ
2514 4822 2625 4881 οἷόν
2654 4844 2713 4879 τε
2745 4823 2811 4897 ἦν
2845 4824 2937 4878 τοῦ
2971 4824 3064 4878 νοῦ
3096 4824 3192 4876 τοῦ
3226 4824 3584 4891 ἀνθρωπίνου
3626 4840 3767 4875 συν-

2157 4916 2307 4980 όντος
2342 4918 2623 4971 δικαιῶσαι
2654 4918 2744 4970 τὸν
2771 4917 3317 4987 ἀνθρωπον.Ἕπειτα
3360 4915 3417 4966 δὲ
3463 4916 3569 4967 καὶ
3621 4916 3769 4967 πᾶσι

2160 5010 2274 5071 τοῖς
2285 5010 2679 5080 ἁμαρτάνουσι,
2697 5008 2929 5071 καὶτοὺς
2950 5006 3127 5069 θείους
3146 5007 3342 5076 νόμους
3357 5005 3767 5076 παραϐαίνου-

2162 5115 2271 5163 σιν,
2292 5099 2581 5167 ἀπολογίας
2604 5100 2955 5168 ὑπανοίγουσι
2983 5098 3173 5169 θύραν.
3206 5099 3425 5152 Εἴποιεν
3455 5099 3576 5168 γάρ
3609 5101 3773 5151 εξκὲο

2159 5204 2266 5251 τως
2309 5190 2445 5259 πρὸς
2488 5191 2579 5242 τὸν
2624 5191 2735 5243 τῶν
2765 5191 2900 5243 ὅλων
2931 5188 3063 5241 Θεόν
3087 5206 3099 5220 ·
3130 5190 3241 5242 Οὐκ
3271 5189 3635 5256 ἀσύγνωστα,
3656 5192 3773 5242 as-

2162 5294 2354 5343 σποτα,
2388 5280 2957 5351 πεπλημμελήκαμεν,
2994 5280 3115 5333 οὐδὲ
3147 5281 3417 5350 τιμωρίας
3441 5281 3603 5347 ἀξια,
3628 5282 3774 5334 νοῦν

2159 5370 2398 5440 ἡγεμόνα
2448 5371 2703 5437 λαϐόντες
2745 5374 2967 5442 ἀσθενῆ,
3000 5373 3098 5425 καὶ
3126 5372 3414 5440 φυλάττειν
3445 5375 3586 5436 τοὺς

2160 5550 2486 5623 Apollinaris
2524 5550 2691 5618 c0piae
2739 5565 2804 5604 ex
2850 5551 2971 5605 aliis
3010 5551 3184 5606 adlmc
3227 5549 3506 5606 codicibus
3552 5557 3781 5623 produ-

2157 5618 2494 5679 cetstlmﬁniltt
2516 5633 2829 5690 supersunt.
