4016 6202
340 244 474 305 ’143

1496 240 1587 300 DE
1626 239 2144 302 lNCARNATlONE
2184 236 2444 295 DOMINI.

3449 246 3586 304 ιιισ

333 370 390 421 οὑ
437 370 734 439 δυνάμενον
772 368 989 437 νόμους.
1018 366 1129 420 Καὶ
1172 366 1509 438 μαρτυροῦσι
1554 365 1912 437 πατριάρχαι,

2025 362 2208 415 Testes
2257 370 2384 414 sunt
2443 359 2760 428 patriarchae
2813 369 2975 429 atque
3025 360 3320 430 prophetae,
3369 371 3424 415 et
3477 364 3586 419 Deo

333 460 426 514 καὶ
453 459 748 529 προφῆται,
779 460 870 512 καὶ
914 458 1021 512 τῶν
1068 458 1332 526 Θεοφιλῶν
1362 456 1664 529 ἀνθρώπων
1713 455 1782 509 τά
1820 456 1916 509 τά·

335 568 537 621 γματα,
562 549 672 604 τῶν
698 567 756 603 τε
798 550 903 621 πρὸ
930 548 1025 602 τοῦ
1067 549 1252 620 νόμου,
1285 549 1378 602 καὶ
1404 550 1512 603 τῶν
1546 548 1686 621 μετά
1713 547 1803 601 τὸν
1830 546 1915 599 νό-

339 658 458 711 μον,
489 642 535 693 οί
569 643 626 694 ἐν
658 639 880 711 ἀζυγίᾳ,
924 641 973 691 οί
1016 642 1075 692 ὲν
1108 639 1277 709 ζυγῷ,
1311 641 1360 691 οἰ
1404 642 1463 692 έν
1506 639 1742 708 πλούτῳ,
1774 639 1825 691 οἱ
1857 640 1914 690 ὲν

337 732 573 802 ἀκτησίᾳ
610 729 923 802 πληρῶσαί-
948 746 1041 782 σου
1076 728 1175 792 τάς
1211 728 1430 793 ἐντολὰς
1476 730 1551 801 μὴ
1595 727 1914 799 δυνηθέντες

334 825 421 877 διά
464 823 683 877 τοῦτον
734 823 830 875 καὶ
880 821 1053 875 ταῦτα
1085 820 1162 891 τῷ
1192 821 1443 891 παναγίῳ
1493 839 1587 874 σου
1635 820 1913 890 Πνεῦματι

338 911 716 983 βοηθούμενοι.
758 911 869 964 Kal.
894 911 948 963 τί
984 912 1067 965 δεῖ
1096 911 1164 964 τά
1194 911 1367 964 πολλά
1403 911 1617 980 λέγειν;
1646 912 1837 978 Αὐτὸς,
1869 906 1914 965 ὧ

336 1003 618 1063 Δέσποτα,
664 1000 723 1052 ὲν
771 999 935 1069 σαρκί
978 997 1390 1069 παραγέγονας,
1442 998 1535 1051 καὶ
1590 997 1766 1068 σάρκα
1817 997 1914 1067 μὲν

335 1092 611 1163 ἡμετέραν
642 1090 920 1153 ἀνέλαὸες,
949 1089 1040 1142 τὸν
1089 1090 1146 1143 δὲ
1193 1090 1317 1143 νοῦν
1364 1090 1439 1153 ὡς
1491 1089 1767 1143 κωλύοντα
1815 1088 1915 1157 τῆς

339 1183 539 1253 ἀρετῆς
587 1183 682 1253 τὴν
734 1182 944 1250 κτῆσιν,
972 1181 1067 1234 καὶ
1109 1182 1206 1251 τῆς
1241 1181 1516 1251 ἁμαρτίας
1558 1180 1656 1251 τὴν
1698 1180 1915 1248 ἀπάτην

343 1273 542 1343 ῥᾳδίως
591 1273 985 1343 ὑποδεχόμενον
1040 1273 1372 1344 ἀπέρριψας,
1404 1274 1499 1326 καὶ
1541 1273 1641 1325 οὐκ
1685 1272 1914 1342 ἠνέσχου

341 1364 523 1417 λαϐεῖν
544 1383 559 1397 ο
595 1366 825 1434 γέγονας
849 1365 904 1417 δὲ
933 1366 1053 1418 ἀντί
1079 1364 1169 1417 νοῦ
1196 1368 1262 1435 τῇ
1297 1368 1484 1438 σαρκὶ,
1508 1366 1603 1419 καί
1627 1365 1704 1435 τῷ
1729 1365 1915 1435 τρόπῳ

339 1454 516 1525 τούτῳ
571 1454 669 1525 τὴν
729 1454 1073 1525 δικαιοσύνην
1139 1455 1528 1525 κατώρθωσας.
1583 1456 1769 1525 Τούτῳ
1839 1454 1917 1524 τῷ

339 1562 526 1615 τροπῳ
574 1545 672 1615 τὴν
724 1546 999 1616 ἁμαρτίαν
1046 1548 1359 1619 νενίκηκας.
1412 1548 1542 1612 Θεὸς
1591 1548 1699 1618 γὰρ
1738 1549 1917 1618 ὐπάρο

341 1653 477 1704 χεις,
512 1635 674 1707 βουλῇ
702 1637 870 1690 ποιῶν
906 1638 966 1690 τὸ
995 1638 1206 1702 δοκοῦν,
1236 1637 1465 1708 νεύματι
1498 1638 1916 1707 μετασκευάζων

340 1726 410 1778 τά
432 1727 752 1797 πράγματα.
770 1728 961 1797 Ἡμεῖς
981 1728 1035 1781 δὲ
1060 1729 1183 1781 νοῦν
1209 1728 1421 1799 ἔχοντες
1442 1730 1530 1782 τὸν
1556 1728 1913 1798 ἀνθρώπινον,
1949 1714 1991 1767 Β

340 1815 399 1867 ὃν
451 1815 739 1868 ἀναλαϐεῖν
785 1817 884 1869 οὐκ
935 1816 1244 1886 ἠθέλησας,
1292 1817 1603 1886 ἀναγκαίως
1665 1816 1769 1869 ὑπὸ
1815 1818 1915 1886 τὴν

342 1905 619 1977 ἁμαρτίαν
646 1905 1008 1975 τυγχάνομεν,
1042 1909 1151 1969 τοῖς
1186 1908 1298 1968 σοῖς
1330 1905 1690 1976 ἀκολουθῆσαι
1714 1906 1915 1976 ἴχνεσιν

336 1997 443 2051 οὐκ
473 1997 810 2069 ίσχύσαντες.
846 1998 911 2049 Τί
940 1997 1048 2069 γὰρ
1074 1996 1197 2061 νοῦς
1227 1997 1563 2070 ἀνθρώπινος
1603 1997 1739 2068 πρὸς
1779 1997 1912 2051 Θεοῦ

342 2088 569 2159 δυνάμιν
603 2090 695 2144 καὶ
724 2088 860 2143 Θεοῦ
897 2089 1107 2158 σοφίαν,
1136 2091 1232 2143 καὶ
1265 2090 1400 2158 φῶς,
1432 2089 1525 2143 καὶ
1549 2088 1911 2159 δικαιοσύνην,

344 2177 440 2231 καὶ
473 2179 640 2251 ζωὴν,
674 2180 766 2233 καὶ
797 2180 893 2242 τὰς
937 2179 1103 2241 ἄλλας
1135 2180 1413 2250 ἐνεργείας
1444 2181 1543 2250 τῆς
1581 2180 1681 2248 σῆς
1706 2180 1915 2243 οὐσίας,

344 2267 398 2319 αἳ
429 2269 680 2341 καθάπερ
710 2272 926 2335 ἀκτῖνες
966 2272 1060 2324 καὶ
1098 2269 1445 2340 λαμπηδόνες
1470 2271 1535 2322 ὲκ
1570 2270 1670 2338 τῆς
1698 2269 1795 2339 σῆς
1824 2269 1919 2321 ἀνι-

340 2361 555 2430 ίσχουσι
602 2363 844 2432 φύσεως;
888 2364 1047 2416 Ταῦτ’
1100 2362 1164 2415 ἂν
1219 2362 1441 2424 εἰκότως
1497 2363 1700 2415 είποιεν
1747 2364 1795 2414 οἰ
1848 2364 1915 2433 τῇ

2015 453 2304 505 cltarorum
2336 452 2612 505 hominum
2647 453 2883 520 agmina,
2920 461 3031 505 tum
3064 460 3189 505 ante
3223 459 3333 505 tum
3363 463 3483 520 post
3512 454 3587 509 le-

2015 558 2158 611 gem,
2188 551 2298 596 tura
2323 541 2554 609 caelibes,
2586 551 2697 595 tum
2718 542 3008 611 conjngati,
3044 550 3154 595 tum
3186 540 3448 611 opulenti,
3475 552 3587 597 tum

2017 636 2224 703 inopes,
2260 634 2352 703 qui
2382 635 2580 689 mentis
2614 648 2775 688 causa
2812 641 2933 688 tuas
2957 634 3250 703 adimplere
3276 635 3423 705 leges
3443 634 3587 690 haud

2017 734 2322 795 potuerunt,
2340 726 2699 794 nequidquam
2722 724 2926 793 Spiritu
2949 733 3040 779 tuo
3068 726 3410 781 sanctissimo
3432 727 3589 780 auxi-

2019 816 2202 870 liante.
2240 815 2344 870 Sed
2382 830 2478 869 cur
2517 814 2763 884 pluribus
2791 817 2973 871 verbis
3019 831 3155 885 opus
3184 816 3297 870 sit?
3341 816 3419 870 Tu
3453 817 3587 885 ipse,

2018 908 2261 971 Domine,
2294 921 2456 961 carne
2483 906 2704 962 indutus
2733 907 2965 974 venisti;
2995 907 3088 961 sed
3123 920 3343 962 carnem
3371 908 3587 976 quidem

2017 1005 2257 1051 nostram
2281 996 2646 1065 assumpsisti,
2669 1008 2905 1053 mentem
2941 1006 3119 1051 tamen
3147 1007 3206 1051 ut
3226 998 3442 1053 virtutis
3496 999 3593 1052 ad-
3655 1046 3665 1057 .

2015 1089 2214 1157 eptioni
2240 1089 2660 1153 contrariam,et
2678 1088 2886 1157 peccati
2911 1086 3251 1142 errorifacile
3276 1087 3586 1151 obnoxiam,

2018 1179 2277 1234 recusasti
2304 1193 2404 1234 nec
2425 1193 2639 1234 sumere
2666 1192 2860 1247 passus
2882 1192 2942 1233 es
2967 1192 2983 1232 :
3006 1187 3169 1247 tuque
3197 1176 3437 1249 825m.
3456 1177 3591 1231 adeo

2018 1272 2212 1326 mentis
2242 1272 2361 1325 vice
2390 1271 2441 1324 in
2477 1285 2640 1325 carne
2673 1271 2889 1327 functus
2923 1285 3001 1334 es,
3038 1281 3199 1341 atque
3226 1271 3301 1324 ita
3326 1269 3589 1340 justitiam

2019 1362 2160 1418 felici
2214 1379 2471 1419 successu
2536 1364 2813 1433 peregisti.
2880 1362 2994 1418 Hac
3061 1362 3312 1417 videlicet
3384 1360 3592 1416 ratione

2018 1462 2295 1523 peccatum
2326 1455 2527 1512 vicisti.
2563 1456 2703 1509 Deus
2737 1455 2880 1510 enim
2911 1470 2994 1518 es,
3028 1454 3323 1510 voluntatis
3354 1452 3405 1505 vi
3430 1451 3587 1520 quid-

2018 1547 2144 1614 quid
2176 1545 2390 1600 libuerit
2426 1562 2612 1616 agens,
2648 1556 2779 1601 nutu
2814 1556 2905 1602 tuo
2946 1546 3155 1616 negotia
3190 1559 3432 1600 versans.
3482 1540 3593 1597 Nos

2020 1650 2148 1708 vero
2178 1642 2354 1689 mente
2399 1636 2634 1689 humana
2672 1635 2903 1704 praediti,
2950 1650 3109 1703 quam
3153 1643 3208 1687 tu
3241 1634 3335 1688 tibi
3378 1644 3595 1686 sumere

2022 1726 2263 1791 noluisti,
2290 1729 2596 1783 necessario
2624 1727 2724 1782 sub
2753 1736 2977 1797 peccato
3007 1727 3273 1795 degimus,
3321 1735 3410 1780 tua
3441 1723 3591 1792 sequi

2022 1818 2245 1886 vestigia
2310 1833 2414 1871 non
2477 1825 2742 1872 valentes.
2810 1818 2948 1884 Quid
3033 1828 3116 1873 est
3163 1818 3305 1871 enim
3357 1816 3595 1869 humana

2023 1923 2177 1963 mens
2211 1924 2320 1976 pra:
2356 1910 2448 1964 Dei
2498 1910 2732 1973 viribus,
2771 1911 3061 1979 sapientia,
3104 1911 3323 1973 lumine,
3359 1907 3593 1978 iustitia,

2021 2001 2153 2065 vita,
2202 2001 2433 2070 aliisque
2463 2002 2782 2057 substantiae
2813 2012 2916 2056 tuae
2958 2002 3234 2064 ellicaciis,
3279 2016 3399 2069 qua:
3432 1998 3596 2052 veluti

2025 2092 2161 2147 radii
2195 2107 2258 2147 ac
2292 2092 2567 2161 lampades
2611 2109 2675 2148 ex
2722 2104 2915 2147 natura
2953 2102 3043 2147 tua
3086 2093 3430 2147 scaturiunt?
3475 2091 3599 2145 lla-c

2024 2180 2356 2237 credibiliter
2391 2183 2631 2237 dicerent
2656 2183 2691 2235 ii
2724 2183 2814 2250 qui
2846 2192 3066 2251 peccato
3102 2182 3309 2236 servire
3332 2181 3598 2234 decrevis-

2024 2283 2165 2338 sent,
2190 2273 2233 2329 si
2262 2273 2401 2326 Deus
2415 2269 2652 2326 Verbum
2676 2270 2801 2324 dum
2828 2284 2953 2324 vere
2973 2270 3247 2324 hominem
3277 2280 3595 2329 assumeret,

2026 2364 2129 2418 hac
2159 2364 2370 2417 ratione
2402 2361 2815 2433 impeccantiam
2849 2377 3000 2415 suam
3031 2361 3133 2415 sibi
3166 2361 3525 2415 conciliasset.

345 2450 590 2524 ἁμαρτίᾳ
634 2454 903 2507 δουλεύειν
952 2456 1287 2525 αἱρούμενοι,
1318 2458 1478 2526 εἴπερ
1515 2456 1543 2507 ὁ
1589 2453 1721 2516 Θεὸς
1750 2453 1919 2522 Λόγος
1961 2453 2174 2523 ἀληθῶς
2225 2454 2292 2507 ἂν
2343 2454 2698 2508 συνανέλαὸεν
2731 2446 3036 2523 ἄνθρωπον,
3076 2452 3251 2522 τούτῳ
3290 2450 3368 2520 τῷ
3412 2450 3600 2520 τρόπῳ

353 2545 806 2615 μηχανησάμενος
844 2546 907 2599 τὸ
946 2546 1352 2617 ἀναμάρτητον.

345 2740 444 2791 lZ'.
468 2740 846 2809 Κατασκευὴ,
861 2741 950 2794 ὅτι
966 2744 1222 2881 Ξῦἐριγοῇ
1239 2743 1276 2811 ἡ
1295 2741 1399 2831 τοῦ
1417 2740 1527 2795 νοῦ
1547 2741 1920 2809 ἀνθρωπίνου

1008 2830 1043 2862 ν
1130 2830 1165 2878 η
1223 2831 1295 2878 ις.

1008 2830 1295 2878 νακηψις.

432 2942 590 2996 Ἀλλὰ
627 2944 725 3013 τὴν
768 2946 865 3014 μὲν
908 2946 1223 3017 ἀδολεσχίαν
1260 2948 1487 3001 ἐκείνων
1531 2946 1920 3017 καταλίπωμεν

2029 2740 2190 2796 XVII.
2232 2741 2555 2805 Argumenta
2607 2742 2674 2793 ad
2717 2739 3178 2793 demonstrandum
3224 2746 3360 2789 recte
3402 2735 3601 2803 fartam

2263 2812 2424 2879 fuisse
2454 2811 2638 2864 mentis
2672 2811 2917 2864 humana:
2940 2818 3367 2875 assun‘tpttonem.

2098 2945 2205 3001 Sed
2250 2944 2363 3015 jam
2414 2945 2639 2999 istorum
2680 2960 2848 3016 nugas
2879 2946 2932 2999 in
2965 2942 3217 3014 praesenti
3264 2943 3600 2996 omittamus.

344 3035 440 3087 ὲπί
485 3032 578 3087 τοῦ
630 3037 927 3105 παρόντος·
969 3015 1131 3108 ἡμεῖς
1174 3040 1231 3091 δὲ
1276 3040 1368 3091 ἐπὶ
1410 3040 1511 3112 τὴν
1553 3015 1921 3111 προκειμένην

2025 3034 2133 3091 Nos
2174 3049 2305 3090 vero
2336 3032 2402 3087 ad
2437 3015 2772 3104 propositum
2816 3042 3195 3103 argumentum
3242 3040 3600 3092 revertamur,

349 3122 607 3176 ὑπόθεσιν
630 3124 1034 3193 ἐπανέλθωμεν,
1070 3128 1162 3179 καὶ⁸
1188 3128 1452 3199 δείξωμεν
1476 3131 1574 3199 τὴν
1605 3130 1698 3183 τοῦ
1733 3129 1918 3200 Σωτῆ-

351 3230 442 3283 ρος
470 3214 625 3285 ήμῶν
647 3216 961 3284 οἰκονομίαν
992 3218 1307 3285 ἀναγκαίως
1337 3222 1729 3292 γεγενημένην.
1748 3223 1923 3276 Ἐπει-

348 3305 411 3373 δὴ
438 3306 546 3376 γὰρ
574 3305 720 3368 ἄπας
745 3307 772 3359 ὁ
799 3304 1081 3376 ἅνθρωπος
1106 3308 1384 3378 ἠπατήθη,
1411 3310 1503 3362 καὶ
1529 3310 1674 3373 ἅπας
1703 3311 1806 3364 ὑπὸ
1823 3311 1921 3381 τὴν

350 3397 624 3467 ἁμαρτίαν
648 3398 991 3467 ὲγένετο,κα“ι
1014 3399 1119 3468 πρὸ
1140 3398 1233 3451 τοῦ
1256 3399 1507 3469 σώματος
1527 3402 1693 3473 δὲτὴν
1709 3403 1923 3473 ἀπάτην

349 3491 376 3541 ὁ
398 3489 521 3551 νοῦς
546 3490 867 3555 ὑπεδέξατο·
894 3494 927 3562 ή
950 3490 1043 3544 τοῦ
1068 3491 1158 3544 νοῦ
1182 3491 1289 3563 γὰρ
1310 3494 1575 3564 πρότερον
1594 3492 1925 3561 συγκατάθε-

351 3597 434 3645 σις
450 3581 548 3652 τὴν
570 3583 845 3653 ἁμαρτίαν
868 3587 1219 3656 σκιαγραφεῖ,
1243 3579 1342 3638 εἴθ’
1363 3583 1535 3648 οὕτως
1553 3585 1641 3637 διὰ
1661 3585 1759 3655 τῆς
1782 3586 1926 3655 ὲνερ·
1970 3600 1973 3601 ⁷

352 3672 501 3738 γείας
541 3674 603 3726 τὸ
650 3674 805 3744 σῶμα
847 3672 1051 3745 ταύτην
1086 3678 1303 3746 μορφοῖ,
1347 3675 1924 3746 εἰκότωςὸΔεσπότης

350 3764 584 3834 Χριστὸς
623 3766 723 3836 τὴν
757 3770 1106 3820 πεπτωκυῖαν
1147 3765 1307 3835 φύσιν
1334 3766 1635 3836 ἀναστῆσαι
1668 3765 1926 3835 βουλόμε-

350 3872 460 3917 νος,
508 3856 640 3907 πᾶσι
680 3858 839 3925 χεῖρα
879 3856 1097 3926 ὀρέγει,
1142 3856 1236 3909 καὶ
1278 3856 1535 3927 κειμένην
1577 3856 1782 3927 ἐγείρει
1830 3856 1928 3926 τὴν

351 3943 551 4012 σάρκα,
575 3961 647 4013 φη
657 3945 737 4013 μὶ,
757 3945 957 3998 καὶτὸν
981 3944 1125 4008 νοῦν,
1144 3946 1202 4009 ὃς
1223 3947 1465 4014 ἐγεγόνει
1489 3948 1607 4000 κατ’
1629 3947 1812 3999 εἰκόνα
1832 3947 1926 3999 τοῦ

352 4035 679 4099 κτίσαντος·
704 4036 934 4107 ἀόρατός
968 4054 1027 4089 τε
1069 4038 1176 4109 γάρ
1218 4040 1355 4101 ἐστι,
1380 4038 1471 4092 καὶ
1493 4039 1742 4102 ἀθέατος,
1766 4039 1928 4109 ἀνέφ-

353 4126 501 4189 ικτός
526 4143 593 4194 ,τε
627 4125 720 4179 καὶ
755 4127 1159 4199 ἀκατάληπτος,
1182 4129 1288 4182 οὐδ’
1312 4130 1505 4182 ἑαυτὸν
1547 4130 1924 4199 ἐπιστάμενος,

353 4218 490 4289 πρὸς
529 4217 586 4271 δὲ
628 4218 840 4282 τούτοις
877 4221 971 4274 καὶ
993 4221 1372 4294 ἀπερίγραφος
1387 4241 1400 4254 ·
1425 4223 1580 4293 είπερ
1602 4225 1681 4286 είς
1701 4224 1799 4294 τὴν
1820 4223 1929 4276 τῶν

350 4308 625 4379 λογισμῶν
662 4310 1072 4382 ἀποϐλέψαιμεν
1108 4314 1426 4381 φαντασίαν,
1455 4314 1722 4383 ἡγεμονίᾳ
1748 4331 1808 4366 τε
1833 4313 1927 4366 καὶ

352 4400 570 4473 ἐξουσίᾳ
604 4404 986 4475 τετιμημένος,
1012 4405 1226 4474 τέχναις
1271 4407 1365 4459 καί
1406 4408 1738 4477 ἐπιστήμαις
1774 4423 1931 4459 κεκο-

355 4494 656 4561 σμημένος,
685 4495 891 4565 βραχύς
930 4514 1014 4559 τις
1053 4498 1146 4550 καὶ
1172 4497 1288 4560 νέος
1309 4498 1656 4569 δημιουργὸς,
1677 4500 1733 4568 ἣ,
1773 4497 1834 4550 τό
1866 4514 1930 4566 γε

352 4581 713 4653 ἀληθέστερον
753 4589 948 4651 εἰπεῖν,
989 4588 1081 4641 τοῦ
1106 4589 1447 4659 Δημιουργοῦ
1489 4589 1749 4659 μιμητὴς,
1778 4589 1931 4658 βασι-

353 4671 476 4735 λεὺς
496 4674 594 4742 τῆς
613 4676 896 4746 ὁρωμένης
918 4678 1219 4749 κτίσεως,ἢ
1248 4679 1509 4749 βασιλέως
1532 4678 1713 4741 εἰκὼν,
1734 4681 1931 4751 φόρους

357 4762 626 4829 συλλέγων
648 4765 711 4815 ὲκ
734 4765 856 4835 γῆς,
884 4768 948 4818 ὲκ
969 4766 1259 4838 θαλάττης,
1285 4769 1345 4833 ἐξ
1367 4770 1547 4840 ἀέρος,
1570 4768 1629 4833 ἐξ
1650 4770 1797 4839 ἡλίου
1837 4773 1930 4825 καὶ

353 4853 583 4924 σελήνης
611 4857 705 4908 καὶ
724 4857 988 4927 ἀστέρων,
1014 4858 1073 4924 ἐξ
1101 4860 1332 4929 οὐρανοῦ
1364 4862 1456 4913 καὶ
1484 4859 1681 4929 νεφῶν,
1706 4863 1770 4915 ἐκ
1791 4879 1928 4934 προ-

354 4949 536 5001 ϐάτων
576 4949 669 5000 καὶ
709 4948 846 5018 βοῶν
890 4950 984 5001 καὶ
1024 4950 1134 5001 τῶν
1173 4949 1345 5003 ἄλλων
1385 4951 1616 5020 κτηνῶν,
1642 4952 1841 5023 μᾶλλον
1873 4954 1928 5006 δὲ

354 5040 563 5100 πάντας
603 5039 781 5092 αὐτῶν
820 5038 946 5101 τοὺς
988 5041 1231 5109 καρποὺς
1266 5041 1623 5112 δρεπόμενος⁸
1666 5045 1736 5096 δι’
1767 5046 1929 5099 αὐτὸν

352 5130 460 5200 γὰρ
485 5129 697 5196 ἐγένετο
716 5130 784 5182 τὰ
804 5129 1077 5200 ὁρώμενα·
1094 5131 1222 5194 Θεὸς
1246 5132 1352 5203 γὰρ
1378 5133 1582 5187 τούτων
1598 5137 1922 5209 ἀπροσδεής.

421 5241 629 5295 Οῦκουν
672 5243 909 5311 ἠτίμασε
949 5243 1037 5295 τὸν
1078 5243 1220 5297 οῦτω
1258 5246 1465 5315 τίμιον,
1503 5247 1594 5300 τὸν
1635 5248 1927 5319 θεραπείας

349 5332 620 5401 δεόμενον·
647 5333 765 5384 οὐδὲ
788 5333 848 5384 τὸ
872 5334 1245 5405 φθειρόμενον,
1263 5335 1508 5406 καίνόσῳ
1531 5338 1622 5389 καὶ
1646 5341 1793 5409 γήρᾳ
1812 5340 1928 5392 δου-

351 5422 507 5476 λεῦον
525 5425 619 5476 καὶ
635 5423 848 5494 θανάτῳ
866 5425 1118 5489 ἀνέλαϐε,
1142 5427 1201 5478 τὸ
1222 5427 1278 5479 δὲ
1303 5426 1516 5494 λογικδν
1540 5431 1633 5481 καὶ
1658 5430 1924 5483 ἀθάνατον

348 5515 441 5567 καί
455 5516 573 5567 κατ’
586 5516 769 5568 εἰκόνα
779 5517 1140 5586 γεγενημένον
1155 5519 1254 5570 ὐπε
1266 5519 1524 5588 ρεῖδε,κα“ι
1538 5520 1707 5572 ταῦτα
1718 5522 1922 5589 κακῶς,

346 5607 421 5671 ῶς
435 5618 585 5669 φασι,
596 5607 957 5675 διακείμενον·
975 5610 1107 5663 ἀλλὰ
1127 5613 1302 5663 πᾶσαν
1314 5611 1409 5680 τὴν
1422 5611 1583 5680 φύσιν
1596 5612 1921 5667 παλαιωοεῖ-

2024 3136 2185 3196 atque
2223 3127 2655 3180 demonstremus
2691 3124 3059 3180 necessariam
3092 3121 3264 3177 fuisse
3293 3120 3605 3175 Senatoris

2024 3218 2193 3275 nostri
2234 3216 2687 3272 incarnationem.
2727 3216 2865 3284 Quia
2895 3216 3039 3271 enim
3071 3223 3214 3269 totus
3242 3214 3405 3269 homo
3446 3211 3605 3267 dece-

2025 3322 2149 3381 ptus
2189 3310 2388 3376 fuerat,
2423 3318 2674 3378 totusque
2704 3310 2804 3363 sub
2851 3315 3138 3379 peccatum
3195 3305 3491 3369 deciderat,
3547 3313 3606 3361 et

2026 3414 2153 3459 ante
2190 3403 2365 3471 ipsum
2392 3416 2592 3470 corpus
2629 3415 2783 3457 mens
2810 3414 3051 3456 errorem
3083 3397 3415 3463 admiserat;
3451 3402 3606 3451 nam-

2028 3508 2132 3562 que
2152 3501 2308 3547 antea
2331 3494 2528 3547 mentis
2550 3506 2847 3547 consensus
2868 3497 3148 3558 peccatum
3180 3489 3434 3551 delineat,
3453 3488 3605 3541 dein-

2030 3585 2095 3637 de
2143 3583 2194 3635 id
2238 3597 2435 3649 corpus
2482 3598 2579 3651 per
2618 3596 2771 3635 suam
2828 3581 3093 3634 actionem
3142 3579 3355 3648 ﬁgurat,
3411 3578 3607 3632 merito

2029 3674 2277 3729 Christus
2312 3673 2568 3727 Dominus
2609 3672 2811 3741 lapsam
2859 3680 3103 3725 naturam
3146 3672 3357 3741 erigere
3396 3671 3603 3733 volens,

2033 3767 2248 3837 utrique
2278 3764 2439 3819 simul
2472 3779 2693 3818 manum
2741 3764 2991 3833 porrigit,
3023 3771 3078 3817 et
3116 3763 3383 3831 jacentem
3426 3763 3604 3831 erigit,

2032 3873 2279 3923 carnem,
2302 3858 2541 3925 inquam,
2567 3870 2632 3910 ac
2659 3864 2914 3917 mentem,
2944 3868 3065 3924 quae
3092 3854 3156 3908 ad
3178 3852 3453 3909 Creatoris
3473 3854 3607 3907 ima-

2033 3952 2208 4020 ginem
2243 3950 2384 4004 facta
2421 3948 2541 4002 fuit.
2571 3947 2668 4001 Est
2696 3947 2839 4001 enim
2877 3961 3031 4002 mens
3070 3947 3376 4012 invisibilis,
3423 3947 3609 4002 incon-

2034 4043 2382 4113 templabilis,
2416 4042 2675 4113 impervia
2720 4050 2775 4095 et
2818 4039 3399 4110 incomprehensibilis,
3432 4054 3608 4110 neque

2034 4154 2092 4191 se
2138 4138 2306 4207 ipsam
2352 4150 2704 4206 cognoscens,
2745 4144 2801 4189 et
2849 4134 3069 4203 insuper
3095 4132 3604 4201 incircumscripta:

2033 4240 2087 4285 et
2132 4231 2175 4284 si
2222 4229 2609 4298 cogitationum
2644 4226 2988 4297 phantasiam
3034 4231 3361 4293 spectamus,
3410 4223 3607 4276 ducatu

2035 4331 2085 4373 et
2120 4327 2385 4390 potestate
2444 4318 2687 4388 praedita,
2745 4316 2951 4369 artibus
2998 4323 3054 4368 et
3106 4312 3348 4368 scientiis
3394 4323 3605 4375 ornata,

2038 4428 2201 4482 parva
2224 4413 2464 4481 quaedam
2487 4426 2547 4464 ac
2562 4424 2699 4465 nova
2721 4407 3098 4472 creatrix,vel,
3122 4415 3181 4459 ut
3198 4407 3378 4461 verius
3404 4405 3605 4471 dicam,

2034 4504 2309 4558 Creatoris
2352 4503 2630 4567 imitatrix,
2683 4502 2866 4571 regina
2912 4509 3173 4555 creatum
3222 4499 3468 4566 visibilis,
3524 4500 3608 4554 vel

2036 4596 2177 4666 regis
2225 4597 2422 4667 imago,
2475 4595 2673 4650 tributa
2723 4594 2789 4648 de
2840 4603 2981 4647 terra
3028 4592 3307 4660 colligens,
3349 4606 3412 4645 ex
3448 4591 3607 4655 mari,

2035 4695 2196 4754 atque
2229 4702 2375 4751 aere,
2425 4701 2489 4741 ex
2522 4686 2633 4740 sole
2682 4700 2744 4738 ac
2786 4683 2910 4737 luna
2943 4693 2996 4738 et
3048 4684 3237 4746 stellis,
3270 4699 3333 4737 ex
3365 4683 3505 4739 caelo
3554 4693 3609 4737 et

2036 4778 2287 4842 nubibus,
2321 4793 2383 4831 ex
2428 4777 2639 4840 ovibus,
2683 4776 2877 4840 bobus,
2909 4775 3135 4844 aliisque
3161 4774 3401 4845 825m.
3448 4789 3608 4844 pecu-

2033 4868 2221 4932 dibus;
2254 4870 2362 4921 imo
2388 4883 2512 4921 vero
2538 4867 2775 4921 omnium
2801 4866 3006 4921 fructus
3028 4882 3256 4936 carpens
3280 4885 3294 4920 :
3325 4868 3441 4935 ejus
3465 4866 3605 4921 enim

2034 4961 2205 5028 gratia
2246 4960 2475 5014 visibilia
2510 4968 2703 5015 cuncta
2735 4968 2863 5013 sunt
2889 4958 3067 5013 facta:
3096 4973 3219 5012 nam
3251 4958 3392 5013 Deus
3416 4959 3606 5012 horum

2034 5065 2138 5104 non
2168 5061 2249 5104 est
2286 5050 2516 5117 indigns.

2100 5245 2215 5300 Non
2242 5261 2370 5317 ergo
2390 5249 2835 5317 contempsittam
2852 5252 3142 5320 pretiosam
3168 5262 3373 5321 partem
3399 5252 3605 5309 medela

2030 5348 2281 5407 egentem
2308 5356 2322 5404 ;
2355 5341 2647 5403 morboque
2678 5350 2732 5392 et
2762 5354 2975 5396 senecta
3006 5353 3312 5411 corruptam
3339 5344 3608 5411 mortique

2030 5428 2390 5496 mancipatam
2439 5428 2829 5485 humanitatem
2885 5448 2990 5487 non
3047 5433 3116 5487 ita
3180 5435 3495 5503 assumpsit,
3548 5442 3606 5485 ut

2028 5508 2235 5586 partem
2276 5518 2445 5589 ipsius
2485 5521 2800 5576 rationalem
2843 5533 2896 5576 et
2942 5523 3300 5580 immortalem
3337 5534 3494 5590 atque
3535 5523 3603 5573 ad

2029 5611 2316 5682 imaginem
2352 5629 2506 5671 suam
2542 5616 2738 5672 factam
2764 5617 3102 5688 despexerit;
3141 5615 3439 5686 praesertim
3477 5612 3603 5680 quia

3616 718 3631 767 ί

3630 5070 3643 5116 l
