4016 6202
507 242 642 301 0H7

1526 231 1585 286 S.
1618 228 1895 285 CYBlLLl
1927 225 2393 285 ALEXANDRINI
2435 224 2756 282 ARCHIEP.

3638 225 3783 281 1448

507 363 669 425 male,
701 366 760 414 ut
786 357 958 422 aiunt,
987 368 1048 411 se
1069 352 1302 408 habebat
1330 367 1344 403 :
1377 349 1474 405 sed
1496 349 1804 404 universam
1835 358 2081 401 naturam

2186 362 2286 400 σαν
2308 344 2639 414 ἑνεοποίησε.
2654 343 2765 397 Καὶ
2782 342 2846 396 τὸ
2864 341 2963 412 μὲν
2980 340 3151 413 αὐτῆς
3167 340 3350 397 καινὸν
3367 340 3781 414 ἀπειργάσατο,

506 452 839 520 antiquatam
876 451 1173 503 renovavit.
1216 445 1371 498 Anne
1399 443 1542 497 enim
1588 451 1793 511 partem
1828 440 1946 509 ejus
1987 455 2082 494 no-

506 558 626 596 vam
676 540 914 604 fecisset,
966 539 1112 593 illam
1166 551 1315 601 vero,
1362 550 1483 605 qua:
1533 538 1831 587 inveterata
1859 541 1978 587 erat
2029 541 2083 586 et

508 640 780 701 corrupta,
812 630 930 684 sine
961 627 1204 684 remedio
1236 641 1357 681 esse
1392 623 1655 681 sivisset?
1694 637 1815 677 cum
1852 635 2081 691 praeser-

511 724 605 777 tim
646 735 771 791 pars
800 721 917 775 haec
948 716 1344 787 pretiosissima
1387 726 1553 781 esset,
1582 722 1637 769 et
1677 710 2084 767 immortalitate

508 814 736 883 pollens,
768 821 823 867 et
850 809 1075 863 rationis
1100 823 1200 863 usu
1232 814 1519 869 exornata,
1554 814 1608 858 et
1638 803 1705 857 ad
1746 800 2082 856 intellectua-

510 905 639 958 lium
702 903 946 957 ordinem
1005 901 1303 968 pertinens.
1351 895 1815 953 Absurdissintum
1885 892 2084 962 quippe

510 996 724 1058 fuisset,
750 1008 950 1062 corpus
974 991 1182 1047 luteum
1211 1000 1268 1045 et
1296 989 1629 1059 pulvereum,
1657 997 1713 1042 et
1741 984 2085 1055 passiouibus

512 1086 831 1156 implicitum
875 1083 979 1139 sibi
1034 1095 1311 1138 assumere
1361 1089 1524 1147 atque
1572 1076 1885 1146 adiungere,
1931 1083 1986 1131 et
2030 1074 2083 1129 in

512 1178 733 1232 dextera
762 1174 1061 1246 maiestatis
1082 1172 1346 1229 collocare
1383 1188 1397 1225 :
1430 1180 1662 1226 mentem
1693 1165 2084 1225 veroinvisibi-

512 1268 638 1331 lem,
675 1266 1057 1332 immortalem,
1086 1263 1381 1319 animantis
1424 1261 1730 1323 rectricem,
1766 1258 1832 1314 ad
1866 1257 1962 1314 Dei
2003 1256 2085 1311 fa-

513 1367 655 1413 ctam
718 1356 1029 1427 imaginem,
1068 1353 1580 1424 incorruptibilitate
1622 1352 1923 1421 praeditam,
1965 1364 2086 1405 cor-

512 1450 662 1517 poris
686 1450 850 1503 veluti
897 1450 1163 1516 aurigam,
1196 1446 1658 1514 gnberuatricem,
1690 1452 1745 1497 et
1768 1442 1924 1511 quasi
1956 1455 2085 1496 con-

514 1548 675 1595 centu
706 1544 1118 1608 temperantem,
1153 1553 1251 1606 per
1282 1551 1442 1606 quam
1476 1537 1705 1590 humana
1748 1542 1940 1588 natura
1974 1548 2081 1590 non

514 1637 600 1683 est
637 1628 815 1693 bruta,
852 1627 943 1681 sed
977 1625 1265 1694 sapientia,
1316 1624 1524 1677 artibus
1563 1632 1619 1677 et
1661 1622 1850 1691 quavis
1894 1623 2081 1691 peritia

2183 437 2243 492 τὸ
2283 436 2340 490 δὲ
2380 434 2833 505 πεπαλαιωμένον
2875 433 2968 487 καὶ
3008 432 3402 505 διεφθαρμένον
3422 435 3654 491 ἀνίατον
3699 436 3785 488 εξ.

2183 543 2315 594 ασε;
2359 526 2453 580 καὶ
2488 525 2663 580 ταῦτα
2699 523 3029 594 τιμιώτατον
3071 524 3340 596 ὑπάρχον,
3364 525 3459 579 καὶ
3492 526 3785 597 ἀθανασία

2183 616 2564 688 τετιμημένον,
2589 616 2685 671 καὶ
2722 615 2867 684 λόγῳ
2907 615 3344 685 κεκοσμημένον,
3386 616 3481 671 καὶ
3519 616 3623 684 τῆς
3664 616 3785 670 τῶν

2182 708 2389 779 νοητῶν
2415 708 2606 779 μοίρας
2628 708 2897 777 τυγχάνον
2915 723 2931 738 ο
2954 706 3063 761 τῶν
3084 707 3450 763 ἀτοπωτάτων
3464 708 3573 779 γὰρ
3595 708 3658 762 τὸ
3676 710 3785 778 μὲν

2185 800 2345 872 σῶμα
2379 801 2440 855 τὸ
2463 800 2704 872 πήλινον.
2729 800 2822 857 καί
2841 799 3045 871 χοῖκὸν,
3068 800 3162 853 καὶ
3182 799 3380 855 πάθεσι
3403 800 3747 870 συνεζευγμὲ
3764 831 3783 841 ο

2182 908 2295 955 νον,
2319 891 2413 947 καὶ
2450 891 2878 963 προσληφθῆναι,
2907 894 3004 947 καὶ
3042 890 3444 960 ἀναληφθῆναι,
3468 892 3561 945 καί
3584 892 3657 945 ἐκ
3686 892 3784 945 δε-

2184 981 2314 1048 ξιῶν
2368 982 2469 1051 τῆς
2519 980 2909 1052 μεγαλωσύνης
2951 979 3405 1051 καθιδρυνθῆναι·
3441 970 3533 1034 τὸν
3560 981 3615 1034 δὲ
3645 982 3782 1034 νοῦν

2181 1074 2272 1127 τὸν
2295 1074 2547 1144 ἀόρατον,
2568 1071 2661 1126 τόν
2681 1072 2970 1136 ἀθάνατον,
2990 1072 3082 1127 τὸν
3106 1072 3353 1142 ἡγεμόνα
3376 1071 3471 1126 τοῦ
3493 1068 3660 1136 ζῶον,
3682 1072 3777 1127 τδν

2185 1166 2306 1220 κατ’
2326 1166 2514 1219 εἰκόνα
2572 1164 2727 1218 θείαν
2756 1164 3138 1234 γεγενημένον,
3166 1163 3258 1218 τὸν
3307 1162 3587 1234 ἀφθαρσίᾳ
3626 1181 3775 1217 τετι-

2187 1254 2450 1325 μημένον,
2485 1255 2576 1309 τὸν
2623 1254 2719 1309 τοῦ
2756 1253 3009 1325 σώματος
3040 1255 3254 1325 ἡνίοχον
3301 1254 3396 1308 καί
3425 1254 3776 1326 κυϐερνήτην

2184 1347 2278 1401 καί
2311 1346 2589 1417 μουσικὸν,
2619 1346 2687 1400 δι’
2712 1347 2771 1400 ὃν
2810 1347 2910 1400 οὐκ
2942 1346 3133 1414 ἄλογος
3160 1348 3193 1416 ἡ
3222 1346 3537 1416 ἀνθρωπεία
3583 1348 3773 1415 φύσις,

2182 1437 2319 1491 ἀλλά
2354 1437 2547 1506 σοφίας
2573 1438 2667 1491 καὶ
2687 1436 2880 1508 τέχνης
2900 1437 2997 1491 καὶ
3015 1439 3326 1510 ἐπιστήμης
3357 1438 3651 1499 όινόιιιτλει.ι›ς⁸
3668 1440 3688 1506 (
3702 1441 3715 1488 l
3731 1437 3771 1507 ),

2182 1528 2371 1583 τοῦτον
2407 1520 2747 1599 ἀπερρίφθαῖ
2781 1528 2950 1592 κάτω,
2982 1528 3075 1582 καὶ
3118 1529 3219 1597 τῆς
3266 1529 3359 1583 τοῦ
3406 1529 3661 1600 σώματος
3697 1531 3771 1600 μὴ

2188 1619 2617 1691 μεταλαγχάνειν
2661 1619 2858 1689 ’τιμῆς⁸
2909 1619 2975 1673 δι’
3007 1619 3067 1673 όν
3114 1620 3176 1672 τὸ
3225 1620 3383 1690 σῶμα
3414 1622 3516 1691 τῆς
3547 1621 3770 1690 λογικῆς

513 1720 783 1772 abundat:
824 1718 981 1779 hanc,
1005 1716 1248 1782 inquam,
1271 1724 1505 1768 mentem
1539 1713 1606 1768 ad
1629 1713 1941 1768 inferiorem
1967 1727 2085 1783 gra-

2194 1712 2411 1780 ὲγένετο
2437 1712 2665 1775 κτίσεως
2683 1729 2696 1743 ο
2732 1710 2801 1763 δι’
2829 1710 2889 1763 ὃν
2918 1709 3254 1780 νομοθεσίαι,
3291 1712 3385 1763 καὶ
3417 1714 3768 1782 προφητεῖαι·

513 1810 638 1863 dum
672 1806 924 1876 deprimi,
959 1819 1055 1859 nec
1078 1818 1264 1872 parem
1293 1804 1486 1859 saltem
1511 1819 1634 1858 cum
1667 1818 1894 1873 corpore
1919 1803 2090 1858 bono-

512 1911 626 1950 rem
660 1894 1017 1963 participare;
1058 1909 1178 1947 cum
1209 1904 1388 1947 tamen
1425 1892 1543 1962 ejus
1577 1909 1741 1948 causa
1776 1909 1973 1962 corpus
2001 1909 2090 1948 ra-

514 1986 730 2041 tionalis
753 1994 1001 2039 creatura
1031 1984 1305 2051 evaserit;
1340 2000 1462 2039 cum
1493 1984 1734 2054 ejusdem
1764 2000 1928 2040 causa
1957 1985 2093 2039 data:

511 2077 717 2133 fuerint
761 2076 906 2145 leges
948 2090 1010 2129 ac
1047 2075 1383 2144 prephetiae;
1418 2091 1513 2145 per
1547 2091 1711 2146 quam
1746 2077 1880 2130 liunt
1914 2085 2093 2131 certa-

511 2170 678 2235 mina,
730 2168 909 2234 luctae,
967 2168 1231 2231 victoriae,
1284 2167 1640 2235 laudationes,
1691 2182 1939 2232 coronae;
1997 2180 2093 2235 per

513 2277 673 2333 quam
734 2277 933 2330 corpus
962 2276 1083 2315 cum
1109 2275 1172 2315 ea
1201 2260 1509 2327 decertans,
1534 2261 1811 2331 praemium
1846 2261 2090 2317 laborum

513 2355 862 2424 consequitur
893 2354 1153 2408 cmlorum
1193 2367 1455 2419 regnum;
1504 2354 1573 2407 ob
1615 2368 1774 2420 quant
1814 2353 1925 2421 ipse
1955 2365 2092 2420 quo-

512 2460 617 2514 que
649 2446 954 2499 Servatoris
995 2443 1165 2498 nostri
1218 2445 1481 2499 adventus
1517 2445 1767 2513 contigit,
1815 2454 1869 2498 et
1916 2444 2095 2497 incar-

513 2536 749 2590 nationis
776 2545 1052 2605 peractum
1082 2536 1394 2606 mysterium
1421 2542 1522 2588 est.
1555 2533 1671 2588 Non
1701 2535 1842 2587 enim
1879 2543 2095 2602 propter

512 2643 602 2684 res
642 2630 906 2685 inanimes
956 2640 1008 2684 et
1056 2641 1235 2685 mente
1281 2639 1529 2686 carentes
1573 2631 1864 2685 salutarem
1896 2630 2115 2685 admisit

2188 1804 2254 1856 δι’
2283 1803 2342 1857 δν
2379 1804 2611 1871 ἀγῶνες,
2644 1802 2740 1855 καὶ
2767 1801 2956 1865 πάλαι,
2990 1801 3083 1856 καὶ
3108 1801 3275 1863 νίκαι,
3297 1803 3390 1855 καὶ
3413 1802 3768 1872 ἀναρρήσεις,

2190 1895 2284 1949 καὶ
2312 1895 2568 1964 στέφανοι
2584 1910 2598 1925 ·
2624 1894 2692 1948 δι’
2715 1892 2774 1947 ὃν
2797 1892 2975 1946 καὶτὸ
2997 1893 3159 1962 σῶμα
3182 1893 3244 1946 τὸ
3266 1892 3587 1956 συναθλοῦν,
3610 1888 3773 1946 ἆθλον

2188 1986 2298 2041 τῶν
2346 1986 2523 2041 πόνων
2570 1985 2684 2056 εχει
2734 1984 2835 2057 τὴν
2867 1984 2975 2040 τῶν
3002 1984 3246 2055 οὐρανῶν
3274 1984 3551 2055 βασιλείαν
3572 1998 3587 2013 ’
3620 1985 3689 2037 δι’
3716 1984 3775 2036 δν

2192 2079 2284 2133 καί
2314 2080 2452 2150 αὑτὴ
2484 2078 2578 2132 τοῦ
2612 2079 2863 2148 Σωτῆρος
2891 2076 3048 2148 ἡμῶν
3083 2079 3116 2147 ή
3147 2076 3422 2147 παρουσία
3436 2076 3774 2146 ,γεγένηταῃ

2188 2169 2284 2225 καὶ
2318 2168 2382 2222 τὸ
2412 2169 2510 2240 τῆς
2537 2169 2850 2238 οἰκονομίας
2884 2168 3314 2239 ὲπραγματεύθη
3346 2169 3644 2239 μυστήριον
3668 2184 3682 2196 ’
3713 2167 3774 2219 οὐ

2189 2260 2296 2331 γάρ
2328 2259 2470 2330 ὑπὲρ
2504 2258 2727 2330 ἀψύχων
2757 2259 2792 2328 ἢ
2817 2260 3062 2330 ἀνοήτων
3090 2260 3158 2313 τά
3184 2260 3427 2331 σωτήρια
3447 2258 3779 2324 κατεδέξατο

2190 2350 2375 2420 πάθη,
2434 2350 2544 2403 οὐδ’
2584 2350 2725 2421 ὑπὲρ
2772 2350 2982 2419 ἀλόγων
3033 2351 3247 2421 κτηνῶν
3297 2351 3331 2421 ἢ
3384 2351 3546 2404 λίθων
3592 2350 3779 2421 ψυχῆς

2190 2441 2592 2512 ἑστερημένων,
2632 2442 2749 2495 ἀλλ’
2784 2441 2925 2513 ὑπὲρ
2958 2441 3262 2514 ἀνθρώπων
3289 2444 3464 2514 ψυχὴν
3499 2444 3780 2498 ἀθάνατον

2192 2532 2397 2585 ἕνοικον
2438 2550 2605 2604 κεκτη
2616 2533 2815 2604 μένων.

2188 2632 2517 2701 passionem,
2567 2646 2742 2701 neque
2788 2631 3030 2703 826m.
3063 2642 3281 2704 preptcr
3310 2632 3644 2688 irrationalia
3675 2632 3778 2700 ju-

513 2729 691 2776 menta
728 2731 821 2777 aut
846 2722 1053 2792 lapides
1082 2721 1264 2777 anima
1292 2724 1605 2789 destitutos,
1631 2725 1724 2777 sed
1754 2732 1975 2792 prepter
1999 2722 2246 2777 homines
2273 2722 2367 2791 qui
2417 2721 2778 2777 immortalem
2809 2724 3051 2777 animam
3082 2723 3219 2779 nacti
3245 2731 3367 2778 sunt
3398 2722 3663 2778 incolam.

512 2810 698 2891 XVIII.
728 2835 1113 2891 Hernicorum
1145 2840 1415 2893 contraria
1439 2847 1751 2908 argumenta
1785 2838 2079 2894 solvuntur.

566 2950 671 3007 Sed
686 2952 778 3021 qui
798 2967 968 3022 nugas
1002 2953 1173 3021 magis
1205 2967 1365 3020 quam
1387 2950 1666 3004 veritatem
1686 2948 1919 3005 aestimat
1938 2950 2092 3020 Apol-

512 3043 725 3105 linaris,
761 3043 1034 3108 rectisque
1064 3058 1128 3097 ac
1155 3044 1259 3112 piis
1283 3042 1793 3111 dogmatibnssuant
1815 3042 2094 3112 anteponit

513 3131 1136 3200 garrulitatem,carnem
1162 3130 1378 3199 quidem
1398 3146 1425 3184 a
1443 3132 1551 3185 Dee
1566 3130 1744 3185 Verbo
1758 3141 2089 3199 assumptam

512 3220 611 3285 ait,
646 3227 809 3287 atque
839 3219 940 3273 hac
959 3234 1062 3273 ceu
1088 3219 1208 3274 velo
1232 3220 1465 3287 quodam
1494 3234 1619 3274 esse
1648 3236 1804 3274 usum
1838 3236 1852 3284 ;
1910 3230 2092 3274 mente

511 3318 691 3364 autem
721 3325 826 3364 non
862 3309 1154 3379 indiguisse
1176 3350 1191 3375 ,
1227 3311 1321 3365 sed
1352 3312 1523 3379 ipsum
1557 3313 1677 3364 vice
1722 3312 1920 3363 mentis
1963 3325 2090 3365 cor-

510 3398 629 3466 pori
658 3398 957 3453 exstitisse.
990 3398 1119 3464 Sed,
1142 3414 1175 3453 o
1223 3399 1403 3464 sodes,
1436 3399 1581 3452 dicet
1630 3399 1681 3452 ei
1732 3398 1929 3467 aliquis
1952 3439 1969 3466 ,
2023 3414 2091 3455 ne

510 3503 738 3558 corpore
770 3489 987 3559 quidem
1014 3491 1157 3545 Deus
1197 3489 1430 3544 Verbum
1462 3492 1695 3561 egebat;
1753 3491 1885 3545 nihil
1938 3492 2084 3546 enim

512 3596 734 3651 prorsus
767 3581 995 3651 requirit
1026 3599 1041 3636 :
1080 3590 1294 3652 poterat
1324 3592 1507 3637 autem
1561 3585 1680 3639 solo
1707 3585 1962 3638 mandato
1992 3600 2091 3640 no-

511 3680 680 3725 stram
711 3672 927 3741 operari
953 3670 1202 3726 salutem.
1228 3672 1333 3727 Sed
1358 3683 1537 3727 tamen
1562 3674 1728 3729 voluit
1752 3690 1848 3729 nos
1874 3690 2089 3747 quoque

510 3763 947 3816 communionem
967 3763 1204 3831 aliquam
1225 3774 1371 3819 recte
1398 3763 1666 3819 factorum
1690 3766 1891 3822 habere
1912 3784 1924 3820 :
1944 3769 2087 3838 quod

511 3862 571 3905 ut
597 3851 851 3919 ediceret,
880 3857 1238 3923 peccatricem
1263 3869 1595 3923 assumptam
1620 3865 1866 3911 ttatnram
1886 3896 1901 3922 ,
1935 3873 2090 3913 eam-

510 3957 617 4012 que
645 3947 760 3999 suis
776 3946 1051 4001 laboribus
1070 3946 1446 4015 justiticatam,
1476 3948 1692 4002 acerbis
1708 3951 1983 4017 expedivit
2004 3946 2086 4020 ty;

512 4035 697 4088 rannis
720 4045 939 4103 peccato
986 4046 1042 4091 et
1082 4038 1297 4093 diabolo
1332 4054 1396 4093 ac
1425 4050 1629 4102 morte,
1665 4049 1719 4093 et
1768 4042 2080 4098 coelestibus

509 4126 731 4182 sedibus
775 4128 1049 4183 donavit:
1086 4139 1143 4182 et
1171 4144 1267 4197 per
1311 4145 1429 4184 eam
1477 4145 1638 4199 quam
1691 4130 1808 4200 ipse
1855 4135 2086 4204 sumpsit

2325 2838 2432 2892 Ill’.
2463 2838 2653 2903 Λύσις
2682 2835 2800 2891 τῶν
2830 2838 3139 2907 αἰρετικῶν
3170 2840 3631 2909 προϐλημάτων.

2278 2948 2416 3001 Ἀλλ’
2448 2950 2477 3002 ό
2507 2949 2599 3002 τὸν
2622 2946 2781 3002 ὕθλον
2812 2951 3160 3022 προτιμήσας
3198 2951 3299 3021 τῆς
3325 2950 3584 3021 ἀληθείας
3612 2953 3774 3007 Ἀπο-

2192 3042 2455 3114 λινάριος,
2502 3042 2598 3096 καὶ
2645 3042 2754 3095 τῶν
2800 3042 3041 3096 εὐσεϐῶν
3097 3043 3382 3114 δογμάτων
3427 3042 3525 3115 τὴν
3567 3045 3775 3097 οἰκείαν

2194 3133 2467 3203 προτάξας
2491 3132 2831 3204 ἀδολεσχίαν,
2861 3133 2959 3204 τὴν
2985 3134 3084 3205 μὲν
3112 3136 3294 3205 σάρκα
3326 3134 3416 3187 τὸν
3442 3134 3578 3188 θεὸν
3602 3137 3776 3205 Λόγον

2191 3223 2544 3295 ἀνειληφέναι
2577 3226 2732 3295 φησὶ,
2765 3226 2861 3280 καὶ
2893 3226 3069 3299 ταύτῃ
3102 3228 3355 3297 καθάπερ
3390 3228 3494 3280 τινὶ
3520 3246 3774 3298 παραπε-

2190 3312 2430 3382 τάσματι
2460 3313 2769 3383 χρησασθαι
2795 3332 2809 3346 ν
2838 3315 2932 3368 τοῦ
2978 3315 3035 3368 δὲ
3064 3315 3156 3370 νοῦ
3195 3318 3270 3386 μὴ
3303 3315 3582 3387 δεηθῆναι,
3611 3319 3772 3371 αὑτὸν

2189 3404 2246 3457 δὲ
2273 3405 2395 3458 ἀντὶ
2424 3404 2518 3458 νοῦ
2560 3406 2811 3474 γενέσθαι
2844 3407 2923 3478 τῷ
2953 3406 3185 3477 σώματι.
3229 3409 3389 3474 Ἀλλ’,
3425 3403 3471 3461 ὧ
3501 3408 3767 3478 βέλτιστε,

2188 3498 2338 3552 εἴποι
2365 3517 2452 3564 τις
2484 3500 2551 3553 ἂν
2599 3499 2736 3570 πρὸς
2769 3499 2954 3563 αὑτὸν,
2992 3500 3112 3553 οὐδὲ
3153 3499 3249 3553 τοῦ
3300 3501 3549 3570 σώματος
3580 3504 3609 3555 ό
3639 3503 3770 3566 Θεὸς

2189 3592 2358 3659 Λόγος
2387 3590 2634 3663 ἔχρῃζεν,
2659 3592 2968 3663 ἀπροσδεὴς
2993 3592 3100 3663 γάρ
3123 3607 3136 3621 ⁸
3163 3592 3394 3662 ἠδύνατο
3417 3593 3473 3647 δὲ
3498 3596 3591 3648 καὶ
3624 3596 3771 3665 μόνῳ

2193 3684 2576 3754 προστάγματι
2623 3682 2722 3753 τὴν
2767 3682 3046 3754 ἡμετέραν
3096 3685 3631 3755 πραγματεύσασθαι
3664 3704 3769 3741 σω-

2187 3774 2409 3845 τηρίαν·
2446 3773 2559 3828 ἀλλ’
2599 3774 2866 3844 ἠθέλησεν
2908 3772 3051 3843 ἔχειν
3095 3774 3217 3827 τινὰ
3268 3776 3364 3829 καὶ
3406 3777 3554 3847 ἡμᾶς
3595 3779 3676 3840 εἰς
3715 3779 3768 3829 τὸ

2188 3865 2627 3937 κατορθούμενον
2655 3868 2962 3931 κοινωνίαν,
2986 3858 3046 3919 οὗ
3075 3865 3234 3937 χάριν
3264 3865 3446 3920 λαϐὼν
3473 3868 3636 3936 φύσιν
3670 3868 3765 3931 τὴν

2187 3959 2589 4029 ήμαρτηκυῖαν,
2624 3958 2806 4021 πόνοις
2842 3956 3013 4028 αὐτὴν
3041 3958 3267 4021 οἰκείοις
3304 3959 3627 4025 δικαίωσας,
3657 3961 3764 4012 τῶν

2185 4067 2245 4103 τε
2269 4050 2481 4120 πικρῶν
2504 4049 2783 4122 τυράννων
2800 4049 3111 4120 ἀπήλλαξεν
3129 4052 3425 4123 ἁμαρτίας,
3458 4054 3553 4107 καὶ
3581 4053 3761 4107 διαϐό-

2187 4138 2302 4203 λου,
2322 4140 2414 4192 καί
2431 4139 2685 4206 θανάτου,
2710 4141 2805 4193 καὶ
2820 4141 2931 4193 τῶν
2954 4141 3295 4213 ἐπουρανίων
3316 4144 3520 4215 θρόνων
3535 4145 3759 4213 ἠξίωσε,

510 4218 925 4291 humanitatem,
955 4221 1206 4276 universo
1257 4223 1439 4291 generi
1482 4223 1786 4280 libertatem
1824 4241 2070 4281 commu—

2185 4231 2270 4284 καὶ
2291 4231 2377 4285 διὰ
2402 4231 2495 4285 τοῦ
2522 4232 2820 4302 ληφθέντος
2854 4234 3017 4286 παντί
3039 4233 3117 4304 τῷ
3142 4234 3292 4302 γένει
3323 4236 3421 4305 τῆς
3451 4236 3760 4304 ἐλευθερίας

511 4308 733 4363 nicavit.
768 4310 1021 4365 Sedeuim
1053 4311 1184 4365 nihil
1232 4313 1426 4366 horum
1458 4323 1719 4383 reputans
1742 4316 1832 4370 hic
1863 4318 2079 4385 sapien-

512 4400 756 4454 tissimus
778 4440 792 4465 ,
820 4400 1221 4454 voealissimum
1260 4402 1547 4470 theologia
1572 4419 1876 4471 praeconem
1904 4406 2080 4463 Joan-

509 4506 632 4545 nem
672 4492 1083 4559 evangelistam,
1115 4494 1365 4546 amentia:
1398 4509 1512 4549 sua:
1539 4506 1733 4549 testem
1781 4498 1987 4554 habere
2021 4515 2080 4556 se

504 4580 733 4651 judicat.
772 4598 790 4630 ι
833 4578 1064 4636 Verbum
1100 4583 1267 4647 enim,
1310 4583 1488 4652 inquit
1512 4625 1528 4651 ,
1578 4600 1708 4640 caro
1745 4586 1944 4641 factum
1975 4597 2078 4655 est,

509 4684 565 4727 et
585 4673 847 4729 habitavit
877 4674 928 4727 in
955 4675 1113 4730 nobis
1131 4675 1197 4730 ³⁷.
1224 4693 1245 4728 s
1275 4675 1439 4745 Atqui
1463 4677 1686 4732 omnino
1708 4679 1930 4746 sciebat,
1949 4683 2078 4737 alibi

511 4779 728 4837 quoque
750 4774 957 4834 partem
989 4780 1087 4834 pro
1118 4774 1233 4821 toto
1264 4767 1503 4822 divinam
1530 4767 1871 4837 Scripturam
1898 4772 2084 4841 appel-

513 4856 625 4910 lare
652 4854 826 4911 solere
859 4870 871 4905 :
906 4871 1026 4925 qua:
1080 4856 1240 4911 modo
1286 4858 1509 4926 quidem
1561 4875 1628 4914 ex
1678 4862 1860 4916 anima
1913 4873 2084 4918 totum

515 4946 783 5002 hominem
819 4957 1113 5017 nuncupat,
1148 4950 1310 5002 modo
1340 4960 1524 5005 autem
1582 4964 1650 5005 ex
1694 4968 1859 5009 carne
1915 4964 2084 5010 totum

511 5036 708 5092 animal
739 5038 997 5094 denotat:
1035 5057 1055 5091 ι
1080 5037 1279 5095 Omnes
1310 5039 1474 5107 enim,
1502 5040 1698 5112 inquit,
1743 5045 1937 5101 animae
1969 5061 2087 5115 qua‘.

586 5212 627 5245 ³⁷
650 5212 807 5268 Joan.
839 5229 877 5282 ι,
903 5218 990 5272 14.

581 5418 656 5490 (l)
698 5417 1118 5490 Praeciarissime
1157 5422 1242 5477 his
1281 5420 1474 5477 Cicero
1514 5420 1836 5490 astipulatur
1871 5419 1922 5475 in
1965 5420 2081 5475 Sci-

510 5490 682 5559 pionis
704 5489 945 5559 Somnio.
976 5491 1051 5543 Tu
1089 5508 1206 5545 vero
1234 5493 1310 5545 sic
1341 5493 1546 5555 habeto,
1580 5489 1682 5544 ιιοιι
1717 5508 1827 5544 esse
1861 5501 1908 5543 te
1937 5508 2075 5546 mor-

510 5558 699 5626 talem,
726 5558 816 5613 sed
844 5573 1031 5626 corpus
1060 5560 1155 5612 hoc
1185 5577 1204 5614 :
1234 5577 1324 5613 nec
1353 5564 1488 5613 enim
1520 5572 1573 5613 tu
1606 5577 1690 5625 es,
1721 5577 1869 5630 quem
1900 5560 2073 5629 {arma

510 5633 609 5685 ista
641 5630 906 5697 declarat,
939 5630 1027 5684 sed
1058 5644 1201 5682 meus
1232 5631 1483 5696 cujusque
1509 5630 1552 5684 is
1582 5640 1659 5684 est
1687 5634 1933 5699 quisque,
1967 5647 2070 5684 non

2186 4323 2507 4393 μετέδωκεψ
2526 4324 2642 4377 ἀλλ’
2658 4325 2808 4377 οὐδὲν
2823 4324 3030 4379 τούτων
3051 4328 3131 4390 εἰς
3148 4329 3271 4380 νοῦν
3283 4326 3454 4381 λαϐὼν
3469 4327 3496 4378 ό
3514 4324 3758 4393 σοφώτα-

2179 4429 2270 4475 τος
2284 4412 2374 4465 τὸν
2390 4401 2906 4484 μεγαλοφωνότατον
2926 4417 3142 4485 κήρυκα
3152 4417 3251 4487 τῆς
3262 4414 3551 4483 θεολογίας,
3564 4416 3659 4467 τὸν
3674 4414 3762 4468 εὑ-

2181 4505 2508 4577 αγγελιστὴν
2524 4506 2800 4577 Ἰωάννην,
2824 4506 3076 4580 μάρτυρα
3093 4509 3191 4578 τῆς
3204 4508 3406 4572 οἰκείας
3419 4508 3603 4571 ἀνοίας
3615 4507 3760 4578 ἔχειν

2180 4599 2414 4669 ἡγεῖταιο
2433 4615 2453 4649 ι
2472 4598 2532 4651 Ὀ
2552 4598 2723 4667 Λόγος
2742 4598 2872 4670 γάρ,
2894 4600 3049 4670 φησὶ,
3072 4599 3208 4670 σάρξ
3224 4600 3460 4668 ἐγένετο,
3477 4600 3572 4653 καί
3595 4600 3761 4669 ἐσκή-

2181 4708 2352 4746 νωσεν
2378 4692 2437 4745 ὲν
2456 4693 2586 4763 ἡμῖν
2606 4708 2619 4721 ·
2649 4711 2667 4743 ι
2684 4693 2779 4746 καὶ
2795 4692 2970 4746 ταῦτα
2991 4694 3176 4763 σαφῶς
3196 4694 3373 4757 εἰδὼς,
3396 4694 3473 4757 ῶς
3494 4693 3758 4764 πολλαχοὺ

2146 4846 2149 4851 η
2180 4784 2242 4836 τὸ
2270 4786 2376 4837 πᾶν
2403 4784 2514 4838 ἀπὸ
2541 4784 2743 4857 μέρους
2776 4785 2947 4856 ἠθεία
2980 4787 3171 4858 Γραφὴ
3208 4786 3631 4857 προσαγορεύει,
3666 4786 3762 4839 καὶ

2184 4870 2261 4942 πὴ
2286 4873 2383 4942 μὲν
2402 4874 2510 4927 ἀπὸ
2534 4876 2631 4945 τῆς
2650 4873 2830 4945 ψυχῆς
2850 4876 3027 4929 πάντα
3050 4876 3207 4929 καλεῖ
3224 4877 3316 4929 τὸν
3341 4876 3651 4946 ἄνθρωπον,

2184 4962 2242 5015 δὲ
2281 4964 2388 5017 ἀπὸ
2421 4963 2524 5033 τῆς
2556 4964 2755 5036 σαρκὸς
2781 4964 2902 5018 ὅλον
2932 4964 2993 5017 τὸ
3022 4965 3159 5029 ζῶον
3186 4965 3367 5036 δηλοῖ’
3395 4988 3413 5017 ι
3436 4966 3614 5018 Πᾶσαι
3650 4963 3758 5034 γάρ

2187 5055 2243 5106 αἰ
2273 5053 2462 5124 ψυχαὶ,
2489 5057 2545 5108 αἰ
2572 5056 2934 5121 εἰσελθοῦσαι,
2958 5058 3145 5127 φησὶν,
3177 5056 3293 5128 ἅμα
3330 5056 3528 5111 Ἰακὼϐ
3561 5057 3644 5119 εἰς
3670 5056 3762 5107 Αί-

2188 5440 2248 5477 ea
2278 5427 2447 5502 ﬁgura
2466 5445 2583 5499 qua:
2613 5432 2775 5501 digito
2803 5435 3155 5489 demonstrari
3179 5443 3370 5502 potest.
3398 5434 3602 5488 Pudeat
3627 5448 3758 5502 ergo

2183 5510 2307 5567 eos,
2332 5500 2423 5567 qui
2458 5512 2627 5554 totum
2669 5500 2938 5560 hominem
2979 5500 3266 5562 materiam
3306 5520 3429 5562 esse
3466 5500 3755 5560 mortale—ni

2183 5566 2365 5621 dicere
2401 5573 2617 5626 audent.
