4016 6202
244 275 383 333 HM

1415 258 1504 314 DE
1544 258 1652 313 INC
1667 253 2053 313 ιῐιΝΑΤΙΟΝΕ
2092 250 2347 320 ΒΟΜΙΝΙ.

3365 243 3502 299 4450

243 412 455 467 γυπτον
480 388 852 459 ἐϐδομήκοντα
892 385 1055 440 πέντε
1091 384 1188 453 (Ι).
1228 381 1468 453 Εὔδηλον
1501 384 1559 436 δέ
1600 383 1675 447 ὡς
1721 382 1822 441 οὒκ

1948 393 2182 450 agressa:
2220 384 2347 433 sunt
2393 389 2514 431 cum
2560 373 2761 431 Iacobo
2810 372 2862 426 in
2894 371 3187 443 {Egyptum
3220 409 3234 433 .
3287 376 3505 437 septua-

239 488 527 557 ἀσώματοι
557 476 702 551 ἦσαν
740 480 790 532 οἱ
830 477 926 530 τοῦ
971 475 1169 530 Ἰακὼϐ
1219 476 1323 530 υἱοί
1353 493 1413 529 τε
1445 476 1540 530 καὶ
1587 474 1821 542 ἔκγονοι,

239 581 357 635 ἀλλ’
386 574 496 630 ἀπὸ
536 572 741 643 μέρους
780 569 841 622 τὸ
876 569 982 622 πᾶν
1038 568 1066 620 6
1114 567 1527 638 ἱστοριογράφος
1569 565 1823 633 ἐδήλωσε.

239 665 353 721 Καὶ
383 662 550 715 πάλιν
570 674 586 689 ·
632 676 651 711 ι
674 656 836 730 Ψυχὴ
865 658 900 727 ή
935 656 1343 729 ἁμαρτάνουσα,
1372 655 1510 727 αὕτη
1534 654 1827 709 ἀποθανεῖ-

240 773 352 808 ται.
407 770 426 803 ι
464 748 656 813 Οὐδεὶς
686 748 744 801 δέ
765 746 907 815 ἔγνω
939 744 1158 799 πώποτε
1194 745 1372 816 ψυχὴν
1414 745 1542 800 ἄνευ
1577 745 1827 814 σώματος

242 842 494 916 ἁμαρτίᾳ
537 838 976 912 περιπεσοῦσανο
1022 836 1116 889 καὶ
1162 830 1338 899 αὖθις,
1378 854 1398 886 v
1436 836 1510 888 Οὐ
1556 834 1630 905 μὴ
1660 850 1829 888 κατα-

248 937 409 1008 μείνῃ
437 935 500 986 τὸ
526 931 755 1002 Πνεῦμά
785 947 887 1001 μου
920 931 977 983 ἐν
1005 931 1114 991 τοῖς
1137 926 1445 999 ἀνθρώποις
1477 926 1711 992 τούτοις,
1741 926 1829 980 διά

244 1029 306 1084 τὸ
329 1024 472 1082 εἶναι
516 1025 715 1087 αὐτοὺς
757 1023 953 1094 σάρκα.
989 1040 1008 1074 ι
1048 1021 1161 1076 Καὶ
1200 1022 1229 1075 6
1263 1021 1548 1091 προφήτης
1580 1018 1827 1089 ἑτέρωθι,

248 1138 272 1172 ‹
296 1122 458 1175 Πᾶσα
475 1117 611 1189 σὰρξ
626 1114 756 1187 χοῦς
775 1114 877 1188 [ita
890 1115 1034 1179 cod.,
1051 1128 1157 1168 non
1170 1112 1408 1185 χόρτος],
1425 1114 1517 1166 καὶ
1537 1110 1686 1167 πᾶσα
1705 1110 1832 1176 δόξα

245 1210 541 1283 ἀνθρώπου
566 1207 641 1271 ὡς
669 1206 827 1271 ἀνθος
850 1206 1045 1278 χόρτου
1063 1219 1078 1233 ⁶
1114 1223 1133 1258 ι
1167 1206 1260 1259 καὶ
1289 1207 1318 1258 6
1346 1205 1615 1277 μακάριος
1644 1206 1830 1269 Δαὸὶδ,

252 1321 273 1355 ι
310 1298 613 1370 Ἐμνήσθη,
632 1299 817 1368 φησιν,
849 1297 931 1351 ὅτι
959 1296 1096 1368 σάρξ
1124 1297 1252 1359 sict,
1284 1295 1502 1366 πνεῦμα
1532 1295 1834 1367 πορευόμε-

246 1410 361 1451 νον,
397 1390 496 1443 καὶ
515 1390 616 1443 οὐκ
645 1387 995 1458 ἐπιστρέφον.
1024 1407 1041 1438 ι
1078 1387 1248 1440 Παντὶ
1269 1386 1325 1439 δὲ
1347 1385 1615 1457 δήπουθεν
1639 1384 1835 1456 γνώρι-

253 1499 377 1557 μον,
401 1480 477 1543 ὡς
505 1480 605 1532 οὐκ
633 1478 828 1547 ἄψυχοι
853 1472 993 1548 ἦσαν
1016 1470 1161 1530 οὗτοι
1188 1467 1263 1528 ὧν
1283 1474 1602 1545 κατηγορεῖ,
1632 1473 1726 1526 καὶ
1754 1465 1835 1535 οἷς

250 1570 561 1642 νομοθετεῖ,
600 1568 694 1621 καὶ
717 1561 791 1621 ὧν
816 1565 1112 1637 ἐρμηνεύει
1144 1565 1243 1636 τὴν
1276 1563 1458 1635 φύσιν.

324 1662 402 1716 Οὐ
438 1661 598 1733 μόνον
624 1660 680 1713 δέ
716 1659 842 1721 τοὺς
884 1656 1388 1729 κατηγορουμένους
1417 1654 1589 1727 [λέγει
1627 1658 1661 1727 ὴ
1691 1656 1833 1725 Γρα-

1933 472 2084 543 ginta
2122 471 2363 539 quinque
2391 468 2541 522 fuere
2573 466 2638 520 ³⁸.
2689 466 2917 521 Constat
2964 471 3146 520 autem
3189 476 3294 516 non
3339 460 3509 514 fuisse

1934 564 2284 629 incorporeos
2310 559 2496 614 Jacobi
2519 558 2672 613 ﬁlios'
2690 567 2851 626 atque
2881 564 3135 625 nepotes;
3165 554 3258 609 sed
3274 568 3337 607 ex
3357 561 3511 622 parte

1937 661 2105 708 totum
2139 651 2433 707 historicus
2464 647 2878 705 demonstravit.
2905 647 2972 700 Et
3001 660 3189 700 rursus
3219 660 3232 696 :
3267 662 3286 695 ι
3313 643 3505 697 Anima

1934 758 2055 812 quae
2072 741 2398 813 peccaverit,
2418 740 2531 810 ipsa
2551 739 2811 796 morietur
2831 738 2898 790 ”.
2913 736 3111 791 tNemo
3125 748 3252 789 vero
3271 747 3508 801 unquam

1937 834 2347 889 scivitanimam
2374 834 2578 903 absque
2615 842 2843 900 corpore
2880 828 2931 883 in
2965 828 3180 897 culpam
3214 823 3496 879 incidisse.

1938 926 2225 981 Etdenuo:
2257 942 2277 976 ι
2298 923 2414 979 Νοη
2445 922 2786 994 permanebit
2810 919 3046 991 Spiritus
3076 933 3229 973 meus
3258 916 3313 971 in
3331 914 3511 969 homi-

1940 1015 2099 1071 nibus
2126 1015 2269 1077 istis,
2307 1016 2430 1082 quia
2459 1013 2679 1083 827m
2708 1026 2836 1067 caro
2859 1009 3096 1066 sunt‘m
3132 1006 3201 1063 Et
3224 1005 3352 1061 alibi
3382 1019 3512 1074 pro-

1940 1111 2133 1179 pheta:
2154 1108 2373 1164 «Omnis
2389 1122 2517 1163 caro
2534 1104 2730 1176 pulvis,
2757 1102 3002 1159 etomnis
3020 1101 3299 1157 hominum
3338 1098 3514 1179 gloria

1940 1216 2036 1255 ceu
2056 1199 2275 1255 feniﬂos
2299 1198 2399 1253 “.r
2424 1198 2622 1252 Beaths
2641 1210 2856 1266 quoque
2876 1194 3041 1248 David
3075 1211 3089 1248 :
3126 1212 3144 1245 ι
3174 1186 3513 1247 ιῖεοοτόεἰαε

1940 1302 2043 1356 est,
2066 1291 2261 1362 inquit,
2295 1291 2438 1361 quod
2460 1305 2591 1345 caro
2619 1299 2769 1356 sunt,
2823 1287 3048 1356 spiritus
3080 1286 3282 1340 vadens
3324 1290 3380 1338 et
3403 1296 3512 1337 non

1942 1385 2158 1439 rediens
2184 1384 2251 1437 “.
2290 1402 2307 1435 ι
2353 1382 2451 1439 Est
2473 1390 2654 1437 autem
2692 1380 2986 1449 unicuique
3016 1376 3377 1448 exploratum,
3405 1388 3514 1427 non

1941 1474 2110 1531 fuisse
2154 1476 2254 1529 hos
2307 1473 2574 1527 inanimes
2644 1486 2780 1541 quos
2827 1468 3199 1540 reprehendit,
3252 1465 3334 1522 vel
3395 1464 3516 1535 qui.

1941 1565 2229 1635 buslegem
2248 1562 2555 1627 constituit,
2579 1560 2661 1614 vel
2686 1575 2915 1629 quorum
2944 1569 3197 1613 naturam
3232 1555 3510 1612 describit.

2012 1655 2197 1726 Neque
2231 1654 2404 1710 solum
2449 1652 2518 1708 de
2567 1651 2898 1721 vituperatis
2951 1652 3025 1705 ita
3072 1650 3315 1720 loquitur
3355 1645 3514 1702 Scri—

254 1750 381 1825 φὴ],
407 1750 549 1805 ἀλλά
601 1749 697 1803 καὶ
727 1749 834 1802 τῶν
867 1746 1276 1817 ἐπαινουμένων
1311 1748 1437 1810 τοὺς
1470 1745 1799 1818 κορυφαίους
1819 1762 1832 1775 .

1948 1756 2117 1817 ptura,
2135 1762 2323 1802 verum
2345 1744 2512 1801 etiam
2546 1746 2612 1799 de
2638 1743 3051 1799 laudatissimis.
3079 1743 3259 1797 Testis
3290 1740 3512 1801 Paulus,

255 1843 354 1896 καὶ
389 1841 598 1896 τούτων
634 1840 843 1911 μάρτυς
869 1840 897 1891 6
939 1837 1208 1909 μακάριος
1253 1836 1463 1899 Παῦλος
1504 1837 1562 1889 ἐν
1594 1838 1659 1906 τῇ
1702 1835 1836 1905 πρὸς

256 1932 510 1997 Γαλάτας
537 1932 738 1999 λέγων·
773 1948 791 1981 ι
820 1930 949 1983 Ὅτε
981 1928 1037 1981 δέ
1070 1928 1362 1998 εὐδόκησεν
1393 1929 1421 1981 6
1441 1927 1571 1990 Θεὸς
1596 1928 1623 1980 6
1647 1926 1839 1997 ἀφορία

259 2039 361 2086 σας
397 2039 467 2092 με
491 2022 556 2074 ἐκ
591 2018 798 2081 κοιλίας
838 2016 1043 2087 μητρός
1076 2031 1202 2087 μου,
1232 2016 1325 2067 καὶ
1361 2012 1600 2076 καλέσας
1631 2011 1721 2065 διὰ
1742 2011 1839 2081 τῆς

258 2114 484 2185 χάριτος
517 2110 681 2166 αὐτοῦ
724 2107 1076 2178 ἀποκαλύψαι
1115 2107 1209 2160 τὸν
1236 2105 1365 2159 Υίὸν
1404 2104 1570 2160 αὑτοῦ
1605 2105 1662 2158 ἐν
1695 2103 1837 2173 ἐμοὶ,

258 2206 466 2269 εὐθέως
500 2205 560 2257 o6
588 2201 1002 2275 προσανεθέμην
1039 2199 1205 2271 σαρκὶ
1244 2199 1338 2253 καὶ
1369 2198 1582 2268 αἵματι,
1603 2195 1739 2250 ἀλλά
1763 2194 1839 2264 (‘2)

257 2294 401 2367 πρὸς
431 2296 556 2357 τοὺς
587 2293 691 2363 πρὸ
736 2291 871 2362 ἐμοῦ
901 2289 1232 2352 ἀποστόλους
1267 2286 1521 2358 ἀνῆλθον.
1547 2304 1565 2338 ι
1592 2285 1657 2339 Ei
1694 2285 1751 2338 δὲ
1779 2286 1838 2343 ού

263 2384 431 2455 μόνον
460 2385 555 2437 ἐπὶ
581 2382 673 2436 τοῦ
711 2379 975 2452 σαρκικοῦ
1009 2378 1355 2450 φρονήματος
1388 2376 1480 2430 καὶ
1511 2376 1609 2447 τῆς
1647 2373 1839 2444 θνητό-

258 2491 445 2545 τητος,
479 2473 541 2526 τὸ
574 2472 672 2541 τῆς
697 2470 895 2542 σαρκὸς
919 2469 1173 2541 φρόνημα
1203 2466 1556 2537 λαμϐάνεται,
1581 2464 1717 2519 ἀλλά
1743 2467 1838 2519 καὶ

260 2562 357 2616 ἐπὶ
387 2561 572 2631 πάσης
588 2561 687 2629 τῆς
710 2560 803 2613 τοῦ
826 2557 1114 2629 ἀνθρώπου
1146 2556 1380 2628 φύσεως,
1413 2554 1635 2626 εὔδηλον
1658 2556 1733 2619 ὡς
1758 2556 1839 2622 τὸ,

269 2672 288 2706 ι
321 2654 381 2706 '0
407 2653 584 2721 Λόγος
611 2651 749 2723 σάρξ
778 2651 1012 2721 ἐγένετο,
1037 2669 1055 2703 ι
1078 2649 1139 2703 o6
1161 2649 1221 2704 τὸ
1241 2647 1560 2719 φαινόμενον
1580 2646 1675 2700 τοῦ
1702 2647 1842 2712 ζὼου

266 2744 452 2815 μόνον,
498 2741 613 2795 ἀλλ’
648 2742 767 2794 ὅλον
797 2740 1051 2812 σημαίνει
1084 2740 1175 2793 τὸν
1213 2739 1527 2811 ἄνθρωπον·
1566 2738 1686 2792 οὐδὲ
1715 2755 1840 2809 τρο-

265 2835 380 2904 πήν
408 2850 535 2886 τινα
572 2831 670 2902 τῆς
713 2831 861 2894 θείας
888 2829 1077 2893 οὐσίας
1106 2830 1186 2892 εἰς
1238 2830 1417 2899 σάρκα
1460 2829 1593 2899 φησὶ
1622 2828 1845 2900 γεγενῆ-

267 2925 419 2990 σθαι,
450 2923 590 2978 ἀλλὰ
630 2922 728 2993 τὴν
765 2923 870 2976 ὑπὸ
906 2922 1000 2975 τοῦ
1033 2922 1168 2976 Θεοῦ
1215 2923 1386 2991 Λόγου
1434 2921 1697 2992 ἀνάληψιν
1746 2923 1845 2993 τῆς

267 3014 621 3088 ἀνθρωπείας
655 3013 917 3085 κηρύττει
940 3013 1181 3081 φύσεωςο
1210 3012 1396 3085 ὥσπερ
1430 3013 1537 3085 γὰρ
1559 3014 1639 3079 τὸ,
1674 3032 1692 3065 ι
1712 3014 1846 3085 Χρι-

270 3105 397 3168 στος
442 3106 592 3177 ἡμᾶς
637 3103 970 3175 ἐξηγόρασεν
1004 3106 1068 3157 ἐκ
1100 3104 1198 3175 τῆς
1241 3106 1486 3175 κατάρας
1532 3104 1626 3158 τοῦ
1656 3104 1842 3176 νόμου,

270 3198 565 3266 γενόμενος
593 3195 733 3266 ὑπὲρ
760 3195 915 3265 ἡμῶν
958 3194 1189 3266 κατάρα,
1218 3213 1236 3248 ›
1265 3197 1326 3249 o6
1370 3196 1467 3266 τὴν
1496 3198 1575 3260 είς
1605 3196 1847 3268 κατάραν

273 3286 581 3359 μεταϐολὴν
607 3285 709 3356 τῆς
744 3285 850 3339 τῶν
881 3284 1104 3353 ἀγαθῶν
1150 3286 1331 3356 πηγῆς
1363 3286 1677 3350 αἰνίττεται,
1713 3288 1848 3341 ἀλλὰ

273 3372 375 3444 τὴν
416 3373 483 3426 δι’
521 3372 684 3427 αὐτοῦ
733 3373 1031 3443 γενομένην
1070 3373 1171 3442 τῆς
1224 3373 1499 3442 ἁμαρτίας
1549 3375 1715 3444 ἦγουν
1751 3376 1848 3444 τῆς

275 3463 525 3535 κατάρας
571 3463 912 3535 ἀπαλλαγὴν,
955 3464 1048 3517 καὶ
1091 3463 1175 3527 τὸ,
1215 3482 1233 3515 ‹
1273 3463 1530 3517 Γενέσθαι
1577 3465 1850 3536 ἁμαρτίαν

276 3555 415 3627 ὑπὲρ
463 3556 621 3628 ἡμῶν
658 3557 749 3610 τὸν
804 3558 881 3628 μὴ
908 3556 1104 3625 γνόντα
1141 3557 1437 3629 ἁμαρτίαν,
1482 3576 1501 3609 ι
1537 3558 1596 3611 o6
1622 3557 1721 3628 τὴν
1752 3558 1852 3628 τῆς

277 3646 621 3717 δικαιοσύνης
638 3648 889 3718 σημαίνει
911 3648 1117 3719 τροπὴν
1140 3650 1428 3719 (ἄτρεπτον
1446 3648 1554 3720 γὰρ
1585 3648 1645 3701 τὸ
1675 3648 1849 3715 Θεῖον,

280 3738 374 3789 καὶ
403 3736 780 3802 ἀναλλοίωτον,
812 3737 886 3800 ὼς
914 3736 1003 3790 διὰ
1048 3734 1143 3789 τοῦ
1188 3738 1468 3807 προφήτου
1497 3736 1596 3807 βοᾷ
1615 3755 1627 3767 ·
1670 3756 1688 3789 ι
1711 3736 1853 3806 Ἑγώ

281 3828 420 3895 εἰμι,
458 3828 551 3880 καὶ
579 3828 679 3881 οὐκ
704 3828 1005 3898 ἠλλοίωμαι
1024 3867 1039 3893 ,
1071 3828 1118 3897 ι)
1141 3828 1275 3881 άλλά
1304 3828 1403 3899 τὴν
1432 3828 1539 3881 τῶν
1571 3830 1854 3900 ἡμετέρων

264 3900 697 3989 ἁμαρτημάτων
721 3919 1016 3988 ἀνάληψιν·
1046 3938 1066 3972 ι
1103 3920 1207 3973 Ἴδε
1238 3919 1368 3988 γὰρ,
1397 3919 1581 3989 φησὶν,
1599 3922 1628 3974 ό
1662 3921 1855 3991 Ἀμνὸς

282 4003 380 4057 τοῦ
416 4005 575 4073 Θεοῦ,
613 4007 687 4060 ίδε
713 4010 741 4061 6
768 4009 938 4078 ατρων
969 4009 1069 4079 τὴν
1112 4008 1385 4079 ἁμαρτίαν
1438 4008 1532 4063 τοῦ
1568 4010 1796 4080 κόσμου·
1832 4029 1850 4062 ι

283 4093 427 4149 οὕτω
448 4098 529 4162 τδ,
561 4114 580 4148 ι
602 4096 659 4151 ὀ
687 4098 855 4167 Λόγος
880 4098 1017 4170 σὰρξ
1043 4100 1279 4169 ἐγένετο,
1309 4118 1327 4150 ι
1358 4100 1419 4153 o6
1449 4100 1548 4172 τὴν
1573 4100 1857 4155 ἀλλοίωσιν

286 4183 437 4253 λέγει
474 4187 575 4258 τῆς
618 4188 899 4259 Θεότητος,
931 4189 1067 4245 ἀλλά
1093 4192 1191 4262 τῆς
1248 4190 1598 4263 ἀνθρωπίνης
1642 4193 1857 4262 φύσεως

287 4276 560 4350 ἀνάληψιν
585 4296 601 4311 ο
630 4280 729 4351 τὴν
764 4282 971 4352 ἄφατον
1001 4283 1109 4355 γὰρ
1148 4283 1243 4338 τοῦ
1281 4284 1416 4338 Θεοῦ
1450 4284 1858 4357 φιλανθρωπίαν

1940 1841 2031 1910 qui
2062 1839 2115 1893 in
2149 1836 2382 1908 Epistola
2411 1838 2478 1891 ad
2506 1835 2728 1891 Galatas
2758 1835 2833 1891 ait
2860 1853 2874 1889 :
2911 1854 2929 1886 ι
2955 1836 3090 1891 Cum
3112 1842 3293 1887 autem
3315 1830 3517 1901 placuit

1940 1932 2013 1996 ei,
2047 1930 2137 2000 qui
2168 1945 2253 1985 me
2281 1929 2586 1999 segregavit
2611 1943 2681 1983 ex
2713 1938 2870 1983 utero
2914 1926 3104 1981 matris
3133 1940 3289 1990 mem,
3339 1932 3393 1979 et
3423 1936 3521 1976 vo-

1942 2022 2085 2079 cavit
2112 2037 2207 2090 per
2235 2022 2463 2090 gratiam
2494 2036 2674 2085 suam,
2721 2029 2781 2075 ut
2832 2019 3101 2075 revelaret
3130 2017 3329 2073 Filium
3358 2030 3517 2071 suum

1942 2114 1999 2171 in
2028 2128 2136 2179 me,
2167 2113 2430 2169 continuo
2480 2126 2587 2167 non
2623 2110 2877 2181 acquievi
2926 2109 3079 2165 carni
3121 2116 3179 2163 et
3229 2106 3514 2177 sanguini.

1945 2204 2041 2260 sed
2071 2204 2137 2257 ad
2169 2217 2529 2272 praecessores
2558 2218 2708 2258 meos
2736 2201 3012 2271 apostolos
3041 2201 3244 2256 accessi
3276 2199 3344 2254 δ’.
3402 2220 3420 2254 ι
3454 2197 3517 2258 Si

1943 2312 2073 2367 ergo
2096 2312 2203 2351 non
2230 2305 2441 2350 tantum
2478 2296 2545 2351 de
2568 2296 2771 2350 carnali
2812 2294 3032 2359 aﬂ‘ectu,
3079 2304 3132 2350 et
3171 2296 3237 2351 de
3272 2297 3521 2351 mortali-

1946 2397 2090 2453 tate,
2134 2386 2317 2442 carnis
2365 2400 2561 2442 sensus
2601 2386 2951 2458 intelligitur,
3002 2401 3187 2442 verum
3234 2387 3398 2442 etiam
3456 2391 3521 2443 de

1945 2480 2199 2534 universa
2248 2476 2487 2532 hominis
2530 2486 2743 2545 natura,
2792 2486 2941 2548 patet
2970 2477 3283 2543 dictionem,
3312 2496 3332 2530 ι
3385 2478 3521 2533 Ver-

1944 2570 2070 2625 bum
2095 2584 2224 2624 caro
2254 2568 2456 2625 factum
2488 2577 2592 2634 est,
2613 2588 2632 2622 ι
2661 2585 2770 2625 non
2812 2570 2955 2639 quod
2986 2568 3199 2625 visibile
3226 2568 3518 2625 animanti

1944 2671 2026 2716 est
2063 2661 2473 2729 tantummodo,
2515 2665 2609 2717 sed
2641 2672 2809 2719 totum
2854 2661 3127 2716 hominem
3174 2660 3510 2732 signiﬁcare.

1945 2755 2130 2824 Neque
2178 2755 2593 2812 conversionem
2644 2755 2933 2825 quamdam
2963 2754 3161 2810 divinat
3201 2755 3521 2811 substantiae

1944 2846 2000 2901 in
2032 2860 2253 2901 carnem
2299 2846 2550 2901 evenisse
2602 2845 2754 2910 dicit,
2805 2844 2902 2899 sed
2950 2852 3289 2914 assumptam
3328 2862 3364 2901 ιι.
3411 2845 3521 2902 Deo

1949 2936 2129 2994 Verbo
2187 2939 2480 2993 humanam
2533 2944 2784 2992 naturam
2831 2937 3109 3007 praedicat.
3163 2937 3318 2994 Sicut
3374 2940 3519 2995 enim

1948 3033 2170 3097 locutio,
2203 3049 2222 3083 ι
2261 3030 2513 3086 Christus
2552 3028 2784 3084 redemit
2819 3044 2919 3085 nos
2936 3031 3005 3085 de
3039 3030 3332 3088 maledicto
3362 3034 3521 3107 legis,

1948 3127 2123 3182 factus
2139 3139 2236 3195 pro
2267 3124 2424 3179 nobis
2452 3122 2797 3177 maledictum
2821 3122 2887 3190 “,
2934 3141 2952 3175 ι
2982 3137 3324 3194 nequaquam
3348 3127 3523 3184 innuit

1948 3220 2301 3276 mutationem
2347 3217 2512 3273 fontis
2562 3220 2829 3274 bonorum
2876 3218 2931 3272 iu
2980 3220 3325 3276 maledictum
3356 3260 3373 3287 ,
3427 3226 3521 3279 sed

1949 3315 2129 3385 potius
2153 3313 2345 3367 factam
2372 3325 2468 3381 per
2501 3311 2678 3381 ipsum
2717 3309 2926 3380 peccati
2965 3312 3084 3368 sive
3120 3314 3392 3370 maledicti
3424 3314 3522 3372 de—

1949 3402 2249 3470 pulsionem
2275 3419 2290 3469 ;
2322 3410 2375 3458 et
2404 3402 2566 3457 sicuti
2590 3402 2776 3466 verba,
2816 3419 2837 3454 c
2873 3400 3079 3458 factum
3100 3420 3220 3461 esse
3240 3418 3522 3475 peccatum

1950 3507 2049 3561 pro
2072 3493 2227 3548 nobis
2253 3507 2376 3547 eum
2412 3494 2501 3561 qui
2531 3502 2809 3561 peccatum
2864 3510 2969 3549 non
2999 3507 3233 3569 noverat
3262 3498 3329 3562 ⁸⁸,
3370 3519 3389 3551 ι
3426 3516 3523 3556 ne-

1953 3597 2223 3651 quaquam
2257 3583 2483 3651 justitim
2517 3583 2876 3638 mutationem
2909 3585 3220 3653 significant
3250 3589 3350 3657 (est
3377 3594 3523 3644 enim

1954 3672 2277 3729 invertibilis
2310 3672 2448 3726 Deus
2471 3681 2528 3726 et
2554 3672 2926 3739 immutabilis,
2958 3673 3116 3729 sicuti
3148 3691 3245 3746 per
3292 3681 3523 3749 prophu-

1956 3775 2064 3820 tam
2092 3764 2320 3819 clamat:
2353 3782 2372 3815 ι
2406 3762 2517 3833 Ego
2545 3778 2685 3828 sum,
2714 3771 2891 3817 etnon
2916 3774 3093 3819 mutor
3119 3766 3186 3832 “,
3221 3769 3376 3837 i)sed
3394 3788 3526 3842 pec.-

1956 3869 2202 3913 catorum
2248 3865 2555 3911 nostrorum
2597 3856 3061 3923 assumptionem:
3097 3878 3116 3911 ι
3168 3860 3305 3917 Ecce
3337 3864 3480 3920 enim
3506 3907 3523 3932 ,

1956 3948 2051 4015 ait,
2089 3948 2273 4019 Agnus
2306 3947 2419 4014 Dei,
2452 3960 2579 4003 ecce
2605 3948 2695 4017 qui
2721 3946 2861 4002 tollit
2889 3958 3171 4020 peccatum
3193 3955 3436 4007 mundi"
3458 3974 3475 4024 ;
3499 3976 3523 4012 ,

1958 4040 2066 4104 sic,
2107 4040 2348 4109 inquam,
2393 4038 2576 4102 dictio,
2614 4058 2634 4091 ‹
2668 4036 2904 4095 Verbum
2942 4056 3070 4095 caro
3118 4044 3316 4099 factum
3365 4058 3467 4111 est,
3496 4070 3515 4101 ι

1957 4142 2063 4182 non
2096 4128 2446 4183 mutationem
2470 4127 2604 4182 dicit
2642 4127 2890 4194 Deitatis,
2916 4132 3009 4185 sed
3036 4132 3285 4191 humana:
3318 4148 3523 4193 natura;

1962 4218 2413 4288 assumptionem.
2455 4216 2701 4287 Namque
2742 4218 3071 4277 ineﬂ‘abilem
3112 4222 3206 4279 Dei
3256 4242 3383 4293 erga
3426 4229 3528 4283 ho-

1964 4307 2138 4362 mines
2189 4308 2511 4361 charitatem
2564 4306 2862 4376 praedicare
2915 4308 3102 4365 volens
3145 4314 3473 4384 evangelista
3510 4356 3526 4381 ,

285 4367 315 4420 6
336 4369 725 4441 εὐαγγελιστὴς
757 4372 1065 4445 κηρύττων,
1085 4375 1160 4437 ὡς
1192 4373 1432 4439 ἐδίδαξεν
1472 4375 1547 4438 ὡς
1566 4375 1596 4427 6
1624 4375 1685 4428 ἐν
1715 4375 1841 4446 ἀρχῇ

1967 4406 2253 4468 postquam
2267 4397 2472 4465 docuit,
2499 4397 2727 4468 828m
2755 4399 2993 4469 eumqui
3029 4400 3098 4455 ab
3130 4367 3446 4471 initiouerat,
3476 4367 3533 4461 ei

285 4475 362 4531 ὣν
396 4478 500 4547 ('5),
525 4480 621 4533 καὶ
652 4481 783 4545 Θεὸς
804 4481 899 4550 ὢν,
935 4484 1032 4536 καὶ
1056 4484 1195 4555 πρὸς
1232 4485 1328 4538 τὸν
1355 4484 1487 4537 Θεὸν
1514 4483 1611 4547 ὢν,
1634 4484 1729 4538 καὶ
1764 4486 1859 4538 οὐ·

1966 4490 2057 4559 (ιυὶ
2088 4488 2228 4545 Deus
2248 4499 2387 4555 erat,
2407 4498 2464 4545 et
2485 4492 2576 4559 qui
2619 4490 2760 4560 apud
2792 4491 2957 4545 Deum
2994 4503 3131 4560 erat,
3163 4503 3218 4549 et
3251 4496 3340 4564 qui
3386 4512 3528 4552 nun-

285 4566 483 4623 δέποτε
510 4570 587 4642 μὴ
616 4569 713 4636 ὢν,
746 4575 776 4625 ό
794 4573 1206 4646 δημιουργήσας
1234 4575 1439 4639 πάντα,
1467 4576 1496 4628 6
1528 4574 1596 4628 τὰ
1633 4576 1709 4647 μὴ
1731 4576 1841 4632 ὅντε

1966 4594 2130 4651 quam
2159 4594 2267 4634 non
2302 4580 2516 4648 fuerat,
2561 4581 2652 4651 qui
2701 4581 2881 4636 omnia
2912 4595 3234 4655 creaverat,
3281 4588 3372 4656 qui
3419 4604 3527 4645 non

363 4773 569 4855 f'nGeIt:
597 4786 751 4855 {LV},
772 4772 864 4827 27.
928 4774 986 4855 f:
1016 4775 1214 4855 Ez_e_ch_.
1236 4792 1401 4855 _§Vlll.
1433 4778 1513 4855 ό.-
1564 4780 1798 4855 δομςῖεῃη
1824 4797 1897 4855 vr,
1933 4782 1988 4846 3,
2015 4784 2104 4837 Η.
2167 4784 2333 4855 "Visa.
2362 4800 2450 4849 xc,
2476 4785 2528 4841 6.
2604 4789 2650 4820 δ’
2692 4787 2834 4843 Psal.
2864 4806 3068 4855 Lxxvn,
3097 4792 3185 4847 59.

292 4856 335 4910 ι,
361 4844 452 4900 15.
527 4843 574 4876 ⁸⁸
602 4842 779 4899 Galat.
811 4858 894 4910 tu,
922 4844 1008 4900 15.
1085 4845 1130 4878 ⁸⁸
1156 4847 1197 4901 ιι
1227 4851 1352 4904 Cor.
1376 4864 1430 4913 v,
1454 4848 1543 4902 2i.
1617 4850 1665 4881 “
1698 4850 1841 4905 Mala

1957 4842 2039 4916 In,
2071 4855 2123 4907 6.
2201 4854 2246 4886 "
2267 4842 2490 4920 Joanft,
2523 4855 2613 4912 29.

364 5026 442 5098 (l)
468 5025 620 5081 Hunc
649 5022 1017 5098 numerumin
1044 5021 1229 5078 Graeca
1262 5022 1455 5098 Genesi
1486 5024 1778 5094 scriptum,
1805 5036 1860 5082 et

292 5092 567 5164 eum'Act.
597 5102 769 5164 apost.
799 5109 904 5158 vn,
938 5092 1035 5164 l6,
1067 5097 1527 5159 consentientem,
1560 5092 1861 5164 séquunlur

3281 4793 3324 4825 "’
3351 4791 3528 4850 Galat.

1966 5029 2151 5113 quitur
2180 5047 2194 5083 :
2228 5028 2497 5113 Principio
2530 5036 2677 5090 nulla
2709 5047 2783 5092 est
2817 5040 3000 5113 origo,
3018 5054 3138 5093 nam
3172 5058 3238 5096 ex
3270 5043 3529 5111 principio

1968 5107 2211 5153 oriuntur
2242 5107 2437 5181 omnia,
2474 5107 2645 5173 ipsum
2681 5120 2855 5181 autem
2890 5107 3034 5181 nulla
3066 5126 3132 5164 ex
3168 5127 3223 5166 re
3255 5107 3277 5166 ἑ
3309 5107 3448 5181 φίοᾷ
3484 5114 3532 5167 si

292 5161 1859 5252 Fabriesse-_!’,W83l‘q99*:.‘95P?Evertiéaant'd
1970 5186 2233 5251 ηιιμιιιςαεη
2630 5161 2816 5252 occidi;
2856 5161 3533 5252 ηηίαεέγιτηιῑιάηῖῑῇαίιε

290 5233 845 5316 quem‘Hieronymus
877 5248 1092 5303 quoque
1123 5243 1177 5287 et
1205 5236 1536 5303 Augustinus
1570 5237 1637 5289 de
1670 5250 1729 5289 re
1759 5233 1864 5291 dis-
1967 5233 2283 5308 principium
2304 5233 2645 5316 aestiuorum,
2666 5264 2756 5300 nec
2786 5233 2955 5316 ipsitm
2985 5250 3046 5300 ab
3076 5233 3528 5314 αιίόἓςηᾉξεάάῆ

292 5318 414 5355 seru
424 5313 498 5357 nt.

361 5372 528 5441 (ἐμω
560 5373 679 5428 cod.
705 5373 859 5438 ἀλλά,
892 5373 1002 5434 sed.
1030 5388 1127 5442 pro
1151 5374 1482 5447 misine-que,
1509 5378 1651 5444 quod
1680 5386 1856 5435 tamen

290 5452 478 5495 contra
522 5457 858 5497 communem
910 5458 1130 5511 prorsus
1173 5446 1415 5501 codicum
1462 5456 1515 5502 et
1560 5448 1854 5505 editionum

291 5513 667 5567 auctoritatem
695 5527 816 5568 esse
839 5514 1069 5567 videtur.

363 5583 439 5652 (ὃ)
478 5582 785 5654 Opportune
806 5598 1030 5654 magnus
1050 5582 1242 5639 Cicero
1265 5586 1315 5640 in
1340 5586 1607 5654 Scipionis
1632 5588 1855 5643 Somnio

293 5651 437 5707 circa
472 5654 652 5715 linem,
684 5652 773 5707 ubi
808 5654 875 5708 de
907 5651 1017 5707 Deo
1047 5669 1224 5708 rerum
1257 5651 1494 5711 omnium
1534 5669 1741 5714 molore
1777 5660 1849 5714 lo-

605 5745 879 5806 Panos.
911 5745 1027 5806 Gn.
1077 5746 1301 5807 LXXV.

1972 5325 2063 5363 nec
2090 5325 2155 5362 ea:
2178 5325 2236 5385 se
2263 5311 2410 5363 aliud
2438 5316 2633 5367 creabit
2658 5357 2672 5377 ,
2702 5311 2812 5371 etc.
2837 5316 2892 5371 Si
2923 5333 3049 5385 ergo
3074 5318 3305 5375 Verbum
3326 5362 3341 5385 ,
3372 5332 3427 5374 ut
3459 5311 3535 5375 te-

1962 5389 2141 5459 statur
2168 5376 2427 5446 Joannes,
2466 5386 2518 5437 in
2564 5376 2827 5459 principio
2865 5376 3012 5451 erat:
3035 5398 3088 5442 et
3130 5376 3345 5458 quidem
3390 5389 3534 5459 apud

1962 5448 2168 5532 Reumi
2194 5465 2464 5532 nunquam
2498 5448 2663 5532 ctépi}
2684 5497 2700 5516 .
2727 5448 2781 5511 et
2810 5448 3530 5532 ipsumlscmpiternumest.

1964 5518 2388 5598 ilincpominus
2419 5518 2779 5598 Jesus,AJoan.
2812 5518 2928 5595 vm,
2949 5528 3042 5593 25,
3075 5518 3534 5598 iuicrrogajttibllﬁ

1960 5587 2159 5671 Jndmis
2197 5588 2333 5672 :HTu
2357 5594 2485 5672 quis
2525 5612 2578 5647 es
2599 5596 2634 5672 3Δ
2658 5587 2940 5672 respondit
2976 5587 3230 5654 divinitus
3273 5587 3310 5651 ἴ
3328 5595 3534 5663 Princi-

1961 5664 2126 5728 pium,
2156 5664 2245 5730 qui
2273 5669 2321 5715 et
2350 5664 2535 5734 loquor
2559 5667 2714 5720 vobis.

3031 5757 3101 5817 46
