4016 6202
552 270 683 327 “Si
1552 266 1612 321 S.
1648 259 1923 320 CYRILLI
1954 258 2111 316 ALE‘.

2217 258 2430 316 iDRlNl
2472 261 2798 318 ARCHIEP.
3687 268 3841 325 ηδε

549 391 869 448 exsisteutia
897 390 962 445 ad
1002 389 1375 447 cxsistendum
1417 396 1684 451 traxerat,
1725 385 1817 455 qui
1853 384 1965 439 vita
2004 393 2111 438 erat

2230 382 2309 445 είς
2330 383 2391 435 τὸ
2418 364 2557 438 εἶναι
2581 385 2839 454 ποιήσας,
2867 383 2901 455 ἡ
2924 381 3059 456 ζωὴ,
3091 384 3152 438 τὸ
3176 382 3294 453 φῶς
3314 383 3377 438 τὸ
3408 384 3703 458 ἀληθινὸν,
3738 388 3844 459 τὴν

550 497 605 541 et
632 486 725 541 lu:
752 499 912 547 vera;
946 484 1055 546 hic,
1092 483 1188 546 ait,
1219 480 1498 535 hominum
1518 493 1646 533 suas
1674 477 1802 531 fecit
1823 477 2105 547 passiones

2233 474 2484 546 φθαρτὴν
2510 475 2741 529 ἀνέλαὸε
2764 475 3059 555 aput-smmi.
3080 476 3149 530 τὰ
3161 476 3270 530 τῶν
3290 477 3602 550 ἀνθρώπων
3622 479 3845 550 ᾠκειώ-

552 576 677 630 dum
720 574 998 629 hominum
1024 572 1255 627 salutem
1286 578 1631 637 operaretur.
1664 567 1911 636 Cumque
1951 566 2111 620 adhut

2231 584 2364 622 σατο
2409 567 2579 638 πάθη,
2616 569 2716 639 τὴν
2761 568 2870 623 τῶν
2931 568 3239 640 ἀνθρώπων
3288 572 3843 643 πραγματευόμενος

554 669 727 740 magis
784 666 1167 722 beneﬁciorum
1227 663 1372 719 illius
1432 660 1865 731 magnitudinem
1901 657 2129 714 demon-

554 768 730 815 strare
753 757 932 819 vellet,
961 768 1302 825 nequaquam
1330 753 1398 808 de
1428 750 1723 807 immortali
1747 750 1927 804 anima
1962 747 2127 802 verba

552 852 699 917 fecit,
732 853 825 905 sed
866 850 931 904 de
952 848 1196 919 possibili
1225 861 1411 909 carne,
1436 843 1649 900 mortali
1679 853 1733 899 et
1761 840 2123 912 corruptibili,

553 956 617 999 ex
648 942 778 995 limo
802 939 988 1006 facta;
1036 948 1202 1009 atque
1237 952 1266 991 a
1312 944 1466 1006 parte
1516 944 1682 990 t0tam
1729 942 1977 986 naturam
2026 932 2123 985 de-

551 1030 814 1095 claravit,
857 1039 916 1084 ut
939 1028 1222 1098 sequentia
1253 1035 1526 1082 teStautur
1561 1042 1576 1079 :
1612 1041 1631 1074 ι
1671 1022 1905 1078 Verbum
1935 1020 2079 1075 enim
2106 1060 2121 1086 ,

551 1122 769 1191 inquit,
841 1135 972 1176 caro
1026 1120 1229 1174 factum
1289 1125 1373 1173 est
1408 1157 1425 1183 ,
1487 1125 1543 1171 et
1598 1114 1865 1170 habitavit
1914 1116 1968 1169 in
2022 1127 2122 1168 no-

550 1215 633 1269 bis
660 1214 726 1268 ⁵⁸.
766 1232 787 1266 ι

620 1325 773 1381 Alius
800 1339 930 1379 vero
961 1324 1007 1379 is
1034 1331 1176 1387 erat,
1222 1322 1310 1391 qui
1355 1322 1519 1376 modo
1576 1320 1806 1374 naturali
1854 1319 2126 1374 inhabita-

552 1422 664 1483 bat,
704 1416 848 1471 aliud
882 1430 1008 1471 vero
1043 1413 1324 1483 templum.
1359 1413 1538 1479 Quare
1569 1421 1622 1464 et
1653 1410 1852 1464 Judaris
1902 1410 2120 1463 aiebat:

555 1528 575 1563 ι
614 1508 818 1565 Solvite
866 1505 1124 1577 templum
1162 1505 1283 1570 hoc,
1306 1512 1359 1558 et
1401 1517 1500 1572 ego
1546 1503 1719 1556 tribus
1748 1502 1938 1556 diebus
1972 1501 2127 1557 exci-

552 1601 677 1658 tabo
703 1600 850 1655 illud.
882 1598 950 1652 ".
993 1617 1011 1650 ι
1051 1595 1259 1665 Templi
1299 1610 1430 1648 vero
1462 1593 1660 1647 solutio
1693 1600 1812 1647 erat
1844 1593 2042 1649 animae
2091 1609 2122 1650 a

2229 659 2528 730 σωτηρίαν.
2556 660 2670 713 Καὶ
2694 659 2960 729 μειζόνως
2982 660 3147 715 αὑτοῦ
3170 660 3342 725 δεῖξαι
3360 662 3465 731 τῆς
3491 663 3840 733 εὐεργεσίας

2227 749 2288 802 τὶ)
2320 747 2553 818 μέγεθος
2581 749 2868 821 ἐθελήσας,
2891 750 2953 804 οὐ
2984 751 3087 821 τῆς
3109 750 3292 821 ψυχῆς
3320 752 3711 822 ἐμνημόνευσε
3733 754 3840 822 τῆς

2227 840 2524 906 ἀθανάτου,
2561 841 2699 895 ἀλλά
2730 843 2827 913 τῆς
2867 844 3073 914 σαρκὸς
3097 845 3197 916 τῆς
3232 843 3505 917 παθητῆς,
3534 847 3640 916 τῆς
3696 846 3835 918 θνη-

2226 932 2346 1003 τῆς,
2377 932 2481 1001 τῆς
2513 931 2907 1004 φθειρομένης,
2957 932 3058 1003 τῆς
3101 934 3166 987 ικ
3211 932 3384 1003 πηλοῦ
3414 935 3835 1007 γεγενημένης.

2227 1024 2318 1077 καὶ
2340 1024 2450 1078 ἀπὸ
2490 1024 2587 1078 τοῦ
2622 1024 2824 1096 μέρους
2857 1025 2956 1096 τὴν
2982 1027 3166 1079 πᾶσαν
3197 1026 3362 1094 φύσιν
3408 1026 3717 1097 ἐδήλωσεν,
3754 1027 3836 1089 ὡς

2230 1118 2502 1186 μαρτυρεῖ
2542 1115 2613 1169 τὰ
2660 1116 2981 1186 ἐπαγόμενα
3004 1131 3020 1147 ·
3060 1136 3081 1168 ι
3118 1116 3178 1169 '0
3225 1117 3400 1186 Λόγος
3442 1118 3577 1190 γὰρ,
3630 1120 3831 1189 φησιν,

2235 1205 2370 1277 σὰρξ
2394 1207 2635 1275 ἐγένετο,
2668 1208 2764 1261 καὶ
2784 1210 3098 1279 ἐσκήνωσεν
3120 1210 3179 1262 ἐν
3206 1212 3360 1281 ἡμῖν.
3391 1228 3409 1260 ι

2297 1317 2528 1388 Ἕτερος
2564 1318 2623 1372 δέ
2653 1320 2682 1372 6
2705 1320 3041 1390 κατοικήσας
3077 1319 3219 1374 κατὰ
3242 1320 3334 1372 τὸν
3376 1318 3533 1388 λόγον
3569 1322 3682 1393 τῆς
3724 1325 3829 1393 φύε

2227 1426 2384 1472 σεως.
2411 1410 2506 1463 καὶ
2529 1410 2717 1482 ἐτερος
2738 1412 2766 1463 ό
2792 1411 3046 1473 ναός.Διδ
3066 1412 3162 1464 καὶ
3188 1414 3301 1474 τοῖς
3332 1412 3608 1477 Ἰουδαίοις
3634 1416 3826 1484 ἔλεγε

2230 1519 2250 1551 ι
2277 1498 2490 1553 Λύσατε
2521 1501 2611 1554 τὸν
2657 1501 2786 1556 ναὸν
2835 1502 3047 1568 τοῦτον,
3096 1503 3193 1556 καὶ
3246 1504 3305 1559 ἐν
3349 1507 3530 1576 τρισὶν
3574 1509 3828 1580 ἡμέραις

2223 1591 2403 1662 ἐγερῶ
2435 1592 2616 1646 αὐτόν.
2647 1610 2665 1643 ι
2688 1592 2858 1658 Λύσις
2884 1593 2941 1646 δὲ
2973 1593 3067 1648 τοῦ
3092 1595 3249 1660 ναοῦ,
3278 1596 3459 1666 ψυχῆς
3484 1599 3582 1651 καὶ
3620 1600 3823 1670 σῶμα-

551 1707 777 1763 corpore
811 1689 1128 1746 dissolutio:
1152 1701 1275 1740 nam
1303 1699 1453 1740 mors
1484 1694 1570 1740 est
1593 1684 1789 1738 anima:
1829 1701 1859 1737 a
1889 1699 2111 1755 corpore

2222 1699 2315 1746 τος
2349 1684 2381 1754 ὴ
2419 1682 2725 1749 διάζευξις·
2768 1684 2999 1749 Θάνατος
3038 1687 3146 1759 γάρ
3174 1688 3292 1740 ἐστι
3348 1688 3528 1759 ψυχῆς
3559 1691 3677 1743 ἀπὸ
3712 1692 3822 1744 σώ-

552 1762 816 1841 recessus.
850 1783 990 1850 Ergo
1028 1779 1209 1849 templi
1261 1778 1584 1832 solutionem
1629 1787 1888 1846 operatur
1927 1778 2111 1832 anima

2228 1792 2396 1845 ματος
2419 1777 2769 1849 ἀναχώρησις
2786 1792 2802 1810 ⁶
2826 1778 3024 1832 οὐκοῦν
3047 1780 3148 1851 τὴν
3188 1779 3343 1834 λύσιν
3370 1782 3465 1836 τοῦ
3495 1783 3625 1837 ναοῦ
3657 1787 3692 1838 6
3716 1784 3821 1854 τῆς

547 1892 577 1930 a
604 1888 831 1945 corpore
866 1870 1158 1938 separatio.
1203 1868 1370 1940 Igitur
1421 1868 1464 1923 si
1506 1866 1677 1922 Judaei
1721 1868 1978 1937 templum
2018 1868 2124 1922 sol-

548 1975 781 2032 verunt,
833 1962 981 2019 cruci
1036 1962 1307 2030 mortique
1365 1961 1643 2014 tradentes
1678 1999 1693 2025 ,
1752 1959 1955 2015 solutio
1993 1974 2124 2015 vero

548 2056 731 2125 templi
781 2053 1189 2122 conjunctorum
1235 2050 1510 2121 separatio
1547 2049 1696 2115 fuit,
1762 2049 1906 2105 Deus
1940 2058 2118 2105 autem

550 2143 783 2205 Veibum
816 2148 918 2203 hoc
948 2145 1267 2201 dissolutum
1333 2142 1687 2199 resuscitavit
1712 2183 1727 2208 ,
1774 2141 2121 2212 exploratum

548 2240 785 2296 arbitror
821 2254 945 2294 esse
996 2237 1375 2307 prudentibus,
1432 2251 1537 2290 non
1599 2236 1893 2291 inanimem
1946 2250 2123 2305 neque

548 2343 729 2389 mente
772 2340 1069 2394 carentem,
1096 2330 1191 2385 sed
1240 2328 1543 2399 perfectum
1603 2330 1878 2383 hominem
1935 2343 1965 2383 a
2010 2329 2123 2384 Deo

550 2425 726 2480 Verbo
761 2431 1095 2491 assumptum
1156 2417 1344 2473 fuisse.
1405 2417 1537 2472 Nam
1581 2417 1625 2473 si
1679 2434 1776 2488 pro
1826 2418 2119 2474 immortali

545 2515 751 2580 anima,
788 2514 841 2567 in
885 2518 1168 2577 assumpto
1216 2522 1444 2578 corpore
1480 2508 1621 2561 Deus
1668 2506 1901 2561 Verbum
1952 2506 2121 2561 exsti-

547 2606 737 2673 tisset,
768 2604 955 2672 utique
991 2599 1191 2656 Judzeis
1241 2600 1471 2654 dixisset
1518 2616 1534 2654 :
1572 2597 1861 2654 Dissolvite
1900 2614 2007 2664 me,
2066 2608 2120 2653 et

545 2697 726 2752 triduo
758 2708 1057 2763 resurgam.
1092 2691 1247 2746 Nunc
1272 2706 1403 2745 vero
1434 2705 1556 2745 cum
1583 2690 1800 2755 doceat,
1831 2697 1885 2745 et
1935 2689 2118 2759 templi

543 2789 688 2845 illius
706 2783 1539 2848 mortalitatcm,etinltabitantis
1554 2782 1779 2838 Deitatis
1796 2783 2115 2852 potentiam,

547 2899 570 2937 ι
610 2881 837 2946 Solvite,
870 2879 1073 2948 inquit,
1094 2877 1352 2947 templum
1390 2877 1515 2939 hoc,
1541 2883 1595 2929 et
1628 2889 1727 2944 ego
1763 2874 1941 2928 triduo
1967 2872 2119 2928 exci-

544 2977 669 3031 tabo
696 2974 843 3029 illud.
885 2989 903 3023 ι
950 2970 1066 3025 Non
1092 2970 1237 3024 enim
1270 2982 1392 3035 ego,
1424 2966 1536 3031 ait,
1572 2982 1601 3020 a
1632 2966 1787 3020 vobis
1820 2966 2111 3034 dissolvar,

540 3067 636 3121 sed
667 3073 999 3128 assumptum
1034 3078 1064 3115 a
1094 3076 1179 3115 me
1213 3059 1510 3128 templum;
1565 3068 1620 3113 et
1646 3060 1752 3115 hoc
1782 3062 1998 3129 quidem
2033 3062 2115 3132 ip-

2225 1865 2405 1937 ψυχῆς
2442 1868 2736 1940 ἐργάζεται
2767 1870 3080 1942 χωρισμός·
3132 1873 3181 1925 εί
3211 1872 3389 1927 τοίνυν
3433 1875 3679 1929 Ἰουδαῖοι
3726 1877 3819 1929 τὸν

2224 1958 2355 2011 ναὸν
2401 1957 2600 2013 ἔλυσαν
2640 1961 2864 2033 σταυρῷ
2910 1962 3007 2016 καὶ⁵
3055 1961 3272 2033 θανάτῳ
3327 1965 3812 2036 παραδεδωκότες.

2224 2049 2380 2114 λύσις
2401 2050 2458 2104 δὲ
2490 2050 2619 2105 ναοῦ
2643 2052 2752 2105 τῶν
2774 2051 3141 2124 συνημμένων
3172 2056 3201 2107 6
3226 2056 3531 2127 χωρισμὸς,
3553 2059 3582 2111 6
3601 2057 3655 2110 δὲ
3679 2058 3816 2121 Θεὸς

2224 2140 2398 2209 Λόγος
2431 2140 2619 2195 τοῦτον
2666 2142 2899 2197 λυθέντα
2955 2145 3247 2216 ἀνέστησε,
3294 2149 3466 2217 σαφὲς
3494 2144 3647 2221 οἶμαι
3699 2153 3814 2215 τοῖς

2224 2232 2513 2304 ἔμφροσιν,
2550 2233 2626 2297 ὡς
2659 2235 2761 2287 οὐκ
2806 2235 3013 2306 ἄψυχον
3046 2238 3168 2290 οὐδὲ
3193 2239 3385 2306 ἄνουν,
3435 2240 3572 2295 άλλά
3605 2242 3814 2295 τέλειον

2222 2320 2513 2393 ἄνθρωπον
2546 2325 2574 2375 6
2602 2323 2737 2387 Θεὸς
2777 2324 3071 2380 ἀνελάϐετο
3096 2328 3272 2397 Λόγος
3294 2349 3308 2362 σ
3343 2333 3393 2385 εί
3427 2333 3533 2405 γὰρ
3562 2333 3683 2387 ἀντὶ
3712 2334 3814 2403 τῆς

2220 2411 2489 2466 ἀθανάτου
2516 2412 2715 2484 ψυχῆς,
2741 2417 2798 2469 ἐν
2827 2414 2905 2487 τῷ
2936 2418 3303 2489 ἀναληφθέντι
3341 2423 3555 2495 σώματι
3585 2426 3813 2494 γέγονεν

2220 2503 2249 2554 6
2292 2504 2424 2566 Θεὸς
2447 2506 2638 2575 Λόγος,
2672 2501 2825 2560 εἶπεν
2857 2508 2922 2561 ἂν
2962 2511 3077 2572 τοῖς
3119 2510 3414 2577 Ἰουδαίοιςο
3452 2515 3670 2567 Λύσατέ
3701 2534 3813 2583 με,

2228 2595 2324 2649 καὶ
2362 2598 2421 2649 ἐν
2475 2598 2652 2668 τρισὶν
2697 2598 2938 2669 ἡμέραις
2969 2601 3376 2675 ἀναστήσομαν
3431 2605 3522 2658 νῦν
3546 2605 3606 2659 δὲ
3644 2606 3811 2662 διδά-

2224 2700 2391 2748 σκων,
2422 2684 2517 2738 καὶ
2551 2685 2646 2739 τοῦ
2686 2687 2815 2741 ναοῦ
2850 2689 2911 2741 τὸ
2939 2691 3232 2760 τηνικαῦτα
3259 2694 3316 2745 τὸ
3357 2693 3576 2764 θνητδν,
3605 2696 3709 2749 καὶ
3743 2698 3808 2749 τὸ

2218 2774 2444 2828 δυνατὸν
2476 2776 2576 2846 τῆς
2610 2776 2928 2850 ἐνοικούσης
2973 2780 3249 2851 θεότητος,
3302 2800 3321 2834 ι
3366 2783 3612 2850 Λύσατε,
3644 2786 3798 2856 φησὶ,

2217 2865 2310 2920 τὸν
2335 2865 2462 2918 ναὸν
2505 2866 2728 2932 τοῦτον,
2777 2870 2870 2922 καί⁸
2903 2872 2960 2924 ἐν
3006 2872 3178 2943 τρισὶν
3218 2872 3459 2944 ἡμέραις
3493 2875 3673 2947 ἐγερῶ
3698 2876 3797 2929 αὖε

2216 2952 2309 3011 τόν
2328 2978 2339 2988 ·
2373 2978 2392 3010 ι
2422 2960 2484 3014 οὐ
2516 2962 2626 3033 γάρ
2662 2963 2792 3031 ἐγὼ,
2810 2965 2997 3034 φησιν,
3027 2966 3119 3036 ὑφ’
3149 2966 3303 3037 ὑμῶν
3330 2967 3655 3039 λυθήσομαι,
3684 2969 3795 3024 ἀλλ’

2217 3051 2245 3103 ό
2274 3050 2505 3121 ληφθεὶς
2541 3054 2633 3108 ὑπ’
2683 3054 2820 3126 ἐμοῦ
2861 3058 3021 3121 ναόςο
3052 3058 3148 3112 καὶ
3181 3051 3338 3125 οὗτος
3365 3058 3423 3115 δὲ
3465 3061 3676 3127 λύεται,
3709 3062 3794 3115 ίνα

540 3172 659 3215 sum
693 3155 764 3209 ita
793 3152 1106 3209 dissolvitur
1135 3190 1151 3216 ,
1184 3161 1243 3204 ut
1277 3150 1501 3206 meliore
1536 3154 1936 3208 resurrectione
1964 3164 2111 3224 post-

2217 3143 2529 3212 κρείττονος
2570 3145 2925 3212 ἀναστάσεως
2979 3149 3286 3223 ἀπολαύσῃ,
3339 3151 3427 3205 ἵνα
3464 3152 3565 3225 τὴν
3598 3153 3792 3226 θνητὴν

538 3266 602 3305 ea
644 3248 875 3311 fruatur,
908 3254 966 3299 ut
992 3242 1279 3298 mortalem
1310 3243 1547 3311 deponat
1582 3255 1858 3309 naturam,
1898 3255 1955 3297 ut
1989 3260 2113 3299 cor-

539 3340 843 3412 ruptionem
872 3343 1036 3390 exuat
1064 3343 1120 3388 et
1153 3334 1339 3389 induat
1366 3336 1849 3405 incorruptionem,
1888 3337 2110 3408 829m

538 3440 597 3484 ut
627 3428 819 3482 mortis
850 3425 1140 3495 imperium
1203 3425 1468 3489 destruat,
1497 3433 1556 3478 ut
1603 3426 1697 3479 [lat
1728 3426 2112 3483 dormientium

537 3519 829 3591 primitiaa,
894 3526 952 3571 ut
1000 3516 1372 3585 corruptionis
1419 3516 1701 3573 doloribus
1765 3518 1960 3575 solutis
2003 3535 2107 3590 ap-

536 3621 723 3682 pareat
745 3618 1079 3667 mortuorum
1110 3610 1526 3679 primogenitus,
1584 3621 1638 3666 et
1676 3614 1893 3682 propria
1931 3629 2113 3668 resur-

534 3704 778 3761 rectione
833 3702 1071 3760 omnium
1134 3702 1414 3757 hominum
1468 3706 1924 3760 resurrectionem
1980 3720 2107 3775 por-

534 3797 742 3855 tendat.

535 3933 677 3992 XIX.
716 3935 1102 3993 Demomtratio
1136 3974 1151 3999 ,
1204 3936 1349 3999 quod
1396 3935 1631 3988 animum
1699 3934 2109 3990 intellectualem

922 4004 1065 4062 Deus
1109 4004 1327 4059 Verbum
1357 4006 1715 4072 assumpsm’l.

610 4118 765 4187 Quod
816 4128 998 4174 autem
1046 4118 1163 4173 hac
1192 4117 1267 4172 ita
1299 4130 1359 4172 se
1396 4116 1651 4183 habeant,
1694 4125 1924 4172 testatur
1975 4133 2108 4189 apo-

534 4211 797 4269 stolorum
826 4210 1079 4281 princeps
1104 4210 1157 4264 in
1179 4208 1406 4265 Actibus
1428 4209 1745 4275 dicens,non
1773 4210 1937 4267 fuisse
1953 4210 2107 4267 dere-

533 4305 715 4361 lictam
742 4305 979 4359 animam
1010 4301 1131 4372 ejus
1160 4301 1215 4356 in
1247 4301 1483 4365 inferno,
1514 4316 1691 4372 neque
1724 4318 1942 4359 carnem
1986 4305 2105 4374 ejus

532 4395 738 4451 vidisse
778 4393 1183 4463 corruptionem
1215 4392 1289 4447 ⁵ο.
1370 4392 1579 4461 Templi
1612 4406 1743 4463 ergo
1795 4393 1992 4449 solutio
2020 4402 2103 4449 est

2213 3233 2487 3305 ἀπόθηται
2520 3237 2704 3307 φύσιν,
2741 3240 2827 3292 ἵνα
2851 3239 2951 3310 τὴν
2979 3242 3191 3315 φθορὰν
3222 3245 3561 3315 ἀποδύσηται
3589 3249 3682 3301 καὶ
3699 3248 3791 3318 τὴν

2213 3324 2528 3397 ἀφθαρσίαν
2565 3329 2875 3402 ἐνδύσηται,
2901 3334 2988 3386 ἵνα
3021 3334 3117 3389 τοῦ
3159 3336 3392 3392 θανάτου
3423 3339 3702 3412 καταλύσῃ
3733 3340 3790 3393 τὺ

2212 3419 2436 3489 κράτος,
2473 3420 2562 3473 ἴνα
2585 3421 2691 3474 τῶν
2724 3425 3142 3495 κεκοιμημένων
3164 3429 3394 3501 ἀπαρχὴ
3425 3430 3672 3503 γένηται,
3707 3433 3789 3486 ἵνα

2212 3507 2382 3575 λύσας
2409 3511 2512 3584 τῆς
2534 3513 2741 3585 φθορᾶς
2769 3516 2868 3581 τάς
2903 3517 3099 3583 ὠδῖνας
3129 3521 3421 3593 ἀναδειχθῇ
3446 3524 3556 3576 τῶν
3586 3524 3787 3595 νεκρῶν
3814 3534 3817 3537 ’

2213 3601 2581 3671 πρωτότοκος,
2611 3605 2706 3659 καὶ
2733 3606 2821 3660 διά
2854 3610 2953 3679 τῆς
2980 3611 3188 3676 οίκείας
3226 3614 3582 3679 ἀναστάσεως
3631 3617 3786 3685 ebur

2209 3692 2493 3765 γελίσηται
2523 3695 2624 3763 τὴν
2651 3697 2869 3753 πάντων
2898 3699 3202 3772 ἀνθρώπων
3226 3704 3544 3761 ἀνάστασιν.

2210 3942 2309 3997 18'.
2355 3942 2685 4011 Ἀπόδειξις
2726 3945 2816 4001 ὅτι
2854 3948 3320 4075 γοερὰν
3347 3957 3382 4009 δ
3417 3956 3566 4023 Θεὸς
3600 3959 3781 4030 Δάνος

2279 4126 2402 4180 Ὀτι
2429 4126 2487 4181 δέ
2512 4128 2687 4183 ταῦτα
2725 4130 2901 4196 οὕτως
2928 4131 3065 4203 ἔχει,
3109 4139 3383 4207 μαρτυρεῖ
3411 4139 3520 4192 τῶν
3550 4141 3780 4196 ἀποστό·

2204 4218 2313 4271 λων
2342 4220 2370 4272 6
2415 4225 2712 4291 κορυφαῖος
2751 4224 2810 4276 ἐν
2848 4227 2972 4289 ταῖς
3018 4227 3254 4297 Πράξεσι
3325 4229 3529 4299 λέγων,
3565 4233 3646 4285 ὅτι
3683 4236 3783 4287 οὐκ

2207 4310 2662 4385 ἐκγατελείφθηή
2701 4314 2847 4387 ψυχὴ
2884 4317 3050 4371 αὐτοῦ
3083 4320 3164 4383 είς
3211 4318 3358 4392 ᾅδου,
3404 4322 3522 4375 οὐδὲ
3569 4324 3600 4395 η
3640 4325 3781 4397 σὰρξ

2204 4401 2369 4455 αὑτοῦ
2413 4399 2522 4456 οἶδε
2574 4404 2891 4477 διαφθοράν.
2941 4409 3109 4474 Λύσις
3155 4412 3436 4484 τοιγαροῦν
3477 4414 3575 4469 τοῦ
3623 4418 3778 4485 ναοῦ,

528 4490 725 4546 animae
762 4503 793 4542 ι
826 4500 1053 4556 corpore
1080 4484 1353 4553 separatio
1387 4500 1402 4550 ;
1450 4485 1802 4555 vicissimque
1850 4501 2097 4543 resurre-

2217 4492 2383 4564 ψυχῆς
2413 4496 2509 4549 καὶ
2534 4496 2788 4568 σώματος
2809 4503 3124 4574 χωρισμόςο
3151 4506 3246 4560 καὶ
3271 4507 3433 4562 πάλιν
3464 4484 3774 4577 ἀνάστασις,

525 4582 635 4638 etio
665 4590 750 4637 est
779 4580 845 4635 ad
883 4578 1157 4648 propriam
1202 4591 1427 4632 carnem
1468 4577 1696 4632 reditus.
1751 4579 1809 4633 Si
1843 4593 2004 4649 ergo,
2047 4590 2103 4637 ut

526 4674 798 4729 haereseos
848 4670 1185 4740 antesignani
1243 4670 1419 4732 aiunt,
1476 4669 1689 4724 animas
1742 4668 1880 4723 duas
1928 4686 2101 4728 unus-

524 4767 755 4836 quisque
787 4765 948 4819 homo
980 4763 1137 4818 habet
1159 4803 1174 4829 ,
1197 4761 1416 4817 vitalem
1441 4761 1718 4817 scilicetet
1754 4761 2095 4831 rationalem,

523 4867 579 4912 et
610 4872 678 4912 ne
705 4871 833 4911 caro
858 4854 1074 4925 quidem
1099 4853 1305 4924 absque
1329 4853 1480 4907 vitali
1516 4854 1697 4907 anima
1733 4853 1960 4923 cogitari
1996 4870 2093 4910 un-

523 4960 685 5015 quam
701 4954 912 5015 potest;
936 4959 1059 4998 nam
1077 4957 1292 5011 corpus,
1312 4956 1416 4996 non
1440 4956 1591 5006 caro,
1621 4943 1818 5012 inquit,
1841 4944 1983 5013 quod
2013 4954 2096 4999 est

522 5038 851 5109 huiusmodi,
883 5036 1184 5107 appellatur
1208 5050 1226 5100 ;
1249 5034 1361 5090 etsi
1400 5035 1599 5090 Petrus
1629 5035 1726 5103 ait,
1761 5050 1866 5091 non
1893 5051 2093 5107 corpus

522 5125 760 5193 Domini,
797 5127 890 5181 sed
944 5124 1153 5180 Domini
1207 5138 1429 5178 carnem
1477 5124 1619 5178 haud
1667 5126 1869 5181 vidisse
1911 5140 2095 5181 corru-

521 5217 781 5285 ptionem,
816 5234 988 5289 neque
1017 5218 1253 5273 animam
1286 5217 1403 5287 ejus
1426 5218 1475 5270 in
1500 5216 1713 5272 inferno
1737 5216 2052 5275 derelictam
2073 5265 2089 5289 ,

520 5322 651 5362 sane
679 5320 893 5365 constat
922 5311 1137 5367 vitalem
1163 5311 1347 5382 (quam
1393 5311 1665 5379 quomodo
1711 5322 1962 5369 astruant
1997 5330 2093 5371 ne-

518 5396 653 5465 scio)
694 5400 974 5455 exstitisse
1013 5404 1065 5455 in
1128 5416 1292 5456 carne
1333 5411 1586 5469 corrupta
1643 5402 1881 5459 animam
1910 5444 1926 5469 ,
1973 5406 2091 5461 sine

519 5505 620 5560 qua
654 5503 721 5543 ne
751 5502 880 5542 caro
916 5493 1159 5560 quidem,
1220 5501 1278 5546 ιιι
1322 5493 1495 5561 aiunt,
1548 5494 1933 5564 appellaretur.
1984 5498 2088 5554 lm-

586 5663 630 5695 "
671 5666 825 5721 Joau.
859 5681 898 5734 ι,
934 5668 1018 5723 14.
1094 5668 1136 5699 δ’
1166 5667 1322 5722 Joan.
1362 5684 1421 5749 tt,
1454 5669 1535 5724 l9.
1618 5672 1664 5704 ⁸⁰
1691 5673 1814 5729 Act.
1848 5691 1904 5742 ιι,
1937 5676 2028 5730 27.

2204 4585 2344 4658 πρὸς
2376 4587 2475 4656 τὴν
2504 4588 2684 4658 σάρκα
2711 4589 2811 4662 τὴν
2839 4593 3050 4646 οίκείαν
3078 4595 3336 4660 ἐπάνοδος
3356 4615 3372 4631 ·
3409 4601 3459 4651 εί
3479 4600 3684 4667 τοίνυν,
3707 4600 3779 4665 ὣς

2200 4695 2362 4750 φασιν
2382 4679 2432 4731 οί
2463 4679 2564 4747 τῆς
2589 4680 2857 4752 αἱρέσεως
2883 4687 3207 4754 προστάται,
3237 4686 3418 4758 ψυχὰς
3445 4689 3543 4744 δύο
3564 4692 3670 4748 τῶν
3692 4692 3779 4745 ἀν·

2197 4768 2432 4840 θρὼπων
2469 4770 2702 4837 ἕκαστος
2728 4772 2865 4845 ἔχει,
2888 4777 2992 4847 τήν
3017 4794 3078 4830 τε
3110 4777 3373 4851 ζωτικὴν,
3404 4783 3501 4837 καὶ
3521 4783 3622 4857 τὴν
3647 4784 3780 4853 λογι-

2203 4860 2326 4932 κὴν,
2355 4861 2449 4915 xui
2491 4863 2631 4935 σὰρξ
2661 4866 2790 4919 ἄνευ
2827 4866 3005 4937 ψυχῆς
3041 4869 3141 4923 οὐκ
3164 4870 3231 4924 ἄν
3266 4889 3398 4927 ποτε
3437 4875 3656 4947 νοηθείη
3684 4876 3778 4944 τῆς

2204 4951 2439 5023 ζωτικῆς
2496 4955 2686 5028 (σῶμα
2708 4957 2841 5030 γὰρ,
2870 4960 2985 5013 ἀλλ’
3014 4962 3073 5014 ού
3108 4961 3265 5033 σάρξ,
3287 4965 3439 5034 φησὶ,
3459 4966 3520 5018 τὸ
3543 4966 3778 5019 τοιοῦτον

2201 5047 2719 5119 προσαγορεύεται)’
2741 5050 2949 5124 Πέτρος
2972 5053 3028 5107 δέ
3054 5053 3178 5125 ἔφη,
3206 5055 3267 5108 οὐ
3290 5056 3352 5109 τὸ
3375 5056 3534 5128 σῶμα
3553 5057 3650 5111 τοῦ
3672 5059 3750 5111 Κυ
3766 5085 3779 5096 ·

2206 5135 2343 5206 ρίου,
2380 5136 2515 5191 ἀλλὰ
2548 5140 2648 5211 τὴν
2686 5140 2868 5215 σάρκα
2900 5144 2995 5198 τοῦ
3033 5146 3240 5219 Κυρίου
3273 5146 3346 5218 μὴ
3394 5148 3522 5202 ἰδεῖν
3560 5149 3775 5219 διαφθο-

2203 5224 2325 5297 ρὰν,
2369 5227 2463 5283 καὶ
2492 5229 2590 5301 τὴν
2627 5220 2808 5305 ψυχὴν
2849 5235 3014 5291 αὐτοῦ
3066 5238 3141 5310 μὴ
3168 5238 3665 5310 ἐγκαταλειφθῆναι
3701 5242 3773 5302 είς

2201 5314 2352 5387 ᾇδοψ
2387 5317 2610 5389 εύδηλον
2640 5323 2716 5387 ὠς
2749 5326 2846 5396 τὴν
2871 5328 2967 5398 μὲν
2999 5327 3258 5401 ζωτικὴν,
3298 5332 3365 5403 ἢν
3387 5332 3488 5384 οὐκ
3515 5327 3773 5393 οἶδ’ὃπσις

2199 5404 2467 5475 λέγουσιν,
2496 5406 2696 5485 εἴχενή
2732 5414 3091 5489 διαφθαρεῖσα
3130 5420 3287 5492 σὰρξ,
3332 5416 3400 5492 ἧς
3424 5421 3553 5475 ἄνευ
3580 5422 3679 5474 οὑκ
3708 5422 3771 5474 ἂν

2198 5503 2690 5575 προσαγορευθείη,
2724 5504 2800 5571 ὥς
2829 5525 2982 5578 φασι,
3018 5512 3184 5584 σάρξ*
3221 5514 3255 5584 ἡ
3300 5513 3355 5567 δὲ
3391 5514 3657 5578 ἀθάνατος
3684 5516 3770 5567 καὶ
