4016 6202
280 312 301 367 i
312 310 418 369 453

1446 293 1533 349 DE
1571 287 2088 348 INCARNATIONE
2128 284 2403 344 DOMINI.‘
2507 302 2513 309 '

3403 289 3542 346 ιιειι

289 426 481 499 λογικὴ
520 417 615 478 καί
645 419 739 474 τοῦ
770 416 911 482 {dion
956 415 1053 487 τὴν
1089 413 1382 486 ἡγεμονίαν
1427 412 1858 481 πεπιστευμένη,

1971 405 2216 461 mortalis
2238 413 2420 460 autem
2458 411 2514 459 et
2558 402 2865 470 rationalis,
2921 404 3010 459 cui
3054 405 3349 461 animantis
3398 410 3541 477 regi-

278 524 337 577 06
369 514 697 586 κατελείφθη
724 515 804 574 είς
825 510 973 582 ᾅδου,
997 507 1131 562 ἀλλὰ
1154 506 1286 579 πρὸς
1320 506 1420 576 τὴν
1447 505 1653 558 οίκείαν
1688 506 1858 557 ἐπαν-

278 615 382 685 ῆκε
446 610 659 680 σάρκα·
722 606 817 657 καὶ
878 602 1054 672 μάτην
1105 596 1518 668 ἀδολεσχοῦσιν,
1574 595 1780 666 ἄψυχον
1822 595 1856 664 ἥ

279 705 440 760 ἄνουν
469 698 563 754 τοῦ
609 693 746 750 Θεοῦ
796 692 972 761 Λόγου
1007 690 1099 745 τὸν
1142 689 1268 743 ναὸν
1332 687 1857 761 προσαγορεύοντες.

290 795 481 865 Ἡμεῖς
502 791 560 845 δέ
589 788 783 858 Πέτρῳ
812 782 1077 854 ἑψόμεθα,
1102 782 1198 837 καὶ
1219 780 1398 852 σάρκα
1427 779 1749 851 κηρύττοντι
1781 778 1859 849 μή

278 883 575 955 δεξαμένην
602 877 921 949 διαφθορὰν,
958 875 1051 928 καὶ
1087 873 1265 945 ψυχὴν
1300 872 1374 945 μὴ
1404 870 1860 941 καταλειφθεῖσαν

281 980 358 1040 εἰς
385 975 530 1047 ᾅδου,
574 972 689 1025 ἀλλ’
722 966 1124 1023 ἐπανελθοῦσαν
1156 967 1249 1019 καὶ
1291 964 1369 1037 τῷ
1421 964 1605 1034 οἰκείῳ
1645 962 1859 1034 σώματι

286 1064 680 1135 συναφθεῖσανο
710 1058 1037 1129 πιστεύομεν
1064 1057 1121 1110 δὲ
1152 1057 1246 1110 καὶ
1278 1055 1428 1126 αὐτῷ
1454 1055 1531 1127 τῷ
1551 1055 1742 1126 Κυρίῳ
1773 1053 1861 1107 λέ-

286 1173 463 1227 γοντιο
498 1174 518 1206 ι
544 1150 846 1224 Περίλυπός
868 1152 1016 1203 ἐστιν
1042 1150 1076 1220 ἠ
1110 1148 1256 1218 ψυχή
1293 1164 1393 1218 μου
1420 1147 1524 1211 ἕως
1547 1146 1798 1201 Θανάτου.
1835 1158 1863 1200 o‘

286 1250 399 1318 Τῆς
423 1246 533 1318 γὰρ
562 1245 738 1314 λύπης
760 1242 858 1313 τὴν
879 1241 1129 1312 αἴσθησιν
1156 1240 1216 1292 τὸ
1245 1242 1303 1293 ἐν
1328 1241 1463 1310 ἡμῖν
1489 1239 1702 1307 λογικὸν
1723 1240 1858 1293 ὑπο-

286 1338 531 1410 δὲχεται’
566 1337 617 1389 εί
667 1334 724 1388 δὲ
765 1333 886 1388 ἀντὶ
923 1330 1012 1384 νοῦ
1050 1332 1080 1383 6
1110 1330 1242 1396 Θεὸς
1285 1331 1455 1400 Λόγος
1487 1330 1770 1403 ὑπάρχων,
1791 1329 1862 1383 τὰ

285 1429 379 1483 τοῦ
410 1426 503 1482 νοῦ
535 1424 857 1495 κατεδέχετο
892 1420 1062 1492 πάθη,
1096 1421 1259 1483 αὐτὸς
1296 1416 1364 1491 ἦν
1390 1423 1420 1475 ό
1446 1420 1729 1491 λυπηθεὶς,
1767 1420 1862 1474 καὶ

287 1518 567 1590 φοϐηθεὶς,
605 1516 701 1570 καὶ
739 1514 1036 1584 ἀγνοήσας,
1062 1512 1157 1565 καὶ
1204 1512 1534 1580 ἀγωνιάσας,
1569 1513 1663 1566 καὶ
1690 1513 1861 1581 ἀγγε-

284 1613 411 1682 λικῇ
435 1607 723 1679 συμμαχίᾳ
752 1605 979 1678 ῥωσθείς
999 1622 1013 1636 ο
1042 1607 1092 1657 εί
1122 1603 1181 1656 δέ
1206 1602 1495 1657 καὶταῦτα
1521 1606 1784 1675 φήσουσιν
1811 1605 1861 1656 οί

286 1702 385 1771 τῆς
431 1695 806 1767 Ἀπολιναρίου
869 1691 1255 1766 ματαιολογίας
1302 1691 1671 1762 κληρονόμοι,
1724 1691 1863 1759 μετὰ

1962 512 2086 553 men
2143 506 2231 553 est
2284 496 2656 562 commissum,
2709 510 2814 551 non
2870 507 2949 551 est
2996 496 3049 551 in
3111 497 3322 554 inferno
3378 500 3545 557 ἀει-τεο,

1961 590 2119 651 licta.
2168 588 2264 646 sed
2318 589 2385 644 ad
2420 604 2573 644 suam
2607 589 2773 643 rediit
2818 604 3038 645 carnem
3075 610 3088 645 :
3123 590 3353 661 ideoque
3422 592 3540 647 fru-

1965 692 2080 737 stra
2111 689 2383 752 nugantur
2422 679 2498 745 hi,
2547 679 2639 749 qui
2694 678 2934 735 inanima
2977 688 3033 735 et
3070 680 3296 736 rationis
3345 697 3546 751 erpers

1961 775 2131 830 fuisse
2154 776 2342 830 dicunt
2373 772 2467 829 Dei
2502 773 2664 829 Verbi
2702 773 2987 842 templum.
3026 772 3139 829 Nos
3166 784 3347 835 autem
3379 775 3544 831 Petro

1962 868 2327 923 assentiemur
2384 860 2480 936 qtii
2524 876 2578 922 et
2623 879 2842 921 carnem
2888 866 3145 933 praedicat
3197 868 3544 935 corruptione

1961 969 2262 1030 expertem,
2294 967 2347 1013 et
2382 958 2622 1012 animam
2669 957 2722 1011 in
2771 957 2985 1013 inferno
3032 973 3143 1013 non
3198 958 3542 1027 derelictam,

1962 1052 2056 1107 sed
2089 1051 2341 1105 reducem
2372 1060 2537 1120 atque
2576 1049 2645 1104 ad
2701 1063 2902 1119 corpus
2950 1064 3111 1103 suum
3166 1050 3551 1106 recollectama

1962 1142 2251 1199 Credimus
2286 1143 2450 1199 etiam
2482 1142 2713 1197 Domino
2742 1142 2844 1210 ipsi
2892 1141 3096 1197 dicenti
3130 1159 3144 1195 :
3183 1161 3204 1194 ε
3237 1141 3434 1199 Tristis
3464 1154 3548 1200 est

1963 1237 2145 1291 aliima
2190 1249 2312 1291 mea
2353 1248 2525 1305 usque
2563 1235 2630 1289 ad
2674 1244 2902 1289 mortem
2947 1235 3029 1301 u;
3080 1251 3100 1285 ο
3144 1249 3268 1288 nam
3312 1236 3548 1292 tristitia

1962 1343 2180 1384 sensum
2212 1342 2339 1397 pars
2386 1337 2574 1382 nostra
2622 1326 2908 1381 rationalis
2937 1326 3162 1397 excipit.
3212 1326 3366 1394 Quod
3412 1329 3459 1385 si
3492 1330 3546 1384 in

1965 1420 2167 1475 mentis
2210 1419 2329 1473 loco
2376 1417 2517 1473 Deus
2560 1416 2801 1473 Verbum
2843 1419 3151 1484 essistens,
3196 1420 3395 1475 mentis
3424 1435 3549 1489 pas-

1964 1511 2145 1567 siones
2164 1509 2500 1581 excipiebat,
2525 1510 2715 1580 utique
2742 1512 2913 1578 ipsum
2939 1509 3175 1567 Verbum
3200 1511 3546 1577 trista'batur,

1966 1600 2262 1666 metuebat,
2300 1599 2612 1671 ignorabat,
2642 1600 3014 1670 agonixabat,
3056 1612 3110 1658 et
3156 1603 3401 1674 angelica
3443 1617 3548 1672 ope

1966 1690 2395 1747 coniortabatur.
2425 1690 2544 1746 Jam
2591 1691 2639 1747 si
2664 1696 2778 1749 haec
2802 1708 3019 1763 quoque
3049 1695 3232 1749 dicant
3267 1696 3550 1767 Apollina-

301 1791 514 1864 Ἀρείου
534 1791 629 1844 καὶ
655 1787 918 1857 Εὑνομίου
942 1784 1049 1839 τῶν
1072 1784 1452 1857 χριστομάχων
1472 1782 1858 1854 ταχθήτωσαν·

1971 1785 2134 1839 rianae
2160 1784 2405 1839 stultitiae
2443 1784 2705 1852 heredes,
2724 1785 2760 1840 ii
2790 1786 3033 1854 profecto
3055 1802 3179 1841 cum
3221 1787 3425 1843 Christi
3450 1790 3551 1843 ho-

289 1879 364 1937 ὧν
396 1883 506 1954 γὰρ
557 1883 648 1950 ῐση
702 1881 736 1950 ή
790 1876 1129 1949 βλασφημία,
1160 1873 1365 1928 τούτων
1400 1874 1530 1945 μίαν
1578 1868 1716 1927 εἶναι
1765 1872 1864 1944 τὴν

294 1975 535 2047 ἑταιρίαν
561 1973 770 2026 δίκαιον
792 1970 873 2041 (1)
890 1986 904 2001 ο
932 1970 1095 2039 ἡμεῖς
1113 1966 1169 2020 δέ
1192 1965 1519 2037 ἀκούσωμεν
1536 1964 1632 2018 τοῦ
1655 1964 1863 2035 Κυρίου

294 2068 544 2135 λέγοντος
562 2082 577 2098 ·
606 2084 625 2118 ‹
662 2062 942 2129 Ἐξουσίαν
967 2060 1077 2131 ἔχω
1099 2059 1270 2114 θεῖναι
1296 2058 1393 2130 τὴν
1414 2058 1591 2131 ψυχήν
1621 2076 1746 2130 μου,
1772 2059 1868 2113 καὶ

293 2158 542 2227 ἐξουσίαν
571 2156 678 2228 ἔχω
701 2155 862 2209 πάλιν
884 2153 1070 2207 λαϐεῖν
1094 2152 1267 2223 αὑτήν
1290 2168 1305 2182 ο
1332 2150 1504 2214 οὐδεὶς
1531 2150 1675 2222 αἴρει
1699 2149 1868 2221 αὐτὴν

293 2252 389 2305 ἀπ’
410 2247 565 2320 ἐμοῦ.
592 2265 614 2300 ι
654 2247 750 2300 Ἐκ
776 2246 884 2317 γὰρ
912 2245 1021 2321 τῷν
1050 2244 1225 2312 λόγων
1246 2242 1453 2296 τούτων
1482 2242 1863 2313 μαθησόμεθα,

292 2343 368 2406 ὡς
403 2343 590 2414 ἔτερος
617 2340 715 2411 μὲν
743 2341 771 2393 6
799 2339 995 2403 τιθεὶς,
1029 2337 1218 2408 ἕτερον
1239 2336 1297 2389 δὲ
1332 2336 1394 2389 τὸ
1424 2335 1709 2407 τιθέμενον
1730 2352 1743 2367 ·
1774 2338 1868 2390 καὶ

293 2434 425 2497 Θεὸς
458 2433 555 2504 μὲν
583 2435 611 2486 6
632 2431 801 2493 τιθεὶς
827 2430 922 2483 καὶ
940 2429 1253 2499 λαμϐάνων,
1278 2427 1425 2500 ψυχὴ
1454 2427 1511 2481 δὲ
1543 2430 1576 2499 ή
1608 2427 1867 2500 τιθεμένη

293 2525 388 2577 κω.
414 2521 833 2593 λαμϐανομένη’
867 2522 960 2575 καὶ
985 2520 1117 2584 Θεὸς
1152 2520 1249 2590 μὲν
1279 2520 1378 2590 τὴν
1412 2520 1661 2586 ἐξουσίαν
1705 2519 1861 2589 ἔχων,

290 2613 438 2687 ψυχὴ
463 2614 521 2669 δὲ
554 2616 586 2685 ἡ
614 2612 720 2667 ὑπό
743 2612 840 2685 τὴν
863 2611 1110 2679 ἐξουσίαν
1138 2612 1357 2682 ἐκείνην
1393 2611 1722 2682 τεταγμένη.

296 2901 380 2956 K'.
419 2900 549 2953 Ὅτι
584 2902 637 2953 οἱ
672 2899 968 2973 προφῆται
1001 2900 1385 2973 τελείωςᾼτὴν
1422 2903 1612 2973 φύσιν
1641 2904 1867 2972 ἀναλη-

780 2970 1000 3038 φθῆναι
1038 2970 1405 3031 θεσπίζουσι.
1426 2970 1443 2977 ”

1966 1876 2142 1929 stibus
2167 1876 2298 1930 Ario
2329 1885 2490 1945 atque
2506 1876 2726 1947 830m
2751 1876 3018 1933 Ennomio
3040 1879 3544 1935 collocentur.Nam

1965 1981 2197 2037 quorum
2234 1981 2337 2037 par
2387 1974 2473 2022 est
2517 1968 2857 2038 blasphemia
2888 2010 2904 2037 ,
2950 1970 3145 2026 horum
3206 1987 3373 2027 unam
3425 1987 3549 2029 esse

1966 2057 2316 2113 sodalitatem
2342 2073 2555 2128 aequum
2586 2069 2692 2114 est.
2739 2058 2850 2114 Nos
2873 2075 3005 2116 vero
3036 2062 3323 2119 Dominum
3363 2065 3551 2120 dicen-

1968 2155 2077 2201 tem
2152 2147 2440 2202 audiamus
2492 2162 2507 2199 :
2563 2164 2583 2199 ι
2666 2145 3005 2204 Potestatem
3064 2149 3239 2204 habeo
3309 2154 3546 2221 ponendi

1972 2239 2210 2293 animam
2265 2252 2465 2303 meam,
2512 2247 2568 2291 et
2619 2245 2943 2306 potestatem
2994 2238 3170 2294 habeo
3205 2242 3401 2297 iterum
3454 2259 3551 2299 su-

1973 2331 2153 2386 mendi
2188 2345 2347 2396 eam;
2382 2344 2542 2385 nemo
2575 2328 2717 2384 tollit
2746 2344 2866 2384 eam
2906 2345 2936 2383 a
2960 2344 3047 2386 me
3070 2332 3138 2385 ³⁸.
3171 2350 3190 2384 ι
3213 2331 3458 2405 Namque
3480 2353 3550 2393 ex

1974 2424 2320 2479 sermonibus
2370 2422 2457 2478 his
2505 2423 2765 2479 discimus
2833 2423 2998 2478 alium
3049 2438 3172 2479 esse
3213 2426 3306 2497 qui
3357 2431 3546 2498 ponit,

1972 2514 2115 2569 aliud
2145 2514 2286 2583 quod
2318 2524 2400 2570 est
2417 2515 2691 2586 positum;
2726 2514 3002 2586 Deumque
3024 2530 3143 2571 esse
3172 2518 3264 2588 qui
3293 2522 3463 2589 puniit,
3495 2532 3552 2577 et

1977 2608 2067 2677 qui
2105 2607 2269 2662 sumit
2298 2625 2313 2675 ;
2347 2607 2583 2661 animam
2608 2616 2788 2662 autem
2823 2617 2879 2661 et
2900 2608 3132 2676 positam
3157 2618 3211 2663 et
3236 2620 3504 2681 sumptam
3530 2632 3544 2679 ;

1974 2707 2030 2754 et
2060 2699 2150 2753 Dei
2181 2699 2400 2768 quidem
2441 2713 2563 2754 esse
2597 2706 2946 2769 potestatem,
2980 2699 3213 2755 animam
3244 2711 3421 2758 autem
3450 2708 3552 2761 sub

1989 2802 2054 2851 ea
2085 2797 2349 2858 potestate
2379 2790 2633 2846 locatam.

1977 2898 2093 2955 XX.
2135 2899 2290 2967 Quod
2316 2902 2580 2971 prophetae
2608 2901 2891 2978 perfectam
2919 2904 3082 2972 fuisse
3110 2917 3431 2978 assumptum
3460 2928 3558 2963 na-

2518 2981 2694 3024 turam
2725 2974 3005 3042 afﬁrmant.

370 3076 593 3142 Τούτοις
628 3078 838 3149 συνῳδὰ
876 3080 969 3133 καλ⁵
996 3079 1222 3143 Ἡσαΐας
1250 3084 1277 3135 6
1304 3086 1590 3158 προφήτης
1620 3084 1866 3149 θεσπίζει

2041 3084 2136 3141 "is
2167 3101 2403 3141 consona
2442 3085 2607 3141 Isaias
2640 3101 2855 3156 quoque
2888 3089 3147 3156 propheta
3183 3088 3433 3158 aﬂirmat,
3470 3093 3554 3148 di-

299 3171 438 3242 βοῶν
451 3186 466 3200 ·
479 3189 498 3221 ι
520 3170 700 3241 Ἰδοὺή
727 3170 990 3240 παρθένος
1006 3171 1271 3243 ἐνγαστρὶ
1290 3172 1539 3244 λήψεται,
1555 3177 1647 3230 καὶ
1658 3176 1869 3244 τέξεται

297 3262 539 3327 υίὸν,καὶ
584 3261 874 3315 καλέσουσι
902 3261 961 3314 τὸ
991 3261 1162 3332 Βνομα
1191 3265 1356 3318 αὑτοῦ
1396 3267 1765 3339 Ἐμμανουήλ,
1794 3288 1811 3320 ι
1843 3269 1871 3323 ὅ

297 3359 413 3410 ἐστι
442 3355 1001 3428 μεθερμηνευόμενον,
1029 3354 1174 3410 κατὰ
1195 3356 1294 3427 τὴν
1309 3357 1416 3409 τῶν
1431 3358 1776 3426 Εὑαγγελίων
1796 3361 1873 3414 δι-

296 3445 753 3509 δασκαλίαν,Μεθ’
772 3444 926 3515 ἡμῶν
947 3447 975 3497 6
994 3445 1147 3508 Osdg'
1164 3447 1224 3499 τὸ
1244 3447 1323 3512 δὲ,
1346 3446 1651 3519 Μεθ’ἠμῶν
1667 3451 1697 3502 ό
1716 3450 1870 3515 Θεὸς,

300 3543 440 3611 μετὰ
457 3539 553 3594 ἀνθ
563 3539 759 3611 ρώπων
774 3538 1061 3609 ἐρμηνεύει
1075 3538 1224 3594 Θεό-ν
1242 3540 1479 3594 είτοίνυν
1495 3542 1554 3594 τὸ
1571 3542 1758 3613 κύημα
1772 3541 1873 3611 τῆς

300 3633 581 3705 Παρθένου
610 3631 815 3703 ταύτην
858 3632 1019 3685 ἔλαϐε
1066 3633 1166 3705 τὴν
1208 3634 1577 3706 προσηγορίαν
1602 3677 1616 3699 ,
1651 3634 1872 3705 εὔδηλον

301 3725 377 3789 ὡς
397 3726 424 3777 6
452 3724 582 3787 Θεὸς
606 3723 739 3795 ὁμοῦ
769 3723 862 3777 καὶ
884 3723 1172 3798 ἄνθρωπος
1211 3723 1278 3796 ἦν
1305 3742 1319 3757 ο
1361 3726 1421 3779 τὸ
1456 3725 1555 3797 μὲν
1584 3725 1868 3797 ὑπάρχων,

297 3816 360 3870 τὸ
380 3815 436 3869 δέ
465 3815 665 3880 λαὸὼν,
694 3815 813 3869 καθ’
836 3818 996 3871 ἐκάτε
1007 3834 1096 3889 ρον
1124 3818 1327 3882 τέλειος
1342 3833 1356 3848 ·
1379 3816 1469 3870 διὰ
1499 3818 1597 3890 μὲν
1620 3817 1729 3890 γὰρ
1751 3817 1869 3883 τοῦ,

305 3926 324 3961 ι
358 3908 497 3962 Μεθ’
521 3906 700 3978 ἡμῶν,
728 3927 747 3959 ι
782 3907 875 3960 τοῦ
907 3907 1198 3978 ἀνθρώπου
1226 3909 1287 3962 τὸ
1325 3909 1534 3963 τέλειον
1560 3908 1869 3962 δείκνυται·

296 3999 516 4061 τελείως
542 4000 663 4069 γὰρ
706 3998 866 4069 ἡμῶν
897 4000 1130 4064 ἕκαστος
1162 4000 1274 4072 ἔχει
1315 4000 1413 4054 τοῦ
1447 4000 1738 4073 ἀνθρώπου
1772 4000 1873 4072 τὴν

298 4090 490 4160 ιξιύσιν⁹
525 4090 613 4143 διὰ
641 4090 698 4143 δὲ
723 4088 841 4155 τοῦ,
879 4109 897 4143 ι
931 4092 1085 4156 Θεὸς,
1119 4110 1137 4144 ι
1170 4093 1264 4145 καὶ
1292 4094 1393 4164 τῆς
1429 4093 1750 4164 προσθήκης
1771 4091 1866 4146 τοῦ

298 4184 524 4255 ἄρθρου,
556 4183 589 4254 ἡ
630 4182 721 4236 τοῦ
756 4183 887 4238 Υίοῦ
935 4183 1125 4257 θεότης
1150 4185 1502 4256 γνωρίζεται·
1546 4187 1641 4239 καὶ
1681 4184 1873 4239 τούτου

300 4275 614 4339 διδάσκαλος
647 4277 675 4329 6
709 4276 983 4347 μακάριος
1018 4275 1231 4339 Παῦλος
1259 4276 1455 4345 λέγων·
1490 4294 1508 4328 ι
1549 4276 1640 4329 Ἔν
1737 4292 1870 4329 κατ-

300 4370 436 4421 οικεῖ
469 4370 577 4421 πᾶν
603 4368 663 4421 τὸ
711 4367 990 4441 πλήρωμα
1013 4368 1114 4439 τῆς
1159 4367 1410 4439 θεότητος
1454 4367 1781 4439 σωματικῶς
1800 4382 1813 4397 ·
1845 4386 1864 4419 ι

1977 3192 2107 3233 cens
2137 3196 2150 3231 :
2186 3177 2355 3232 «Ecce
2395 3178 2544 3249 virgo
2572 3178 2840 3247 concipiet
2869 3188 2923 3234 et
2952 3180 3124 3248 pariet
3157 3181 3345 3251 lilium,
3380 3194 3433 3241 et
3457 3201 3550 3241 vo-

1973 3268 2186 3322 cabitur
2204 3283 2397 3322 nomen
2420 3267 2537 3337 ejus
2558 3268 2873 3322 Emmanuel
2890 3269 2955 3337 ¹³,
2981 3288 3000 3322 ι
3024 3273 3164 3341 quod
3186 3284 3269 3327 est
3293 3275 3554 3348 interpre-~

1976 3368 2169 3425 tatum,
2204 3362 2499 3415 secundum
2533 3359 2812 3432 Evangelii
2845 3363 3148 3421 doctrinam
3171 3369 3236 3436 ³⁸,
3256 3367 3549 3427 Nobiscum

1976 3452 2138 3506 Deus.
2172 3452 2341 3507 Porro
2374 3451 2514 3508 Deus
2552 3456 2822 3509 nobiscum
2882 3454 3052 3511 Deum
3089 3474 3209 3514 cum
3244 3460 3555 3519 hominibus

1974 3543 2262 3611 signiﬁcat.
2293 3545 2354 3599 Si
2390 3561 2521 3614 ergo
2546 3547 2782 3615 Virginis
2815 3559 3111 3616 conceptus
3144 3552 3286 3607 hanc
3316 3554 3556 3608 obtinuit

1977 3630 2411 3701 appellatiooem,
2459 3644 2609 3701 patet
2657 3635 2823 3689 Deum
2872 3636 3041 3691 fuisse
3082 3640 3242 3693 simul
3284 3652 3337 3696 et
3379 3643 3555 3699 homi-

1976 3736 2131 3787 nem;
2162 3728 2274 3774 tum
2302 3720 2787 3791 praeessistentem,
2816 3732 2926 3777 tum
2953 3726 3117 3777 etiam
3145 3729 3553 3799 suscipientem,

1978 3815 2029 3868 in
2066 3822 2295 3882 utroque
2327 3811 2647 3882 perfectum.
2681 3811 2814 3867 Nam
2846 3814 3108 3871 vocabulo
3144 3835 3163 3868 ι
3206 3819 3485 3875 nobiscum
3528 3840 3546 3874 ο

1976 3906 2252 3962 hominem
2290 3902 2589 3977 perfectum
2633 3906 2854 3961 denotat
2892 3924 2906 3961 :
2942 3908 3141 3963 etenim
3185 3913 3554 3983 unusquisque

1975 4008 2221 4055 nostrum
2254 3995 2547 4069 perfectam
2581 3996 2746 4053 habet
2778 3997 3013 4054 hominis
3047 4009 3314 4056 naturam.
3349 4003 3425 4057 Ex
3459 4018 3553 4058 vo-

1977 4093 2166 4149 cabulo
2197 4102 2373 4147 autem
2412 4109 2431 4144 r
2468 4089 2612 4147 Deus
2647 4110 2665 4145 ι
2697 4102 2751 4149 et
2779 4092 2993 4146 articuli
3024 4093 3197 4149 Graeci
3252 4096 3553 4165 atljectione

1980 4186 2100 4241 Filii
2142 4185 2403 4241 divinitas
2437 4186 2790 4255 conspicitur.
2824 4184 3000 4257 Atque
3037 4186 3177 4242 hanc
3214 4203 3327 4242 rem
3362 4186 3554 4244 beatus

1976 4278 2132 4333 docet
2156 4275 2352 4331 Paulus
2376 4277 2564 4333 dicens
2594 4297 2612 4331 ι
2646 4296 2660 4334 :
2687 4278 2740 4333 ln
2768 4292 2875 4347 quo
2901 4277 3166 4332 inhabitat
3188 4278 3363 4333 omnis
3384 4279 3555 4350 pleni-

1982 4370 2114 4424 tudo
2148 4368 2451 4424 divinitatis
2482 4368 2842 4439 corporaliter
2859 4370 2926 4425 ⁸⁸.
2967 4387 2987 4421 ι
3020 4368 3150 4424 Item
3179 4382 3208 4423 a
3240 4368 3348 4425 Deo
3378 4370 3550 4442 inspi-

300 4461 396 4513 καὶ
424 4461 451 4512 6
489 4459 784 4530 θεόληπτος
816 4460 872 4513 δέ
904 4463 1117 4524 Λουκᾶς
1146 4463 1174 4514 6
1200 4459 1594 4532 εύαγγελιστὴς
1623 4458 1868 4532 ἐναργῶς

1980 4469 2132 4515 ratus
2178 4459 2353 4515 Lucas
2399 4462 2725 4530 evangelista
2774 4462 3056 4533 perspicue
3107 4462 3265 4518 nobis
3315 4463 3555 4518 ostendit

300 4552 429 4622 ἡμῖν
452 4551 694 4606 δείκνυσι
719 4552 811 4604 τὸν
851 4551 979 4606 νοῦν
1007 4553 1101 4605 τὸν
1128 4552 1470 4623 ἀνθρώπινον
1491 4552 1585 4604 τοῦ
1620 4552 1874 4621 Σωτῆρος

299 4639 538 4713 Χριστοῦ
561 4658 573 4671 ·
600 4658 619 4692 ι
647 4640 723 4694 Τὸ
748 4640 960 4693 παιδίον
991 4641 1119 4713 γὰρ,
1137 4642 1320 4713 φησὶν,
1353 4639 1575 4710 ηὔξανε,
1599 4640 1693 4692 καὶ
1711 4641 1875 4711 ἐκραρ

299 4731 520 4786 ταιοῦτο
557 4730 852 4800 πνεύματι,
910 4729 1287 4802 πληρούμενον
1322 4731 1532 4800 σοφίας,
1577 4732 1671 4783 κοιλ⁵
1712 4732 1874 4801 χάρις

298 4822 436 4876 Θεοῦ
457 4818 523 4893 ἦν
545 4824 629 4875 ἐπ’
650 4822 816 4893 αὐτῷ.
844 4840 862 4873 ι
888 4822 1000 4876 Καὶ
1027 4826 1146 4893 μετ’
1166 4823 1350 4892 ὀλίγα·
1386 4842 1404 4875 ί
1429 4824 1634 4895 Ἰησοῦς
1661 4822 1718 4877 δὲ
1742 4840 1876 4895 προ-

300 4912 528 4967 έκοπτεν
554 4914 760 4986 ήλικίᾳ,
788 4913 883 4967 καὶ
914 4913 1096 4984 σοφίᾳ,
1122 4915 1213 4968 καὶ
1248 4915 1435 4985 χάριτι
1461 4913 1612 4985 παρὰ
1638 4914 1759 4985 Θεῷ
1779 4915 1876 4968 καὶ

301 5004 629 5078 ἀνθρώποις.
667 5026 685 5058 ι
721 5008 795 5059 Το
821 5006 878 5058 δὲ
926 5007 1091 5077 σοφίᾳ
1127 5007 1481 5077 προκόπτειν,
1514 5006 1576 5059 ού
1605 5005 1740 5059 Θεοῦ
1778 5006 1875 5059 τοῦ

304 5098 491 5167 σοφοῦ,
531 5096 626 5151 τοῦ
669 5097 1021 5169 ἀπροσδεοῦς,
1069 5100 1163 5152 καὶ
1197 5100 1283 5153 ἀεὶ
1335 5100 1569 5165 τελείου,
1598 5100 1693 5154 καὶ
1741 5101 1876 5172 μήτε

302 5189 563 5253 ἐπίδοσιν,
591 5191 728 5261 μήτε
751 5190 1046 5245 ἐλάττωσιν
1059 5191 1376 5263 δεχομένου,
1410 5191 1546 5245 άλλά
1558 5191 1649 5245 τοῦ
1667 5191 1759 5247 νοῦ
1774 5192 1872 5247 τοῦ

303 5280 667 5346 ἀνθρωπίνου,
698 5280 790 5335 τοῦ
812 5284 932 5345 ταῖς
952 5283 1193 5353 ἡλικίαις
1224 5285 1637 5355 συμπροῖόντος,
1672 5286 1767 5337 καὶ
1793 5285 1874 5338 διο

375 5417 417 5446 “
449 5414 635 5468 Matth.
662 5433 804 5481 sxw,
834 5417 923 5472 58.
983 5418 1030 5449 "
1061 5418 1219 5473 Joan.
1251 5434 1309 5484 χ,
1342 5419 1425 5473 18.
1501 5420 1548 5451 ⁸³
1576 5421 1679 5475 iss.
1710 5435 1806 5484 ru,
1838 5421 1932 5476 H.

306 5485 351 5517 "
385 5485 514 5539 ibid.
552 5485 641 5537 52.

380 5598 426 5663 (I

380 5595 457 5721 (ll)
497 5595 694 5651 Recole
735 5609 856 5664 cap.
899 5611 977 5649 Ix.
1018 5595 1149 5678 {Nam

310 5680 395 5726 sto
450 5667 613 5732 uisse,
646 5668 912 5735 Itegabant
939 5667 1149 5723 Anam.

1976 4552 2262 4607 humanam
2298 4550 2499 4608 Christi
2536 4552 2842 4609 Servatoris
2877 4561 3114 4608 utentem
3153 4574 3165 4609 :
3208 4572 3227 4605 ι
3270 4551 3428 4621 Puer,
3463 4554 3550 4609 in-‘

1974 4644 2121 4715 quit,
2152 4645 2432 4701 crescebat
2460 4655 2514 4700 et
2545 4645 2951 4701 confortabatur
2979 4645 3169 4714 spiritu
3191 4686 3206 4711 ,
3240 4646 3427 4716 plenus
3459 4661 3549 4703 sa-

1973 4738 2197 4807 pientia,
2241 4746 2294 4793 et
2333 4739 2505 4807 gratia
2546 4737 2640 4793 Dei
2681 4747 2798 4792 erat
2836 4752 2959 4792 eum
3001 4737 3090 4792 illo
3110 4734 3176 4791 ⁸⁸.
3222 4755 3241 4790 ι
3288 4736 3353 4792 Ει
3393 4736 3552 4808 paulo

1974 4839 2096 4900 post
2136 4847 2149 4884 :
2202 4849 2221 4882 ι
2270 4830 2427 4887 Jesus
2471 4830 2789 4901 proﬁciebat
2830 4839 3017 4894 aetate,
3058 4844 3124 4884 ac
3166 4830 3459 4902 sapientia,
3498 4839 3553 4885 et

1975 4921 2148 4989 gratia
2197 4919 2338 4989 apud
2384 4919 2551 4975 Deum
2595 4929 2650 4975 et
2694 4919 3026 4976 homines".
3077 4938 3096 4971 ι
3136 4919 3254 4974 Jam
3290 4932 3419 4973 vero
3458 4932 3550 4973 sa-

1977 5012 2176 5081 pientia
2212 5010 2499 5081 prolicere,
2537 5027 2644 5067 non
2683 5018 2766 5071 est
2802 5012 2895 5067 Dei
2932 5010 3209 5082 sapientis,
3246 5011 3552 5082 nulliusqno

1976 5103 2053 5159 rei
2094 5103 2285 5173 indigi,
2332 5118 2653 5176 semperque
2699 5102 2955 5175 perfecti,
2996 5104 3089 5158 sed
3138 5100 3331 5156 mentis
3375 5104 3553 5173 potius

1972 5194 2245 5257 humanm,
2286 5209 2405 5263 qua:
2442 5194 2602 5248 simul
2644 5208 2766 5248 cum
2808 5202 2968 5248 aetate
3010 5191 3241 5263 proﬁcit,
3281 5201 3335 5248 et
3372 5193 3551 5248 crudi.

1976 5286 2120 5341 tione
2141 5296 2282 5355 eget,
2306 5296 2358 5341 et
2380 5286 2481 5340 arti
2504 5285 2725 5356 831m
2754 5296 2916 5355 atque
2954 5285 3195 5341 scientiae
3225 5287 3553 5355 excipienda!

2022 5422 2071 5454 “
2096 5420 2287 5491 Matth.
2317 5437 2355 5487 ι,
2390 5422 2503 5491 23.
2559 5421 2605 5454 ⁸⁸
2633 5422 2838 5477 Coloss.
2860 5438 2916 5487 ιι,
2941 5422 2997 5477 9.
3070 5421 3117 5455 ⁸⁸
3148 5420 3275 5478 an.
3300 5437 3361 5489 ιι,
3389 5423 3481 5481 40.

497 5594 694 5651 Recole
735 5609 856 5675 cap.
899 5611 977 5675 u_.
1018 5593 1263 5675 minque
1301 5599 1480 5655 anima
1521 5612 1711 5656 amens
1751 5613 1850 5668 par
1891 5600 2019 5657 nulli
2047 5612 2291 5673 reputata
2356 5603 2565 5659 fuisset.
2615 5607 2783 5660 Porro
2844 5604 3078 5660 animam
3107 5618 3298 5675 reapse
3324 5602 3375 5656 in
3399 5597 3553 5653 Chri-
