4016 6202
508 292 647 352 1438

1537 278 1598 334 5.
1642 273 1922 333 εῗιιιιιιι
1961 220 2437 325 ΑιιςιΑαυιιιΝι
2489 269 2811 323 ARCHILP.

3660 270 3799 322 “Sb

503 408 696 463 idonea
722 414 826 471 est,
855 412 909 460 et
933 416 1055 473 quae
1080 396 1340 472 paulatim
1368 404 1481 452 tum
1506 394 1744 451 humana
1771 389 1951 456 discit,
1979 396 2091 444 tum

2201 384 2804 456 δασκαλίας.δεομένου,
2831 383 2926 439 καὶ
2969 384 3171 456 τέχνης
3204 382 3300 437 καὶ
3344 382 3672 455 ἐπιστήμης
3710 382 3796 435 δε-

502 499 703 555 divina.

503 694 649 753 XXI.
687 694 773 752 Ex
806 693 1047 762 Epistula
1076 690 1147 745 ad
1178 687 1851 762 Hebrwoademonatratur
1872 689 2093 735 natura-

859 754 976 818 rum
1007 762 1300 827 distinctio,
1328 770 1377 814 et
1405 756 1561 814 Verbi
1592 754 1739 809 unio.

572 944 816 1008 Clarius,
847 939 1062 1011 opinor,
1094 952 1161 993 ex
1194 934 1430 1005 Epistula
1464 934 1532 989 ad
1565 931 1824 988 Hebraeos
1851 927 2091 986 divinam

502 1039 666 1099 simul
690 1044 745 1093 et
772 1036 1064 1091 humanam
1093 1039 1347 1086 naturam
1375 1039 1704 1098 cognoscere
1732 1022 1882 1091 licet,
1900 1036 2093 1092 opera-

508 1133 745 1191 tionibus
778 1127 995 1199 quidem
1029 1124 1350 1188 distinctas,
1385 1133 1615 1191 persona
1650 1126 1830 1172 tamen
1862 1112 2094 1184 conjun-

506 1235 645 1290 ctas,
676 1198 839 1291 atque
871 1217 1088 1272 unicum
1124 1215 1561 1269 demonstrantes
1585 1198 1805 1285 Filium.
1838 1201 2092 1274 Epistolas

508 1317 752 1390 apprime
795 1309 1122 1384 protemium
1166 1308 1309 1363 hanc
1352 1303 1593 1361 continet
1634 1299 1958 1390 doctrinam.
1994 1296 2093 1390 _Ait

506 1387 651 1465 enim
679 1406 834 1462 divus
861 1401 1062 1457 Paulus
1097 1417 1114 1457 :
1147 1416 1166 1450 ι
1204 1396 1305 1464 Qui
1334 1411 1459 1452 cum
1489 1394 1562 1449 sit
1588 1391 1846 1463 splendor
1871 1387 2087 1459 gloriae,

507 1510 563 1557 et
600 1499 771 1570 figura
807 1492 1129 1552 substantiae
1163 1490 1311 1560 eius,
1343 1497 1679 1558 portansque
1711 1481 1892 1536 omnia
1920 1477 2092 1534 verbo

506 1592 727 1649 virtutis
753 1603 864 1645 sua:
878 1587 946 1642 ⁸⁸.
983 1606 1003 1641 ι
1037 1583 1286 1654 Cumque
1314 1580 1750 1636 demonstrasset
1781 1573 1931 1628 illum
1964 1580 2091 1628 ante

507 1698 669 1740 omne
699 1691 910 1752 tempus
936 1693 998 1733 ac
1022 1672 1219 1732 saecula
1246 1685 1366 1728 esse
1391 1672 1513 1742 (per
1535 1668 1711 1739 ipsum
1737 1665 1936 1736 quippe
1963 1664 2092 1719 fecit

2195 476 2419 544 κακοῦ,
2465 477 2560 531 καὶ
2597 475 2739 529 κατά
2788 476 2966 549 βραχὺ
3002 478 3070 531 τά
3112 493 3171 529 τε
3211 473 3533 546 ἀνθρώπινα
3590 475 3695 530 καὶ
3733 475 3801 528 τὰ

2195 569 2314 624 θεῖα
2342 568 2708 639 γνωρίζοντος
2730 568 2779 638 (1
2792 570 2829 635 ).

2193 683 2326 737 KA'.
2364 680 2693 748 Ἀπόδειξις
2729 681 2799 735 ἐκ
2820 682 2931 751 τῆς
2964 681 3116 752 πρὸς
3158 682 3467 751 Ἐϐραίους
3506 683 3802 752 Ἐπιστοέ

2261 751 2381 822 λῆς
2412 752 2521 821 τῆς
2552 751 2671 823 τῶν
2701 752 2953 821 φύσεων
2983 751 3365 822 διακρίσεως,
3396 752 3497 807 καί
3531 752 3648 823 τῆς
3684 751 3799 808 τοῦ

2268 821 2467 895 Λόγου
2499 821 2791 889 ὲνώσεως.

2263 937 2604 1009 Σαφέστερον
2623 937 2668 991 δ’
2701 936 2766 989 ἀν
2802 953 2885 1000 τις
2915 937 2979 989 ἐκ
3007 936 3110 1007 τῆς
3130 936 3269 1007 πρὸς
3306 937 3595 1009 Ἐϐραίους
3637 939 3803 992 Ἐπι-

2195 1030 2387 1100 στολῆς
2418 1028 2516 1101 τὴν
2539 1028 2689 1084 θείαν
2713 1027 2877 1099 φύσιν
2923 1028 3019 1082 καὶ
3045 1028 3145 1099 τὴν
3175 1028 3526 1101 ἀνθρωπείαν
3551 1030 3803 1095 κατίδοι,

2190 1124 2309 1185 ταίς
2330 1120 2635 1192 ἐνεργείαις
2659 1119 2758 1191 μὲν
2784 1120 2946 1192 διῃρη
2956 1120 3146 1190 μένας,
3171 1119 3252 1193 τῷ
3283 1124 3569 1192 προσώπῳ
3592 1122 3651 1176 δὲ
3673 1140 3803 1176 συν·

2192 1212 2466 1284 ημμένας,
2491 1212 2587 1266 xa‘t
2612 1212 2704 1267 τὸν
2719 1212 2816 1265 ἕνα
2845 1211 3238 1277 ὑποδεικνύσας
3276 1212 3423 1268 Υἰόν.
3444 1215 3562 1285 Οὐχ
3587 1216 3801 1287 ἥκιστα

2192 1305 2249 1360 δὲ
2274 1305 2366 1357 καὶ¹
2393 1304 2492 1374 τῆς
2535 1302 2858 1374 Ἐπιστολῆς
2885 1303 2946 1357 τὸ
2971 1303 3285 1375 προοίμιον,
3320 1305 3528 1376 ταύτην
3552 1306 3674 1377 ἔχει
3692 1308 3801 1377 τὴν

2191 1394 2564 1450 διδασκαλίαν.
2590 1391 2726 1449 Eine
2755 1394 2864 1466 γάρ
2886 1396 2917 1448 ό
2936 1394 3228 1460 θεσπέσιος
3250 1378 3465 1462 Παῦλος
3486 1415 3500 1429 ο
3532 1417 3551 1450 ι
3589 1401 3694 1461 '0;
3717 1401 3800 1453 ῶν

2191 1485 2536 1557 ἀπαύγασμα
2582 1487 2681 1557 τῆς
2722 1485 2902 1558 δόξης,
2943 1487 3039 1540 καὶ
3091 1487 3380 1559 χαρακτὴρ
3410 1489 3512 1559 τῆς
3546 1489 3802 1544 ὑποστὰ-

2193 1596 2333 1643 σεως
2360 1577 2552 1644 αὐτοῦ,
2585 1579 2770 1649 φέρων
2804 1595 2865 1632 τε
2891 1578 2959 1633 τά
3001 1579 3184 1633 πάντα
3211 1579 3290 1650 τῷ
3320 1582 3532 1651 ῥήματι
3563 1586 3671 1654 τῆς
3697 1584 3801 1637 δυ-

2194 1670 2416 1743 νάμεως
2442 1669 2632 1727 αὑτοῦ.
2671 1689 2689 1722 ι
2727 1670 2839 1724 Kal.
2881 1669 3064 1737 δείξας
3116 1671 3281 1726 αὑτὸν
3311 1673 3653 1746 ὑπέρχρονον
3692 1678 3801 1732 καὶ

506 1735 829 1843 Laena):
857 1768 1106 1824 addidit:
1136 1783 1155 1816 ι
1191 1763 1348 1820 Sedit
1378 1735 1446 1817 ad
1476 1735 1767 1815 deiterami
1789 1735 2093 1825 maiestatis

2201 1735 2529 1831 προαιώνιον
2566 1758 2667 1831 (δι’
2694 1758 2863 1813 αὐτοῦ
2908 1735 3040 1831 γὰρ,
3075 1762 3261 1833 φησὶν,
3307 1735 3559 1828 καὶ
3582 1765 3800 1831 αἰῶνας

508 1868 583 1922 in
607 1862 837 1919 excelsis
876 1878 890 1914 :
935 1867 1086 1914 tanto
1130 1854 1324 1910 melior
1358 1851 1569 1923 angelis
1606 1850 1852 1913 elfectus,
1891 1856 2094 1918 quanto

510 1954 849 2015 dili'erentius
875 1966 989 2024 prae
1014 1949 1119 2005 illis
1148 1960 1344 2003 nomen
1370 1941 1798 2000 haereditavit".
1830 1959 1850 1993 a
1879 1939 1973 1995 Est
1997 1954 2095 1993 au-

510 2056 616 2101 tem
674 2041 896 2097 verbum
938 2038 1066 2110 efﬁci
1106 2034 1440 2093 contrarium
1481 2032 1647 2089 verbo
1693 2047 1825 2087 esse.
1872 2029 2006 2085 Nam
2048 2029 2096 2086 is

508 2139 599 2209 qui
645 2145 729 2192 est
767 2133 1023 2205 splendor
1057 2129 1261 2202 gloriae,
1300 2137 1356 2183 et
1399 2127 1566 2198 ﬁgura
1611 2124 1948 2188 substantiae,
1986 2136 2095 2178 non

507 2229 738 2288 eiicitur
773 2224 967 2282 melior
1001 2222 1230 2293 angelis,
1263 2220 1360 2276 sed
1395 2229 1479 2275 est
1513 2216 1721 2288 angelis
1756 2231 1863 2272 non
1903 2215 2097 2272 melior

510 2316 907 2380 tantummodo,
939 2328 1131 2368 verum
1167 2312 1330 2368 etiam
1370 2309 1611 2378 ipsorum
1647 2315 1864 2364 creator
1893 2320 1958 2361 ac
1996 2307 2093 2363 do-

508 2413 710 2468 minus.
751 2407 871 2464 lam
912 2405 959 2461 si
1002 2403 1170 2459 verbo
1209 2418 1320 2458 sue
1361 2400 1697 2456 contrarium
1742 2405 1825 2453 est
1864 2395 2094 2477 verbum

508 2501 659 2574 ιθῑςὶ,
696 2514 791 2570 per
818 2498 948 2553 illud
981 2495 1199 2566 quidem
1256 2489 1714 2563 sempiternaliter
1740 2488 2094 2543 exsistentem

510 2592 896 2663 intelligemus,
920 2602 1017 2659 per
1038 2588 1139 2642 hoc
1191 2592 1371 2641 autem
1404 2596 1527 2638 eum
1554 2581 1644 2650 qui
1674 2580 1739 2636 de
1767 2579 1923 2634 nobis
1949 2592 2099 2633 sum-

509 2692 633 2755 ptus
656 2683 778 2747 fuit,
799 2688 856 2735 et
876 2677 1082 2751 angelis
1106 2676 1298 2733 melior
1317 2682 1402 2731 est
1424 2672 1670 2738 eli'ectus,
1696 2679 1917 2742 prepter
1938 2684 2094 2725 suam

509 2790 633 2831 cum
663 2780 971 2831 assumente
1001 2770 1402 2825 adunationem.
1435 2765 1500 2821 Et
1531 2764 1691 2835 paulo
1744 2771 1865 2833 post
1910 2762 1976 2816 ad
2006 2761 2094 2838 Fi—

510 2864 640 2918 lium
670 2862 888 2933 quidem
920 2860 1052 2915 dicit
1084 2877 1098 2916 :
1136 2876 1155 2910 ι
1188 2856 1439 2913 'l‘hronus
1470 2864 1612 2921 tuus,
1646 2856 1807 2920 Deus,
1840 2853 1893 2907 in
1924 2867 2096 2908 saecu-

510 2953 621 3007 lum
660 2952 876 3017 ateculi;
913 2951 1065 3019 virga
1107 2948 1400 3018 aequitatis,
1441 2948 1594 3014 virga
1637 2945 1788 3013 regni
1835 2943 1912 2999 tui
1954 2960 1969 2998 :
2014 2943 2096 2998 di-

474 3045 687 3100 "lexisti
725 3042 1018 3112 justitiam,
1063 3050 1119 3095 et
1157 3039 1321 3095 odisti
1364 3036 1704 3107 iniquitatem
1749 3053 1763 3091 :
1807 3045 2091 3106 propterea
2120 3084 2163 3143 ο

511 3135 668 3190 unxit
709 3142 762 3189 te
804 3132 973 3197 Deus,
1018 3130 1161 3186 Deus
1204 3139 1359 3195 tuus,
1403 3129 1523 3184 oleo
1563 3128 1943 3184 exsultationis
1984 3143 2094 3198 pra:

508 3224 869 3297 participibus
912 3224 1019 3279 tuis
1042 3222 1108 3276 ⁸ο.
1160 3240 1182 3273 ι
1229 3220 1349 3277 Jam
1392 3235 1520 3277 vero
1563 3221 1735 3286 Deus,
1777 3230 1831 3275 et
1872 3221 2093 3292 quidem

508 3319 701 3376 Graeco
725 3315 955 3373 articulo
982 3315 1272 3386 pmposito
1297 3314 1519 3387 proprie
1542 3314 1720 3369 dictus
1745 3313 1909 3380 Deus,
1938 3314 2093 3368 thro-

510 3425 748 3481 numque
785 3419 975 3464 tenens
1009 3409 1061 3462 in
1102 3406 1359 3461 saeculum
1399 3407 1604 3473 saeculi,
1639 3407 1730 3476 qui
1769 3406 1884 3461 ﬁeri
1921 3415 2096 3477 potest

512 3511 570 3560 ut
610 3520 639 3558 a
683 3502 793 3559 Deo
833 3500 1100 3572 ungatur?
1135 3498 1413 3567 Quomodo
1451 3499 1521 3554 ab
1560 3499 1828 3555 electione
1868 3514 2095 3569 regnum

510 3596 796 3662 sortietur,
829 3595 919 3664 qui
947 3593 1072 3662 jure
1107 3592 1339 3647 naturali
1371 3606 1597 3662 regnum
1628 3590 1831 3647 habet?
1862 3610 1881 3644 ι
1922 3591 2098 3647 Thro-

510 3706 616 3746 nus
638 3691 782 3745 enim
818 3699 963 3768 tuus,
985 3686 1203 3759 832m
1228 3685 1424 3755 inquit,
1447 3684 1612 3751 Deus,
1638 3685 1690 3739 in
1711 3684 1967 3741 saeculum
1991 3700 2095 3741 sa:-

510 3782 643 3839 culi.
686 3797 709 3835 a
750 3780 886 3836 Esse
921 3780 1104 3850 itaque
1139 3793 1349 3849 regem,
1382 3778 1716 3841 contrarium
1752 3787 1837 3833 est
1872 3778 2095 3834 dictioni

512 3875 642 3946 ungi
672 3875 727 3929 in
758 3888 964 3944 regem.
985 3872 1124 3939 Quia
1156 3870 1391 3927 dilexisti
1411 3870 1683 3938 justitiam
1712 3879 1767 3924 et
1797 3869 1961 3925 odisti
1990 3869 2097 3924 ini-

511 3968 800 4038 quitatem.
825 3963 961 4021 Nam
993 3964 1239 4021 laborum
1274 3964 1553 4034 praemium
1583 3971 1668 4018 est
1701 3960 1811 4018 tale
1843 3977 2091 4035 regnum.

513 4061 724 4117 llursus
765 4061 947 4130 itaque
994 4058 1161 4113 Deum
1190 4056 1343 4125 cuius
1374 4058 1602 4113 thronus
1630 4056 1683 4111 in
1712 4057 1969 4111 saeculum
1994 4070 2097 4111 sa:-

512 4152 643 4220 euii,
668 4149 1129 4221 sempiternaliter
1151 4147 1299 4202 illum
1326 4148 1678 4204 exsistentem
1704 4147 2093 4219 intelligemus.

511 4245 650 4304 Eum
693 4256 874 4299 autem
915 4242 1006 4313 qui
1044 4252 1240 4313 postea
1284 4251 1477 4297 unctus
1517 4240 1637 4306 fuit,
1680 4248 1902 4310 propter
1936 4254 2092 4296 suum

510 4336 723 4409 peccati
754 4335 961 4397 odium,
991 4342 1047 4389 et
1072 4332 1299 4401 iustitia:
1324 4344 1597 4397 amorem,
1627 4328 1774 4385 illum
1808 4330 2095 4386 credemus

2196 1849 2502 1921 ἐποίησεν),
2530 1850 2832 1920 ἐπήγαγεν·
2863 1868 2881 1901 ι
2905 1849 3192 1904 Ἐκάθισεν
3224 1854 3285 1906 ὲν
3315 1853 3467 1926 δεξιᾷ
3483 1855 3582 1925 τῆς
3612 1872 3798 1928 μεγα-

2195 1940 2444 2013 λωσύνης
2492 1944 2549 1995 ὲν
2595 1941 2844 2013 ὑψηλοῖς,
2886 1943 3129 2015 τοσούτῳ
3180 1944 3451 2014 κρείττων
3494 1947 3797 2018 γενόμενος

2194 2031 2305 2086 τῶν
2329 2031 2601 2102 ἀγγέλων,
2629 2032 2742 2104 ὅσῳ
2774 2033 3181 2107 διαφορώτερον
3213 2037 3347 2105 παρ’
3371 2036 3559 2101 αὐτοῖς
3582 2038 3795 2109 κεκλη-

2199 2125 2504 2196 ρονόμηκεν
2545 2123 2742 2195 ὄνομα.
2774 2142 2793 2177 ι
2848 2126 3123 2181 Ἐναντίον
3155 2127 3213 2181 δὲ
3257 2127 3353 2182 τοῦ
3399 2128 3693 2199 γενέσθαι,
3726 2129 3797 2184 τὸ

2196 2212 2335 2271 εἶναι
2354 2233 2368 2247 ·
2397 2218 2425 2270 ὁ
2449 2216 2559 2287 γὰρ
2579 2215 2654 2270 ὣν
2677 2216 3024 2289 ἀπαύγασμα
3048 2219 3150 2290 τῆς
3180 2220 3362 2292 δόξης,
3382 2222 3478 2275 καὶ
3501 2222 3795 2295 χαρακτὴρ

2195 2308 2297 2378 τῆς
2325 2308 2795 2374 ὑποστάσεωςίού
2825 2310 3033 2379 γίνεται
3065 2311 3334 2383 κρείττων
3367 2315 3636 2383 ἀγγέλων,
3670 2315 3793 2369 ἀλλ’

2195 2399 2342 2454 ἐστιν
2363 2400 2613 2468 ἀγγέλων
2634 2402 2696 2454 ού
2721 2401 2989 2473 κρείττων
3015 2403 3200 2472 μόνον,
3228 2404 3365 2458 ἀλλά
3396 2406 3490 2459 καὶ
3513 2407 3792 2480 Ποιητής,

2197 2492 2292 2546 καὶ
2326 2491 2608 2563 Δεσπότης
2628 2509 2644 2525 ⁸
2673 2494 2721 2546 εἰ
2755 2492 2812 2546 δὲ
2842 2493 3085 2555 ἐναντίον
3112 2494 3206 2547 τοῦ
3237 2490 3372 2547 εἶναι
3399 2495 3460 2547 τὸ
3492 2497 3798 2562 γενέσθαι,

2194 2584 2262 2639 δι’
2297 2584 2507 2638 ἐκείνου
2538 2585 2639 2655 μὲν
2667 2585 2759 2639 τὸν
2786 2587 2875 2639 ἀεὶ
2904 2585 3035 2639 ὄντα
3070 2592 3351 2659 νοήσομεν,
3373 2586 3458 2640 διὰ
3489 2587 3695 2641 τούτου
3727 2588 3797 2642 δὲ

2194 2677 2256 2731 τὸ
2278 2679 2336 2743 ἐξ
2361 2675 2522 2747 ἡμῶν
2548 2678 2885 2748 ἀναληφθὲν,
2909 2678 3007 2732 καὶ
3027 2684 3263 2750 κρεῖττον
3281 2679 3385 2733 τῶν
3411 2680 3677 2749 ἀγγέλων
3694 2698 3793 2750 γε-

2195 2771 2516 2840 γενημένον,
2528 2769 2620 2824 διά
2636 2770 2734 2840 τὴν
2749 2771 2887 2842 πρὸς
2904 2771 2998 2825 τὸν
3020 2771 3343 2842 ἀνειληφότα
3362 2772 3566 2826 ἕνωσιν
3583 2788 3597 2802 ο
3620 2772 3789 2828 πάλιν

2199 2862 2318 2934 μετ’
2332 2861 2515 2930 ὀλίγα,
2559 2862 2699 2934 πρὸς
2721 2864 2820 2934 μὲν
2847 2864 2939 2919 τὸν
2964 2865 3091 2919 Υἰόν
3110 2882 3272 2937 φησιν
3287 2880 3302 2894 ⁸
3324 2885 3342 2916 ι
3364 2865 3423 2919 '0
3455 2863 3645 2936 θρόνος
3667 2883 3784 2929 σου,

2194 2957 2224 3009 ὁ
2251 2954 2403 3019 Θεὸς,
2434 2956 2515 3018 εἰς
2536 2954 2627 3008 τὸν
2656 2955 2830 3010 αἰῶνα
2848 2956 2944 3010 τοῦ
2980 2956 3176 3020 αἰῶνος
3201 2971 3215 2986 ⁸
3245 2956 3441 3027 ῥάϐδος
3467 2940 3781 3028 εὐθύτητος.

2196 3048 2230 3119 ἡ
2264 3047 2460 3119 ῥάϐδος
2488 3050 2589 3120 τῆς
2620 3048 2900 3120 βασιλείας
2930 3066 3025 3103 σου
3049 3067 3064 3082 ο
3087 3049 3387 3121 ἠγάπησας
3412 3049 3783 3123 δικαιοσύνην,

2196 3141 2289 3195 καὶ
2317 3140 2587 3212 ἐμίσησας
2625 3141 2855 3212 ἀνομίαν
2875 3156 2888 3171 ’
2916 3141 3005 3195 διὰ
3030 3141 3192 3195 τοῦτο
3223 3142 3410 3213 ἔχρισε
3437 3160 3497 3196 σε
3525 3144 3555 3196 ό
3575 3143 3729 3208 Θεὸς,
3756 3147 3786 3198 ὸ

2196 3232 2331 3297 Θεὸς
2359 3250 2476 3299 σου,
2529 3233 2709 3287 ἔλαιον
2755 3231 3135 3301 ἀγαλλιάσεως
3173 3236 3328 3306 παρά
3357 3234 3486 3301 τοὺς
3522 3236 3785 3308 μετόχους

2198 3342 2313 3380 σου.
2345 3344 2364 3377 ι
2406 3327 2465 3380 '0
2491 3326 2548 3381 δὲ
2577 3326 2733 3392 Θεὸς,
2767 3326 2863 3381 καὶ
2893 3325 3033 3397 μετά
3052 3326 3150 3381 τοῦ
3181 3328 3389 3399 ἄρθρου
3415 3346 3786 3402 προσαγορευ-

2195 3416 2310 3483 θεὶς
2332 3418 2487 3484 Θεὸς,
2508 3418 2717 3473 καὶτὸν
2740 3418 2927 3490 θρόνον
2949 3417 3089 3489 ἔχων
3113 3420 3196 3481 είς
3223 3419 3318 3472 τὸν
3342 3419 3516 3473 αἰῶνα
3539 3420 3633 3473 τοῦ
3652 3420 3785 3474 αἰῶ-

2195 3526 2308 3574 νος,
2342 3509 2459 3574 πῶς
2487 3510 2554 3563 ἂν
2586 3510 2691 3563 ὑπὸ
2728 3508 2823 3564 τοῦ
2851 3508 2984 3564 Θεοῦ
3017 3510 3269 3582 χρισθείη
3296 3528 3310 3574 ;
3340 3512 3467 3575 Πῶς
3510 3512 3579 3566 ἂν
3606 3530 3787 3585 χειρο-

2195 3602 2428 3674 τονητήν
2473 3602 2630 3657 λάϐοι
2667 3602 2967 3674 βασιλείαν,
3016 3604 3256 3673 φυσικὴν
3294 3603 3435 3673 ἔχων
3469 3602 3783 3674 βασιλείανς

2204 3712 2224 3746 ι
2252 3695 2311 3749 '0
2331 3694 2518 3767 θρόνος
2543 3712 2638 3749 σου
2668 3695 2802 3768 γὰρ,
2831 3696 3014 3767 φησὶν,
3040 3697 3069 3748 ὁ
3093 3694 3251 3760 Θεὸς,
3280 3697 3361 3759 εἰς
3377 3695 3468 3749 τὸν
3497 3696 3667 3750 αἰῶνα
3692 3696 3785 3750 τοῦ

2196 3788 2411 3852 αἰῶνος.
2440 3807 2458 3839 ι
2498 3786 2710 3841 Οὐκοῦν
2740 3789 2985 3843 ἐναντίον
3022 3788 3083 3842 τὸ
3131 3782 3276 3842 εἶναι
3312 3788 3541 3858 βασιλέα
3574 3788 3669 3842 τοῦ
3708 3790 3786 3854 εἰς

2198 3877 2422 3949 βασιλέα
2475 3879 2795 3951 χρισθῆναι,
2844 3879 2934 3934 διά
2974 3879 3035 3933 τὸ
3085 3880 3375 3951 ἀγαπῆσαι
3417 3879 3784 3951 δικαιοσύνην,

2197 3971 2293 4025 καὶ
2325 3971 2557 4042 μισῆσαι
2603 3972 2857 4042 ἀνομίαν.
2895 3972 3079 4026 Πόνων
3120 3973 3230 4044 γὰρ
3287 3968 3451 4028 ἆθλον
3491 3975 3526 4045 ή
3561 3972 3784 4045 τοιαύτη

2198 4062 2469 4134 βασιλεία.
2491 4062 2703 4118 Οὐκοῦν
2733 4064 2895 4118 πάλιν
2916 4066 3007 4118 τὸν
3036 4065 3139 4135 μὲν
3165 4065 3322 4131 Θεὸν,
3341 4058 3405 4119 οὗ
3426 4068 3458 4120 ό
3488 4066 3673 4138 θρόνος
3706 4067 3787 4128 εἰς

2196 4152 2370 4207 αἰῶνα
2399 4153 2618 4219 αἰῶνος,
2659 4154 2751 4207 τὸν
2775 4156 2864 4209 ἀεὶ
2884 4154 3014 4208 ὅντα
3035 4157 3301 4227 νοήσομεν
3320 4172 3334 4186 ’
3364 4156 3458 4209 τὸν
3478 4156 3535 4209 δὲ
3564 4155 3791 4227 ὕστερόν

2195 4261 2329 4298 ποτε
2359 4245 2656 4317 χρισθέντα
2678 4247 2768 4301 διά
2796 4246 2858 4300 τὸ
2884 4247 3016 4318 περὶ
3041 4248 3142 4320 τὴν
3173 4247 3450 4319 ἁμαρτίαν
3478 4251 3652 4318 μῖσος,
3685 4249 3793 4301 καὶ

2195 4337 2296 4408 τὴν
2326 4337 2706 4409 ἀγαπηθετσαν
2739 4340 2830 4392 ὑπ’
2856 4339 3026 4393 αὑτοῦ
3059 4340 3424 4410 δικαιοσύνην,
3446 4339 3502 4391 τὸ
3532 4339 3592 4404 ἐξ
3617 4340 3792 4411 ἡμῶν

512 4430 579 4485 de
608 4426 764 4483 nobis
795 4434 1102 4495 sumptum,
1134 4432 1189 4478 et
1221 4437 1287 4477 ex
1329 4421 1526 4478 Davide
1562 4434 1723 4492 atque
1752 4423 2094 4491 Abrahamo,

2201 4429 2423 4501 ληφθὲν,
2453 4431 2515 4483 τὸ
2555 4432 2621 4484 ἐκ
2662 4431 2850 4498 Δασὶδ,
2895 4433 2956 4488 τὸ
2997 4432 3058 4499 ἐξ
3106 4432 3379 4505 ’Δὸραάμ,
3421 4431 3483 4485 τὸ
3520 4433 3793 4503 μετόχους

510 4530 568 4578 et
604 4518 696 4590 qui
738 4517 873 4573 alios
915 4514 1208 4586 participes
1248 4513 1334 4568 sui
1373 4513 1560 4579 habet,
1597 4526 1733 4583 quos
1774 4513 1917 4568 inter
1952 4514 2097 4569 chri-

509 4623 686 4669 smate
721 4610 972 4674 excellit,
1010 4610 1215 4679 quique
1254 4607 1438 4663 omnia
1494 4605 1821 4661 sanctissimi
1864 4604 2099 4677 Spiritus

511 4706 844 4764 charismata
886 4705 940 4759 in
980 4717 1040 4758 se
1079 4701 1304 4771 recepit.
1344 4702 1596 4755 Attamen
1628 4700 1689 4754 in
1731 4707 1960 4768 utraque
1997 4714 2098 4755 na—

513 4809 634 4873 tura
665 4813 827 4852 uuum
858 4794 1055 4851 Filium
1084 4791 1454 4848 adorabimus.

582 4888 785 4944 lterum
824 4890 1017 4944 beatus
1054 4885 1255 4942 Paulus
1294 4884 1554 4939 Davidem
1598 4890 1791 4940 testem
1833 4882 2093 4940 invocans

513 4984 606 5056 qui
638 4984 717 5038 ait
749 5000 762 5039 :
798 5000 820 5035 ι
858 4981 1106 5047 Domine,
1140 4979 1268 5049 quid
1303 4988 1386 5033 est
1409 4979 1594 5042 homo,
1624 4977 1769 5046 quod
1800 4992 2007 5032 memor
2034 4991 2095 5033 es

511 5076 652 5145 eius,
688 5083 784 5130 aut
819 5075 960 5130 illius
996 5071 1231 5128 hominis
1272 5070 1529 5139 quoniam
1568 5069 1759 5125 visitas
1794 5068 1957 5124 eum?
1993 5068 2091 5124 Mi-

513 5168 681 5223 nuisti
709 5182 833 5223 eum
852 5167 1010 5238 paulo
1038 5166 1216 5221 minus
1241 5164 1307 5219 ab
1334 5161 1567 5232 angelis;
1597 5161 1771 5232 gloria
1801 5172 1856 5218 et
1886 5163 2092 5219 honore

510 5260 789 5316 coronasti
818 5276 942 5315 eum
972 5260 1052 5328 ‘l;
1085 5278 1105 5312 ι
1135 5256 1379 5312 addidit:
1410 5274 1429 5308 ι
1462 5255 1598 5310 Eum
1632 5264 1814 5311 autem
1846 5256 1938 5326 qui
1972 5270 2087 5310 moo

2197 4520 2343 4591 ἔχον,
2389 4514 2471 4584 οἷς
2502 4520 2821 4575 πλεονεκτεῖ
2857 4522 2936 4594 τῷ
2969 4524 3259 4596 χρίσματι,
3308 4527 3366 4578 ὲν
3419 4521 3596 4593 ἐαυτῷ
3634 4522 3794 4587 δεξά-

2199 4630 2360 4685 μενον
2390 4614 2570 4668 πάντα
2602 4614 2672 4668 τά
2715 4614 3039 4687 χαρίσματα
3066 4614 3163 4670 τοῦ
3213 4617 3489 4685 παναγίου
3532 4615 3793 4687 Πνεύμα-

2194 4721 2287 4769 τος
2306 4722 2318 4734 ·
2350 4707 2409 4759 ὲν
2435 4706 2676 4779 ἑκατέρᾳ
2704 4707 2762 4763 δὲ
2785 4707 2946 4778 φύσει
2972 4708 3050 4780 (2)
3080 4709 3172 4764 τὸν
3197 4708 3297 4765 ἕνα
3324 4709 3453 4764 Υίὸν
3475 4709 3794 4780 προσκυνήο

2199 4815 2406 4870 σωμεν.

2269 4893 2382 4945 Καὶ
2408 4887 2566 4958 αὖθις
2599 4892 2658 4946 δὲ
2678 4894 2705 4946 ὁ
2742 4893 3013 4966 μακάριος
3055 4891 3270 4958 Παῦλος
3301 4894 3396 4949 τὸν
3427 4892 3595 4948 Δαϐιδ
3629 4891 3799 4946 καλέ-

2201 5000 2302 5047 σας
2339 4986 2423 5048 εἰς
2466 4985 2775 5057 μαρτυρίαν
2814 4986 3043 5056 λέγοντα
3066 5003 3079 5018 ο
3115 5005 3134 5039 ι
3160 4987 3357 5059 Κύριε,
3398 4987 3451 5040 τί
3494 4988 3648 5040 ἐστιν
3692 4986 3795 5039 ἄνο-

2197 5073 2415 5145 θρωπος
2448 5078 2532 5131 ὅτι
2578 5078 2865 5151 μιμνήσκῃ
2903 5077 3070 5132 αὐτοῦ
3091 5120 3106 5144 ,
3145 5079 3179 5151 ἢ
3212 5078 3329 5144 υίὸς
3382 5077 3675 5151 ἀνθρώπου
3706 5077 3797 5130 ὅτι

2197 5167 2506 5241 ἐπισκέπτῃ
2539 5170 2741 5235 adadv;
2779 5171 3130 5236 Ἠλάττωσας
3165 5173 3329 5227 αὑτὸν
3370 5172 3545 5243 βραχύ
3573 5189 3628 5225 τι
3657 5171 3793 5240 παρ’

2198 5259 2482 5329 ἀγγέλους,
2522 5260 2648 5334 δόξῃ
2679 5263 2777 5316 καὶ
2804 5267 2941 5336 τιμῇ
2971 5264 3361 5333 ιστεφάνωσας
3395 5264 3561 5319 αὐτόν
3584 5281 3597 5293 ·
3623 5281 3645 5315 a
3686 5264 3792 5317 ιπ-

585 5435 633 5472 ¹⁹
667 5434 831 5491 Hebr.
858 5451 900 5503 ι,
935 5437 989 5491 5.
1064 5437 1112 5471 ⁸⁸
1144 5438 1273 5495 ibid.
1310 5438 1365 5493 ι.
1443 5433 1488 5467 ⁸⁸
1520 5435 1650 5492 ibid.
1675 5436 1729 5504 8,
1758 5434 1810 5491 9.
1890 5436 1933 5468 ⁶¹
1970 5433 2094 5491 Hebl

2201 5453 2234 5502 I,
2279 5439 2334 5504 6,
2363 5440 2418 5497 7.

534 5594 540 5599 ’
582 5593 662 5665 (l)
701 5593 781 5649 Ad
796 5592 948 5665 inme
972 5592 1126 5665 Luca:
1151 5593 1496 5665 loeumgquod
1524 5591 1715 5665 attinet
1739 5590 1947 5663 legatur
1977 5591 2095 5665 pul-

508 5662 651 5723 chra'
680 5664 866 5736 Cyrilli
901 5664 1070 5736 nostri
1106 5663 1380 5736 enarratio
1405 5664 1566 5736 etiam
1609 5663 1663 5715 in
1694 5662 2097 5736 commentariis

507 5736 626 5800 dua
645 5727 905 5809 quoa'noa
931 5732 1217 5793 edidimus.
1243 5727 1503 5799 (Hujusce
1524 5730 1730 5785 Patrol.
1759 5742 1797 5788 ι.
1828 5727 2094 5803 LXXII.)

2400 5595 2499 5653 Hie
2527 5612 2744 5669 quoque
2773 5600 2907 5683 (luas
2924 5599 2986 5681 in
3017 5612 3125 5653 uno
3148 5598 3372 5654 Christo
3397 5608 3622 5679 naturas
3648 5598 3801 5668 apud

2278 5683 2331 5723 τι
2357 5673 2462 5723 lum
2501 5669 2752 5723 Ieaitnus.
2786 5683 2969 5723 nmtts
3002 5668 3201 5723 frustra
3238 5669 3576 5723 Severtanls.

2206 5667 2462 5741 Cyrillum
2501 5667 2752 5743 legimus,
2786 5671 2969 5727 invitis
3002 5668 3201 5727 frustra
3238 5669 3576 5727 Severianls.
