4016 6202
280 323 414 378 1457

1455 346 1541 402 DE
1579 347 2091 409 INCARNATIONE
2132 353 2389 414 DOMINL

3417 369 3556 424 “‘58

272 441 672 552 naia‘rs'mt‘Tbv
711 451 769 506 δὲ
811 454 985 527 βραχύ
1035 429 1086 512 τι
1133 462 1264 533 παρ’
1305 465 1572 534 ἀγγέλους
1617 472 1830 540 ὴλαττω

1933 475 2092 535 .ἀὶεο
2135 494 2299 549 quam
2344 483 2520 552 angeli
2567 483 2871 539 minoratus
2913 496 3015 550 est,
3057 486 3312 542 videmus
3340 485 3549 552 Iesum,

276 536 438 605 μένον
478 538 751 613 βλέπομεν
787 547 1015 615 Ἰησοῦν,
1061 550 1149 605 διά
1187 555 1246 607 τὸ
1291 556 1523 630 πάθημα
1564 536 1661 614 τού
1696 561 1862 618 θανά-

1967 579 2190 640 propter
2217 575 2523 642 passionem
2555 577 2768 642 mortis,
2800 576 2969 646 gloria
3003 587 3055 634 et
3087 580 3291 634 honore
3321 595 3552 636 corona-

269 644 403 742 Σουζ
442 631 575 740 δόξῃ
611 635 706 688 καὶ
756 641 888 710 τιμῇ
942 641 1417 718 ἐστεφανωμένον,
1479 652 1624 717 ὅπως
1679 655 1830 725 χάριτ

1966 671 2109 726 tum,
2157 673 2215 718 ut
2259 666 2432 736 gratia
2483 666 2610 733 Dei,
2655 683 2752 738 pro
2794 669 3046 724 omnibus
3091 680 3320 724 mortem
3367 681 3550 742 gusta-

268 716 404 818 θεοῦ
437 723 578 794 ὑπὲρ
607 729 808 818 παντὸς
835 731 1101 804 γεύσηται
1133 716 1386 796 θανάτου.
1415 761 1432 792 ›
1470 716 1641 798 Τοῦτο
1754 716 1862 818 ’μά-

269 805 433 908 λιστα
481 816 671 885 σαφῶς
710 819 949 876 δείκνυσι
979 827 1074 879 τοῦ
1117 830 1520 901 ἀναληφθέντος
1567 805 1856 908 ἀνθρώπου

268 902 328 956 τὸ
360 905 597 963 τέλειονο
626 914 721 966 καί
752 917 859 987 γάρ
913 935 1080 989 φησι·
1117 940 1136 973 t
1166 923 1232 975 Τί
1261 925 1408 980 ἐστιν
1437 902 1744 1000 ἄνθρωπος,
1774 933 1857 988 ὅτι

274 1001 558 1074 μιμνήσκῃ
614 1007 819 1075 αὐτοῦ;
853 1028 872 1062 ι
913 1012 1052 1067 ἀλλά
1098 1015 1151 1068 τί
1196 1016 1344 1074 ἐστιν
1392 1020 1711 1092 ἄνθρωπος,
1761 1026 1854 1079 καὶ

270 1094 450 1148 πᾶσαν
489 1097 623 1166 ὁμοῦ
653 1100 751 1172 τήν
790 1103 954 1172 φύσιν
988 1108 1329 1179 περιλαϐών·
1363 1115 1459 1168 καὶ
1507 1116 1711 1187 Κύριον
1757 1119 1855 1189 μὲν

269 1190 751 1278 προσαγορεύσας,
798 1197 890 1250 τὸν
943 1201 1301 1274 ἑνοικήσαντα
1346 1205 1479 1260 Θεὸν
1520 1209 1715 1278 Λόγον,
1761 1212 1853 1267 τὸν

265 1277 366 1373 τῆς
402 1280 608 1346 οἰκείας
648 1287 853 1354 εἰκόνος
902 1293 1231 1362 μνησθέντα,
1276 1297 1368 1351 τὸν
1398 1301 1624 1373 ἀρρήτῳ
1665 1302 1852 1372 φιλαν-

268 1371 484 1466 θρωπίᾳ
543 1380 892 1450 χρησάμενον
921 1401 933 1412 ·
991 1385 1284 1458 ἄνθρωπον
1337 1389 1394 1445 δὲ
1438 1371 1540 1446 τὸν
1572 1371 1630 1461 ἐξ
1679 1371 1850 1466 ήμῶν

265 1465 642 1538 ἀναληφθέντα
673 1472 820 1538 ναὸν,
850 1475 909 1528 ὃν
938 1480 1006 1547 τῇ
1043 1482 1318 1555 παρουσίᾳ
1347 1465 1848 1556 ὲπεσκέψατο,ίίκαὶ

264 1557 441 1629 ἑαυτῷ
474 1562 700 1632 συνῆψε,
732 1566 826 1620 καὶ
855 1569 918 1640 τῇ
955 1570 1145 1626 ἑνώσει
1185 1573 1286 1645 τὴν
1329 1577 1605 1648 σωτηρίαν
1660 1581 1848 1650 εἰργά-

265 1664 428 1701 σατο·
459 1651 553 1704 καὶ
585 1653 743 1722 τούτο
794 1657 1111 1729 ἑρμηνεύων
1143 1662 1246 1734 ἔφη
1267 1681 1282 1696 ο
1316 1683 1334 1716 t
1366 1666 1468 1720 Τὸν
1487 1667 1544 1721 δὲ
1580 1669 1755 1740 βραχύ
1795 1689 1846 1726 τι

1962 763 2047 808 ret
2071 755 2138 810 “.
2180 774 2197 807 ι
2232 758 2345 813 Hoc
2376 767 2556 814 autem
2591 761 3038 817 manifestissime
3070 765 3334 832 assumpti
3371 761 3546 817 homi-

1960 845 2045 900 nis
2078 847 2468 914 perfectionem
2501 850 2861 906 demonstrat.
2892 852 2981 907 Ait
3010 853 3153 908 enim
3186 872 3200 908 :
3240 871 3258 904 ‹
3296 853 3434 920 Quid
3463 865 3546 910 est

1960 939 2140 1006 homo,
2177 941 2319 1010 quod
2357 958 2564 998 memor
2594 959 2654 999 es
2689 944 2900 1013 ejus?»
2943 944 3051 1000 Sed
3087 945 3216 1016 quid
3255 953 3340 1001 est
3378 946 3545 1000 homo

1956 1031 2082 1084 dum
2125 1035 2219 1099 ait,
2261 1033 2570 1090 universam
2611 1037 2770 1092 simul
2809 1047 3060 1092 naturam
3104 1037 3539 1108 comprehendit.

1954 1121 2018 1176 Et
2059 1123 2185 1179 dum
2230 1125 2514 1182 Dominum
2557 1127 2812 1197 appellat,
2852 1127 3018 1184 Deum
3049 1128 3286 1185 Verbum
3328 1129 3544 1186 inhabi-

1955 1225 2075 1270 taus
2107 1217 2255 1283 dicit,
2281 1219 2427 1288 quod
2458 1235 2570 1274 suae
2603 1220 2856 1289 imaginis
2889 1236 3096 1275 memor
3123 1221 3246 1286 fuit,
3277 1222 3421 1291 quod
3459 1221 3542 1276 in-

1951 1306 2216 1363 ell‘ahilem
2240 1310 2584 1366 clementiam
2607 1315 2961 1382 exprompsit.
2988 1312 3272 1369 Hominem
3298 1313 3536 1383 denique

1949 1401 2022 1454 ait
2074 1399 2202 1455 illud
2230 1404 2372 1472 quod
2397 1405 2465 1459 de
2493 1405 2648 1460 nobis
2676 1415 2951 1474 sumptum
2979 1417 3060 1462 est
3089 1405 3367 1478 templum,
3393 1408 3535 1475 quod

1951 1492 2236 1560 praesentia
2265 1509 2363 1549 sua
2387 1495 2655 1563 visitavit,
2683 1498 2900 1568 sibique
2923 1499 3218 1569 capulavit,
3242 1513 3416 1568 eaque
3443 1498 3536 1552 ad—

1949 1584 2206 1641 unatione
2229 1585 2459 1641 salutem
2486 1591 2714 1660 peregit.
2735 1589 2865 1657 Quae
2891 1590 3004 1662 ipse
3030 1590 3398 1663 interpretans
3421 1590 3497 1644 ait
3517 1607 3541 1644 ε

1953 1695 1972 1727 ι
2017 1675 2152 1732 Eum
2193 1690 2371 1735 autem
2411 1681 2502 1750 qui
2546 1682 2762 1738 modico
2803 1697 2966 1752 quam
3010 1684 3187 1754 angeli
3231 1684 3532 1738 minoratus

264 1740 393 1808 παρ’
414 1740 681 1809 ἀγγέλους
709 1744 1092 1818 ἠλαττωμένον
1123 1751 1395 1823 βλέπομεν
1433 1757 1639 1828 Ἰησοῦν
1668 1760 1757 1814 διὰ
1783 1763 1830 1816 τὶ

1947 1769 2340 1835 est,.videmus
2381 1772 2596 1841 Jesum,
2637 1783 2858 1846 propter
2897 1777 3091 1831 mortis
3127 1778 3460 1847 passionem.
3506 1795 3526 1828 ι

262 1829 493 1935 πάθημα
529 1835 624 1890 τοῦ
661 1837 912 1894 θανάτου.
940 1861 957 1892 ι
1008 1844 1273 1899 Ἀπέθανε
1303 1847 1360 1901 δὲ
1393 1851 1491 1921 οὐχ
1520 1853 1548 1904 6
1576 1852 1830 1919 ἀθάνατοί

1948 1859 2190 1916 Mortuus
2214 1871 2297 1918 est
2325 1829 2991 1933 itaquenonlim'mortalis
3021 1829 3184 1935 Deurs,
3211 1869 3305 1923 sed
3334 1876 3531 1924 natura

259 1921 390 2013 θεὸς
421 1925 613 1994 Λόγος,
648 1929 763 1983 ἀλλ’
796 1933 827 2002 ή
865 1932 1033 2006 θνητὴ
1070 1936 1250 2006 φύσις.
1286 1939 1378 1993 Διὸ
1413 1943 1508 1994 καὶ
1545 1943 1845 2013 ἠλαττοῦτο

261 2010 432 2084 βραχύ
469 2031 523 2068 τι
585 2022 715 2089 παρ’
745 2019 1046 2088 ἀγγέλους,
1087 2024 1166 2095 τῷ
1208 2028 1333 2092 τούς
1400 2029 1498 2100 μὲν
1540 2010 1843 2100 ἀθανάτους

257 2101 417 2170 εἶναι,
451 2107 549 2180 τὴν
589 2110 644 2163 δὲ
677 2111 898 2184 θνητήν.
940 2115 1000 2170 ’0
1029 2116 1085 2170 δὲ
1108 2118 1240 2182 Θεὸς
1269 2121 1442 2191 Λόγος
1465 2124 1564 2177 οὐκ
1601 2126 1840 2181 ἐλάττων

255 2196 524 2292 ἀγγέλων,
567 2203 701 2259 ἀλλά
728 2207 994 2280 δεσπότης
1027 2211 1311 2280 ἀγγέλων·
1354 2234 1372 2268 ι
1412 2217 1500 2270 Ἐν
1531 2218 1682 2288 αὐτῷ
1729 2219 1841 2292 γὰρ

255 2290 478 2364 ἐκτίσθη
519 2297 588 2348 τά
629 2297 840 2364 πάντα,
874 2300 984 2354 εἴτε
1031 2303 1236 2370 ὁρατὰ,
1283 2305 1394 2360 εἴτε
1440 2308 1684 2380 ἀόρατα,
1726 2290 1838 2366 εἴτε

253 2382 464 2453 θρόνοι,
496 2389 606 2440 εἴτε
639 2391 993 2462 κυριότητες,
1017 2395 1126 2448 εἴτε
1157 2397 1366 2468 Ἀρχαὶ,
1393 2399 1504 2453 εἴτε
1542 2402 1836 2472 Ἐξουσίαι,

253 2474 364 2527 εἴτε
393 2478 668 2546 Ἄγγελοι,
691 2481 800 2534 εἴτε
824 2485 1094 2556 Δυνάμεις
1111 2506 1122 2518 ·
1156 2491 1334 2546 πάντα
1359 2493 1415 2547 δὲ
1437 2495 1504 2549 δι’
1530 2498 1720 2564 αὐτοῦ,
1743 2503 1837 2556 καὶ

251 2568 330 2630 εἰς
363 2568 526 2623 αὐτὸν
557 2571 820 2629 ἔκτισται.
857 2597 874 2629 ι
929 2579 1039 2633 Καὶ
1082 2583 1221 2652 μετὰ
1253 2585 1423 2640 πολλά
1464 2589 1628 2644 πάλιν
1649 2610 1660 2622 ·
1693 2611 1711 2645 ι
1739 2596 1835 2659 Ὃς

247 2660 308 2757 έν
331 2664 736 2757 ταῖςέήμέραις,
764 2672 919 2740 φησί,
947 2673 1049 2744 τῆς
1082 2677 1286 2747 σαρκὸς
1316 2681 1480 2735 αὐτοῦ
1503 2683 1714 2757 δεήσεις
1739 2691 1835 2742 καὶ

251 2752 534 2851 ἰκετᾼηρίας
563 2759 700 2830 πρὸς
739 2762 830 2816 τὸν
873 2763 1170 2835 δυνάμενον
1195 2771 1356 2825 αὐτὸν
1381 2775 1445 2827 ἐκ
1476 2752 1706 2831 θανάτου
1742 2782 1835 2851 ρύ-

251 2845 449 2946 σασθαιι
497 2852 645 2946 μετὰΔ
687 2858 933 2927 κραυγῆς
975 2860 1200 2934 ἰσχυρᾶς
1244 2867 1338 2918 καὶ
1366 2867 1620 2940 δακρύων
1663 2845 1834 2946 προσο

247 2937 517 3006 ενεγκὼν,
566 2943 659 2996 καὶ
721 2947 1097 3017 εἰσακουσθεὶς
1151 2957 1258 3010 ἀπὸ
1309 2959 1408 3030 τῆς
1455 2937 1763 3030 εὐλαϐείας.
1804 2986 1822 3021 ι

246 3031 467 3132 καίπερ
497 3032 580 3132 ὢν
607 3035 752 3102 Υἱὸς,
790 3039 993 3110 ἔμαθεν
1026 3045 1084 3111 ἐξ
1133 3040 1208 3100 ὧν
1233 3048 1400 3105 ἔπαθε
1431 3053 1531 3125 τὴν
1563 3056 1826 3132 ὑπακοὴν,

1949 1951 2216 2006 mortalis.
2264 1953 2386 2008 Ideo
2428 1963 2482 2010 et
2526 1957 2739 2012 modico
2783 1957 2921 2012 infra
2967 1959 3190 2029 angelos
3231 1958 3532 2015 minoratus

1943 2049 2050 2104 est,
2075 2042 2201 2109 quia
2230 2043 2282 2097 hi
2311 2053 2439 2099 sunt
2468 2045 2827 2113 immortales,
2854 2047 2944 2102 illa
2973 2063 3132 2104 secus
3163 2060 3357 2104 natura
3386 2064 3532 2104 mor-

1945 2131 2070 2188 talis
2096 2143 2198 2189 est.
2228 2133 2398 2191 Porro
2429 2137 2568 2192 Deus
2594 2138 2829 2195 Verbum
2856 2155 2961 2195 non
2991 2150 3076 2195 est
3104 2141 3244 2195 infra
3272 2142 3493 2211 angelos
3511 2182 3528 2208 ,

1941 2225 2036 2279 sed
2066 2226 2382 2293 angelorum
2409 2227 2629 2300 833m
2659 2230 2938 2286 Dominus.
2984 2249 3003 2282 ι
3035 2228 3300 2297 Quoniam
3326 2231 3380 2284 in
3413 2231 3545 2299 ipso.

1941 2319 2160 2372 condita
2197 2329 2323 2374 sunt
2357 2321 2644 2386 universa,
2681 2323 2794 2378 sive
2829 2323 3096 2390 visibilia,
3135 2323 3249 2378 sive
3284 2323 3533 2378 invisibi-

1941 2408 2034 2475 lia,
2065 2409 2182 2466 sive
2211 2409 2441 2479 Throni,
2474 2413 2592 2470 sive
2628 2414 3059 2484 Dominationes,
3095 2417 3210 2470 sive
3245 2415 3527 2486 Principa-

1941 2510 2057 2567 tus,
2084 2501 2198 2556 sive
2225 2501 2560 2570 Potestates,
2588 2506 2702 2561 sive
2725 2507 2914 2576 Angeli
2933 2548 2948 2574 ,
2977 2507 3090 2562 sive
3109 2504 3382 2573 Virtutes;
3408 2520 3530 2562 om-

1939 2594 2028 2648 nia
2059 2603 2238 2650 autem
2271 2609 2368 2666 per
2395 2595 2592 2667 ipsum,
2619 2606 2675 2653 et
2703 2599 2757 2654 in
2792 2597 2911 2668 ipso
2941 2608 3126 2654 creata
3158 2607 3286 2654 sunt
3308 2598 3373 2652 ⁶³.
3411 2616 3431 2650 ι
3461 2596 3527 2652 Ει

1937 2686 2063 2741 alibi
2107 2687 2286 2743 denuo
2325 2705 2340 2744 :
2385 2707 2404 2742 ι
2448 2689 2550 2756 Qui
2595 2691 2649 2746 in
2695 2690 2909 2755 diebus,
2953 2691 3148 2760 inquit,
3187 2691 3370 2747 carnis
3412 2705 3525 2746 sua:

1936 2792 2126 2846 preces
2163 2778 2698 2851 supplicationesque
2733 2783 2798 2836 ad
2835 2797 2958 2838 eum
2980 2823 2995 2850 ,
3030 2783 3123 2854 qui
3163 2784 3333 2854 possit
3369 2781 3523 2838 illum

1933 2869 2140 2924 salvum
2176 2869 2358 2926 facere
2395 2887 2424 2927 a
2464 2883 2662 2941 morte,
2700 2890 2822 2930 cum
2857 2875 3092 2931 clamore
3128 2875 3304 2931 valido
3343 2884 3397 2930 et
3438 2875 3522 2930 la-

1933 2962 2134 3033 crymis
2178 2961 2442 3030 offerens,
2491 2966 2780 3022 exauditus
2833 2975 2916 3022 est
2965 2980 3065 3036 pro
3111 2980 3209 3021 sua
3259 2981 3538 3022 reveren--

1935 3056 2005 3109 tia
2031 3055 2097 3110 “.
2143 3073 2164 3108 ι
2202 3055 2266 3111 Ει
2299 3057 2520 3128 quidem
2561 3074 2683 3113 cum
2722 3069 2866 3115 esset
2903 3058 3100 3126 Filius,
3138 3060 3325 3116 didicit
3349 3074 3417 3114 ex
3452 3061 3519 3115 iis

247 3122 340 3175 καὶ
364 3123 669 3191 τελειωθεὶς
700 3128 920 3198 γέγονεν
948 3133 1119 3190 ἆπασι
1147 3139 1257 3202 τοῖς
1282 3141 1648 3203 ὑπακούουσιν
1676 3122 1828 3223 αὐτῷ

1933 3161 2054 3216 qua:
2089 3163 2283 3218 passus
2317 3122 2402 3204 est
2432 3150 2795 3206 obedientiam
2829 3169 2845 3207 :
2877 3160 2932 3208 et
2965 3161 3397 3218 consummatus,
3429 3152 3514 3206 fa-

244 3213 416 3279 αῐτιος
447 3219 720 3288 σωτηρίας
759 3222 1002 3282 αἰωνίου.

313 3393 409 3488 Τίς
444 3396 621 3451 τοίνυν
648 3401 676 3452 ό
707 3405 1174 3476 προσευχόμενος,
1216 3411 1309 3464 καὶ
1341 3413 1556 3486 δεήσεις
1586 3421 1679 3473 καὶ
1715 3422 1828 3488 ἰκε-

240 3503 306 3581 τη
312 3486 434 3556 ρίας
454 3488 592 3558 μετά
622 3494 872 3565 κραυγῆς
894 3497 1122 3569 ἰσχυρᾶς
1139 3501 1235 3556 καὶ
1254 3503 1508 3577 δακρύων
1529 3486 1828 3581 προσενεγ-

241 3578 382 3647 κών;
433 3581 527 3646 Τίς
573 3585 600 3636 ὁ
629 3586 686 3637 ὲν
719 3588 974 3664 εὐλαϐείᾳ
1011 3595 1284 3667 συζήσας,
1319 3599 1414 3653 καὶ
1443 3601 1531 3656 διὰ
1561 3578 1720 3659 τοῦτο
1766 3578 1825 3660 δν

240 3671 482 3727 ἱκέτευσε
539 3677 772 3746 πείσας,
805 3680 900 3746 Τίς
930 3684 958 3738 6
994 3685 1183 3756 μαθὼν
1229 3690 1324 3758 ἀφ’
1373 3686 1449 3747 ὧν
1500 3693 1672 3750 ἔπαθε
1724 3699 1824 3771 τὴν

237 3765 502 3839 ὑπακοὴν,
531 3771 624 3823 καὶ
649 3772 747 3842 τὴν
774 3777 972 3845 πεῖραν
999 3776 1179 3833 λαϐὼν
1203 3781 1546 3852 διδάσκαλον,
1575 3789 1671 3843 καὶ
1702 3765 1826 3845 ταύ-

234 3873 333 3956 την
360 3859 570 3956 ἀγνοιῖιν
593 3862 697 3934 πρὸ
722 3868 821 3936 τῆς
850 3868 1078 3940 πείρας;
1105 3873 1200 3938 Τίς
1227 3877 1254 3928 6
1277 3874 1456 3932 λαϐὼν
1483 3881 1626 3936 κατά
1657 3884 1823 3956 μέρος

233 3948 332 4018 τὴν
371 3947 717 4023 τελειότητα;
749 3957 863 4028 Οὐχ
904 3961 932 4012 6
972 3961 1104 4027 Θεὸς
1133 3965 1329 4036 Λόγος,
1361 3971 1390 4023 6
1423 3947 1710 4038 τέλειοςξό
1730 3947 1822 4030 et;

232 4040 550 4143 MJg‘navra
591 4047 721 4116 πρὶν
767 4052 1037 4119 γενέσεως
1068 4058 1266 4123 αὐτῶν,
1301 4061 1417 4114 ἀλλ’
1438 4065 1501 4118 οὐ
1539 4067 1606 4136 τῇ
1655 4068 1822 4143 πείρᾳ

236 4134 552 4206 μανθάνωνο
581 4139 610 4191 ὁ
657 4141 865 4208 πάντας
899 4144 1038 4216 ἔχων
1084 4150 1540 4224 εὐλαϐουμένους,
1575 4134 1690 4214 ἀλλ’
1717 4134 1820 4217 οὐκ

232 4227 393 4293 αὐτὸς
423 4230 819 4302 εὐλαϐούμενος
841 4254 855 4267 ο
888 4239 916 4291 6
949 4239 1283 4311 ἀφελόμενος
1309 4248 1417 4300 πᾶν
1448 4249 1684 4322 δάκρυον
1710 4255 1818 4309 ἀπὸ

233 4322 433 4387 παντὸς
471 4324 786 4394 προσώπου,
815 4327 931 4381 ἀλλ’
957 4331 1019 4383 οὐ
1049 4331 1309 4404 δακρύειν
1345 4338 1437 4392 ὐπ’
1461 4340 1654 4413 ὀδύνης
1686 4345 1817 4399 ἀνα-

229 4415 566 4484 γκαζόμενος
585 4434 597 4446 °
634 4420 662 4472 6
693 4421 908 4492 ἀπαθὴς
950 4427 1044 4477 καὶ
1076 4425 1362 4495 ἀθάνατος,
1392 4431 1508 4486 ἀλλ’
1533 4435 1594 4488 οὐ
1628 4437 1815 4504 δεδιὼς

1932 3249 2053 3295 ctus
2082 3248 2169 3295 est
2201 3241 2456 3298 omnibus
2485 3243 2991 3313 obtemperantibus
3021 3242 3146 3309 sibi,
3177 3257 3339 3300 causa
3372 3243 3516 3300 salu-

1932 3333 1998 3387 tis
2027 3344 2265 3391 aeternae.
2375 3399 2381 3405 _

1998 3421 2130 3487 Quis
2159 3438 2291 3495 ergo
2326 3435 2413 3482 est
2443 3441 2631 3492 orans,
2664 3435 2718 3482 et
2751 3441 2944 3497 preces
2977 3427 3515 3498 supplicationesque

1929 3524 2051 3564 cum
2080 3513 2320 3569 clamore
2346 3517 2524 3572 valido
2554 3526 2608 3572 et
2637 3517 2893 3588 lacrymis
2922 3518 3194 3575 offerens?
3224 3519 3358 3586 Quis
3390 3535 3513 3574 cum

1927 3601 2177 3671 religiosa
2209 3608 2509 3661 reverentia
2537 3608 2745 3672 vivens,
2777 3611 3006 3678 ideoque
3034 3611 3101 3665 ab
3133 3625 3197 3665 eo
3229 3627 3388 3680 quem
3423 3626 3512 3667 ro-

1924 3694 2070 3764 gavit
2101 3694 2431 3766 impetrans?
2457 3698 2590 3762 Quis
2618 3699 2837 3756 discens
2861 3716 2928 3756 ex
2957 3701 3024 3756 iis
3052 3717 3174 3772 qua:
3202 3718 3396 3772 passus
3423 3713 3512 3759 est

1921 3787 2308 3856 obedientiam,
2336 3799 2392 3845 et
2421 3789 2668 3858 magistri
2701 3789 2821 3847 loco
2847 3793 3242 3861 experientiam
3275 3795 3517 3862 habens,

1922 3880 2146 3952 ignarus
2173 3883 2292 3952 ejus
2320 3883 2396 3937 rei
2429 3892 2727 3953 antequam
2756 3885 3134 3954 experiretur?
3182 3885 3316 3954 Quis
3343 3888 3508 3958 pede-

1924 3976 2112 4032 tentim
2149 3971 2379 4048 adeptus
2415 3986 2500 4034 est
2537 3974 2964 4048 perfectionem?
3002 3977 3154 4036 Haud
3193 3995 3324 4036 sane
3364 3981 3518 4039 Deus.

1920 4067 2180 4136 Verbum,
2216 4070 2514 4140 perfectum
2551 4071 2702 4135 illud,
2728 4079 2784 4126 et
2819 4075 2960 4143 quod
2995 4073 3182 4130 omnia
3214 4083 3515 4145 antequam

1919 4163 2051 4217 fiant
2079 4163 2250 4228 novit,
2280 4163 2504 4220 minime
2532 4179 2661 4220 vero
2689 4166 3025 4235 experientia
3061 4166 3277 4222 discens
3310 4186 3326 4222 :
3358 4169 3502 4236 quod

1915 4269 2106 4310 omnes
2130 4255 2295 4311 habet
2314 4257 2398 4311 sui
2423 4255 2679 4322 cultores,
2704 4257 2832 4312 dum
2858 4257 2927 4312 ab
2947 4257 3064 4326 ipso
3085 4258 3285 4316 colitur
3303 4273 3502 4328 nemo;

1915 4346 2169 4403 auferens
2201 4347 2271 4402 ab
2297 4348 2442 4403 omni
2477 4348 2619 4405 facie
2651 4350 2969 4420 lacrymam,
2999 4351 3172 4420 ipsum
3198 4365 3328 4406 vero
3358 4351 3504 4407 nullo

1915 4442 2101 4497 dolore
2136 4442 2427 4513 lacrymari
2460 4444 2798 4514 compulsum
2833 4461 2850 4512 ;
2886 4444 3247 4516 impassibile,
3282 4445 3504 4500 immor-

230 4504 319 4556 τὸν
352 4504 598 4573 θάνατον,
633 4510 725 4562 καὶ
777 4513 915 4581 μετά
965 4519 1217 4590 κραυγῆς
1262 4523 1520 4578 ἱκετεύων
1565 4528 1812 4584 ἀπαλλα-

1933 4535 2048 4601 ;ale,
2085 4550 2189 4589 non
2234 4544 2415 4590 autem
2459 4546 2687 4591 mortem
2737 4537 2956 4603 timens,
3005 4552 3181 4608 neque
3224 4546 3282 4592 ut
3325 4537 3394 4593 ab
3434 4553 3500 4592 ea

231 4594 392 4697 γῆναι
425 4595 676 4697 θανάτου.
712 4605 923 4659 Οὐκοῦν
953 4607 1058 4662 ἰδια
1084 4612 1258 4666 ταῦτα
1281 4617 1381 4687 τῆς
1411 4617 1814 4694 ἀναληφθείσης

1937 4594 2178 4683 iheretur
2209 4643 2333 4682 cum
2377 4627 2615 4682 clamore
2655 4629 2991 4697 supplicans.
3029 4594 3292 4695 superest
3333 4627 3500 4697 igitur

227 4685 684 4760 ἀνθρωπότητος,
719 4694 752 4762 ἢ
788 4695 882 4748 καί
925 4699 1015 4752 τὸν
1049 4701 1280 4760 Θάνατον
1328 4685 1542 4776 ἐδεδίει,
1571 4685 1690 4766 ’καὶ
1731 4685 1810 4768 δέἑ

130 4779 142 4793 ⁹
227 4778 400 4878 ετέᾌλει
439 4785 890 4878 προσευχομένη,
935 4790 1035 4861 τῆς
1087 4795 1403 4869 ὲνοικούσης
1449 4800 1714 4874 Θεότητος
1735 4807 1812 4878 τῷ

226 4872 377 4945 φόϐῳ
417 4876 886 4950 παραχωρούσης,
925 4881 1014 4936 ἵνα
1044 4885 1133 4940 διὰ
1163 4889 1273 4943 τῶν
1310 4872 1649 4963 παθημάτων
1699 4872 1810 4954 δειξ-

224 4966 327 5038 χθῇ
373 4965 466 5020 τοῦ
501 4968 798 5040 ληφθέντος
841 4975 873 5046 ή
910 4974 1091 5045 φύσις.
1141 4981 1252 5036 Καὶ
1302 4984 1495 5040 πάλινο
1535 5008 1553 5040 ι
1584 4993 1658 5044 Οὐ
1701 4995 1810 5066 γάρ

221 5059 394 5132 δήπου
457 5061 708 5132 ἀγγέλων
769 5065 1237 5141 ἐπιλαμϐάνεται,
1297 5076 1435 5131 ἀλλά
1495 5059 1810 5154 σπέρμα-τος

234 5152 483 5224 Ἀϐραὰμ
533 5155 1001 5228 ἐπιλαμϐάνεταιο
1037 5165 1160 5220 ὅθεν
1203 5165 1403 5237 ὤφειλε
1453 5152 1810 5233 κατὰ-πάντα

219 5247 331 5337 τοῖς
377 5245 626 5316 ἀδελφοῖς
659 5252 1028 5325 ὁμοιωθῆναι,
1076 5261 1157 5322 εἰς
1200 5261 1262 5314 τὸ
1319 5263 1638 5322 ἰλάσκεσθαι
1680 5275 1802 5337 ταῖς

221 5335 519 5409 ἁμαρτίαις
560 5342 654 5395 τοῦ
699 5343 850 5400 λαοῦ.
882 5367 901 5401 ι
953 5351 1040 5404 Ἐν
1081 5344 1126 5419 ᾧ
1164 5354 1275 5426 γὰρ
1323 5358 1592 5416 πέπονθεν
1643 5335 1808 5430 αὐτὸς

222 5431 567 5528 πειρασθεὶς,
613 5435 840 5494 δύναται
887 5446 1000 5509 τοῖς
1057 5450 1475 5520 πειραζομένοις
1517 5455 1802 5528 βοηθῆσαι.

220 5524 328 5621 καὶ
364 5529 481 5595 μετ’
521 5528 712 5621 ὀλίγαέ
749 5551 767 5583 ‹
798 5535 872 5588 Οὐ
906 5538 1014 5609 γάρ
1052 5539 1249 5612 ἔχομεν
1293 5524 1559 5618 ἀρχιερέα
1711 5551 1804 5604 δυ-

219 5614 448 5685 νάμενον
497 5620 853 5693 συμπαθῆσαι
887 5629 1008 5691 ταῖς
1035 5629 1342 5699 ἀσθενείαις
1387 5636 1566 5706 ήμῶν,
1611 5655 1804 5693 πεπει-

287 5790 329 5820 “
355 5792 519 5850 Ilcbr.
551 5809 611 5867 ιι,
653 5798 706 5857 9.
784 5802 828 5834 ⁸³
861 5801 1067 5862 Coloss.
1096 5822 1132 5876 ι,
1178 5807 1255 5864 l6.
1339 5811 1378 5843 "
1416 5810 1577 5872 Hebr.
1609 5833 1659 5885 ν,
1697 5820 1743 5873 7.

1914 4729 1973 4773 ut
2007 4720 2122 4774 haec
2156 4719 2511 4773 humanitatis
2547 4730 2838 4790 assumpta:
2872 4721 2982 4774 sint
3017 4720 3258 4790 propria,
3293 4734 3412 4789 qua:
3445 4728 3499 4774 et

1916 4821 2145 4867 mortem
2175 4812 2469 4875 metuebat,
2495 4821 2549 4866 et
2577 4811 2630 4865 in
2658 4811 2918 4867 oratione
2937 4811 3344 4881 perseverabat,
3369 4825 3497 4880 qua-

1916 4915 2074 4959 tenus
2110 4903 2420 4959 inhabitans
2453 4903 2634 4959 Deitas
2663 4904 2842 4960 timori
2879 4905 3055 4960 locum
3091 4919 3214 4960 esse
3244 4904 3507 4970 sinebat;

1909 5007 1966 5052 ut
2003 5012 2070 5052 ex
2111 4997 2454 5066 passionibus
2493 4998 2756 5066 assumpti
2799 4997 3032 5052 hominis
3070 5006 3263 5052 natura
3303 4996 3496 5067 digno-

1908 5097 2174 5142 sceretur.
2207 5086 2274 5142 Et
2309 5101 2498 5144 rursus
2532 5107 2548 5143 :
2590 5106 2610 5141 ι
2652 5087 2927 5158 Nusquam
2965 5090 3108 5143 enim
3145 5087 3366 5159 angelos
3398 5102 3495 5157 ap-

1908 5181 2227 5251 prehendit,
2263 5181 2360 5236 sed
2403 5195 2586 5238 semen
2628 5183 2868 5237 Abrahae
2909 5181 3265 5251 apprehendit
3299 5196 3316 5236 :
3352 5183 3495 5238 unde

1911 5272 2096 5328 debuit
2132 5285 2229 5342 per
2260 5274 2445 5327 omnia
2481 5272 2741 5329 fratribus
2774 5273 3031 5338 similari,
3070 5282 3130 5329 ut
3163 5273 3358 5331 delicta
3390 5290 3491 5345 po-

1906 5367 2014 5435 puli
2047 5367 2519 5436 repropitiaret“.
2553 5387 2571 5420 ι
2603 5367 2659 5421 lu
2687 5383 2753 5423 eo
2783 5369 2926 5424 enim
2959 5369 3016 5423 in
3046 5383 3155 5439 quo
3186 5383 3379 5438 passus
3407 5379 3492 5425 est

1905 5457 2018 5524 ipse
2055 5465 2110 5512 et
2153 5466 2425 5522 tentatus,
2468 5467 2662 5528 potens
2701 5468 2786 5516 est
2826 5468 2882 5514 et
2923 5460 3005 5516 eis
3048 5460 3139 5530 qui
3187 5469 3489 5522 tentantur,

1903 5549 2173 5603 auxiliari.
2210 5550 2276 5604 Et
2317 5550 2459 5607 haud
2501 5552 2687 5608 multis
2727 5552 3030 5623 interiectis
3064 5570 3078 5607 :
3120 5571 3139 5605 ι
3182 5551 3300 5607 Non
3341 5549 3497 5604 enim.

1903 5640 2164 5698 habemus
2201 5644 2544 5714 pontificem,
2583 5646 2674 5717 qui
2714 5659 2819 5703 nou
2858 5647 3028 5716 possit
3065 5643 3298 5712 compati
3335 5637 3487 5699 infit-

1825 5821 1866 5850 "
1904 5819 2066 5879 llehr.
2105 5838 2164 5891 ιι,
2208 5824 2286 5879 l6.
