4016 6202
514 343 647 398 1659

1505 330 1562 385 S.
1605 330 1882 386 (.YIIILLI
1910 330 2385 386 ALEXANDRINI
2421 331 2746 389 AIKCHIEI’.

3660 337 3811 395 1460

511 459 788 515 mitatibus
811 455 1010 510 nostris
1028 494 1041 517 ,
1067 458 1325 506 tentatum
1343 456 1521 504 autem
1545 447 1764 521 835m
1789 464 1883 520 per
1911 449 2086 504 omnia

2193 450 2430 522 ραμένον
2461 450 2516 504 δὲ
2541 450 2684 503 κατὰ
2717 449 2893 504 πάντα
2930 449 3051 503 καθ’
3073 449 3366 522 ὁμοιότητα
3404 451 3581 524 χωρὶς
3613 454 3812 525 ἁμαρ-

507 567 608 621 pro
631 547 983 605 similitudine
1006 544 1209 611 absque
1232 548 1456 612 peccato
1473 539 1538 594 “.
1566 560 1585 591 ι
1608 539 1702 595 Est
1726 542 1889 612 igitur
1909 541 2080 595 Abra-

511 642 657 697 liami
701 653 882 695 semen
926 637 1137 691 diversa
1183 650 1268 690 res
1307 634 1376 688 ab
1413 633 1502 687 illo
1539 633 1631 702 qui
1675 634 1726 687 id
1766 633 2076 702 assumpsit.

512 731 708 787 Semen
747 743 875 784 vero
914 726 1208 781 Abrahami
1248 723 1455 779 sciebat
1496 724 1685 778 beatus
1720 721 1921 776 Paulus
1958 736 2081 775 esse

512 825 853 881 Servatorem
889 818 1161 876 Christum
1198 819 1491 873 secundum
1507 830 1780 871 carnemu
1809 814 1926 869 Non
1945 814 2081 869 dixit

507 926 565 971 et
602 911 901 969 seminibus
941 909 1081 975 tuis,
1123 907 1278 978 quasi
1318 907 1386 963 de
1427 906 1643 973 multis;
1683 907 1778 960 sed
1816 903 1973 975 quasi
2012 903 2081 958 de

511 1020 617 1061 uno
643 1022 657 1059 :
690 1024 709 1056 ι
734 1001 799 1057 Ει
827 1000 1019 1057 semini
1054 1010 1168 1065 tuo,
1193 1001 1283 1069 qui
1312 1008 1397 1053 est
1422 996 1676 1052 Christus
1693 995 1760 1052 θ’.
1791 1014 1811 1047 ι
1845 995 2080 1065 Denique

507 1096 671 1151 etiam
703 1093 896 1148 tentari
929 1091 995 1148 ad
1027 1088 1431 1146 similitudinem
1460 1087 1665 1157 absque
1694 1094 1944 1157 peccato,
1970 1100 2079 1140 non

509 1194 592 1240 est
620 1183 713 1241 Dei
742 1182 921 1245 Verbi,
947 1180 1040 1237 sed
1069 1179 1333 1249 assumpti
1363 1177 1590 1233 seminis
1619 1177 1918 1248 proprium.

511 1292 673 1349 XXII.
713 1294 866 1359 Quod
896 1291 1051 1347 Jesus
1083 1299 1132 1346 et
1162 1289 1301 1345 Deus
1350 1287 1567 1343 Verbum
1596 1297 1644 1341 et
1681 1289 1836 1339 homo
1861 1285 2076 1339 dicitur.

544 1475 621 1530 Ita
641 1470 1085 1545 prmlarissimus
1112 1465 1310 1521 Paulus
1335 1476 1429 1535 per
1459 1472 1623 1517 totam
1650 1460 1940 1530 Epistolant
1967 1468 2078 1514 tum

508 1579 717 1624 natura:
750 1564 1130 1634 proprietates,
1169 1568 1278 1612 tum
1325 1566 1570 1625 persona
1618 1551 1876 1622 praedicat
1903 1552 2082 1605 unita-

509 1672 616 1714 tem
652 1675 666 1712 :
696 1657 923 1724 ideoque
945 1650 1129 1708 Jesum
1151 1646 1430 1703 Christum
1457 1653 1511 1700 et
1535 1644 1811 1699 hominem
1845 1641 2083 1713 appellat

506 1759 560 1804 et
603 1748 794 1804 Deum.
845 1761 864 1795 ι
892 1740 1062 1803 Unus,
1100 1736 1296 1806 inquit,
1337 1735 1597 1790 Dominus
1627 1731 1786 1789 Jesus
1812 1733 2076 1797 Christus,

506 1855 602 1909 per
620 1851 777 1905 quem
803 1832 985 1888 omnia
1009 1830 1075 1884 “.
1106 1848 1125 1882 ι
1150 1828 1465 1896 Rursusque
1489 1824 1775 1881 Timotheo
1800 1823 2077 1880 scribens:
2115 1808 2157 1863 Β

513 1950 532 1984 ι
568 1927 720 1984 Unus
755 1923 1040 1987 mediator,
1087 1921 1285 1989 inquit,
1336 1917 1433 1974 Dei
1480 1928 1535 1974 et
1585 1916 1885 1981 hominum,
1922 1916 2081 1971 homo

506 2018 757 2075 Christus
791 2013 951 2070 Iesus
994 2013 1060 2067 ".
1095 2030 1114 2064 ι
1154 2009 1219 2065 Et
1258 2011 1311 2064 in
1338 2009 1526 2073 eadem
1552 2007 1619 2061 ad
1669 2005 1923 2061 Hebraeos
1951 2003 2065 2073 Epi-

505 2112 643 2169 stula
686 2130 702 2167 :
753 2129 772 2162 ι
807 2108 968 2164 Jesus
998 2107 1248 2162 Christus
1285 2103 1402 2159 heri
1446 2111 1501 2156 et
1535 2100 1714 2165 hodie,
1761 2099 1875 2170 ipse
1921 2106 1978 2153 et
2026 2096 2080 2150 in

506 2202 701 2258 saecula
750 2200 824 2254 ".
856 2217 876 2252 ι
911 2198 1029 2253 Alia
1081 2209 1318 2265 quoque,
1367 2192 1414 2248 si
1460 2190 1582 2262 quis
1630 2189 1798 2255 volet,
1845 2189 2084 2244 inveniet

505 2300 760 2352 sexcenta
804 2287 1113 2346 testimonia
1161 2286 1214 2341 in
1253 2282 1432 2339 divina
1478 2280 1759 2350 Scriptura
1802 2292 1923 2346 quas
1953 2292 2075 2346 pero

506 2382 704 2441 fectum
764 2379 1034 2437 hominem
1093 2376 1411 2448 przedicant,
1480 2381 1645 2443 atque
1703 2370 2082 2429 haereticorum

503 2471 1113 2543 eosrguuntinsaniam.
1144 2467 1312 2523 Nobis
1338 2477 1518 2523 tamen
1541 2464 1710 2520 otium
1744 2463 1797 2518 in
1831 2460 2081 2532 prasenti

504 2583 611 2625 non
637 2575 721 2623 est
749 2580 812 2621 ea
833 2561 1139 2632 colligendi.
1164 2558 1435 2615 Studiosis
1466 2557 1647 2625 itaque
1669 2553 1911 2609 laborem
1941 2550 2086 2605 hunc

505 2662 864 2723 dimittentes,
917 2671 1018 2714 nos
1047 2653 1264 2725 quidem
1317 2650 1651 2721 propositum
1702 2652 2082 2717 argumentum

504 2763 915 2825 prosequamur.

742 2864 930 2921 XXIII.
972 2863 1050 2919 De
1090 2860 1347 2931 inlabi“
1387 2856 1615 2927 Virginis
1651 2862 1828 2924 partu.

574 2984 740 3054 Igitur
760 2979 1035 3051 propriam
1074 2975 1364 3045 imaginem
1410 2968 1553 3024 bello
1592 2967 1935 3021 fatiscentem
1979 2963 2083 3017 mi-

504 3084 719 3131 seratus
750 3072 999 3133 Creator,
1030 3077 1083 3123 et
1109 3065 1268 3121 morti
1296 3063 1571 3126 traditam,
1604 3057 1886 3114 inclinavit
1914 3055 2083 3112 caelos

505 3174 559 3220 et
580 3160 857 3218 descendit
877 3159 945 3224 ’⁸,
978 3154 1121 3211 haud
1146 3167 1279 3209 sane
1307 3152 1484 3206 locum
1515 3160 1752 3214 mutans,
1779 3162 1953 3217 neque
1975 3146 2083 3199 alio
2108 3139 2152 3194 C

2184 540 2321 607 τίας.
2356 542 2585 612 Ἕτερον
2628 543 2811 596 τοίνυν
2842 542 2904 596 τὸ
2933 541 3028 597 τοῦ
3073 541 3324 613 Ἁϐραάμ
3371 545 3600 615 σπέρμα
3638 546 3808 617 παρὰ

2183 631 2274 685 τὸν
2315 633 2820 704 ἐπιλαμϐανόμενον
2859 633 3072 689 τούτου.
3102 654 3119 686 s
3158 635 3392 707 Σπέρμα
3426 636 3484 689 δὲ
3524 638 3805 709 Ἀϐραὰμ

2184 718 2325 777 οῐδεν
2351 725 2380 777 6
2416 726 2684 795 μακάριος
2714 726 2925 790 Παῦλος
2966 726 3060 779 τὸν
3094 727 3323 798 Σωτῆρα
3366 728 3609 798 Χριστὸν
3641 730 3803 783 κατὰ

2187 814 2386 885 σάρκα·
2427 835 2446 867 ι
2469 817 2541 869 Οὐ
2568 816 2677 887 γάρ
2695 814 2841 880 εἶπε,
2870 817 3024 887 φησὶ,
3049 817 3161 870 Kal
3190 820 3306 881 τοῖς
3345 818 3630 890 σπέρμασί
3670 837 3797 884 σου,

2185 905 2260 968 ὡς
2287 906 2380 959 ἐπὶ
2408 906 2635 972 πολλῶν,
2664 909 2777 962 ἀλλ’
2799 908 2876 972 ὡς
2908 908 2992 978 ‘stp’
3017 910 3156 973 ἐνὸς,
3205 909 3319 963 Kal
3384 910 3462 980 τῷ
3492 912 3797 982 σπέρματί

2187 1012 2302 1059 σου,
2332 997 2389 1060 ὃς
2422 1000 2537 1051 ἐστι
2572 999 2828 1071 Χριστός.
2860 1018 2878 1050 ι
2932 1000 3044 1053 Kal
3087 1000 3145 1052 1:6
3191 999 3520 1071 πειραθῆναι
3562 1003 3622 1057 δὲ
3658 1005 3795 1057 καθ⁴

2184 1089 2476 1158 ὁμοιότητα
2511 1090 2679 1161 χωρὶς
2710 1089 3008 1161 ἁμαρτίας,
3036 1090 3098 1143 ού
3122 1090 3217 1143 τοῦ
3247 1092 3387 1145 Θεοῦ
3410 1094 3591 1162 Λόγου
3620 1096 3786 1162 ίδιον,

2185 1178 2320 1232 ἀλλὰ
2352 1178 2447 1233 τοῦ
2474 1179 2873 1251 ἀναληφθέντος
2899 1182 3236 1253 σπέρματος.

2187 1293 2312 1347 KB‘.
2351 1294 2469 1347 Ὅτι
2505 1294 2737 1361 Ἰησοῦς
2785 1295 3062 1369 καί-Θεὸς
3090 1296 3281 1364 Λόγος
3330 1297 3430 1351 καὶ
3458 1298 3789 1369 ἄνθρωπος

2844 1363 3103 1433 λέγεται.

2258 1469 2447 1536 Οὕτως
2472 1474 2500 1526 6
2515 1472 2787 1537 θειότατος
2806 1474 3037 1540 Παῦλος,
3067 1475 3158 1530 διὰ
3191 1477 3374 1548 πάσης
3396 1478 3499 1548 τῆς
3522 1480 3787 1536 Ἐπιστοέ

2186 1564 2308 1635 λῆς,
2328 1565 2427 1629 τάς
2453 1582 2512 1619 τε
2537 1565 2645 1620 τῶν
2671 1566 2888 1634 φύσεων
2917 1566 3205 1638 ἰδιότητας,
3230 1568 3325 1621 καὶ
3351 1569 3448 1623 τοῦ
3474 1573 3782 1642 προσώπου

2187 1656 2446 1728 κηρύττει
2497 1656 2595 1728 τὴν
2640 1657 2866 1711 ἕνωσιν
2901 1656 2983 1711 διδ
3015 1658 3223 1729 Ἰησοῦν
3256 1661 3494 1731 Χριστὸν
3538 1665 3635 1717 καὶ
3674 1665 3779 1719 ἄν·

2188 1747 2407 1819 θρωπον
2460 1749 2553 1803 καὶ
2599 1748 2731 1801 Θεὸν
2764 1750 3195 1821 προσαγορεύει·
3238 1770 3257 1803 ι
3292 1748 3389 1816 Εἷς
3433 1752 3561 1824 γὰρ,
3603 1758 3776 1828 φησὶ,

2185 1840 2388 1912 Κύριος
2419 1841 2627 1913 Ἰησοῦς
2652 1842 2908 1914 Χριστὸς.
2932 1843 3000 1895 δι’
3021 1837 3082 1898 οῦ
3105 1844 3174 1897 τὰ
3195 1845 3397 1899 πάντα.
3420 1863 3439 1898 ι
3471 1847 3581 1901 Kal
3608 1850 3779 1905 πάλιν

2184 1930 2435 2001 Τιμοθέῳ
2492 1932 2722 2003 γράφων
2745 1949 2759 1965 ·
2798 1951 2817 1983 ι
2847 1926 2944 1995 Εἷς
2980 1933 3240 2004 μεσίτης,
3290 1936 3458 2005 φησὶ,
3493 1934 3627 1990 Θεοῦ
3672 1939 3775 1990 καὶ

2185 2021 2508 2094 ἀνθρώπων,
2525 2022 2809 2095 ἄνθρωπος
2831 2024 3067 2095 Χριστὸς
3097 2023 3307 2096 Ἰησοῦς
3328 2041 3341 2053 ⁸
3368 2044 3387 2077 s
3420 2028 3513 2080 καὶ
3540 2028 3596 2081 ὲν
3629 2029 3773 2099 αὐτῇ

2183 2113 2240 2167 δὲ
2280 2115 2346 2184 τῇ
2396 2112 2536 2185 πρὸς
2568 2112 2889 2188 Ἐϐραίους·
2928 2134 2948 2166 ι
2989 2114 3200 2186 Ἰησοῦς
3235 2117 3474 2188 Χριστὸς
3510 2118 3639 2189 χθὲς
3673 2122 3776 2173 καὶ

2186 2208 2428 2279 σήμερον
2452 2207 2482 2259 6
2508 2206 2693 2270 αὐτὸς,
2717 2208 2813 2262 καὶ
2834 2209 2917 2272 εἰς
2946 2209 3074 2271 τοὺς
3094 2208 3304 2273 αίῶνας
3321 2227 3336 2242 ·
3363 2229 3383 2262 s
3416 2212 3510 2264 καὶ
3532 2211 3696 2275 ἄλλας
3722 2211 3773 2264 δ’

2184 2296 2251 2350 ἄν
2271 2313 2354 2360 τις
2377 2296 2637 2367 ἐθελήσας
2662 2295 2815 2366 εὖροι
2846 2296 3049 2369 μυρίας
3077 2299 3388 2369 μαρτυρίας
3413 2301 3477 2353 ὲκ
3498 2300 3595 2371 τῆς
3618 2300 3777 2365 θείας

2185 2385 2409 2457 Γραφῆς
2437 2385 2532 2439 τδν
2570 2385 2777 2439 τέλειον
2798 2385 3085 2457 ἄνθρωπον
3116 2388 3514 2459 κηρυττούσας,
3536 2390 3637 2443 καὶ
3660 2391 3775 2443 τῶν

2184 2475 2478 2546 αίρετικῶν
2500 2474 2827 2545 ἐλεγχούσας
2846 2473 2946 2546 τὴν
2968 2474 3178 2531 άνοιαν.
3206 2477 3343 2529 Ἀλλ’
3364 2478 3492 2546 ἡμῖν
3509 2479 3570 2530 ού
3590 2480 3776 2549 σχολὴ

2183 2564 2357 2621 ταῦτα
2386 2565 2666 2633 συλλέγειν
2702 2567 2794 2620 ἐπὶ
2823 2565 2917 2621 τοῦ
2960 2567 3247 2638 παρόντος.
3285 2568 3404 2630 Τοῖς
3448 2566 3779 2637 φιλοπόνοις

2184 2654 2363 2708 τοίνυν
2386 2654 2476 2709 τὸν
2507 2655 2665 2710 πόνον
2691 2654 2877 2710 τοῦτον
2901 2655 3300 2721 καταλιπόντες,
3320 2658 3479 2727 ἡμεῖς
3503 2659 3607 2728 τῆς
3634 2673 3774 2728 προ-

2185 2745 2445 2818 κειμένης
2477 2747 2862 2818 πραγματείας
2888 2746 3156 2819 ἐχώμεθα.

2185 2858 2313 2911 KP.
2346 2859 2485 2927 Περὶ
2509 2857 2621 2926 τῆς
2639 2858 2903 2928 ὐρῤήτου
2929 2848 3042 2930 τῆς
3066 2859 3372 2929 Παρθένου
3399 2859 3763 2931 γεννήσεως.

2256 2969 2555 3040 Τοιγαροῦν
2600 2969 2696 3041 τὴν
2745 2970 2953 3025 οἰκείαν
3002 2975 3186 3028 είκόνα
3241 2971 3655 3044 πολεμουμένην
3686 2973 3764 3026 οί-

2187 3061 2409 3130 κτείρας
2456 3062 2483 3113 6
2516 3059 2776 3131 Ποιητὴς,
2823 3060 2917 3113 καὶ
2971 3060 3188 3134 θανάτῳ
3232 3062 3761 3133 παραπεμπομένην,

2187 3151 2395 3205 ἔκλινεν
2447 3152 2730 3223 οὐρανοὺς,
2760 3154 2855 3205 καὶ
2880 3153 3110 3223 κατέϐη,
3167 3155 3228 3208 ού
3271 3155 3365 3207 τὸν
3401 3155 3564 3207 τόπον
3609 3154 3763 3226 ἀμεί-

506 3266 566 3308 se
595 3248 967 3313 transferens;
995 3244 1197 3301 etenim
1224 3241 1407 3297 omnia
1437 3240 1651 3311 implet;
1700 3242 1810 3293 imo
1840 3236 2083 3291 infinitus

2190 3242 2310 3313 ψας,
2335 3243 2444 3296 οὐδ’
2466 3244 2700 3315 ἑτέρωσε
2731 3244 2987 3315 μεταϐὰς·
3009 3245 3211 3316 πληροῖ
3236 3244 3343 3316 γὰρ
3369 3246 3433 3299 τά
3458 3244 3762 3315 σύμπαντα,

506 3351 612 3408 est,
661 3341 809 3395 nullo
868 3338 1099 3393 termino
1148 3336 1597 3405 comprehensus,
1650 3339 1952 3396 cuncta,ut
2009 3329 2083 3382 ait

505 3432 791 3504 propheta,
826 3445 987 3485 manu
1040 3428 1325 3484 continens
1366 3444 1381 3481 :
1417 3444 1438 3477 ι
1474 3425 1605 3492 Quis
1665 3425 1832 3488 enim,
1886 3420 2081 3491 inquit,

510 3537 730 3579 mensus
761 3532 843 3577 est
873 3535 1032 3576 manu
1079 3534 1178 3575 sua
1228 3531 1420 3588 aquas,
1464 3525 1520 3571 et
1551 3513 1747 3572 caelum
1797 3514 1996 3585 palmo,
2031 3521 2087 3567 et

508 3616 817 3673 universam
843 3623 1041 3669 terram
1065 3608 1325 3683 pugillo"
1347 3608 1372 3664 ?
1395 3629 1414 3662 ι
1437 3608 1676 3677 Itemque
1692 3606 1886 3662 David:
1906 3623 1925 3656 ι
1949 3605 2082 3671 Quia

508 3710 565 3765 in
598 3720 773 3763 manu
809 3706 927 3775 ejus
956 3716 1085 3761 sunt
1128 3717 1317 3760 omnes
1364 3700 1498 3757 fines
1524 3708 1687 3756 terrae
1706 3698 1773 3753 ".
1808 3716 1827 3750 ι
1861 3697 1931 3752 Et
1972 3698 2086 3765 ipse

509 3800 651 3856 Deus
679 3813 776 3870 per
819 3797 1136 3869 prophetam
1182 3812 1197 3851 :
1244 3814 1263 3846 ι
1293 3793 1499 3850 Cretum
1549 3792 1709 3847 sedes
1761 3803 1903 3852 mea,
1944 3799 2084 3844 terra

509 3903 688 3950 autem
716 3890 1008 3949 scabellum
1036 3890 1230 3959 pedum
1270 3900 1514 3943 meorum
1545 3883 1613 3939 ⁷⁸.
1652 3902 1670 3937 ι
1693 3884 1832 3953 Ergo
1866 3882 2087 3954 835m

512 3986 830 4044 descensum
896 3980 1411 4039 condescensionem
1474 3978 1654 4048 potius
1692 3977 2082 4032 existimemus.

512 4076 795 4133 lnclinavit
818 4076 1001 4144 itaque
1024 4071 1195 4127 cmlos
1221 4076 1277 4125 et
1305 4070 1604 4130 descendit,
1633 4075 1687 4123 et
1714 4066 1959 4138 virgineo
1988 4067 2086 4121 de-

513 4170 654 4224 lecto
681 4178 837 4223 utero
877 4176 1081 4221 sanctae
1118 4163 1310 4235 puellm
1354 4173 1514 4232 atque
1557 4162 1610 4216 in
1650 4169 1796 4216 recta
1828 4158 2089 4230 religione

512 4258 1021 4327 nutritaevangelica
1049 4271 1183 4313 voce
1209 4264 1420 4325 partum
1446 4253 1859 4323 praenuntiante,
1882 4258 1937 4307 et
1958 4264 2085 4307 con-

512 4352 776 4423 ceptionis
809 4350 1075 4405 rationem
1104 4354 1279 4402 'antea
1312 4346 1639 4415 explicante,
1674 4343 2089 4414 virgineumque

2188 3336 2389 3405 μᾶλλον
2423 3336 2479 3389 δὲ
2505 3336 2732 3407 ἄπειρός
2772 3339 2922 3401 ἐστι,
2961 3337 3057 3389 καὶ
3100 3336 3408 3408 ἀχώρητος,
3453 3336 3547 3390 καὶ
3590 3336 3764 3389 πάντα

2185 3425 2491 3497 {pumicata
2511 3426 2600 3480 τὸν
2618 3429 2921 3498 προφήτην,
2941 3426 2997 3479 ὲν
3017 3429 3083 3498 τῇ
3105 3427 3408 3498 χειρί.ιΤίς
3430 3426 3557 3499 γὰρ,
3581 3427 3763 3496 φησιν,

2186 3519 2458 3591 ἑμέτρησε
2487 3519 2552 3589 τῇ
2587 3518 2731 3589 χειρὶ
2776 3514 2941 3572 αὐτοῦ
2985 3518 3046 3572 τὸ
3091 3519 3255 3589 ὓδωρ,
3288 3517 3382 3571 καὶ
3414 3519 3507 3570 τὸν
3540 3515 3765 3587 οὐρανὸν

2188 3611 2467 3683 σπιθαμῇ,
2512 3613 2607 3665 καὶ
2641 3612 2823 3665 πᾶσαν
2851 3611 2950 3683 τὴν
2992 3611 3096 3682 γῆν
3123 3609 3287 3680 δρακί
3307 3626 3321 3676 ;
3349 3629 3368 3661 ι
3406 3610 3518 3661 Kal
3552 3608 3711 3661 πάλιν
3738 3609 3766 3660 6

2187 3703 2380 3758 Aa6i6'
2411 3722 2430 3755 ι
2457 3704 2578 3758 Ὀτι
2609 3705 2666 3757 ὲν
2690 3707 2756 3776 τῇ
2786 3704 2927 3775 χειρὶ
2948 3701 3112 3757 αὑτοῦ
3139 3702 3209 3756 τὰ
3238 3702 3452 3776 πέρατα
3477 3702 3576 3772 τῆς
3603 3700 3759 3769 γῆς.»

2187 3795 2297 3848 Kal
2321 3795 2481 3859 αὐτὸς
2509 3796 2566 3849 δὲ
2594 3799 2622 3850 6
2652 3796 2785 3861 Θεὸς
2812 3796 2898 3849 διὰ
2927 3796 3021 3850 τοῦ
3049 3796 3332 3868 προφήτου
3353 3809 3366 3823 ·
3407 3812 3426 3846 ι
3453 3792 3514 3847 '0
3540 3792 3765 3864 οὐρανός

2189 3904 2291 3959 μου
2329 3888 2546 3959 θρόνος,
2588 3892 2621 3959 ἡ
2672 3888 2730 3943 δὲ
2774 3891 2845 3962 γῆ
2882 3889 3172 3943 ὑποπόδιον
3221 3889 3331 3942 τῶν
3364 3887 3540 3940 ποδῶν
3592 3904 3709 3957 μου.
3739 3905 3758 3939 s

2187 3980 2507 4052 Οὐκοῦντήν
2528 3980 2829 4055 κατάϐασιν
2846 3983 3128 4053 νοήσωμεν
3145 3979 3573 4049 συγκατάϐασινσ
3593 3978 3762 4032 ἔκλινε

2187 4072 2368 4127 τοίνυν
2396 4073 2678 4145 οὐρανοὺς,
2718 4072 2814 4128 καὶ
2860 4074 3087 4144 κατέϐη,
3119 4074 3214 4127 καὶ
3247 4071 3581 4145 παρθενικὴν
3613 4071 3764 4124 έκλεο

2190 4164 2423 4235 ξάμενος
2454 4164 2614 4237 νηδὺν
2640 4165 2804 4237 κόρης
2843 4165 3005 4235 άγίας
3034 4166 3128 4220 καὶ
3160 4164 3411 4238 εὐσεϐείᾳ
3434 4162 3766 4234 συντεθραμ-

2194 4258 2385 4329 μένης,
2414 4256 2483 4311 δι’
2507 4257 2807 4327 άηελικῆς
2836 4258 3020 4328 φωνῆς
3063 4257 3156 4310 τὸν
3203 4257 3363 4311 τόκον
3409 4252 3763 4326 προμηνυσά-

2193 4366 2311 4420 σης,
2342 4348 2565 4417 καὶτῆς
2594 4349 2908 4420 συλλήψεως
2950 4351 3044 4405 τὸν
3072 4349 3275 4421 τρόπον
3318 4343 3764 4418 προερμηνευσάο

511 4456 767 4514 pavorem
808 4456 871 4497 ea
918 4439 1286 4495 declaratione
1328 4440 1603 4502 solvente,
1651 4437 1929 4506 proprium
1982 4434 2086 4490 sibi

2195 4454 2313 4508 σης,
2352 4440 2447 4493 καὶ
2486 4440 2585 4511 τῆς
2618 4439 2915 4512 παρθενίας
2945 4442 3039 4495 τὸν
3081 4440 3247 4511 φόϐον
3274 4443 3341 4513 τῇ
3371 4438 3633 4509 ἑρμηνείᾳ
3666 4435 3764 4489 λυ-

515 4536 645 4591 facit
672 4540 1059 4603 comparatque
1084 4530 1366 4599 templum,
1408 4537 1462 4583 et
1500 4543 1675 4597 neque
1706 4539 1878 4582 satum
1911 4541 2086 4597 neque

2194 4531 2387 4603 σάσης,
2410 4532 2760 4597 είσοικίςεταί
2779 4550 2859 4599 τε,
2886 4536 2981 4588 καὶ
3000 4534 3128 4587 ναὸν
3151 4533 3327 4604 ἑαυτῷ
3349 4527 3765 4593 κατασκευάζει,

516 4627 624 4682 ullo
658 4626 802 4681 cultu
836 4624 1153 4693 dispositam
1182 4622 1287 4677 sibi
1320 4620 1520 4675 format
1551 4618 1839 4673 stationem
1878 4635 1891 4672 :
1929 4618 2090 4673 sicuti

514 4716 605 4772 ille
638 4717 729 4785 qui
779 4713 985 4783 primus
1016 4710 1208 4766 serviit
1253 4718 1495 4779 peccato,
1537 4707 1657 4763 sine
1696 4714 1851 4777 patre
1891 4706 2088 4774 fuerat,

516 4821 787 4875 unamque
815 4803 1046 4859 habebat
1073 4811 1273 4858 terram
1299 4812 1548 4856 matrem.
1595 4818 1615 4853 ι
1656 4797 1899 4870 Sumpsit
1921 4800 2089 4865 enim,

516 4898 713 4967 inquit,
757 4898 900 4952 Deus
946 4895 1218 4966 pulverem
1248 4895 1317 4950 de
1353 4903 1518 4960 terra,
1559 4893 1945 4963 hominemque
1974 4892 2090 4948 for-

516 4992 684 5046 mavit
711 4990 779 5045 I‘.
817 5008 838 5042 ι
876 4984 1236 5056 Quamobrem
1266 4987 1459 5043 beatus
1485 5001 1700 5058 quoque
1739 4985 1937 5042 Paulus
1965 4986 2085 5040 ait:

521 5097 542 5131 ι
579 5080 795 5137 Primus
820 5080 984 5135 homo
1012 5081 1077 5134 de
1110 5089 1257 5135 terra
1303 5088 1588 5146 terrenus;
1623 5079 1894 5135 secundus
1925 5078 2089 5133 homo

521 5172 776 5227 Dominus
799 5173 866 5228 de
898 5173 1039 5228 cmlo
1063 5172 1130 5227 ".
1171 5189 1190 5223 ι
1231 5170 1404 5242 Hujus
1432 5172 1509 5225 rei
1542 5172 1716 5241 gratia
1746 5170 2086 5241 unigenitum

520 5260 614 5316 Dei
646 5260 884 5318 Verbum
908 5278 978 5319 ex
1021 5263 1134 5319 sola
1167 5263 1389 5334 Virgine
1418 5262 1697 5317 materiam
1745 5260 1963 5317 fabrica:
1992 5275 2087 5318 su-

520 5363 696 5415 mens,
723 5360 886 5423 asque
917 5355 990 5409 ita
1016 5353 1357 5409 illaboratum
1388 5354 1629 5409 formans
1659 5354 1935 5423 templum.
1962 5351 2094 5408 sibi-

518 5453 625 5511 que
664 5441 881 5504 uniens,
926 5445 1101 5513 prodit
1144 5458 1210 5499 ex
1263 5442 1502 5513 Virgine,
1541 5444 1686 5499 haud
1732 5444 1987 5514 equidem
2039 5444 2093 5499 in

521 5540 781 5602 conceptu
836 5532 1053 5589 solvens
1099 5537 1397 5605 virgineam
1454 5552 1670 5603 sonam,
1730 5551 1905 5609 neque
1957 5538 2095 5593 hanc

589 5691 634 5721 “
667 5687 828 5745 Ilehr.
863 5687 1048 5750 "7,15.
1126 5688 1169 5719 ἰτ
1192 5689 1365 5744 Galat.
1392 5692 1574 5752 m,I6.

520 5757 566 5788 "
595 5755 701 5813 Isa.
732 5772 821 5826 aL,
857 5760 940 5814 12.
1018 5759 1062 5790 ⁷⁸
1095 5756 1238 5813 Psal.
1272 5774 1415 5826 xcrv,
1450 5763 1501 5814 ι.

1652 5694 1694 5724 θ’
1724 5692 2004 5757 lCnr.vnt,
2031 5693 2084 5749 6.
2161 5693 2206 5724 “
2237 5691 2423 5746 ITim.
2455 5708 2517 5754 ιι,
2545 5692 2595 5746 5.
2655 5692 2702 5722 ⁷⁰
2732 5690 2894 5747 IIehr.
2928 5709 3044 5758 ιιιιι,
3068 5695 3119 5749 8.

1577 5762 1621 5793 ⁷³
1651 5762 1749 5815 Ιδιι.
1787 5778 1929 5825 ιχνι,
1958 5778 1992 5816 ι.
2070 5764 2113 5795 ⁷⁸
2144 5762 2275 5821 Gen.
2305 5780 2360 5828 ιι,
2394 5765 2444 5817 '1.
2523 5763 2568 5794 ⁷⁸
2594 5764 2609 5818 ι
2637 5761 2764 5817 Cur.
2795 5779 2880 5828 sv,
2911 5764 2997 5817 I7.

2190 4624 2287 4677 καὶ
2312 4625 2413 4695 τὴν
2441 4625 2742 4695 ἄσπαρτον,
2773 4627 2867 4679 καὶ
2893 4626 3158 4697 ἀνήροτον
3186 4625 3391 4695 σκηνὴν
3419 4620 3763 4676 διαπλάττει·

2193 4714 2380 4786 ἐπειδὴ
2423 4716 2452 4768 6
2489 4715 2720 4787 πρώτως
2762 4716 3057 4782 δουλεύσας
3099 4719 3166 4788 τῇ
3218 4714 3494 4787 ἁμαρτίᾳ,
3541 4713 3768 4784 ἀπάτωρ

2190 4804 2471 4875 ἐτύγχανε,
2511 4806 2725 4877 μητέρα
2751 4806 2810 4859 δὲ
2856 4806 3026 4877 μόνην
3060 4802 3173 4878 εἶχε
3198 4807 3299 4878 τὴν
3342 4808 3448 4876 γῆν
3472 4822 3486 4835 ·
3538 4802 3769 4856 ιἘλαϐε

2192 4895 2321 4966 γὰρ,
2343 4895 2528 4965 φησιν,
2549 4898 2577 4949 6
2601 4895 2733 4960 Θεὸς
2753 4895 2881 4967 χοῦν
2913 4898 3023 4952 ἀπὸ
3044 4898 3142 4968 τῆς
3169 4898 3302 4967 γῆς,
3326 4897 3422 4951 καὶ
3460 4894 3660 4949 ἔπλασε
3681 4892 3772 4947 τὸν

2192 4984 2499 5057 ἄνθρωπον.
2520 5006 2538 5038 ι
2575 4986 2666 5039 Διὸ
2696 4988 2789 5040 καὶ
2810 4989 2839 5041 6
2886 4988 3155 5061 μακάριος
3200 4986 3408 5051 Παῦλός
3439 5003 3639 5058 φησιν·
3673 5002 3692 5036 ι
3712 4984 3771 5037 ’0

2194 5078 2410 5150 πρῶτος
2439 5078 2725 5151 ἄνθρωπος
2759 5082 2824 5133 ὲκ
2862 5081 2966 5151 γῆς
2994 5082 3200 5153 χοϊκὸς,
3228 5082 3257 5134 6
3282 5079 3535 5150 δεύτερος
3567 5077 3773 5150 ἄνθρω-

2197 5186 2298 5233 πος
2322 5172 2352 5224 6
2383 5169 2587 5241 Κύριος
2622 5171 2681 5236 se
2709 5171 2961 5243 οὐρανοῦ.
2989 5191 3007 5225 ι
3042 5173 3249 5226 Τούτου
3280 5171 3445 5244 χάριν
3475 5171 3506 5223 6
3550 5185 3773 5242 μονογε-

2195 5260 2292 5332 νὴς
2329 5261 2427 5314 τοῦ
2455 5260 2592 5315 Θεοῦ
2622 5262 2791 5332 Λόγος
2835 5264 2901 5317 ὲκ
2934 5262 3103 5335 μόνης
3145 5262 3423 5331 Παρθένου
3465 5261 3565 5325 τὰς
3603 5264 3774 5332 ἀφορ-

2194 5351 2301 5423 μάς
2324 5351 2505 5406 λαϐὼν
2532 5352 2630 5422 τῆς
2655 5353 3022 5418 διαπλάσεως,
3045 5354 3143 5407 καὶ
3169 5352 3345 5424 τούτῳ
3369 5351 3446 5423 τῷ
3469 5354 3658 5423 τρόπῳ
3683 5352 3775 5406 τὸν

2190 5443 2542 5516 ἀγεώργητον
2566 5444 2980 5516 δημιουργήσας
3004 5446 3151 5511 ναὸν,
3181 5445 3277 5501 καὶ
3304 5443 3482 5515 ἑαυτῷ
3509 5444 3772 5513 συνάψας,

2194 5537 2440 5609 πρόεισιν
2463 5538 2528 5591 ὲκ
2556 5538 2655 5608 τῆς
2680 5538 2979 5611 Παρθένου,
3005 5540 3067 5593 ού
3091 5539 3259 5604 λύσας
3288 5541 3353 5611 τῇ
3389 5538 3649 5608 συλλήψει
3675 5534 3775 5609 τὴν

3199 5697 3240 5727 ⁷·
3272 5695 3310 5749 II
3338 5696 3466 5766 Iit-3.
3504 5708 3641 5756 uti,
3680 5690 3767 5746 I0.
