3946 6202
226 268 361 327 1861

1399 290 1487 348 DE
1530 291 2051 353 lNCARNATlONE
2091 297 2345 357 οοιιιΝι.

3377 318 3409 373 ί
3421 317 3523 374 ιδι

226 392 570 501 παρθενικὴν
600 395 799 501 ζωνην,
832 400 894 453 οὐ
929 403 996 473 τῇ
1032 405 1288 478 γεννήσει
1330 410 1663 484 διαρρήξας,
1699 413 1805 467 ἀλλ

1922 417 2211 473 nativitate
2243 419 2584 490 diruntpens,
2631 423 2726 478 sed
2774 422 3101 480 incolumem
3143 426 3520 501 intactamque

225 483 504 576 ἀκηρατον
554 488 649 542 καὶ
691 490 975 563 ἀνέπαφον
1030 496 1388 569 διαφυλάξας,
1432 504 1527 556 καὶ
1564 504 1628 558 τὸ
1675 506 1820 576 μέγα

225 572 389 633 τοῦτο
440 576 534 631 καὶ
583 578 824 651 ἄρρητον
879 582 1065 655 θαῦμα
1105 587 1639 664 θαυματουργήσας’
1676 572 1819 665 μέγα

226 664 336 737 γὰρ
364 665 441 738 τῷ
470 668 586 722 ὄντι
616 673 708 726 καὶ
752 673 1183 746 άνερμήνευτον,
1234 684 1328 736 καὶ
1375 684 1536 754 λόγου
1585 664 1818 757 δύναμιν

227 759 573 852 ὑπερσαῖνον,
604 765 802 838 βότρυν
831 769 958 824 ἰδεῖν
984 772 1050 826 ἐκ
1082 774 1186 844 γῆς
1210 776 1339 830 ἄνευ
1367 778 1663 850 κλημάτων
1692 780 1819 852 βλα-

231 851 546 922 στήσαντα,
597 859 744 911 σῖτον
794 860 925 915 ἄνευ
966 867 1302 936 σπερμάτων
1356 870 1563 940 φύντα,
1612 873 1816 943 χιτῶνα

222 946 395 1017 χωρὶς
446 948 707 1020 νημάτων
753 954 847 1007 καὶ
890 956 1090 1025 χειρῶν
1125 959 1439 1029 ύφαντικῶν
1479 964 1814 1035 ὑφασμένον,

222 1038 388 1110 ἄρτον
432 1041 491 1094 ού
533 1041 676 1117 μύλῃ
705 1045 798 1099 καὶ
831 1048 986 1119 χερσὶ
1014 1051 1109 1103 καὶ
1143 1052 1279 1124 πυρὶ
1319 1054 1811 1127 δημιουργηθέντα,

223 1128 340 1182 ἀλλ’
363 1130 618 1203 άῤῥήτως
646 1136 711 1188 ἐκ
746 1137 1095 1208 παρθενικῶν
1137 1142 1387 1215 ἀλεύρων
1422 1146 1814 1218 γεγενημένον,

224 1220 320 1272 καὶ
364 1219 466 1292 τὴν
522 1225 851 1299 οἰκουμένην
901 1229 1254 1301 καλύψαντα-
1289 1235 1428 1305 πρὸς
1470 1237 1529 1291 δὲ
1578 1238 1812 1303 τούτοις,

224 1310 501 1382 Παρθένον
547 1316 733 1389 οἰκείῳ
758 1318 961 1390 βρέφει
1001 1320 1173 1395 θηλὴν
1216 1326 1543 1398 ὀρέγουσαν,
1579 1330 1676 1383 καὶ
1708 1331 1813 1399 γά-

220 1402 417 1468 λακτος
459 1408 805 1479 χορηγοῦσαν
851 1412 1066 1485 πηγὰς,
1111 1418 1205 1471 καὶ
1252 1420 1467 1491 μητέρα
1513 1421 1815 1494 γενομένην

219 1495 320 1566 τὴν
352 1497 534 1569 γάμου
580 1500 747 1573 νόμον
776 1504 853 1559 ,ού
891 1505 1220 1580 δεξαμένην,
1262 1510 1475 1584 μητέρα
1512 1513 1815 1584 γενομένην

217 1589 318 1660 τὴν
353 1590 473 1657 πῶς
510 1593 720 1663 γίνεται
770 1598 956 1670 μήτηρ
1000 1602 1101 1655 οὐκ
1145 1603 1542 1677 ἐπισταμένην,
1599 1606 1814 1679 μητέρα

219 1684 521 1758 γενομένην
548 1688 649 1760 τὴν
684 1693 921 1758 γυναῖκα
954 1693 1221 1765 πρότερον
1248 1697 1311 1750 οὐ
1347 1698 1666 1769 γενομένην,
1694 1698 1812 1753 ἀλλ’

220 1777 279 1830 ἐν
312 1777 583 1853 παρθενίᾳ
628 1783 721 1836 καὶ
753 1782 846 1839 τὸν
891 1784 1055 1855 ὄγκον
1089 1788 1187 1858 τῆς
1234 1789 1471 1860 γαστρὸς
1508 1792 1816 1846 ἐπιδεικνῦ-
1848 1771 1890 1826 Β

220 1884 342 1933 σαν,
373 1870 469 1925 καὶ
511 1872 604 1927 τὸν
652 1874 864 1947 καρπὸν
906 1878 966 1932 ἐν
1012 1881 1135 1943 ταῖς
1181 1882 1338 1953 χερσὶ
1386 1884 1813 1957 περιφέρουσαν,

217 1961 314 2015 καὶ
355 1961 424 2016 τὰ
456 1965 662 2037 μητρὸς
691 1966 1090 2041 ἐργαζομένην,
1127 1971 1443 2046 σωζομένης
1472 1975 1573 2045 τῆς
1602 1976 1812 2048 παρθε-

216 2053 359 2117 νίας,
389 2056 484 2108 καὶ
525 2057 795 2130 παρθένον
839 2062 1055 2135 μητέρα
1096 2064 1461 2138 καλουμένην,
1490 2069 1585 2123 καὶ
1612 2070 1812 2126 τάναν-

214 2157 307 2197 τια
354 2144 600 2218 ὀνόματά
643 2167 702 2204 τε
749 2152 846 2205 καὶ
895 2155 1197 2228 πράγματα
1245 2157 1388 2213 κατὰ
1432 2160 1631 2215 ταύτὸν
1684 2180 1809 2217 συν-

218 2235 356 2304 άγου
364 2254 463 2291 σαν
474 2280 487 2293 .

216 2350 342 2405 KA'.
379 2351 476 2406 Ἐν
504 2358 812 2437 κεφαλαίῳ
835 2358 1119 2438 διήγησις
1137 2362 1242 2431 τῆς
1267 2366 1416 2438 μετὰ
1445 2366 1563 2435 τὴν
1591 2369 1811 2438 γέννη-

570 2440 676 2478 σιν
704 2430 809 2481 τοῦ
833 2430 1093 2496 Χριστοῦ
1123 2437 1454 2504 πολιτείας.

285 2537 472 2604 Οὕτως
504 2542 720 2613 τεχθεὶς
741 2548 769 2600 ὁ
794 2549 1074 2621 Δεσπότης
1100 2552 1335 2622 Χριστὸς
1367 2553 1451 2624 (ού
1482 2554 1591 2627 γὰρ
1608 2557 1808 2627 εὐαγὲς

216 2632 357 2703 μετὰ
396 2633 490 2689 τὸν
533 2636 691 2691 τόκον
741 2638 774 2710 ἢ
815 2639 949 2696 Θεὸν
997 2643 1173 2712 Λόγον
1222 2644 1383 2716 μόνον
1415 2648 1580 2702 αὐτὸν
1633 2666 1805 2721 προσ-

212 2725 496 2797 αγορεύειν
522 2769 537 2793 ,
593 2729 627 2801 ἢ
679 2730 970 2804 ἄνθρωπον
1020 2738 1454 2808 γεγυμνωμένον
1525 2739 1803 2813 θεότητος,

213 2818 350 2872 ἀλλά
393 2819 651 2891 Χριστὸν,
691 2822 720 2874 ὃ
763 2823 1036 2897 ἑκατέραν
1079 2827 1245 2897 φύσιν
1281 2832 1381 2902 τήν
1417 2848 1481 2885 τε
1523 2832 1805 2888 λαϐοῦσαν

212 2912 306 2965 καὶ
332 2912 429 2983 τὴν
456 2911 753 2984 ληφθεῖσαν
772 2915 923 2985 δηλοῖ
950 2918 992 2985 ),
1026 2920 1250 2986 πάντως
1282 2923 1351 2976 τὰ
1378 2923 1625 2997 ἡμέτερα
1664 2925 1804 2995 πλὴν

210 3002 313 3073 τῆς
367 3004 648 3077 ἁμαρτίας
701 3006 1064 3078 καταδέχεται
1127 3013 1317 3085 πάθη,
1387 3018 1803 3088 σπαργανοῦται

1924 523 2293 576 conservans,
2334 520 2503 591 atque
2529 511 2603 567 ita
2634 528 2887 584 magnum
2924 516 3028 571 hoc
3059 527 3113 572 et
3153 520 3520 577 inenarrabile

1922 610 2148 670 patrans
2188 604 2519 674 prodigium.
2552 604 2765 661 Etenim
2797 623 3051 679 magnum
3098 626 3287 681 reapse
3319 622 3426 681 est,
3465 625 3521 669 et

1922 695 2322 763 inexplicabile,
2364 706 2419 751 et
2448 698 2715 754 orationis
2762 700 2868 753 vim
2903 703 3198 771 excedens,
3241 720 3515 761 racemum

1919 800 2148 842 cernere
2186 788 2251 843 de
2277 797 2421 843 terra
2450 790 2568 843 sine
2597 790 2911 861 palmitibus
2949 795 3370 864 germinantem,
3405 797 3517 851 Γωσ-

1919 884 2158 929 mentum
2182 876 2299 932 sine
2321 877 2623 933 seminibus
2644 888 2849 945 ortum,
2874 882 3116 937 tunicam
3139 885 3259 939 sine
3278 888 3515 943 stamine

1919 976 1974 1021 et
1999 967 2122 1023 sine
2153 975 2368 1024 texente
2400 983 2560 1025 manu
2590 979 2941 1041 contextam;
2975 989 3172 1045 panem
3208 976 3327 1030 sine
3372 978 3514 1031 mola

1918 1074 1984 1115 ac
2013 1060 2265 1116 manibus
2311 1070 2364 1118 et
2407 1062 2532 1131 igne
2561 1063 2912 1133 fabricatum,
2956 1069 3052 1123 sed
3083 1084 3284 1126 arcane
3308 1085 3376 1125 ex
3406 1071 3515 1125 vir-

1918 1150 2082 1219 ginali
2136 1152 2309 1207 farina
2362 1154 2704 1223 confectum,
2772 1165 2828 1212 et
2879 1159 3194 1216 universum
3254 1162 3511 1218 mundum

1918 1241 2315 1313 complentem;
2348 1256 2619 1315 praeterea
2655 1246 2937 1319 Virginem
2981 1254 3203 1322 proprio
3244 1253 3513 1309 infantulo

1918 1347 2211 1388 mammam
2243 1338 2630 1408 porrigentem,
2655 1340 2922 1412 lactisque
2952 1342 3131 1399 fontes
3156 1345 3508 1414 praebentem,

1917 1433 2148 1479 matrem
2186 1426 2432 1483 effectam
2477 1446 2600 1500 qua:
2643 1436 2957 1502 nuptiarum
3000 1435 3173 1507 legem
3203 1451 3307 1492 non
3334 1438 3511 1493 admi-

1917 1526 2090 1584 serat,
2120 1528 2373 1584 matrem,
2396 1522 2638 1591 inquam,
2672 1525 2919 1582 effectam
2954 1542 3073 1598 quae
3095 1531 3370 1598 quomodo
3414 1529 3510 1584 flat

1919 1619 2094 1665 mater
2144 1611 2466 1681 ignorabat,
2515 1625 2742 1670 matrem
2793 1619 3039 1689 denique
3088 1619 3335 1676 eﬂ‘ectam
3388 1637 3510 1692 quae

1918 1712 2162 1759 matrona
2187 1714 2347 1761 antea
2371 1721 2474 1761 non
2500 1706 2699 1775 fuerat,
2718 1710 2811 1764 sed
2833 1709 2886 1764 in
2907 1712 3219 1781 virginitate
3239 1723 3506 1770 tumorem

1917 1796 2123 1851 ventris
2155 1796 2553 1864 ostendentem,
2580 1799 2809 1869 ejusque
2848 1800 3086 1856 fructum
3114 1805 3366 1860 manibus
3397 1805 3508 1861 cir-

1917 1887 2330 1954 cumferentem,
2366 1898 2422 1944 et
2447 1887 2620 1946 ollicia
2652 1892 2841 1947 matris
2882 1890 3031 1948 salva
3062 1892 3377 1965 virginitate
3414 1910 3508 1950 ex-

1915 1989 2252 2050 sequentem,
2278 1989 2334 2036 et
2365 1995 2489 2036 cum
2521 1983 2713 2040 matris
2733 1984 2951 2039 nomine
2976 1985 3269 2054 virginem,
3297 1996 3503 2056 postre-

1915 2087 2004 2128 mo
2030 2073 2304 2128 contraria
2353 2072 2574 2131 nomina
2610 2082 2667 2132 et
2707 2076 3021 2133 contrarias
3050 2092 3137 2134 res
3163 2077 3326 2134 simul
3354 2091 3505 2135 com-

1914 2162 2359 2232 prehendentem.

1909 2368 2131 2440 836m
2180 2367 2369 2423 XXIV.
2422 2368 2522 2425 lin
2573 2380 2689 2453 post
2722 2371 3296 2453 Chriminativilatem
3336 2384 3497 2444 gesta:

2387 2453 2690 2495 summattm
2731 2452 3043 2497 narrantur.

1981 2553 2074 2609 Sic
2101 2564 2263 2609 natus
2291 2554 2543 2610 Christus
2578 2554 2842 2611 Dominus
2874 2560 3004 2622 (non
3036 2557 3183 2611 enim
3217 2558 3364 2626 pium
3404 2560 3499 2620 sit.

1909 2654 2030 2715 post
2070 2655 2286 2715 partum
2327 2646 2413 2702 vel
2460 2645 2629 2703 Deum
2666 2645 2902 2703 Verbum
2946 2648 3321 2706 tantummodo
3353 2649 3503 2705 illum

1909 2738 2202 2809 appellare,
2220 2738 2303 2795 vel
2324 2739 2620 2807 hominem,
2639 2740 2924 2797 divinitate
2945 2742 3229 2808 nudatltm,
3244 2741 3340 2797 sed
3355 2742 3507 2799 Chri.

1908 2840 2025 2887 stus
2070 2840 2157 2887 est
2207 2831 2593 2902 appellandus,
2642 2835 2787 2903 quod
2837 2834 3163 2890 vocabulum
3216 2844 3508 2905 utramque

1909 2935 2182 2992 naturam,
2202 2934 2257 2981 et
2277 2936 2582 2981 sumentem
2609 2926 2822 2983 scilicet
2849 2936 2903 2983 et
2926 2937 3222 2997 sumptam,
3247 2928 3503 2999 denotat)

1907 3018 2092 3072 omnia
2136 3026 2323 3073 nostra
2355 3028 2585 3087 excepto
2620 3027 2849 3087 peccato
2879 3019 3097 3089 recipit,
3134 3019 3318 3076 fasciis
3351 3035 3505 3076 more

211 3096 613 3168 παραπλησίως
657 3102 773 3162 τοῖς
818 3099 1069 3172 βρέφεσι,
1110 3107 1206 3160 καὶ
1249 3108 1484 3177 γάλακτι
1521 3114 1802 3185 τρέφεται,

1911 3110 2199 3166 infantium
2248 3112 2562 3178 involvitur,
2603 3111 2746 3167 lacte
2789 3110 2956 3167 alitur
3008 3121 3173 3181 atque
3216 3111 3500 3178 educatur,

212 3186 308 3242 καὶ
332 3187 655 3260 τιθηνεῖται,
690 3190 786 3244 καὶ
830 3194 991 3262 χερσὶ
1020 3198 1400 3270 περιφέρεται,
1441 3204 1536 3257 καὶ⁸
1580 3206 1802 3272 κόλποις

211 3276 501 3345 ἐντίθεται,
533 3279 627 3334 καὶ
658 3279 801 3334 κατὰ
831 3282 996 3353 νόμον
1020 3286 1431 3357 περιτέμνεται,
1458 3292 1554 3345 καὶ
1587 3296 1800 3370 καθαρ-

212 3369 350 3434 σίοις
390 3368 608 3436 θυσίαις
667 3370 1016 3443 καθαίρεται,
1064 3378 1097 3446 ή
1144 3379 1307 3449 καινὴ
1372 3381 1468 3434 καὶ
1520 3384 1657 3455 μόνη
1701 3368 1803 3457 τῆς

210 3460 540 3532 οἰκουμένης
571 3462 753 3530 θυσία,
784 3464 813 3517 ὁ
840 3464 937 3518 τοῦ
975 3465 1185 3538 κόσμου
1219 3470 1320 3541 τὴν
1351 3471 1633 3545 ἁμαρτίαν
1664 3478 1804 3548 ἄρας

225 3552 422 3623 Ἀμνός
442 3570 457 3584 ο
484 3555 590 3610 ὑπὸ
626 3554 722 3610 τοῦ
753 3556 984 3627 Συμεὼν
1015 3564 1428 3631 προσκυνεῖται,
1480 3566 1576 3620 καὶ
1613 3568 1805 3642 Σωτὴρ

210 3642 346 3713 ὁμοῦ
410 3645 508 3699 καὶ
560 3646 839 3720 Δεσπότης
893 3653 1392 3724 προσαγορεύεται·
1464 3657 1657 3729 φεύγει
1715 3662 1803 3717 τὸν

225 3731 475 3824 Ἡρῴδην
535 3738 676 3807 μετὰ
724 3738 825 3810 τῆς
884 3742 1092 3814 μητρὸς
1160 3746 1255 3800 καὶ
1306 3747 1402 3801 τοῦ
1460 3751 1798 3824 κηδεμόνος,

211 3823 623 3895 καταλαμϐάνει
678 3829 776 3900 τὴν
825 3832 1138 3903 Αἴγυπτον,
1189 3838 1554 3911 ἐπανέρχεται
1606 3823 1799 3911 πάλιν,

208 3916 443 4010 ἀγωνιᾷ,
472 3920 573 4010 εἰς
620 3919 721 3993 τὴν
753 3923 1013 3997 Ναζαρὲτ
1051 3930 1439 4001 παραγίνεται,
1481 3936 1668 4010 ἡλικία
1706 3943 1801 3994 καὶ

211 4004 374 4079 σοφίᾳ
404 4009 726 4078 προκόπτει,
759 4016 872 4078 τοῖς
914 4019 1167 4085 γονεῦσιν
1192 4004 1580 4093 ὑποτάσσεται,
1618 4004 1801 4101 πάσης

208 4098 378 4169 τιμῆς
403 4099 547 4166 ἀξιοῖ
570 4103 631 4156 ού
666 4104 829 4174 μόνον
863 4108 963 4179 τὴν
991 4110 1226 4182 μητέρα,
1258 4114 1395 4169 ἀλλὰ
1430 4117 1523 4171 καὶ⁵
1567 4119 1658 4174 τὸν
1701 4098 1800 4193 της

210 4193 419 4265 μητρὸς
462 4196 632 4250 πάλαι
679 4197 780 4269 μὲν
807 4203 1117 4275 μνηστῆρα,
1167 4205 1307 4277 μετὰ
1345 4209 1519 4264 ταῦτα
1550 4211 1607 4266 δὲ
1641 4215 1802 4286 κηδε-

208 4286 347 4356 μόνα
372 4288 466 4340 καὶ
500 4288 745 4357 φύλακα,
776 4291 875 4356 τὰς
903 4294 1168 4365 ἐννόμους
1192 4299 1387 4370 ἑορτὰς
1426 4303 1699 4376 ἑορτάζει,
1719 4306 1799 4379 τῷ

208 4378 340 4450 ἰερῷ
372 4380 752 4453 προσεδρεύει,
777 4384 880 4456 τὴν
917 4385 1217 4460 Ἰουδαῖκὴν
1241 4390 1454 4463 ἐλέγχει
1484 4378 1794 4469 παχύτητα’

1907 3205 2160 3261 manibus
2211 3206 2617 3272 circumfertur,
2670 3204 2796 3260 sinu
2829 3203 3121 3274 excipitur,
3183 3203 3342 3274 legali
3394 3203 3503 3259 ritu

1906 3298 2343 3367 circumciditur,
2362 3297 2691 3369 expiatoriis
2714 3296 3000 3353 sacrificiis
3023 3295 3344 3368 purificatur
3360 3309 3500 3351 nova

1908 3403 1964 3446 et
1994 3393 2156 3448 unica
2194 3391 2385 3448 mundi
2416 3391 2619 3457 hostia,
2642 3391 2829 3460 Agnus
2860 3389 3045 3445 mundi
3075 3396 3361 3460 peccatum
3403 3388 3504 3444 tol-

1904 3483 2044 3550 lens;
2069 3499 2098 3537 a
2120 3484 2373 3540 Simeone
2393 3486 2732 3547 adoratur,et
2754 3484 3013 3540 Servator
3035 3483 3198 3539 simul
3218 3483 3503 3539 Dominus-

1905 3592 2011 3647 que
2034 3575 2360 3646 appellatur.
2389 3576 2554 3642 Fugit
2582 3589 2707 3628 cum
2746 3584 2919 3629 matre
2951 3584 3006 3627 et
3046 3577 3268 3631 custode
3293 3575 3361 3627 ab
3392 3573 3500 3630 lle-

1907 3671 2071 3734 rode,
2124 3670 2272 3722 venit
2325 3667 2378 3720 in
2436 3666 2772 3737 Aigyptum,
2838 3667 3151 3729 revertitur,
3200 3664 3501 3735 periculum

1906 3769 2087 3831 pavet,
2123 3758 2491 3814 Nazarethnm
2524 3756 2764 3819 accedit,
2798 3764 2959 3811 aetate
2985 3766 3038 3809 et
3070 3757 3338 3827 sapientia
3371 3770 3501 3826 pro-

1906 3855 2039 3922 ficit,
2088 3852 2405 3923 parentibus
2450 3850 2812 3918 obtemperat,
2859 3848 3005 3903 omni
3055 3849 3265 3904 honore
3309 3863 3531 3935 prose-3

1903 3944 2087 4014 quitur
2111 3957 2222 3997 non
2255 3951 2485 3996 matrem
2516 3938 2914 4003 tantummodo,
2951 3953 3138 3992 verum
3175 3938 3341 3993 etiam
3379 3954 3496 3993 ma-

1902 4038 2003 4092 tria
2033 4036 2160 4092 olim
2188 4033 2405 4105 quidem
2436 4047 2719 4102 sponsum,
2753 4031 3006 4101 posthinc
3031 4045 3161 4087 vero
3190 4039 3499 4087 curatorem

1901 4138 2065 4198 atque
2095 4127 2397 4192 custodem,
2442 4123 2636 4193 legalia
2669 4122 2807 4179 festa
2851 4122 3112 4188 celebrat,
3150 4123 3205 4179 in
3236 4125 3496 4197 templum

1901 4220 2159 4289 frequens
2186 4218 2362 4283 venit,
2396 4215 2745 4273 Judaicorum
2792 4216 3134 4285 ingeniorum
3181 4217 3494 4272 tarditatem

1900 4311 2184 4382 coarguit;
2218 4311 2380 4378 idque
2408 4307 2519 4378 agit
2548 4306 2637 4361 vix
2683 4307 3049 4362 duodecennis
3078 4316 3203 4378 post
3236 4308 3493 4364 nativita-

1901 4413 2034 4458 tem.
2075 4400 2350 4467 Quaeritur
2382 4415 2413 4455 a
2445 4399 2719 4471 cognatis,
2751 4398 3041 4454 derelictus
3075 4401 3494 4471 reprehenditur

207 4471 304 4523 καὶ
327 4472 489 4526 τοῦτο
513 4477 658 4530 ποιεῖ
684 4475 778 4529 δύο
805 4480 901 4532 καὶ
919 4479 1051 4533 δέκα
1080 4481 1322 4551 γεγονὼς
1350 4486 1512 4555 μόνον
1533 4487 1629 4560 ἐτη
1657 4489 1795 4556 τέως

1909 4510 1930 4549 a
1962 4500 2165 4557 matre,
2198 4492 2402 4548 factum
2435 4491 2699 4555 defendit,
2727 4499 2784 4547 et
2821 4491 3055 4548 latenter
3091 4492 3492 4562 quodammodo

209 4559 351 4630 μετὰ
394 4563 485 4617 τὸν
518 4566 714 4620 τόκον·
751 4569 1095 4641 ἐπιζητεῖται
1141 4576 1295 4647 παρὰ
1340 4578 1451 4632 τῶν
1490 4559 1801 4653 προσηκόν-

206 4652 443 4746 τωνῗ(1),
471 4655 828 4729 ἀπολειφθεὶς
862 4663 1180 4731 ἐγκαλεῖται
1212 4668 1366 4740 παρὰ
1413 4672 1513 4741 τῆς
1538 4652 1796 4746 μητρὸς,

206 4744 579 4815 ἀπολογεῖται,
632 4750 726 4804 καί⁵
754 4751 943 4824 ἠρέμα
970 4772 1089 4820 πως
1134 4764 1489 4831 παραγυμνοῖ
1537 4744 1638 4836 τὴν
1675 4744 1800 4820 θεό-

204 4853 366 4904 τητα.
406 4856 424 4889 ‹
456 4839 570 4894 Οὐκ
613 4841 790 4897 οῖδατε
834 4845 966 4919 γὰρ,
1013 4851 1199 4921 φησὶν,
1231 4852 1314 4906 ὅτι
1337 4855 1394 4906 ἐν
1422 4858 1537 4920 τοῖς
1578 4859 1802 4924 οἰκείοις

204 4927 301 4981 τοῦ
329 4929 545 5022 Πατρός
577 4949 680 5004 μου
709 4934 791 4990 δεῖ
816 4934 957 4993 εἷναί
981 4958 1087 5013 με;
1130 4962 1148 4993 ι
1182 4946 1409 5010 Δεικνὺς
1442 4946 1519 5012 ὡς
1542 4950 1605 5002 ού
1633 4951 1793 5022 μόνον

205 5022 324 5075 ἐστὶ
367 5021 428 5116 rb
457 5023 754 5096 ὁρώμενον,
803 5030 943 5087 ἀλλὰ
993 5035 1091 5089 καὶ
1138 5035 1272 5101 Θεὸς
1317 5040 1377 5092 ἐν
1411 5039 1492 5112 τῷ
1531 5021 1793 5116 ὁρωμένῳ

204 5113 612 5184 κρυπτόμενος,
674 5121 1012 5195 ὑπέρχρονος
1058 5127 1155 5181 καὶ
1196 5132 1524 5200 προαιώνιος
1568 5113 1658 5189 ἐκ⁷
1696 5113 1792 5190 τού

200 5206 417 5301 Πατρὸς
445 5210 755 5279 προελθώνο
803 5217 900 5272 καὶ
947 5219 1045 5276 ἵνα.
1070 5222 1353 5293 συντόμως
1402 5224 1566 5295 εἴπω,
1612 5246 1793 5301 παρα-

200 5299 410 5367 γίνεται
443 5301 579 5372 πρὸς
617 5305 871 5383 Ἰωάννην
907 5314 1262 5385 βαπτίζοντα,
1300 5318 1482 5373 πείθει
1526 5299 1790 5390 βαπτίσαι

202 5393 666 5464 παραιτούμενον,
716 5409 990 5475 προτυποῖ
1032 5409 1093 5463 τὸ
1129 5411 1395 5482 ἡμέτερον
1444 5415 1502 5468 ἐν
1542 5413 1617 5484 τῷ
1662 5415 1791 5486 Ἰορ-

272 5570 317 5603 ’⁷
350 5572 485 5631 Luc.
528 5592 585 5639 ιι,
628 5576 717 5631 49.

274 5726 348 5797 (l)
391 5728 471 5784 Διι
520 5730 807 5789 dicendum
851 5737 909 5789 ἐν
955 5738 1063 5801 τοῖς
1111 5738 1399 5809 συγγενέσι
1446 5742 1537 5796 καὶ
1582 5745 1638 5800 ἐν

1900 4585 2240 4641 divinitatem
2300 4597 2455 4638 suam
2522 4583 2733 4638 revelat
2780 4596 2797 4636 :
2849 4600 2868 4635 ι
2902 4582 3259 4651 Nesciebatis,
3289 4584 3490 4654 inquit.

1898 4677 2159 4747 quoniam
2206 4675 2263 4730 in
2310 4675 2378 4730 iis
2417 4689 2537 4744 quae
2589 4672 2768 4729 Patris
2804 4673 2909 4728 mei
2942 4683 3091 4740 sunt,
3140 4684 3355 4744 oportet
3402 4690 3490 4733 me

1900 4786 2019 4826 esse
2042 4770 2132 4824 "‘l
2166 4788 2185 4821 ι
2214 4767 2539 4839 Significans
2568 4780 2627 4821 se
2653 4781 2760 4821 non
2797 4780 2921 4821 eum
2960 4781 3081 4823 esse
3113 4770 3488 4824 tantummodo

1899 4863 1992 4932 qui
2037 4860 2385 4925 cernebatur,
2438 4860 2533 4913 sed
2584 4858 2747 4913 Deum
2800 4872 3018 4928 quoque
3065 4874 3190 4915 esse
3246 4860 3345 4916 sub
3395 4859 3487 4915 illo

1901 4962 2122 5023 aspectu
2182 4951 2439 5018 celatum,
2479 4960 2606 5006 ante
2635 4967 2799 5007 omne
2841 4961 3053 5023 tempus
3081 4944 3141 5007 et'
3170 4952 3386 5019 sarcula,
3417 4967 3485 5008 ex

1899 5045 2058 5102 Patre
2089 5046 2516 5117 provenientem.
2545 5042 2745 5115 Atque.
2771 5054 2827 5100 ut
2849 5045 3159 5101 summatim
3173 5046 3367 5113 dicam,
3394 5062 3484 5102 ve-

1891 5143 1972 5196 nit
1997 5140 2065 5196 ad
2097 5141 2358 5196 Joannem
2392 5140 2777 5210 baptizantem,
2810 5141 3105 5212 persuadet
3134 5140 3182 5195 ei
3208 5143 3482 5196 recusanti

1891 5243 1947 5289 ut
1992 5246 2051 5290 se
2095 5232 2357 5301 baptizet,
2408 5231 2719 5301 pmﬂgurat
2767 5231 2821 5285 in
2870 5229 3108 5289 Jordane
3153 5230 3478 5301 baptismum

1890 5331 2161 5388 nostrum,
2183 5320 2344 5377 linem
2365 5321 2469 5390 legi
2502 5321 2752 5390 imponit,
2777 5322 2967 5392 gratiae
2991 5321 3215 5393 ianuam
3250 5332 3477 5388 reserat,

1889 5430 1916 5468 a
1947 5412 2109 5467 Patre
2158 5410 2376 5468 coalitus
2420 5411 2744 5482 publicatur,
2780 5409 3016 5483 Spiritus
3050 5414 3334 5482 praesentia
3384 5413 3478 5466 de-

1680 5747 1788 5810 τοῖς
1828 5749 2110 5816 γνωστοῖς,
2144 5749 2282 5806 inter
2342 5760 2587 5820 cognatos
2619 5762 2666 5808 ει
2700 5764 2872 5821 notos,
2903 5762 2960 5808 ut
2990 5751 3118 5808 Luc.
3148 5765 3208 5817 ιι,
3242 5744 3348 5807 ιιι
