4016 6202
499 322 520 374 i
533 320 638 375 463

1494 307 1552 363 S.
1594 302 1867 363 CYRILLI
1907 301 2375 359 ALEXANDRINI
2414 302 2737 361 ARCHIEP.

3656 309 3685 363 Ι
3696 310 3807 365 Mil

496 416 852 497 monstratur,
884 428 1098 485 ducitur
1133 430 1187 485 in
1225 429 1499 485 desertum
1535 429 1683 483 velut
1715 429 1781 483 ad
1826 425 2067 482 idoneam

2187 425 2320 496 δάνῃ
2348 425 2662 497 βάπτισμα,
2687 427 2871 481 δίδωσι
2905 427 3059 493 τέλος
3088 428 3167 501 τῷ
3194 430 3366 502 νόμῳ,
3399 431 3495 486 καὶ
3530 430 3653 504 τὴν
3697 430 3803 485 θύ-

496 526 783 593 qnamdam
831 523 1176 594 palaestram,
1228 531 1282 575 et
1328 520 1534 590 jejunat
1574 519 1793 590 837m
1835 519 2076 589 quidem,

498 634 606 672 non
635 628 814 671 tamen
845 614 983 668 ultra
1008 622 1214 667 natura:
1238 625 1581 676 mensuram;
1610 620 1664 664 et
1689 609 1833 666 vesci
1858 608 2075 681 quidem

473 709 666 777 cupit,
709 706 1060 761 nihilominus
1102 702 1397 774 appetitum
1440 704 1678 767 cohibet,
1710 716 1884 771 neque
1919 700 2075 755 volu-

468 785 735 867 'ptatibus
764 796 952 851 servit.
988 795 1055 849 Et
1087 794 1243 849 famis
1271 793 1489 863 quidem
1532 807 1694 847 causa
1720 792 1956 848 concitat
1982 792 2080 847 ad-

497 885 797 940 versarium
825 887 889 940 ad
919 885 1142 951 luctam,
1175 898 1334 954 quem
1359 892 1538 939 tamen
1570 883 1805 937 humana
1838 882 2076 951 philoso-

495 978 623 1047 phia
671 986 914 1047 superat,
958 991 1068 1032 non
1121 975 1422 1030 divinitatis
1460 983 1764 1044 potestate;
1819 974 2075 1040 luctatur,

494 1079 734 1137 superat,
759 1069 951 1134 vincit,
981 1067 1251 1140 proﬂigat,
1279 1067 1616 1138 tyrannidem
1633 1065 1901 1130 dissolvit,
1926 1065 2079 1119 inﬁr-

495 1161 740 1215 mitatem
774 1160 919 1215 illius
966 1161 1322 1224 demonstrat,
1353 1158 1669 1227 clademque
1694 1156 2019 1227 depraadicat
2058 1171 2075 1211 :

500 1271 520 1305 ι
544 1252 830 1317 Confidite,
856 1252 1048 1322 inquit,
1079 1267 1178 1323 ego
1197 1251 1299 1307 vici
1322 1251 1582 1305 mundum
1606 1250 1685 1302 ":
1712 1268 1732 1301 ι
1766 1257 1995 1303 cunctos
2010 1248 2076 1302 ad

495 1346 747 1399 virtutem
777 1346 1041 1408 hortatur,
1063 1344 1363 1399 divinorum
1387 1343 1696 1411 dogmatum
1718 1340 1926 1395 tabulas
1942 1354 2076 1396 con-

495 1438 595 1503 dit,
631 1436 938 1492 nuntiatum
969 1450 1064 1491 ore
1100 1436 1378 1505 prophetae
1423 1433 1831 1490 Testamentum
1876 1447 2070 1486 novum

497 1529 661 1582 tradit
687 1528 755 1594 ",
778 1527 1038 1583 caelorum
1068 1542 1294 1596 regnum
1317 1525 1605 1596 promittit,
1642 1522 1800 1579 oliicii
1829 1536 2073 1579 contem-

497 1621 740 1690 ptoribus
768 1621 1027 1690 gehennae
1068 1620 1242 1689 ignem
1280 1617 1660 1674 comminatur.

2191 535 2288 589 ραν
2319 519 2601 587 ὑπανοίγει
2625 519 2729 590 τῆς
2756 521 2997 593 χάριτος,
3025 522 3132 576 ὑπὸ
3163 523 3259 577 τοῦ
3286 524 3501 595 Πατρός
3534 524 3806 597 οὐρανό-

2142 604 2277 662 ’θεν
2334 610 2791 681 ἀνακηρύττεται,
2846 615 2914 685 τῇ
2965 615 3239 687 παρουσίᾳ
3293 614 3387 670 τοῦ
3447 616 3806 687 Πνεύματος

2182 701 2485 767 δείκνυται,
2518 705 2783 773 ἀνάγεται
2814 708 2893 770 είς
2915 706 3014 779 τὴν
3047 708 3255 780 ἔρημον
3282 708 3359 773 ὡς
3385 710 3466 774 είς
3495 710 3804 781 ἀρμοδῐαν

2177 793 2299 848 τινὰ
2335 794 2677 867 παλαίστραν
2719 797 2825 851 ὑπὸ
2873 797 2969 851 τοῦ
3008 799 3351 871 Πνεύματος,
3386 802 3480 855 καὶ
3512 801 3803 873 νηστεύει

2178 887 2319 957 μὲν,
2372 888 2435 941 ού
2495 888 2638 961 πέρα
2694 889 2753 942 δὲ
2802 890 2911 944 τῶν
2967 892 3182 964 μέτρων
3231 893 3333 963 τῆς
3382 895 3633 962 φύσεως,
3695 895 3802 949 καὶ

2174 980 2377 1051 τροφῆς
2411 980 2511 1050 μὲν
2542 980 2784 1050 ἐφίεται,
2832 982 2970 1037 ἀλλά
3017 987 3211 1056 κρατεῖ
3253 986 3354 1056 τῆς
3397 987 3647 1056 ὀρέξεως
3677 1029 3696 1054 ,
3730 986 3799 1039 οὔ

2173 1071 2415 1126 δουλεύει
2458 1075 2579 1137 ταῖς
2620 1073 2867 1145 ἡδοναῖς’
2918 1077 3013 1130 καὶ
3056 1077 3216 1131 καλεί
3264 1078 3365 1149 μὲν
3389 1083 3454 1151 τῇ
3482 1082 3665 1152 πείνῃ
3700 1080 3798 1133 τὸν

2174 1162 2469 1217 ἀντίπαλον
2524 1166 2605 1227 είς
2651 1165 2752 1237 τὴν
2812 1167 3031 1239 πάλην,
3099 1170 3438 1241 περιγίνεται
3484 1172 3541 1225 δὲ
3605 1171 3796 1226 αὑτοῦ
3980 1162 3991 1261 4

2178 1252 2496 1326 ἀνθρωπίνῃ
2544 1254 2872 1329 φιλοσοφίᾳ,
2923 1259 3039 1313 ἀλλ’
3088 1262 3189 1314 οὐκ
3232 1261 3449 1334 ἐξουσίᾳ
3488 1264 3793 1335 θεότητος,

2178 1342 2511 1411 ἀγωνίζεται
2537 1385 2553 1412 ,
2599 1349 3029 1417 καταγωνίζεται
3053 1391 3068 1415 ,
3112 1354 3239 1423 νικᾷ
3265 1392 3280 1417 ,
3314 1354 3591 1420 ἐξελαύνει
3622 1397 3641 1418 ,
3684 1357 3795 1428 τὴν

2176 1435 2469 1503 τυραννίδα
2499 1438 2761 1492 καταλύει
2780 1479 2795 1502 ,
2843 1441 2904 1494 τὸ
2926 1442 3152 1508 ἀσθενὲς
3177 1444 3428 1516 ἐλέγχει,
3465 1448 3563 1519 τὴν
3596 1442 3792 1519 ¹ἧτταν

2180 1523 2445 1593 κηρύττει
2466 1542 2479 1555 θ
2519 1543 2539 1578 ι
2571 1526 2837 1597 Θαρσεῖτε
2861 1529 2992 1602 γὰρ,
3025 1534 3210 1603 φησὶν,
3248 1533 3360 1603 ἐγὼ
3385 1535 3659 1608 νενίκηκα
3687 1538 3791 1589 τὸν

2181 1617 2389 1688 κόσμον
2429 1635 2444 1649 ·
2504 1637 2523 1672 ι
2569 1623 2875 1694 προτρέπει
2941 1624 3150 1689 πάντας
3212 1629 3292 1691 είς
3351 1630 3591 1702 ἀρετὴν,
3675 1631 3788 1701 τὴν

497 1710 817 1782 νομοθεσίαν
845 1711 952 1764 τῶν
987 1710 1148 1763 θείων
1194 1708 1480 1779 δογμάτων
1518 1711 1682 1773 ποιεί,
1725 1709 1824 1780 τὴν
1881 1708 1973 1763 διὰ
2008 1708 2103 1762 τοῦ
2151 1713 2436 1782 προφήτου
2487 1714 2911 1788 ἐπηγγελμένην
2955 1719 3154 1790 καινὴν
3180 1719 3458 1795 Διαθήκην
3521 1724 3784 1789 δίδωσιν,

496 1804 739 1875 οὐρανῶν
807 1802 1086 1873 βασιλείαν
1142 1803 1505 1873 ὑπισχνεῖται,
1559 1805 1672 1866 τοῖς
1700 1801 1993 1873 ἀμελοῦσιν
2031 1803 2247 1857 ἀπειλεῖ
2271 1804 2371 1876 τῆς
2392 1806 2618 1878 γεέννης
2649 1808 2749 1879 τὴν
2775 1808 2969 1879 φλόγα.

554 1914 723 1971 XXV.
764 1913 1167 1986 Compendiaria
1199 1916 1596 1997 Dominicorum
1628 1916 2010 1972 miraculorum

2180 1917 2309 1972 KE'.
2363 1921 2671 1992 Σύντομος
2710 1924 2829 1979 τῶν
2865 1928 3249 2001 ᾼεσποτικῶν
3300 1931 3620 2001 θαυμάτων
3682 1935 3778 1988 δι-

1154 1986 1412 2041 narratio.

565 2103 733 2159 Dictis
761 2102 923 2157 fidem
962 2099 1097 2156 facit
1121 2101 1311 2173 grandi
1344 2110 1554 2172 patrato
1582 2101 1863 2167 miraculo,
1891 2102 2076 2157 vinum

498 2209 689 2264 nempe
719 2193 861 2249 nulla
886 2192 1095 2248 cultura
1121 2194 1447 2264 acquisitum
1480 2194 1680 2264 nuptiis
1704 2195 2074 2265 suppeditans,

491 2281 678 2335 vinum
717 2280 834 2335 sine
871 2280 1181 2350 palmitibus
1229 2297 1297 2337 ex
1342 2298 1485 2353 aqua
1537 2284 1857 2348 conficiens,
1888 2285 2076 2340 vinum

495 2370 701 2439 absque
740 2384 842 2423 uva
887 2368 1199 2440 nuptiarum
1228 2372 1474 2428 convivis
1506 2371 1763 2443 largiens,
1796 2375 1850 2429 in
1891 2375 2074 2431 vinum

494 2469 712 2513 mutans
745 2473 1006 2530 aquarum
1045 2470 1317 2527 naturam,
1358 2462 1507 2517 nulla
1547 2464 1941 2523 interveniente
1968 2467 2077 2524 vite

497 2553 778 2607 humorem
819 2563 978 2607 terrae
1007 2554 1350 2623 depraedans,
1395 2565 1557 2627 atque
1605 2558 1679 2612 ita
1714 2560 1928 2628 nuptias
1970 2575 2074 2616 non

494 2642 781 2711 praesentia
805 2644 1199 2711 tantummodo,
1233 2660 1420 2701 verum
1438 2648 1603 2703 etiam
1630 2650 1877 2720 prodigio
1906 2651 2077 2707 hono-

496 2746 644 2787 rans.
679 2730 813 2788 Nam
849 2734 976 2805 quia
1003 2736 1116 2805 ipse
1138 2736 1203 2792 de
1230 2736 1469 2808 virginea
1502 2740 1659 2796 vulva
1693 2744 1988 2812 prodierat,
2019 2754 2075 2799 et

494 2824 861 2894 virginitatem
897 2841 994 2881 usu
1036 2827 1254 2896 proprio
1287 2836 1343 2883 et
1374 2830 1556 2886 verbis
1583 2832 1895 2899 extollebat,
1930 2834 2076 2890 caeli-

491 2915 785 2986 batumque
809 2931 972 2987 opere
1012 2933 1075 2973 ac
1117 2922 1460 2976 sermonibus
1499 2923 1820 2991 honorabat,
1857 2940 1923 2981 ne
1953 2929 2074 2996 quis

482 3008 637 3063 forte
690 3010 999 3079 coniugium
1038 3011 1473 3079 intemperantiae
1522 3012 1640 3068 loco
1682 3014 1925 3084 haberet,
1970 3033 2072 3073 nu-

492 3098 744 3166 ptiasque
792 3113 889 3151 ceu
942 3098 1158 3154 illicitas
1204 3102 1535 3171 traduceret,
1582 3105 1796 3173 nuptias
1820 3107 2070 3163 honestat

491 3188 779 3257 praesentia
839 3203 973 3256 sua,
1035 3190 1297 3247 honorem
1366 3194 1564 3265 insigni
1612 3213 1839 3254 munere
1885 3210 2067 3269 auget,

490 3291 750 3347 sponsum
784 3280 1058 3335 anxietate
1081 3282 1321 3352 expedit,
1357 3286 1614 3342 convivas
1646 3288 1776 3343 facit
1815 3290 2072 3345 attonitos

491 3382 644 3422 novae
690 3369 766 3423 rei
823 3370 1145 3441 fragrantia,
1202 3388 1263 3429 se
1300 3375 1474 3443 ipsum
1530 3378 1633 3433 hoc
1660 3379 1801 3434 dono
1857 3381 2071 3449 publice

487 3458 822 3516 manifestat.
876 3460 1011 3516 Nam
1059 3463 1154 3532 qui
1203 3465 1527 3522 naturaliter
1576 3468 1895 3528 illaboratus
1930 3481 2068 3542 erat,

488 3548 831 3606 illaboratam
885 3551 1068 3606 vinum
1107 3556 1490 3625 suppeditavit.
1537 3556 1794 3616 P03thinc
1838 3572 2071 3632 aegrotos

486 3651 665 3707 sanat,
705 3657 956 3698 sermone
1000 3646 1219 3702 morbos
1258 3646 1499 3718 resolvit,
1535 3662 1668 3707 nutu
1710 3651 1903 3709 liberat
1941 3670 2066 3726 pas-

488 3734 734 3789 sionibus
767 3733 1098 3803 laborantes,
1146 3738 1507 3796 daemoniacos
1540 3742 1688 3797 rabie
1730 3743 1945 3814 liberat,
1985 3746 2069 3802 fu-

489 3834 670 3881 rentes
708 3826 773 3880 ad
802 3828 1045 3897 quietam
1076 3839 1311 3885 mentem
1354 3843 1592 3897 revocat,
1629 3836 1953 3908 paralyticos
1981 3853 2067 3894 so-

487 3918 640 3982 lidat,
668 3920 979 3973 claudorum
1010 3920 1172 3990 pedes
1195 3922 1542 3992 redintegrat,
1576 3927 1745 3981 solem
1763 3930 1878 3983 visu
1896 3932 2067 3987 cassis

484 4007 705 4079 838m
747 4010 1001 4074 ostendit,
1038 4010 1185 4067 fores
1230 4014 1482 4068 nimirum
1521 4019 1767 4086 corporis
1815 4022 2065 4090 aperiens

487 4113 585 4168 per
602 4113 738 4167 quas
765 4099 961 4154 animm
982 4101 1204 4156 visualis
1230 4102 1461 4160 facultas
1487 4115 1641 4161 extra
1666 4109 1869 4176 prodit;
1905 4110 2064 4180 idque

486 4190 647 4244 modo
685 4190 799 4245 solo
827 4206 1080 4247 sermone
1106 4192 1297 4261 efficit,
1332 4197 1489 4252 modo
1532 4209 1691 4267 sputo
1720 4215 1784 4255 ac
1830 4201 1944 4258 luto
1972 4204 2063 4260 de-

488 4280 755 4337 iicientem
783 4290 989 4351 partem
1032 4285 1262 4354 supplet,
1299 4286 1535 4359 facitque
1574 4291 1764 4358 lutum,
1789 4296 1933 4364 quod
1967 4313 2063 4367 per

485 4387 546 4427 se
572 4373 743 4429 oculis
777 4383 861 4429 est
890 4375 1167 4441 infestum,
1195 4379 1472 4435 oculorum
1507 4384 1796 4453 medicum,
1840 4397 1895 4444 et
1932 4405 2061 4446 con—

485 4466 654 4520 trario
683 4464 978 4535 pbarmaco
1002 4468 1192 4533 utitur,
1239 4479 1294 4524 et
1334 4484 1445 4525 rem
1475 4475 1689 4530 noxiam
1728 4481 1943 4535 exhibet
1973 4498 2057 4538 sa-

486 4555 732 4610 lutarem.
761 4555 996 4612 Auribus
1024 4558 1093 4612 ab
1121 4559 1387 4616 audiendo
1414 4562 1597 4630 dictis,
1622 4568 1715 4622 sed
1745 4578 1922 4627 tamen
1957 4588 2054 4627 au-
2084 4590 2129 4644 Ι)
2156 4600 2264 4648 ται,
2289 4555 2384 4638 καί

482 4646 595 4701 ditu
639 4647 972 4716 carentibus,
1020 4652 1318 4708 naturalem
1355 4654 1593 4725 impertit
1625 4675 1801 4718 usum.
1858 4663 2053 4724 Paucis

480 4737 713 4806 panibus
738 4738 791 4794 in
833 4740 1047 4797 deserto
1079 4743 1244 4799 multa
1280 4745 1558 4805 hominum
1607 4752 1770 4808 millia
1813 4756 2050 4826 satiavit,

480 4831 721 4899 quinque
760 4830 965 4888 scilicet
997 4848 1186 4904 panes,
1222 4844 1478 4909 tanquam
1519 4840 1573 4896 in
1609 4858 1796 4900 arvum
1840 4861 2052 4917 semen,

480 4922 729 4978 manibus
769 4926 1006 4990 tradens,
1048 4937 1103 4982 et
1140 4927 1333 5001 linguae
1365 4932 1790 4993 benedictionem
1830 4955 1927 4996 ceu
1974 4943 2050 4997 ri-

479 5024 643 5077 gnum
667 5012 909 5069 nimbum
934 5016 1229 5083 adducens,
1253 5019 1471 5077 densam
1496 5022 1769 5095 altamque
1794 5041 2049 5102 segetem,

480 5107 536 5153 et
560 5101 775 5168 plenam
806 5120 987 5162 aream
1011 5109 1377 5180 apostolorum
1404 5130 1597 5171 manus
1615 5116 1794 5175 eﬂ‘ecit
1823 5138 1835 5175 :
1866 5101 2053 5181 aream

480 5202 583 5242 nec
611 5194 913 5252 ventilabro
956 5213 1057 5254 nec
1091 5204 1404 5272 purgatorio
1450 5216 1716 5277 egentem,
1760 5227 1867 5267 non
1913 5216 2053 5271 mola

479 5294 580 5335 nec
609 5294 811 5343 mactra
851 5305 951 5347 nec
980 5292 1102 5362 igne
1128 5304 1222 5349 aut
1266 5294 1502 5366 clibano,
1544 5299 1639 5355 sed
1678 5301 1822 5372 ipsos
1851 5320 1949 5375 per
1993 5325 2053 5366 se

548 5442 592 5475 "
614 5440 767 5498 Joan.
794 5459 905 5511 xvt,
932 5449 1023 5503 35.
1099 5451 1143 5482 "
1167 5450 1366 5509 Jerem.
1392 5470 1542 5521 xxxi,
1563 5457 1652 5512 3i.

545 5600 622 5673 (l)
660 5599 918 5674 Eamdem
958 5604 1279 5659 sententiam
1317 5608 1482 5665 habes
1519 5611 1572 5665 in
1612 5627 1750 5669 novo
1788 5617 1949 5673 etiam
1986 5627 2040 5674 et

476 5672 715 5740 apprime
752 5672 985 5744 genuino
1025 5674 1197 5725 sancti
1234 5676 1513 5744 Augustini
1554 5696 1802 5739 sermone
1843 5688 1908 5742 de
1938 5672 2041 5743 nu;

476 5743 601 5806 ptiis
630 5742 768 5812 apud
800 5744 1020 5811 Canam,
1054 5756 1210 5811 quem
1247 5742 1343 5800 nos
1375 5760 1440 5799 ex
1474 5750 1612 5805 miro
1646 5753 1829 5811 codice
1857 5760 2037 5814 saeculi

2098 3246 2140 3303 ο
2174 3212 2352 3279 γάμον
2368 3215 2447 3303 τῇ
2489 3214 2763 3287 παρουσίᾳ
2794 3215 2870 3287 (Ι)
2887 3256 2901 3281 ,
2928 3217 3080 3282 αὔξει
3106 3220 3207 3289 τήν
3245 3220 3411 3292 τιμὴν
3434 3224 3501 3293 τῇ
3526 3222 3621 3275 τοῦ
3647 3221 3753 3275 δὼ-

2739 2032 2745 2041 -
2847 1996 3086 2067 ήγησις.

2248 2104 2544 2160 Πιστοῢται
2582 2106 2653 2162 τὰ
2678 2108 2947 2180 λεγόμενα
2972 2115 3038 2183 τῇ
3068 2115 3280 2187 μεγάλῃ
3321 2116 3770 2192 θαυματουργία,

2177 2194 2319 2253 οἶνον
2351 2201 2704 2274 ἀγεώργητον
2733 2204 2812 2276 τῷ
2841 2207 3005 2278 γάμῳ
3026 2208 3392 2280 δωρούμενος,
3426 2207 3568 2266 οῐνον
3589 2214 3772 2287 χωρὶς

2178 2291 2472 2363 κλημάτων
2504 2293 2564 2359 ἐξ
2602 2294 2793 2361 ὕδατος
2827 2298 3218 2370 ἐργαζόμενος,
3265 2297 3410 2357 οἶνον
3450 2305 3771 2374 ἀστάφυλον

2176 2384 2289 2446 τοῖς
2333 2381 2429 2436 τοῦ
2480 2384 2659 2455 γάμου
2700 2386 2987 2458 δαιτυμόσι
3044 2391 3427 2463 χαριζόμενος,
3480 2396 3562 2457 εις
3613 2391 3770 2449 οἶνον

2181 2475 2503 2545 μεταϐαλὼν
2536 2478 2644 2532 τῶν
2667 2479 2874 2534 ὑδάτων
2902 2481 3000 2552 τὴν
3028 2482 3215 2553 φύσιν,
3250 2486 3322 2557 μὴ
3355 2488 3772 2559 μεσιτευούσης

2177 2566 2426 2636 ἀμπέλου
2451 2606 2466 2633 ,
2497 2569 2594 2621 καὶ
2637 2570 2738 2640 τῆς
2776 2570 2884 2641 γῆς
2915 2571 3016 2644 τὴν
3063 2576 3242 2629 νοτίδα
3281 2576 3528 2647 συλήσας,
3564 2578 3765 2648 τιμῶν

2175 2658 2266 2711 τὸν
2297 2658 2475 2730 γάμον
2507 2661 2567 2713 ού
2595 2664 2661 2732 τῇ
2712 2664 2989 2736 παρουσία
3018 2665 3196 2735 μόνον,
3223 2666 3350 2720 ἀλλά
3380 2668 3477 2720 καὶ¹
3514 2670 3587 2739 τῇ
3620 2668 3768 2723 θαυ-

2179 2750 2525 2822 ματουργία·
2574 2753 2763 2825 ἐπειδὴ
2809 2754 2919 2826 γὰρ
2960 2758 3036 2824 ἐκξ
3066 2757 3396 2829 παρθενικῆς
3446 2757 3760 2831 ἐϐλάστησε

2178 2843 2389 2913 μήτρας
2413 2882 2428 2908 ,
2475 2847 2568 2897 καὶ
2599 2845 2898 2916 παρθενίαν
2927 2848 3135 2920 ήσκησὲ
3173 2866 3235 2902 τε
3274 2850 3377 2905 καὶ
3414 2854 3528 2915 τοῖς
3578 2851 3759 2922 λόγοις

2174 2933 2361 3005 ἐξῆρε,
2388 2935 2485 2988 καὶ
2523 2935 2623 3007 τὴν
2654 2937 2887 3006 ἀζυγίαν
2929 2939 3111 3010 ἔργοις
3138 2943 3234 2996 καὶ
3260 2942 3442 3012 λόγοις
3475 2946 3750 3016 ἐτίμησεν,

2174 3027 2262 3081 ἵνα
2315 3030 2389 3101 μή
2436 3046 2522 3094 τις
2568 3031 2865 3085 ἀκολασίαν
2903 3029 3045 3089 εἶναι
3076 3035 3273 3108 νομίζῃ
3319 3039 3420 3108 τὴν
3466 3038 3751 3107 συζυγίαν,

2174 3121 2269 3173 καὶ
2298 3120 2375 3184 ὡς
2406 3124 2726 3207 παρανόμου
2755 3125 2851 3178 τοῦ
2882 3125 3064 3197 γάμου
3108 3129 3473 3200 κατηγοροίη,
3503 3132 3639 3202 τιμᾷ
3661 3131 3755 3184 τδν

2178 3316 2271 3368 ρου
2306 3301 2605 3375 φιλοτιμίᾳ,
2656 3304 2774 3358 λύει
2825 3305 2920 3359 τοῦ
2950 3309 3188 3378 νυμφίου
3227 3312 3327 3382 τὴν
3370 3313 3624 3384 ἀπορίαν,
3659 3315 3752 3367 ἐκ·

2173 3391 2400 3464 πλήττει
2461 3395 2589 3460 τοὺς
2624 3397 2905 3469 συμπότας
2940 3403 3006 3471 τῇ
3055 3401 3151 3454 τοῦ
3198 3403 3385 3456 καινοῦ
3431 3406 3751 3476 πράγματος

2172 3484 2426 3557 εύοσμίᾳ,
2461 3487 2654 3541 ἑαυτὸν
2688 3488 2774 3543 διὰ
2815 3490 2906 3543 τοῦ
2937 3491 3110 3563 δώρου
3156 3493 3439 3565 κηρύττει.
3510 3495 3749 3567 Ἀγεὼρ-

2169 3594 2335 3648 γητος
2360 3577 2468 3651 γάρ
2502 3579 2600 3642 ὢν,
2628 3581 2718 3634 τὸν
2743 3581 3095 3654 ἀγεώργητον
3120 3580 3263 3641 οἶνον
3286 3588 3538 3642 δέδωκεν.
3580 3576 3750 3642 Ἐκεί-

2171 3669 2263 3725 θεν
2288 3670 2416 3735 τοὺς
2438 3671 2757 3745 ἀρρώστους
2789 3676 3062 3743 ίᾶται,κα¹ι
3088 3678 3233 3749 λόγῳ
3265 3678 3384 3732 λύει
3405 3680 3507 3742 τὰς
3536 3680 3744 3745 νόσους,

2168 3764 2262 3817 καὶ
2286 3763 2516 3835 νεύματι
2544 3766 2655 3820 τῶν
2687 3767 2879 3822 παθῶν
2899 3769 3229 3824 ἀπαλλάττει
3261 3773 3389 3835 τοὺς
3416 3773 3743 3842 κάμνοντας,

2167 3854 2294 3918 τοὺς
2346 3855 2723 3927 δαιμονῶντας
2770 3846 2879 3930 τῆς
2920 3861 3119 3933 λύττης
3160 3862 3458 3935 ἐλευθεροῖ,
3506 3865 3746 3919 δείκνυσι

2164 3944 2293 4008 τοὺς
2329 3948 2640 4017 μεμηνότας
2686 3950 3110 4022 καθεστηκότας,
3159 3956 3379 4025 σφίγγει
3426 3958 3554 4021 τοὺς
3599 3974 3744 4029 παρο

2164 4036 2436 4106 ειμένους,
2468 4040 2763 4111 ἀρτίποδας
2793 4045 2922 4106 τοὺς
2948 4044 3156 4115 χωλοὺς
3201 4048 3602 4129 ἀπεργάζεςαι,
3631 4048 3744 4101 85i-

2164 4144 2319 4182 κνυσι
2344 4128 2434 4183 τὸν
2467 4131 2618 4201 ήλιον
2638 4135 2750 4197 τοῖς
2777 4134 2839 4187 τὸ
2869 4135 3085 4205 βλέπειν
3112 4128 3515 4212 ἀφῃρημένοις,
3536 4140 3743 4208 ἀνοίγει

2163 4217 2261 4282 τὰς
2291 4219 2462 4291 θύρας
2515 4222 2609 4275 τοῦ
2639 4224 2893 4296 σώματος
2936 4228 3005 4280 δι’
3031 4222 3105 4283 ὧν
3136 4232 3227 4284 ἐπὶ
3248 4230 3316 4284 τά
3345 4231 3446 4296 ἔξω
3470 4233 3733 4300 διαχεῖται

2160 4309 2222 4362 τὸ
2250 4310 2349 4380 τῆς
2374 4311 2554 4383 ψυχῆς
2587 4317 2832 4381 όπτικὺν,
2867 4320 2963 4373 καὶ
2989 4320 3084 4374 νῦν
3115 4323 3213 4393 μὲν
3247 4323 3385 4395 λόγῳ
3407 4324 3545 4394 μόνῳ
3566 4323 3736 4379 τοῦτο

2161 4406 2323 4465 ποιεῖ,
2350 4404 2442 4457 τὸν
2478 4407 2646 4476 πηλὸν
2669 4408 2761 4463 τὸν
2789 4411 2899 4464 τῶν
2932 4413 3198 4489 ὀμμάτων
3245 4415 3515 4469 ἐπίϐουλον
3542 4415 3737 4489 ὀμμά-

2159 4509 2265 4546 των
2298 4492 2657 4570 θεραπευτὴν,
2683 4502 2775 4554 καί⁹
2800 4501 2879 4573 τῷ
2925 4481 3170 4576 πολεμίῳ
3217 4508 3490 4579 φαρμάκῳ
3525 4481 3739 4581 κέχρη-

2423 4586 2484 4640 τὸ
2526 4587 2857 4663 δηλητήριον
2905 4595 3263 4669 ἀλεξητήριον
3302 4599 3575 4654 δείκνυσι·
3614 4605 3740 4666 ταῖς

2158 4676 2349 4741 ἀκοαῖς
2376 4679 2759 4752 καλουμέναις,
2781 4684 2843 4737 τὸ
2869 4685 2926 4740 δὲ
2952 4687 3173 4743 ἀκούειν
3199 4691 3604 4764 ἀφῃρημέναις,
3636 4693 3738 4766 τήν

2157 4767 2364 4823 οἰκείαν
2386 4770 2667 4843 ἐνέργειαν
2688 4776 3212 4851 ἐπιδίδωσι.”Αρτοις
3229 4783 3433 4851 ὀλίγοις
3455 4785 3514 4836 ἐν
3543 4785 3739 4856 ἐρήμῳ

2158 4860 2360 4926 πολλάς
2406 4865 2630 4937 ἐκόρεσε
2657 4867 2922 4939 χιλιάδας,
2954 4873 3083 4937 τοὺς
3111 4875 3271 4927 πέντε
3297 4875 3518 4946 ἄρτους,
3543 4875 3736 4948 ὥσπερ

2157 4951 2237 5013 εις
2264 4952 2502 5027 ἄρουραν
2538 4960 2762 5031 σπέρμα
2781 5002 2796 5027 ,
2823 4965 2944 5026 ταῖς
2981 4965 3170 5035 χερσὶν
3198 4965 3473 5037 ἐμϐαλὼν,
3507 4968 3603 5020 καὶ
3632 4967 3735 5037 τῆς

2152 5041 2398 5135 γλιῖιττης
2422 5048 2520 5119 τὴν
2543 5050 2795 5120 εὐλογίαν
2824 5049 2936 5110 οἶόν
2964 5073 3017 5109 τι
3046 5056 3207 5124 νέφος
3240 5058 3561 5128 ἐπαγαγὼν,
3593 5059 3732 5114 δασὺ
3782 5130 3789 5135 η

2151 5132 2245 5186 καὶ
2287 5134 2422 5203 βαθὺ
2452 5138 2602 5208 λήϊον
2648 5144 2743 5195 καὶ
2771 5142 2885 5198 ἀλω
2915 5144 3097 5217 πλήρη
3123 5147 3225 5212 τὰς
3260 5149 3371 5202 τῶν
3411 5150 3733 5205 ἀποστόλων

2150 5225 2339 5295 χεῖρας
2380 5227 2693 5299 ἀπέφηνεν,
2725 5233 2838 5288 ἄλω
2867 5235 2929 5289 οὐ
2961 5236 3131 5291 πτύου
3171 5239 3436 5312 δεομένην
3477 5242 3574 5295 καὶ
3616 5242 3736 5296 διαο

2150 5317 2405 5388 κρίσεως,
2435 5323 2494 5375 ού
2528 5324 2697 5392 μύτου
2723 5329 2818 5383 καὶ
2864 5330 3112 5403 μάκτρας
3141 5334 3234 5387 καὶ
3267 5334 3441 5404 πυρὸς
3478 5335 3573 5389 καὶ
3608 5335 3731 5390 κλι-

2147 5627 2357 5755 ἓῖῐιέιῐῖξηί
2402 5630 2664 5692 edidimus
2701 5637 2752 5694 in
2783 5639 3063 5716 Spicilegio
3104 5646 3282 5721 Rom,
3335 5662 3371 5708 t.
3409 5652 3537 5722 Vill,
3578 5658 3724 5715 circa
