  <div class='ocr_page' id='page_1' title='image "/cluster/home/n/w/nwhite01/storage/ocr_20150623/75/hvd.32044073502031/738.png"; bbox 0 0 4016 6202; ppageno 0'>
   <div class='ocr_carea' id='block_1_1' title="bbox 313 313 477 369">
    <p class='ocr_par' dir='ltr' id='par_1_1' title="bbox 313 313 477 369">
     <span class='ocr_line' id='line_1_1' title="bbox 313 313 477 369; baseline 0.018 -3"><span class='ocrx_word' id='word_1_1' title='bbox 313 313 339 366; x_wconf 78' lang='lat' dir='ltr'><strong>l</strong></span> <span class='ocrx_word' id='word_1_2' title='bbox 355 313 477 369; x_wconf 61' lang='lat'><strong>£65</strong></span> 
     </span>
    </p>
   </div>
   <div class='ocr_carea' id='block_1_2' title="bbox 1503 308 2471 370">
    <p class='ocr_par' dir='ltr' id='par_1_2' title="bbox 1503 308 2471 370">
     <span class='ocr_line' id='line_1_2' title="bbox 1503 308 2471 370; baseline 0.003 -5"><span class='ocrx_word' id='word_1_3' title='bbox 1503 309 1594 367; x_wconf 82' lang='lat' dir='ltr'><strong>DE</strong></span> <span class='ocrx_word' id='word_1_4' title='bbox 1632 308 2152 370; x_wconf 72' lang='lat' dir='ltr'><strong>[NCARNATIONE</strong></span> <span class='ocrx_word' id='word_1_5' title='bbox 2189 309 2471 368; x_wconf 71' lang='lat' dir='ltr'><strong>Dm&quot;va</strong></span> 
     </span>
    </p>
   </div>
   <div class='ocr_carea' id='block_1_3' title="bbox 3467 313 3610 370">
    <p class='ocr_par' dir='ltr' id='par_1_3' title="bbox 3467 313 3610 370">
     <span class='ocr_line' id='line_1_3' title="bbox 3467 313 3610 370; baseline -0.007 -1"><span class='ocrx_word' id='word_1_6' title='bbox 3467 313 3610 370; x_wconf 71' lang='lat' dir='ltr'><strong>H66</strong></span> 
     </span>
    </p>
   </div>
   <div class='ocr_carea' id='block_1_4' title="bbox 315 423 1947 499">
    <p class='ocr_par' dir='ltr' id='par_1_4' title="bbox 315 423 1924 496">
     <span class='ocr_line' id='line_1_4' title="bbox 315 423 1924 496; baseline 0.002 -17"><span class='ocrx_word' id='word_1_7' title='bbox 315 426 533 493; x_wconf 73' lang='grc' dir='ltr'>ϐἀνοο,</span> <span class='ocrx_word' id='word_1_8' title='bbox 582 426 699 482; x_wconf 87' lang='grc' dir='ltr'>ἀλλ’</span> <span class='ocrx_word' id='word_1_9' title='bbox 743 423 942 488; x_wconf 75' lang='grc' dir='ltr'>αὐτοὺς</span> <span class='ocrx_word' id='word_1_10' title='bbox 990 423 1117 487; x_wconf 81' lang='grc' dir='ltr'>τοὺς</span> <span class='ocrx_word' id='word_1_11' title='bbox 1168 423 1367 493; x_wconf 78' lang='grc' dir='ltr'><strong>ἄρτους</strong></span> <span class='ocrx_word' id='word_1_12' title='bbox 1418 424 1689 496; x_wconf 84' lang='grc' dir='ltr'>βρύουσάν</span> <span class='ocrx_word' id='word_1_13' title='bbox 1727 445 1786 482; x_wconf 78' lang='grc' dir='ltr'>τι</span> <span class='ocrx_word' id='word_1_14' title='bbox 1828 429 1924 482; x_wconf 71' lang='grc' dir='ltr'>καὶ</span> 
     </span>
    </p>
   </div>
   <div class='ocr_carea' id='block_1_5' title="bbox 2051 423 3623 499">
    <p class='ocr_par' dir='ltr' id='par_1_5' title="bbox 2051 423 3623 498">
     <span class='ocr_line' id='line_1_5' title="bbox 2051 423 3623 498; baseline 0.005 -19"><span class='ocrx_word' id='word_1_15' title='bbox 2051 440 2195 483; x_wconf 65' lang='lat' dir='ltr'><strong>lanea</strong></span> <span class='ocrx_word' id='word_1_16' title='bbox 2246 426 2645 498; x_wconf 73' lang='lat' dir='ltr'><strong>germinantem</strong></span> <span class='ocrx_word' id='word_1_17' title='bbox 2680 423 2857 496; x_wconf 79' lang='lat' dir='ltr'><strong>atque</strong></span> <span class='ocrx_word' id='word_1_18' title='bbox 2911 433 3271 482; x_wconf 59' lang='lat' dir='ltr'><strong>eruebantem.</strong></span> <span class='ocrx_word' id='word_1_19' title='bbox 3328 426 3504 497; x_wconf 77' lang='lat' dir='ltr'><strong>Atque</strong></span> <span class='ocrx_word' id='word_1_20' title='bbox 3548 442 3623 487; x_wconf 82' lang='lat' dir='ltr'><strong>ut</strong></span> 
     </span>
    </p>
   </div>
   <div class='ocr_carea' id='block_1_6' title="bbox 318 514 1922 589">
    <p class='ocr_par' dir='ltr' id='par_1_6' title="bbox 318 514 1922 589">
     <span class='ocr_line' id='line_1_6' title="bbox 318 514 1922 589; baseline 0 -17"><span class='ocrx_word' id='word_1_21' title='bbox 318 517 698 588; x_wconf 66' lang='grc' dir='ltr'>ηγάζουσαν</span> <span class='ocrx_word' id='word_1_22' title='bbox 717 532 732 547; x_wconf 79' lang='grc' dir='ltr'><strong>ο</strong></span> <span class='ocrx_word' id='word_1_23' title='bbox 781 515 876 569; x_wconf 79' lang='grc' dir='ltr'>καὶ</span> <span class='ocrx_word' id='word_1_24' title='bbox 918 515 1007 568; x_wconf 80' lang='grc' dir='ltr'><strong>ῑνα</strong></span> <span class='ocrx_word' id='word_1_25' title='bbox 1054 515 1114 567; x_wconf 71' lang='grc' dir='ltr'>ιν</span> <span class='ocrx_word' id='word_1_26' title='bbox 1154 514 1436 586; x_wconf 83' lang='grc' dir='ltr'>κεφαλαίῳ</span> <span class='ocrx_word' id='word_1_27' title='bbox 1484 517 1646 581; x_wconf 80' lang='grc' dir='ltr'>εἴπω,</span> <span class='ocrx_word' id='word_1_28' title='bbox 1688 518 1922 589; x_wconf 77' lang='grc' dir='ltr'>αἵματος</span> 
     </span>
    </p>
   </div>
   <div class='ocr_carea' id='block_1_7' title="bbox 321 604 1921 681">
    <p class='ocr_par' dir='ltr' id='par_1_7' title="bbox 321 604 1921 681">
     <span class='ocr_line' id='line_1_7' title="bbox 321 604 1921 681; baseline 0 -18"><span class='ocrx_word' id='word_1_29' title='bbox 321 608 571 681; x_wconf 60' lang='grc' dir='ltr'>ἔστησεν</span> <span class='ocrx_word' id='word_1_30' title='bbox 612 606 839 678; x_wconf 80' lang='grc' dir='ltr'>ὀχετοὺς</span> <span class='ocrx_word' id='word_1_31' title='bbox 867 604 968 677; x_wconf 83' lang='grc' dir='ltr'>τὴν</span> <span class='ocrx_word' id='word_1_32' title='bbox 1016 606 1160 660; x_wconf 76' lang='grc' dir='ltr'>ἴασιν</span> <span class='ocrx_word' id='word_1_33' title='bbox 1190 607 1369 661; x_wconf 82' lang='grc' dir='ltr'>ἑκοντὶ</span> <span class='ocrx_word' id='word_1_34' title='bbox 1410 606 1696 680; x_wconf 72' lang='grc' dir='ltr'>συληθείς*</span> <span class='ocrx_word' id='word_1_35' title='bbox 1749 610 1921 680; x_wconf 88' lang='grc' dir='ltr'>κόρην</span> 
     </span>
    </p>
   </div>
   <div class='ocr_carea' id='block_1_8' title="bbox 325 696 1924 771">
    <p class='ocr_par' dir='ltr' id='par_1_8' title="bbox 325 696 1924 771">
     <span class='ocr_line' id='line_1_8' title="bbox 325 696 1924 771; baseline 0.001 -18"><span class='ocrx_word' id='word_1_36' title='bbox 325 701 520 771; x_wconf 63' lang='grc' dir='ltr'>ἄωρον</span> <span class='ocrx_word' id='word_1_37' title='bbox 544 700 891 770; x_wconf 81' lang='grc' dir='ltr'><strong>ἁρπαγεῖσαν</strong></span> <span class='ocrx_word' id='word_1_38' title='bbox 920 696 1024 751; x_wconf 82' lang='grc' dir='ltr'><strong>ὑπὸ</strong></span> <span class='ocrx_word' id='word_1_39' title='bbox 1047 696 1276 753; x_wconf 85' lang='grc' dir='ltr'>θανάτου</span> <span class='ocrx_word' id='word_1_40' title='bbox 1301 698 1396 752; x_wconf 84' lang='grc' dir='ltr'><strong>καὶ</strong></span> <span class='ocrx_word' id='word_1_41' title='bbox 1424 698 1797 771; x_wconf 80' lang='grc' dir='ltr'>πενθουμένην</span> <span class='ocrx_word' id='word_1_42' title='bbox 1818 701 1924 755; x_wconf 86' lang='grc' dir='ltr'><strong>ὑπὸ</strong></span> 
     </span>
    </p>
   </div>
   <div class='ocr_carea' id='block_1_9' title="bbox 325 789 1921 862">
    <p class='ocr_par' dir='ltr' id='par_1_9' title="bbox 325 789 1921 862">
     <span class='ocr_line' id='line_1_9' title="bbox 325 789 1921 862; baseline 0.001 -16"><span class='ocrx_word' id='word_1_43' title='bbox 325 793 446 847; x_wconf 86' lang='grc' dir='ltr'><strong>τῶν</strong></span> <span class='ocrx_word' id='word_1_44' title='bbox 483 791 702 847; x_wconf 87' lang='grc' dir='ltr'>οίκείων</span> <span class='ocrx_word' id='word_1_45' title='bbox 739 789 1099 860; x_wconf 89' lang='grc' dir='ltr'>ἀνθαρπάσας</span> <span class='ocrx_word' id='word_1_46' title='bbox 1122 792 1234 854; x_wconf 84' lang='grc' dir='ltr'>τοῖς</span> <span class='ocrx_word' id='word_1_47' title='bbox 1263 792 1500 862; x_wconf 88' lang='grc' dir='ltr'>φύσασιν</span> <span class='ocrx_word' id='word_1_48' title='bbox 1538 792 1882 847; x_wconf 78' lang='grc' dir='ltr'><strong>ἀποδέδωκεν</strong></span> <span class='ocrx_word' id='word_1_49' title='bbox 1905 808 1921 825; x_wconf 80' lang='grc'><strong><em>⁸</em></strong></span> 
     </span>
    </p>
   </div>
   <div class='ocr_carea' id='block_1_10' title="bbox 324 881 1926 957">
    <p class='ocr_par' dir='ltr' id='par_1_10' title="bbox 324 881 1926 957">
     <span class='ocr_line' id='line_1_10' title="bbox 324 881 1926 957; baseline 0.001 -21"><span class='ocrx_word' id='word_1_50' title='bbox 324 884 532 957; x_wconf 66' lang='grc' dir='ltr'>ἕτερον</span> <span class='ocrx_word' id='word_1_51' title='bbox 579 883 798 937; x_wconf 89' lang='grc' dir='ltr'>νεανίαν</span> <span class='ocrx_word' id='word_1_52' title='bbox 845 884 926 944; x_wconf 89' lang='grc' dir='ltr'><strong>είς</strong></span> <span class='ocrx_word' id='word_1_53' title='bbox 972 881 1065 937; x_wconf 79' lang='grc' dir='ltr'><strong>τὸν</strong></span> <span class='ocrx_word' id='word_1_54' title='bbox 1109 883 1279 951; x_wconf 82' lang='grc' dir='ltr'>τάφον</span> <span class='ocrx_word' id='word_1_55' title='bbox 1317 884 1804 954; x_wconf 82' lang='grc' dir='ltr'><strong>προπεμπόμενον,</strong></span> <span class='ocrx_word' id='word_1_56' title='bbox 1842 885 1926 949; x_wconf 87' lang='grc' dir='ltr'><strong>είς</strong></span> 
     </span>
    </p>
   </div>
   <div class='ocr_carea' id='block_1_11' title="bbox 328 958 1924 1047">
    <p class='ocr_par' dir='ltr' id='par_1_11' title="bbox 328 958 1924 1047">
     <span class='ocr_line' id='line_1_11' title="bbox 328 958 1924 1047; baseline 0 -18"><span class='ocrx_word' id='word_1_57' title='bbox 328 958 495 1047; x_wconf 65' lang='grc' dir='ltr'>ζωὴν</span> <span class='ocrx_word' id='word_1_58' title='bbox 521 975 861 1043; x_wconf 66' lang='grc' dir='ltr'>ἐπανήγαγε,</span> <span class='ocrx_word' id='word_1_59' title='bbox 894 973 989 1027; x_wconf 68' lang='grc' dir='ltr'><strong>καὶ</strong></span> <span class='ocrx_word' id='word_1_60' title='bbox 1020 974 1101 1037; x_wconf 84' lang='grc' dir='ltr'><strong>είς</strong></span> <span class='ocrx_word' id='word_1_61' title='bbox 1124 973 1297 1045; x_wconf 84' lang='grc' dir='ltr'>χαρὰν</span> <span class='ocrx_word' id='word_1_62' title='bbox 1326 975 1387 1029; x_wconf 84' lang='grc' dir='ltr'>τὸ</span> <span class='ocrx_word' id='word_1_63' title='bbox 1412 975 1605 1040; x_wconf 80' lang='grc' dir='ltr'>πένθος</span> <span class='ocrx_word' id='word_1_64' title='bbox 1636 976 1924 1047; x_wconf 84' lang='grc' dir='ltr'>μετέϐαλε,</span> 
     </span>
    </p>
   </div>
   <div class='ocr_carea' id='block_1_12' title="bbox 329 1063 1928 1139">
    <p class='ocr_par' dir='ltr' id='par_1_12' title="bbox 329 1063 1928 1139">
     <span class='ocr_line' id='line_1_12' title="bbox 329 1063 1928 1139; baseline 0.001 -18"><span class='ocrx_word' id='word_1_65' title='bbox 329 1068 441 1121; x_wconf 74' lang='grc' dir='ltr'><strong>καὶ</strong></span> <span class='ocrx_word' id='word_1_66' title='bbox 467 1067 560 1120; x_wconf 81' lang='grc' dir='ltr'>τὸν</span> <span class='ocrx_word' id='word_1_67' title='bbox 590 1065 879 1135; x_wconf 76' lang='grc' dir='ltr'>ἐπιτάφιον</span> <span class='ocrx_word' id='word_1_68' title='bbox 907 1063 1106 1136; x_wconf 84' lang='grc' dir='ltr'>θρῆνον</span> <span class='ocrx_word' id='word_1_69' title='bbox 1135 1067 1216 1129; x_wconf 83' lang='grc' dir='ltr'><strong>είς</strong></span> <span class='ocrx_word' id='word_1_70' title='bbox 1236 1064 1421 1136; x_wconf 80' lang='grc' dir='ltr'>ὕμνων</span> <span class='ocrx_word' id='word_1_71' title='bbox 1455 1066 1612 1135; x_wconf 84' lang='grc' dir='ltr'>λόγον</span> <span class='ocrx_word' id='word_1_72' title='bbox 1641 1068 1928 1139; x_wconf 76' lang='grc' dir='ltr'><strong>γαμηλίων</strong></span> 
     </span>
    </p>
   </div>
   <div class='ocr_carea' id='block_1_13' title="bbox 331 1155 1929 1232">
    <p class='ocr_par' dir='ltr' id='par_1_13' title="bbox 331 1155 1929 1232">
     <span class='ocr_line' id='line_1_13' title="bbox 331 1155 1929 1232; baseline 0.001 -20"><span class='ocrx_word' id='word_1_73' title='bbox 331 1157 576 1230; x_wconf 76' lang='grc' dir='ltr'>Ξτρεψε·</span> <span class='ocrx_word' id='word_1_74' title='bbox 606 1158 702 1212; x_wconf 69' lang='grc' dir='ltr'><strong>καὶ</strong></span> <span class='ocrx_word' id='word_1_75' title='bbox 728 1158 819 1210; x_wconf 82' lang='grc' dir='ltr'>τὸν</span> <span class='ocrx_word' id='word_1_76' title='bbox 850 1155 1060 1227; x_wconf 84' lang='grc' dir='ltr'><strong>δυσώδη</strong></span> <span class='ocrx_word' id='word_1_77' title='bbox 1090 1156 1287 1228; x_wconf 71' lang='grc' dir='ltr'>νεκρὸν</span> <span class='ocrx_word' id='word_1_78' title='bbox 1336 1158 1476 1227; x_wconf 82' lang='grc' dir='ltr'><strong>μετά</strong></span> <span class='ocrx_word' id='word_1_79' title='bbox 1523 1159 1792 1231; x_wconf 81' lang='grc' dir='ltr'><strong>τετάρτην</strong></span> <span class='ocrx_word' id='word_1_80' title='bbox 1829 1163 1929 1232; x_wconf 79' lang='grc' dir='ltr'>τῆς</span> 
     </span>
    </p>
   </div>
   <div class='ocr_carea' id='block_1_14' title="bbox 332 1248 1928 1322">
    <p class='ocr_par' dir='ltr' id='par_1_14' title="bbox 332 1248 1928 1322">
     <span class='ocr_line' id='line_1_14' title="bbox 332 1248 1928 1322; baseline 0 -19"><span class='ocrx_word' id='word_1_81' title='bbox 332 1250 608 1319; x_wconf 76' lang='grc' dir='ltr'><strong>τελευτῆς</strong></span> <span class='ocrx_word' id='word_1_82' title='bbox 642 1251 709 1303; x_wconf 71' lang='grc' dir='ltr'>ὲκ</span> <span class='ocrx_word' id='word_1_83' title='bbox 735 1248 837 1318; x_wconf 79' lang='grc' dir='ltr'>τῆς</span> <span class='ocrx_word' id='word_1_84' title='bbox 870 1248 1046 1320; x_wconf 83' lang='grc' dir='ltr'>θήκης</span> <span class='ocrx_word' id='word_1_85' title='bbox 1076 1248 1335 1320; x_wconf 73' lang='grc' dir='ltr'><strong>ἐξήγαγε,</strong></span> <span class='ocrx_word' id='word_1_86' title='bbox 1366 1250 1460 1302; x_wconf 79' lang='grc' dir='ltr'>καὶ</span> <span class='ocrx_word' id='word_1_87' title='bbox 1488 1250 1580 1303; x_wconf 70' lang='grc' dir='ltr'>τὸν</span> <span class='ocrx_word' id='word_1_88' title='bbox 1613 1251 1928 1322; x_wconf 84' lang='grc' dir='ltr'>πεπεδημέ-</span> 
     </span>
    </p>
   </div>
   <div class='ocr_carea' id='block_1_15' title="bbox 337 1340 1932 1413">
    <p class='ocr_par' dir='ltr' id='par_1_15' title="bbox 337 1340 1932 1413">
     <span class='ocr_line' id='line_1_15' title="bbox 337 1340 1932 1413; baseline -0.002 -16"><span class='ocrx_word' id='word_1_89' title='bbox 337 1360 442 1397; x_wconf 86' lang='grc' dir='ltr'><strong>νον</strong></span> <span class='ocrx_word' id='word_1_90' title='bbox 471 1340 706 1413; x_wconf 80' lang='grc' dir='ltr'><strong>βαδίζειν</strong></span> <span class='ocrx_word' id='word_1_91' title='bbox 735 1340 1044 1403; x_wconf 80' lang='grc' dir='ltr'>ὲκέλευσεν,</span> <span class='ocrx_word' id='word_1_92' title='bbox 1070 1340 1166 1393; x_wconf 77' lang='grc' dir='ltr'>καὶ</span> <span class='ocrx_word' id='word_1_93' title='bbox 1190 1340 1536 1413; x_wconf 83' lang='grc' dir='ltr'>παραχρῆμα</span> <span class='ocrx_word' id='word_1_94' title='bbox 1564 1340 1592 1394; x_wconf 86' lang='grc' dir='ltr'><strong>ὃ</strong></span> <span class='ocrx_word' id='word_1_95' title='bbox 1619 1357 1678 1394; x_wconf 90' lang='grc' dir='ltr'><strong>τε</strong></span> <span class='ocrx_word' id='word_1_96' title='bbox 1697 1341 1932 1404; x_wconf 87' lang='grc' dir='ltr'>θάνατος</span> 
     </span>
    </p>
   </div>
   <div class='ocr_carea' id='block_1_16' title="bbox 340 1432 1934 1508">
    <p class='ocr_par' dir='ltr' id='par_1_16' title="bbox 340 1432 1934 1508">
     <span class='ocr_line' id='line_1_16' title="bbox 340 1432 1934 1508; baseline -0.002 -19"><span class='ocrx_word' id='word_1_97' title='bbox 340 1435 772 1508; x_wconf 66' lang='grc' dir='ltr'>ἐδραπέτευσεν,</span> <span class='ocrx_word' id='word_1_98' title='bbox 821 1433 916 1487; x_wconf 77' lang='grc' dir='ltr'><strong>καὶ</strong></span> <span class='ocrx_word' id='word_1_99' title='bbox 962 1435 990 1487; x_wconf 84' lang='grc' dir='ltr'><strong>ό</strong></span> <span class='ocrx_word' id='word_1_100' title='bbox 1023 1432 1215 1504; x_wconf 82' lang='grc' dir='ltr'>νεκρὸς</span> <span class='ocrx_word' id='word_1_101' title='bbox 1252 1432 1456 1504; x_wconf 78' lang='grc' dir='ltr'>έδραμε</span> <span class='ocrx_word' id='word_1_102' title='bbox 1500 1436 1602 1505; x_wconf 75' lang='grc' dir='ltr'>τῆς</span> <span class='ocrx_word' id='word_1_103' title='bbox 1633 1434 1934 1504; x_wconf 81' lang='grc' dir='ltr'>σηπεδόνος</span> 
     </span>
    </p>
   </div>
   <div class='ocr_carea' id='block_1_17' title="bbox 339 1524 1935 1595">
    <p class='ocr_par' dir='ltr' id='par_1_17' title="bbox 339 1524 1935 1595">
     <span class='ocr_line' id='line_1_17' title="bbox 339 1524 1935 1595; baseline -0.001 -14"><span class='ocrx_word' id='word_1_104' title='bbox 339 1526 723 1595; x_wconf 77' lang='grc' dir='ltr'>ἀπαλλαγεὶς,</span> <span class='ocrx_word' id='word_1_105' title='bbox 777 1526 871 1579; x_wconf 73' lang='grc' dir='ltr'>καὶ</span> <span class='ocrx_word' id='word_1_106' title='bbox 918 1525 1018 1595; x_wconf 80' lang='grc' dir='ltr'>τὴν</span> <span class='ocrx_word' id='word_1_107' title='bbox 1075 1524 1174 1594; x_wconf 86' lang='grc' dir='ltr'>τῆς</span> <span class='ocrx_word' id='word_1_108' title='bbox 1240 1525 1532 1593; x_wconf 80' lang='grc' dir='ltr'>σηπεδόνος</span> <span class='ocrx_word' id='word_1_109' title='bbox 1593 1524 1935 1595; x_wconf 78' lang='grc' dir='ltr'>ἀποθέμενος</span> 
     </span>
    </p>
   </div>
   <div class='ocr_carea' id='block_1_18' title="bbox 340 1614 1936 1686">
    <p class='ocr_par' dir='ltr' id='par_1_18' title="bbox 340 1614 1936 1686">
     <span class='ocr_line' id='line_1_18' title="bbox 340 1614 1936 1686; baseline -0.002 -14"><span class='ocrx_word' id='word_1_110' title='bbox 340 1619 641 1682; x_wconf 79' lang='grc' dir='ltr'>δυσωδίαν,</span> <span class='ocrx_word' id='word_1_111' title='bbox 684 1617 779 1672; x_wconf 79' lang='grc' dir='ltr'><strong>καὶ</strong></span> <span class='ocrx_word' id='word_1_112' title='bbox 802 1616 901 1681; x_wconf 88' lang='grc' dir='ltr'><strong>τάς</strong></span> <span class='ocrx_word' id='word_1_113' title='bbox 928 1614 1024 1670; x_wconf 82' lang='grc' dir='ltr'>τοῦ</span> <span class='ocrx_word' id='word_1_114' title='bbox 1055 1615 1287 1670; x_wconf 86' lang='grc' dir='ltr'>θανάτου</span> <span class='ocrx_word' id='word_1_115' title='bbox 1312 1616 1486 1680; x_wconf 87' lang='grc' dir='ltr'>πύλας</span> <span class='ocrx_word' id='word_1_116' title='bbox 1514 1615 1813 1686; x_wconf 84' lang='grc' dir='ltr'>διαφυγὼν,</span> <span class='ocrx_word' id='word_1_117' title='bbox 1838 1616 1936 1670; x_wconf 78' lang='grc' dir='ltr'><strong>καὶ</strong></span> 
     </span>
    </p>
   </div>
   <div class='ocr_carea' id='block_1_19' title="bbox 337 1707 1936 1781">
    <p class='ocr_par' dir='ltr' id='par_1_19' title="bbox 337 1707 1936 1781">
     <span class='ocr_line' id='line_1_19' title="bbox 337 1707 1936 1781; baseline 0.002 -21"><span class='ocrx_word' id='word_1_118' title='bbox 337 1710 467 1763; x_wconf 77' lang='grc' dir='ltr'><strong>,ὑπὸ</strong></span> <span class='ocrx_word' id='word_1_119' title='bbox 504 1710 614 1764; x_wconf 91' lang='grc' dir='ltr'><strong>τῶν</strong></span> <span class='ocrx_word' id='word_1_120' title='bbox 641 1709 858 1780; x_wconf 83' lang='grc' dir='ltr'>δεσμῶν</span> <span class='ocrx_word' id='word_1_121' title='bbox 891 1708 1108 1778; x_wconf 87' lang='grc' dir='ltr'>τρέχειν</span> <span class='ocrx_word' id='word_1_122' title='bbox 1131 1707 1192 1761; x_wconf 81' lang='grc' dir='ltr'>οὐ</span> <span class='ocrx_word' id='word_1_123' title='bbox 1223 1709 1588 1779; x_wconf 87' lang='grc' dir='ltr'>κωλυόμενος,</span> <span class='ocrx_word' id='word_1_124' title='bbox 1616 1711 1711 1762; x_wconf 74' lang='grc' dir='ltr'><strong>καὶ</strong></span> <span class='ocrx_word' id='word_1_125' title='bbox 1732 1709 1810 1780; x_wconf 87' lang='grc' dir='ltr'>τῷ</span> <span class='ocrx_word' id='word_1_126' title='bbox 1837 1711 1936 1781; x_wconf 87' lang='grc' dir='ltr'>μὲν</span> 
     </span>
    </p>
   </div>
   <div class='ocr_carea' id='block_1_20' title="bbox 2021 516 3610 589">
    <p class='ocr_par' dir='ltr' id='par_1_20' title="bbox 2021 516 3610 589">
     <span class='ocr_line' id='line_1_20' title="bbox 2021 516 3610 589; baseline -0.001 -14"><span class='ocrx_word' id='word_1_127' title='bbox 2021 520 2186 575; x_wconf 85' lang='lat' dir='ltr'><strong>verba</strong></span> <span class='ocrx_word' id='word_1_128' title='bbox 2217 518 2288 574; x_wconf 90' lang='lat' dir='ltr'><strong>ad</strong></span> <span class='ocrx_word' id='word_1_129' title='bbox 2328 516 2715 587; x_wconf 86' lang='lat' dir='ltr'><strong>compendium</strong></span> <span class='ocrx_word' id='word_1_130' title='bbox 2744 518 3045 583; x_wconf 85' lang='lat' dir='ltr'><strong>conferam,</strong></span> <span class='ocrx_word' id='word_1_131' title='bbox 3089 518 3371 589; x_wconf 75' lang='lat' dir='ltr'><strong>sanguinis</strong></span> <span class='ocrx_word' id='word_1_132' title='bbox 3403 518 3610 575; x_wconf 82' lang='lat' dir='ltr'><strong>ﬂuxum</strong></span> 
     </span>
    </p>
   </div>
   <div class='ocr_carea' id='block_1_21' title="bbox 2023 611 3613 681">
    <p class='ocr_par' dir='ltr' id='par_1_21' title="bbox 2023 611 3613 681">
     <span class='ocr_line' id='line_1_21' title="bbox 2023 611 3613 681; baseline -0.001 -11"><span class='ocrx_word' id='word_1_133' title='bbox 2023 613 2285 678; x_wconf 88' lang='lat' dir='ltr'><strong>cohibuit,</strong></span> <span class='ocrx_word' id='word_1_134' title='bbox 2314 612 2549 667; x_wconf 88' lang='lat' dir='ltr'><strong>sanitate</strong></span> <span class='ocrx_word' id='word_1_135' title='bbox 2598 611 2667 665; x_wconf 90' lang='lat' dir='ltr'><strong>ab</strong></span> <span class='ocrx_word' id='word_1_136' title='bbox 2691 626 2757 666; x_wconf 94' lang='lat' dir='ltr'><strong>eo</strong></span> <span class='ocrx_word' id='word_1_137' title='bbox 2791 620 2985 681; x_wconf 84' lang='lat' dir='ltr'><strong>sponte</strong></span> <span class='ocrx_word' id='word_1_138' title='bbox 3032 611 3274 681; x_wconf 83' lang='lat' dir='ltr'><strong>quidem,</strong></span> <span class='ocrx_word' id='word_1_139' title='bbox 3312 611 3405 666; x_wconf 88' lang='lat' dir='ltr'><strong>sed</strong></span> <span class='ocrx_word' id='word_1_140' title='bbox 3455 614 3613 681; x_wconf 86' lang='lat' dir='ltr'><strong>quasi</strong></span> 
     </span>
    </p>
   </div>
   <div class='ocr_carea' id='block_1_22' title="bbox 2025 701 3618 773">
    <p class='ocr_par' dir='ltr' id='par_1_22' title="bbox 2025 701 3618 773">
     <span class='ocr_line' id='line_1_22' title="bbox 2025 701 3618 773; baseline -0.001 -14"><span class='ocrx_word' id='word_1_141' title='bbox 2025 705 2237 769; x_wconf 88' lang='lat' dir='ltr'><strong>furtim,</strong></span> <span class='ocrx_word' id='word_1_142' title='bbox 2269 703 2585 773; x_wconf 89' lang='lat' dir='ltr'><strong>impetrata.</strong></span> <span class='ocrx_word' id='word_1_143' title='bbox 2612 701 2855 757; x_wconf 85' lang='lat' dir='ltr'><strong>Puellam</strong></span> <span class='ocrx_word' id='word_1_144' title='bbox 2888 702 3225 771; x_wconf 84' lang='lat' dir='ltr'><strong>impuberem</strong></span> <span class='ocrx_word' id='word_1_145' title='bbox 3258 713 3432 758; x_wconf 90' lang='lat' dir='ltr'><strong>morte</strong></span> <span class='ocrx_word' id='word_1_146' title='bbox 3456 704 3618 758; x_wconf 80' lang='lat' dir='ltr'><strong>abre—</strong></span> 
     </span>
    </p>
   </div>
   <div class='ocr_carea' id='block_1_23' title="bbox 2024 793 3620 867">
    <p class='ocr_par' dir='ltr' id='par_1_23' title="bbox 2024 793 3620 867">
     <span class='ocr_line' id='line_1_23' title="bbox 2024 793 3620 867; baseline -0.002 -16"><span class='ocrx_word' id='word_1_147' title='bbox 2024 806 2170 867; x_wconf 90' lang='lat' dir='ltr'><strong>ptam</strong></span> <span class='ocrx_word' id='word_1_148' title='bbox 2198 835 2214 860; x_wconf 92' lang='lat'><strong>,</strong></span> <span class='ocrx_word' id='word_1_149' title='bbox 2246 803 2302 851; x_wconf 84' lang='lat' dir='ltr'><strong>et</strong></span> <span class='ocrx_word' id='word_1_150' title='bbox 2327 809 2355 848; x_wconf 89' lang='lat' dir='ltr'><strong>a</strong></span> <span class='ocrx_word' id='word_1_151' title='bbox 2385 795 2501 852; x_wconf 83' lang='lat' dir='ltr'><strong>suis</strong></span> <span class='ocrx_word' id='word_1_152' title='bbox 2534 794 2807 861; x_wconf 81' lang='lat' dir='ltr'><strong>deﬂetam,</strong></span> <span class='ocrx_word' id='word_1_153' title='bbox 2834 793 3074 849; x_wconf 76' lang='lat' dir='ltr'><strong>vicissim</strong></span> <span class='ocrx_word' id='word_1_154' title='bbox 3119 794 3379 862; x_wconf 88' lang='lat' dir='ltr'><strong>eripiens,</strong></span> <span class='ocrx_word' id='word_1_155' title='bbox 3422 808 3620 864; x_wconf 86' lang='lat' dir='ltr'><strong>paren-</strong></span> 
     </span>
    </p>
   </div>
   <div class='ocr_carea' id='block_1_24' title="bbox 2028 884 3614 950">
    <p class='ocr_par' dir='ltr' id='par_1_24' title="bbox 2028 884 3614 950">
     <span class='ocr_line' id='line_1_24' title="bbox 2028 884 3614 950; baseline -0.004 -4"><span class='ocrx_word' id='word_1_156' title='bbox 2028 892 2174 947; x_wconf 85' lang='lat' dir='ltr'><strong>tibus</strong></span> <span class='ocrx_word' id='word_1_157' title='bbox 2217 888 2472 944; x_wconf 84' lang='lat' dir='ltr'><strong>reddidit.</strong></span> <span class='ocrx_word' id='word_1_158' title='bbox 2512 888 2691 942; x_wconf 83' lang='lat' dir='ltr'><strong>Alium</strong></span> <span class='ocrx_word' id='word_1_159' title='bbox 2736 886 3133 942; x_wconf 83' lang='lat' dir='ltr'><strong>adolescentem</strong></span> <span class='ocrx_word' id='word_1_160' title='bbox 3171 888 3237 940; x_wconf 88' lang='lat' dir='ltr'><strong>ad</strong></span> <span class='ocrx_word' id='word_1_161' title='bbox 3280 884 3614 950; x_wconf 83' lang='lat' dir='ltr'><strong>sepulturam</strong></span> 
     </span>
    </p>
   </div>
   <div class='ocr_carea' id='block_1_25' title="bbox 2027 977 3619 1049">
    <p class='ocr_par' dir='ltr' id='par_1_25' title="bbox 2027 977 3619 1049">
     <span class='ocr_line' id='line_1_25' title="bbox 2027 977 3619 1049; baseline -0.004 -11"><span class='ocrx_word' id='word_1_162' title='bbox 2027 983 2253 1047; x_wconf 86' lang='lat' dir='ltr'><strong>elatum,</strong></span> <span class='ocrx_word' id='word_1_163' title='bbox 2285 981 2406 1036; x_wconf 80' lang='lat' dir='ltr'><strong>vitae</strong></span> <span class='ocrx_word' id='word_1_164' title='bbox 2440 980 2700 1044; x_wconf 86' lang='lat' dir='ltr'><strong>restituit,</strong></span> <span class='ocrx_word' id='word_1_165' title='bbox 2746 979 2888 1035; x_wconf 87' lang='lat' dir='ltr'><strong>etin</strong></span> <span class='ocrx_word' id='word_1_166' title='bbox 2940 978 3195 1049; x_wconf 75' lang='lat' dir='ltr'><strong>gaudium</strong></span> <span class='ocrx_word' id='word_1_167' title='bbox 3244 977 3445 1032; x_wconf 90' lang='lat' dir='ltr'><strong>luctum</strong></span> <span class='ocrx_word' id='word_1_168' title='bbox 3487 992 3619 1032; x_wconf 85' lang='lat' dir='ltr'><strong>cou-</strong></span> 
     </span>
    </p>
   </div>
   <div class='ocr_carea' id='block_1_26' title="bbox 2028 1066 3619 1139">
    <p class='ocr_par' dir='ltr' id='par_1_26' title="bbox 2028 1066 3619 1139">
     <span class='ocr_line' id='line_1_26' title="bbox 2028 1066 3619 1139; baseline -0.003 -13"><span class='ocrx_word' id='word_1_169' title='bbox 2028 1072 2212 1136; x_wconf 91' lang='lat' dir='ltr'><strong>vertit,</strong></span> <span class='ocrx_word' id='word_1_170' title='bbox 2243 1080 2300 1126; x_wconf 88' lang='lat' dir='ltr'><strong>et</strong></span> <span class='ocrx_word' id='word_1_171' title='bbox 2324 1069 2604 1126; x_wconf 79' lang='lat' dir='ltr'><strong>funebrem</strong></span> <span class='ocrx_word' id='word_1_172' title='bbox 2640 1069 3086 1125; x_wconf 82' lang='lat' dir='ltr'><strong>lamentationem</strong></span> <span class='ocrx_word' id='word_1_173' title='bbox 3118 1067 3173 1122; x_wconf 92' lang='lat' dir='ltr'><strong>in</strong></span> <span class='ocrx_word' id='word_1_174' title='bbox 3208 1066 3480 1136; x_wconf 88' lang='lat' dir='ltr'><strong>nuptiales</strong></span> <span class='ocrx_word' id='word_1_175' title='bbox 3518 1068 3619 1139; x_wconf 86' lang='lat' dir='ltr'><strong>hy-</strong></span> 
     </span>
    </p>
   </div>
   <div class='ocr_carea' id='block_1_27' title="bbox 2032 1157 3619 1228">
    <p class='ocr_par' dir='ltr' id='par_1_27' title="bbox 2032 1157 3619 1228">
     <span class='ocr_line' id='line_1_27' title="bbox 2032 1157 3619 1228; baseline -0.004 -10"><span class='ocrx_word' id='word_1_176' title='bbox 2032 1177 2186 1218; x_wconf 84' lang='lat' dir='ltr'><strong>mnos</strong></span> <span class='ocrx_word' id='word_1_177' title='bbox 2225 1161 2627 1216; x_wconf 87' lang='lat' dir='ltr'><strong>transmutavit.</strong></span> <span class='ocrx_word' id='word_1_178' title='bbox 2685 1160 2953 1215; x_wconf 83' lang='lat' dir='ltr'><strong>Praeterea</strong></span> <span class='ocrx_word' id='word_1_179' title='bbox 3020 1157 3195 1213; x_wconf 87' lang='lat' dir='ltr'><strong>fetens</strong></span> <span class='ocrx_word' id='word_1_180' title='bbox 3252 1166 3373 1228; x_wconf 89' lang='lat' dir='ltr'><strong>post</strong></span> <span class='ocrx_word' id='word_1_181' title='bbox 3406 1158 3619 1226; x_wconf 88' lang='lat' dir='ltr'><strong>quatri-</strong></span> 
     </span>
    </p>
   </div>
   <div class='ocr_carea' id='block_1_28' title="bbox 2032 1248 3622 1316">
    <p class='ocr_par' dir='ltr' id='par_1_28' title="bbox 2032 1248 3622 1316">
     <span class='ocr_line' id='line_1_28' title="bbox 2032 1248 3622 1316; baseline -0.003 -7"><span class='ocrx_word' id='word_1_182' title='bbox 2032 1256 2198 1309; x_wconf 86' lang='lat' dir='ltr'><strong>duum</strong></span> <span class='ocrx_word' id='word_1_183' title='bbox 2244 1258 2313 1309; x_wconf 87' lang='lat' dir='ltr'><strong>ab</strong></span> <span class='ocrx_word' id='word_1_184' title='bbox 2346 1254 2493 1308; x_wconf 88' lang='lat' dir='ltr'><strong>obitu</strong></span> <span class='ocrx_word' id='word_1_185' title='bbox 2522 1254 2757 1307; x_wconf 82' lang='lat' dir='ltr'><strong>cadaver</strong></span> <span class='ocrx_word' id='word_1_186' title='bbox 2802 1266 2870 1307; x_wconf 80' lang='lat' dir='ltr'><strong>ex</strong></span> <span class='ocrx_word' id='word_1_187' title='bbox 2908 1265 3032 1306; x_wconf 89' lang='lat' dir='ltr'><strong>arca</strong></span> <span class='ocrx_word' id='word_1_188' title='bbox 3066 1250 3273 1316; x_wconf 75' lang='lat' dir='ltr'><strong>eduxit,</strong></span> <span class='ocrx_word' id='word_1_189' title='bbox 3318 1258 3371 1304; x_wconf 91' lang='lat' dir='ltr'><strong>et</strong></span> <span class='ocrx_word' id='word_1_190' title='bbox 3416 1248 3622 1305; x_wconf 80' lang='lat' dir='ltr'><strong>institis</strong></span> 
     </span>
    </p>
   </div>
   <div class='ocr_carea' id='block_1_29' title="bbox 2033 1345 3624 1419">
    <p class='ocr_par' dir='ltr' id='par_1_29' title="bbox 2033 1345 3624 1419">
     <span class='ocr_line' id='line_1_29' title="bbox 2033 1345 3624 1419; baseline -0.001 -16"><span class='ocrx_word' id='word_1_191' title='bbox 2033 1349 2295 1419; x_wconf 79' lang='lat' dir='ltr'><strong>illigatum</strong></span> <span class='ocrx_word' id='word_1_192' title='bbox 2344 1347 2623 1404; x_wconf 86' lang='lat' dir='ltr'><strong>ambulare</strong></span> <span class='ocrx_word' id='word_1_193' title='bbox 2657 1347 2855 1418; x_wconf 85' lang='lat' dir='ltr'><strong>jussit;</strong></span> <span class='ocrx_word' id='word_1_194' title='bbox 2916 1361 3085 1416; x_wconf 88' lang='lat' dir='ltr'><strong>reque</strong></span> <span class='ocrx_word' id='word_1_195' title='bbox 3138 1361 3265 1401; x_wconf 86' lang='lat' dir='ltr'><strong>vera</strong></span> <span class='ocrx_word' id='word_1_196' title='bbox 3308 1345 3624 1415; x_wconf 73' lang='lat' dir='ltr'><strong>diﬂ‘ugiente</strong></span> 
     </span>
    </p>
   </div>
   <div class='ocr_carea' id='block_1_30' title="bbox 2036 1437 3626 1509">
    <p class='ocr_par' dir='ltr' id='par_1_30' title="bbox 2036 1437 3626 1509">
     <span class='ocr_line' id='line_1_30' title="bbox 2036 1437 3626 1509; baseline -0.002 -14"><span class='ocrx_word' id='word_1_197' title='bbox 2036 1450 2229 1507; x_wconf 89' lang='lat' dir='ltr'><strong>morte,</strong></span> <span class='ocrx_word' id='word_1_198' title='bbox 2260 1449 2509 1497; x_wconf 90' lang='lat' dir='ltr'><strong>mortuus</strong></span> <span class='ocrx_word' id='word_1_199' title='bbox 2537 1439 2815 1506; x_wconf 88' lang='lat' dir='ltr'><strong>discurrit,</strong></span> <span class='ocrx_word' id='word_1_200' title='bbox 2858 1439 3148 1509; x_wconf 85' lang='lat' dir='ltr'><strong>putredine</strong></span> <span class='ocrx_word' id='word_1_201' title='bbox 3192 1437 3346 1505; x_wconf 88' lang='lat' dir='ltr'><strong>liber,</strong></span> <span class='ocrx_word' id='word_1_202' title='bbox 3376 1438 3626 1507; x_wconf 87' lang='lat' dir='ltr'><strong>putredi-</strong></span> 
     </span>
    </p>
   </div>
   <div class='ocr_carea' id='block_1_31' title="bbox 2037 1526 3622 1603">
    <p class='ocr_par' dir='ltr' id='par_1_31' title="bbox 2037 1526 3622 1603">
     <span class='ocr_line' id='line_1_31' title="bbox 2037 1526 3622 1603; baseline -0.003 -16"><span class='ocrx_word' id='word_1_203' title='bbox 2037 1532 2231 1603; x_wconf 77' lang='lat' dir='ltr'><strong>nisque</strong></span> <span class='ocrx_word' id='word_1_204' title='bbox 2283 1530 2458 1587; x_wconf 88' lang='lat' dir='ltr'><strong>fetore</strong></span> <span class='ocrx_word' id='word_1_205' title='bbox 2507 1531 2794 1599; x_wconf 89' lang='lat' dir='ltr'><strong>deposito,</strong></span> <span class='ocrx_word' id='word_1_206' title='bbox 2844 1544 2874 1585; x_wconf 90' lang='lat' dir='ltr'><strong>e</strong></span> <span class='ocrx_word' id='word_1_207' title='bbox 2920 1530 3111 1585; x_wconf 90' lang='lat' dir='ltr'><strong>mortis</strong></span> <span class='ocrx_word' id='word_1_208' title='bbox 3162 1529 3348 1597; x_wconf 86' lang='lat' dir='ltr'><strong>januis</strong></span> <span class='ocrx_word' id='word_1_209' title='bbox 3401 1526 3622 1583; x_wconf 79' lang='lat' dir='ltr'><strong>evasit:</strong></span> 
     </span>
    </p>
   </div>
   <div class='ocr_carea' id='block_1_32' title="bbox 2039 1619 3626 1694">
    <p class='ocr_par' dir='ltr' id='par_1_32' title="bbox 2039 1619 3626 1694">
     <span class='ocr_line' id='line_1_32' title="bbox 2039 1619 3626 1694; baseline -0.003 -17"><span class='ocrx_word' id='word_1_210' title='bbox 2039 1633 2203 1694; x_wconf 89' lang='lat' dir='ltr'><strong>atque</strong></span> <span class='ocrx_word' id='word_1_211' title='bbox 2237 1622 2310 1678; x_wconf 87' lang='lat' dir='ltr'><strong>ita</strong></span> <span class='ocrx_word' id='word_1_212' title='bbox 2340 1622 2484 1677; x_wconf 85' lang='lat' dir='ltr'><strong>haud</strong></span> <span class='ocrx_word' id='word_1_213' title='bbox 2511 1619 2624 1691; x_wconf 81' lang='lat' dir='ltr'><strong>jam</strong></span> <span class='ocrx_word' id='word_1_214' title='bbox 2657 1621 2903 1689; x_wconf 85' lang='lat' dir='ltr'><strong>ligaturis</strong></span> <span class='ocrx_word' id='word_1_215' title='bbox 2933 1636 2961 1675; x_wconf 90' lang='lat' dir='ltr'><strong>a</strong></span> <span class='ocrx_word' id='word_1_216' title='bbox 2993 1636 3153 1676; x_wconf 86' lang='lat' dir='ltr'><strong>cursu</strong></span> <span class='ocrx_word' id='word_1_217' title='bbox 3202 1621 3529 1691; x_wconf 86' lang='lat' dir='ltr'><strong>prohibitus,</strong></span> <span class='ocrx_word' id='word_1_218' title='bbox 3567 1632 3626 1675; x_wconf 85' lang='lat' dir='ltr'><strong>et</strong></span> 
     </span>
    </p>
   </div>
   <div class='ocr_carea' id='block_1_33' title="bbox 2040 1711 3622 1783">
    <p class='ocr_par' dir='ltr' id='par_1_33' title="bbox 2040 1711 3622 1783">
     <span class='ocr_line' id='line_1_33' title="bbox 2040 1711 3622 1783; baseline 0 -17"><span class='ocrx_word' id='word_1_219' title='bbox 2040 1727 2071 1766; x_wconf 87' lang='lat' dir='ltr'><strong>a</strong></span> <span class='ocrx_word' id='word_1_220' title='bbox 2115 1713 2338 1768; x_wconf 88' lang='lat' dir='ltr'><strong>funereo</strong></span> <span class='ocrx_word' id='word_1_221' title='bbox 2367 1712 2527 1769; x_wconf 84' lang='lat' dir='ltr'><strong>faciei</strong></span> <span class='ocrx_word' id='word_1_222' title='bbox 2569 1712 2688 1767; x_wconf 90' lang='lat' dir='ltr'><strong>velo</strong></span> <span class='ocrx_word' id='word_1_223' title='bbox 2736 1712 2881 1767; x_wconf 89' lang='lat' dir='ltr'><strong>baud</strong></span> <span class='ocrx_word' id='word_1_224' title='bbox 2933 1711 3131 1767; x_wconf 88' lang='lat' dir='ltr'><strong>diutius</strong></span> <span class='ocrx_word' id='word_1_225' title='bbox 3172 1715 3293 1769; x_wconf 86' lang='lat' dir='ltr'><strong>visu</strong></span> <span class='ocrx_word' id='word_1_226' title='bbox 3340 1713 3622 1783; x_wconf 88' lang='lat' dir='ltr'><strong>spoliatus,</strong></span> 
     </span>
    </p>
   </div>
   <div class='ocr_carea' id='block_1_34' title="bbox 343 1776 1947 1877">
    <p class='ocr_par' dir='ltr' id='par_1_34' title="bbox 343 1776 1934 1873">
     <span class='ocr_line' id='line_1_34' title="bbox 343 1776 1934 1873; baseline -0.003 -17"><span class='ocrx_word' id='word_1_227' title='bbox 343 1802 452 1856; x_wconf 81' lang='grc' dir='ltr'>τοῦ</span> <span class='ocrx_word' id='word_1_228' title='bbox 484 1776 777 1873; x_wconf 74' lang='grc' dir='ltr'>προσώπου</span> <span class='ocrx_word' id='word_1_229' title='bbox 824 1776 1144 1870; x_wconf 83' lang='grc' dir='ltr'>καλύμματι</span> <span class='ocrx_word' id='word_1_230' title='bbox 1189 1799 1251 1852; x_wconf 80' lang='grc' dir='ltr'>τὸ</span> <span class='ocrx_word' id='word_1_231' title='bbox 1298 1776 1516 1870; x_wconf 79' lang='grc' dir='ltr'>βλέπειν</span> <span class='ocrx_word' id='word_1_232' title='bbox 1558 1776 1934 1871; x_wconf 76' lang='grc' dir='ltr'>ἀφῃρημένος,</span> 
     </span>
    </p>
   </div>
   <div class='ocr_carea' id='block_1_35' title="bbox 2051 1776 3626 1877">
    <p class='ocr_par' dir='ltr' id='par_1_35' title="bbox 2051 1776 3626 1877">
     <span class='ocr_line' id='line_1_35' title="bbox 2051 1776 3626 1877; baseline 0.002 -18"><span class='ocrx_word' id='word_1_233' title='bbox 2051 1806 2159 1861; x_wconf 79' lang='lat' dir='ltr'><strong>sine</strong></span> <span class='ocrx_word' id='word_1_234' title='bbox 2198 1805 2306 1860; x_wconf 92' lang='lat' dir='ltr'><strong>ullo</strong></span> <span class='ocrx_word' id='word_1_235' title='bbox 2338 1805 2746 1875; x_wconf 88' lang='lat' dir='ltr'><strong>impedimento,</strong></span> <span class='ocrx_word' id='word_1_236' title='bbox 2792 1804 2861 1861; x_wconf 86' lang='lat' dir='ltr'><strong>ad</strong></span> <span class='ocrx_word' id='word_1_237' title='bbox 2910 1815 3219 1871; x_wconf 87' lang='lat' dir='ltr'><strong>vocantem,</strong></span> <span class='ocrx_word' id='word_1_238' title='bbox 3265 1776 3449 1877; x_wconf 73' lang='lat' dir='ltr'><strong>agnita</strong></span> <span class='ocrx_word' id='word_1_239' title='bbox 3494 1819 3626 1863; x_wconf 79' lang='lat' dir='ltr'><strong>voce</strong></span> 
     </span>
    </p>
   </div>
   <div class='ocr_carea' id='block_1_36' title="bbox 347 1890 1941 1964">
    <p class='ocr_par' dir='ltr' id='par_1_36' title="bbox 347 1890 1941 1964">
     <span class='ocr_line' id='line_1_36' title="bbox 347 1890 1941 1964; baseline -0.003 -16"><span class='ocrx_word' id='word_1_240' title='bbox 347 1893 654 1956; x_wconf 78' lang='grc' dir='ltr'><strong>ἀκωλύτως</strong></span> <span class='ocrx_word' id='word_1_241' title='bbox 684 1893 741 1946; x_wconf 84' lang='grc' dir='ltr'>δὲ</span> <span class='ocrx_word' id='word_1_242' title='bbox 766 1892 977 1964; x_wconf 87' lang='grc' dir='ltr'>τρέχων</span> <span class='ocrx_word' id='word_1_243' title='bbox 1009 1891 1151 1962; x_wconf 85' lang='grc' dir='ltr'>πρὸς</span> <span class='ocrx_word' id='word_1_244' title='bbox 1187 1892 1280 1947; x_wconf 85' lang='grc' dir='ltr'>τὸν</span> <span class='ocrx_word' id='word_1_245' title='bbox 1325 1892 1654 1956; x_wconf 83' lang='grc' dir='ltr'>καλέσαντα,</span> <span class='ocrx_word' id='word_1_246' title='bbox 1704 1893 1803 1946; x_wconf 73' lang='grc' dir='ltr'><strong>καὶ</strong></span> <span class='ocrx_word' id='word_1_247' title='bbox 1840 1890 1941 1962; x_wconf 82' lang='grc' dir='ltr'>τὴν</span> 
     </span>
    </p>
   </div>
   <div class='ocr_carea' id='block_1_37' title="bbox 350 1981 1343 2056">
    <p class='ocr_par' dir='ltr' id='par_1_37' title="bbox 350 1981 1343 2056">
     <span class='ocr_line' id='line_1_37' title="bbox 350 1981 1343 2056; baseline -0.001 -16"><span class='ocrx_word' id='word_1_248' title='bbox 350 1985 697 2056; x_wconf 83' lang='grc' dir='ltr'>Δεσποτικὴν</span> <span class='ocrx_word' id='word_1_249' title='bbox 727 1981 1109 2053; x_wconf 70' lang='grc' dir='ltr'>ἐπιγινώσκων</span> <span class='ocrx_word' id='word_1_250' title='bbox 1137 1984 1343 2056; x_wconf 83' lang='grc' dir='ltr'>φωνήν.</span> 
     </span>
    </p>
   </div>
   <div class='ocr_carea' id='block_1_38' title="bbox 352 2098 1981 2179">
    <p class='ocr_par' dir='ltr' id='par_1_38' title="bbox 352 2098 1981 2179">
     <span class='ocr_line' id='line_1_38' title="bbox 352 2098 1981 2179; baseline 0.001 -23"><span class='ocrx_word' id='word_1_251' title='bbox 352 2103 507 2170; x_wconf 58' lang='grc' dir='ltr'><strong>κς.</strong></span> <span class='ocrx_word' id='word_1_252' title='bbox 528 2102 648 2157; x_wconf 83' lang='grc' dir='ltr'>Ὅτι</span> <span class='ocrx_word' id='word_1_253' title='bbox 670 2101 966 2167; x_wconf 78' lang='grc' dir='ltr'>ἑκουσίως</span> <span class='ocrx_word' id='word_1_254' title='bbox 988 2100 1061 2155; x_wconf 85' lang='grc' dir='ltr'>τὰ</span> <span class='ocrx_word' id='word_1_255' title='bbox 1084 2099 1349 2169; x_wconf 79' lang='grc' dir='ltr'>σωτήρια</span> <span class='ocrx_word' id='word_1_256' title='bbox 1371 2099 1531 2160; x_wconf 78' lang='grc' dir='ltr'>πάθη</span> <span class='ocrx_word' id='word_1_257' title='bbox 1552 2098 1941 2163; x_wconf 78' lang='grc' dir='ltr'>κατεδέξατο.</span> <span class='ocrx_word' id='word_1_258' title='bbox 1972 2168 1981 2179; x_wconf 27' lang='lat'><strong><em>1</em></strong></span> 
     </span>
    </p>
   </div>
   <div class='ocr_carea' id='block_1_39' title="bbox 434 2270 1943 2348">
    <p class='ocr_par' dir='ltr' id='par_1_39' title="bbox 434 2270 1943 2348">
     <span class='ocr_line' id='line_1_39' title="bbox 434 2270 1943 2348; baseline -0.007 -13"><span class='ocrx_word' id='word_1_259' title='bbox 434 2280 531 2336; x_wconf 89' lang='grc' dir='ltr'>Διά</span> <span class='ocrx_word' id='word_1_260' title='bbox 561 2279 765 2334; x_wconf 90' lang='grc' dir='ltr'>τούτων</span> <span class='ocrx_word' id='word_1_261' title='bbox 797 2278 891 2333; x_wconf 75' lang='grc' dir='ltr'><strong>καὶ</strong></span> <span class='ocrx_word' id='word_1_262' title='bbox 916 2278 1093 2333; x_wconf 79' lang='grc' dir='ltr'>ἄλλων</span> <span class='ocrx_word' id='word_1_263' title='bbox 1132 2274 1278 2348; x_wconf 88' lang='lat' dir='ltr'><strong>[cod.</strong></span> <span class='ocrx_word' id='word_1_264' title='bbox 1318 2273 1428 2327; x_wconf 90' lang='grc' dir='ltr'><strong>τῶν</strong></span> <span class='ocrx_word' id='word_1_265' title='bbox 1458 2290 1555 2345; x_wconf 89' lang='lat' dir='ltr'><strong>pro</strong></span> <span class='ocrx_word' id='word_1_266' title='bbox 1580 2270 1779 2345; x_wconf 80' lang='grc' dir='ltr'>ἄλλων]</span> <span class='ocrx_word' id='word_1_267' title='bbox 1807 2271 1943 2326; x_wconf 83' lang='grc' dir='ltr'>θαυ-</span> 
     </span>
    </p>
   </div>
   <div class='ocr_carea' id='block_1_40' title="bbox 363 2364 1943 2448">
    <p class='ocr_par' dir='ltr' id='par_1_40' title="bbox 363 2364 1943 2448">
     <span class='ocr_line' id='line_1_40' title="bbox 363 2364 1943 2448; baseline -0.008 -19"><span class='ocrx_word' id='word_1_268' title='bbox 363 2374 575 2448; x_wconf 84' lang='grc' dir='ltr'>μάτων,</span> <span class='ocrx_word' id='word_1_269' title='bbox 602 2371 710 2427; x_wconf 88' lang='grc' dir='ltr'><strong>τῶν</strong></span> <span class='ocrx_word' id='word_1_270' title='bbox 755 2368 1096 2440; x_wconf 76' lang='grc' dir='ltr'>ἐπαγγελιῶν</span> <span class='ocrx_word' id='word_1_271' title='bbox 1130 2366 1455 2438; x_wconf 82' lang='grc' dir='ltr'>ὲμπεδὼσας</span> <span class='ocrx_word' id='word_1_272' title='bbox 1478 2365 1536 2419; x_wconf 82' lang='grc' dir='ltr'>τὸ</span> <span class='ocrx_word' id='word_1_273' title='bbox 1570 2364 1819 2436; x_wconf 84' lang='grc' dir='ltr'>μέγεθος,</span> <span class='ocrx_word' id='word_1_274' title='bbox 1851 2364 1943 2418; x_wconf 75' lang='grc' dir='ltr'><strong>καὶ</strong></span> 
     </span>
    </p>
   </div>
   <div class='ocr_carea' id='block_1_41' title="bbox 359 2453 1939 2532">
    <p class='ocr_par' dir='ltr' id='par_1_41' title="bbox 359 2453 1939 2532">
     <span class='ocr_line' id='line_1_41' title="bbox 359 2453 1939 2532; baseline -0.008 -16"><span class='ocrx_word' id='word_1_275' title='bbox 359 2463 457 2516; x_wconf 75' lang='grc' dir='ltr'><strong>τὸν</strong></span> <span class='ocrx_word' id='word_1_276' title='bbox 486 2463 645 2532; x_wconf 78' lang='grc' dir='ltr'>χορὸν</span> <span class='ocrx_word' id='word_1_277' title='bbox 670 2460 778 2512; x_wconf 88' lang='grc' dir='ltr'><strong>τῶν</strong></span> <span class='ocrx_word' id='word_1_278' title='bbox 805 2456 1121 2512; x_wconf 82' lang='grc' dir='ltr'>ἀποστόλων</span> <span class='ocrx_word' id='word_1_279' title='bbox 1148 2459 1227 2521; x_wconf 83' lang='grc' dir='ltr'><strong>είς</strong></span> <span class='ocrx_word' id='word_1_280' title='bbox 1260 2455 1462 2527; x_wconf 84' lang='grc' dir='ltr'>ἀρετὴν</span> <span class='ocrx_word' id='word_1_281' title='bbox 1492 2453 1939 2524; x_wconf 85' lang='grc' dir='ltr'>παιδοτριϐήσας,</span> 
     </span>
    </p>
   </div>
   <div class='ocr_carea' id='block_1_42' title="bbox 360 2545 1942 2623">
    <p class='ocr_par' dir='ltr' id='par_1_42' title="bbox 360 2545 1942 2623">
     <span class='ocr_line' id='line_1_42' title="bbox 360 2545 1942 2623; baseline -0.006 -18"><span class='ocrx_word' id='word_1_282' title='bbox 360 2551 695 2623; x_wconf 84' lang='grc' dir='ltr'>προστρέχει</span> <span class='ocrx_word' id='word_1_283' title='bbox 753 2553 867 2613; x_wconf 83' lang='grc' dir='ltr'>τοῖς</span> <span class='ocrx_word' id='word_1_284' title='bbox 923 2547 1295 2619; x_wconf 87' lang='grc' dir='ltr'>ἀναγράπτοις</span> <span class='ocrx_word' id='word_1_285' title='bbox 1345 2545 1573 2600; x_wconf 83' lang='grc' dir='ltr'>πάθεσιν</span> <span class='ocrx_word' id='word_1_286' title='bbox 1627 2545 1942 2615; x_wconf 74' lang='grc' dir='ltr'>ἐθελοντής·</span> 
     </span>
    </p>
   </div>
   <div class='ocr_carea' id='block_1_43' title="bbox 360 2630 1941 2713">
    <p class='ocr_par' dir='ltr' id='par_1_43' title="bbox 360 2630 1941 2713">
     <span class='ocr_line' id='line_1_43' title="bbox 360 2630 1941 2713; baseline -0.004 -17"><span class='ocrx_word' id='word_1_287' title='bbox 360 2643 629 2707; x_wconf 84' lang='grc' dir='ltr'>πολλάκις</span> <span class='ocrx_word' id='word_1_288' title='bbox 683 2641 783 2713; x_wconf 80' lang='grc' dir='ltr'>μὲν</span> <span class='ocrx_word' id='word_1_289' title='bbox 814 2630 1001 2694; x_wconf 66' lang='grc' dir='ltr'>’ταῦτα</span> <span class='ocrx_word' id='word_1_290' title='bbox 1040 2642 1155 2705; x_wconf 84' lang='grc' dir='ltr'>τοῖς</span> <span class='ocrx_word' id='word_1_291' title='bbox 1211 2642 1495 2709; x_wconf 84' lang='grc' dir='ltr'>φοιτηταῖς</span> <span class='ocrx_word' id='word_1_292' title='bbox 1545 2636 1941 2709; x_wconf 79' lang='grc' dir='ltr'>προμηνύσας,</span> 
     </span>
    </p>
   </div>
   <div class='ocr_carea' id='block_1_44' title="bbox 361 2726 1943 2805">
    <p class='ocr_par' dir='ltr' id='par_1_44' title="bbox 361 2726 1943 2805">
     <span class='ocr_line' id='line_1_44' title="bbox 361 2726 1943 2805; baseline -0.006 -17"><span class='ocrx_word' id='word_1_293' title='bbox 361 2734 699 2805; x_wconf 73' lang='grc' dir='ltr'>ἐπιτιμήσας</span> <span class='ocrx_word' id='word_1_294' title='bbox 733 2732 790 2787; x_wconf 85' lang='grc' dir='ltr'>δὲ</span> <span class='ocrx_word' id='word_1_295' title='bbox 813 2731 890 2803; x_wconf 84' lang='grc' dir='ltr'><strong>τῷ</strong></span> <span class='ocrx_word' id='word_1_296' title='bbox 916 2732 1129 2801; x_wconf 86' lang='grc' dir='ltr'>Πέτρῳ,</span> <span class='ocrx_word' id='word_1_297' title='bbox 1156 2730 1275 2802; x_wconf 84' lang='grc' dir='ltr'>μεθ’</span> <span class='ocrx_word' id='word_1_298' title='bbox 1302 2729 1496 2802; x_wconf 78' lang='grc' dir='ltr'>ἡδονῆς</span> <span class='ocrx_word' id='word_1_299' title='bbox 1524 2729 1600 2799; x_wconf 85' lang='grc' dir='ltr'>μὴ</span> <span class='ocrx_word' id='word_1_300' title='bbox 1633 2726 1943 2805; x_wconf 80' lang='grc' dir='ltr'>καταδεξα-</span> 
     </span>
    </p>
   </div>
   <div class='ocr_carea' id='block_1_45' title="bbox 366 2818 1947 2898">
    <p class='ocr_par' dir='ltr' id='par_1_45' title="bbox 366 2818 1947 2898">
     <span class='ocr_line' id='line_1_45' title="bbox 366 2818 1947 2898; baseline -0.005 -19"><span class='ocrx_word' id='word_1_301' title='bbox 366 2826 515 2898; x_wconf 83' lang='grc' dir='ltr'>μένῳ</span> <span class='ocrx_word' id='word_1_302' title='bbox 562 2825 628 2878; x_wconf 80' lang='grc' dir='ltr'><strong>τὰ</strong></span> <span class='ocrx_word' id='word_1_303' title='bbox 658 2825 765 2879; x_wconf 89' lang='grc' dir='ltr'><strong>τῶν</strong></span> <span class='ocrx_word' id='word_1_304' title='bbox 808 2821 997 2877; x_wconf 86' lang='grc' dir='ltr'>παθῶν</span> <span class='ocrx_word' id='word_1_305' title='bbox 1029 2823 1346 2892; x_wconf 81' lang='grc' dir='ltr'>εὐαγγέλια,</span> <span class='ocrx_word' id='word_1_306' title='bbox 1394 2822 1488 2875; x_wconf 81' lang='grc' dir='ltr'><strong>καὶ</strong></span> <span class='ocrx_word' id='word_1_307' title='bbox 1534 2820 1714 2886; x_wconf 80' lang='grc' dir='ltr'>δείξας</span> <span class='ocrx_word' id='word_1_308' title='bbox 1746 2818 1821 2882; x_wconf 83' lang='grc' dir='ltr'><strong>ὡς</strong></span> <span class='ocrx_word' id='word_1_309' title='bbox 1858 2818 1947 2872; x_wconf 85' lang='grc' dir='ltr'><strong>διὰ</strong></span> 
     </span>
    </p>
   </div>
   <div class='ocr_carea' id='block_1_46' title="bbox 359 2909 1946 2987">
    <p class='ocr_par' dir='ltr' id='par_1_46' title="bbox 359 2909 1946 2987">
     <span class='ocr_line' id='line_1_46' title="bbox 359 2909 1946 2987; baseline -0.006 -14"><span class='ocrx_word' id='word_1_310' title='bbox 359 2918 570 2974; x_wconf 85' lang='grc' dir='ltr'>τούτων</span> <span class='ocrx_word' id='word_1_311' title='bbox 598 2916 956 2987; x_wconf 82' lang='grc' dir='ltr'>κατορθοῦται</span> <span class='ocrx_word' id='word_1_312' title='bbox 991 2916 1091 2984; x_wconf 83' lang='grc' dir='ltr'>τῆς</span> <span class='ocrx_word' id='word_1_313' title='bbox 1128 2913 1455 2985; x_wconf 76' lang='grc' dir='ltr'>οἰκουμένης</span> <span class='ocrx_word' id='word_1_314' title='bbox 1490 2914 1524 2984; x_wconf 79' lang='grc' dir='ltr'><strong>ἡ</strong></span> <span class='ocrx_word' id='word_1_315' title='bbox 1556 2912 1802 2982; x_wconf 87' lang='grc' dir='ltr'>σωτηρία</span> <span class='ocrx_word' id='word_1_316' title='bbox 1824 2928 1837 2940; x_wconf 72' lang='grc'><strong><em>⁸</em></strong></span> <span class='ocrx_word' id='word_1_317' title='bbox 1864 2909 1946 2964; x_wconf 86' lang='grc' dir='ltr'><strong>διδ</strong></span> 
     </span>
    </p>
   </div>
   <div class='ocr_carea' id='block_1_47' title="bbox 362 3002 1948 3074">
    <p class='ocr_par' dir='ltr' id='par_1_47' title="bbox 362 3002 1948 3074">
     <span class='ocr_line' id='line_1_47' title="bbox 362 3002 1948 3074; baseline -0.005 -10"><span class='ocrx_word' id='word_1_318' title='bbox 362 3012 594 3073; x_wconf 75' lang='grc' dir='ltr'>καὶτοῖς</span> <span class='ocrx_word' id='word_1_319' title='bbox 624 3007 940 3062; x_wconf 75' lang='grc' dir='ltr'>ἐπελθοῦσιν</span> <span class='ocrx_word' id='word_1_320' title='bbox 978 3006 1168 3060; x_wconf 74' lang='grc' dir='ltr'>ἑαυτὸν</span> <span class='ocrx_word' id='word_1_321' title='bbox 1202 3006 1484 3070; x_wconf 81' lang='grc' dir='ltr'>ὑπέδειξεν</span> <span class='ocrx_word' id='word_1_322' title='bbox 1518 3005 1723 3074; x_wconf 86' lang='grc' dir='ltr'>λέγων·</span> <span class='ocrx_word' id='word_1_323' title='bbox 1762 3024 1780 3057; x_wconf 79' lang='grc' dir='ltr'><strong>ι</strong></span> <span class='ocrx_word' id='word_1_324' title='bbox 1803 3002 1948 3073; x_wconf 85' lang='grc' dir='ltr'><strong>Ἐγώ</strong></span> 
     </span>
    </p>
   </div>
   <div class='ocr_carea' id='block_1_48' title="bbox 2045 1896 2627 1962">
    <p class='ocr_par' dir='ltr' id='par_1_48' title="bbox 2045 1896 2627 1962">
     <span class='ocr_line' id='line_1_48' title="bbox 2045 1896 2627 1962; baseline 0 -10"><span class='ocrx_word' id='word_1_325' title='bbox 2045 1896 2345 1962; x_wconf 90' lang='lat' dir='ltr'><strong>Dominica,</strong></span> <span class='ocrx_word' id='word_1_326' title='bbox 2371 1897 2627 1953; x_wconf 90' lang='lat' dir='ltr'><strong>accurrit.</strong></span> 
     </span>
    </p>
   </div>
   <div class='ocr_carea' id='block_1_49' title="bbox 2043 2093 3631 2179">
    <p class='ocr_par' dir='ltr' id='par_1_49' title="bbox 2043 2093 3631 2179">
     <span class='ocr_line' id='line_1_49' title="bbox 2043 2093 3631 2179; baseline 0.001 -25"><span class='ocrx_word' id='word_1_327' title='bbox 2043 2094 2236 2155; x_wconf 77' lang='lat' dir='ltr'><strong>XXVI.</strong></span> <span class='ocrx_word' id='word_1_328' title='bbox 2278 2097 2438 2164; x_wconf 79' lang='lat' dir='ltr'><strong>Quod</strong></span> <span class='ocrx_word' id='word_1_329' title='bbox 2478 2105 2663 2165; x_wconf 85' lang='lat' dir='ltr'><strong>sponte</strong></span> <span class='ocrx_word' id='word_1_330' title='bbox 2712 2093 2904 2166; x_wconf 74' lang='lat' dir='ltr'><strong>(Iesus</strong></span> <span class='ocrx_word' id='word_1_331' title='bbox 2988 2096 3279 2152; x_wconf 73' lang='lat' dir='ltr'><strong>salutarem</strong></span> <span class='ocrx_word' id='word_1_332' title='bbox 3330 2098 3631 2165; x_wconf 70' lang='lat' dir='ltr'><strong>passionem</strong></span> 
     </span>
    </p>
   </div>
   <div class='ocr_carea' id='block_1_50' title="bbox 2695 2178 2978 2236">
    <p class='ocr_par' dir='ltr' id='par_1_50' title="bbox 2695 2178 2978 2236">
     <span class='ocr_line' id='line_1_50' title="bbox 2695 2178 2978 2236; baseline 0 -15"><span class='ocrx_word' id='word_1_333' title='bbox 2695 2178 2978 2236; x_wconf 71' lang='lat' dir='ltr'><strong>exceperit.</strong></span> 
     </span>
    </p>
   </div>
   <div class='ocr_carea' id='block_1_51' title="bbox 2088 2264 3632 2348">
    <p class='ocr_par' dir='ltr' id='par_1_51' title="bbox 2088 2264 3632 2348">
     <span class='ocr_line' id='line_1_51' title="bbox 2088 2264 3632 2348; baseline -0.001 -14"><span class='ocrx_word' id='word_1_334' title='bbox 2088 2264 2210 2334; x_wconf 63' lang='lat' dir='ltr'><strong>~His</strong></span> <span class='ocrx_word' id='word_1_335' title='bbox 2235 2278 2465 2348; x_wconf 86' lang='lat' dir='ltr'><strong>aliisque</strong></span> <span class='ocrx_word' id='word_1_336' title='bbox 2493 2277 2771 2332; x_wconf 88' lang='lat' dir='ltr'><strong>miraculis</strong></span> <span class='ocrx_word' id='word_1_337' title='bbox 2802 2277 3221 2347; x_wconf 86' lang='lat' dir='ltr'><strong>promissionum</strong></span> <span class='ocrx_word' id='word_1_338' title='bbox 3262 2292 3483 2334; x_wconf 87' lang='lat' dir='ltr'><strong>suarum</strong></span> <span class='ocrx_word' id='word_1_339' title='bbox 3515 2293 3632 2333; x_wconf 85' lang='lat' dir='ltr'><strong>ma-</strong></span> 
     </span>
    </p>
   </div>
   <div class='ocr_carea' id='block_1_52' title="bbox 2044 2369 3633 2442">
    <p class='ocr_par' dir='ltr' id='par_1_52' title="bbox 2044 2369 3633 2442">
     <span class='ocr_line' id='line_1_52' title="bbox 2044 2369 3633 2442; baseline 0.001 -17"><span class='ocrx_word' id='word_1_340' title='bbox 2044 2369 2328 2442; x_wconf 69' lang='lat' dir='ltr'><strong>gnitudine</strong></span> <span class='ocrx_word' id='word_1_341' title='bbox 2364 2370 2710 2437; x_wconf 81' lang='lat' dir='ltr'><strong>confirmata,</strong></span> <span class='ocrx_word' id='word_1_342' title='bbox 2742 2378 2796 2425; x_wconf 87' lang='lat' dir='ltr'><strong>et</strong></span> <span class='ocrx_word' id='word_1_343' title='bbox 2826 2370 3197 2441; x_wconf 86' lang='lat' dir='ltr'><strong>apostolorum</strong></span> <span class='ocrx_word' id='word_1_344' title='bbox 3231 2371 3403 2426; x_wconf 84' lang='lat' dir='ltr'><strong>choro</strong></span> <span class='ocrx_word' id='word_1_345' title='bbox 3432 2370 3501 2425; x_wconf 89' lang='lat' dir='ltr'><strong>ad</strong></span> <span class='ocrx_word' id='word_1_346' title='bbox 3520 2370 3633 2427; x_wconf 85' lang='lat' dir='ltr'><strong>vir-</strong></span> 
     </span>
    </p>
   </div>
   <div class='ocr_carea' id='block_1_53' title="bbox 2047 2461 3634 2533">
    <p class='ocr_par' dir='ltr' id='par_1_53' title="bbox 2047 2461 3634 2533">
     <span class='ocr_line' id='line_1_53' title="bbox 2047 2461 3634 2533; baseline 0.001 -17"><span class='ocrx_word' id='word_1_347' title='bbox 2047 2470 2214 2516; x_wconf 88' lang='lat' dir='ltr'><strong>tutem</strong></span> <span class='ocrx_word' id='word_1_348' title='bbox 2260 2461 2494 2533; x_wconf 85' lang='lat' dir='ltr'><strong>erudito,</strong></span> <span class='ocrx_word' id='word_1_349' title='bbox 2546 2470 2739 2530; x_wconf 85' lang='lat' dir='ltr'><strong>sponte</strong></span> <span class='ocrx_word' id='word_1_350' title='bbox 2784 2461 3027 2517; x_wconf 91' lang='lat' dir='ltr'><strong>accurrit</strong></span> <span class='ocrx_word' id='word_1_351' title='bbox 3067 2462 3134 2519; x_wconf 89' lang='lat' dir='ltr'><strong>ad</strong></span> <span class='ocrx_word' id='word_1_352' title='bbox 3176 2476 3271 2517; x_wconf 86' lang='lat' dir='ltr'><strong>cas</strong></span> <span class='ocrx_word' id='word_1_353' title='bbox 3300 2476 3422 2532; x_wconf 74' lang='lat' dir='ltr'><strong>quae</strong></span> <span class='ocrx_word' id='word_1_354' title='bbox 3462 2461 3530 2516; x_wconf 85' lang='lat' dir='ltr'><strong>de</strong></span> <span class='ocrx_word' id='word_1_355' title='bbox 3566 2477 3634 2518; x_wconf 89' lang='lat' dir='ltr'><strong>eo</strong></span> 
     </span>
    </p>
   </div>
   <div class='ocr_carea' id='block_1_54' title="bbox 2046 2552 3632 2623">
    <p class='ocr_par' dir='ltr' id='par_1_54' title="bbox 2046 2552 3632 2623">
     <span class='ocr_line' id='line_1_54' title="bbox 2046 2552 3632 2623; baseline -0.002 -14"><span class='ocrx_word' id='word_1_356' title='bbox 2046 2555 2262 2622; x_wconf 79' lang='lat' dir='ltr'><strong>scriptae</strong></span> <span class='ocrx_word' id='word_1_357' title='bbox 2308 2552 2520 2607; x_wconf 84' lang='lat' dir='ltr'><strong>fuerant</strong></span> <span class='ocrx_word' id='word_1_358' title='bbox 2563 2552 2782 2623; x_wconf 75' lang='lat' dir='ltr'><strong>839m</strong></span> <span class='ocrx_word' id='word_1_359' title='bbox 2833 2555 3145 2623; x_wconf 85' lang='lat' dir='ltr'><strong>passiones;</strong></span> <span class='ocrx_word' id='word_1_360' title='bbox 3187 2567 3320 2621; x_wconf 89' lang='lat' dir='ltr'><strong>quas</strong></span> <span class='ocrx_word' id='word_1_361' title='bbox 3361 2566 3503 2622; x_wconf 63' lang='lat' dir='ltr'><strong>saepe</strong></span> <span class='ocrx_word' id='word_1_362' title='bbox 3546 2553 3632 2607; x_wconf 84' lang='lat' dir='ltr'><strong>di-</strong></span> 
     </span>
    </p>
   </div>
   <div class='ocr_carea' id='block_1_55' title="bbox 2046 2642 3635 2714">
    <p class='ocr_par' dir='ltr' id='par_1_55' title="bbox 2046 2642 3635 2714">
     <span class='ocr_line' id='line_1_55' title="bbox 2046 2642 3635 2714; baseline -0.003 -13"><span class='ocrx_word' id='word_1_363' title='bbox 2046 2644 2270 2713; x_wconf 87' lang='lat' dir='ltr'><strong>scipulis</strong></span> <span class='ocrx_word' id='word_1_364' title='bbox 2296 2645 2410 2698; x_wconf 91' lang='lat' dir='ltr'><strong>suis</strong></span> <span class='ocrx_word' id='word_1_365' title='bbox 2442 2647 2921 2714; x_wconf 78' lang='lat' dir='ltr'><strong>pramuntiaverat,</strong></span> <span class='ocrx_word' id='word_1_366' title='bbox 2964 2642 3129 2697; x_wconf 88' lang='lat' dir='ltr'><strong>Petro</strong></span> <span class='ocrx_word' id='word_1_367' title='bbox 3161 2645 3324 2698; x_wconf 87' lang='lat' dir='ltr'><strong>etiam</strong></span> <span class='ocrx_word' id='word_1_368' title='bbox 3369 2644 3635 2713; x_wconf 90' lang='lat' dir='ltr'><strong>increpito</strong></span> 
     </span>
    </p>
   </div>
   <div class='ocr_carea' id='block_1_56' title="bbox 2047 2734 3633 2806">
    <p class='ocr_par' dir='ltr' id='par_1_56' title="bbox 2047 2734 3633 2806">
     <span class='ocr_line' id='line_1_56' title="bbox 2047 2734 3633 2806; baseline 0.003 -18"><span class='ocrx_word' id='word_1_369' title='bbox 2047 2736 2137 2805; x_wconf 85' lang='lat' dir='ltr'><strong>qui</strong></span> <span class='ocrx_word' id='word_1_370' title='bbox 2185 2736 2327 2803; x_wconf 86' lang='lat' dir='ltr'><strong>baud</strong></span> <span class='ocrx_word' id='word_1_371' title='bbox 2374 2735 2605 2790; x_wconf 87' lang='lat' dir='ltr'><strong>libenter</strong></span> <span class='ocrx_word' id='word_1_372' title='bbox 2648 2736 2959 2804; x_wconf 79' lang='lat' dir='ltr'><strong>passiOnum</strong></span> <span class='ocrx_word' id='word_1_373' title='bbox 2994 2736 3241 2791; x_wconf 90' lang='lat' dir='ltr'><strong>nuntium</strong></span> <span class='ocrx_word' id='word_1_374' title='bbox 3289 2734 3633 2806; x_wconf 76' lang='lat' dir='ltr'><strong>excipiebat;</strong></span> 
     </span>
    </p>
   </div>
   <div class='ocr_carea' id='block_1_57' title="bbox 2049 2826 3637 2897">
    <p class='ocr_par' dir='ltr' id='par_1_57' title="bbox 2049 2826 3637 2897">
     <span class='ocr_line' id='line_1_57' title="bbox 2049 2826 3637 2897; baseline 0.001 -15"><span class='ocrx_word' id='word_1_375' title='bbox 2049 2828 2425 2883; x_wconf 87' lang='lat' dir='ltr'><strong>demonstrans</strong></span> <span class='ocrx_word' id='word_1_376' title='bbox 2464 2828 2698 2897; x_wconf 81' lang='lat' dir='ltr'><strong>denique</strong></span> <span class='ocrx_word' id='word_1_377' title='bbox 2745 2826 2978 2882; x_wconf 84' lang='lat' dir='ltr'><strong>salutem</strong></span> <span class='ocrx_word' id='word_1_378' title='bbox 3026 2829 3213 2882; x_wconf 91' lang='lat' dir='ltr'><strong>mundi</strong></span> <span class='ocrx_word' id='word_1_379' title='bbox 3246 2842 3341 2897; x_wconf 85' lang='lat' dir='ltr'><strong>per</strong></span> <span class='ocrx_word' id='word_1_380' title='bbox 3383 2828 3480 2884; x_wconf 86' lang='lat' dir='ltr'><strong>bas</strong></span> <span class='ocrx_word' id='word_1_381' title='bbox 3504 2843 3637 2883; x_wconf 86' lang='lat' dir='ltr'><strong>con-</strong></span> 
     </span>
    </p>
   </div>
   <div class='ocr_carea' id='block_1_58' title="bbox 2051 2917 3634 2988">
    <p class='ocr_par' dir='ltr' id='par_1_58' title="bbox 2051 2917 3634 2988">
     <span class='ocr_line' id='line_1_58' title="bbox 2051 2917 3634 2988; baseline 0.001 -17"><span class='ocrx_word' id='word_1_382' title='bbox 2051 2917 2188 2973; x_wconf 85' lang='lat' dir='ltr'><strong>fieri.</strong></span> <span class='ocrx_word' id='word_1_383' title='bbox 2237 2917 2528 2988; x_wconf 84' lang='lat' dir='ltr'><strong>Propterea</strong></span> <span class='ocrx_word' id='word_1_384' title='bbox 2584 2927 2639 2973; x_wconf 86' lang='lat' dir='ltr'><strong>et</strong></span> <span class='ocrx_word' id='word_1_385' title='bbox 2685 2918 3097 2973; x_wconf 85' lang='lat' dir='ltr'><strong>advenientibus</strong></span> <span class='ocrx_word' id='word_1_386' title='bbox 3158 2926 3329 2974; x_wconf 87' lang='lat' dir='ltr'><strong>semet</strong></span> <span class='ocrx_word' id='word_1_387' title='bbox 3381 2917 3634 2973; x_wconf 75' lang='lat' dir='ltr'><strong>exhibuit</strong></span> 
     </span>
    </p>
   </div>
   <div class='ocr_carea' id='block_1_59' title="bbox 2052 3008 3639 3091">
    <p class='ocr_par' dir='ltr' id='par_1_59' title="bbox 2052 3008 3639 3091">
     <span class='ocr_line' id='line_1_59' title="bbox 2052 3008 3639 3091; baseline 0 -27"><span class='ocrx_word' id='word_1_388' title='bbox 2052 3008 2237 3065; x_wconf 87' lang='lat' dir='ltr'><strong>dicens</strong></span> <span class='ocrx_word' id='word_1_389' title='bbox 2271 3027 2285 3063; x_wconf 90' lang='lat'><strong>:</strong></span> <span class='ocrx_word' id='word_1_390' title='bbox 2325 3010 2490 3091; x_wconf 41' lang='lat' dir='ltr'><strong>uEgo</strong></span> <span class='ocrx_word' id='word_1_391' title='bbox 2516 3024 2633 3065; x_wconf 88' lang='lat' dir='ltr'><strong>sum</strong></span> <span class='ocrx_word' id='word_1_392' title='bbox 2662 3025 2822 3079; x_wconf 89' lang='lat' dir='ltr'><strong>quem</strong></span> <span class='ocrx_word' id='word_1_393' title='bbox 2851 3011 3094 3078; x_wconf 58' lang='lat' dir='ltr'><strong>quaeritis</strong></span> <span class='ocrx_word' id='word_1_394' title='bbox 3118 3011 3185 3066; x_wconf 79' lang='lat'><strong>&#39;°.</strong></span> <span class='ocrx_word' id='word_1_395' title='bbox 3212 3029 3231 3062; x_wconf 74' lang='grc' dir='ltr'><strong>ι</strong></span> <span class='ocrx_word' id='word_1_396' title='bbox 3262 3010 3323 3065; x_wconf 85' lang='lat' dir='ltr'><strong>Et</strong></span> <span class='ocrx_word' id='word_1_397' title='bbox 3350 3018 3639 3065; x_wconf 78' lang='lat' dir='ltr'><strong>accusatus</strong></span> 
     </span>
    </p>
   </div>
   <div class='ocr_carea' id='block_1_60' title="bbox 364 3097 1947 3173">
    <p class='ocr_par' dir='ltr' id='par_1_60' title="bbox 364 3097 1945 3173">
     <span class='ocr_line' id='line_1_60' title="bbox 364 3097 1945 3173; baseline -0.005 -16"><span class='ocrx_word' id='word_1_398' title='bbox 364 3105 483 3173; x_wconf 88' lang='grc' dir='ltr'>είμι</span> <span class='ocrx_word' id='word_1_399' title='bbox 510 3101 568 3154; x_wconf 80' lang='grc' dir='ltr'>ὃν</span> <span class='ocrx_word' id='word_1_400' title='bbox 596 3098 830 3171; x_wconf 77' lang='grc' dir='ltr'>ζητεῖτε.</span> <span class='ocrx_word' id='word_1_401' title='bbox 863 3116 882 3149; x_wconf 74' lang='grc' dir='ltr'><strong>ι</strong></span> <span class='ocrx_word' id='word_1_402' title='bbox 904 3098 1014 3151; x_wconf 70' lang='grc' dir='ltr'><strong>Καὶ</strong></span> <span class='ocrx_word' id='word_1_403' title='bbox 1037 3097 1510 3168; x_wconf 84' lang='grc' dir='ltr'>κατηγορούμενος</span> <span class='ocrx_word' id='word_1_404' title='bbox 1539 3098 1638 3151; x_wconf 86' lang='grc' dir='ltr'><strong>ούκ</strong></span> <span class='ocrx_word' id='word_1_405' title='bbox 1671 3098 1945 3163; x_wconf 85' lang='grc' dir='ltr'>ἀντεῖπεν,</span> 
     </span>
    </p>
   </div>
   <div class='ocr_carea' id='block_1_61' title="bbox 2051 3097 3636 3173">
    <p class='ocr_par' dir='ltr' id='par_1_61' title="bbox 2051 3101 3636 3171">
     <span class='ocr_line' id='line_1_61' title="bbox 2051 3101 3636 3171; baseline 0.001 -17"><span class='ocrx_word' id='word_1_406' title='bbox 2051 3115 2156 3156; x_wconf 93' lang='lat' dir='ltr'><strong>non</strong></span> <span class='ocrx_word' id='word_1_407' title='bbox 2186 3102 2482 3170; x_wconf 87' lang='lat' dir='ltr'><strong>respondit,</strong></span> <span class='ocrx_word' id='word_1_408' title='bbox 2517 3111 2719 3156; x_wconf 84' lang='lat' dir='ltr'><strong>etcum</strong></span> <span class='ocrx_word' id='word_1_409' title='bbox 2755 3114 2938 3171; x_wconf 89' lang='lat' dir='ltr'><strong>posset</strong></span> <span class='ocrx_word' id='word_1_410' title='bbox 2968 3101 3158 3169; x_wconf 87' lang='lat' dir='ltr'><strong>latere,</strong></span> <span class='ocrx_word' id='word_1_411' title='bbox 3195 3101 3404 3169; x_wconf 86' lang='lat' dir='ltr'><strong>noluit;</strong></span> <span class='ocrx_word' id='word_1_412' title='bbox 3456 3117 3636 3171; x_wconf 76' lang='lat' dir='ltr'><strong>quan-</strong></span> 
     </span>
    </p>
   </div>
   <div class='ocr_carea' id='block_1_62' title="bbox 364 3188 1949 3263">
    <p class='ocr_par' dir='ltr' id='par_1_62' title="bbox 364 3188 1949 3263">
     <span class='ocr_line' id='line_1_62' title="bbox 364 3188 1949 3263; baseline -0.005 -13"><span class='ocrx_word' id='word_1_413' title='bbox 364 3196 465 3251; x_wconf 77' lang='grc' dir='ltr'><strong>καὶ</strong></span> <span class='ocrx_word' id='word_1_414' title='bbox 504 3191 802 3263; x_wconf 73' lang='grc' dir='ltr'>δυνάμενος</span> <span class='ocrx_word' id='word_1_415' title='bbox 849 3188 1057 3250; x_wconf 85' lang='grc' dir='ltr'>λαθεῖν.</span> <span class='ocrx_word' id='word_1_416' title='bbox 1102 3188 1260 3241; x_wconf 81' lang='grc' dir='ltr'>τοῦτο</span> <span class='ocrx_word' id='word_1_417' title='bbox 1309 3192 1480 3242; x_wconf 84' lang='grc' dir='ltr'>ποιεῖν</span> <span class='ocrx_word' id='word_1_418' title='bbox 1516 3190 1618 3242; x_wconf 86' lang='grc' dir='ltr'><strong>ούκ</strong></span> <span class='ocrx_word' id='word_1_419' title='bbox 1658 3189 1949 3260; x_wconf 79' lang='grc' dir='ltr'>ἠνέσχετο’</span> 
     </span>
    </p>
   </div>
   <div class='ocr_carea' id='block_1_63' title="bbox 366 3280 1954 3353">
    <p class='ocr_par' dir='ltr' id='par_1_63' title="bbox 366 3280 1954 3353">
     <span class='ocr_line' id='line_1_63' title="bbox 366 3280 1954 3353; baseline -0.004 -11"><span class='ocrx_word' id='word_1_420' title='bbox 366 3288 465 3343; x_wconf 76' lang='grc' dir='ltr'><strong>καὶ</strong></span> <span class='ocrx_word' id='word_1_421' title='bbox 493 3285 669 3340; x_wconf 81' lang='grc' dir='ltr'>ταῦτα</span> <span class='ocrx_word' id='word_1_422' title='bbox 710 3282 968 3345; x_wconf 87' lang='grc' dir='ltr'>πολλάκις</span> <span class='ocrx_word' id='word_1_423' title='bbox 991 3281 1155 3353; x_wconf 79' lang='grc' dir='ltr'>ἡνίκα</span> <span class='ocrx_word' id='word_1_424' title='bbox 1180 3280 1456 3352; x_wconf 75' lang='grc' dir='ltr'>ἠϐουλήθη</span> <span class='ocrx_word' id='word_1_425' title='bbox 1485 3280 1765 3349; x_wconf 78' lang='grc' dir='ltr'>διαφυγών</span> <span class='ocrx_word' id='word_1_426' title='bbox 1781 3297 1795 3311; x_wconf 82' lang='lat'><strong><em>°</em></strong></span> <span class='ocrx_word' id='word_1_427' title='bbox 1815 3281 1954 3335; x_wconf 86' lang='grc' dir='ltr'><strong>άλλά</strong></span> 
     </span>
    </p>
   </div>
   <div class='ocr_carea' id='block_1_64' title="bbox 366 3371 1954 3448">
    <p class='ocr_par' dir='ltr' id='par_1_64' title="bbox 366 3371 1954 3448">
     <span class='ocr_line' id='line_1_64' title="bbox 366 3371 1954 3448; baseline -0.004 -15"><span class='ocrx_word' id='word_1_428' title='bbox 366 3380 465 3434; x_wconf 77' lang='grc' dir='ltr'>καὶ</span> <span class='ocrx_word' id='word_1_429' title='bbox 496 3377 672 3433; x_wconf 84' lang='grc' dir='ltr'>κλαίει</span> <span class='ocrx_word' id='word_1_430' title='bbox 705 3376 804 3448; x_wconf 82' lang='grc' dir='ltr'>μὲν</span> <span class='ocrx_word' id='word_1_431' title='bbox 833 3373 932 3446; x_wconf 82' lang='grc' dir='ltr'><strong>τὴν</strong></span> <span class='ocrx_word' id='word_1_432' title='bbox 965 3372 1344 3445; x_wconf 82' lang='grc' dir='ltr'>Ἰερουσαλὴμ,</span> <span class='ocrx_word' id='word_1_433' title='bbox 1376 3371 1453 3434; x_wconf 83' lang='grc' dir='ltr'>ὡς</span> <span class='ocrx_word' id='word_1_434' title='bbox 1477 3371 1541 3442; x_wconf 82' lang='grc' dir='ltr'>δὴ</span> <span class='ocrx_word' id='word_1_435' title='bbox 1568 3373 1667 3442; x_wconf 76' lang='grc' dir='ltr'>τῆς</span> <span class='ocrx_word' id='word_1_436' title='bbox 1697 3374 1954 3437; x_wconf 87' lang='grc' dir='ltr'>ἀπιστίας</span> 
     </span>
    </p>
   </div>
   <div class='ocr_carea' id='block_1_65' title="bbox 367 3460 1953 3539">
    <p class='ocr_par' dir='ltr' id='par_1_65' title="bbox 367 3460 1953 3539">
     <span class='ocr_line' id='line_1_65' title="bbox 367 3460 1953 3539; baseline -0.008 -14"><span class='ocrx_word' id='word_1_437' title='bbox 367 3469 763 3539; x_wconf 66' lang='grc' dir='ltr'>ἐπισπωμένης</span> <span class='ocrx_word' id='word_1_438' title='bbox 810 3464 906 3518; x_wconf 80' lang='grc' dir='ltr'>τὸν</span> <span class='ocrx_word' id='word_1_439' title='bbox 937 3462 1179 3534; x_wconf 70' lang='grc' dir='ltr'>ὄλεθρον,</span> <span class='ocrx_word' id='word_1_440' title='bbox 1228 3460 1669 3531; x_wconf 77' lang='grc' dir='ltr'>καταψηφίζεται</span> <span class='ocrx_word' id='word_1_441' title='bbox 1717 3460 1774 3513; x_wconf 84' lang='grc' dir='ltr'>δὲ</span> <span class='ocrx_word' id='word_1_442' title='bbox 1814 3478 1953 3514; x_wconf 81' lang='grc' dir='ltr'>παν-</span> 
     </span>
    </p>
   </div>
   <div class='ocr_carea' id='block_1_66' title="bbox 369 3551 1953 3634">
    <p class='ocr_par' dir='ltr' id='par_1_66' title="bbox 369 3551 1953 3634">
     <span class='ocr_line' id='line_1_66' title="bbox 369 3551 1953 3634; baseline -0.008 -16"><span class='ocrx_word' id='word_1_443' title='bbox 369 3562 647 3634; x_wconf 81' lang='grc' dir='ltr'>ωλεθρίως</span> <span class='ocrx_word' id='word_1_444' title='bbox 691 3560 787 3613; x_wconf 75' lang='grc' dir='ltr'>τοῦ</span> <span class='ocrx_word' id='word_1_445' title='bbox 822 3558 1261 3631; x_wconf 82' lang='grc' dir='ltr'>πολυθρυλλήτου</span> <span class='ocrx_word' id='word_1_446' title='bbox 1308 3554 1477 3609; x_wconf 85' lang='grc' dir='ltr'>πάλαι</span> <span class='ocrx_word' id='word_1_447' title='bbox 1516 3551 1652 3632; x_wconf 83' lang='grc' dir='ltr'>νεώ·</span> <span class='ocrx_word' id='word_1_448' title='bbox 1701 3554 1953 3623; x_wconf 87' lang='grc' dir='ltr'>ἀνέχεται</span> 
     </span>
    </p>
   </div>
   <div class='ocr_carea' id='block_1_67' title="bbox 374 3641 1953 3722">
    <p class='ocr_par' dir='ltr' id='par_1_67' title="bbox 374 3641 1953 3722">
     <span class='ocr_line' id='line_1_67' title="bbox 374 3641 1953 3722; baseline -0.008 -15"><span class='ocrx_word' id='word_1_449' title='bbox 374 3654 468 3708; x_wconf 81' lang='grc' dir='ltr'>καὶ</span> <span class='ocrx_word' id='word_1_450' title='bbox 500 3653 593 3705; x_wconf 67' lang='grc' dir='ltr'><strong>ἐπὶ</strong></span> <span class='ocrx_word' id='word_1_451' title='bbox 619 3654 795 3721; x_wconf 88' lang='grc' dir='ltr'>κάρης</span> <span class='ocrx_word' id='word_1_452' title='bbox 824 3648 983 3722; x_wconf 90' lang='lat' dir='ltr'><strong>[cod.</strong></span> <span class='ocrx_word' id='word_1_453' title='bbox 1012 3649 1183 3718; x_wconf 87' lang='grc' dir='ltr'>κόρης</span> <span class='ocrx_word' id='word_1_454' title='bbox 1208 3644 1230 3718; x_wconf 86' lang='grc'><strong>]</strong></span> <span class='ocrx_word' id='word_1_455' title='bbox 1267 3644 1583 3716; x_wconf 88' lang='grc' dir='ltr'>παιόμενος,</span> <span class='ocrx_word' id='word_1_456' title='bbox 1624 3642 1729 3697; x_wconf 80' lang='grc' dir='ltr'><strong>ὑπὸ</strong></span> <span class='ocrx_word' id='word_1_457' title='bbox 1756 3641 1953 3713; x_wconf 80' lang='grc' dir='ltr'>διπλῆν</span> 
     </span>
    </p>
   </div>
   <div class='ocr_carea' id='block_1_68' title="bbox 373 3733 1955 3812">
    <p class='ocr_par' dir='ltr' id='par_1_68' title="bbox 373 3733 1955 3812">
     <span class='ocr_line' id='line_1_68' title="bbox 373 3733 1955 3812; baseline -0.008 -14"><span class='ocrx_word' id='word_1_458' title='bbox 373 3745 617 3800; x_wconf 86' lang='grc' dir='ltr'>δουλείαν</span> <span class='ocrx_word' id='word_1_459' title='bbox 646 3742 987 3805; x_wconf 88' lang='grc' dir='ltr'>δουλεύοντος</span> <span class='ocrx_word' id='word_1_460' title='bbox 1016 3738 1164 3812; x_wconf 89' lang='lat' dir='ltr'><strong>[cod.</strong></span> <span class='ocrx_word' id='word_1_461' title='bbox 1195 3735 1563 3809; x_wconf 84' lang='grc' dir='ltr'>δουλεύοντες]</span> <span class='ocrx_word' id='word_1_462' title='bbox 1590 3733 1955 3806; x_wconf 81' lang='grc' dir='ltr'>κολαφιζόμε-</span> 
     </span>
    </p>
   </div>
   <div class='ocr_carea' id='block_1_69' title="bbox 373 3827 1952 3913">
    <p class='ocr_par' dir='ltr' id='par_1_69' title="bbox 373 3827 1952 3913">
     <span class='ocr_line' id='line_1_69' title="bbox 373 3827 1952 3913; baseline -0.009 -19"><span class='ocrx_word' id='word_1_463' title='bbox 373 3855 498 3906; x_wconf 90' lang='grc' dir='ltr'>νος,</span> <span class='ocrx_word' id='word_1_464' title='bbox 564 3836 972 3913; x_wconf 63' lang='grc' dir='ltr'>ὲμπςιυόμενος,</span> <span class='ocrx_word' id='word_1_465' title='bbox 1021 3830 1439 3901; x_wconf 75' lang='grc' dir='ltr'>ὀνειδιζόμενος,</span> <span class='ocrx_word' id='word_1_466' title='bbox 1502 3827 1952 3900; x_wconf 86' lang='grc' dir='ltr'>στρεϐλούμενος,</span> 
     </span>
    </p>
   </div>
   <div class='ocr_carea' id='block_1_70' title="bbox 379 3920 1951 4000">
    <p class='ocr_par' dir='ltr' id='par_1_70' title="bbox 379 3920 1951 4000">
     <span class='ocr_line' id='line_1_70' title="bbox 379 3920 1951 4000; baseline -0.006 -19"><span class='ocrx_word' id='word_1_467' title='bbox 379 3927 844 4000; x_wconf 80' lang='grc' dir='ltr'>μαστιγούμενος,</span> <span class='ocrx_word' id='word_1_468' title='bbox 886 3926 989 3979; x_wconf 72' lang='grc' dir='ltr'><strong>’καὶ</strong></span> <span class='ocrx_word' id='word_1_469' title='bbox 1040 3924 1103 3978; x_wconf 79' lang='grc' dir='ltr'>τὸ</span> <span class='ocrx_word' id='word_1_470' title='bbox 1151 3924 1462 3977; x_wconf 87' lang='grc' dir='ltr'>τελευταῖον</span> <span class='ocrx_word' id='word_1_471' title='bbox 1527 3920 1951 3992; x_wconf 87' lang='grc' dir='ltr'>σταυρούμενος,</span> 
     </span>
    </p>
   </div>
   <div class='ocr_carea' id='block_1_71' title="bbox 376 4014 1956 4093">
    <p class='ocr_par' dir='ltr' id='par_1_71' title="bbox 376 4014 1956 4093">
     <span class='ocr_line' id='line_1_71' title="bbox 376 4014 1956 4093; baseline -0.008 -16"><span class='ocrx_word' id='word_1_472' title='bbox 376 4024 470 4077; x_wconf 71' lang='grc' dir='ltr'>καὶ</span> <span class='ocrx_word' id='word_1_473' title='bbox 502 4020 797 4093; x_wconf 88' lang='grc' dir='ltr'>λαμϐάνων</span> <span class='ocrx_word' id='word_1_474' title='bbox 832 4018 1038 4091; x_wconf 76' lang='grc' dir='ltr'>λῃστὰς</span> <span class='ocrx_word' id='word_1_475' title='bbox 1080 4018 1180 4089; x_wconf 78' lang='grc' dir='ltr'>τῆς</span> <span class='ocrx_word' id='word_1_476' title='bbox 1211 4015 1482 4089; x_wconf 88' lang='grc' dir='ltr'>τιμωρίας</span> <span class='ocrx_word' id='word_1_477' title='bbox 1506 4015 1797 4077; x_wconf 81' lang='grc' dir='ltr'>κοινωνοὺς</span> <span class='ocrx_word' id='word_1_478' title='bbox 1828 4014 1956 4066; x_wconf 79' lang='grc' dir='ltr'><strong>ἐκα-</strong></span> 
     </span>
    </p>
   </div>
   <div class='ocr_carea' id='block_1_72' title="bbox 374 4105 1954 4188">
    <p class='ocr_par' dir='ltr' id='par_1_72' title="bbox 374 4105 1954 4188">
     <span class='ocr_line' id='line_1_72' title="bbox 374 4105 1954 4188; baseline -0.008 -19"><span class='ocrx_word' id='word_1_479' title='bbox 374 4112 637 4188; x_wconf 84' lang='grc' dir='ltr'>τέρωθεν,</span> <span class='ocrx_word' id='word_1_480' title='bbox 665 4113 759 4167; x_wconf 76' lang='grc' dir='ltr'>καὶ</span> <span class='ocrx_word' id='word_1_481' title='bbox 786 4110 1133 4181; x_wconf 78' lang='grc' dir='ltr'>ἀνδροφόνοις</span> <span class='ocrx_word' id='word_1_482' title='bbox 1172 4109 1267 4163; x_wconf 69' lang='grc' dir='ltr'><strong>καὶ</strong></span> <span class='ocrx_word' id='word_1_483' title='bbox 1296 4108 1630 4179; x_wconf 85' lang='grc' dir='ltr'>κακούργοις</span> <span class='ocrx_word' id='word_1_484' title='bbox 1660 4105 1954 4160; x_wconf 83' lang='grc' dir='ltr'>συνταττό-</span> 
     </span>
    </p>
   </div>
   <div class='ocr_carea' id='block_1_73' title="bbox 380 4196 1955 4277">
    <p class='ocr_par' dir='ltr' id='par_1_73' title="bbox 380 4196 1955 4277">
     <span class='ocr_line' id='line_1_73' title="bbox 380 4196 1955 4277; baseline -0.008 -16"><span class='ocrx_word' id='word_1_485' title='bbox 380 4224 563 4277; x_wconf 86' lang='grc' dir='ltr'>μενος,</span> <span class='ocrx_word' id='word_1_486' title='bbox 595 4206 689 4259; x_wconf 69' lang='grc' dir='ltr'>καὶ</span> <span class='ocrx_word' id='word_1_487' title='bbox 713 4202 833 4269; x_wconf 77' lang='grc' dir='ltr'>ὅξος</span> <span class='ocrx_word' id='word_1_488' title='bbox 866 4204 961 4257; x_wconf 74' lang='grc' dir='ltr'><strong>καὶ</strong></span> <span class='ocrx_word' id='word_1_489' title='bbox 999 4202 1160 4274; x_wconf 87' lang='grc' dir='ltr'>χολὴν</span> <span class='ocrx_word' id='word_1_490' title='bbox 1191 4201 1339 4271; x_wconf 82' lang='grc' dir='ltr'>παρὰ</span> <span class='ocrx_word' id='word_1_491' title='bbox 1363 4198 1457 4253; x_wconf 82' lang='grc' dir='ltr'>τοῦ</span> <span class='ocrx_word' id='word_1_492' title='bbox 1493 4197 1664 4252; x_wconf 77' lang='grc' dir='ltr'>κακοῦ</span> <span class='ocrx_word' id='word_1_493' title='bbox 1695 4196 1955 4268; x_wconf 82' lang='grc' dir='ltr'>ἀμπελῶ-</span> 
     </span>
    </p>
   </div>
   <div class='ocr_carea' id='block_1_74' title="bbox 377 4288 1955 4370">
    <p class='ocr_par' dir='ltr' id='par_1_74' title="bbox 377 4288 1955 4370">
     <span class='ocr_line' id='line_1_74' title="bbox 377 4288 1955 4370; baseline -0.008 -16"><span class='ocrx_word' id='word_1_494' title='bbox 377 4317 465 4363; x_wconf 91' lang='grc' dir='ltr'><strong>νος</strong></span> <span class='ocrx_word' id='word_1_495' title='bbox 493 4296 897 4370; x_wconf 85' lang='grc' dir='ltr'>καρπούμενος,</span> <span class='ocrx_word' id='word_1_496' title='bbox 941 4295 1033 4348; x_wconf 80' lang='grc' dir='ltr'>καὶ</span> <span class='ocrx_word' id='word_1_497' title='bbox 1066 4292 1329 4357; x_wconf 89' lang='grc' dir='ltr'>ἀκάνθαις</span> <span class='ocrx_word' id='word_1_498' title='bbox 1375 4292 1497 4345; x_wconf 75' lang='grc' dir='ltr'>ἀντὶ</span> <span class='ocrx_word' id='word_1_499' title='bbox 1527 4290 1822 4361; x_wconf 84' lang='grc' dir='ltr'>κλημάτων</span> <span class='ocrx_word' id='word_1_500' title='bbox 1860 4288 1955 4342; x_wconf 60' lang='grc' dir='ltr'><strong>καὶ⁸</strong></span> 
     </span>
    </p>
   </div>
   <div class='ocr_carea' id='block_1_75' title="bbox 381 4378 1979 4462">
    <p class='ocr_par' dir='ltr' id='par_1_75' title="bbox 381 4378 1979 4462">
     <span class='ocr_line' id='line_1_75' title="bbox 381 4378 1979 4462; baseline -0.008 -18"><span class='ocrx_word' id='word_1_501' title='bbox 381 4391 619 4462; x_wconf 82' lang='grc' dir='ltr'>βοτρύων</span> <span class='ocrx_word' id='word_1_502' title='bbox 685 4386 1032 4456; x_wconf 78' lang='grc' dir='ltr'>στεφόμενος,</span> <span class='ocrx_word' id='word_1_503' title='bbox 1084 4384 1177 4438; x_wconf 80' lang='grc' dir='ltr'><strong>καὶ</strong></span> <span class='ocrx_word' id='word_1_504' title='bbox 1226 4380 1517 4454; x_wconf 81' lang='grc' dir='ltr'>πορφυρίδι</span> <span class='ocrx_word' id='word_1_505' title='bbox 1560 4378 1979 4451; x_wconf 78' lang='grc' dir='ltr'>χλευαζόμενος,</span> 
     </span>
    </p>
   </div>
   <div class='ocr_carea' id='block_1_76' title="bbox 379 4474 1798 4571">
    <p class='ocr_par' dir='ltr' id='par_1_76' title="bbox 379 4474 1798 4571">
     <span class='ocr_line' id='line_1_76' title="bbox 379 4474 1798 4571; baseline -0.008 -34"><span class='ocrx_word' id='word_1_506' title='bbox 379 4484 757 4553; x_wconf 81' lang='grc' dir='ltr'>ὀρυττόμενος,</span> <span class='ocrx_word' id='word_1_507' title='bbox 784 4483 877 4536; x_wconf 78' lang='grc' dir='ltr'><strong>καὶ</strong></span> <span class='ocrx_word' id='word_1_508' title='bbox 899 4480 1051 4545; x_wconf 87' lang='grc' dir='ltr'>τέλος</span> <span class='ocrx_word' id='word_1_509' title='bbox 1080 4478 1238 4571; x_wconf 72' lang='grc' dir='ltr'>τάφῳ</span> <span class='ocrx_word' id='word_1_510' title='bbox 1268 4474 1798 4548; x_wconf 81' lang='grc' dir='ltr'>παραπεμπόμενος.</span> 
     </span>
    </p>
   </div>
   <div class='ocr_carea' id='block_1_77' title="bbox 2051 3193 3637 3265">
    <p class='ocr_par' dir='ltr' id='par_1_77' title="bbox 2051 3193 3637 3265">
     <span class='ocr_line' id='line_1_77' title="bbox 2051 3193 3637 3265; baseline 0.002 -19"><span class='ocrx_word' id='word_1_511' title='bbox 2051 3208 2213 3263; x_wconf 89' lang='lat' dir='ltr'><strong>quam</strong></span> <span class='ocrx_word' id='word_1_512' title='bbox 2259 3193 2365 3248; x_wconf 91' lang='lat' dir='ltr'><strong>alio</strong></span> <span class='ocrx_word' id='word_1_513' title='bbox 2412 3208 2517 3247; x_wconf 92' lang='lat' dir='ltr'><strong>non</strong></span> <span class='ocrx_word' id='word_1_514' title='bbox 2573 3193 2742 3248; x_wconf 88' lang='lat' dir='ltr'><strong>semel</strong></span> <span class='ocrx_word' id='word_1_515' title='bbox 2790 3204 3030 3263; x_wconf 90' lang='lat' dir='ltr'><strong>tempore</strong></span> <span class='ocrx_word' id='word_1_516' title='bbox 3082 3194 3353 3265; x_wconf 88' lang='lat' dir='ltr'><strong>appetitus</strong></span> <span class='ocrx_word' id='word_1_517' title='bbox 3401 3193 3637 3260; x_wconf 86' lang='lat' dir='ltr'><strong>insidiis,</strong></span> 
     </span>
    </p>
   </div>
   <div class='ocr_carea' id='block_1_78' title="bbox 2053 3284 3640 3356">
    <p class='ocr_par' dir='ltr' id='par_1_78' title="bbox 2053 3284 3640 3356">
     <span class='ocr_line' id='line_1_78' title="bbox 2053 3284 3640 3356; baseline 0.002 -18"><span class='ocrx_word' id='word_1_518' title='bbox 2053 3284 2442 3339; x_wconf 85' lang='lat' dir='ltr'><strong>declinaverat.</strong></span> <span class='ocrx_word' id='word_1_519' title='bbox 2493 3284 2718 3356; x_wconf 87' lang='lat' dir='ltr'><strong>Insuper</strong></span> <span class='ocrx_word' id='word_1_520' title='bbox 2765 3293 2818 3340; x_wconf 89' lang='lat' dir='ltr'><strong>et</strong></span> <span class='ocrx_word' id='word_1_521' title='bbox 2864 3284 3167 3341; x_wconf 86' lang='lat' dir='ltr'><strong>Jerusalem</strong></span> <span class='ocrx_word' id='word_1_522' title='bbox 3219 3286 3483 3355; x_wconf 86' lang='lat' dir='ltr'><strong>deplorat,</strong></span> <span class='ocrx_word' id='word_1_523' title='bbox 3518 3301 3640 3356; x_wconf 74' lang='lat' dir='ltr'><strong>qua:</strong></span> 
     </span>
    </p>
   </div>
   <div class='ocr_carea' id='block_1_79' title="bbox 2052 3374 3642 3447">
    <p class='ocr_par' dir='ltr' id='par_1_79' title="bbox 2052 3374 3642 3447">
     <span class='ocr_line' id='line_1_79' title="bbox 2052 3374 3642 3447; baseline 0.001 -18"><span class='ocrx_word' id='word_1_524' title='bbox 2052 3374 2433 3433; x_wconf 86' lang='lat' dir='ltr'><strong>incredulitate</strong></span> <span class='ocrx_word' id='word_1_525' title='bbox 2474 3393 2571 3432; x_wconf 91' lang='lat' dir='ltr'><strong>sua</strong></span> <span class='ocrx_word' id='word_1_526' title='bbox 2614 3377 2840 3432; x_wconf 81' lang='lat' dir='ltr'><strong>exitium</strong></span> <span class='ocrx_word' id='word_1_527' title='bbox 2880 3379 2984 3434; x_wconf 89' lang='lat' dir='ltr'><strong>sibi</strong></span> <span class='ocrx_word' id='word_1_528' title='bbox 3028 3379 3401 3447; x_wconf 86' lang='lat' dir='ltr'><strong>comparabat,</strong></span> <span class='ocrx_word' id='word_1_529' title='bbox 3450 3385 3506 3431; x_wconf 88' lang='lat' dir='ltr'><strong>et</strong></span> <span class='ocrx_word' id='word_1_530' title='bbox 3545 3392 3642 3432; x_wconf 79' lang='lat' dir='ltr'><strong>su-</strong></span> 
     </span>
    </p>
   </div>
   <div class='ocr_carea' id='block_1_80' title="bbox 2052 3470 3637 3539">
    <p class='ocr_par' dir='ltr' id='par_1_80' title="bbox 2052 3470 3637 3539">
     <span class='ocr_line' id='line_1_80' title="bbox 2052 3470 3637 3539; baseline 0.003 -20"><span class='ocrx_word' id='word_1_531' title='bbox 2052 3482 2256 3537; x_wconf 81' lang='lat' dir='ltr'><strong>premae</strong></span> <span class='ocrx_word' id='word_1_532' title='bbox 2300 3471 2471 3524; x_wconf 67' lang='lat' dir='ltr'><strong>ruinae</strong></span> <span class='ocrx_word' id='word_1_533' title='bbox 2501 3470 2704 3526; x_wconf 85' lang='lat' dir='ltr'><strong>addicit</strong></span> <span class='ocrx_word' id='word_1_534' title='bbox 2753 3470 3010 3539; x_wconf 87' lang='lat' dir='ltr'><strong>templum</strong></span> <span class='ocrx_word' id='word_1_535' title='bbox 3059 3471 3189 3527; x_wconf 89' lang='lat' dir='ltr'><strong>olim</strong></span> <span class='ocrx_word' id='word_1_536' title='bbox 3239 3470 3637 3539; x_wconf 86' lang='lat' dir='ltr'><strong>famigeratum.</strong></span> 
     </span>
    </p>
   </div>
   <div class='ocr_carea' id='block_1_81' title="bbox 2055 3553 3644 3630">
    <p class='ocr_par' dir='ltr' id='par_1_81' title="bbox 2055 3553 3644 3630">
     <span class='ocr_line' id='line_1_81' title="bbox 2055 3553 3644 3630; baseline 0.003 -22"><span class='ocrx_word' id='word_1_537' title='bbox 2055 3553 2332 3610; x_wconf 88' lang='lat' dir='ltr'><strong>Patienter</strong></span> <span class='ocrx_word' id='word_1_538' title='bbox 2353 3575 2567 3628; x_wconf 90' lang='lat' dir='ltr'><strong>quoque</strong></span> <span class='ocrx_word' id='word_1_539' title='bbox 2597 3576 2657 3615; x_wconf 89' lang='lat' dir='ltr'><strong>se</strong></span> <span class='ocrx_word' id='word_1_540' title='bbox 2685 3560 2735 3614; x_wconf 92' lang='lat' dir='ltr'><strong>in</strong></span> <span class='ocrx_word' id='word_1_541' title='bbox 2761 3562 2944 3630; x_wconf 88' lang='lat' dir='ltr'><strong>capite</strong></span> <span class='ocrx_word' id='word_1_542' title='bbox 2968 3576 3283 3628; x_wconf 89' lang='lat' dir='ltr'><strong>percussum</strong></span> <span class='ocrx_word' id='word_1_543' title='bbox 3316 3559 3422 3613; x_wconf 84' lang='lat' dir='ltr'><strong>fert</strong></span> <span class='ocrx_word' id='word_1_544' title='bbox 3442 3560 3510 3615; x_wconf 89' lang='lat' dir='ltr'><strong>ab</strong></span> <span class='ocrx_word' id='word_1_545' title='bbox 3543 3558 3644 3614; x_wconf 85' lang='lat' dir='ltr'><strong>ho-</strong></span> 
     </span>
    </p>
   </div>
   <div class='ocr_carea' id='block_1_82' title="bbox 2056 3647 3642 3719">
    <p class='ocr_par' dir='ltr' id='par_1_82' title="bbox 2056 3647 3642 3719">
     <span class='ocr_line' id='line_1_82' title="bbox 2056 3647 3642 3719; baseline 0.003 -19"><span class='ocrx_word' id='word_1_546' title='bbox 2056 3647 2202 3701; x_wconf 90' lang='lat' dir='ltr'><strong>mine</strong></span> <span class='ocrx_word' id='word_1_547' title='bbox 2236 3649 2523 3717; x_wconf 90' lang='lat' dir='ltr'><strong>dupliciter</strong></span> <span class='ocrx_word' id='word_1_548' title='bbox 2570 3650 2777 3704; x_wconf 87' lang='lat' dir='ltr'><strong>servili.</strong></span> <span class='ocrx_word' id='word_1_549' title='bbox 2822 3651 3175 3719; x_wconf 82' lang='lat' dir='ltr'><strong>Exalapatus,</strong></span> <span class='ocrx_word' id='word_1_550' title='bbox 3211 3660 3525 3718; x_wconf 88' lang='lat' dir='ltr'><strong>consputus,</strong></span> <span class='ocrx_word' id='word_1_551' title='bbox 3560 3651 3642 3705; x_wconf 87' lang='lat' dir='ltr'><strong>vl-</strong></span> 
     </span>
    </p>
   </div>
   <div class='ocr_carea' id='block_1_83' title="bbox 2060 3740 3640 3810">
    <p class='ocr_par' dir='ltr' id='par_1_83' title="bbox 2060 3740 3640 3810">
     <span class='ocr_line' id='line_1_83' title="bbox 2060 3740 3640 3810; baseline 0.003 -19"><span class='ocrx_word' id='word_1_552' title='bbox 2060 3746 2359 3808; x_wconf 85' lang='lat' dir='ltr'><strong>tuperatus,</strong></span> <span class='ocrx_word' id='word_1_553' title='bbox 2396 3740 2759 3806; x_wconf 81' lang='lat' dir='ltr'><strong>excruciatus,</strong></span> <span class='ocrx_word' id='word_1_554' title='bbox 2807 3740 3130 3809; x_wconf 80' lang='lat' dir='ltr'><strong>ﬂagellatus,</strong></span> <span class='ocrx_word' id='word_1_555' title='bbox 3171 3750 3226 3796; x_wconf 91' lang='lat' dir='ltr'><strong>et</strong></span> <span class='ocrx_word' id='word_1_556' title='bbox 3268 3750 3541 3810; x_wconf 90' lang='lat' dir='ltr'><strong>postremo</strong></span> <span class='ocrx_word' id='word_1_557' title='bbox 3584 3742 3640 3796; x_wconf 85' lang='lat' dir='ltr'><strong>in</strong></span> 
     </span>
    </p>
   </div>
   <div class='ocr_carea' id='block_1_84' title="bbox 2059 3831 3641 3907">
    <p class='ocr_par' dir='ltr' id='par_1_84' title="bbox 2059 3831 3641 3907">
     <span class='ocr_line' id='line_1_84' title="bbox 2059 3831 3641 3907; baseline 0.001 -20"><span class='ocrx_word' id='word_1_558' title='bbox 2059 3847 2273 3888; x_wconf 91' lang='lat' dir='ltr'><strong>crucem</strong></span> <span class='ocrx_word' id='word_1_559' title='bbox 2302 3841 2477 3899; x_wconf 85' lang='lat' dir='ltr'><strong>actus,</strong></span> <span class='ocrx_word' id='word_1_560' title='bbox 2501 3842 2556 3887; x_wconf 89' lang='lat' dir='ltr'><strong>et</strong></span> <span class='ocrx_word' id='word_1_561' title='bbox 2585 3834 2762 3889; x_wconf 87' lang='lat' dir='ltr'><strong>socios</strong></span> <span class='ocrx_word' id='word_1_562' title='bbox 2784 3832 3033 3903; x_wconf 88' lang='lat' dir='ltr'><strong>supplicii</strong></span> <span class='ocrx_word' id='word_1_563' title='bbox 3055 3832 3345 3907; x_wconf 88' lang='lat' dir='ltr'><strong>admittens</strong></span> <span class='ocrx_word' id='word_1_564' title='bbox 3366 3831 3641 3902; x_wconf 81' lang='lat' dir='ltr'><strong>utrimque</strong></span> 
     </span>
    </p>
   </div>
   <div class='ocr_carea' id='block_1_85' title="bbox 2061 3922 3645 3995">
    <p class='ocr_par' dir='ltr' id='par_1_85' title="bbox 2061 3922 3645 3995">
     <span class='ocr_line' id='line_1_85' title="bbox 2061 3922 3645 3995; baseline 0.001 -18"><span class='ocrx_word' id='word_1_565' title='bbox 2061 3922 2317 3988; x_wconf 87' lang='lat' dir='ltr'><strong>latrones,</strong></span> <span class='ocrx_word' id='word_1_566' title='bbox 2363 3935 2418 3980; x_wconf 91' lang='lat' dir='ltr'><strong>et</strong></span> <span class='ocrx_word' id='word_1_567' title='bbox 2463 3940 2585 3980; x_wconf 91' lang='lat' dir='ltr'><strong>cum</strong></span> <span class='ocrx_word' id='word_1_568' title='bbox 2634 3924 2921 3981; x_wconf 88' lang='lat' dir='ltr'><strong>bomicidis</strong></span> <span class='ocrx_word' id='word_1_569' title='bbox 2951 3935 3114 3995; x_wconf 91' lang='lat' dir='ltr'><strong>atque</strong></span> <span class='ocrx_word' id='word_1_570' title='bbox 3143 3924 3385 3983; x_wconf 84' lang='lat' dir='ltr'><strong>scelestis</strong></span> <span class='ocrx_word' id='word_1_571' title='bbox 3422 3938 3645 3995; x_wconf 86' lang='lat' dir='ltr'><strong>compu-</strong></span> 
     </span>
    </p>
   </div>
   <div class='ocr_carea' id='block_1_86' title="bbox 2060 4016 3642 4089">
    <p class='ocr_par' dir='ltr' id='par_1_86' title="bbox 2060 4016 3642 4089">
     <span class='ocr_line' id='line_1_86' title="bbox 2060 4016 3642 4089; baseline -0.001 -18"><span class='ocrx_word' id='word_1_572' title='bbox 2060 4020 2229 4081; x_wconf 79' lang='lat' dir='ltr'><strong>tatus,</strong></span> <span class='ocrx_word' id='word_1_573' title='bbox 2262 4027 2584 4088; x_wconf 88' lang='lat' dir='ltr'><strong>acetumque</strong></span> <span class='ocrx_word' id='word_1_574' title='bbox 2630 4026 2681 4073; x_wconf 89' lang='lat' dir='ltr'><strong>et</strong></span> <span class='ocrx_word' id='word_1_575' title='bbox 2735 4017 2806 4074; x_wconf 86' lang='lat' dir='ltr'><strong>fel</strong></span> <span class='ocrx_word' id='word_1_576' title='bbox 2859 4034 2924 4074; x_wconf 83' lang='lat' dir='ltr'><strong>ex</strong></span> <span class='ocrx_word' id='word_1_577' title='bbox 2974 4018 3115 4073; x_wconf 87' lang='lat' dir='ltr'><strong>mala</strong></span> <span class='ocrx_word' id='word_1_578' title='bbox 3166 4018 3276 4073; x_wconf 87' lang='lat' dir='ltr'><strong>vite</strong></span> <span class='ocrx_word' id='word_1_579' title='bbox 3320 4016 3642 4089; x_wconf 86' lang='lat' dir='ltr'><strong>percipiens,</strong></span> 
     </span>
    </p>
   </div>
   <div class='ocr_carea' id='block_1_87' title="bbox 2063 4107 3642 4181">
    <p class='ocr_par' dir='ltr' id='par_1_87' title="bbox 2063 4107 3642 4181">
     <span class='ocr_line' id='line_1_87' title="bbox 2063 4107 3642 4181; baseline -0.001 -18"><span class='ocrx_word' id='word_1_580' title='bbox 2063 4107 2339 4178; x_wconf 85' lang='lat' dir='ltr'><strong>spinisque</strong></span> <span class='ocrx_word' id='word_1_581' title='bbox 2374 4124 2472 4178; x_wconf 94' lang='lat' dir='ltr'><strong>pro</strong></span> <span class='ocrx_word' id='word_1_582' title='bbox 2505 4108 2818 4180; x_wconf 87' lang='lat' dir='ltr'><strong>palmitibus</strong></span> <span class='ocrx_word' id='word_1_583' title='bbox 2850 4120 3013 4181; x_wconf 88' lang='lat' dir='ltr'><strong>atque</strong></span> <span class='ocrx_word' id='word_1_584' title='bbox 3053 4111 3288 4166; x_wconf 87' lang='lat' dir='ltr'><strong>racemis</strong></span> <span class='ocrx_word' id='word_1_585' title='bbox 3328 4117 3642 4173; x_wconf 87' lang='lat' dir='ltr'><strong>coronatus,</strong></span> 
     </span>
    </p>
   </div>
   <div class='ocr_carea' id='block_1_88' title="bbox 2061 4200 3647 4273">
    <p class='ocr_par' dir='ltr' id='par_1_88' title="bbox 2061 4200 3647 4273">
     <span class='ocr_line' id='line_1_88' title="bbox 2061 4200 3647 4273; baseline 0.002 -20"><span class='ocrx_word' id='word_1_586' title='bbox 2061 4207 2116 4253; x_wconf 88' lang='lat' dir='ltr'><strong>et</strong></span> <span class='ocrx_word' id='word_1_587' title='bbox 2164 4214 2400 4270; x_wconf 91' lang='lat' dir='ltr'><strong>purpura</strong></span> <span class='ocrx_word' id='word_1_588' title='bbox 2453 4200 2666 4267; x_wconf 89' lang='lat' dir='ltr'><strong>illusus,</strong></span> <span class='ocrx_word' id='word_1_589' title='bbox 2722 4202 3040 4273; x_wconf 83' lang='lat' dir='ltr'><strong>calamoque</strong></span> <span class='ocrx_word' id='word_1_590' title='bbox 3094 4218 3401 4273; x_wconf 86' lang='lat' dir='ltr'><strong>percussus,</strong></span> <span class='ocrx_word' id='word_1_591' title='bbox 3458 4201 3647 4257; x_wconf 79' lang='lat' dir='ltr'><strong>lancea</strong></span> 
     </span>
    </p>
   </div>
   <div class='ocr_carea' id='block_1_89' title="bbox 2062 4290 3398 4366">
    <p class='ocr_par' dir='ltr' id='par_1_89' title="bbox 2062 4290 3398 4366">
     <span class='ocr_line' id='line_1_89' title="bbox 2062 4290 3398 4366; baseline 0.003 -20"><span class='ocrx_word' id='word_1_592' title='bbox 2062 4292 2204 4346; x_wconf 88' lang='lat' dir='ltr'><strong>latus</strong></span> <span class='ocrx_word' id='word_1_593' title='bbox 2236 4290 2537 4361; x_wconf 88' lang='lat' dir='ltr'><strong>perfossus,</strong></span> <span class='ocrx_word' id='word_1_594' title='bbox 2566 4301 2619 4347; x_wconf 91' lang='lat' dir='ltr'><strong>et</strong></span> <span class='ocrx_word' id='word_1_595' title='bbox 2652 4292 2887 4365; x_wconf 90' lang='lat' dir='ltr'><strong>denique</strong></span> <span class='ocrx_word' id='word_1_596' title='bbox 2914 4294 3163 4366; x_wconf 84' lang='lat' dir='ltr'><strong>sepulcro</strong></span> <span class='ocrx_word' id='word_1_597' title='bbox 3193 4293 3398 4350; x_wconf 88' lang='lat' dir='ltr'><strong>illatus.</strong></span> 
     </span>
    </p>
   </div>
   <div class='ocr_carea' id='block_1_90' title="bbox 2059 4380 3650 4459">
    <p class='ocr_par' dir='ltr' id='par_1_90' title="bbox 2059 4380 3650 4459">
     <span class='ocr_line' id='line_1_90' title="bbox 2059 4380 3650 4459; baseline 0.001 -24"><span class='ocrx_word' id='word_1_598' title='bbox 2059 4383 2152 4435; x_wconf 78' lang='grc' dir='ltr'>καὶ</span> <span class='ocrx_word' id='word_1_599' title='bbox 2202 4380 2434 4455; x_wconf 83' lang='grc' dir='ltr'>καλάμῳ</span> <span class='ocrx_word' id='word_1_600' title='bbox 2490 4383 2825 4455; x_wconf 86' lang='grc' dir='ltr'>παιόμενος,</span> <span class='ocrx_word' id='word_1_601' title='bbox 2877 4386 2971 4440; x_wconf 76' lang='grc' dir='ltr'><strong>καὶ</strong></span> <span class='ocrx_word' id='word_1_602' title='bbox 3034 4386 3209 4459; x_wconf 78' lang='grc' dir='ltr'>λόγχῃ</span> <span class='ocrx_word' id='word_1_603' title='bbox 3256 4384 3357 4458; x_wconf 80' lang='grc' dir='ltr'>τὴν</span> <span class='ocrx_word' id='word_1_604' title='bbox 3405 4383 3650 4455; x_wconf 82' lang='grc' dir='ltr'>πλευρὰν</span> 
     </span>
    </p>
   </div>
   <div class='ocr_carea' id='block_1_91' title="bbox 420 4589 1947 4669">
    <p class='ocr_par' dir='ltr' id='par_1_91' title="bbox 420 4597 1924 4669">
     <span class='ocr_line' id='line_1_91' title="bbox 420 4597 1924 4669; baseline -0.005 -11"><span class='ocrx_word' id='word_1_605' title='bbox 420 4603 543 4658; x_wconf 79' lang='grc' dir='ltr'><strong>ΚΖ’.</strong></span> <span class='ocrx_word' id='word_1_606' title='bbox 584 4603 678 4669; x_wconf 80' lang='grc' dir='ltr'>Τίς</span> <span class='ocrx_word' id='word_1_607' title='bbox 706 4602 827 4658; x_wconf 84' lang='grc' dir='ltr'>τῶν</span> <span class='ocrx_word' id='word_1_608' title='bbox 856 4600 1247 4658; x_wconf 79' lang='grc' dir='ltr'>Δεσποτικῶν</span> <span class='ocrx_word' id='word_1_609' title='bbox 1277 4597 1641 4668; x_wconf 78' lang='grc' dir='ltr'>παθημάτων</span> <span class='ocrx_word' id='word_1_610' title='bbox 1670 4599 1709 4667; x_wconf 81' lang='grc' dir='ltr'>ἠ</span> <span class='ocrx_word' id='word_1_611' title='bbox 1743 4597 1924 4651; x_wconf 83' lang='grc' dir='ltr'>αίτία.</span> 
     </span>
    </p>
   </div>
   <div class='ocr_carea' id='block_1_92' title="bbox 2051 4589 3649 4669">
    <p class='ocr_par' dir='ltr' id='par_1_92' title="bbox 2064 4589 3649 4660">
     <span class='ocr_line' id='line_1_92' title="bbox 2064 4589 3649 4660; baseline -0.003 -12"><span class='ocrx_word' id='word_1_612' title='bbox 2064 4592 2279 4649; x_wconf 79' lang='lat' dir='ltr'><strong>XXVII.</strong></span> <span class='ocrx_word' id='word_1_613' title='bbox 2322 4592 2578 4659; x_wconf 69' lang='lat' dir='ltr'><strong>Quanam</strong></span> <span class='ocrx_word' id='word_1_614' title='bbox 2619 4592 2912 4647; x_wconf 68' lang='lat' dir='ltr'><strong>Dominicw</strong></span> <span class='ocrx_word' id='word_1_615' title='bbox 2949 4590 3212 4658; x_wconf 82' lang='lat' dir='ltr'><strong>passionis</strong></span> <span class='ocrx_word' id='word_1_616' title='bbox 3257 4605 3420 4644; x_wconf 79' lang='lat' dir='ltr'><strong>causa</strong></span> <span class='ocrx_word' id='word_1_617' title='bbox 3463 4589 3649 4660; x_wconf 81' lang='lat' dir='ltr'><strong>fuerit.</strong></span> 
     </span>
    </p>
   </div>
   <div class='ocr_carea' id='block_1_93' title="bbox 465 4705 1963 4782">
    <p class='ocr_par' dir='ltr' id='par_1_93' title="bbox 465 4705 1963 4782">
     <span class='ocr_line' id='line_1_93' title="bbox 465 4705 1963 4782; baseline -0.005 -17"><span class='ocrx_word' id='word_1_618' title='bbox 465 4710 754 4782; x_wconf 81' lang='grc' dir='ltr'>’Υπέμεινε</span> <span class='ocrx_word' id='word_1_619' title='bbox 799 4710 860 4763; x_wconf 72' lang='grc' dir='ltr'>δὲ</span> <span class='ocrx_word' id='word_1_620' title='bbox 886 4710 1081 4773; x_wconf 78' lang='grc' dir='ltr'>ταῦτα,</span> <span class='ocrx_word' id='word_1_621' title='bbox 1115 4709 1214 4779; x_wconf 83' lang='grc' dir='ltr'>τὴν</span> <span class='ocrx_word' id='word_1_622' title='bbox 1248 4709 1523 4780; x_wconf 84' lang='grc' dir='ltr'>ἡμετέραν</span> <span class='ocrx_word' id='word_1_623' title='bbox 1570 4705 1963 4777; x_wconf 84' lang='grc' dir='ltr'>μηχανώμενος</span> 
     </span>
    </p>
   </div>
   <div class='ocr_carea' id='block_1_94' title="bbox 384 4796 1963 4875">
    <p class='ocr_par' dir='ltr' id='par_1_94' title="bbox 384 4796 1963 4875">
     <span class='ocr_line' id='line_1_94' title="bbox 384 4796 1963 4875; baseline -0.006 -14"><span class='ocrx_word' id='word_1_624' title='bbox 384 4803 660 4875; x_wconf 83' lang='grc' dir='ltr'>σωτηρίαν</span> <span class='ocrx_word' id='word_1_625' title='bbox 680 4817 696 4833; x_wconf 76' lang='grc' dir='ltr'><strong><em>ο</em></strong></span> <span class='ocrx_word' id='word_1_626' title='bbox 727 4802 917 4872; x_wconf 71' lang='grc' dir='ltr'>ἐπειδὴ</span> <span class='ocrx_word' id='word_1_627' title='bbox 949 4803 1059 4871; x_wconf 87' lang='grc' dir='ltr'><strong>γὰρ</strong></span> <span class='ocrx_word' id='word_1_628' title='bbox 1089 4801 1139 4852; x_wconf 77' lang='lat' dir='ltr'><strong>oi</strong></span> <span class='ocrx_word' id='word_1_629' title='bbox 1167 4802 1234 4870; x_wconf 78' lang='grc' dir='ltr'>τῇ</span> <span class='ocrx_word' id='word_1_630' title='bbox 1284 4796 1530 4869; x_wconf 77' lang='grc' dir='ltr'>ἁμαρτίᾳ</span> <span class='ocrx_word' id='word_1_631' title='bbox 1571 4797 1963 4862; x_wconf 82' lang='grc' dir='ltr'>δουλεύσαντες</span> 
     </span>
    </p>
   </div>
   <div class='ocr_carea' id='block_1_95' title="bbox 384 4888 1959 4964">
    <p class='ocr_par' dir='ltr' id='par_1_95' title="bbox 384 4888 1959 4964">
     <span class='ocr_line' id='line_1_95' title="bbox 384 4888 1959 4964; baseline -0.006 -14"><span class='ocrx_word' id='word_1_632' title='bbox 384 4899 495 4958; x_wconf 77' lang='grc' dir='ltr'>τοῖς</span> <span class='ocrx_word' id='word_1_633' title='bbox 527 4892 824 4964; x_wconf 76' lang='grc' dir='ltr'>ἐπιτιμίοις</span> <span class='ocrx_word' id='word_1_634' title='bbox 858 4889 1152 4944; x_wconf 83' lang='grc' dir='ltr'>ὑπεύθυνοι</span> <span class='ocrx_word' id='word_1_635' title='bbox 1196 4889 1294 4958; x_wconf 81' lang='grc' dir='ltr'>τῆς</span> <span class='ocrx_word' id='word_1_636' title='bbox 1339 4888 1614 4959; x_wconf 84' lang='grc' dir='ltr'>ἁμαρτίας</span> <span class='ocrx_word' id='word_1_637' title='bbox 1640 4888 1959 4959; x_wconf 76' lang='grc' dir='ltr'>ἐτύγχανον,</span> 
     </span>
    </p>
   </div>
   <div class='ocr_carea' id='block_1_96' title="bbox 386 4977 1964 5056">
    <p class='ocr_par' dir='ltr' id='par_1_96' title="bbox 386 4977 1964 5056">
     <span class='ocr_line' id='line_1_96' title="bbox 386 4977 1964 5056; baseline -0.006 -15"><span class='ocrx_word' id='word_1_638' title='bbox 386 4985 547 5047; x_wconf 75' lang='grc' dir='ltr'>αὐτὸς</span> <span class='ocrx_word' id='word_1_639' title='bbox 570 4983 848 5056; x_wconf 80' lang='grc' dir='ltr'>ἁμαρτίας</span> <span class='ocrx_word' id='word_1_640' title='bbox 879 4979 1322 5054; x_wconf 85' lang='grc' dir='ltr'>ἀπηλλαγμένος,</span> <span class='ocrx_word' id='word_1_641' title='bbox 1362 4978 1459 5032; x_wconf 78' lang='grc' dir='ltr'><strong>καὶ</strong></span> <span class='ocrx_word' id='word_1_642' title='bbox 1482 4978 1570 5032; x_wconf 80' lang='grc' dir='ltr'>διὰ</span> <span class='ocrx_word' id='word_1_643' title='bbox 1594 4978 1774 5050; x_wconf 84' lang='grc' dir='ltr'>πάσης</span> <span class='ocrx_word' id='word_1_644' title='bbox 1814 4977 1964 5033; x_wconf 87' lang='grc' dir='ltr'>όδεύ-</span> 
     </span>
    </p>
   </div>
   <div class='ocr_carea' id='block_1_97' title="bbox 389 5069 1967 5147">
    <p class='ocr_par' dir='ltr' id='par_1_97' title="bbox 389 5069 1967 5147">
     <span class='ocr_line' id='line_1_97' title="bbox 389 5069 1967 5147; baseline -0.008 -14"><span class='ocrx_word' id='word_1_645' title='bbox 389 5096 490 5143; x_wconf 87' lang='grc' dir='ltr'><strong>σας</strong></span> <span class='ocrx_word' id='word_1_646' title='bbox 537 5076 905 5147; x_wconf 87' lang='grc' dir='ltr'>δικαιοσύνης,</span> <span class='ocrx_word' id='word_1_647' title='bbox 945 5074 1045 5145; x_wconf 86' lang='grc' dir='ltr'>τὴν</span> <span class='ocrx_word' id='word_1_648' title='bbox 1095 5072 1205 5127; x_wconf 88' lang='grc' dir='ltr'><strong>τῶν</strong></span> <span class='ocrx_word' id='word_1_649' title='bbox 1255 5069 1597 5141; x_wconf 82' lang='grc' dir='ltr'>ἁμαρτωλῶν</span> <span class='ocrx_word' id='word_1_650' title='bbox 1644 5069 1967 5134; x_wconf 81' lang='grc' dir='ltr'>κατεδέξατο</span> 
     </span>
    </p>
   </div>
   <div class='ocr_carea' id='block_1_98' title="bbox 388 5159 1968 5243">
    <p class='ocr_par' dir='ltr' id='par_1_98' title="bbox 388 5159 1968 5243">
     <span class='ocr_line' id='line_1_98' title="bbox 388 5159 1968 5243; baseline -0.008 -19"><span class='ocrx_word' id='word_1_651' title='bbox 388 5170 680 5243; x_wconf 84' lang='grc' dir='ltr'>τιμωρίαν,</span> <span class='ocrx_word' id='word_1_652' title='bbox 713 5167 802 5222; x_wconf 79' lang='grc' dir='ltr'>διὰ</span> <span class='ocrx_word' id='word_1_653' title='bbox 834 5168 934 5238; x_wconf 82' lang='grc' dir='ltr'>μὲν</span> <span class='ocrx_word' id='word_1_654' title='bbox 974 5164 1071 5219; x_wconf 81' lang='grc' dir='ltr'>τοῦ</span> <span class='ocrx_word' id='word_1_655' title='bbox 1120 5161 1375 5233; x_wconf 83' lang='grc' dir='ltr'>σταυροῦ,</span> <span class='ocrx_word' id='word_1_656' title='bbox 1405 5161 1505 5232; x_wconf 80' lang='grc' dir='ltr'>τῆς</span> <span class='ocrx_word' id='word_1_657' title='bbox 1551 5159 1786 5223; x_wconf 78' lang='grc' dir='ltr'>παλαιᾶς</span> <span class='ocrx_word' id='word_1_658' title='bbox 1832 5176 1968 5214; x_wconf 80' lang='grc' dir='ltr'>κατ-</span> 
     </span>
    </p>
   </div>
   <div class='ocr_carea' id='block_1_99' title="bbox 390 5251 1963 5335">
    <p class='ocr_par' dir='ltr' id='par_1_99' title="bbox 390 5251 1963 5335">
     <span class='ocr_line' id='line_1_99' title="bbox 390 5251 1963 5335; baseline -0.009 -17"><span class='ocrx_word' id='word_1_659' title='bbox 390 5264 530 5335; x_wconf 84' lang='grc' dir='ltr'>άρας</span> <span class='ocrx_word' id='word_1_660' title='bbox 582 5260 682 5329; x_wconf 86' lang='grc' dir='ltr'>τὴν</span> <span class='ocrx_word' id='word_1_661' title='bbox 725 5259 999 5329; x_wconf 77' lang='grc' dir='ltr'>ἀπόφασιν</span> <span class='ocrx_word' id='word_1_662' title='bbox 1040 5258 1182 5310; x_wconf 82' lang='grc' dir='ltr'>λύων</span> <span class='ocrx_word' id='word_1_663' title='bbox 1227 5273 1246 5306; x_wconf 83' lang='grc' dir='ltr'><strong>ι</strong></span> <span class='ocrx_word' id='word_1_664' title='bbox 1280 5252 1552 5325; x_wconf 82' lang='grc' dir='ltr'>(Χριστὸς</span> <span class='ocrx_word' id='word_1_665' title='bbox 1597 5251 1728 5322; x_wconf 82' lang='grc' dir='ltr'>γὰρ,</span> <span class='ocrx_word' id='word_1_666' title='bbox 1779 5252 1963 5323; x_wconf 69' lang='grc' dir='ltr'>φησιν,</span> 
     </span>
    </p>
   </div>
   <div class='ocr_carea' id='block_1_100' title="bbox 390 5344 1969 5424">
    <p class='ocr_par' dir='ltr' id='par_1_100' title="bbox 390 5344 1969 5424">
     <span class='ocr_line' id='line_1_100' title="bbox 390 5344 1969 5424; baseline -0.009 -14"><span class='ocrx_word' id='word_1_667' title='bbox 390 5352 723 5424; x_wconf 71' lang='grc' dir='ltr'>ἐξηγόρασεν</span> <span class='ocrx_word' id='word_1_668' title='bbox 747 5352 894 5423; x_wconf 79' lang='grc' dir='ltr'>ἡμᾶς</span> <span class='ocrx_word' id='word_1_669' title='bbox 923 5352 988 5404; x_wconf 74' lang='grc' dir='ltr'>ἐκ</span> <span class='ocrx_word' id='word_1_670' title='bbox 1024 5348 1125 5419; x_wconf 87' lang='grc' dir='ltr'>τῆς</span> <span class='ocrx_word' id='word_1_671' title='bbox 1167 5347 1413 5418; x_wconf 86' lang='grc' dir='ltr'>κατάρας</span> <span class='ocrx_word' id='word_1_672' title='bbox 1453 5344 1550 5397; x_wconf 83' lang='grc' dir='ltr'>τοῦ</span> <span class='ocrx_word' id='word_1_673' title='bbox 1593 5344 1782 5416; x_wconf 89' lang='grc' dir='ltr'>νόμου,</span> <span class='ocrx_word' id='word_1_674' title='bbox 1813 5345 1969 5414; x_wconf 81' lang='grc' dir='ltr'>γενό-</span> 
     </span>
    </p>
   </div>
   <div class='ocr_carea' id='block_1_101' title="bbox 394 5437 1969 5517">
    <p class='ocr_par' dir='ltr' id='par_1_101' title="bbox 394 5437 1969 5517">
     <span class='ocr_line' id='line_1_101' title="bbox 394 5437 1969 5517; baseline -0.005 -18"><span class='ocrx_word' id='word_1_675' title='bbox 394 5462 551 5517; x_wconf 82' lang='grc' dir='ltr'>μενος</span> <span class='ocrx_word' id='word_1_676' title='bbox 614 5445 755 5517; x_wconf 75' lang='grc' dir='ltr'>ὑπὲρ</span> <span class='ocrx_word' id='word_1_677' title='bbox 790 5444 946 5515; x_wconf 80' lang='grc' dir='ltr'>ἡμῶν</span> <span class='ocrx_word' id='word_1_678' title='bbox 982 5441 1228 5512; x_wconf 83' lang='grc' dir='ltr'>κατάρα·</span> <span class='ocrx_word' id='word_1_679' title='bbox 1284 5438 1596 5510; x_wconf 81' lang='grc' dir='ltr'>γέγραπται</span> <span class='ocrx_word' id='word_1_680' title='bbox 1645 5437 1774 5510; x_wconf 82' lang='grc' dir='ltr'>γάρ’</span> <span class='ocrx_word' id='word_1_681' title='bbox 1817 5439 1969 5492; x_wconf 80' lang='grc' dir='ltr'>Ἐπιε-</span> 
     </span>
    </p>
   </div>
   <div class='ocr_carea' id='block_1_102' title="bbox 390 5529 1965 5607">
    <p class='ocr_par' dir='ltr' id='par_1_102' title="bbox 390 5529 1965 5607">
     <span class='ocr_line' id='line_1_102' title="bbox 390 5529 1965 5607; baseline -0.003 -17"><span class='ocrx_word' id='word_1_682' title='bbox 390 5536 706 5607; x_wconf 77' lang='grc' dir='ltr'>κατάρατος</span> <span class='ocrx_word' id='word_1_683' title='bbox 738 5537 845 5599; x_wconf 80' lang='grc' dir='ltr'><strong>πᾶς</strong></span> <span class='ocrx_word' id='word_1_684' title='bbox 865 5536 894 5588; x_wconf 90' lang='grc' dir='ltr'><strong>ό</strong></span> <span class='ocrx_word' id='word_1_685' title='bbox 915 5533 1261 5605; x_wconf 84' lang='grc' dir='ltr'>κρεμάμενος</span> <span class='ocrx_word' id='word_1_686' title='bbox 1293 5532 1348 5583; x_wconf 83' lang='grc' dir='ltr'>ὲν</span> <span class='ocrx_word' id='word_1_687' title='bbox 1388 5529 1535 5601; x_wconf 82' lang='grc' dir='ltr'>ξύλῳ</span> <span class='ocrx_word' id='word_1_688' title='bbox 1559 5529 1629 5601; x_wconf 71' lang='grc' dir='ltr'><strong>ι),</strong></span> <span class='ocrx_word' id='word_1_689' title='bbox 1650 5529 1737 5584; x_wconf 86' lang='grc' dir='ltr'><strong>διά</strong></span> <span class='ocrx_word' id='word_1_690' title='bbox 1762 5529 1819 5584; x_wconf 63' lang='grc' dir='ltr'>δὲ</span> <span class='ocrx_word' id='word_1_691' title='bbox 1858 5530 1965 5587; x_wconf 87' lang='grc' dir='ltr'><strong>τῶν</strong></span> 
     </span>
    </p>
   </div>
   <div class='ocr_carea' id='block_1_103' title="bbox 463 5709 1638 5778">
    <p class='ocr_par' dir='ltr' id='par_1_103' title="bbox 463 5709 1638 5778">
     <span class='ocr_line' id='line_1_103' title="bbox 463 5709 1638 5778; baseline -0.008 -7"><span class='ocrx_word' id='word_1_692' title='bbox 463 5715 509 5749; x_wconf 79' lang='grc'><strong>⁸⁸</strong></span> <span class='ocrx_word' id='word_1_693' title='bbox 537 5712 692 5771; x_wconf 75' lang='lat' dir='ltr'><strong>Joan.</strong></span> <span class='ocrx_word' id='word_1_694' title='bbox 730 5727 883 5778; x_wconf 79' lang='lat' dir='ltr'><strong>xvm,</strong></span> <span class='ocrx_word' id='word_1_695' title='bbox 917 5711 969 5767; x_wconf 85' lang='lat'><strong>6.</strong></span> <span class='ocrx_word' id='word_1_696' title='bbox 1042 5712 1081 5744; x_wconf 81' lang='lat'><strong>&quot;</strong></span> <span class='ocrx_word' id='word_1_697' title='bbox 1110 5711 1283 5766; x_wconf 84' lang='lat' dir='ltr'><strong>Galat.</strong></span> <span class='ocrx_word' id='word_1_698' title='bbox 1317 5724 1399 5773; x_wconf 82' lang='grc' dir='ltr'>ιιι.</span> <span class='ocrx_word' id='word_1_699' title='bbox 1439 5709 1518 5777; x_wconf 76' lang='lat' dir='ltr'><strong>l3,</strong></span> <span class='ocrx_word' id='word_1_700' title='bbox 1556 5709 1638 5763; x_wconf 70' lang='lat' dir='ltr'><strong>ll.</strong></span> 
     </span>
    </p>
   </div>
   <div class='ocr_carea' id='block_1_104' title="bbox 2142 4702 3651 4775">
    <p class='ocr_par' dir='ltr' id='par_1_104' title="bbox 2142 4702 3651 4775">
     <span class='ocr_line' id='line_1_104' title="bbox 2142 4702 3651 4775; baseline -0.003 -14"><span class='ocrx_word' id='word_1_701' title='bbox 2142 4706 2267 4763; x_wconf 59' lang='grc' dir='ltr'>ξιτεδ</span> <span class='ocrx_word' id='word_1_702' title='bbox 2296 4716 2475 4762; x_wconf 90' lang='lat' dir='ltr'><strong>autem</strong></span> <span class='ocrx_word' id='word_1_703' title='bbox 2508 4719 2798 4775; x_wconf 87' lang='lat' dir='ltr'><strong>perpessus</strong></span> <span class='ocrx_word' id='word_1_704' title='bbox 2831 4711 2938 4768; x_wconf 90' lang='lat' dir='ltr'><strong>est,</strong></span> <span class='ocrx_word' id='word_1_705' title='bbox 2971 4704 3096 4759; x_wconf 90' lang='lat' dir='ltr'><strong>dum</strong></span> <span class='ocrx_word' id='word_1_706' title='bbox 3135 4702 3297 4758; x_wconf 88' lang='lat' dir='ltr'><strong>saluti</strong></span> <span class='ocrx_word' id='word_1_707' title='bbox 3333 4710 3531 4756; x_wconf 66' lang='lat' dir='ltr'><strong>nostra:</strong></span> <span class='ocrx_word' id='word_1_708' title='bbox 3559 4702 3651 4757; x_wconf 84' lang='lat' dir='ltr'><strong>dat</strong></span> 
     </span>
    </p>
   </div>
   <div class='ocr_carea' id='block_1_105' title="bbox 2067 4794 3649 4869">
    <p class='ocr_par' dir='ltr' id='par_1_105' title="bbox 2067 4794 3649 4869">
     <span class='ocr_line' id='line_1_105' title="bbox 2067 4794 3649 4869; baseline -0.003 -16"><span class='ocrx_word' id='word_1_709' title='bbox 2067 4813 2310 4869; x_wconf 77' lang='lat' dir='ltr'><strong>cperam.</strong></span> <span class='ocrx_word' id='word_1_710' title='bbox 2344 4796 2475 4851; x_wconf 84' lang='lat' dir='ltr'><strong>Nam</strong></span> <span class='ocrx_word' id='word_1_711' title='bbox 2496 4797 2623 4866; x_wconf 84' lang='lat' dir='ltr'><strong>quia</strong></span> <span class='ocrx_word' id='word_1_712' title='bbox 2657 4798 2694 4850; x_wconf 88' lang='lat' dir='ltr'><strong>ii</strong></span> <span class='ocrx_word' id='word_1_713' title='bbox 2722 4796 2814 4866; x_wconf 87' lang='lat' dir='ltr'><strong>qui</strong></span> <span class='ocrx_word' id='word_1_714' title='bbox 2844 4803 3067 4866; x_wconf 85' lang='lat' dir='ltr'><strong>peccato</strong></span> <span class='ocrx_word' id='word_1_715' title='bbox 3088 4794 3415 4860; x_wconf 87' lang='lat' dir='ltr'><strong>servierant,</strong></span> <span class='ocrx_word' id='word_1_716' title='bbox 3440 4794 3649 4864; x_wconf 87' lang='lat' dir='ltr'><strong>peccati</strong></span> 
     </span>
    </p>
   </div>
   <div class='ocr_carea' id='block_1_106' title="bbox 2022 4883 3676 4961">
    <p class='ocr_par' dir='ltr' id='par_1_106' title="bbox 2022 4883 3676 4961">
     <span class='ocr_line' id='line_1_106' title="bbox 2022 4883 3676 4961; baseline -0.004 -15"><span class='ocrx_word' id='word_1_717' title='bbox 2022 4956 2027 4961; x_wconf 90' lang='lat'><strong><em>_</em></strong></span> <span class='ocrx_word' id='word_1_718' title='bbox 2068 4890 2242 4961; x_wconf 64' lang='lat' dir='ltr'><strong>poenis</strong></span> <span class='ocrx_word' id='word_1_719' title='bbox 2273 4888 2396 4943; x_wconf 87' lang='lat' dir='ltr'><strong>facti</strong></span> <span class='ocrx_word' id='word_1_720' title='bbox 2426 4896 2585 4943; x_wconf 87' lang='lat' dir='ltr'><strong>erant</strong></span> <span class='ocrx_word' id='word_1_721' title='bbox 2603 4887 2847 4952; x_wconf 79' lang='lat' dir='ltr'><strong>obnoxii,</strong></span> <span class='ocrx_word' id='word_1_722' title='bbox 2880 4885 2997 4957; x_wconf 86' lang='lat' dir='ltr'><strong>ipse</strong></span> <span class='ocrx_word' id='word_1_723' title='bbox 3024 4885 3172 4941; x_wconf 91' lang='lat' dir='ltr'><strong>omni</strong></span> <span class='ocrx_word' id='word_1_724' title='bbox 3204 4893 3428 4954; x_wconf 88' lang='lat' dir='ltr'><strong>peccato</strong></span> <span class='ocrx_word' id='word_1_725' title='bbox 3452 4883 3676 4939; x_wconf 68' lang='lat' dir='ltr'><strong>immu—i</strong></span> 
     </span>
    </p>
   </div>
   <div class='ocr_carea' id='block_1_107' title="bbox 2069 4975 3657 5050">
    <p class='ocr_par' dir='ltr' id='par_1_107' title="bbox 2069 4975 3657 5050">
     <span class='ocr_line' id='line_1_107' title="bbox 2069 4975 3657 5050; baseline -0.004 -13"><span class='ocrx_word' id='word_1_726' title='bbox 2069 4982 2176 5048; x_wconf 82' lang='lat' dir='ltr'><strong>nis,</strong></span> <span class='ocrx_word' id='word_1_727' title='bbox 2213 4991 2267 5037; x_wconf 87' lang='lat' dir='ltr'><strong>et</strong></span> <span class='ocrx_word' id='word_1_728' title='bbox 2294 4981 2386 5050; x_wconf 90' lang='lat' dir='ltr'><strong>qui</strong></span> <span class='ocrx_word' id='word_1_729' title='bbox 2423 4978 2599 5035; x_wconf 90' lang='lat' dir='ltr'><strong>omnis</strong></span> <span class='ocrx_word' id='word_1_730' title='bbox 2637 4978 2864 5046; x_wconf 67' lang='lat' dir='ltr'><strong>iustitiae</strong></span> <span class='ocrx_word' id='word_1_731' title='bbox 2903 4993 3119 5033; x_wconf 90' lang='lat' dir='ltr'><strong>cursum</strong></span> <span class='ocrx_word' id='word_1_732' title='bbox 3165 4975 3494 5043; x_wconf 87' lang='lat' dir='ltr'><strong>confecerat,</strong></span> <span class='ocrx_word' id='word_1_733' title='bbox 3529 4990 3657 5045; x_wconf 83' lang='lat' dir='ltr'><strong>peo-</strong></span> 
     </span>
    </p>
   </div>
   <div class='ocr_carea' id='block_1_108' title="bbox 2072 5068 3651 5143">
    <p class='ocr_par' dir='ltr' id='par_1_108' title="bbox 2072 5068 3651 5143">
     <span class='ocr_line' id='line_1_108' title="bbox 2072 5068 3651 5143; baseline -0.003 -15"><span class='ocrx_word' id='word_1_734' title='bbox 2072 5073 2312 5129; x_wconf 79' lang='lat' dir='ltr'><strong>cantium</strong></span> <span class='ocrx_word' id='word_1_735' title='bbox 2338 5072 2661 5143; x_wconf 86' lang='lat' dir='ltr'><strong>supplicium</strong></span> <span class='ocrx_word' id='word_1_736' title='bbox 2700 5070 2891 5138; x_wconf 88' lang='lat' dir='ltr'><strong>subiit,</strong></span> <span class='ocrx_word' id='word_1_737' title='bbox 2926 5069 3127 5125; x_wconf 89' lang='lat' dir='ltr'><strong>veteris</strong></span> <span class='ocrx_word' id='word_1_738' title='bbox 3161 5068 3433 5139; x_wconf 85' lang='lat' dir='ltr'><strong>maledicti</strong></span> <span class='ocrx_word' id='word_1_739' title='bbox 3459 5068 3651 5123; x_wconf 85' lang='lat' dir='ltr'><strong>decre-</strong></span> 
     </span>
    </p>
   </div>
   <div class='ocr_carea' id='block_1_109' title="bbox 2075 5158 3654 5229">
    <p class='ocr_par' dir='ltr' id='par_1_109' title="bbox 2075 5158 3654 5229">
     <span class='ocr_line' id='line_1_109' title="bbox 2075 5158 3654 5229; baseline -0.002 -13"><span class='ocrx_word' id='word_1_740' title='bbox 2075 5172 2185 5216; x_wconf 92' lang='lat' dir='ltr'><strong>tum</strong></span> <span class='ocrx_word' id='word_1_741' title='bbox 2214 5176 2377 5217; x_wconf 89' lang='lat' dir='ltr'><strong>cruce</strong></span> <span class='ocrx_word' id='word_1_742' title='bbox 2400 5177 2495 5217; x_wconf 87' lang='lat' dir='ltr'><strong>sua</strong></span> <span class='ocrx_word' id='word_1_743' title='bbox 2526 5160 2734 5217; x_wconf 82' lang='lat' dir='ltr'><strong>deleas.</strong></span> <span class='ocrx_word' id='word_1_744' title='bbox 2766 5180 2784 5213; x_wconf 84' lang='grc' dir='ltr'><strong>ι</strong></span> <span class='ocrx_word' id='word_1_745' title='bbox 2803 5159 3059 5216; x_wconf 86' lang='lat' dir='ltr'><strong>Christus</strong></span> <span class='ocrx_word' id='word_1_746' title='bbox 3083 5160 3251 5225; x_wconf 90' lang='lat' dir='ltr'><strong>enim,</strong></span> <span class='ocrx_word' id='word_1_747' title='bbox 3277 5159 3455 5229; x_wconf 90' lang='lat' dir='ltr'><strong>inquit</strong></span> <span class='ocrx_word' id='word_1_748' title='bbox 3487 5158 3654 5229; x_wconf 81' lang='lat' dir='ltr'><strong>(Pau-</strong></span> 
     </span>
    </p>
   </div>
   <div class='ocr_carea' id='block_1_110' title="bbox 2075 5251 3652 5325">
    <p class='ocr_par' dir='ltr' id='par_1_110' title="bbox 2075 5251 3652 5325">
     <span class='ocr_line' id='line_1_110' title="bbox 2075 5251 3652 5325; baseline -0.003 -16"><span class='ocrx_word' id='word_1_749' title='bbox 2075 5254 2212 5325; x_wconf 89' lang='lat' dir='ltr'><strong>lus),</strong></span> <span class='ocrx_word' id='word_1_750' title='bbox 2246 5269 2344 5309; x_wconf 87' lang='lat' dir='ltr'><strong>nos</strong></span> <span class='ocrx_word' id='word_1_751' title='bbox 2372 5256 2604 5309; x_wconf 88' lang='lat' dir='ltr'><strong>redemit</strong></span> <span class='ocrx_word' id='word_1_752' title='bbox 2632 5254 2698 5310; x_wconf 90' lang='lat' dir='ltr'><strong>de</strong></span> <span class='ocrx_word' id='word_1_753' title='bbox 2728 5253 3016 5309; x_wconf 90' lang='lat' dir='ltr'><strong>maledicto</strong></span> <span class='ocrx_word' id='word_1_754' title='bbox 3046 5252 3202 5324; x_wconf 86' lang='lat' dir='ltr'><strong>legis,</strong></span> <span class='ocrx_word' id='word_1_755' title='bbox 3228 5251 3403 5307; x_wconf 87' lang='lat' dir='ltr'><strong>factus</strong></span> <span class='ocrx_word' id='word_1_756' title='bbox 3432 5266 3531 5321; x_wconf 90' lang='lat' dir='ltr'><strong>pro</strong></span> <span class='ocrx_word' id='word_1_757' title='bbox 3551 5267 3652 5306; x_wconf 78' lang='lat' dir='ltr'><strong>no—</strong></span> 
     </span>
    </p>
   </div>
   <div class='ocr_carea' id='block_1_111' title="bbox 2075 5341 3653 5416">
    <p class='ocr_par' dir='ltr' id='par_1_111' title="bbox 2075 5341 3653 5416">
     <span class='ocr_line' id='line_1_111' title="bbox 2075 5341 3653 5416; baseline -0.002 -14"><span class='ocrx_word' id='word_1_758' title='bbox 2075 5348 2160 5403; x_wconf 85' lang='lat' dir='ltr'><strong>bis</strong></span> <span class='ocrx_word' id='word_1_759' title='bbox 2202 5345 2550 5402; x_wconf 91' lang='lat' dir='ltr'><strong>maledictum</strong></span> <span class='ocrx_word' id='word_1_760' title='bbox 2588 5363 2602 5401; x_wconf 90' lang='lat'><strong>:</strong></span> <span class='ocrx_word' id='word_1_761' title='bbox 2651 5346 2781 5416; x_wconf 88' lang='lat' dir='ltr'><strong>quia</strong></span> <span class='ocrx_word' id='word_1_762' title='bbox 2834 5348 3096 5415; x_wconf 89' lang='lat' dir='ltr'><strong>scriptum</strong></span> <span class='ocrx_word' id='word_1_763' title='bbox 3143 5355 3227 5399; x_wconf 82' lang='lat' dir='ltr'><strong>est</strong></span> <span class='ocrx_word' id='word_1_764' title='bbox 3270 5361 3286 5400; x_wconf 90' lang='lat'><strong>:</strong></span> <span class='ocrx_word' id='word_1_765' title='bbox 3335 5341 3653 5399; x_wconf 77' lang='lat' dir='ltr'><strong>Maledictus</strong></span> 
     </span>
    </p>
   </div>
   <div class='ocr_carea' id='block_1_112' title="bbox 2073 5436 3650 5509">
    <p class='ocr_par' dir='ltr' id='par_1_112' title="bbox 2073 5436 3650 5509">
     <span class='ocr_line' id='line_1_112' title="bbox 2073 5436 3650 5509; baseline -0.006 -14"><span class='ocrx_word' id='word_1_766' title='bbox 2073 5437 2253 5495; x_wconf 89' lang='lat' dir='ltr'><strong>omnis</strong></span> <span class='ocrx_word' id='word_1_767' title='bbox 2281 5437 2375 5508; x_wconf 90' lang='lat' dir='ltr'><strong>qui</strong></span> <span class='ocrx_word' id='word_1_768' title='bbox 2412 5437 2607 5508; x_wconf 86' lang='lat' dir='ltr'><strong>pendet</strong></span> <span class='ocrx_word' id='word_1_769' title='bbox 2633 5438 2687 5492; x_wconf 94' lang='lat' dir='ltr'><strong>in</strong></span> <span class='ocrx_word' id='word_1_770' title='bbox 2720 5437 2869 5509; x_wconf 85' lang='lat' dir='ltr'><strong>ligno</strong></span> <span class='ocrx_word' id='word_1_771' title='bbox 2896 5438 2976 5503; x_wconf 82' lang='grc'><strong>⁸¹;</strong></span> <span class='ocrx_word' id='word_1_772' title='bbox 3016 5455 3036 5490; x_wconf 70' lang='grc' dir='ltr'><strong>ι</strong></span> <span class='ocrx_word' id='word_1_773' title='bbox 3067 5436 3253 5508; x_wconf 88' lang='lat' dir='ltr'><strong>spinea</strong></span> <span class='ocrx_word' id='word_1_774' title='bbox 3285 5450 3412 5490; x_wconf 89' lang='lat' dir='ltr'><strong>vero</strong></span> <span class='ocrx_word' id='word_1_775' title='bbox 3454 5447 3650 5488; x_wconf 87' lang='lat' dir='ltr'><strong>corona</strong></span> 
     </span>
    </p>
   </div>
   <div class='ocr_carea' id='block_1_113' title="bbox 2074 5528 3652 5602">
    <p class='ocr_par' dir='ltr' id='par_1_113' title="bbox 2074 5528 3652 5602">
     <span class='ocr_line' id='line_1_113' title="bbox 2074 5528 3652 5602; baseline -0.006 -15"><span class='ocrx_word' id='word_1_776' title='bbox 2074 5531 2234 5588; x_wconf 86' lang='lat' dir='ltr'><strong>linem</strong></span> <span class='ocrx_word' id='word_1_777' title='bbox 2260 5530 2451 5587; x_wconf 85' lang='lat' dir='ltr'><strong>Adami</strong></span> <span class='ocrx_word' id='word_1_778' title='bbox 2477 5529 2755 5602; x_wconf 87' lang='lat' dir='ltr'><strong>suppliciis</strong></span> <span class='ocrx_word' id='word_1_779' title='bbox 2780 5533 3083 5601; x_wconf 88' lang='lat' dir='ltr'><strong>imponens.</strong></span> <span class='ocrx_word' id='word_1_780' title='bbox 3124 5528 3341 5586; x_wconf 86' lang='lat' dir='ltr'><strong>Etenim</strong></span> <span class='ocrx_word' id='word_1_781' title='bbox 3374 5534 3491 5598; x_wconf 90' lang='lat' dir='ltr'><strong>post</strong></span> <span class='ocrx_word' id='word_1_782' title='bbox 3527 5537 3652 5594; x_wconf 87' lang='lat' dir='ltr'><strong>pec-</strong></span> 
     </span>
    </p>
   </div>
   <div class='ocr_carea' id='block_1_114' title="bbox 2214 5721 2321 5767">
    <p class='ocr_par' dir='ltr' id='par_1_114' title="bbox 2214 5721 2321 5767">
     <span class='ocr_line' id='line_1_114' title="bbox 2214 5721 2321 5767; baseline 0.037 -4"><span class='ocrx_word' id='word_1_783' title='bbox 2214 5738 2226 5763; x_wconf 74' lang='grc' dir='ltr'><strong>ι</strong></span> <span class='ocrx_word' id='word_1_784' title='bbox 2295 5721 2321 5767; x_wconf 73' lang='lat'><strong>&#39;1</strong></span> 
     </span>
    </p>
   </div>
  </div>
