4016 6202
381 225 515 280 1467

1402 234 1460 289 S.
1502 233 1780 291 CYRILU
1808 235 2278 296 ΑιειΑΝυιιιΝι
2316 237 2636 297 ARCHIEP.

3496 223 3677 284 ιιοσ

381 346 561 394 catum
593 338 683 398 ille
714 342 961 399 audierat
992 365 1007 402 :
1047 364 1066 398 ι
1094 345 1379 404 Maledicta
1418 358 1563 405 terra
1612 350 1668 406 in
1698 351 1952 422 operibus
1979 414 1980 417 η

2082 352 2331 418 ικανθῶν,
2356 353 2511 416 τέλος
2548 349 2725 413 διδοὺς
2765 348 2884 410 ταῖς
2918 344 3093 417 ’Δδάμ
3122 338 3419 415 τιμωρίαις
3457 339 3676 412 (μετὰ

386 428 495 507 tuis
527 448 542 484 :
576 432 762 500 spinas
815 444 869 490 et
912 436 1136 493 tribulos
1180 440 1505 509 geminabit
1536 441 1633 499 tibi
1660 443 1729 497 ⁸³.
1761 461 1781 495 ι
1816 443 1962 500 Fellc

387 523 804 580 amaritudinem
847 543 912 583 ac
947 528 1248 586 molestiam
1293 532 1541 590 mortalis
1582 534 1963 607 passibilisque

387 610 666 667 hominum
714 615 835 669 vita:
869 616 921 670 in
970 632 1031 673 se
1076 619 1297 687 recepit.
1350 621 1519 676 Aceto
1565 620 1849 677 hominum
1906 623 1961 678 in

389 701 540 773 pejus
574 706 925 761 mutationem
959 706 1068 776 ipse
1099 709 1200 763 sibi
1234 708 1536 779 imputavit,
1562 718 1618 765 et
1646 710 1714 764 ad
1740 710 1962 766 meliora

390 796 623 871 reditum
669 795 893 865 largitus
919 793 1024 854 est.
1059 799 1301 871 Purpura
1348 817 1571 872 regnum
1618 801 1961 873 signiﬁcavit,

389 884 631 958 θήσω
676 888 886 945 calamo
932 890 1298 948 infirmitatem
1345 892 1803 964 fragilitatetnque
1866 909 1967 965 po-

394 978 575 1029 tentiae
604 977 800 1032 diaboli
838 980 1035 1048 innuit,
1080 981 1236 1052 alapa
1285 994 1527 1039 nostram
1566 984 1860 1054 publicavit
1902 983 1969 1039 li-

393 1067 679 1136 bertatem,
710 1071 863 1127 nobis
892 1073 1102 1131 debitas
1135 1075 1371 1131 tolerans
1402 1076 1516 1147 ipse
1560 1076 1807 1145 injurias,
1846 1090 1968 1132 cor-

392 1162 663 1218 rectiones
688 1175 850 1235 atque
869 1166 1070 1236 plagas.
1090 1167 1277 1235 Latus,
1293 1184 1448 1240 anque
1475 1183 1541 1225 ac
1563 1169 1969 1240 Adamus,per-

395 1251 593 1322 fossus,
638 1271 745 1311 non
780 1267 957 1314 tamen
1007 1258 1261 1316 feminam
1312 1261 1440 1317 inde
1468 1271 1834 1332 emergentem
1874 1276 1971 1319 ex-

396 1345 605 1414 hibens,
637 1363 756 1417 quae
809 1361 1037 1406 mortem
1085 1368 1184 1409 suo
1231 1369 1420 1410 errore
1448 1355 1652 1425 genuit,
1702 1356 1797 1411 sed
1848 1356 1971 1411 vita

396 1437 597 1494 fontem
621 1443 711 1509 qui
740 1442 936 1513 duplici
970 1445 1139 1500 rivulo
1164 1448 1421 1503 mundum
1442 1446 1715 1514 vivifieat;
1739 1461 1970 1516 quorum

396 1529 532 1584 alter
563 1533 614 1586 in
648 1534 967 1603 baptisterio
1005 1552 1103 1592 nos
1150 1546 1375 1592 renovat
1406 1545 1463 1595 et
1505 1537 1799 1593 immortali
1831 1538 1970 1594 stola

395 1623 578 1687 vestit,
624 1624 759 1679 alter
788 1627 1001 1697 genitos
1036 1626 1132 1682 alit
1164 1630 1217 1685 in
1266 1629 1446 1685 divina
1491 1642 1701 1695 mensa,
1742 1644 1841 1686 ceu
1890 1631 1975 1687 tac

396 1717 670 1785 parvulos.

2062 446 2171 518 γὰρ
2199 446 2301 516 τὴν
2333 443 2614 516 ἁμαρτίαν
2646 440 2792 513 [cod.
2816 434 3387 509 τιμωρίαν],ἡκουσεν
3409 434 3684 494 ἐκεῖνος·

2069 556 2087 590 ι
2137 535 2568 607 Ἐπικατάρατος
2600 535 2633 606 ἡ
2667 531 2739 602 γῆ
2773 531 2830 584 έν
2857 531 2972 593 τοῖς
3002 528 3187 600 ἔργοις
3242 541 3361 591 σου,
3400 523 3682 584 ἀκάνθαις

2063 629 2158 683 καὶ
2202 628 2484 701 τριϐόλους
2530 624 2785 681 ἀνατελεῖ
2813 639 2898 676 σοι
2929 621 3003 693 s),
3035 621 3123 675 διά
3155 620 3215 675 δὲ
3256 620 3358 691 τῆς
3382 616 3557 687 χολῆς
3604 615 3686 668 τὸ

2065 721 2261 791 πικρὸν
2290 721 2385 773 καὶ
2410 720 2669 773 ἐπίπονον
2699 716 2801 786 τῆς
2840 713 3044 786 θνητῆς
3082 713 3178 767 καὶ
3210 710 3461 781 παθητῆς
3496 706 3684 777 ζωῆς

2064 811 2175 865 τῶν
2209 811 2515 883 ἀνθρώπων
2544 813 2627 874 εἰς
2655 808 2847 863 ἑαυτὸν
2872 806 3275 877 ἀναλαμϐάνων
3295 819 3309 835 ·
3347 803 3435 857 διὰ
3462 801 3521 855 δὲ
3556 799 3681 855 τοῦ

2065 898 2222 964 ὄξους
2266 900 2368 969 τὴν
2412 899 2505 953 ἐπὶ
2531 898 2593 952 τὸ
2621 900 2802 969 χεῖρον
2850 898 2961 952 τῶν
3004 892 3309 966 ἀνθρώπων
3343 892 3681 963 μεταϐολὴν

2066 988 2227 1051 αὐτὸς
2269 988 2583 1059 δεχόμενος,
2622 988 2718 1042 καὶ
2750 987 2851 1059 τὴν
2880 988 2961 1052 είς
2993 985 3053 1042 τὸ
3085 988 3338 1057 κρεῖττον
3389 982 3685 1037 ιπάνοδον

2067 1079 2461 1153 χαριζόμενος·
2529 1081 2597 1151 τῇ
2647 1078 2942 1151 πορφυρίδι
2994 1076 3285 1149 σημαίνων
3341 1075 3442 1146 τήν
3490 1074 3683 1145 βασι-

2068 1172 2249 1238 λείαν,
2295 1172 2375 1242 τῷ
2406 1170 2638 1242 καλάμῳ
2678 1170 2739 1225 τὸ
2777 1169 3004 1235 ἀσθενὲς
3043 1171 3139 1224 καὶ
3190 1167 3389 1241 σαθρὸν
3419 1168 3518 1238 τῆς
3558 1165 3683 1219 τοῦ

2068 1264 2321 1320 διαϐόλου
2360 1264 2641 1334 δυνάμεως
2665 1262 3037 1334 αἰνιττόμενος
3056 1300 3072 1326 ,
3100 1260 3181 1331 τῷ
3215 1258 3520 1333 ῥαπίσματι
3554 1254 3685 1329 τὴν

2069 1356 2345 1429 ἡμετέραν
2369 1354 2658 1428 κηρύττων
2705 1353 3041 1426 ἐλευθερίαν,
3084 1353 3185 1417 τάς
3215 1351 3491 1423 ἡμετέρας
3521 1351 3683 1403 ὐπο-

2077 1449 2251 1520 μένων
2296 1447 2484 1520 ὕϐρεις
2508 1448 2529 1512 ’,
2581 1448 2675 1503 καὶ
2712 1446 2995 1510 παιδείας,
3045 1447 3141 1499 καὶ
3194 1444 3485 1515 μάστιγας.
3540 1440 3680 1510 Τὴν

2074 1539 2317 1613 πλευρὰν
2360 1538 2442 1611 τῷ
2486 1539 2661 1611 ’Δδάμ
2706 1538 3091 1612 παραπλήσιον
3138 1536 3499 1607 νυττόμενος,
3538 1532 3676 1586 ἀλλ’

2074 1634 2137 1686 οὐ
2174 1633 2411 1701 γυναῖκα
2453 1630 2749 1699 προϊοῦσαν
2789 1629 2999 1685 ἐκεῖθεν
3032 1629 3269 1693 δεικνὺς,
3298 1628 3389 1682 τὸν
3428 1625 3679 1681 θάνατον

2010 1709 2051 1765 Β
2078 1724 2168 1778 διά
2207 1724 2308 1795 τῆς
2345 1722 2562 1795 ἀπάτης
2600 1725 2963 1795 γεννήσασαν,
2997 1721 3136 1777 ἀλλά
3164 1720 3350 1791 πηγὴν
3394 1717 3540 1787 ζωῆς
3579 1714 3677 1785 τῷ

394 1780 568 1879 διπλῷ
600 1812 802 1881 νάματι
835 1780 933 1881 τὴν
964 1812 1291 1884 οἰκουμένην
1337 1814 1746 1886 ζωγονοῦσανο
1793 1807 1870 1871 ὧν
1907 1814 1971 1870 τὸ
2009 1816 2109 1887 μὲν
2138 1780 2379 1887 ἡμᾶς-έν
2447 1780 2805 1887 κολυμϐήθρᾳ
2867 1780 3122 1879 νεοποιεί,
3171 1780 3269 1867 καὶἱ
3295 1780 3363 1882 τῇ

397 1905 715 1974 περιϐάλλει
746 1906 905 1980 στολῇ
933 1924 944 1937 ·
980 1907 1040 1962 τὸ
1082 1907 1139 1962 δὲ
1182 1909 1376 1981 τρέφει
1405 1912 1767 1984 γεννηθέντας
1806 1914 1864 1967 έν
1900 1912 1969 1983 τῇ
2007 1911 2256 1985 τραπέζῃ
2280 1914 2347 1985 τῇ
2376 1911 2518 1984 θεία,
2551 1910 2808 1983 καθάπερ
2836 1909 2906 1964 τά
2939 1909 3119 1982 βρέφη
3146 1907 3207 1962 τὸ
3239 1907 3404 1977 γάλα.

396 2040 630 2099 XXVIII.
690 2042 843 2107 Quod
876 2058 943 2096 ex
966 2040 1165 2166 Christ:
1219 2046 1537 2167 glacialibus
1597 2046 1743 2101 salus
1788 2052 1971 2100 nostra

1073 2129 1134 2167 or
1159 2130 1190 2167 a
1215 2130 1260 2167 at
1292 2153 1305 2167 .

1073 2129 1190 2168 orta
1215 2129 1305 2169 ιιι.

465 2245 765 2302 Pharmaca
807 2246 989 2317 itaque
1022 2258 1209 2303 nostra
1252 2258 1379 2305 sunt
1431 2250 1741 2309 Servatoris
1805 2255 1980 2309 nostri

399 2342 688 2397 cruciatus.
720 2338 871 2407 Quod
900 2341 1157 2412 propheta
1177 2343 1379 2398 docens
1414 2344 1490 2398 ait
1519 2362 1532 2399 :
1564 2364 1584 2396 ι
1608 2341 1728 2415 ipse
1757 2357 1980 2417 peccata

398 2432 581 2488 nostra
621 2431 842 2500 perfert,
882 2440 935 2486 et
966 2447 1063 2501 pro
1088 2432 1241 2489 nobis
1271 2434 1416 2490 dolet
1452 2453 1465 2491 :
1498 2451 1595 2491 nos
1623 2448 1798 2492 autem
1821 2454 1981 2508 repu-

400 2524 632 2578 tavimus
671 2538 793 2578 eum
850 2525 901 2578 in
960 2523 1148 2580 labore
1185 2534 1240 2579 et
1276 2525 1429 2596 plaga
1478 2535 1641 2598 atque
1695 2527 1983 2584 afﬂictione

403 2615 628 2670 versari.
662 2613 783 2686 ipse
821 2615 1133 2672 vulneratus
1163 2627 1247 2672 est
1274 2627 1495 2689 propter
1518 2630 1739 2691 peccata
1774 2634 1981 2687 nostra,

403 2708 621 2762 attritus
648 2716 733 2763 est
772 2716 990 2779 propter
1024 2708 1229 2763 scelera
1260 2719 1443 2764 nostra
1480 2727 1496 2768 :
1525 2710 1811 2782 disciplina
1834 2712 1985 2783 pacis

405 2810 604 2855 nostra:
630 2813 792 2869 super
826 2815 947 2855 eum
978 2818 991 2855 :
1029 2800 1199 2855 livore
1226 2801 1341 2871 ejus
1400 2816 1498 2855 nos
1553 2802 1730 2857 sanati
1774 2818 1983 2862 smnus.

405 2894 608 2947 Umnes
645 2895 801 2964 quasi
831 2878 962 2948 oves
998 2893 1301 2948 erravimus
1334 2910 1349 2958 ;
1393 2893 1513 2948 ideo
1568 2902 1821 2963 tanquam
1869 2895 1987 2952 ovis

406 2987 472 3041 ad
495 2987 819 3040 occisionem
856 2986 1047 3039 ductus
1066 2994 1167 3049 est,
1198 2993 1253 3039 et
1282 2984 1425 3038 sicut
1450 2997 1621 3052 agnus
1654 2999 1836 3039 coram
1869 2996 1988 3040 ton-

406 3080 568 3133 dente
611 3093 669 3132 se
714 3078 984 3132 obmutuit
1011 3075 1077 3132 ⁸³.
1120 3095 1138 3127 ι
1191 3074 1259 3129 Et
1300 3074 1442 3130 sicut
1478 3086 1663 3146 pastor
1714 3076 1989 3147 dispersas

405 3184 535 3228 oves
560 3183 808 3235 cernens,
852 3184 1011 3223 unam
1040 3183 1106 3223 ex
1139 3168 1330 3225 ovibus
1384 3183 1543 3223 manu
1602 3178 1810 3234 tenens,
1843 3180 1897 3224 et
1918 3171 1986 3225 ad

2077 2042 2214 2098 KH’.
2248 2042 2379 2096 Ὅτι
2404 2040 2503 2095 διὰ
2525 2038 2660 2110 τῶν,
2680 2039 2787 2094 τοῦ
2818 2039 3078 2108 Χριστοῦ
3103 2037 3311 2093 παθῶν
3340 2039 3379 2107 ἠ
3409 2038 3672 2110 ἡμετέρα

2597 2109 2807 2181 γέγονε
2853 2110 3140 2178 σωτηρία.

2147 2245 2420 2318 Φάρμακα
2445 2245 2624 2300 τοίνυν
2678 2243 2829 2298 ἐστὶν
2876 2242 3123 2314 ἡμέτερα
3172 2239 3243 2295 τά
3279 2240 3375 2295 τοῦ
3418 2241 3671 2312 Σωτῆρος

2080 2339 2238 2412 ἡμῶν
2267 2338 2606 2410 παθήματα·
2658 2337 2755 2392 καὶ
2800 2334 2958 2390 τοῦτο
3000 2335 3271 2390 διδάσκων
3308 2337 3337 2388 ό
3378 2335 3671 2406 προφήτης

2084 2432 2184 2505 βοᾷ
2205 2450 2219 2464 ο
2262 2452 2281 2486 ι
2310 2432 2482 2497 Αὐτός
2531 2431 2631 2495 τὰς
2681 2431 2955 2502 ἁμαρτίας
2988 2429 3150 2503 ἡμῶν
3179 2430 3350 2503 φέρει,
3383 2430 3473 2482 καὶ
3513 2428 3657 2499 ὑπὲρ

2082 2524 2238 2597 ἡμῶν
2264 2524 2517 2580 ὀδυνᾶται
2537 2538 2551 2552 ⁸
2581 2526 2745 2594 ἡμεῖς
2769 2524 2826 2577 δὲ
2853 2524 3220 2596 ἐλογισάμεθα
3244 2523 3399 2577 αὑτὸν
3421 2518 3562 2575 εἶναι
3587 2523 3653 2575 ὲν

2082 2616 2251 2687 πόνῳ,
2290 2615 2384 2669 καὶ
2431 2617 2489 2671 έν
2539 2616 2750 2689 πληγῇ,
2808 2616 2903 2678 καὶ
2955 2618 3015 2669 ὲν
3056 2614 3320 2670 κακώάει’
3377 2612 3548 2676 αὐτὸς
3603 2611 3667 2667 δὲ

2083 2709 2495 2785 έτραυματίσθη
2522 2709 2611 2764 διά
2638 2710 2740 2774 τάς
2773 2710 3048 2783 ἁμαρτίας
3074 2709 3249 2782 ἡμῶν,
3283 2708 3383 2763 καὶ
3414 2706 3669 2779 μεμαλά-

2083 2819 2269 2857 κισται
2299 2800 2387 2856 διά
2415 2801 2516 2865 τὰς
2537 2799 2770 2873 ἀνομίας
2795 2801 2954 2873 ἡμῶν
2977 2819 2991 2832 ·
3022 2799 3240 2855 παιδεία
3262 2799 3486 2871 εἰρήνης
3510 2797 3672 2869 ἡμῶν

2090 2895 2175 2946 ἐπ’
2199 2893 2348 2964 αὐτῷ
2373 2910 2386 2923 ·
2421 2893 2500 2963 τῷ
2530 2891 2758 2963 μώλωπι
2787 2894 2952 2947 αὑτοῦ
2983 2895 3147 2964 ἡμεῖς
3169 2892 3401 2960 ίάθημεν
3422 2908 3438 2923 ο
3470 2890 3671 2955 πάντες

2084 2984 2160 3049 ὡς
2191 2983 2444 3054 πρόϐατα
2471 2984 2879 3057 ὲπλανήθημεν,
2903 2984 2983 3039 διὸ
3007 2984 3083 3047 ὡς
3113 2982 3387 3055 πρόϐατον
3410 2980 3505 3035 ἐπὶ
3533 2996 3671 3050 σφα-

2085 3075 2187 3146 γὴν
2239 3075 2404 3147 ἡχθη,
2459 3076 2554 3131 καὶ
2595 3076 2673 3141 ὡς
2730 3076 2903 3148 ἀμνὸς
2950 3075 3195 3130 ἐναντίον
3244 3074 3339 3130 τοῦ
3390 3073 3671 3147 κείραντος

2085 3166 2248 3219 αὑτὸν
2278 3164 2514 3236 ἄφωνος.
2547 3185 2567 3219 ι
2618 3167 2729 3221 Καὶ
2776 3167 3027 3238 καθάπερ
3066 3166 3273 3239 ποιμὴν
3311 3166 3383 3220 τά
3429 3164 3675 3237 πρόϐατα

405 3261 661 3332 placitum
692 3261 793 3315 sibi
822 3276 1077 3331 pascuum
1107 3259 1335 3326 ducens,
1366 3260 1601 3332 reliquas
1632 3259 1794 3315 etiam
1820 3260 1980 3331 hujus

2089 3259 2524 3331 διεσκεδασμένα
2562 3260 2807 3333 θεωρῶν,
2842 3260 2900 3314 ἒν
2945 3260 3053 3314 τῶν
3083 3259 3372 3332 προϐάτων
3405 3258 3670 3328 κατέχων,

405 3348 656 3424 exemplo
703 3353 768 3407 ad
810 3367 868 3406 se
921 3350 1343 3422 pertrahit;sic
1364 3349 1509 3405 Deus
1563 3348 1797 3405 Verbum
1856 3366 1979 3406 cum

407 3459 579 3517 genus
612 3445 887 3499 hominum
919 3443 1282 3499 errabundum
1328 3442 1574 3507 vidisset,
1618 3444 1760 3497 servi
1812 3442 1984 3509 forma

407 3545 708 3608 assumpta,
739 3550 910 3605 eaque
933 3534 1033 3590 sibi
1073 3532 1344 3604 copulata,
1385 3535 1452 3588 ad
1483 3550 1542 3590 se
1569 3550 1664 3606 per
1685 3535 1830 3591 illam
1857 3551 1987 3591 con-

407 3629 574 3682 vertit
627 3628 934 3683 universam
968 3627 1247 3681 hominum
1282 3636 1553 3693 naturam,
1588 3637 1752 3697 atque
1790 3628 1856 3681 ad
1901 3627 1986 3681 di-

408 3724 536 3778 vina
584 3737 782 3795 pascua
817 3722 1041 3777 deduxit
1094 3735 1187 3777 eos
1217 3720 1308 3791 qui
1351 3719 1490 3776 male
1523 3720 1887 3791 pascebantur
1932 3730 1989 3777 et

407 3813 550 3886 lupis
590 3818 747 3870 erant
775 3812 997 3883 objecti.
1017 3812 1308 3882 Propterea
1330 3812 1588 3868 Servator
1615 3821 1800 3867 noster
1827 3821 1989 3868 natu-

408 3922 524 3959 ram
556 3914 797 3959 nostram
828 3903 1119 3973 assumpsit
1148 3920 1161 3956 :
1202 3914 1487 3973 prepterea
1520 3901 1769 3958 Christus
1811 3902 1989 3957 Domi-

409 4014 509 4053 nus
543 3996 876 4054 salutiferam
903 3996 1119 4066 excepit
1159 3994 1489 4064 passionem,
1526 3993 1797 4064 mortique
1836 3995 1990 4050 dedi-

408 4101 515 4157 tus,
559 4090 804 4160 sepulcro
851 4088 1101 4153 traditus,
1147 4086 1421 4156 antiquam
1458 4086 1603 4141 illam
1640 4089 1984 4160 tyrannidem

406 4183 634 4251 depulit,
666 4193 721 4238 et
769 4179 1075 4250 corruptela
1125 4180 1360 4235 detentis
1421 4179 1985 4250 incorruptibilitatem

402 4272 679 4353 promisit.
739 4268 873 4326 Nam
915 4268 1239 4325 dissolutum
1300 4269 1559 4339 templum
1591 4279 1903 4325 restaurans
1934 4276 1989 4323 et

402 4366 765 4429 resuscitans,
786 4363 1017 4417 mortuis
1043 4376 1256 4432 quoque
1281 4371 1444 4431 atque
1486 4360 1604 4430 ejus
1638 4362 1991 4417 resurrectio-

410 4475 533 4515 nem
570 4455 1013 4528 exspectantibus
1065 4471 1222 4510 veras
1262 4454 1555 4521 firmesque
1593 4454 1755 4528 841
1787 4472 1837 4507 m
1871 4472 1990 4527 pro-

406 4552 700 4608 missiones
760 4547 1016 4604 ostendit.
1072 4545 1207 4601 Nam
1257 4546 1734 4615 quemadmodum,
1786 4547 1983 4615 inquit,

2089 3342 2184 3403 κάι
2209 3352 2294 3420 ἐφ’
2320 3351 2387 3423 ἡν
2418 3350 2669 3422 βούλεται
2707 3353 2878 3423 νομήν
2921 3352 3094 3421 άγων,
3135 3352 3285 3405 ἕλκει
3314 3351 3384 3406 τά
3417 3352 3579 3406 λοιπά
3603 3350 3673 3405 δι’

2088 3442 2299 3497 ἐκείνου
2332 3443 2467 3513 πρὸς
2488 3444 2699 3499 ἑαυτόν
2731 3444 2905 3509 οὕτως
2925 3447 2953 3498 ὁ
2974 3444 3109 3509 Θεὸς
3137 3443 3313 3512 Λόγος
3338 3445 3450 3499 τῶν
3472 3442 3673 3514 ἀνθρὼ-

2090 3550 2208 3588 πων
2242 3534 2303 3588 se
2334 3534 2495 3602 γένος
2530 3534 2954 3607 πεπλανημένον
2988 3534 3135 3600 ἰδὼν,
3169 3534 3265 3588 τοῦ
3288 3534 3476 3589 δούλου
3494 3531 3673 3587 λαϐὼν

2087 3625 2185 3699 τὴν
2217 3627 2454 3699 μορφὴν,
2500 3627 2596 3682 καὶ
2628 3627 2835 3699 ταύτην
2867 3627 3115 3699 συνάψας
3148 3629 3349 3700 ἑαυτῷ,
3380 3628 3519 3700 πρὸς
3548 3629 3672 3681 sau-

2087 3716 2180 3771 τὸν
2206 3717 2275 3771 δι’
2307 3717 2526 3790 ἐκείνης
2560 3718 2861 3792 ἐπέστρεψε
2904 3720 3086 3774 πᾶσαν
3114 3720 3213 3793 τὴν
3236 3721 3344 3776 τῶν
3370 3719 3671 3793 ἀνθρώπων

2090 3806 2272 3877 φύσιν,
2313 3811 2408 3863 καὶ
2450 3812 2529 3875 είς
2575 3810 2676 3881 τὴν
2717 3810 2869 3867 θείαν
2917 3813 3087 3885 νομὴν
3139 3814 3317 3885 ῆγαγε
3365 3814 3438 3869 τὰ
3489 3815 3674 3879 κακῶς

2088 3901 2385 3972 νεμόμενα,
2416 3903 2512 3958 καὶ
2540 3905 2653 3968 τοῖς
2684 3902 2873 3968 λύκοις
2904 3904 3265 3977 προκείμενα.
3309 3906 3410 3961 Διά
3450 3907 3626 3963 ταῦτα
3646 3908 3674 3962 ὁ

2088 3993 2282 4065 Σωτὴρ
2335 3996 2364 4047 ὁ
2416 3995 2691 4067 ἡμέτερος
2748 3995 2848 4066 τὴν
2896 3996 3171 4069 ἡμετέραν
3214 3999 3377 4067 φύσιν
3423 3999 3671 4055 ἀνέλαϐε.

2088 4084 2190 4138 Διά
2204 4085 2374 4141 ταῦτα
2399 4087 2427 4140 ό
2440 4088 2720 4158 Δεσπότης
2744 4088 2981 4160 Χριστὸς
2994 4089 3062 4143 τὰ
3081 4093 3323 4163 σωτήρια
3351 4091 3673 4158 κατεδέξατο

2090 4178 2262 4251 πάθη,
2293 4178 2391 4232 καλ⁸
2412 4178 2631 4251 θανάτῳ
2661 4181 3113 4254 παραπεμφθεὶς,
3148 4184 3244 4237 καὶ
3268 4187 3411 4255 ταφῇ
3439 4182 3668 4253 παραδο-

2090 4270 2225 4335 θεὶς,
2254 4270 2315 4324 τὸ
2345 4271 2444 4342 μὲν
2487 4273 2721 4326 παλαιὸν
2751 4275 2926 4329 έκεῖνο
2956 4275 3051 4328 καὶ
3081 4274 3427 4347 πολυχρόνιον
3463 4275 3666 4345 κράτος

2089 4363 2265 4430 ἔλυσε,
2301 4367 2413 4429 τοῖς
2440 4365 2497 4419 δὲ
2523 4368 2590 4438 τῇ
2614 4366 2790 4438 φθορᾷ
2811 4368 3209 4440 πεπεδημένοις
3235 4370 3331 4444 τὴν
3361 4367 3673 4440 ἀφθαρσίαν

2090 4454 2380 4526 ὑπέσχετο.
2418 4455 2522 4509 Τὸν
2550 4456 2659 4526 γὰρ
2686 4455 2917 4511 λυθέντα
2949 4458 3075 4512 ναὸν
3101 4459 3546 4530 ἀνοικοδομήσας,
3578 4457 3679 4511 καὶ

2089 4547 2398 4620 ἀνεγείρας,
2458 4548 2554 4603 καὶ¹
2595 4553 2706 4614 τοῖς
2761 4551 3039 4623 κειμένοις
3088 4553 3182 4606 καὶ
3224 4550 3681 4624 προσδεχομένοις

409 4652 626 4713 sumpta
648 4658 714 4697 ex
739 4640 894 4697 vobis
922 4648 1137 4705 natura,
1171 4638 1393 4694 deitatis
1416 4637 1980 4708 inhabitationeatque

2092 4640 2258 4694 αὐτοῦ
2285 4640 2386 4711 τὴν
2418 4642 2719 4697 ἀνάστασιν
2748 4643 2971 4715 ἀληθεῖς
3000 4646 3093 4699 καὶ
3118 4644 3346 4716 βεϐαίας
3371 4644 3470 4709 τάς
3527 4644 3681 4698 ὐπο-

407 4734 760 4799 adunatione,
778 4731 1234 4788 resurrectionem
1261 4729 1515 4795 obtinuit,
1540 4739 1594 4785 et
1620 4729 1989 4799 corruptibili-

401 4837 523 4882 etate
548 4827 1000 4896 passionibusqae
1023 4823 1301 4894 depositis,
1330 4823 1396 4877 ad
1416 4820 1986 4893 incorruptibilitatem

401 4918 983 4987 immortalitatemque
1009 4915 1281 4978 transivit,
1314 4915 1395 4969 sic
1424 4921 1479 4969 et
1504 4928 1599 4969 vos
1629 4914 1767 4968 dura
1793 4913 1985 4967 mortis

404 5009 674 5063 servitute
705 5008 1080 5073 absolvemini,
1110 5005 1429 5075 ahjectaque
1474 5006 1825 5075 corruptione
1861 5018 1983 5058 cum

404 5099 777 5170 passionibus,
832 5098 1266 5171 impassibilitate
1309 5096 1635 5152 vesticmini.
1684 5094 1905 5150 ldcirco'
1938 5104 1993 5151 et

406 5190 668 5259 baptismi
728 5193 928 5247 donum
978 5191 1188 5246 cunctis
1233 5190 1544 5245 hominibus
1591 5202 1688 5257 per
1717 5187 1991 5258 apostolos

407 5282 583 5339 misit.
618 5298 639 5333 ι
672 5279 875 5338 Euntes
902 5285 1072 5349 enim,
1109 5283 1309 5353 inquit,
1339 5283 1526 5337 docete
1553 5295 1747 5336 omnes
1778 5289 1987 5350 gentes,

409 5375 757 5448 baptizantes
782 5391 877 5431 eas
924 5379 977 5432 in
1025 5378 1243 5434 nomine
1287 5376 1467 5431 Patris
1493 5383 1551 5431 et
1583 5372 1706 5429 Filii
1733 5382 1787 5430 et
1816 5371 1991 5444 Spiri-

410 5480 505 5525 tus
539 5468 711 5524 sancti
739 5466 805 5521 “.
850 5485 869 5520 ι
898 5466 1205 5538 Baptismus
1254 5464 1596 5523 adumbratio
1623 5464 1869 5535 quaedam
1903 5472 1990 5519 est

486 5648 538 5679 “
568 5649 706 5707 Gen.
739 5665 818 5718 nt,
847 5648 931 5703 l7.

2096 4730 2312 4802 σχέσεις
2331 4732 2629 4799 ὑπέδειξεν.
2658 4736 2755 4789 Ὃν
2774 4735 2975 4807 τρόπον
3004 4736 3135 4807 γὰρ,
3166 4736 3351 4808 φησὶν,
3377 4739 3409 4808 ἡ
3440 4735 3499 4802 ἐξ
3525 4735 3682 4808 ὑμῶν

2091 4822 2463 4894 ἀναληφθεῖσα
2490 4823 2654 4894 φύσις
2675 4828 2741 4897 τῇ
2771 4827 2873 4898 τῆς
2905 4826 3160 4899 θεότητος
3183 4828 3455 4899 ἐνοικήσει
3487 4843 3549 4880 τε
3580 4827 3681 4881 καὶ

2093 4912 2304 4977 ένώσει,
2346 4918 2447 4988 τῆς
2473 4916 2825 4981 ἀναστάσεως
2854 4917 3035 4989 ἔτυχε,
3063 4920 3157 4972 καὶ
3191 4919 3255 4974 τὸ
3283 4917 3521 4990 φθαρτὸν
3546 4918 3683 4972 ἀνα-

2090 5007 2352 5079 τιθεμένη
2399 5011 2498 5064 σὺν
2553 5013 2666 5075 τοῖς
2717 5011 3041 5081 παθήμασιν
3089 5012 3171 5074 είς
3218 5011 3531 5082 ἀφθαρσίαν
3581 5009 3682 5065 καὶ

2087 5099 2390 5155 ἀθανασίαν
2427 5102 2651 5176 μετέϐη·
2691 5102 2835 5158 οὕτω
2865 5106 2961 5157 καὶ⁹
2992 5104 3153 5175 ὑμεῖς
3181 5104 3280 5175 τῆς
3302 5103 3547 5175 χαλεπῆς
3578 5100 3679 5157 τοῦ

2088 5192 2321 5247 θανάτου
2366 5195 2617 5260 δουλείας
2656 5197 3135 5268 ἀπαλλαγήσεσθε,
3190 5198 3286 5251 καὶ
3323 5196 3424 5269 τὴν
3466 5195 3679 5269 φθορὰν

2087 5285 2491 5357 ἀπορρίψαντες
2517 5288 2616 5342 σὺν
2640 5291 2753 5353 τοῖς
2788 5288 3039 5355 πάθεσιν,
3064 5287 3357 5343 ἐνδύσασθε
3395 5286 3496 5361 τήν
3530 5287 3678 5341 ἀπάο

2088 5376 2259 5431 θειαν.
2301 5378 2392 5431 Διὸ
2422 5380 2516 5432 καὶ
2546 5379 2608 5434 τὸ
2652 5380 2823 5453 δῶρον
2852 5379 2947 5435 τοῦ
2980 5380 3355 5453 βαπτίσματος
3378 5381 3547 5435 πᾶσιν
3575 5378 3676 5433 ἀν’

2086 5467 2326 5538 θρώποις
2355 5469 2444 5524 διὰ
2467 5471 2578 5526 τῶν
2612 5472 2929 5528 ἀποστόλων
2973 5471 3269 5543 έξέπεμψε.
3328 5491 3346 5525 t
3371 5468 3673 5545 Πορευθένο

1007 5649 1052 5679 ⁸³
1081 5646 1179 5700 ls’a.
1211 5661 1323 5707 Llll,
1357 5645 1378 5697 l
1412 5661 1564 5715 seqq.
1641 5645 1686 5679 ⁸⁸
1718 5645 1909 5702 Matth.
1943 5663 2138 5717 xxvut,
2167 5648 2250 5706 l9.
