3946 6202
296 303 437 361 1469

1458 306 1547 365 DE
1588 306 2103 365 INCARNATIONE
2141 305 2397 365 DOMINI.
2478 374 2483 377 _

3417 305 3557 359 ιιτι)

295 437 388 484 τις
418 419 547 491 γὰρ,
578 419 734 492 φησί,
773 420 1153 492 μαθητεύσατε
1201 422 1378 477 πάντα
1404 423 1474 478 τά
1515 423 1667 495 ἔθνη,
1693 426 1877 496 βαπτί-

1984 436 2039 484 ει
2074 435 2232 498 typus
2287 424 2479 480 mortis
2540 420 2853 478 Dominicis.
2886 438 2905 472 ι
2944 418 3078 475 Nam
3107 417 3152 474 si
3176 419 3547 488 complantati,

295 512 479 578 ζοντες
507 512 705 575 αὐτοὺς
732 513 813 593 εἰς
834 513 893 565 τὸ
915 513 1088 584 ὄνομα
1117 513 1208 565 τοῦ
1228 512 1461 584 Πατρὺς,
1484 515 1695 569 καὶτοῦ
1718 515 1869 581 Υίοῦ,

294 603 391 658 καὶ
415 602 510 655 τοῦ
536 603 691 671 ἁγίου
720 602 1055 674 Πνεύματος.
1087 622 1105 655 ι
1127 605 1199 657 Τὸ
1216 603 1500 675 βάπτισμα
1516 605 1606 659 τοῦ
1622 608 1873 659 Δεσποτι-

1979 518 2151 588 inquit
2218 516 2451 584 Paulus,
2521 516 2726 572 fuimus
2777 510 3115 569 similitudini
3176 510 3366 566 mortis
3427 509 3551 567 Filii

1978 606 2116 683 ejus,
2151 608 2356 692 erimus
2393 617 2449 661 et
2472 607 2891 663 resurrectionis
2917 604 2962 637 ⁸⁸
2996 622 3015 654 ι

295 694 389 748 κοῦ
418 694 645 748 Θανάτου
672 693 1015 765 σκιαγραφία
1060 712 1145 759 τις
1187 696 1424 768 ὐπάρχει
1490 697 1585 751 καὶ
1627 697 1818 762 τύπος.
1860 717 1879 751 ι
1931 700 1994 753 Εἰ
2038 700 2147 771 γὰρ
2186 688 2480 768 σῦμφυτοι,
2545 699 2708 769 φησιν
2759 700 2787 751 ὀ
2834 694 3063 758 Παῦλος,
3125 694 3426 762 γεγόναμεν
3475 688 3551 759 τῷ

294 786 597 859 ὁμοιώματι
646 788 742 841 τοῦ
786 787 1015 842 θανάτου
1061 787 1157 841 τοῦ
1189 788 1321 843 Υἰοῦ
1351 790 1539 856 αὐτοῦ,
1573 790 1712 846 ἀλλά
1756 792 1851 845 καὶ
1890 794 1992 862 τῆς
2025 792 2378 858 ἀναστάσεως
2417 791 2674 862 ἐσόμεθα.
2706 809 2726 842 ι

296 917 423 973 KG’.
491 918 826 999 ’ᾼπρδειεις
1006 918 1129 999 τῶ]-
1174 920 1591 999 ςΛποστόλου-
1638 926 1884 994 γραφῶν

318 1026 325 1033 .
402 988 536 1056 περὶ
573 988 686 1058 τῆς
723 990 958 1056 τελείας
999 988 1109 1044 τοῦ
1154 991 1470 1061 ἀνθρώπου
1512 988 1773 1063 satiasch

367 1099 524 1153 Οὕτω
565 1100 847 1171 γεννηθεὶς
888 1102 918 1154 6
962 1103 1245 1176 Δεσπότης
1282 1104 1538 1177 Χριστὸς,
1569 1105 1711 1161 οὕτω
1744 1126 1876 1176 τρα-

298 1188 439 1257 φεὶς,
498 1189 642 1243 οὕτω
703 1190 1214 1264 θαυματουργήσας,
1276 1193 1364 1250 διὰ
1424 1195 1599 1249 ταῦτα
1662 1196 1873 1262 παθὼν,

300 1280 652 1351 παυρωθείς,
690 1277 997 1350 ἀποθανὼν,
1044 1286 1294 1357 κήρυκας
1340 1286 1669 1352 ἀποστείλας
1712 1290 1875 1342 πᾶσιν

299 1370 604 1442 ἀνθρώποις
645 1373 772 1436 τοὺς
813 1374 991 1445 ἱεροὺς
1031 1375 1301 1447 μαθητὰς,
1366 1376 1449 1440 εἰς
1501 1376 1594 1430 τὸν
1648 1377 1876 1447 οὐρανὸν

300 1460 611 1532 ἀνελήφθηο
669 1463 764 1516 καὶ
805 1464 978 1517 ταῦτα
1039 1466 1097 1517 ἐν
1149 1467 1431 1538 κεφαλαίῳ
1482 1468 1541 1521 ἐν
1583 1469 1698 1531 τοῖς
1742 1468 1879 1538 πρὸς

300 1551 562 1623 Τιμόθεον
581 1558 891 1625 γραφεῖσιν,
908 1558 937 1610 6
952 1557 1272 1622 ’Λπόστολος
1292 1561 1440 1631 ἡμᾶς
1462 1560 1665 1626 ἐδίδαξε
1684 1558 1878 1629 λέγων’

306 1665 324 1697 ι
346 1644 825 1717 Ὁμολογουμένως
852 1648 995 1719 μέγα
1023 1650 1141 1703 ἐστί
1164 1650 1224 1704 τὸ
1251 1651 1349 1722 τῆς
1371 1651 1650 1715 εὐσεϐείας
1674 1652 1882 1722 μυστή-

1982 924 2176 981 XXIX.
2197 925 2281 979 Ex
2305 925 2539 989 Apostoii
2564 922 2771 989 scriptis
2791 922 2851 990 ﬁt
2874 918 3248 972 demonstratio
3272 914 3551 984 perfectam

2250 996 2414 1064 fuisse
2439 999 2493 1048 in
2526 993 2737 1049 Christo
2758 992 2984 1044 hominis
3016 998 3283 1041 naturam.

2056 1109 2149 1166 Sic
2179 1120 2343 1165 natus
2374 1108 2625 1164 Christus
2664 1104 2946 1168 Dominus,
3009 1102 3089 1156 sic
3142 1096 3431 1160 enutritus,
3475 1104 3553 1151 tot

1980 1200 2263 1258 miraculis
2301 1200 2485 1260 editis,
2515 1208 2680 1270 atque
2733 1199 2801 1251 ob
2864 1195 2976 1249 haec
3032 1190 3267 1263 passioni
3318 1189 3551 1251 deditus,

1980 1292 2298 1359 crucilixus,
2348 1300 2613 1357 mortuus,
2662 1284 3103 1359 przedicatoribus
3155 1282 3221 1336 ad
3274 1282 3553 1337 universos

1980 1384 2228 1439 homines
2252 1384 2429 1437 missis
2452 1382 2622 1436 sacris
2644 1378 2939 1448 discipulis,
2956 1376 3009 1430 in
3027 1374 3221 1431 ccelum
3246 1379 3555 1441 assumptus

1982 1473 2105 1531 fuit.
2150 1473 2275 1528 Haec
2319 1473 2533 1542 quidem
2569 1470 2899 1533 summatim,
2939 1467 3065 1522 dum
3114 1465 3180 1520 ad
3212 1462 3552 1518 Timotheum

1986 1562 2275 1626 scriberet,
2346 1574 2445 1615 nos
2501 1560 2688 1614 docuit
2752 1557 3040 1627 Apostolus
3095 1555 3322 1609 dicens:
3368 1571 3387 1604 ι
3426 1553 3556 1607 Sine

1989 1654 2155 1709 dubio
2184 1666 2439 1722 magnum
2468 1658 2553 1703 est
2578 1648 2795 1717 pietatis
2830 1652 3250 1708 sacramentum,
3308 1643 3449 1697 Dcus
3498 1638 3553 1694 in

301 1755 436 1811 ριον,
461 1738 593 1803 Θεὸς
631 1741 951 1813 ἐφανερώθη
989 1744 1046 1796 ἐν
1088 1742 1270 1813 σαρκὶ,
1307 1741 1596 1813 ἐδικαιώθη
1627 1746 1686 1797 ἐν
1714 1740 1877 1796 Πνεύ-

1986 1760 2149 1801 carne
2198 1743 2470 1814 apparuit,
2529 1738 2855 1809 iustiﬁcatus
2900 1744 2983 1790 est
3025 1736 3079 1789 in
3132 1734 3361 1805 Spiritu,
3405 1734 3554 1786 visus

303 1848 455 1902 ματι,
501 1829 656 1903 ὤφθη
700 1833 973 1901 ἀγγέλοις,
1017 1834 1295 1906 ἐκηρύχθη
1328 1834 1555 1901 ἔθνεσιν,
1601 1834 1880 1907 ἐπιστώθη

301 1926 360 1979 ἐν
394 1924 603 1996 κόσμῳ,
632 1925 910 1997 ἀνελήφθη
936 1928 995 1980 ἐν
1019 1927 1167 1999 δόξῃ.
1199 1945 1218 1979 ι
1249 1928 1357 1981 Καὶ
1391 1927 1490 1998 τὴν
1513 1929 1611 1999 μὲν
1636 1929 1884 1999 φανέρω-

303 2030 388 2071 σιν
418 2016 709 2083 συνέζευξε
742 2022 808 2089 τῇ
854 2020 1039 2091 σαρκὶ,
1081 2019 1181 2091 τὴν
1215 2020 1269 2073 δὲ
1301 2020 1583 2074 δικαίωσιν
1612 2022 1765 2078 κατὰ
1785 2020 1882 2091 τὴν

301 2110 409 2164 τῶν
432 2112 728 2182 αἰρετικῶν
760 2113 1121 2186 ἀϐελτηρίαν⁶
1168 2114 1463 2184 ἐδικαιώθη
1501 2114 1556 2167 δὲ
1592 2116 1659 2184 τῇ
1691 2130 1882 2184 συνερ-

301 2202 426 2273 γείᾳ
474 2204 569 2260 τοῦ
618 2205 958 2275 Πνεύματος.
1007 2201 1154 2273 *Δρα
1199 2206 1262 2259 τὸ
1306 2206 1605 2259 δικαιῶσαν
1630 2204 1876 2274 Πνεῦμα,

304 2299 551 2368 κρεῖττον
596 2298 690 2351 τοῦ
729 2298 1106 2363 δικαιωθέντος
1138 2298 1301 2362 Υἰοῦ;
1343 2298 1483 2352 Ἀλλ’
1499 2298 1685 2352 οὐκέτι
1709 2297 1882 2352 ταῦτα

303 2386 404 2439 οὐκ
444 2386 559 2440 ἐστι
583 2405 598 2418 ο
642 2388 703 2441 τὸ
744 2388 852 2459 γὰρ
904 2389 1174 2461 ἡμέτερον
1226 2387 1517 2460 ἐδικαιώθη
1554 2388 1643 2442 διὰ
1678 2386 1773 2442 τοῦ
1824 2391 1883 2443 ἐν

302 2477 451 2548 αὐτῴ
481 2468 888 2550 φανερωθέντος
919 2480 1075 2546 Θεοῦ,
1124 2481 1183 2545 ὃς
1220 2480 1541 2552 ἀχωρίστως
1573 2481 1724 2552 αὐτῷ
1757 2497 1882 2534 συν-

297 2569 564 2638 ημμένος,
591 2571 691 2640 τήν
714 2586 772 2623 τε
802 2570 977 2642 ἄκραν
1024 2572 1346 2625 ἐπαίδευσεν
1367 2573 1589 2643 ἀρετὴν,
1624 2575 1721 2627 καὶ
1766 2570 1880 2627 τῶν

303 2658 471 2728 βελῶν
496 2662 595 2731 τῆς
617 2662 895 2732 ἁμαρτίας
953 2661 1220 2731 ἐφύλαξεν
1248 2664 1532 2732 ἄγευστον,
1575 2665 1668 2717 καὶ
1700 2664 1883 2737 ἀμύη⁶

300 2767 411 2815 τον,
452 2754 544 2806 καὶ
569 2754 669 2824 τῆς
704 2753 1014 2824 διαϐολικῆς
1043 2756 1258 2827 ἀπάτης
1301 2756 1630 2829 ὑπέρτερονο
1658 2758 1753 2811 καὶ
1790 2758 1884 2811 θα-

302 2844 462 2897 νάτου
507 2843 643 2912 πρὸς
691 2845 863 2915 βραχύ
909 2846 1213 2915 γεύσασθαι
1258 2851 1645 2921 συγχωρήσας,
1671 2866 1886 2922 παραυ-

300 2933 426 2986 τίκα
441 2935 539 3004 τῆς
559 2933 768 2987 ἐκείνου
791 2936 1102 3004 τυραννίδος
1124 2937 1424 3009 ἀπήλλαξε,
1444 2938 1657 3008 καὶτῆς
1677 2936 1884 3001 οἰκείας

301 3025 448 3095 αὐτῷ
477 3025 622 3095 ζωῆς
666 3024 1022 3094 μεταδεδωκε,
1065 3028 1159 3081 καὶ⁵
1188 3030 1265 3093 εἰς
1308 3030 1571 3101 οὐρανοὺς
1616 3031 1880 3101 ἀνήγαγε,

1983 1847 2066 1893 est
2103 1835 2329 1906 angelis,
2362 1832 2685 1903 praedicatus
2733 1837 2816 1882 est
2854 1828 2909 1881 in
2963 1826 3232 1893 gentibus,
3286 1825 3551 1879 creditum

1981 1936 2068 1983 est
2117 1928 2163 1981 ei
2214 1926 2265 1980 in
2298 1924 2522 1987 mundo,
2569 1928 2879 1987 assumptus
2922 1915 3106 1971 fuitin
3151 1914 3377 1984 gloriam
3417 1914 3483 1964 ⁸⁸.
3526 1926 3546 1959 ι

1985 2019 2049 2074 Et
2075 2017 2567 2072 manifestationem
2602 2014 2821 2084 quidem
2869 2010 2957 2065 hic
2989 2007 3282 2063 connexnit
3334 2013 3558 2076 propter

1983 2126 2226 2173 carnem,
2254 2108 2691 2180 iustiﬁcationem
2722 2110 2900 2159 autem
2931 2110 3152 2171 propter
3170 2097 3553 2153 haereticorum

1981 2202 2306 2261 stultitiam:
2334 2199 2663 2271 iustiﬁcatus
2690 2204 2773 2253 est
2812 2205 2990 2249 autem
3050 2200 3380 2262 cooperante
3430 2187 3557 2257 Spi-

1983 2297 2115 2352 ritu.
2147 2293 2282 2349 Num
2310 2308 2440 2365 ergo
2464 2291 2700 2362 Spiritus
2724 2289 3029 2360 justillcans
3064 2286 3245 2357 potior
3270 2291 3353 2338 est
3388 2278 3554 2348 justi-

1984 2390 2147 2445 l'lcato
2171 2388 2310 2443 Filio
2340 2388 2364 2441 ’ἓ
2415 2386 2561 2456 Nego
2588 2385 2867 2441 enimvero
2902 2396 3067 2437 :nam
3134 2387 3318 2433 nostra
3376 2374 3555 2444 potius

1984 2490 2178 2538 natura
2206 2478 2502 2552 justiﬁcata
2542 2476 2663 2540 fuit,
2725 2481 2946 2545 prapter
2999 2465 3468 2540 supervenientem
3500 2463 3551 2518 ei

1984 2572 2174 2637 Deum,
2206 2573 2298 2642 qui
2329 2569 2503 2625 eidem
2534 2563 2967 2636 inseparabiliter
2995 2559 3314 2627 coniunctus
3352 2561 3454 2618 est,
3500 2560 3556 2605 et

1983 2676 2248 2721 summam
2282 2659 2467 2715 docuit
2485 2659 2759 2718 virtutem,
2804 2662 2858 2707 et
2884 2666 2911 2705 a
2939 2647 3147 2721 peccati
3201 2644 3322 2700 telis
3373 2649 3557 2697 custo-

1984 2755 2119 2810 divit
2200 2752 2461 2808 intactam
2517 2759 2681 2818 atque
2734 2746 3132 2805 intemeratam,
3183 2749 3238 2819 et
3284 2733 3553 2791 diabolica

1985 2845 2176 2902 fraude
2198 2843 2532 2914 superiorem
2565 2857 2585 2906 ;
2612 2853 2775 2909 quam
2801 2850 2922 2891 cum
2950 2831 3100 2888 brevi
3137 2839 3379 2899 tempore
3409 2838 3557 2880 mor-

1985 2947 2091 2993 tem
2121 2946 2339 3005 gustare
2394 2931 2754 3002 permisisset,
2801 2941 2925 2981 mox
2966 2922 3207 2995 ejusdem
3268 2916 3556 2989 tyrannide

1985 3029 2153 3101 842
2181 3045 2228 3082 m
2259 3025 2482 3096 eripuit,
2514 3022 2672 3091 eique
2715 3018 2987 3089 propriam
3038 3016 3208 3069 vitam
3250 3008 3558 3079 impertitus

301 3116 395 3170 καί
432 3118 495 3169 ἐκ
524 3116 715 3181 δεξιῶν
740 3116 840 3186 τῆς
863 3117 1251 3189 μεγαλωσύνης
1275 3095 1547 3188 ἐκάθισεν,
1583 3123 1678 3176 καὶ
1705 3095 1877 3193 δνομα

1985 3095 2181 3186 ἆιξῖη
2217 3095 2411 3173 coelum
2445 3113 2661 3177 extulit,
2684 3118 2742 3164 et
2771 3110 2825 3164 in
2865 3108 3085 3163 dextera
3117 3100 3417 3170 maiestatis
3445 3095 3556 3151 col-

301 3208 450 3279 αὐτῷ
475 3208 768 3279 ἐχαρίσατο
783 3207 843 3260 τὸ
866 3208 1007 3279 ὑπὲρ
1035 3210 1143 3261 πᾶν
1164 3209 1354 3281 ὄνομα,
1381 3212 1479 3281 τὴν
1505 3215 1709 3268 οἰκείαν
1731 3213 1879 3286 αὐτῷ

300 3301 457 3368 ἀξίαν
480 3300 866 3371 δωρησάμενος
882 3316 896 3331 ’
928 3301 1023 3354 καὶ
1050 3300 1148 3371 τὴν
1169 3301 1269 3372 τῆς
1297 3301 1509 3370 φύσεως
1532 3304 1694 3358 αὐτοῦ
1713 3322 1880 3377 προσ-

302 3395 530 3466 ηγορίαν
578 3392 778 3455 λαϐὼν,
808 3393 938 3457 Υἱὸς
983 3392 1274 3465 ἀνθρώπου
1326 3395 1355 3446 6
1411 3395 1736 3466 προαιώνιος
1782 3398 1878 3451 τοῦ

300 3486 437 3540 Θεοῦ
474 3486 646 3554 Λόγος
678 3485 980 3557 ηὐδόκησεν
1029 3485 1410 3557 όνομάζεσθαι.
1476 3505 1494 3537 ι
1520 3487 1708 3551 Οὐδεὶς
1748 3489 1877 3561 γὰρ,

302 3576 488 3647 φησιν,
515 3576 852 3648 ἀναϐέϐηκεν
877 3580 956 3643 εἰς
989 3578 1079 3632 τὸν
1112 3579 1359 3657 οὐρανὸν,
1394 3581 1445 3632 εἰ
1472 3577 1545 3651 μὴ
1573 3580 1602 3632 6
1634 3578 1691 3644 ἐξ
1718 3580 1882 3650 οὐρα-

300 3667 393 3721 νοῦ
423 3668 668 3733 καταϐὰς
696 3670 723 3721 6
762 3668 889 3733 Υἱὸς
912 3667 1006 3721 τοῦ
1049 3656 1361 3735 ἀνθρώπου,
1388 3671 1415 3722 6
1440 3668 1515 3722 ὣν
1540 3672 1596 3722 ὲν
1618 3667 1695 3739 τῷ
1720 3670 1882 3739 οὐραο

300 3758 397 3829 νῷ.
428 3777 446 3812 ι
480 3760 699 3830 Κατέϐη
727 3761 783 3814 δὲ
810 3761 911 3831 οὐχ
937 3762 965 3814 6
1002 3760 1068 3814 ἐκ
1107 3759 1422 3831 σπέρματος
1466 3760 1632 3814 Δαϐὶδ
1673 3762 1737 3814 ἐκ
1771 3760 1878 3813 τῶν

300 3850 565 3919 οὐρανῶν,
598 3850 713 3903 ἀλλ’
735 3852 763 3903 ό
785 3850 892 3904 τῶν
931 3849 1247 3922 [οὐρανῶν]
1283 3850 1533 3923 ποιητὴς,
1564 3853 1591 3904 6
1612 3853 1880 3924 ὐπέρχρο-

302 3959 390 4013 νος
418 3941 551 3994 Θεοῦ
588 3942 781 4009 Λόγος,
808 3943 837 3994 6
860 3942 965 4013 πρὸ
989 3943 1098 3998 τῶν
1126 3942 1339 3997 αἰώνων
1367 3943 1658 4014 ὑπάρχων·
1701 3944 1791 3998 διὰ
1821 3944 1878 3998 δὲ

300 4033 400 4104 τὴν
427 4034 562 4105 πρὸς
588 4034 649 4087 τὸ
690 4033 1028 4107 ἀνθρώπινον
1055 4034 1271 4101 ἕνωσιν,
1303 4034 1571 4106 λαμϐάνει
1614 4035 1705 4089 τοῦ
1743 4036 1876 4090 Υἰοῦ

300 4123 394 4177 τοῦ
424 4124 713 4194 ἀνθρώπου
746 4124 807 4178 τὸ
824 4126 992 4196 ὄνομα
1018 4140 1032 4155 ⁸
1054 4127 1150 4179 καὶ
1179 4125 1409 4196 ἑτέρωθι
1437 4126 1495 4179 δὲ
1518 4126 1678 4180 πάλιν
1706 4126 1878 4192 οὕτως

300 4213 461 4266 αὐτὸν
499 4213 925 4285 προσαγορεύειο
992 4233 1010 4265 ι
1034 4213 1158 4266 Ἐἀν
1193 4213 1341 4286 ἴδητε
1368 4214 1460 4267 τὸν
1496 4215 1622 4268 Υἰὸν
1660 4216 1753 4270 τοῦ
1785 4216 1877 4269 ἀν-

299 4303 518 4376 θρώπου
565 4305 927 4376 ἀνερχόμενον
968 4305 1103 4358 ὅπου
1145 4298 1212 4376 ἣν
1255 4304 1317 4358 τὸ
1371 4305 1634 4378 πρότερον
1661 4325 1674 4338 ο
1705 4327 1725 4360 ι
1779 4307 1877 4379 οὐχ

297 4400 331 4471 ή
372 4397 465 4450 τοῦ
507 4396 693 4450 δούλου
743 4396 947 4467 μορφὴ,
975 4395 1090 4448 ἀλλ’
1132 4397 1165 4466 ή
1217 4394 1311 4451 τοῦ
1357 4396 1493 4450 Θεοῦ
1524 4402 1740 4470 μορφή⁹
1780 4402 1875 4454 καὶ

298 4484 475 4550 αὖθις·
512 4505 530 4538 ι
559 4488 682 4540 ’Ὁτι
721 4486 832 4549 υίὸς
862 4484 1149 4557 ἀνθρώπου
1182 4486 1318 4550 ἐστὶ,
1351 4486 1505 4556 φησὶ,
1558 4487 1631 4558 μὴ
1662 4488 1873 4560 θαυμά-

299 4579 421 4643 ζετε
444 4577 621 4642 τοῦτο,
651 4578 732 4630 ὃτι
777 4577 993 4647 ἔρχεται
1026 4578 1145 4649 ὥρα
1194 4578 1251 4630 ἐν
1364 4577 1686 4633 ἀκούσονται
1722 4581 1770 4633 οἰ
1813 4582 1871 4636 ἐν

298 4676 410 4736 τοῖς
445 4675 693 4743 μνήμασι
714 4671 812 4740 τῆς
841 4671 1024 4744 φωνῆς
1058 4670 1246 4735 αὐτοῦ,
1294 4672 1388 4725 καὶ
1428 4670 1798 4739 ἐξελεύσονται
1821 4675 1870 4727 oi

297 4766 367 4820 τὰ
401 4763 583 4833 ἀγαθά
617 4763 960 4834 ποιήσαντες,
997 4764 1077 4826 εἰς
1106 4763 1402 4817 ἀνάστασιν
1431 4761 1603 4834 ζωῆςο
1635 4766 1686 4818 oi
1715 4765 1773 4819 δὲ
1805 4765 1874 4819 τὰ

299 4858 482 4929 φαῦλα
506 4855 832 4927 πράξαντες,
868 4857 946 4920 εἰς
979 4856 1277 4909 ἀνάστασιν
1322 4854 1576 4925 κρίσεως.
1603 4873 1623 4906 ι
1673 4856 1747 4909 Οὐ
1773 4854 1874 4926 τῆς

298 4948 713 5022 ἀνθρωπότητος
761 4948 819 5001 δὲ
859 4949 1021 5020 ψιλῆς
1063 4947 1222 5001 τοῦτο
1268 4946 1329 5001 τὸ
1385 4946 1533 5014 ἰδιον,
1591 4948 1729 5002 ἀλλά
1772 4948 1875 5019 τῆς

296 5041 625 5113 ἐνεργούσης
654 5039 928 5111 θεότητος,
970 5040 1185 5109 καὶτῆς
1209 5038 1540 5110 φαινομένης
1574 5038 1637 5110 δὴ
1664 5041 1874 5112 ἀνορωο

298 5134 528 5204 πότητος
554 5132 645 5187 διά
668 5132 765 5205 τὴν
792 5133 930 5206 πρὸς
957 5132 1056 5205 τὴν
1097 5131 1322 5202 θεότητα
1364 5130 1659 5201 συνάφειάν
1689 5149 1748 5185 τε
1777 5134 1871 5186 καὶ

293 5225 505 5279 ἕνωσιν.

294 5335 378 5387 Λ’.
432 5332 561 5386 Ὅτι
608 5332 740 5416 Υἱὸς
788 5333 827 5401 ἡ
868 5332 1013 5419 ,τοῦι
1064 5332 1290 5387 δούλου
1340 5328 1543 5417 μορφὴ
1593 5327 1691 5383 διὰ
1754 5331 1869 5399 τὴν

469 5402 809 5472 συνάφειαν
850 5404 1134 5468 ὡσαύτως
1168 5401 1689 5470 προσαγορεύεται.

362 5516 549 5581 Οὕτως
584 5518 629 5570 6'
664 5518 798 5582 Θεὸς
840 5518 1010 5587 Λόγος
1056 5514 1349 5570 οἰκειοῦται
1398 5514 1498 5585 τῆς
1534 5512 1631 5567 τοῦ
1681 5511 1864 5568 δούλου

1984 3213 2200 3275 locavit,
2230 3211 2390 3280 eique
2420 3219 2614 3261 nomen
2635 3202 2855 3258 donavit
2884 3197 3028 3269 quod
3056 3204 3143 3251 est
3183 3205 3348 3261 super
3392 3201 3557 3244 omne

1982 3323 2179 3365 nomen
2211 3305 2281 3371 ⁸⁷,
2312 3316 2464 3358 suam
2499 3311 2693 3368 nempe
2727 3294 3045 3363 dignitatem
3079 3288 3181 3359 ipsi
3226 3282 3553 3341 conferens:

1981 3417 2042 3455 ac
2061 3409 2266 3455 natura!
2289 3392 2705 3465 appellationem
2737 3386 2880 3442 illius
2901 3396 3144 3444 sumens,
3172 3377 3265 3449 qui
3281 3382 3401 3432 erat
3422 3381 3557 3427 ante

1981 3490 2178 3544 sacula
2204 3488 2302 3542 Dei
2325 3484 2587 3548 Verbum,
2617 3480 2785 3536 Filius
2814 3474 3050 3531 hominis
3076 3470 3340 3528 nominari
3371 3465 3565 3534 liben-

1984 3588 2064 3632 ter
2102 3578 2288 3633 voluit.
2329 3594 2349 3626 ι
2386 3574 2555 3630 Nemo
2577 3572 2746 3633 enim,
2780 3568 2957 3636 inquit
2978 3563 3242 3633 (Paulus),
3273 3560 3328 3615 in
3355 3557 3561 3614 ctelum

1982 3667 2248 3730 ascendit,
2273 3665 2377 3719 nisi
2399 3665 2491 3733 qui
2524 3663 2590 3716 de
2616 3659 2756 3716 calo
2790 3656 3066 3712 descendit
3095 3654 3261 3707 Filius
3295 3649 3563 3716 hominis,

1982 3764 2160 3834 quiin
2196 3760 2348 3816 caelis
2409 3769 2494 3814 est
2525 3756 2594 3811 ⁸⁸.
2637 3771 2661 3808 ι
2714 3750 3005 3807 Descendit
3062 3756 3244 3802 autem
3293 3746 3362 3800 de
3413 3742 3565 3799 coelo-

1982 3872 2091 3912 non
2118 3856 2163 3911 is
2190 3853 2279 3925 qui
2324 3859 2440 3906 erat
2471 3850 2537 3904 de
2590 3844 2808 3901 Davidis
2855 3841 3083 3905 semine,
3131 3838 3238 3895 sed.
3284 3834 3550 3891 calorum

1979 3957 2218 4013 creator,
2253 3944 2346 4001 Dei
2372 3950 2499 3998 ante
2535 3953 2696 3995 omne
2760 3944 2973 4002 tempus
3026 3930 3265 3987 Verbum
3318 3935 3377 3983 et
3427 3934 3564 3983 ante.

1979 4039 2201 4097 saecula.
2232 4036 2330 4091 llic
2363 4041 2582 4105 propter
2608 4041 2765 4085 suam
2807 4039 2928 4081 cum
2968 4022 3303 4079 humanitate
3344 4017 3559 4073 aduna-

1979 4136 2203 4199 tionem,
2238 4129 2363 4185 Filii
2393 4123 2628 4181 hominis
2659 4115 3082 4184 nomenaccipit.
3111 4111 3178 4167 Et
3204 4113 3310 4167 alio
3357 4124 3551 4164 rursus

1979 4223 2099 4278 loco
2124 4221 2269 4276 hunc
2305 4219 2377 4274 ita
2400 4214 2672 4286 appellat:
2708 4228 2728 4263 ι
2765 4208 2823 4264 Si
2846 4205 3092 4264 videritis
3128 4203 3326 4260 Filium
3371 4199 3548 4257 homi-

1980 4315 2063 4370 nis
2089 4313 2215 4367 illuc
2239 4310 2623 4366 ascendentem
2651 4302 2741 4357 ubi
2771 4301 2924 4370 prius
2945 4306 3066 4353 erat
3094 4295 3163 4361 ⁸⁸,
3218 4313 3237 4348 ι
3274 4307 3379 4349 non
3408 4290 3548 4347 servi

1982 4407 2180 4472 forma,
2228 4402 2321 4458 sed
2370 4401 2546 4455 forma
2592 4394 2708 4450 Dei.
2773 4391 2844 4447 Et
2887 4404 3112 4445 rursus:
3150 4405 3168 4440 ι
3198 4384 3351 4453 Quod
3411 4382 3552 4437 ﬁlius

1981 4497 2215 4556 hominis
2237 4494 2329 4561 sit,
2354 4489 2547 4560 inquit,
2575 4501 2643 4543 ne
2677 4482 2945 4539 miremini
2979 4498 2993 4547 ;
3029 4478 3176 4533 venit
3201 4476 3344 4531 enim
3390 4474 3549 4540 hora,

1978 4606 2088 4663 qua
2117 4589 2152 4644 ii
2175 4588 2269 4659 qui
2302 4585 2356 4640 in
2380 4576 2744 4637 monumentis
2771 4571 3133 4628 suntaudient
3158 4582 3348 4623 vocem
3364 4565 3506 4620 illius
3530 4582 3544 4619 :

1978 4655 2033 4737 et
2064 4655 2358 4750 procedent
2387 4670 2482 4743 qui
2531 4670 2669 4724 bona
2725 4664 2977 4720 iecerunt
3001 4661 3054 4716 in
3096 4655 3547 4715 resurrectionem

1979 4747 2145 4836 vitae;
2179 4768 2271 4838 qui
2312 4778 2442 4819 vero
2495 4758 2635 4815 mala
2687 4762 2936 4827 egerunt,
2987 4752 3042 4807 in
3099 4747 3549 4805 resurrectionem

1975 4860 2161 4932 iudicii
2192 4858 2260 4911 ὀ.
2284 4875 2301 4908 ι
2326 4855 2442 4911 Non
2477 4862 2554 4908 est
2578 4851 2680 4906 hoc
2701 4848 2858 4903 unius
2881 4842 3233 4901 humanitatis
3249 4839 3543 4910 proprium,

1969 4954 2066 5009 sed
2098 4948 2373 5021 operantis
2408 4943 2727 5007 divinitatis,
2762 4948 2817 4995 et
2841 4936 2998 4994 simul
3023 4932 3375 4991 humanitatis
3418 4945 3549 4984 con-

1969 5019 2170 5108 spicuae
2232 5043 2455 5107 propter
2508 5046 2661 5088 suam
2707 5043 2829 5084 cum
2873 5025 3158 5083 divinitate
3210 5019 3547 5093 conjunctio-

1970 5145 2092 5187 nem
2125 5138 2290 5200 atque
2329 5125 2730 5183 adunationetn.

1980 5330 2150 5387 XXX.
2185 5327 2338 5394 Quod
2369 5326 2542 5396 forma
2564 5320 2798 5396 seruiuit
2848 5318 3083 5396 canitiem
3125 5280 3540 5388 conjunctionem

2376 5389 2547 5449 Filius
2570 5392 2809 5448 similiter
2832 5389 3139 5460 appetletur.

2043 5512 2115 5567 ita
2173 5512 2313 5567 Deus
2361 5506 2594 5565 Verbum
2650 5504 2926 5577 propriam
2979 5503 3083 5559 sibi
3137 5501 3267 5588 facit
3330 5494 3544 5553 servilis

361 5698 409 5731 ⁸⁸
433 5698 668 5761 Roman,
695 5696 746 5751 5.
781 5697 825 5729 ⁸⁸
854 5697 872 5750 ι
898 5696 1131 5751 ΤἰιηοιΙι.
1166 5709 1244 5762 ιιι,
1274 5692 1361 5753 16.
1396 5694 1439 5725 ⁸⁷
1475 5692 1701 5765 Philipp.
1739 5708 1799 5759 ιι,
1829 5692 1877 5749 9.

1984 5692 2005 5723 ⁸
2033 5689 2225 5760 Ephes.
2260 5705 2328 5757 ιν,
2370 5688 2455 5745 10.
2497 5685 2716 5744 "Joan.
2755 5702 2825 5753 vr,
2857 5683 2946 5740 63.
2990 5680 3035 5713 ⁸⁸
3066 5677 3223 5733 Joan.
3259 5686 3315 5738 ν,
3339 5664 3540 5729 27-39.
