3946 6202
400 229 529 284 H71

1422 238 1480 292 S.
1520 237 1795 297 CYBlLLI
1831 233 2303 297 ALEXANDRINI
2338 230 2659 289 ARCHIEP.

3512 214 3668 271 ιιγει

398 354 584 408 forma!
615 352 873 408 vilitatem
900 371 915 421 ;
940 361 993 409 et
1023 354 1163 409 Deus
1205 368 1326 409 cum
1378 369 1542 425 esset,
1602 360 1766 415 homo
1803 358 1966 415 voluit

2076 356 2289 427 μορφῆς
2309 355 2410 427 τὴν
2445 353 2738 418 εὐτέλειαν,
2768 350 2862 405 καὶ
2887 348 3021 411 Θεὸς
3050 343 3333 416 ὑπάρχων,
3363 337 3671 427 ἄνθρωπος

400 447 701 513 nominari;
727 457 888 515 atque
915 455 973 499 ut
1002 446 1236 501 hominis
1258 447 1619 504 humilitatem
1656 450 1970 521 assumpsit,

392 540 471 592 ‘lta
503 538 628 593 huic
663 539 905 592 vicissim
936 537 1316 594 sublimitatem
1343 541 1780 596 communicavit.
1802 542 1974 597 Voca-

401 641 559 685 catur
595 630 736 684 enim
762 629 1001 699 Virginis
1020 630 1275 698 parvulus
1326 630 1735 707 Emmanuel“,
1781 646 1973 703 nempe

402 723 449 777 is
480 722 569 792 qui
601 722 792 791 pannis
836 730 922 776 est
964 721 1238 777 involutus
1268 724 1336 785 “,
1365 732 1422 778 et.
1480 723 1647 779 ubera
1704 725 1867 794 sugit,
1918 732 1974 779 et

402 812 542 867 lacte
572 814 829 877 nutritur,
873 812 1179 882 diciturqne
1230 814 1408 881 magni
1453 814 1667 870 consilii
1724 815 1969 884 angelus,

402 902 739 957 admirabilis
769 901 1136 965 consiliarius,
1188 913 1242 957 et
1285 902 1427 959 Deus
1471 904 1649 970 fortis,
1704 920 1768 959 ac
1796 906 1972 959 domi-

404 1003 579 1055 nator,
609 1004 663 1047 et
699 994 950 1062 princeps
980 993 1147 1062 pacis,
1186 1004 1241 1049 et
1267 993 1428 1050 Pater
1479 993 1644 1051 futuri
1675 995 1855 1051 saeculi
1882 997 1971 1063 ⁹³;

402 1100 503 1140 nec
532 1100 635 1138 non
663 1082 829 1140 Filius
857 1084 1143 1150 Altissimi,
1191 1093 1248 1141 et
1294 1084 1573 1155 Servator,
1603 1096 1657 1142 et
1693 1089 1969 1155 Dominus,

401 1184 455 1229 et
486 1173 723 1227 universi
775 1174 962 1227 mundi
1018 1173 1262 1231 Creator.
1301 1193 1320 1227 ι
1360 1173 1510 1231 Unus
1557 1176 1727 1241 enim,
1775 1177 1969 1248 inquit,

401 1264 663 1319 Dominus
697 1261 857 1319 Jesus
898 1263 1165 1331 Christus,
1226 1281 1319 1336 per
1366 1282 1525 1337 quem
1568 1268 1732 1341 843
1763 1286 1811 1323 m
1853 1285 1973 1324 om-

400 1358 490 1411 nia
516 1355 584 1411 “.
622 1376 641 1410 ι
682 1356 752 1411 Ει
782 1356 1000 1427 quidem
1049 1356 1211 1414 .Iesus
1242 1368 1297 1414 et
1325 1358 1574 1415 Christus
1597 1362 1813 1415 nomina
1847 1368 1974 1416 sunt

400 1450 791 1506 incarnationis
822 1451 1198 1521 signiticativa.
1254 1449 1564 1507 lncarnatio
1597 1462 1779 1507 autem
1826 1453 1972 1509 haud

398 1549 526 1597 ante
560 1556 740 1597 rerum
759 1543 1088 1597 creationem
1133 1556 1307 1611 neque
1332 1543 1515 1597 statim
1562 1554 1688 1613 post
1730 1548 1974 1603 .creatio-

398 1647 543 1695 nem,
577 1633 674 1687 sed
699 1633 962 1688 extremis
1016 1633 1347 1701 temporibus
1373 1634 1588 1689 accidit.
1622 1634 1973 1708 Quandoqui-

2076 426 2340 519 ἠθέλησεν
2367 426 2751 516 ὀνομάζεσθαι.
2780 440 2891 494 Καὶ
2912 437 3100 507 ὥσπερ
3137 430 3396 507 μετέλαϐε
3424 427 3538 483 τῶν
3559 426 3667 480 τοῦ

2074 540 2359 613 ἀνθρώπου
2392 536 2685 601 ταπειῖρῶν,
2719 534 2864 589 οὕτω
2900 532 3010 587 τῶν
3034 528 3257 600 ὑψηλῶν
3294 525 3437 596 αὐτῷ
3481 539 3669 594 μετα.-

2071 634 2291 688 δέδωκε.
2320 630 2583 684 Καλεῖται
2620 628 2730 698 γάρ
2755 627 2817 679 τὸ
2842 625 2942 695 τῆς
2972 621 3252 691 Παρθένου
3284 617 3485 689 βρέφος
3523 614 3671 683 Ἐμ-

2081 722 2339 796 μανουὴλ,
2370 724 2464 777 καὶ
2487 722 2547 776 τὸ
2573 723 2686 783 τοῖς
2728 718 3068 789 σπαργάνοις
3103 709 3523 781 ὲνειλημμένον,
3561 704 3671 759 καὶ

2081 816 2249 889 θηλὴν
2269 815 2447 879 ἕλκον,
2472 815 2569 869 καὶ
2598 813 2932 883 τρεφόμενον
2973 808 3229 877 γάλακτι,
3270 804 3365 858 καὶ
3402 801 3669 854 καλεῖται

2084 908 2325 978 μεγάλης
2355 904 2550 976 βουλῆς
2571 900 2855 971 Ἄγγελος,
2878 898 2976 953 καὶ
2999 893 3309 968 θαυμαστὸς
3325 892 3388 947 σύ
3397 890 3663 963 μὸουλος.

2073 1001 2175 1056 καὶ
2190 999 2322 1064 Θεὸς
2356 998 2593 1070 ἰσχυρὸς,
2636 996 2731 1050 καὶ
2762 991 3134 1063 ὲξουσιαστὴς,
3167 992 3264 1043 καὶ
3289 988 3472 1059 ἄρχων
3500 987 3668 1055 εἰρή-

2075 1111 2193 1165 νης,
2255 1092 2352 1147 καὶ
2406 1089 2595 1159 Πατὴρ
2649 1085 2745 1141 τοῦ
2802 1083 3087 1155 μέλλοντος
3123 1081 3339 1144 αἰῶνος,
3383 1080 3479 1133 καὶ
3528 1076 3670 1140 Υἰδς

2084 1185 2363 1256 Ὑψίστου,
2401 1184 2497 1238 καὶ
2549 1180 2761 1251 Σωτὴρ,
2813 1178 2908 1231 καί
2945 1176 3173 1244 Κύριος,
3217 1172 3313 1227 καὶ
3359 1171 3467 1225 τῶν
3518 1168 3671 1222 ὅλων

2073 1279 2435 1352 Δημιουργός.
2487 1296 2505 1328 ι
2533 1270 2628 1338 Εἷς
2659 1266 2789 1344 γὰρ,
2830 1272 2984 1342 φησι,
3029 1268 3233 1340 Κύριος
3272 1263 3478 1336 Ἰησοῦς
3518 1263 3665 1334 Χρι-

2081 1373 2225 1439 στὸς,
2255 1371 2324 1426 δι’
2347 1364 2407 1425 οὗ
2438 1369 2507 1424 τά
2534 1366 2881 1423 πάντα.»Καὶ
2914 1363 3021 1436 μὴν
3035 1362 3106 1416 τὰ
3142 1357 3377 1427 Ἰησοῦς
3394 1356 3494 1411 καὶ
3518 1358 3664 1425 Χρι-

2079 1466 2183 1532 τὸς
2211 1465 2474 1535 ὀνόματα,
2504 1460 2605 1530 τῆς
2636 1456 2951 1527 οἰκονομίας
2973 1454 3080 1509 εἰσὶ
3107 1449 3419 1523 σημαντικά
3446 1448 3533 1519 (ι)
3559 1465 3574 1478 ·
3625 1447 3663 1517 ή

2076 1559 2135 1613 δὲ
2166 1555 2473 1627 οἰκονομία,
2505 1553 2567 1607 οὐ
2612 1551 2717 1622 πρὸ
2743 1549 2844 1618 τῆς
2875 1547 3125 1610 κτίσεως,
3173 1542 3292 1598 οὐδὲ
3318 1540 3483 1605 εὐθὺς
3519 1539 3664 1610 μετὰ

2072 1651 2172 1723 τὴν
2200 1649 2398 1716 κτίσιν,
2437 1646 2553 1702 ἀλλ’
2596 1645 2682 1699 ἐπ’
2717 1643 2961 1713 ἐσχάτων
2989 1637 3099 1694 τῶν
3135 1636 3355 1708 ήμερῶν
3389 1632 3616 1703 ἐγένετο
3644 1648 3661 1662 ·

395 1724 520 1780 dem
552 1725 713 1795 igitur
751 1737 942 1779 nomen
984 1722 1254 1788 Christus,
1306 1739 1413 1779 non
1458 1739 1798 1797 assumptum
1851 1741 1966 1786 tan-

2077 1718 2263 1813 ὲπειδὴ
2300 1741 2482 1796 τοίνυν
2509 1738 2571 1792 τὸ
2608 1735 2861 1807 Χριστὸς
2900 1733 3092 1803 ὅνομα,
3131 1730 3194 1783 οὐ
3235 1728 3327 1784 τὸν
3376 1725 3661 1797 ληφθέντα

399 1814 696 1881 tummodo,
767 1829 957 1869 verum
1006 1815 1169 1869 etiam
1222 1831 1506 1873 assumens
1561 1815 1798 1875 Verbum
1864 1838 1968 1877 una

396 1920 521 1959 cum
549 1914 828 1974 assumpto
863 1904 1085 1960 denotat
1134 1907 1391 1976 (namque
1454 1908 1504 1962 id
1550 1925 1750 1965 nomen
1800 1912 1970 1968 Deum

395 1994 556 2050 simul
603 2006 659 2051 et
709 1996 978 2051 hominem
1023 1996 1342 2070 signiﬁcat),
1371 1998 1569 2057 Paulus
1616 2004 1866 2060 attribuit
1918 2006 1970 2062 ei

396 2086 491 2157 qui
515 2086 746 2143 visibilis
775 2096 878 2150 est,
922 2099 1144 2158 propter
1192 2103 1348 2145 suam
1394 2107 1517 2147 cum
1549 2092 1805 2151 invisibili
1835 2112 1969 2153 con-

390 2178 749 2250 iunctionem,
779 2180 1045 2246 attribuit,
1071 2180 1311 2251 inquam,
1344 2185 1583 2241 universi
1600 2188 1785 2243 mundi
1810 2204 1968 2246 crea-

398 2272 598 2337 tionem
651 2281 707 2327 et
754 2273 1184 2342 dispositionem.
1218 2275 1397 2345 Quare
1428 2287 1485 2335 et
1520 2280 1649 2336 alibi
1694 2279 1971 2340 Chriswm

395 2378 566 2446 super;
595 2364 777 2419 omnia
806 2364 970 2420 Deum
1006 2367 1283 2437 appellat;
1323 2370 1400 2424 ait
1432 2371 1575 2427 enim
1612 2391 1626 2428 :
1668 2394 1686 2428 ι
1720 2373 1797 2430 Ex
1846 2378 1970 2446 qui-

394 2456 495 2511 bus
523 2438 606 2511 est
643 2457 938 2512 secundum
974 2452 1192 2514 carnem
1227 2460 1498 2530 Christus,
1534 2464 1629 2534 qui
1675 2457 1759 2523 est
1804 2438 1972 2537 super

393 2548 576 2603 omnia
604 2548 746 2605 Deus
771 2550 840 2604 ".
880 2568 901 2603 ι
940 2549 1056 2606 Non
1084 2553 1210 2621 quia
1248 2551 1469 2610 Davidis
1513 2572 1681 2628 nepos
1726 2559 1842 2630 ipse
1873 2576 1971 2629 per

393 2655 454 2696 se
480 2640 553 2695 sit
577 2639 743 2704 Deus,
773 2650 830 2696 et
852 2657 1019 2710 super
1050 2645 1255 2711 omnia,
1302 2647 1398 2702 sed
1435 2649 1560 2717 quia
1622 2650 1715 2706 Dei
1770 2655 1970 2711 summi

396 2730 652 2800 templum
679 2742 817 2801 erat,
849 2735 1055 2792 unitam
1103 2738 1520 2812 copulatamque
1549 2742 1758 2800 habens
1784 2760 1969 2804 secum

395 2823 759 2882 divinitatem.

392 2937 587 2994 XXXI.
623 2939 778 3006 Quod
825 2943 945 2998 duce
990 2945 1370 3070 είηὲἡηςὶειινω,
1396 2965 1505 3006 una
1536 2958 1711 3007 autem
1744 2970 1970 3024 persona

1150 3032 1194 3069 rt
1247 3034 1285 3070 ι.

1150 3028 1285 3072 mn.

460 3120 586 3177 ideo
618 3138 637 3174 ι
663 3119 824 3178 Iesus
850 3122 1103 3183 Christus
1161 3128 1276 3184 heri
1301 3138 1356 3186 et
1396 3133 1576 3200 hodie,
1605 3135 1745 3192 idem
1780 3149 1865 3194 est
1909 3148 1965 3196 et

392 3215 446 3268 in
477 3213 675 3281 stecula
696 3214 763 3268 ".
805 3232 825 3267 ι
860 3214 975 3269 Non
1010 3219 1153 3273 enim
1186 3221 1239 3275 in
1276 3222 1411 3280 duas
1442 3237 1707 3295 personas
1744 3230 1964 3301 dispen—

390 3304 621 3392 sationis
670 3318 807 3374 opus
860 3306 1173 3375 dividimus,
1239 3327 1416 3382 neque
1481 3317 1617 3373 duos
1669 3320 1811 3377 filios
1865 3338 1964 3392 pro

391 3390 685 3463 Unigenito
717 3393 1075 3465 praedicamus
1112 3408 1167 3453 et
1197 3403 1490 3471 credimus,
1521 3408 1616 3462 sed
1662 3410 1796 3467 duas
1841 3390 1965 3470 esse

392 3495 614 3540 naturas
647 3493 703 3540 et
731 3487 1023 3544 didicimus
1070 3500 1127 3546 et
1153 3492 1429 3550 docemus.
1484 3497 1643 3555 Aliud
1673 3503 1818 3559 enim
1879 3516 1965 3563 est

390 3575 582 3641 deitas,
606 3585 661 3631 et
690 3576 831 3631 aliud
872 3580 1182 3638 immanitas
1213 3600 1229 3640 :
1259 3585 1401 3641 aliud
1437 3602 1533 3656 per
1565 3606 1624 3647 se
1650 3594 1944 3664 exsistens,

388 3676 444 3720 et
477 3667 624 3723 aliud
676 3672 821 3739 quod
885 3672 1088 3730 factum
1146 3687 1228 3733 est
1262 3697 1277 3731 :
1307 3680 1452 3735 aliud
1516 3682 1607 3739 Dei
1665 3684 1862 3752 forma,
1908 3701 1965 3746 et

388 3757 535 3812 aliud
568 3759 739 3815 forma
770 3763 1051 3822 hominis:
1080 3769 1225 3823 aliud
1282 3785 1504 3829 sumens
1551 3786 1769 3844 natura,
1812 3780 1962 3838 aliud

388 3860 601 3944 sumpta
640 3872 656 3907 :
700 3854 843 3910 aliud
891 3860 1149 3928 templum
1196 3863 1541 3934 dissolutum,
1588 3877 1644 3923 et
1684 3870 1832 3928 aliud
1870 3875 1963 3944 qui

389 3941 492 3999 hoc
525 3944 844 4003 dissolutum
873 3953 1219 4010 resuscitavit
1244 3955 1406 4014 Deus.

386 4141 602 4203 XXXII.
657 4148 811 4225 Quo_d_
863 4158 1425 4225 Anonmconcretionem,
1456 4161 1548 4215 sed
1611 4164 1857 4221 unionem
1907 4169 1964 4223 in

742 4218 953 4277 Christo
970 4222 1142 4280 dicere
1174 4218 1471 4298 religiosum
1492 4233 1581 4287 sit.

454 4329 570 4387 Non
583 4346 711 4401 ergo
730 4342 856 4388 natu
866 4350 953 4392 ras
964 4337 1545 4415 cqnfundimusmeque
1557 4352 1957 4409 concretionem

2074 1836 2255 1909 μόνον,
2282 1834 2419 1889 ἀλλὰ
2445 1834 2540 1887 καὶ
2566 1832 2658 1886 τὸν
2686 1829 2917 1883 λαϐόντα
2939 1826 3112 1893 Λόγον
3145 1820 3285 1893 μετὰ
3303 1816 3395 1874 τοῦ
3417 1816 3659 1909 ληφθέν⁴

2070 1908 2159 1994 τος
2194 1927 2359 1998 δηλοῖ
2390 1923 2523 1997 (τοῦ
2559 1921 2695 1977 Θεοῦ
2735 1920 2847 1990 γὰρ
2886 1917 2981 1971 καὶ
3014 1915 3109 1968 τοῦ
3158 1911 3447 1982 ἀνθρώπου
3491 1908 3658 1964 τοῦτο

2072 2018 2407 2094 σημαντικόν
2434 2016 2622 2085 ὲστιν)·
2652 2016 2682 2069 ὁ
2717 2011 2927 2075 Παῦλος
2956 2007 3242 2075 ἀνατίθησι
3278 2005 3370 2059 καὶ
3399 2002 3478 2075 τῷ
3508 2006 3654 2075 om-

2075 2110 2340 2184 μένῳδιὰ
2364 2109 2464 2182 τήν
2492 2108 2628 2178 πρὸς
2658 2105 2720 2161 τὸ
2758 2106 3137 2176 κρυπτόμενον
3164 2102 3380 2167 ἕνωσιν,
3426 2098 3529 2169 τὴν
3561 2097 3658 2151 τοῦ

2072 2205 2272 2269 παντὸς
2299 2202 2516 2276 ποίησίν
2554 2220 2615 2257 τε
2645 2201 2740 2254 καὶ
2772 2198 3161 2268 διακόσμησιν·
3191 2194 3271 2250 διὸ
3303 2194 3398 2248 καὶ
3424 2190 3659 2261 ἑτέρωθι

2069 2297 2161 2353 τὸν
2194 2296 2427 2370 Χριστὸν
2465 2294 2557 2349 hri.
2595 2292 2814 2348 πάντων
2860 2287 3263 2362 προσαγορεύει
3295 2285 3425 2341 Θεόν
3446 2302 3461 2315 ·
3500 2301 3524 2337 ‹
3566 2281 3657 2348 Ἐξ

2069 2385 2145 2446 ὧν
2184 2391 2312 2462 γὰρ,
2350 2389 2535 2460 φησὶν,
2562 2385 2797 2457 Χριστὸς
2837 2384 2899 2437 τὸ
2943 2380 3085 2435 κατὰ
3123 2380 3320 2452 σάρκα,
3357 2378 3385 2431 ὁ
3426 2374 3500 2429 ὢν
3546 2374 3641 2426 ἐπι

2071 2485 2292 2540 πάντων
2333 2482 2489 2546 Θεός.
2519 2501 2537 2534 ι
2589 2481 2707 2534 Uine
2742 2477 2929 2548 ἐπειδὴ
2962 2477 3057 2530 τοῦ
3095 2474 3258 2529 Δαόὶδ
3297 2474 3325 2526 ό
3373 2469 3633 2536 ἀπόγονος

2071 2580 2237 2643 αὐτὸς
2264 2577 2387 2634 καθ’
2414 2576 2577 2632 αὑτὸν
2610 2574 2745 2638 Θεός
2778 2575 2914 2637 ἐστι,
2944 2571 3040 2627 καὶ
3096 2570 3186 2623 επὶ
3214 2568 3416 2623 πάντων
3462 2560 3640 2625 Θεὸς,

2070 2672 2186 2727 ἀλλ’
2218 2673 2302 2727 ὅτι
2328 2669 2421 2725 τοῦ
2452 2665 2587 2725 Θεοῦ
2616 2665 2711 2720 τοῦ
2740 2666 2833 2719 ἐπὶ
2862 2663 3082 2718 πάντων
3111 2658 3308 2729 ὑπῆρχε
3329 2654 3651 2722 noema».

2075 2767 2247 2838 μένην
2275 2766 2372 2821 καὶ
2396 2761 2750 2835 συνημμένην
2785 2759 2927 2829 ἔχων
2962 2753 3140 2825 ἐαυτῷ
3162 2752 3262 2824 τὴν
3289 2748 3550 2819 θεότητα.

2144 2971 2270 3025 AA’.
2322 2967 2452 3020 Ὀτι
2504 2963 2615 3039 δύο
2659 2960 2941 3039 perclo}
2982 2959 3235 3039 ἐρύσας,
3286 2953 3357 3009 ἐν·
3398 2952 3466 3006 δὲ
3511 2952 3584 3004 τὸ

2124 3096 2140 3120 δ
2456 3030 2803 3104 πρόσωπον
2826 3030 2933 3085 τοῦ
2975 3030 3258 3098 Χριστοῦ.

2137 3151 2237 3207 Διὰ
2282 3149 2442 3204 τοῦτο
2493 3168 2511 3201 ι
2548 3144 2755 3217 Ἰησοῦς
2785 3143 3021 3216 Χριστὸς
3047 3141 3179 3213 χθὲς
3209 3140 3304 3194 καὶ
3337 3139 3599 3209 σήμερον,
3624 3136 3656 3189 ό

2066 3245 2229 3309 αὐτὸς
2275 3242 2371 3297 καὶ
2400 3242 2482 3305 εἰς
2507 3240 2636 3303 τοὺς
2677 3236 2899 3299 αἰῶνας.
2927 3253 2945 3286 ι
2986 3233 3061 3286 Οὐ
3105 3232 3216 3303 γάρ
3258 3232 3340 3294 εἰς
3378 3227 3655 3300 πρόσωπα

2064 3338 2159 3392 δύο
2194 3336 2299 3408 τὴν
2330 3332 2644 3402 οἰκονομίαν
2675 3327 2990 3400 μερίζομεν,
3039 3323 3160 3378 οὐδὲ
3201 3322 3352 3385 υἰοὺς
3393 3320 3488 3374 δύο
3530 3319 3656 3373 ἀντὶ

2065 3429 2158 3484 τοῦ
2192 3424 2532 3495 Μονογενοῦς
2569 3420 2916 3494 κηρύπομέν
2959 3435 3019 3471 τε
3073 3418 3170 3471 καὶ
3205 3410 3652 3484 δογματίζομεν,

2066 3521 2203 3577 ἀλλὰ
2221 3520 2316 3574 δύο
2347 3518 2445 3590 μὲν
2473 3518 2573 3579 τὰς
2600 3514 2790 3585 φύσεις
2825 3508 2963 3565 εἶναι
3004 3510 3099 3563 καὶ
3144 3506 3555 3580 μεμαθήκαμεν
3579 3502 3656 3574 (Ξ)

2065 3610 2159 3665 καὶ
2212 3606 2571 3675 διδάσκομενο
2629 3603 2815 3673 ἕτερον
2872 3600 2981 3672 γάρ
3034 3598 3263 3670 θεότης,
3318 3597 3415 3651 καὶ
3459 3596 3657 3667 ἕτερον

2064 3698 2451 3769 άνθρωπότης·
2480 3697 2668 3766 ἕτερον
2690 3693 2753 3747 τὸ
2776 3692 2855 3757 ὃν,
2885 3692 2979 3747 καὶ
3006 3692 3195 3763 ἕτερον
3231 3691 3295 3745 τὸ
3318 3690 3622 3760 γενόμενον
3639 3707 3655 3722 ·

2064 3794 2193 3851 ἄλλο
2220 3795 2253 3865 ὴ
2278 3790 2373 3845 τοῦ
2410 3788 2546 3843 Θεοῦ
2588 3785 2789 3859 μορφὴ,
2841 3786 2937 3839 καί⁸
2983 3784 3168 3854 άλλοή
3212 3782 3307 3836 τοῦ
3354 3781 3659 3853 ἀνθρώπου

2069 3887 2251 3960 μορφή
2274 3904 2288 3918 ·
2321 3885 2414 3939 καὶ
2442 3881 2571 3937 ἄλλο
2596 3882 2629 3951 ὴ
2661 3878 2924 3945 λαόοῦσα,
2946 3878 3039 3932 καὶ
3062 3877 3252 3947 ἕτερον
3279 3877 3312 3947 ή
3346 3874 3655 3947 ληφθεῖσαι

2063 3982 2253 4051 ἕτερον
2292 3980 2321 4031 ὁ
2360 3976 2541 4039 λυθεὶς
2577 3972 2724 4040 ναὸς,
2769 3973 2866 4027 καὶ
2909 3971 3094 4041 ἕτερον
3136 3971 3165 4024 ό
3202 3969 3431 4023 λυθέντα
3456 3967 3658 4031 τοῦτον

2063 4065 2375 4136 ἀναστήσας
2407 4063 2561 4126 Θεός.

2064 4182 2190 4238 AB'.
2230 4181 2360 4234 Ὀτι
2408 4179 2479 4234 οὐ
2520 4174 2739 4247 κρᾶσιν
2770 4177 2974 4246 λέγειν
3021 4177 3216 4247 ὅσιον,
3247 4176 3386 4231 ἀλλ’
3427 4175 3645 4230 ἕνωσιν

2555 4247 2656 4302 ἐπὶ
2710 4247 2816 4302 τοῦ
2869 4246 3149 4315 Χριστοῦ.

2116 4346 2212 4399 λΟὑ
2266 4346 2364 4409 τάς
2416 4341 2608 4413 φύσεις
2658 4339 2839 4393 τοίνυν
2896 4338 3222 4409 ωγχέομεν,
3270 4340 3394 4392 οὐδὲ
3449 4341 3655 4409 κρᾶσιν

387 4426 608 4481 factoris
686 4428 1015 4499 facturaque
1072 4413 1556 4507 dogmatizamus;
1604 4441 1713 4497 imo
1783 4446 1963 4514 potius

2074 4435 2293 4509 ποιητοῦ
2338 4436 2433 4490 καὶ
2479 4436 2784 4504 ποιήματος
2827 4430 3253 4502 δογματίζομεν,
3293 4431 3389 4486 καὶ
3426 4432 3504 4500 τῷ
3550 4432 3660 4499 τῆς

383 4516 750 4572 concretionis
826 4520 1085 4575 vocabulo
1169 4521 1503 4580 confusionis
1599 4528 1962 4596 significatum

2062 4531 2313 4603 κράσεως
2380 4527 2608 4598 ὀνόματι
2681 4526 2781 4597 τὴν
2857 4524 3119 4595 σύγχυσιν
3198 4522 3655 4593 συνεισφέρομεν·

383 4607 752 4665 attribuimus.
818 4608 986 4668 Porro
1022 4611 1117 4668 Dei
1151 4612 1314 4669 Verbi
1365 4624 1613 4671 naturam
1654 4618 1881 4689 scimus,
1910 4630 1966 4677 et

2074 4621 2197 4676 me
2224 4621 2322 4675 καὶ
2358 4619 2453 4674 τοῦ
2499 4619 2635 4673 Θεοῦ
2678 4619 2853 4687 Λόγου
2908 4617 3007 4689 τὴν
3053 4616 3215 4687 φύσιν
3267 4614 3654 4687 γνωρίζομεν

383 4699 596 4753 servilis
638 4698 826 4755 forma:
870 4702 1233 4759 substantiam
1262 4708 1632 4775 agnoscimus,
1672 4719 1962 4783 utramque

382 4804 511 4844 vero
532 4789 698 4864 844
719 4810 767 4846 m
794 4804 1040 4848 naturam
1067 4806 1126 4850 ut
1154 4798 1369 4854 unicum
1407 4799 1696 4857 adoramus
1736 4800 1955 4858 Filium.

382 4879 615 4937 Invicem
678 4885 821 4941 enim
880 4887 1201 4943 alterutrum
1274 4899 1619 4962 nuncupatur
1684 4893 1955 4950 Christus.

382 4970 567 5043 Neque
620 4975 733 5031 sola
776 4980 919 5033 servi
963 4978 1137 5035 forma
1194 4989 1249 5036 et
1297 4983 1582 5038 divinitate
1614 4999 1831 5051 carens,
1882 4987 1954 5041 ita

382 5079 617 5133 unquam
648 5081 678 5120 a
710 5070 986 5139 religionis
1037 5082 1199 5128 rectae
1230 5075 1506 5144 magistris
1548 5085 1633 5129 est
1666 5076 1953 5145 appellata.

2064 4711 2285 4781 καὶτῆς
2327 4713 2541 4782 μορφῆς
2569 4708 2665 4763 τοῦ
2698 4708 2893 4762 ’δούλου
2931 4708 3032 4780 τὴν
3066 4708 3257 4762 οὐσίαν
3280 4706 3657 4778 γινώσκομεν,

2064 4800 2332 4870 ἑκατέραν
2357 4800 2414 4853 δὲ
2439 4801 2601 4870 φύσιν
2634 4801 2710 4862 ὡς
2732 4798 2829 4853 ἕνα
2862 4796 3276 4871 προσκυνοῦμεν
3297 4797 3423 4852 Υἰόν
3439 4813 3465 4847 ν
3486 4795 3660 4851 θάτε-

2067 4910 2157 4965 ρον
2181 4893 2290 4964 γὰρ
2319 4892 2533 4963 θατέρῳ
2560 4891 2795 4963 Χριστὸς
2822 4891 3149 4963 ὀνομάζεται
3172 4931 3187 4954 ,
3219 4891 3315 4944 καὶ
3344 4887 3466 4943 οὕτε
3490 4891 3523 4958 ή
3552 4888 3657 4943 τοῦ

2060 4982 2248 5037 δούλου
2286 4982 2468 5054 μορφὴ
2494 4982 2646 5053 ψιλὴ,
2678 4983 2769 5036 καὶ
2796 4982 2977 5055 γυμνὴ
3009 4982 3351 5053 τυγχάνουσα
3392 4982 3489 5051 τῆς
3524 4981 3656 5036 θεό-

2060 5089 2245 5144 τητος,
2291 5072 2450 5125 τοῦτο
2489 5071 2712 5126 πώποτε
2748 5074 2902 5144 παρὰ
2929 5072 3037 5126 τῶν
3071 5072 3409 5127 διδασκάλων
3438 5070 3655 5144 ἐκλήθη

382 5155 484 5221 Qui
541 5167 724 5214 autem
782 5164 1187 5222 concretionem
1242 5167 1451 5230 dicunt,
1506 5166 1560 5221 hi
1619 5167 1957 5222 concretioni

2074 5165 2161 5234 τῆς
2186 5164 2489 5228 εὐσεϐείας.
2524 5165 2588 5219 Oi
2610 5164 2668 5218 δὲ
2692 5164 2791 5236 τὴν
2814 5167 3010 5235 κρᾶσιν
3040 5164 3309 5237 λέγοντες,
3345 5169 3411 5237 τῇ
3449 5166 3654 5237 κράσει

382 5247 756 5305 confusionem
784 5262 1071 5325 oggerunt,
1124 5257 1498 5314 confusionem
1548 5270 1678 5313 vero
1729 5256 1958 5313 mutatio

2074 5257 2155 5329 τὴν
2187 5255 2446 5328 σύγχυσιν
2475 5257 2889 5329 συνεισφέρουσι
2912 5274 2925 5289 ο
2949 5262 3018 5330 τῇ
3046 5259 3105 5312 δὲ
3136 5259 3446 5329 συγχύσειὴ
3465 5256 3656 5329 τροπὴ

452 5433 503 5467 ἰ
534 5432 726 5489 Matth.
750 5430 897 5500 1,25.
963 5436 1007 5469 ’ί
1038 5436 1171 5494 Luc.
1199 5453 1262 5504 tt,
1294 5437 1343 5491 7.
1419 5438 1467 5471 "
1492 5438 1593 5495 lsa.
1628 5456 1702 5507 Ix,
1735 5438 1790 5494 6.
1865 5440 1912 5474 θ’
1944 5438 1965 5496 ι

2074 5449 2265 5503 )r.vm,
2296 5436 2351 5493 6.
2414 5437 2464 5470 "
2488 5437 2644 5492 Rom.
2671 5453 2745 5506 ιι,
2770 5438 2822 5493 5.
2899 5438 2947 5471 ⁸⁸
2974 5435 3139 5494 llebr.
3166 5452 3290 5503 xm,
3313 5435 3367 5493 8.

455 5590 536 5658 (l)
575 5588 775 5646 Confer
815 5593 1102 5664 apud__nos
1143 5593 1405 5664 Cyrillum
1446 5593 1775 5664 explantad
1822 5597 1957 5664 psal-

390 5672 536 5710 mum
576 5676 717 5727 xuv,
746 5677 791 5713 ν.
822 5659 874 5714 8.
915 5659 1422 5731 (ΗυῙιιιςεῚάιτοΙ.
1450 5659 1577 5716 tam.
1607 5659 1829 5733 LXIX.)

2137 5594 2215 5665 (2)
2276 5595 2538 5652 Adhucne
2588 5593 2979 5665 Monophysitm
3013 5592 3273 5665 Cyrillum
3312 5592 3515 5651 erroris
3556 5595 3648 5649 sui

2036 5676 2042 5682 ·
2073 5663 2359 5736 patronum
2394 5663 2855 5738 impudentissime
2889 5663 3242 5722 dictitabunt?
