3946 6202
313 269 448 325 H73

1479 269 1566 325 DE
1607 267 2121 326 INCARNATIONE
2159 266 2418 327 DOMINI.

3421 273 3566 327 .H'i"

309 383 725 456 συνεισφέρεται
748 396 761 414 ⁸
793 382 1002 453 τροπῆς
1045 381 1102 435 δὲ
1136 385 1431 455 εἰσιούσης,
1468 384 1591 439 οὔτε
1639 385 1771 449 Θεὸς
1801 386 1894 438 ἐπὶ

2010 386 2288 440 :omitatur
2321 404 2336 442 :
2376 385 2519 439 facta
2577 385 2807 454 denique
2841 387 3162 453 mutatione,
3207 403 3381 458 neque
3422 390 3566 446 Deus

309 479 407 549 τῆς
439 478 572 540 ἰδίας
600 474 748 545 μένοι
785 473 852 528 ἂν
890 474 1126 542 φύσεως,
1171 475 1295 529 οὔτε
1338 477 1622 548 ἄνθρωπος
1655 479 1749 530 ἐπὶ
1792 477 1890 548 τῆς

310 570 534 632 οἰκείας.
595 566 832 637 ’Δνάγκη
909 567 1019 636 γὰρ
1073 568 1338 637 ἐκστῆναι
1382 569 1490 622 τῶν
1556 569 1656 638 τῆς
1703 569 1891 632 οὐσίας

311 663 452 734 ὅρων
482 661 763 730 ἑκάτερον,
792 657 888 711 καί
914 658 1050 728 μήτε
1077 657 1169 710 τὸν
1197 657 1331 711 Θεὸν
1356 657 1720 726 γνωρίζεσθαι
1737 657 1890 722 Θεὸν,

316 754 453 824 μήτε
495 751 588 805 τὸν
629 750 937 821 ἄνθρωπον,
983 748 1269 819 ἄνθρωπον
1307 747 1405 819 (1).
1450 749 1621 802 Τοῦτο
1667 749 1722 800 δὲ
1772 748 1894 801 οὐδὲ

312 845 404 897 ἐπὶ
427 844 527 914 τῆς
560 841 652 896 τοῦ
679 841 973 912 ἀνθρώπου
1020 840 1367 910 κατασκευῆς
1409 840 1563 894 λάϐοι
1609 841 1673 894 ἄν
1712 834 1892 902 τις.εὖ’

313 935 547 1006 φρονῶν.
583 935 660 988 Οὐ
692 933 802 1004 γὰρ
848 932 927 1003 τῷ
961 932 1174 1002 σώματι
1207 932 1308 1002 τὴν
1354 931 1531 1001 ψυχὴν
1568 932 1893 1002 κεκρᾶσθαι,

313 1026 428 1079 ἀλλ’
455 1024 718 1096 ἡνῶσθαι,
749 1024 844 1077 καὶ
875 1023 1165 1093 συνῆφθαι,
1191 1022 1285 1074 καὶ
1310 1023 1498 1086 οἰκεῖν,
1529 1022 1624 1074 καὶ
1650 1023 1895 1091 ἐνεργεῖν

316 1135 516 1189 φαμεν.
552 1117 662 1170 Καὶ
690 1115 814 1169 οὔτε
858 1115 958 1186 τὴν
987 1114 1166 1185 ψυχὴν
1199 1114 1419 1185 θνητὴν,
1462 1111 1586 1166 οὔτε
1625 1114 1702 1188 τὸ,
1737 1115 1897 1183 σῶμα

316 1211 460 1264 είποι
491 1226 574 1273 τις
602 1209 668 1262 ἂν
693 1209 982 1272 ἀθάνατον,
1031 1207 1104 1277 μὴ
1141 1206 1336 1277 κομιδῇ
1371 1207 1722 1277 παραπαίων,
1764 1205 1898 1259 ἀλλὰ

317 1302 416 1371 τὴν
461 1299 559 1370 μὲν
602 1299 870 1369 ἑκατέραν
910 1297 1146 1370 [φύσιν]
1193 1297 1533 1368 διαιροῦμεν,
1583 1297 1641 1351 ἓν
1677 1297 1733 1351 δὲ
1761 1297 1898 1362 ζῶον

320 1393 658 1463 γνωρίζομεν
678 1391 740 1444 τὸ
761 1391 818 1456 ἐξ
840 1391 1061 1444 ἐκείνων
1082 1390 1231 1461 [cod.
1263 1389 1496 1461 ἐκείνου]
1521 1390 1710 1456 συγκεί
1718 1403 1896 1458 μενον·

322 1483 416 1536 καὶ
434 1481 697 1552 ἑκατέραν
732 1479 829 1551 μὲν
873 1479 1035 1548 φύσιν
1086 1480 1437 1552 διῃρημένοις
1475 1479 1736 1548 ὀνόμασιν
1781 1477 1901 1529 όνο-

323 1573 590 1643 μάζομεν,
641 1572 739 1643 τὴν
775 1572 873 1642 μὲν
903 1571 1102 1642 ψυχὴν,
1133 1571 1193 1623 τὸ
1219 1572 1273 1624 δὲ
1309 1571 1489 1642 σῶμα,
1532 1571 1590 1622 τὸ
1629 1570 1685 1623 δέ
1714 1569 1774 1634 ἐξ
1799 1571 1901 1640 ἀμ-

322 1666 565 1737 φοτέρων
600 1664 930 1734 συνεστηκὸς
962 1663 1100 1728 ζῶον
1143 1665 1314 1734 ἑτέρῳ
1343 1663 1616 1733 καλοῦμεν
1642 1662 1865 1733 ὀνόματι
1885 1678 1899 1692 ο

1997 479 2048 531 in
2105 478 2321 548 prepria
2360 487 2550 532 natura
2596 479 2954 548 permanebit,
3010 497 3183 550 neque
3225 483 3350 536 item
3403 486 3567 541 homo

1995 572 2049 625 in
2081 585 2199 624 sua.
2247 570 2480 625 Necesse
2536 579 2622 625 est
2669 571 2814 624 enim
2861 582 2921 626 ut
2951 582 3175 642 uterque
3221 589 3286 627 ex
3338 578 3569 644 pr0pria3

1994 661 2307 715 substantiae
2366 660 2562 714 finibus
2619 661 2842 716 decedat
2895 680 2910 727 ;
2953 662 3025 715 ita
3087 675 3146 716 ut
3197 680 3372 734 neque
3426 665 3568 722 Deus

1995 753 2244 806 videatur
2278 751 2385 819 jam
2421 752 2582 816 Deus,
2622 767 2797 820 neque
2824 753 2982 807 homo
3014 755 3138 808 item
3187 757 3369 812 homo.
3402 758 3565 827 Atqui

1997 842 2100 896 hoc
2136 857 2200 896 ne
2235 843 2287 896 in
2322 841 2555 897 hominis
2587 844 2805 912 quidem
2833 854 3101 899 structura
3133 847 3413 915 quisquam
3443 865 3570 918 pru—

1996 931 2127 986 dens
2181 933 2280 986 sibi
2317 934 2658 1001 persuadeat.
2705 933 2820 988 Non
2867 934 3009 988 enim
3071 938 3284 1004 corpori
3330 939 3568 993 animam

1999 1033 2333 1089 concretam,
2363 1025 2453 1078 sed
2482 1025 2686 1078 unitam
2721 1025 3132 1095 copulatamque
3158 1028 3570 1084 inhabitantem-

1998 1130 2104 1185 que
2130 1126 2183 1170 et
2210 1115 2369 1169 simul
2399 1127 2709 1185 Operantem
2754 1117 3000 1172 dicimus.
3048 1116 3229 1187 Neque
3267 1118 3394 1172 item
3454 1121 3573 1173 ani-

2000 1222 2140 1260 mam
2173 1208 2474 1271 mortalem,
2513 1223 2685 1276 neque
2721 1224 2915 1277 corpus
2945 1209 3250 1264 immortale
3277 1211 3568 1279 quisquam

2006 1296 2150 1352 dicet
2180 1299 2282 1352 nisi
2310 1299 2482 1366 {plane
2519 1299 2818 1369 desipiens;
2862 1300 2955 1354 sed
2997 1310 3282 1370 utramque
3323 1313 3569 1357 naturam

1998 1387 2381 1453 discernimus,
2436 1407 2602 1444 unum
2650 1401 2826 1445 tamen
2868 1392 3068 1446 animal
3118 1394 3462 1463 agnoscimus
3505 1409 3572 1448 ex

2000 1477 2108 1535 illis
2137 1483 2494 1547 compositum
2529 1501 2542 1535 :
2579 1492 2632 1536 et
2689 1494 2975 1551 utramque
3024 1492 3273 1538 naturam
3344 1487 3574 1540 diversis

2003 1571 2315 1626 nominibus
2348 1573 2669 1638 vocitamus,
2692 1578 2927 1628 animam
2955 1577 3162 1631 scilicet
3187 1588 3349 1647 atque
3376 1594 3574 1648 corpus

2004 1662 2233 1717 dicimus
2266 1679 2279 1727 ;
2312 1663 2451 1732 quod
2485 1679 2614 1716 vero
2641 1679 2704 1717 ex
2739 1673 2968 1733 utraque
2987 1683 3041 1720 re
3066 1670 3572 1733 conﬂaturanimal,

320 1759 606 1830 ἄνθρωπον
652 1759 761 1828 γὰρ
808 1757 1292 1830 προσαγορεύομεν
1337 1755 1434 1828 (2).
1487 1755 1668 1808 Ταῦτα
1719 1754 1900 1808 τοίνυν

2010 1749 2109 1805 alio
2128 1752 2345 1806 nomine
2367 1767 2646 1817 vocamus,
2669 1754 2940 1807 hominem
2975 1757 3181 1810 scilicet
3211 1760 3572 1813 nominamus.

321 1850 418 1903 atat
461 1851 553 1903 ἐπὶ
585 1853 685 1921 τῆς
719 1850 1033 1919 οἰκονομίας
1087 1848 1182 1920 τὴν
1229 1848 1414 1902 εἰκόνα
1463 1847 1740 1911 λαϐόντες,
1800 1845 1901 1916 τῆς

325 1939 674 2013 βλασφημίας
694 1940 1096 2010 ἀπαλλαγῶμεν
1138 1940 1371 2011 ἐκείνης,
1420 1939 1513 1992 καὶ
1572 1939 1668 2008 τὴν
1705 1939 1903 2008 κρᾶσιν

323 2034 716 2098 καταλιπόντες
745 2033 938 2103 (5),τῷ
965 2034 1064 2103 τῆς
1093 2033 1338 2096 ἐνώσεως
1354 2033 1448 2084 καὶ
1483 2031 1779 2099 συναφείας
1809 2030 1904 2082 καὶ

324 2127 608 2190 κοινωνίας
653 2126 876 2198 ὀνόματι
917 2126 1186 2198 χρώμενοι
1217 2125 1613 2193 διατελέσωμεν
1643 2139 1655 2151 ·
1692 2123 1904 2191 φύσεων

329 2219 428 2288 μὲν
477 2218 638 2288 [cod.
679 2217 917 2289 φύσεως]
947 2218 1236 2288 διάκρισιν,
1272 2216 1568 2287 προσώπου
1613 2215 1668 2267 δὲ
1709 2214 1904 2267 ἕνωσιν

326 2309 770 2379 δογματίζοντες.
831 2307 989 2363 Οῦτω
1038 2309 1138 2376 τὴν
1202 2307 1412 2377 Ἀρείου
1475 2305 1570 2358 καὶ
1640 2305 1904 2372 Εύνομίου

331 2401 679 2472 βλασφημίαν
725 2400 1108 2471 ἐλέγξομεν,τὰ
1171 2401 1268 2469 μὲν
1320 2398 1592 2460 ταπεινῶς
1641 2398 1909 2468 εἰρημένα

328 2493 422 2544 καὶ
472 2493 832 2562 πεπραγμένα
860 2491 938 2562 τῷ
969 2492 1180 2562 Σωτῆρι
1213 2489 1454 2560 Χριστῷ,
1501 2489 1908 2558 προσάπτοντες

326 2585 390 2652 τῇ
423 2581 515 2634 τοῦ
545 2583 729 2636 δούλου
761 2586 963 2655 μορφῇ·
989 2583 1057 2635 τά
1084 2584 1139 2636 δὲ
1170 2582 1348 2652 ὑψηλά
1379 2581 1473 2634 καὶ
1507 2579 1782 2649 θεοπρεπῆ
1814 2579 1908 2632 καὶ

332 2671 574 2742 μεγάλα,
641 2675 706 2742 τῇ
751 2673 927 2742 ὑψηλῇ
996 2672 1092 2725 καὶ
1153 2671 1362 2741 μεγάλῃ
1412 2671 1507 2722 καὶ
1556 2669 1734 2721 πάντα
1783 2666 1909 2721 νοῦν

333 2760 732 2833 ὑπερϐαινούσῃ
780 2762 1127 2822 ἀνατιθέντες
1152 2761 1388 2829 θεότητι.

332 2853 450 2908 AI".
492 2853 620 2906 Ὀτι
656 2852 765 2919 τῆς
795 2852 1084 2920 ἡμετέρας
1113 2855 1352 2920 φύσεως
1383 2850 1422 2917 ἡ
1473 2853 1562 2916 εἰς
1606 2847 1909 2920 οὐρανοὺς

403 2918 723 2990 ἀνάληψις
771 2918 876 2987 τὰς
926 2918 1030 2975 τοῦ
1089 2918 1438 2990 Πνεύματος
1490 2918 1711 2989 δωρεὰς
1765 2918 1911 2988 ἡμῖν

405 2995 816 3061 προεξένισεν.

2000 1842 2126 1898 Htec
2163 1844 2331 1912 igitur
2364 1845 2526 1898 etiam
2565 1847 2616 1899 in
2657 1845 2722 1899 iis
2771 1861 2892 1913 quae
2930 1845 3161 1899 attinent
3208 1851 3272 1901 ad
3327 1851 3576 1902 incarna-

2003 1937 2205 1991 tionem
2235 1936 2464 2005 exempli
2498 1938 2671 1991 instar
2701 1946 2995 2000 sumentes,
3041 1953 3069 1991 a
3120 1937 3450 2006 blasphemia
3489 1941 3575 1994 illa

2003 2029 2314 2085 cavebimus
2341 2046 2354 2094 ;
2390 2039 2442 2082 et
2461 2030 2664 2083 omissa
2688 2029 3054 2091 concretione,
3075 2031 3351 2084 vocabulis
3375 2031 3579 2084 aduna—

2008 2121 2189 2186 tionis,
2249 2122 2665 2191 coniunctionis,
2713 2131 2767 2173 et
2825 2121 3220 2176 communionis
3269 2133 3580 2177 constanter

2006 2222 2224 2266 utemur
2263 2229 2279 2277 ;
2312 2223 2633 2265 naturarum
2693 2211 3120 2276 distinctionem,
3171 2229 3412 2280 persona:
3449 2229 3580 2268 vero

2006 2300 2268 2354 unitatem
2337 2301 2792 2368 dogmatizanles.
2863 2301 2954 2354 Sic
3021 2301 3132 2354 Arii
3206 2310 3262 2354 et
3330 2301 3576 2355 Eunomii

2007 2391 2397 2460 blasphemiam
2435 2391 2828 2458 refutabimus;
2857 2393 3138 2446 humiliter
3179 2393 3392 2461 quidem
3425 2394 3579 2447 'dicta

2006 2491 2060 2536 et
2082 2479 2223 2536 facta
2256 2497 2284 2536 a
2314 2481 2604 2538 Servatore
2641 2484 2859 2539 Christo
2923 2485 3061 2539 servi
3094 2483 3281 2540 formae
3315 2489 3583 2556 applican-

2009 2583 2090 2630 tes
2122 2593 2138 2642 ;
2168 2576 2416 2630 sublimia
2477 2589 2653 2630 autem
2691 2587 2744 2630 et
2776 2579 2884 2631 Deo
2938 2579 3097 2647 digna
3133 2593 3196 2632 ac
3227 2594 3422 2648 magna
3479 2595 3574 2633 su-

2008 2666 2157 2721 hlimi
2210 2680 2263 2722 et
2309 2684 2513 2736 magnae
2561 2680 2616 2723 et
2653 2671 2830 2723 omnia
2885 2670 3167 2725 excedenti
3224 2672 3583 2728 attribuentes

2011 2759 2299 2812 divinitati.

2211 2869 2258 2902 ιιι
2296 2850 2530 2909 XXXIII.
2588 2853 2739 2918 Quod
2800 2865 2988 2908 nostra’
3043 2866 3244 2908 natura:
3294 2856 3347 2907 in
3400 2857 3583 2910 caelum

2010 2924 2319 2990 assumptio,
2351 2923 2577 2992 Spiritus
2607 2925 2774 2977 sancti
2803 2926 2940 2977 dona
2987 2927 3131 2978 nobis
3177 2930 3580 2994 comparaverit.

415 3086 576 3139 Ἀλλά
631 3082 821 3154 καιρὸς
881 3082 1209 3152 ἀναδραμεῖν
1271 3086 1365 3137 ἐπὶ
1413 3084 1473 3138 τὸ
1523 3084 1905 3156 προκείμενον.

2082 3079 2186 3134 Sed
2217 3079 2329 3148 jam
2365 3091 2574 3152 tempus
2628 3091 2711 3136 est
2751 3083 3060 3136 revertendi
3109 3083 3175 3137 ad
3223 3085 3582 3152 prepositum.

349 3176 705 3247 Ἀναληφθείς
738 3175 918 3227 τοίνυν
958 3175 1037 3232 εἰς
1081 3175 1341 3244 οὐρανοὺς
1386 3177 1412 3226 ό
1452 3177 1729 3246 Δεσπότης
1777 3177 1912 3247 Χρι-

336 3271 480 3334 στὸς,
513 3270 608 3324 καὶ
658 3267 848 3320 ἐαυτὸν
885 3264 1071 3335 ὥσπερ
1110 3265 1367 3334 ἐχέγγυον
1401 3264 1502 3333 τῆς
1545 3267 1653 3319 τῶν
1699 3267 1913 3339 ἀνθρώ-

337 3379 454 3416 πων
502 3361 723 3431 εἰρήνης
777 3355 1157 3430 προσενεγκὼν
1191 3355 1266 3424 τῷ
1306 3356 1502 3424 Πατρὶ,
1549 3359 1758 3427 πέμπει
1801 3362 1914 3424 τοῖς

336 3453 641 3524 ἀνθρώποις
689 3452 789 3525 τὴν
839 3451 999 3522 χάριν
1044 3448 1137 3502 τοῦ
1183 3449 1521 3518 Πνεύματος,
1556 3448 1742 3520 ὥσπερ
1793 3450 1918 3504 τινὰ

335 3547 445 3600 τῶν
491 3545 916 3616 ἐπηγγελμένων
968 3543 1190 3612 ἀγαθῶν
1275 3541 1592 3612 ἀρραϐῶνα,
1641 3542 1918 3614 παιδοτρί-

339 3641 476 3710 ϐην,
521 3640 613 3692 καὶ
667 3637 1009 3707 γυμναστὴν,
1069 3634 1183 3688 τῶν
1244 3637 1344 3704 τῆς
1387 3633 1668 3698 εὐσεϐείας
1717 3635 1917 3702 ἀγωνι-

339 3729 489 3801 στὴν,
533 3728 750 3798 φύλακα
781 3726 889 3779 τῶν
919 3725 1282 3779 πιστευόντων
1313 3725 1632 3794 ἀκοίμητον,
1667 3726 1781 3794 φῶς
1807 3725 1916 3778 τῶν

337 3823 672 3894 προσιόντων
703 3818 963 3873 ἄσϐεστόν
987 3836 1047 3871 τε
1075 3817 1171 3870 καὶ
1196 3817 1517 3888 ἀνέσπερον,
1544 3817 1650 3870 τῶν
1670 3816 1918 3887 ψυχικῶν

335 3913 666 3985 τραυμάτων
703 3908 1066 3981 θεραπευτὴν,
1115 3909 1297 3980 ἰατρὸν
1323 3910 1431 3962 τῶν
1466 3909 1570 3962 ὑπὸ
1605 3909 1703 3978 τῆς
1734 3911 1916 3979 ἀμαρ-

334 4007 456 4068 τίας
503 4002 803 4072 γινομένων
856 4001 1206 4072 τραυμάτων,
1249 4001 1554 4071 στρατηγὸν
1613 3999 1916 4072 ἀριστεύειν

337 4097 479 4152 κατά
508 4095 600 4148 τοῦ
639 4093 888 4146 διαϐόλου
921 4092 1262 4156 διδάσκοντα,
1301 4091 1639 4162 ὑποπτέρους
1665 4092 1790 4154 τοὺς
1819 4110 1918 4161 χα-

338 4189 625 4258 μαιπετεῖς
657 4182 1046 4254 ἐργαζόμενον,
1081 4182 1206 4244 τοὺς
1239 4183 1463 4252 γηῖνους
1500 4181 1599 4250 τὴν
1626 4181 1732 4235 τῶν
1755 4183 1918 4252 ούρα-

335 4279 440 4334 νῶν
476 4276 750 4331 πολιτείαν
779 4274 1122 4336 παιδεύοντα,
1153 4276 1511 4345 καταφρονεῖν
1541 4273 1761 4344 σαρκὸς,
1794 4275 1916 4327 ἐπι-

339 4371 615 4443 μελεῖσθαι
647 4368 849 4440 ψυχῆς,
904 4366 1185 4421 διαπτύειν
1236 4367 1305 4419 τά
1361 4366 1627 4436 παρόντα,
1667 4365 1916 4435 ἐφίεσθαι

337 4465 444 4516 τῶν
477 4463 798 4532 μελλόντων,
829 4461 963 4531 ὁρᾷν
985 4459 1054 4512 τά
1075 4456 1500 4529 προσδοκώμενα
1537 4457 1625 4510 διὰ
1659 4457 1912 4520 πίστεως,

343 4554 504 4624 μηδὲν
529 4553 780 4622 ἡγεῖσθαι
809 4552 914 4605 τῶν
941 4554 998 4604 ὲν
1031 4550 1108 4620 τῷ
1144 4549 1241 4620 βίῳ
1265 4547 1534 4619 λαμπρὸν,
1560 4548 1718 4619 δόξης
1746 4565 1915 4603 κατα-

339 4645 524 4713 γελᾷν,
556 4644 664 4695 τῶν
701 4642 796 4694 τοῦ
845 4643 1074 4695 πλούτου
1109 4642 1395 4712 ῥευμάτων
1438 4641 1730 4710 ὑπερορᾷν,
1764 4641 1912 4712 ὤραν

341 4735 593 4805 σώματος
639 4733 714 4796 ὡς
753 4733 911 4795 ἄνθος
959 4735 1090 4804 ὁρᾷν
1143 4732 1559 4803 μαραινόμενον,
1608 4730 1682 4801 μὴ
1729 4730 1918 4800 ἀλγεῖν

343 4825 689 4896 πενομένους,
735 4824 808 4894 μὴ
843 4825 1094 4879 ἀνιᾶσθαι
1125 4825 1430 4887 νοσοῦντας,
1462 4824 1670 4896 χαίρειν
1697 4824 1916 4878 ἀδικου-

346 4919 560 4991 μένους,
590 4916 1050 4986 λεηλατουμένους
1081 4916 1487 4987 εὐφραίνεσθαι,
1517 4917 1702 4986 φέρειν
1727 4933 1917 4987 καρτε-

346 5010 511 5082 ρικῶς
555 5010 622 5062 τά
667 5009 836 5070 δεινὰ,
888 5009 1285 5080 ύπερεύχεσθαι
1319 5008 1426 5060 τῶν
1471 5007 1907 5072 ἀντιδικούντων,

415 5168 488 5239 (l)
528 5168 845 5236 Perspicua,
885 5166 1021 5221 mira
1068 5182 1166 5239 ac;
1197 5165 1553 5239 peremptoria
1597 5165 1780 5239 Cyrilli
1799 5167 1909 5239 _do-

341 5234 512 5295 ctrina
553 5239 620 5292 de
659 5234 974 5290 naturarum
1021 5239 1073 5290 in
1111 5234 1330 5290 Christo
1372 5234 1748 5290 distinctione!
1798 5237 1906 5306 Ego

343 5325 470 5364 vero
512 5308 740 5363 lectores
785 5322 933 5361 meos
980 5321 1304 5373 magnopere
1349 5307 1553 5370 hortor,
1598 5315 1654 5360 ut
1697 5307 1901 5361 editam

341 5381 480 5447 apud
511 5393 608 5433 nos
625 5376 820 5443 εει-ιρι.
851 5375 990 5440 Vet.,
1016 5385 1054 5430 t.
1078 5375 1378 5447 _Vl,novam
1407 5375 1695 5429 Theoriani
1727 5375 1899 5447 Graeci

339 5444 460 5503 cum
494 5449 740 5518 Armeniis
776 5447 1036 5518 Syrisque
1069 5444 1692 5518 Jacobitistheologicam
1729 5445 1903 5518 dispu-

342 5520 598 5572 tationem
640 5515 870 5584 adeani,
913 5517 1002 5572 ubi
1049 5532 1136 5571 res
1178 5518 1291 5570 ίιίεις
1330 5515 1750 5571 luculentissime
1794 5517 1910 5570 illu-

337 5599 565 5645 stratur.

413 5660 489 5729 β)
532 5658 609 5713 Ειι
639 5658 832 5714 animm
861 5666 913 5712 et
941 5656 1184 5726 corporis
1212 5655 1266 5711 in
1295 5654 1452 5712 unico
1478 5655 1694 5710 homine
1724 5669 1912 5726 propo-

2011 3172 2336 3242 Assumptus
2382 3173 2564 3242 itaque
2615 3174 2666 3226 in
2716 3173 2911 3227 coelum
2980 3173 3230 3229 Christus
3299 3174 3581 3240 Dominus,

2010 3280 2178 3334 seque
2215 3264 2382 3319 veluti
2415 3266 2663 3318 humanae
2691 3265 2842 3334 pacis
2879 3279 3192 3334 sponsorem
3230 3265 3379 3320 Patri
3428 3269 3584 3321 exhi-

2010 3357 2165 3421 bens,
2223 3358 2385 3412 tnittit
2435 3360 2502 3412 ad
2545 3358 2792 3412 homines
2826 3357 3063 3426 Spiritus
3101 3360 3273 3413 sancti
3328 3362 3581 3429 gratiam,

2011 3460 2108 3501 ceu
2131 3450 2418 3515 quamdam
2445 3450 2838 3518 promissorum
2875 3451 3136 3507 bonorum
3182 3453 3422 3517 arrham,
3473 3470 3587 3508 ma-

2014 3537 2262 3604 gistrum,
2297 3550 2653 3606 gymnastam,
2691 3541 2900 3606 piorum
2933 3545 3334 3608 agonothetam,
3371 3544 3584 3612 vigilem

2016 3624 2354 3679 credentium
2382 3629 2682 3688 custodem,
2718 3629 2894 3682 lumen
2929 3629 3296 3683 accedentium
3336 3633 3400 3684 ad
3427 3634 3585 3686 [idem

2016 3714 2455 3783 inexstinguibile
2507 3726 2562 3769 et
2619 3717 2840 3771 minime
2890 3719 3196 3784 occiduum,
3257 3721 3584 3788 spiritalium

2024 3809 2308 3862 vulnerum
2345 3820 2675 3872 curatorem,
2713 3808 3084 3877 impositarum
3117 3825 3148 3863 a
3185 3813 3420 3877 peccatis
3464 3815 3577 3876 pla-

2019 3917 2209 3970 garum
2242 3901 2510 3955 medicum
2544 3900 2777 3966 ;ducem
2808 3900 2900 3968 qui
2949 3899 3176 3955 feliciter
3203 3917 3327 3956 cum
3375 3905 3587 3960 diabolo

2018 4007 2260 4063 pugnare
2285 3993 2465 4058 docet,
2497 4002 2550 4046 et
2598 3991 2940 4046 altivolantes
2976 3992 3260 4047 facientem
3303 3996 3393 4065 qui
3437 3997 3583 4052 humi

2017 4082 2304 4150 reptabant
2329 4099 2345 4144 ;
2380 4083 2467 4149 qui
2491 4093 2733 4136 terrenos
2760 4082 2825 4135 ad
2849 4081 3121 4136 emlestem
3145 4083 3306 4138 vitam
3333 4086 3582 4151 instituit,

2020 4183 2184 4242 atque
2209 4183 2266 4226 ut
2288 4188 2506 4228 carnem
2539 4182 2906 4238 contemnant,
2938 4174 3130 4228 anima:
3157 4190 3340 4229 curam
3371 4189 3583 4245 gerant,

2020 4262 2304 4332 prasentia
2323 4265 2606 4332 despuant,
2632 4262 2827 4318 futuris
2847 4263 3072 4327 inhient,
3093 4278 3153 4318 ea
3177 4279 3294 4332 quae
3315 4280 3408 4335 per
3427 4267 3583 4321 fidem

2020 4363 2405 4422 exspectantur
2446 4368 2554 4421 prae
2595 4352 2770 4407 oculis
2804 4353 3058 4417 habeant,
3101 4354 3236 4408 nihil
3286 4355 3340 4409 in
3387 4356 3587 4411 mundo

2023 4445 2364 4514 splendidum
2409 4454 2620 4515 putent,
2675 4446 2902 4516 gloriam
2958 4447 3238 4513 irrideant,
3275 4447 3585 4502 divitiarum

2024 4543 2294 4590 torrentes
2349 4535 2672 4604 despiciant,
2719 4537 2961 4605 corporis
3002 4536 3452 4604 pulchritudinem
3489 4553 3585 4593 ceu

2019 4626 2203 4680 florem
2262 4627 2527 4681 caducum
2583 4636 2850 4695 spectent,
2897 4642 2961 4681 ne
3003 4627 3186 4695 inopes
3241 4629 3476 4696 doleant,
3520 4643 3588 4682 ne

2019 4714 2203 4783 aegroti
2226 4729 2368 4782 aegre
2393 4715 2589 4779 ferant,
2626 4725 2684 4768 ιιι
2715 4715 2826 4770 laesi
2859 4717 3148 4785 gaudeant,
3173 4717 3384 4784 Spoiiali
3414 4717 3590 4771 laeten-

2021 4815 2128 4870 tur,
2160 4805 2374 4860 fortiter
2396 4821 2662 4861 aerumnas
2690 4808 2940 4872 tolerent,
2971 4819 3125 4862 orent
3162 4823 3259 4877 pro
3290 4809 3585 4863 adversan-

2019 4897 2190 4960 tibus,
2229 4895 2553 4950 benedieant
2611 4899 3082 4963 maledicentibus,
3122 4909 3282 4968 atque
3320 4901 3588 4955 omn-imo-

2025 4988 2168 5051 dam,
2197 4997 2256 5041 ut
2279 4989 2447 5043 semel
2474 4990 2671 5056 dicam,
2706 4991 3098 5061 philosophiam
3131 5003 3426 5046 sectentur.
3464 4991 3586 5046 Hzec

2014 5167 2176 5222 situm
2223 5177 2371 5223 recte
2413 5169 2743 5241 exemplum,
2787 5185 2892 5240 quo
2935 5185 3186 5241 perverse
3227 5172 3587 5228 abolebantur

2017 5237 2428 5292 Monoohvsitae.

2070 5242 2428 5293 onoohvsitae.

2233 5257 2244 5291 ι
2303 5255 2356 5291 ἰ
2413 5278 2428 5292 .

2083 5255 2486 5380 ξὲῗρὲὲιῗίεῗιθν
2526 5309 2666 5380 hanc
2707 5310 2971 5364 cautelam
3014 5321 3135 5379 post
3174 5321 3327 5368 natos
3367 5326 3586 5366 errores

2010 5379 2258 5452 expOscit
2288 5379 2548 5452 Cyrinus:
2572 5379 2782 5452 Etenim
2803 5382 2973 5452 paulo
3006 5394 3128 5437 ante
3161 5381 3452 5452 Gregorius
3484 5381 3584 5452 Na-

2010 5451 2322 5520 zianzenus,
2351 5457 2489 5503 orat.
2519 5450 2608 5513 58,
2639 5451 2723 5514 15,
2753 5450 2841 5506 ed.
2871 5453 3094 5517 noviss.,
3128 5464 3164 5505 t.
3195 5454 3234 5516 l,
3266 5450 3314 5520 p.
3344 5452 3468 5514 671,
3494 5451 3584 5520 ad-

2009 5518 2114 5590 huc
2141 5520 2410 5590 scribebat
2439 5522 2504 5574 de
2532 5535 2696 5590 opere
2724 5522 3111 5577 incarnationis
3135 5541 3147 5576 :
3167 5524 3236 5588 ,Ὢ
3261 5518 3358 5590 τῆς
3384 5519 3584 5586 καινῆς

2012 5587 2210 5659 μίξεως
2238 5591 2251 5644 l
2279 5588 2324 5642 ὣ
2353 5589 2451 5660 τῆς
2482 5587 2784 5662 παραδόξου
2816 5592 3104 5664 κράσεωςί
