4016 6202
440 286 580 344 H75

1482 271 1541 327 S.
1568 266 1847 326 CYRlLLl
1889 260 2366 320 ALEXANDRINI
2404 259 2731 318 ABCIIIEP.

3592 253 3735 309 N76

439 407 624 462 docuit
676 402 918 472 Spiritus
960 398 1163 471 gratia,
1209 396 1326 451 hate
1368 402 1574 448 terram
1605 402 1671 444 ac
1714 400 1863 443 mare
1897 399 2026 440 eru-

2163 380 2376 450 ὺλογετν
2406 381 2533 444 τοὺς
2560 374 3009 449 καταρωμένους.
3044 373 3141 427 καὶ
3173 372 3355 427 πᾶσαν
3382 371 3738 437 ἁπαξαπλῶς

439 502 676 561 dierunt.
712 497 830 551 haec
866 494 1031 550 etiam
1062 487 1284 546 barbari
1305 493 1435 558 post
1458 483 1542 539 sui
1588 479 1897 537 Servatoris
1927 477 2024 531 ad—

444 601 662 647 ventum
700 585 1170 657 philosophantur,
1202 580 1320 633 iniec
1376 585 1537 631 terra!
1567 569 1901 628 continentis
1944 568 2028 623 in-

445 682 600 748 cola,
632 682 749 736 haec
776 678 997 743 milites,
1031 676 1148 730 haec
1200 671 1298 743 qui
1344 679 1620 727 extremos
1650 663 1836 721 mundi
1890 660 2028 716 iines

448 775 712 829 habitant.

456 1070 695 1129 XXXIV.
714 1070 1030 1126 Adhortatio
1043 1069 1112 1124 ad
1130 1067 1358 1137 agendas
1383 1064 1604 1135 gratias,
1624 1070 1672 1117 et
1702 1076 1733 1114 a
1761 1060 2031 1129 superﬂua

907 1143 1213 1195 curiositate
1251 1137 1566 1191 dehortatio.

520 1258 870 1316 Ceiebremus
900 1256 1085 1326 itaque
1110 1249 1586 1307 innumerabilium
1642 1246 1907 1301 bonorum
1936 1242 2033 1295 da-

452 1361 651 1418 torem,
682 1350 774 1422 qui
804 1350 872 1404 ab
895 1359 1141 1403 extrema
1181 1358 1393 1399 morum
1430 1338 1770 1395 absurditate
1799 1336 1865 1391 ad
1919 1334 2033 1405 pri-

453 1445 742 1516 migeniam
766 1457 865 1497 nos
898 1450 1149 1496 naturam
1170 1436 1468 1503 revocavit,
1491 1449 1636 1500 eum,
1670 1433 1912 1502 inquam,
1941 1429 2032 1500 qui

453 1547 676 1607 propter
704 1550 802 1591 nos
850 1547 1056 1604 pauper
1103 1538 1187 1585 est
1214 1528 1417 1592 iactus,
1454 1536 1513 1580 nt
1566 1539 1665 1579 nos
1714 1531 2035 1593 paupertate

455 1628 625 1698 ipsius
642 1628 961 1682 d-itaremur.
983 1622 1267 1691 Simulque
1298 1619 1577 1673 laudemus
1603 1631 1788 1670 verum
1803 1612 2035 1686 846m

456 1719 628 1787 ipsius
677 1717 920 1780 Patrem,
963 1715 1054 1785 qui
1093 1720 1374 1782 tantopere
1414 1708 1675 1763 mundum
1737 1706 1927 1761 dilexit
1977 1713 2031 1758 ut
2070 1746 2117 1803 Β

458 1810 651 1865 Filium
675 1825 831 1864 suum
868 1806 1208 1876 unigenitum
1245 1817 1345 1872 pro
1389 1816 1455 1856 eo
1503 1798 1738 1858 dederit.
1769 1808 1827 1851 ut
1860 1795 2039 1851 omnis

457 1904 550 1972 qui
592 1900 771 1956 credit
799 1900 854 1953 in
904 1898 1104 1967 ipsum,
1132 1910 1240 1949 non
1269 1901 1475 1963 pereat,
1511 1890 1605 1946 sed
1634 1888 1832 1945 habeat
1872 1888 2038 1942 vitam

458 2000 715 2046 mternam
744 1989 791 2022 "
824 2007 843 2057 ;
879 2002 1110 2058 cumque
1128 1985 1293 2041 Patre
1323 1999 1388 2040 ac
1428 1982 1566 2039 Filio
1597 1991 1843 2039 sanctum
1875 1980 2043 2049 Spiri-

463 2093 574 2137 tum
611 2096 767 2153 mque
827 2081 1132 2144 laudemus,
1180 2079 1233 2133 in
1286 2077 1441 2147 cujus
1493 2075 1711 2131 nomine
1758 2073 2040 2143 baptizati,

459 2173 585 2230 doni
613 2174 830 2227 arrham
862 2172 1164 2242 accipimus
1196 2186 1210 2235 ;
1245 2184 1276 2224 a
1308 2183 1417 2241 quo
1440 2177 1639 2223 nostra:
1690 2167 1889 2221 animae
1920 2164 2044 2219 illu-

460 2266 759 2331 minantur,
808 2279 838 2317 a
890 2278 998 2333 quo
1048 2260 1447 2317 incarnationis
1485 2276 1621 2330 opus
1670 2259 1953 2323 docemur,
1988 2265 2045 2313 et

462 2357 515 2412 in
552 2356 818 2426 theologia
864 2353 1227 2417 instituimur,
1293 2367 1389 2422 per
1431 2366 1592 2423 quem
1627 2365 1656 2405 a
1691 2365 1903 2405 morum
1937 2350 2044 2403 im-

463 2448 793 2518 portunitate
819 2461 1091 2510 arcemur,
1126 2461 1223 2515 per
1247 2460 1405 2514 quem
1432 2444 1669 2513 denique
1692 2457 1881 2497 errore
1907 2440 2044 2496 libe-

464 2541 567 2596 rati
635 2540 927 2595 veritatem
958 2537 1298 2608 agnovimus.
1359 2534 1443 2590 Ab
1506 2533 1806 2605 indaganda
1862 2543 2044 2587 autem

465 2631 689 2704 ingeniti
729 2640 923 2686 natura
981 2643 1285 2695 cessemus,
1314 2637 1497 2681 utrum
1529 2626 1645 2696 ipse
1683 2625 1756 2680 sit
1783 2624 1955 2680 bonus
1981 2639 2048 2680 ac

462 2724 661 2796 iustus,
696 2732 752 2778 et
778 2731 959 2777 utrum
1000 2720 1116 2776 fieri
1177 2718 1350 2791 possit
1401 2728 1461 2773 ut
1513 2719 1637 2787 quis
1689 2732 1797 2772 non
1833 2716 2047 2788 genitus

466 2833 568 2872 nec
619 2815 797 2871 iactus
841 2816 1092 2871 exsistat.
1150 2814 1443 2869 Cessemus
1496 2812 1625 2866 item
1672 2824 1704 2865 a
1753 2808 2045 2865 scrutanda

467 2906 745 2975 Unigeniti
787 2906 1147 2977 generatione
1189 2902 1415 2972 ejusque
1449 2900 1659 2955 ratione
1689 2898 2045 2968 exquirenda,

470 3015 571 3055 nec
601 3001 667 3054 de
705 2998 947 3068 ingenito
998 2997 1289 3067 genitoque
1336 2995 1715 3064 dijudicemus,
1765 3003 1860 3047 aut
1904 2992 2049 3062 quod

2134 472 2453 545 φιλοσοφίαν
2484 470 2864 544 μεταδιώκειν.
2902 466 3091 521 Ταῦτα
3118 464 3358 533 ἐδίδαξεν
3385 467 3420 538 η
3444 464 3622 536 χάρις
3643 464 3738 519 τοῦ

2134 566 2471 637 Πνεῦματος,
2517 563 2691 618 ταῦτα
2729 561 2834 631 γῆν
2881 558 3027 633 [cod.
3087 557 3145 612 δὲ
3191 573 3295 629 pro
3326 556 3454 630 γῆν]
3500 557 3610 610 καὶ
3644 555 3741 610 θάο

2134 657 2332 712 λατταν
2371 656 2775 722 ὲξεπαίδευσεν,
2810 652 2986 707 ταῦτα
3013 653 3109 705 καὶ
3144 651 3413 723 βάρϐαροι
3456 649 3609 722 μετὰ
3638 649 3739 719 τὴν

2134 749 2230 803 τοῦ
2261 749 2513 821 Σωτῆρος
2545 747 2728 801 αὐτῶν
2762 743 3152 816 φιλοσοφοῦσιν
3198 742 3518 814 ἐπιδημίαν,
3558 740 3741 794 ταῦτα

2137 839 2479 911 ἡπειρῶται,
2528 838 2703 893 ταῦτα
2761 839 2809 891 oi
2869 835 3222 909 στρατιῶται,
3279 834 3456 889 ταῦτα
3512 835 3569 889 οἱ
3636 833 3741 895 τὰς

2137 931 2396 1003 ἐσχατιὰς
2430 932 2531 1002 τῆς
2567 929 2895 1001 οἰκουμένης
2931 926 3226 990 οίκοῦντες.
3312 940 3315 943 '

2137 1066 2257 1125 AA'.
2300 1064 2613 1138 Προτροπὴ
2651 1062 3204 1187 εὑχαιῗὲἱερῗᾶσκαί
3250 1061 3576 1131 ἀποτροπὴ
3629 1078 3739 1116 πε-

2817 1149 3119 1204 ριουσιας.

2222 1252 2647 1323 Ἀνυμνήσωμεν
2687 1248 2866 1302 τοίνυν
2899 1248 2991 1302 τὸν
3030 1246 3139 1300 τῶν
3173 1245 3467 1318 ἀμυθήτων
3506 1245 3745 1316 ἀγαθῶν

2140 1344 2399 1418 χορηγὸν,
2426 1343 2519 1397 τὸν
2546 1345 2611 1396 ὲκ
2636 1342 2735 1413 τῆς
2763 1340 3002 1411 ἐσχάτης
3032 1338 3251 1409 ἀλογίας
3284 1340 3364 1402 είς
3400 1340 3501 1410 τὴν
3538 1338 3746 1412 προτέ-

2144 1456 2242 1510 ραν
2284 1437 2431 1508 ήμᾶς
2476 1436 2638 1505 φύσιν
2686 1433 3129 1502 ἐπαναγαγόντα,
3174 1430 3265 1484 τὸν
3299 1431 3367 1484 δι’
3403 1432 3556 1501 ἡμᾶς
3598 1448 3745 1486 πτω-

2142 1527 2433 1601 χεύσαντα,
2474 1528 2564 1581 ἵνα
2590 1528 2748 1600 ἡμεῖς
2797 1528 2864 1598 τῇ
2890 1524 3104 1578 ἐκείνου
3137 1523 3385 1594 πτωχεία
3414 1522 3745 1592 πλουτήσω⁴

2146 1636 2280 1692 μενο
2308 1620 2405 1675 καὶ
2461 1620 2558 1674 σὺν
2606 1617 2757 1690 αὐτῷ
2788 1618 2880 1671 τὸν
2922 1616 3146 1688 γνήσιον
3179 1613 3344 1669 αὑτοῦ
3388 1614 3636 1686 Πατέρα,
3680 1614 3743 1678 ὃς

2142 1714 2316 1778 οὕτως
2349 1714 2605 1785 ἠγάπησε
2648 1712 2741 1765 τὸν
2788 1710 3015 1781 κόσμον,
3069 1709 3146 1773 ὡς
3191 1708 3378 1763 δοῦναι
3424 1709 3520 1762 τὸν
3577 1725 3743 1778 μονοο

2149 1808 2280 1878 γενῆ
2327 1804 2489 1860 αὑτοῦ
2537 1805 2664 1859 Υἱδν
2721 1803 2862 1873 ὑπὲρ
2889 1799 3078 1865 αὑτοῦ,
3108 1800 3195 1854 ἴνα
3235 1802 3344 1864 πᾶς
3380 1803 3409 1855 ό
3461 1800 3741 1855 πιστεύων

2158 1901 2240 1965 είς
2285 1898 2447 1952 αὑτὸν
2494 1896 2569 1969 μὴ
2614 1895 2905 1967 ἀπόληται,
2969 1892 3086 1947 ἀλλ’
3127 1893 3228 1965 ἔχῃ
3280 1893 3428 1965 ζωὴν
3480 1893 3737 1947 αἰώνιον

2150 1992 2250 2046 καὶ
2297 1992 2394 2046 σὺν
2447 1989 2627 2060 Πατρὶ
2677 1989 2775 2044 καὶ
2818 1987 2932 2059 Υἱῷ
2989 1986 3049 2042 τὸ
3088 1985 3314 2058 Πνεῦμα
3354 1987 3416 2040 τὸ
3457 1987 3635 2056 ἆγιον,
3679 1989 3740 2040 ὲν

2150 2076 2196 2153 ᾧ
2246 2080 2632 2154 βαπτιζόμενοι
2674 2080 2765 2135 τὸν
2823 2080 2921 2151 τῆς
2968 2078 3179 2150 δωρεᾶς
3229 2078 3529 2150 ἀρραϐῶνα
3590 2078 3739 2150 λαμε-

2151 2177 2423 2248 6ἀνομεν’
2458 2174 2525 2229 δι’
2573 2166 2635 2227 οῦ
2683 2174 2782 2237 τὰς
2815 2172 2996 2243 ψυχὰς
3037 2172 3400 2242 φωτιζόμεθα,
3436 2172 3504 2226 δι’
3542 2166 3601 2226 οὗ
3633 2170 3739 2243 τὴν

2150 2265 2467 2337 οίκονομίαν
2499 2261 2891 2333 διδασκόμεθα,
2925 2262 2991 2316 δι’
3026 2255 3089 2314 οῦ
3133 2261 3230 2333 τὴν
3283 2262 3558 2332 θεολογίαν
3598 2280 3738 2317 παι-

2150 2355 2438 2426 δευόμεθα,
2470 2353 2537 2409 δι’
2576 2346 2636 2407 οὗ
2667 2353 2770 2423 τῆς
2807 2353 3034 2422 ἀλογίας
3062 2353 3539 2425 ἀπαλλαττόμεθα,
3572 2354 3636 2408 δι’
3669 2347 3735 2409 οὗ

2153 2451 2252 2522 τῆς
2277 2447 2485 2520 πλάνης
2510 2443 2989 2517 ἠλευθερώθημεν,
3020 2447 3115 2500 καὶ
3156 2446 3254 2519 τὴν
3287 2446 3537 2518 ἀληθειαν
3560 2448 3731 2514 ἔγνω-

2156 2560 2275 2615 μεν.
2312 2542 2423 2596 Καὶ
2455 2537 2794 2610 παυσώμεθα
2821 2538 2923 2608 τὴν
2951 2538 3116 2607 φύσιν
3154 2539 3721 2610 πολυπραγμονοῦντες

2152 2636 2247 2690 τοῦ
2276 2635 2593 2705 ἀγεννήτου,
2626 2633 2676 2685 εί
2709 2633 2803 2685 κα)⁸
2835 2631 2999 2696 αὐτὸς
3026 2631 3229 2699 ἀγαθὸς
3265 2634 3352 2686 καὶ
3378 2633 3599 2696 δίκαιος,
3620 2630 3728 2683 καὶ

2153 2730 2203 2781 εί
2241 2722 2351 2780 οἶόν
2384 2743 2445 2779 τε
2488 2722 2627 2778 εἷναί
2661 2742 2785 2778 τινα
2826 2724 2902 2795 μὴ
2945 2724 3263 2795 γεννηθέντα
3312 2724 3345 2794 ἢ
3393 2723 3730 2793 γενόμενον

2157 2816 2497 2890 παυσώμεθα
2523 2818 2623 2886 τὴν
2658 2816 2913 2886 γέννησιν
2943 2813 3393 2889 περιεργάζεσθαι
3424 2813 3522 2867 τοῦ
3564 2815 3736 2868 Μονο-

2155 2910 2368 2981 γενοῦς,
2402 2910 2498 2964 καὶ
2526 2908 2619 2963 τὸν
2647 2908 2849 2979 τρόπον
2888 2906 3296 2977 ἐπιζητοῦντες,
3331 2907 3427 2959 καλ⁵
3458 2907 3736 2977 ἀγεννήτῳ

2157 3004 2256 3058 καὶ
2296 3000 2544 3072 γεννητῷ
2588 3000 2923 3067 διαιτῶντες,
2978 3000 3074 3053 καὶ
3113 2996 3439 3070 μετροῦντες
3484 2999 3553 3052 τὰ
3599 2999 3738 3069 ἀμέ-

471 3088 916 3146 immensurabile
967 3097 1051 3142 est
1108 3085 1486 3140 dimetiamttr.
1540 3082 1830 3140 Cessemus
1864 3098 1895 3137 a
1931 3100 2052 3139 ma-

2160 3109 2352 3165 τρητα·
2414 3088 2753 3161 παυσώμεθα
2817 3087 3004 3151 κακῶς
3054 3086 3428 3157 ἀνιχνεύοντες
3487 3087 3584 3158 τὴν
3645 3084 3739 3141 τοῦ

471 3181 651 3237 iitiose
694 3176 1017 3247 vestiganda
1077 3174 1319 3245 Spiritus
1369 3176 1742 3244 processione,
1777 3190 1955 3247 neque
1985 3190 2052 3231 ea

472 3274 681 3328 discere
712 3268 1051 3329 studeamus.
1077 3281 1200 3336 quae
1219 3264 1319 3320 soli
1347 3266 1500 3320 Patri
1522 3276 1579 3322 et
1594 3267 1732 3322 Filio
1769 3277 1824 3323 et
1861 3280 2053 3323 sancte

474 3361 700 3430 Spiritui
732 3367 859 3415 nota
910 3366 1058 3415 sunt.
1089 3358 1144 3411 In
1183 3356 1275 3423 iis,
1304 3370 1441 3426 quos
1499 3357 1822 3427 recepimus,
1854 3358 2054 3415 finibus

477 3465 792 3509 maneamus
820 3466 836 3506 :
865 3463 934 3505 ne
965 3449 1245 3514 terminos,
1268 3462 1406 3517 quos
1438 3458 1620 3519 patres
1646 3449 1821 3504 nostri
1857 3464 2056 3519 posue-

478 3553 626 3608 runt,
650 3544 1070 3599 transferamus.
1094 3540 1316 3597 Tradita
1345 3541 1504 3596 nobis
1521 3556 1552 3595 a
1579 3541 1785 3612 Spiritu
1806 3542 2056 3600 doctrina

477 3635 720 3693 contenti
742 3635 934 3692 simus.
970 3632 1050 3690 Ne
1074 3634 1303 3690 velimus
1343 3631 1497 3687 Pauli
1548 3634 1836 3690 scientiam
1889 3651 2056 3707 supe-

478 3745 626 3795 rare,
651 3729 749 3799 qui
775 3744 843 3785 ex
866 3737 1023 3800 parte
1051 3728 1233 3782 aiebat
1269 3740 1329 3781 se
1350 3740 1705 3795 cognoscere,
1734 3738 1791 3784 et
1814 3744 1880 3783 ex
1904 3741 2058 3799 parte

482 3823 833 3893 prophetare.
870 3829 929 3877 et
974 3820 1031 3874 in
1083 3820 1306 3890 speculo
1340 3829 1402 3874 et
1430 3822 1716 3890 arnigmate
1770 3822 2055 3879 veritatem

481 3914 666 3969 videre
700 3913 769 3969 “.
800 3912 1191 3981 Exspectemus
1232 3921 1571 3981 speratorum
1618 3915 1882 3968 bonorum
1930 3930 2060 3985 pos-

481 4018 714 4059 sessum.
775 4003 929 4059 Tune
978 4003 1221 4073 perfecte
1257 4017 1670 4075 cognoscemus,
1716 4019 1840 4062 cum
1885 4021 2061 4079 neque

478 4091 738 4161 iactantia
762 4094 919 4151 nobis
947 4093 1191 4160 nocebit,
1217 4106 1390 4162 neque
1418 4094 1672 4163 superbia
1723 4106 1822 4151 nos
1868 4100 2061 4168 praci-

486 4188 627 4257 pites
686 4194 833 4255 aget,
890 4186 987 4241 sed
1033 4185 1291 4256 passione
1326 4185 1474 4239 omni
1521 4195 1777 4256 expertes
1832 4189 2058 4246 erimus.

486 4279 627 4348 Ergo
658 4279 908 4346 praesenti
944 4288 1184 4347 tempore
1207 4277 1262 4333 in
1293 4277 1556 4335 doctrinis
1587 4278 1751 4351 847
1769 4297 1820 4335 m
1846 4264 2061 4355 patrum

488 4382 799 4442 perstetnus
830 4386 845 4435 ;
883 4384 951 4425 ne
988 4369 1192 4437 majora
1220 4369 1360 4424 forte
1396 4384 1726 4441 quarentes,
1763 4378 2063 4437 minoribus

550 4549 595 4583 "
619 4547 780 4605 Joan.
810 4562 896 4610 ut,
931 4544 1019 4601 16.
1095 4547 1139 4580 ’⁸
1161 4547 1182 4601 l
1204 4547 1331 4604 Cor.
1365 4562 1484 4614 xm,
1517 4549 1577 4606 9.

2161 3185 2480 3255 Πνεῦματος
2521 3181 2771 3253 πρόοδον,
2817 3181 2914 3234 καὶ
2954 3180 3248 3252 ζητοῦντες
3298 3181 3489 3253 μαθεῖν
3520 3180 3556 3234 ἃ
3596 3181 3740 3251 μόνῳ

2161 3278 2339 3349 Πατρὶ
2368 3277 2465 3331 καὶ
2493 3274 2610 3347 Υίῷ
2643 3276 2748 3329 καὶ
2773 3275 2912 3347 ἁγίῳ
2933 3274 3213 3346 Πνεῦματι
3230 3275 3481 3347 γνώριμα
3513 3276 3588 3344 (1)
3611 3293 3627 3306 ·
3655 3276 3744 3346 ὲμο

2165 3369 2439 3441 μείνωμεν
2464 3360 2547 3429 οἷς
2574 3364 2841 3437 έλάόομεν
2870 3366 3016 3436 ὅροις
3035 3382 3050 3396 ’
3074 3363 3148 3437 μὴ
3179 3366 3304 3436 ὅρια
3332 3365 3743 3437 μετενέγκωμεν

2160 3461 2198 3516 ἃ
2224 3460 2410 3514 ἔθεντο
2447 3460 2496 3512 οἱ
2529 3458 2775 3529 Πατέρες
2807 3455 2967 3527 ἡμῶν
2990 3473 3007 3488 ο
3040 3456 3402 3528 ὰρκεσθῶμεν
3427 3459 3494 3527 τῇ
3528 3456 3743 3527 δοθείσῃ

2162 3549 2481 3621 διδασκαλίᾳ
2532 3547 2684 3618 παρὰ
2716 3544 2811 3599 τοῦ
2855 3544 3194 3615 Πνεῦματος.
3242 3545 3335 3614 Μὴ
3392 3543 3741 3615 βουληθῶμεν

2165 3641 2467 3715 ὐπερόῆναι
2498 3639 2712 3694 Παύλου
2738 3638 2842 3709 τὴν
2867 3637 3089 3706 γνῶσιν,
3119 3636 3179 3701 ὃς
3206 3638 3269 3690 ὲκ
3303 3636 3503 3708 μέρους
3534 3636 3642 3706 ἔφη
3671 3653 3747 3704 γιο

2163 3733 2415 3796 νώσκειν,
2439 3732 2534 3786 καὶ
2562 3732 2625 3785 ὲκ
2652 3730 2851 3802 μέρους
2876 3727 3264 3801 προφητεύειν,
3295 3729 3389 3781 καὶ
3416 3730 3474 3781 ὲν
3494 3729 3744 3799 ἰσόπτρῳ

2168 3824 2383 3896 βλέπειν
2406 3822 2501 3877 καὶ⁸
2532 3823 2589 3875 ὲν
2610 3820 2893 3891 αἰνίγματι
2919 3820 3018 3890 τὴν
3033 3818 3292 3889 ἀληθειαν
3312 3817 3385 3889 (2)
3405 3836 3421 3852 ·
3442 3817 3746 3885 ἀναμείνω-

2170 3935 2269 3989 μεν
2287 3916 2397 3971 τῶν
2421 3913 2790 3984 ἐλπιζομένων
2805 3911 3027 3980 ἀγαθῶν
3050 3910 3147 3979 τὴν
3173 3909 3492 3963 ἀπόλαυσιν.
3516 3910 3653 3963 Τότε
3685 3908 3744 3962 τὰ

2165 4009 2347 4064 τέλεια
2396 4003 2772 4078 μαθησόμεθα,
2803 4003 2893 4058 ὅτε
2927 4002 2997 4057 δι’
3040 4000 3358 4067 ἀλαζονείας
3399 4001 3459 4054 οὐ
3494 3999 3744 4071 βλαϐησό-

2172 4102 2333 4175 μεθα,
2382 4102 2471 4155 ὅτε
2521 4099 2589 4153 δι’
2626 4095 3005 4170 ὑπερηφανίας
3054 4096 3116 4149 οὐ
3166 4094 3502 4165 πεσούμεθα,
3554 4096 3641 4147 ὅτε
3689 4095 3741 4147 ἐν

2168 4193 2409 4265 ἀπαθείᾳ
2440 4191 2767 4263 βιωσόμεθα.
2799 4189 3010 4245 οὐκοῦν
3035 4190 3094 4243 ὲν
3121 4188 3200 4262 τῷ
3226 4188 3456 4259 παρόντι
3491 4191 3607 4251 ταῖς
3632 4187 3736 4239 τῶν

2170 4289 2422 4361 πατέρων
2474 4285 2844 4350 διδασκαλίαις
2888 4284 3269 4359 ἐμμείνωμεν,
3317 4282 3404 4336 ἵνα
3451 4280 3521 4353 μὴ
3568 4277 3730 4350 μείζω

2174 4380 2482 4451 ζητοῦντες,
2513 4378 2608 4431 καὶ
2632 4378 2744 4431 τῶν
2768 4375 3069 4431 ἔλαττόνων
3094 4374 3418 4445 ἐκπέσωμεν
3436 4390 3450 4404 ο
3477 4371 3503 4425 ό
3530 4368 3732 4424 πέπον-

562 4711 637 4794 (ι)
682 4710 898 4768 Nicetas
926 4709 1313 4794 ﬁqttileieusis,
1346 4707 1520 4794 quinti
1558 4707 1741 4794 saeculi
1783 4710 1969 4794 honre,
2001 4708 2058 4764 in
2092 4715 2136 4772 Ι)
2165 4710 2390 4794 οιοείξηι
2437 4710 2723 4794 invehunt.
2763 4712 2947 4794 Quidi
2982 4710 3174 4794 Nonne
3212 4712 3313 4782 ipsi
3355 4712 3459 4768 hoc
3502 4711 3753 4794 ἰιιξιίιιιιο

493 4780 730 4851 pretioso
775 4799 873 4838 suo
919 4780 1009 4851 De
1033 4781 1230 4851 Spiritu
1277 4789 1456 4851 sancto
1502 4788 1736 4851 tractatu
1779 4780 1918 4851 apud
1962 4794 2061 4835 nos

493 4793 730 4851 pretioso
775 4799 873 4838 suo
919 4793 992 4836 Ue
1033 4793 1230 4850 Spiritu
1277 4793 1456 4833 sancto
1502 4793 1734 4833 tractatu
1779 4793 1806 4830 a
1851 4793 1918 4831 ttu
1962 4794 2060 4835 nos

493 4854 666 4921 Scrip.
688 4864 807 4918 ret.,
825 4866 863 4909 t.
890 4849 999 4916 Vll,
1026 4868 1078 4921 p.
1105 4849 1230 4911 519,
1259 4848 1372 4918 pari
1400 4793 2060 4921 sententiajtitzgltinom,

492 4934 549 4977 stt
576 4917 746 4989 [Iterat
775 4917 1048 4988 traditum,
1074 4936 1194 4975 cum
1226 4921 1384 4972 Patre
1410 4926 1459 4971 et
1486 4918 1629 4971 Filio
1661 4917 1917 4983 Spiritum
1946 4935 2063 4971 san-

492 5004 632 5048 ctum
659 4995 964 5061 simpliciter
980 4991 1319 5047 credidissent
1340 4990 1551 5061 illi,gqui
1576 4990 1909 5061 postmodum
1927 5003 2066 5061 qure-

493 5066 710 5117 stionem
750 5055 814 5117 de
853 5063 1061 5133 Spiritu
1102 5055 1583 5133 induxerunti'ut,
1625 5070 1783 5133 puta,
1828 5055 2068 5133 Macedo-

496 5136 669 5195 niani,
700 5135 777 5188 vel
817 5127 995 5188 eorum
1031 5134 1084 5186 in
1120 5132 1218 5185 huc
1255 5131 1558 5185 curiositate
1595 5129 1895 5196 participes.
1928 5127 2067 5180 Dum

494 5203 631 5256 enim
671 5217 910 5272 quarunt
954 5213 1000 5257 et
1047 5204 1165 5264 isti,
1206 5201 1378 5269 qualis
1424 5211 1499 5253 est
1541 5199 1769 5272 Spiritus
1813 5198 2069 5272 sanctus!

497 5276 634 5326 unde
666 5267 774 5326 est?
799 5283 1028 5337 quantus
1063 5273 1174 5326 est?
1206 5267 1358 5326 natus
1395 5272 1505 5326 est?
1538 5286 1605 5324 an
1641 5268 1812 5337 factus
1852 5267 1965 5322 est?
1993 5269 2070 5321 sic

497 5346 685 5395 iterum
710 5337 977 5414 sciderunt
1001 5343 1272 5414 populum,
1296 5350 1342 5395 et
1367 5356 1500 5406 rere,
1520 5345 1810 5414 secundum
1833 5337 2069 5414 ᾼμοειοίὶ

498 5418 716 5477 dictum,
748 5408 1180 5467 interminabilem
1208 5413 1546 5481 qurestiouem
1578 5408 1827 5462 Ecclesiis
1856 5409 2074 5461 induxe-

500 5494 645 5546 ηηι,
672 5494 778 5537 εις.

570 5558 648 5625 (2)
684 5552 951 5625 AudianL
954 5552 1418 5625 Ιιιιξιε-ῇιιιιιιοόίιεκ⁸
1437 5560 1491 5606 et
1530 5550 1681 5625 quasi
1718 5562 1949 5625 meracae
1984 5546 2075 5625 (nt

503 5618 639 5680 cum
680 5622 856 5680 Tullio
909 5621 1347 5690 Tertullianoque
1407 5618 1631 5689 loquar)
1688 5618 2074 5690 rationalitatis

505 5706 798 5761 amatores,
824 5692 918 5765 qui
947 5699 1148 5747 tantam
1177 5686 1336 5745 actate
1364 5686 1545 5745 nostra
1572 5686 1867 5759 perniciem
1896 5689 1949 5742 in
1978 5686 2070 5741 iic-

2168 4798 2266 4837 suo
2299 4783 2482 4849 (idem,
2511 4786 2675 4839 totius
2705 4784 2981 4851 religionis
3012 4781 3447 4845 itindamentum,
3474 4798 3502 4836 a
3530 4781 3755 4851 Christo

2169 4852 2537 4922 apostolisque
2571 4850 2906 4924 prmjactum,
2944 4854 3188 4924 funditus
3223 4852 3530 4907 subruunt?
3566 4850 3759 4905 Nonne

2174 4924 2421 4977 incautos
2448 4922 2691 4979 asseclas‘
2710 4926 2778 4979 ad
2805 4922 3165 4992 gentilitatem
3193 4925 3273 4976 vel
3305 4924 3486 4992 potius
3512 4924 3578 4975 ad
3608 4924 3760 4974 athe-

2178 4994 2373 5073 ismum
2401 4994 2450 5047 vi
2484 4994 2841 5073 pertrahunt?
2867 4991 3171 5073 Nihilnergo
3204 4991 3398 5073 diving
3431 4994 3759 5073 Scriptum.

2178 5063 2312 5116 nihil
2342 5073 2658 5119 sanctorum
2688 5062 2909 5117 Patrum
2943 5062 3153 5117 inﬁnita
3183 5064 3477 5126 volumina,
3513 5062 3645 5117 nihil
3682 5069 3761 5115 tot

2176 5131 2610 5214 proﬁhristiana
2639 5135 2899 5203 religione
2924 5134 3185 5214 apologite
3208 5133 3659 5214 eii‘eceruut,_sed
3693 5133 3759 5184 ad

2179 5204 2488 5258 barbariem
2526 5220 2717 5260 rursus
2752 5221 2815 5259 ac
2855 5205 3108 5259 tenebras
3146 5206 3197 5260 in
3238 5214 3408 5270 tanta,
3447 5216 3497 5257 ιιι
3541 5204 3630 5259 ἱειί
3668 5217 3764 5270 pu-

2180 5282 2328 5344 tant,
2370 5275 2552 5329 szncnli
2596 5274 2767 5331 nostri
2810 5275 3071 5330 civilitate
3112 5292 3177 5330 ac
3222 5275 3341 5330 luce
3379 5271 3765 5344 regredimur?

2180 5343 2440 5411 Equidem
2473 5346 2670 5401 divinis
2702 5346 3077 5415 perpetuitatis
3110 5345 3393 5414 promissis
3424 5345 3658 5399 ﬁrmiter
3688 5343 3767 5397 ni-

2184 5415 2350 5486 timur
2373 5431 2389 5469 :
2417 5415 2483 5470 de
2510 5415 2597 5469 illa
2624 5412 2811 5470 tamen
2833 5412 3091 5481 Ecclesia:
3112 5412 3512 5486 tranquillitate
3538 5431 3600 5469 ac
3630 5429 3764 5484 paco

2183 5483 2556 5557 sollicitamur,
2594 5501 2715 5557 qua:
2748 5494 3117 5557 poteratiesse
3153 5483 3445 5551 coniinua,
3481 5487 3524 5540 si
3560 5483 3641 5540 tot
3676 5499 3764 5552 pe-

2183 5555 2482 5678 :tileptium
2512 5555 2770 5611 librorum
2803 5556 3130 5612 turbulentia
3157 5567 3212 5613 et
3241 5557 3653 5626 importunitate
3677 5568 3762 5611 ca-

2211 5641 2303 5678 ere
2333 5661 2347 5678 .

2211 5641 2347 5681 cret.
