3946 6202
295 284 431 340 ΗΠ

301 487 561 559 γενέσθαι
601 482 769 551 Θεὸς,
805 483 900 536 καὶ⁷
938 482 1000 534 τὸ
1043 476 1181 534 εἶναι
1234 476 1399 533 εἰκὼν
1441 475 1579 530 Θεοῦ
1635 492 1884 547 προσαπ-

300 579 405 634 ὠλε
413 596 470 632 σε
481 618 493 631 .

299 692 421 747 AE'.
466 691 602 743 ’Ὀτι
636 686 755 759 χρὴ
796 685 1092 741 Θεοτόκον
1136 684 1236 738 καὶ
1286 682 1740 751 ἀνθρωποτόκον
1786 678 1888 735 λέ-

1026 772 1173 826 γειν.

368 871 563 926 Τοίνυν
600 868 730 940 περὶ
773 868 874 940 τὴν
927 868 1207 937 θεολογίαν
1257 867 1449 940 μηδεὶς
1498 866 1757 921 ἀπιστίαν
1800 882 1888 919 νο-

302 964 483 1030 σείτω,
534 961 721 1034 μηδεὶς
775 962 901 1033 περὶ
929 962 1029 1032 τὴν
1056 961 1369 1030 οἰκονομίαν
1406 959 1716 1030 χωλευέτω,
1752 959 1890 1014 ἀλλὰ

299 1058 390 1110 τὸν
421 1057 485 1109 ὲκ
515 1053 796 1126 Παρθένου
822 1052 1151 1123 γεννηθέντα
1182 1054 1439 1125 Χριστὸν,
1469 1053 1602 1107 Θεὸν
1628 1052 1764 1124 ὁμοῦ
1796 1053 1890 1108 καὶ

301 1149 591 1220 ἄνθρωπον
624 1146 954 1218 ὁμολογείτω
993 1145 1117 1199 καθ’
1149 1146 1414 1216 ἑκάτερον
1435 1164 1448 1176 ·
1475 1145 1564 1200 διὰ
1594 1144 1755 1199 τοῦτο
1781 1145 1891 1217 γὰρ

305 1240 400 1293 καὶ
425 1239 689 1302 Θεοτὸκος
719 1237 816 1291 καὶ
844 1238 1256 1309 ὰνθρωποτόκος
1285 1238 1360 1309 (1)
1388 1240 1419 1308 ἠ
1456 1238 1584 1306 ἁγία
1615 1237 1891 1309 Παρθένος

303 1333 409 1387 ὑπὸ
438 1332 545 1387 τῶν
574 1335 674 1403 τῆς
713 1330 995 1394 εὐσεϐείας
1025 1329 1359 1385 διδασκάλων
1387 1331 1853 1403 προσαγορεύεται
1874 1349 1887 1361 ·

301 1425 459 1480 τοῦτο
492 1425 590 1496 μὲν
619 1424 707 1492 ὡς,
737 1423 899 1492 φύσει
930 1423 1021 1475 τὸν
1045 1421 1258 1494 [δούλῳ]
1293 1423 1509 1477 ἐοικότα
1543 1424 1853 1494 γεννήσασα
1872 1438 1887 1452 ο

302 1521 480 1574 ἐκεῖνο
508 1517 586 1581 δὲ,
622 1514 696 1580 ὡς
717 1515 816 1587 τῆς
844 1514 937 1568 τοῦ
968 1514 1157 1568 δούλου
1204 1516 1442 1587 μορφῆς,
1489 1518 1581 1570 καὶ
1611 1515 1748 1571 Θεοῦ
1792 1514 1890 1586 τὴν

305 1608 517 1682 μορφὴν
556 1607 842 1679 ἡνωμένην
872 1606 1104 1677 ἐχούσης
1180 1607 1324 1661 οῦτω
1358 1608 1447 1661 διὰ
1473 1609 1748 1677 θεολογίας
1797 1609 1892 1663 καὶ

265 1760 268 1764 ,
299 1700 612 1771 οἰκονομίας
650 1699 740 1753 τὸν
771 1699 833 1752 τὸ
875 1700 1175 1770 μυστήριον
1214 1701 1346 1771 ἡμῖν
1379 1699 1439 1752 τὸ
1468 1700 1890 1771 ἀποκεκρυμμέ-

300 1812 388 1849 νον
418 1793 764 1864 γνωρίσαντα
803 1793 1224 1864 ἀνυμνήσωμεν,
1256 1793 1351 1847 καὶ
1391 1792 1478 1846 διὰ
1517 1793 1618 1863 τῆς
1645 1793 1741 1848 τοῦ
1774 1795 1887 1864 βίου
1920 1771 1963 1826 Β

300 1883 674 1954 καθαρότητος
701 1882 865 1945 ναοὺς
911 1882 1139 1946 ἑαυτοὺς
1166 1882 1245 1953 τῷ
1282 1881 1401 1953 Θεῷ
1444 1885 1885 1939 κατασκευάσανο

300 1993 390 2040 τες
439 1974 538 2045 (‘2),
590 1975 795 2029 ἐνοικον
839 1973 1000 2028 αὐτὸν
1035 1973 1326 2046 λάϐωμεν·
1365 1974 1461 2030 καὶ
1507 1978 1630 2039 ταῖς
1674 1977 1891 2031 ἀκτῖσιν

300 2065 466 2123 αὑτοῦ
501 2066 883 2138 φωτιζόμενοι,
926 2064 1003 2129 ὡς
1048 2066 1106 2118 ὲν
1135 2065 1318 2138 ἡμέρᾳ.
1344 2067 1699 2138 εὐσχημόνως
1730 2085 1892 2137 περι-

301 2160 654 2229 πατήσωμεν,
712 2156 1136 2228 προσδεχόμενοι
1204 2156 1303 2228 τὴν
1352 2158 1633 2229 μακαρίαν
1697 2158 1890 2212 ἐλπίδα

300 2251 396 2305 καὶ
419 2250 742 2320 ἐπιφάνειαν
769 2248 870 2319 τῆς
895 2247 1056 2319 δόξης
1093 2245 1189 2301 τοῦ
1231 2248 1467 2319 μεγάλου
1494 2247 1629 2302 Θεοῦ
1660 2248 1754 2302 καὶ
1785 2250 1893 2303 Σω-

299 2341 468 2414 τῆρος
514 2340 671 2412 ἡμῶν
726 2340 901 2410 Ἰησοῦ
931 2340 1190 2413 Χριστοῦ,
1224 2341 1342 2411 μεθ’
1385 2335 1448 2396 οὗ
1478 2339 1554 2412 τῷ
1584 2342 1758 2413 Πατρὶ
1792 2343 1890 2395 σὺν

299 2435 377 2505 τῷ
424 2434 562 2504 ἁγίῳ
594 2433 876 2504 Πνεύματι
901 2433 1027 2499 δόξα
1060 2435 1155 2488 καὶ
1198 2435 1396 2506 κράτος
1425 2434 1505 2496 είς
1533 2433 1660 2497 τοὺς
1686 2431 1890 2496 αἰῶνας

298 2527 408 2580 τῶν
432 2525 666 2580 αἰώνων.
715 2526 911 2599 Ἀμήν.

369 2708 417 2741 ¹⁹
443 2707 602 2764 Rom.
630 2723 753 2777 xm,
777 2713 864 2765 15.
943 2713 959 2745 ⁸
998 2713 1150 2768 Tit."
1186 2713 1318 2776 ,15.

374 2890 450 2961 (1)
491 2887 682 2952 Recte.
702 2886 764 2961 si
802 2895 1094 2961 utrumque
1129 2885 1295 2961 simul
1328 2886 1607 2961 epitheton
1646 2903 1881 2961 pronun-

300 2955 494 3027 tietur;
534 2958 740 3030 peperit
775 2958 918 3012 enim
961 2955 1123 3030 Maria
1167 2956 1444 3030 Christum
1493 2955 1660 3030 Deuni
1696 2968 1750 3013 et
1790 2959 1883 3013 lto-

302 3024 736 3086 mincmfsecus
774 3038 987 3091 autem,
1022 3027 1066 3081 si
1107 3028 1309 3082 omisso
1341 3024 1638 3094 Θεοτόκος,
1674 3030 1886 3083 dicatur

302 3100 673 3157 tantummodo
695 3096 1133 3170 ἀνθρωποτόκος,
1154 3096 1208 3151 in
1233 3095 1612 3154 Nestorianam
1635 3100 1885 3170 blasphe-

300 3173 466 3227 miam
496 3170 733 3226 incidere
773 3181 994 3224 necesse.
1023 3179 1125 3222 est.

1475 271 1564 323 DE
1605 260 2128 322 INLAKNATIONE
2167 266 2425 320 DOMIM.

294 398 386 452 θεν
416 403 445 451 ὀ
472 389 771 465 προπάτωρ
819 388 986 460 Ἀδάμ
1004 405 1019 419 ⁸
1049 386 1141 443 καὶ
1170 384 1278 458 γὰρ
1315 385 1520 447 ἐκεῖνος
1547 382 1888 454 ἐπιθυμήσας

1999 396 2229 453 quoque
2290 380 2609 438 excidamus
2660 399 2676 437 :

3437 273 3577 333 M78

2726 385 2870 453 quod
2951 390 3268 456 progenitor
3333 391 3579 447 Adamus

1989 490 2190 544 passus
2217 483 2321 541 est,
2347 476 2439 545 qui
2471 478 2597 530 dum
2626 474 2771 532 Deus
2797 477 2910 532 ﬁeri
2952 481 3123 548 cupit,
3150 490 3206 534 ut
3235 481 3417 550 imago
3441 498 3576 552 quo-

1988 579 2094 636 que
2130 566 2222 623 Dei
2250 575 2396 621 esset
2430 566 2634 621 amisit.

1989 681 2208 738 XXXV.
2245 681 2401 749 Quod
2440 690 2641 751 oportet
2678 681 2776 735 Dei
2806 691 2850 735 et
2889 684 3116 737 hominis
3145 696 3365 743 matrem
3397 688 3577 743 dicere

2464 756 2737 825 (sanctam
2778 751 3097 824 Virginem.)

2062 867 2209 938 Ergo
2257 866 2310 921 iu
2361 865 2634 936 theologia
2686 879 2847 920 nemo
2899 864 3287 924 incredulitate
3341 869 3572 942 laboret,

1992 972 2154 1013 nemo
2185 957 2329 1012 circa
2354 955 2749 1011 incarnationis
2781 957 3103 1028 mysterium
3150 958 3438 1028 claudicet,
3482 967 3577 1021 sed

1991 1068 2056 1110 ex
2096 1051 2317 1122 Virgine
2345 1061 2532 1105 natum
2564 1050 2865 1117 Christum,
2896 1052 3066 1105 Deum
3107 1053 3269 1107 simul
3311 1064 3367 1109 et
3402 1058 3579 1112 homi.

1994 1162 2118 1202 nem
2172 1145 2513 1201 conﬁteatur.
2568 1143 2862 1213 Propterea
2894 1144 3040 1199 enim
3084 1154 3257 1201 mater
3298 1159 3354 1203 et
3405 1148 3498 1205 Dei
3524 1162 3580 1205 et

1994 1238 2237 1295 hominis
2295 1246 2481 1291 sancta
2520 1235 2685 1306 Virgo
2734 1252 2763 1291 a
2795 1247 2961 1291 rectae
2992 1238 3270 1307 religionis
3306 1243 3582 1309 magistris

1994 1330 2301 1399 appellatur
2330 1345 2344 1393 ;
2379 1328 2481 1381 hoc
2515 1326 2759 1396 quidem,
2812 1328 2941 1396 quia
2994 1329 3316 1384 naturaliter
3337 1347 3459 1386 eum
3486 1334 3579 1402 qui

1993 1423 2047 1478 in
2078 1422 2249 1476 forma
2289 1420 2433 1475 servi
2469 1428 2586 1472 crat
2620 1419 2839 1489 genuit;
2871 1419 3001 1473 illud
3041 1431 3246 1486 autem,
3285 1425 3407 1491 quia
3437 1426 3579 1480 servi

1994 1514 2167 1570 forma
2227 1511 2456 1567 formam
2514 1512 2608 1568 Dei
2642 1512 2852 1566 unitam
2904 1512 3089 1569 habet.
3122 1514 3301 1582 Atque
3345 1517 3419 1570 ita
3455 1533 3579 1573 eum

1996 1606 2304 1671 laudemus,
2345 1605 2438 1675 qui
2500 1619 2597 1673 per
2650 1604 2973 1674 theologiam
3018 1615 3072 1659 et
3121 1606 3580 1677 dispensationem

1997 1700 2319 1773 mysterium
2359 1699 2517 1754 nobis
2548 1698 2923 1753 absconditum
2962 1700 3240 1757 revelavit.
3286 1701 3421 1757 Tum
3451 1720 3580 1761 vero

1992 1795 2117 1848 vita:
2161 1793 2398 1863 puritate
2429 1791 2627 1861 templa
2682 1803 2895 1849 nosmet
2927 1793 3020 1848 Dei
3058 1794 3389 1860 efﬁcientes.
3423 1799 3581 1853 habi-

1992 1895 2227 1941 tatorem
2272 1886 2521 1941 eumdem
2582 1887 2967 1942 nanciscamur
2997 1905 3011 1941 :
3041 1887 3269 1959 ejusque
3320 1890 3580 1961 splendo-

1991 1982 2141 2036 ribus
2206 1972 2520 2049 illuminati,
2585 1981 2726 2037 sicut
2781 1983 2837 2037 in
2902 1982 2993 2039 die
3044 1985 3274 2041 honeste
3336 1988 3583 2043 ambule-

1990 2089 2112 2128 mus
2140 2076 2209 2140 θ’,
2270 2084 2659 2144 exspectantes
2715 2075 2934 2132 beatam
2980 2091 3129 2146 spem
3182 2088 3234 2132 et
3287 2081 3579 2135 adventum

1996 2166 2181 2235 gloriae
2231 2167 2407 2236 magni
2474 2164 2569 2220 Dei
2607 2176 2662 2221 et
2684 2166 2986 2223 Salvatoris
3014 2170 3187 2224 nostri
3244 2170 3369 2226 Jesu
3419 2172 3582 2227 Chri-

1995 2258 2063 2315 5ti
2100 2258 2143 2323 ¹,
2177 2274 2297 2313 cum
2330 2274 2436 2329 quo
2462 2258 2608 2314 Patri
2661 2276 2878 2330 unaque
2907 2271 3099 2318 sancto
3139 2262 3367 2333 Spiritui
3407 2263 3580 2335 gloria

1994 2361 2049 2404 et
2075 2352 2316 2419 potentia
2353 2351 2408 2405 in
2442 2350 2639 2407 acula
2682 2353 3031 2410 seculorum.
3070 2355 3271 2411 Amen.

2061 2885 2139 2960 (2)
2183 2885 2272 2943 Sic
2312 2887 2471 2945 etiam
2508 2888 2799 2960 praedictus
2837 2884 3057 2960 Nicetas
3092 2896 3383 2945 tractatum
3420 2906 3577 2949 suum

1991 2956 2069 3013 De
2097 2957 2301 3024 Spiritu
2331 2956 2521 3015 saneto
2546 2959 2853 3022 concludit,
2883 2974 2937 3025 p.
2965 2959 3068 3014 329
3101 2976 3115 3014 ι
3145 2971 3192 3015 et
3224 2960 3464 3022 deinceps
3492 2980 3580 3025 pa.

1993 2980 2069 3013 νε
2097 2980 2301 3024 ομινιιῑι
2331 2980 2515 3015 8012610
2546 2980 2853 3022 (εοηινιιιαιι,
2883 2980 2937 3025 ρ.
2965 2980 3068 3014 ῡΖυ
3101 2980 3115 3014 ζ
3145 2980 3192 3015 ει
3224 2980 3464 3022 αειιιεσρι
3528 2980 3576 3016 σ⁴

1993 3046 2102 3102 cem
2139 3039 2187 3102 et
2222 3030 2555 3086 dilectionem
2591 3038 2887 3098 sectantes,
2922 3029 3071 3085 bouis
3106 3046 3307 3102 semper
3336 2980 3576 3102 operit“

1993 3100 2337 3170 abundamus,
2372 3114 2473 3158 εισ-
2948 3122 2951 3127 ·
