4018 6340
1504 324 1838 384 δΔίιυιΑ
1894 323 2162 385 νι-νιι.
2206 323 2421 387 ΑΝΝΙ
2457 326 2741 389 595-601ι.

1714 592 2541 720 ELENCHUS

954 910 1343 973 OPERUM
1383 908 1594 986 QUE
1645 908 1747 971 11'
1785 908 1971 973 HOC
2008 910 2270 974 ’1⁵0Μο
2308 912 2561 975 LXXV
2601 912 3286 978 CONTINBNTUR.

1916 1177 2353 1206 ψ

1518 1404 1852 1465 SANCTUS
1894 1402 2340 1464 GREGORIUS
2382 1401 2719 1463 MAGNUS.

503 1559 953 1625 Monachorum
983 1556 1537 1621 Benedictinorum
1569 1555 1849 1636 Epistola
1896 1553 2356 1635 nuncupatoria
2401 1555 2507 1614 SS.
2556 1554 2719 1615 Patri
2767 1552 3069 1641 Clementi
3117 1554 3221 1627 XI,
3254 1554 3420 1615 Pon-

448 1714 461 1727 κ
584 1662 732 1725 tifici
763 1661 1051 1723 Maximo.

506 1762 794 1823 Praefatio
826 1758 1135 1838 generalis
1171 1758 1251 1820 ab
1286 1759 1509 1821 iisdem
1539 1774 1668 1820 sum
1699 1758 1763 1819 8.
1794 1756 2081 1836 Gregorii
2109 1757 2383 1835 Operum
2412 1755 2680 1819 editioni
2712 1757 2990 1836 praafixa.

506 1860 876 1939 Patrologiaa
906 1860 1175 1923 Editoris
1203 1860 1528 1921 Monitum.

506 1961 711 2023 Sancti
741 1960 1024 2038 Gregorii
1053 1958 1259 2035 Magni
1296 1959 1456 2027 Vita,
1486 1963 1743 2019 auctore
1772 1956 1965 2017 Paulo
1995 1956 2289 2027 diacono,
2330 1954 2646 2017 monacho
2678 1954 3057 2028 Cassinensi.

507 2059 802 2139 Ejusdem
833 2060 1029 2123 sancti
1058 2059 1340 2136 Gregorii
1368 2059 1527 2132 Vita,
1558 2052 1589 2119 a
1622 2060 1866 2120 Joanne
1897 2056 2166 2117 diacono
2197 2056 2428 2134 scripta
2467 2055 2641 2115 libris
2676 2065 2967 2133 quatuor.

505 2160 641 2221 Lib.
671 2161 720 2219 Ι.
748 2194 823 2205 -—
854 2163 985 2233 Qua
1015 2158 1282 2232 ratione,
1312 2159 1635 2237 quibusvis
1663 2157 1999 2220 virtutibus
2029 2156 2108 2218 ad
2139 2157 2574 2219 Pontiﬁcatum
2602 2156 2959 2219 ascenderit
2986 2158 3050 2218 8.
3092 2158 3431 2237 Gregorius

588 2258 870 2335 Magnus.

508 2358 642 2421 Lib.
676 2357 752 2417 II.
781 2391 856 2403 —-
882 2356 1159 2431 Qualiter
1192 2362 1446 2420 sanctus
1475 2354 1813 2433 Gregorius
1846 2354 1911 2416 in
1943 2354 2316 2417 Pontificatu
2344 2353 2584 2417 vixerit.

509 2460 645 2522 Lib.
675 2461 786 2521 Ill.
820 2495 894 2505 —
924 2461 1473 2535 Quemadmodum
1505 2462 1706 2524 sancti
1738 2461 2024 2540 Gregorii
2060 2460 2195 2523 Vita
2228 2461 2531 2524 doctrinm
2567 2462 2989 2542 responderit.

511 2563 643 2626 Lib.
674 2565 781 2625 IV.
814 2600 889 2610 -
918 2566 1155 2638 Quanta
1182 2566 1687 2629 consideratione
1723 2567 1787 2629 S.
1835 2566 2176 2643 Gregorius
2207 2573 2383 2629 recte
2422 2565 2683 2639 docens,
2713 2564 2995 2644 quotidie
3030 2581 3208 2627 suam
3249 2565 3429 2627 infir-

590 2667 867 2733 mitatem
910 2669 1302 2746 cognoverit.

512 2767 722 2829 Sancti
750 2767 1035 2845 Gregorii
1066 2768 1249 2846 Papa)
1281 2768 1302 2827 Ι
1333 2766 1495 2839 Vita,
1533 2782 1610 2829 ex
1653 2767 1790 2848 ejus
1827 2767 2223 2847 potissimum
2262 2767 2514 2848 scriptis
2546 2785 2770 2831 recens
2800 2768 3123 2830 adornata.

510 2868 645 2928 Lib.
674 2870 724 2929 Ι.
760 2900 834 2911 Α-
864 2869 926 2927 8.
960 2867 1247 2943 Gregorii
1283 2866 1420 2927 Vita
1448 2866 1527 2927 ab
1558 2873 1700 2927 ortu
1726 2866 1806 2927 ad
1836 2883 2147 2928 summum
2177 2868 2641 2931 Pontiﬁcatum.
3142 2864 3159 2875 ’

510 2969 645 3030 Lib.
680 2971 761 3029 ll.
793 3004 867 3015 -—
892 2972 1171 3042 Quatuor
1202 2967 1442 3045 priores
1477 2968 1886 3029 Pontificatus
1914 2968 1977 3027 S.
2011 2967 2296 3043 Gregorii
2333 2969 2505 3027 anni.

509 3072 643 3133 Lib.
682 3073 787 3134 IlI.
819 3103 897 3116 -—
924 3071 1197 3132 Historia
1243 3071 1652 3132 Pontiﬁcatus
1702 3071 1763 3130 S.
1794 3069 2087 3146 Gregorii
2118 3071 2196 3130 ab
2233 3068 2416 3129 annis
2448 3068 2561 3129 594
2604 3078 2665 3133 et
2715 3071 2829 3133 595
2868 3073 2945 3135 ad
2995 3089 3198 3134 annos
3229 3071 3340 3132 598
3377 3078 3441 3134 et

592 3168 730 3242 599,
763 3186 877 3232 seu
903 3171 981 3232 ab
1010 3168 1365 3231 indictione
1402 3167 1472 3230 13
1502 3170 1581 3230 ad
1615 3169 1836 3231 indict.
1874 3169 1932 3231 2.

514 3273 644 3333 Lib.
686 3273 791 3333 IV.
825 3306 901 3316 —
936 3268 1253 3350 Quidquid
1286 3280 1576 3349 superest
1606 3270 1887 3332 historiae
1915 3270 2184 3349 vitzeque
2217 3272 2277 3331 S.
2313 3272 2599 3349 Gregorii
2628 3271 2980 3334 exhibetur.

512 3371 831 3448 Imagines
882 3371 1051 3433 beati
1097 3372 1385 3449 Gregorii
1428 3371 1637 3450 Magni
1667 3372 1699 3407 "
1736 3371 2005 3451 ejusque
2034 3381 2395 3452 parentum,
2448 3391 2481 3435 a
2528 3376 2770 3435 Joanne
2808 3372 3075 3435 diacono
3106 3371 3441 3451 descriptae

601 3471 705 3531 lib.
744 3488 811 3531 1v
850 3470 913 3531 in
961 3472 1242 3551 ejusdem
1302 3473 1513 3536 Sancti
1549 3474 1708 3546 Vita,
1758 3490 1898 3553 cap.
1954 3473 2029 3535 83
2077 3480 2139 3537 et
2175 3474 2274 3550 84,
2309 3482 2371 3537 et
2419 3475 2498 3537 ab
2548 3474 2785 3552 Angelo
2842 3476 3073 3551 Bocca,
3111 3473 3440 3555 apostolici

596 3574 848 3653 sacrarii
878 3574 1208 3648 Prmfecto,
1244 3576 1411 3637 notis
1442 3576 1795 3639 illustratae.

516 3674 901 3736 Testimonia
935 3680 995 3736 et
1022 3675 1226 3753 elogia
1257 3682 1539 3737 veterum
1570 3676 1958 3756 Scriptorum
1990 3678 2069 3741 de
2109 3686 2327 3743 sancto
2357 3677 2663 3756 Gregorio
2691 3678 2881 3756 Papa.

517 3772 806 3835 Prrefatio
835 3774 899 3834 in
932 3773 1129 3835 libros
1160 3774 1513 3837 Moralium.

516 3875 606 3936 De
634 3873 1003 3936 inventione
1034 3873 1337 3939 librorum
1366 3875 1715 3940 Moralium.

520 4006 862 4067 Monum:
891 4021 1078 4077 unm,
1112 4004 1242 4066 sive
1272 4005 1609 4067 Exrosmo
1639 4022 1706 4069 IN
1745 4008 1988 4067 LIBRUM
2022 4007 2088 4065 Β.
2122 4006 2261 4067 Jon.

518 4126 801 4203 Epistola
831 4128 896 4189 in
925 4144 1051 4207 qua
1085 4127 1148 4188 S.
1180 4128 1524 4205 Gregorius
1577 4130 1791 4207 Operis
1839 4128 1935 4189 sui
1984 4134 2257 4208 tempus,
2308 4129 2733 4203 occasionem,
2767 4126 3159 4199 divisionem,
3191 4127 3449 4188 institu-

602 4236 731 4291 tum
766 4246 842 4291 ac
871 4226 1129 4292 dicendi
1158 4235 1221 4291 et
1250 4228 1712 4309 interpretandi
1741 4230 2000 4292 modum
2030 4230 2329 4312 eXpllcat.

524 4330 811 4393 Praafatio
855 4331 919 4393 in
968 4347 1093 4410 qua
1139 4330 1309 4395 idem
1339 4334 1401 4393 S.
1434 4333 1774 4410 Gregorius
1804 4351 1945 4413 quea
1996 4341 2127 4397 toto
2172 4352 2368 4416 Opere
2404 4333 2809 4397 edisserenda
2848 4340 2995 4396 sunt
3043 4332 3264 4414 paucis
3312 4349 3458 4412 per-

608 4431 881 4493 stringit.

608 4448 881 4508 smngu.

527 4532 912 4609 (Sequuntur
942 4531 1278 4594 Librorum
1314 4533 1651 4597 Moralium
1686 4542 1812 4595 tres
1834 4543 2070 4614 partes,
2105 4538 2334 4616 prima,
2364 4536 2637 4597 secunda
2667 4546 2723 4597 et
2751 4537 2988 4615 tertia.)

528 4656 724 4719 Index
755 4658 1012 4719 Rerum.

603 4954 637 4987 ⁸
669 4953 750 5010 Ad
784 4956 989 5012 calcem
1022 4954 1184 5025 hujus
1212 4952 1506 5010 voluminis
1541 4953 1701 5010 datur
1738 4968 1861 5010 vera
1896 4954 1952 5008 S.
1992 4952 2241 5023 Gregorii
2275 4951 2451 5025 Magni
2490 4951 2709 5021 rmgics.

2234 5537 2487 5555 -υ-ι-

2495 5540 2916 5552 .—.——————.

3464 1658 3584 1721 col.

2532 5580 2778 5635 Parisiis.
2814 5607 2876 5617 —-
2915 5577 2984 5631 Ex
3018 5576 3179 5643 Tvpis
3204 5575 3348 5629 J.-l‘.
3377 5569 3607 5625 .‘IIGNE.

3708 1662 3742 1721 9

3676 1762 3744 1821 15

3670 1858 3741 1920 37

3670 1957 3739 2019 41

3671 2057 3745 2118 59

3671 2259 3748 2320 63

3674 2360 3745 2420 87

3640 2463 3748 2525 125

3640 2670 3755 2730 169.

3635 2767 3743 2829 241

3634 2867 3745 2929 241

3636 2967 3752 3028 283

3640 3169 3755 3230 343

3641 3271 3754 3333 413

3644 3574 3753 3636 461

3647 3678 3755 3737 487

3648 3773 3759 3834 499

3650 3876 3759 3936 507

3649 3998 3763 4061 509

3654 4224 3765 4285 509

3657 4430 3768 4489 515

3628 4649 3767 4711 1161

3638 5530 3773 5542 ι..-
