4018 6306
215 231 3478 296 Μ

2307 272 2457 280 ..α-

638 360 1199 423 MONACHORUM
1242 358 1945 421 BENEDICTINORUM
1990 357 2373 418 EPISTOLA
2421 360 3058 428 NUNCUPATORIA.

1322 614 1987 813 .SANCTISSIMO
2050 623 2376 748 PATBI

899 818 2282 982 CLEMENTI
2427 824 2783 1019 XI,

1181 1052 1854 1137 PONTIFICI
1936 1056 2519 1141 MAXIMO.

309 1271 478 1331 lnter
507 1288 717 1333 omnia
743 1289 876 1350 qua:
902 1271 997 1331 tui
1023 1271 1431 1349 pontiﬁcatus
1456 1269 1784 1330 exordium
1815 1271 2327 1332 commendarunt
2356 1291 2501 1333 sane
2528 1274 2805 1351 plurima
2833 1285 2893 1339 et
2933 1286 3480 1361 prmetantissima,

213 1369 559 1432 beatissime
599 1372 807 1441 Pater,
848 1370 1009 1431 illud
1030 1388 1162 1448 prce
1196 1371 1433 1430 caeteris
1469 1368 1654 1430 laude
1679 1368 2121 1446 dignissimum
2161 1369 2343 1432 nobis
2368 1372 2643 1445 videtur,
2673 1375 2845 1451 quod
2883 1376 3323 1440 adulatoribus
3362 1401 3476 1441 va-

210 1470 340 1532 lere
366 1472 593 1551 jussis,
625 1473 794 1533 solos
821 1472 1038 1531 audire
1067 1468 1340 1530 volueris
1370 1469 1643 1547 antiques
1677 1487 1748 1529 ac
1782 1475 2076 1546 spectata:
2108 1470 2369 1529 virtutis
2400 1471 2607 1548 viros,
2637 1472 2746 1550 qui
2784 1473 3094 1537 liberrime
3132 1487 3478 1550 monerent,

210 1576 271 1628 et
306 1572 440 1631 sine
471 1572 618 1648 fuco
646 1586 785 1629 vera
815 1568 1107 1628 dicerent.
1138 1567 1275 1628 Nec
1302 1567 1430 1628 alia
1455 1567 1703 1646 quidem
1734 1568 1983 1628 ratione
2017 1574 2268 1629 tuorum
2291 1571 2702 1631 consiliorum
2720 1576 3098 1654 participem
3132 1579 3333 1655 facere
3356 1600 3481 1658 po-

210 1667 523 1729 tissimum
552 1667 880 1727 decreristi
904 1666 1361 1725 sanctissimum
1395 1664 1673 1726 abbatem
1720 1666 2271 1737 Clararrallensem,
2319 1676 2580 1746 propter
2634 1687 2925 1731 summam
2972 1674 3292 1752 loquendi,
3344 1698 3477 1739 mo-

210 1765 429 1837 nendi,
459 1767 639 1825 etiam
668 1766 975 1843 arguendi
1005 1764 1349 1825 libertatem
1387 1766 1502 1827 tibi
1534 1766 1961 1843 gratissimum
1992 1785 2013 1825 :
2046 1767 2226 1844 cujus
2256 1766 2494 1828 idcirco
2524 1768 2721 1829 libros
2751 1769 2821 1832 de
2857 1772 3366 1838 Consideratione
3399 1782 3479 1842 ad

210 1864 565 1940 Eugenium
589 1884 814 1944 papam
839 1864 1131 1927 liberiori
1160 1866 1435 1942 scriptos
1461 1865 1726 1941 calamo,
1764 1867 2023 1927 seorsim
2052 1867 2219 1943 typis
2246 1868 2473 1926 iterum
2528 1866 2831 1945 subjicere
2871 1872 3050 1933 nobis
3096 1874 3371 1952 jussisti,
3408 1889 3478 1939 ut

210 1979 325 2041 pro
364 1963 708 2026 enchiridio
742 1964 858 2025 tibi
888 1970 1113 2039 essent,
1146 1983 1219 2024 ac
1244 1964 1430 2042 facile
1462 1973 1717 2043 possent
1754 1964 2172 2041 circumferri,
2224 1980 2333 2024 nec
2362 1982 2399 2023 a
2420 1971 2527 2024 tuo
2563 1982 2835 2044 unquam
2868 1969 3281 2033 avellerentur
3322 1994 3479 2037 con-

209 2072 445 2142 spectu.

292 2164 489 2238 Quam
522 2168 775 2241 accepta
801 2161 996 2239 fuerit
1024 2152 1372 2222 Sanctitati
1408 2167 1550 2231 tuas,
1573 2177 1737 2221 nova
1766 2160 1889 2220 haec
1912 2156 2103 2219 editio
2136 2155 2263 2235 ipsi
2291 2164 2679 2235 nuncupata,
2717 2160 3075 2238 signiﬁcare
3107 2165 3368 2243 dignata
3391 2179 3478 2230 est

211 2265 342 2325 suis
362 2264 710 2343 pontiﬁciis
731 2264 961 2324 litteris
984 2262 1063 2323 ad
1080 2262 1488 2341 precpositum
1508 2268 1793 2321 nostrum
1813 2258 2155 2338 generalem
2179 2257 2243 2335 (8
2264 2259 2496 2321 Martii
2522 2259 2723 2340 1701),
2752 2279 2887 2340 quas
2913 2264 2995 2325 ad
3023 2266 3308 2329 audenda
3338 2289 3469 2331 ma-

207 2362 359 2442 jora
382 2360 560 2422 nobis
590 2363 829 2423 animos
858 2361 1185 2430 addidere;
1217 2361 1559 2439 praesertim
1584 2378 1716 2420 cum
1743 2377 1823 2420 ex
1851 2359 2031 2437 ipsis,
2062 2366 2118 2421 et
2150 2377 2232 2421 ea:
2260 2358 2404 2420 aliis
2434 2363 2516 2420 ad
2555 2360 2825 2422 eumdem
2870 2365 3129 2443 scriptis
3160 2367 3179 2447 ζ
3198 2371 3237 2427 6
3282 2372 3476 2436 Junii

210 2461 388 2538 1702)
428 2460 937 2538 intelligeremus,
982 2468 1267 2521 nostrum
1295 2461 1362 2521 in
1394 2457 1784 2522 recensendis
1837 2466 2198 2519 sanctorum
2232 2458 2527 2521 Ecclesiae
2558 2460 2824 2522 Patrum
2867 2465 3156 2542 operibus
3208 2470 3476 2532 institu—

212 2566 375 2633 tum,
407 2578 443 2617 a
469 2555 874 2617 Beatitudine
902 2564 1010 2615 tua
1038 2555 1056 2633 (
1076 2554 1243 2635 quod
1267 2556 1533 2617 maxime
1562 2556 1625 2617 in
1650 2555 1809 2618 votis
1841 2555 2011 2633 erat)
2039 2555 2291 2617 laudari
2331 2562 2388 2617 et
2421 2556 2785 2635 approbari.
2825 2559 2995 2633 Quid
3043 2565 3202 2626 enim
3253 2572 3473 2648 efﬁca-

207 2657 343 2714 cius
369 2653 451 2713 ad
481 2653 773 2713 levandos
805 2651 1044 2714 labores
1071 2661 1350 2729 nostros,
1387 2654 1500 2716 etsi
1529 2654 1787 2720 arduos.
1817 2654 1886 2715 in
1922 2663 2043 2714 tam
2072 2653 2324 2733 difﬁcili
2349 2673 2528 2733 quam
2554 2658 2822 2736 cepimus
2847 2661 3203 2739 reipublica:
3227 2668 3473 2731 littera-

216 2756 327 2815 riae
349 2752 685 2831 provincia
702 2753 733 2811 ?

297 2852 519 2932 Itaque
552 2872 689 2913 cum
717 2860 866 2913 tunc
889 2852 1065 2932 prelo
1096 2854 1401 2927 subiicere
1438 2856 1801 2933 cepissemus
1834 2856 2038 2916 sancti
2067 2855 2357 2934 Gregorii
2383 2857 2609 2935 Magni
2647 2878 2835 2937 opera
2866 2867 3069 2926 omnia
3113 2887 3227 2946 per
3254 2891 3473 2933 sexen-

216 2952 389 3011 nium
420 2953 505 3012 ad
531 2951 994 3029 manuscriptos
1019 2950 1280 3012 Codices
1306 2954 1635 3023 recensita,
1669 2951 2010 3027 emendata,
2037 2962 2223 3011 aucta
2252 2961 2305 3011 et
2336 2951 2656 3015 illustrata
2685 2960 2879 3031 notis,
2909 2980 3135 3023 novum
3163 2967 3324 3030 hunc
3353 2981 3475 3030 stu-

213 3055 461 3114 diorum
488 3063 852 3114 nostrorum
878 3055 1072 3129 fetum
1106 3062 1214 3114 tuo
1264 3071 1443 3115 sacro
1498 3056 1740 3117 nomini
1770 3056 2261 3133 nuncupandum
2311 3057 2526 3115 statim
2574 3058 3024 3134 judicavimus.
3072 3065 3279 3143 Neque
3328 3089 3472 3130 υρνο

212 3152 593 3225 dubitamus,
630 3152 1021 3213 sanctissime
1047 3154 1264 3227 Pater,
1296 3152 1449 3230 quin
1481 3171 1517 3209 a
1550 3159 1632 3226 te,
1661 3160 1729 3211 ut
1758 3168 1881 3229 par
1905 3160 2015 3224 est,
2055 3153 2411 3229 excipiatur
2443 3151 2793 3232 Gregorius
2822 3167 3055 3230 noster,
3088 3163 3206 3221 imo
3253 3169 3473 3230 multi-

208 3250 525 3329 plicijure
552 3259 719 3310 tuus.
751 3251 824 3311 Si
850 3252 1009 3311 enim
1039 3250 1323 3311 omnibus
1354 3248 1639 3310 consiliis
1675 3250 1798 3310 tuis
1825 3250 2117 3309 interesse
2152 3248 2416 3309 voluisti
2460 3251 2870 3328 Bernardum,
2904 3254 3133 3333 dignus
3179 3270 3266 3321 est
3325 3284 3473 3328 sane

211 3351 551 3426 Gregorius
578 3350 686 3427 qui
710 3352 956 3426 praesit.
990 3349 1275 3409 Assideat
1316 3347 1555 3407 clavum
1584 3346 1764 3405 navis
1792 3346 1971 3406 Petri
1998 3347 2255 3416 tenenti,
2289 3347 2398 3423 qui
2442 3347 2705 3406 eamdem
2732 3355 2826 3407 tot
2850 3355 3055 3432 annis,
3091 3360 3269 3417 tanta
3319 3379 3472 3438 pm.

208 3448 445 3520 (lentia,
475 3446 877 3523 gravissimas
907 3449 1070 3507 inter
1095 3442 1404 3523 procellas
1435 3441 1831 3521 gubernavit,
1876 3441 2386 3519 difficillimisque
2421 3442 2821 3519 temporibus,
2851 3445 2965 3506 hoc
3015 3459 3099 3509 est
3131 3455 3471 3519 miserabili

208 3550 376 3630 quod
419 3551 662 3625 agimus
686 3567 810 3608 α’υο
836 3548 1197 3608 simillimis.
1226 3545 1467 3606 Habeat
1493 3562 1723 3624 semper
1751 3543 1825 3605 ob
1858 3546 2072 3606 oculos
2093 3555 2415 3621 pastorum
2434 3547 2724 3624 princeps
2746 3549 2973 3609 librum
2998 3554 3225 3629 regulas
3253 3565 3471 3631 pasto-

209 3650 363 3710 ralis
387 3651 577 3727 plane
601 3666 879 3722 aureum,
908 3666 1084 3727 quem
1119 3645 1400 3706 omnibus
1433 3646 1579 3706 olim
1614 3646 1918 3723 episcopis
1951 3646 2019 3705 in
2048 3644 2449 3706 ordinatione
2473 3646 2686 3706 datum
2712 3655 2771 3707 et
2801 3653 3291 3715 commendatum
3316 3657 3472 3733 legi-

209 3765 367 3806 mus.
399 3746 459 3805 E
486 3763 766 3823 supremo
796 3745 1097 3805 Ecclesiae
1133 3743 1361 3803 throno
1391 3743 1615 3802 iterum
1643 3745 1908 3820 puriora
1935 3745 2161 3819 fundat
2191 3746 2448 3806 oracula
2492 3745 2715 3807 doctor
2751 3754 2843 3806 ter
2896 3753 3205 3812 maximus
3255 3756 3437 3833 digni
3444 3790 3474 3802 -

212 3852 362 3919 tate,
391 3844 767 3915 eruditione,
800 3845 1160 3915 sanctitate,
1200 3843 1379 3922 cujus
1406 3844 1475 3903 in
1502 3843 1699 3903 medio
1734 3844 2030 3905 Ecclesiae
2074 3846 2374 3905 Dominus
2425 3863 2491 3903 os
2543 3848 2815 3922 aperuit,
2874 3855 2929 3905 et
2987 3867 3160 3927 quem
3205 3856 3474 3931 replevit

211 3946 444 4023 spiritu
479 3944 803 4022 sapientia:
829 3953 882 4002 et
908 3944 1277 4003 intellectus.
1309 3944 1709 4021 Agnoscatur
1738 3942 1996 4020 denique
2019 3943 2338 4003 redivivus
2369 3945 2435 4004 in
2465 3943 2771 4004 Clemente
2803 3946 3166 4022 Gregorius.

295 4043 412 4101 Ila:
440 4043 566 4120 fere
586 4049 733 4101 sunt
763 4040 1065 4110 rationes,
1097 4040 1438 4100 beatissime
1471 4040 1681 4110 Pater,
1711 4057 1846 4118 qum
1871 4057 1984 4099 nos
2009 4038 2393 4117 impulerunt
2420 4048 2488 4099 ut
2520 4039 2601 4101 ad
2653 4050 2760 4100 tua
2810 4046 3142 4119 provoluti
3182 4049 3474 4126 vestigia-

223 4144 597 4221 Gregorium
631 4147 930 4221 Magnum
966 4159 1178 4201 recens
1205 4161 1240 4200 a
1271 4139 1452 4200 nobis
1484 4141 1549 4201 in
1585 4141 1780 4200 lucem
1808 4140 2037 4199 editum
2061 4139 2403 4199 Sanctitati
2432 4147 2550 4199 tua:
2580 4141 2801 4219 offerre
2844 4142 3227 4218 auderemus,
3264 4165 3473 4225 quam-

208 4244 301 4302 vis
333 4241 475 4301 alice
508 4241 713 4301 multa:
744 4240 983 4319 quidem
1014 4256 1346 4315 gravesque
1373 4244 1732 4314 suppetant.
1774 4236 1866 4294 Et
1887 4253 2034 4295 sane
2063 4252 2190 4295 non
2215 4236 2359 4296 aliis
2392 4254 2571 4314 quam
2596 4238 2939 4314 pontiﬁciis
2968 4242 3263 4317 auspiciis
3291 4245 3469 4305 dece-

214 4340 317 4401 bat
339 4357 589 4399 rursum
625 4339 784 4399 diem
811 4340 1083 4415 aspicere
1111 4338 1462 4415 pontiﬁcem
1498 4335 1675 4395 illum
1712 4342 1809 4393 tot
1838 4333 2046 4394 titulis
2074 4338 2433 4392 maximum.
2473 4332 2865 4411 Gregoriana
2917 4355 3105 4413 opera
3160 4337 3470 4406 Vaticanis

216 4440 379 4517 typis
406 4458 632 4498 excusa
659 4438 785 4515 jam
810 4437 998 4497 Sixto
1029 4437 1079 4495 ν
1108 4441 1468 4511 nuncupata
1494 4434 1688 4509 fuere.
1717 4432 1913 4493 Notas
1941 4440 1995 4489 et
2029 4430 2485 4490 obserrationes
2517 4447 2667 4507 quas
2690 4432 2756 4491 in
2791 4432 3211 4510 Gregorianas
3243 4442 3469 4517 episto-

214 4537 305 4597 las
340 4537 724 4599 e.’ucubravit
754 4534 1071 4596 Antonius
1119 4532 1403 4591 Dadinus
1438 4530 1749 4590 Alteserra
1776 4530 2066 4590 Clementi
2098 4530 2195 4588 IX
2220 4528 2476 4587 dicavit.
2513 4529 2680 4602 Quid
2707 4540 3027 4606 supererat
3062 4533 3190 4593 nisi
3215 4547 3282 4595 ut
3313 4540 3471 4598 Edi-

215 4639 440 4697 tionem
468 4637 626 4697 hanc
653 4636 1085 4695 universorum
1111 4632 1316 4691 sancti
1336 4628 1631 4705 Gregorii
1666 4646 1914 4705 operum
1941 4629 2360 4700 notissimam,
2393 4630 2660 4686 omnium
2686 4646 2819 4706 quae
2868 4645 3310 4705 praecesserunt
3361 4639 3471 4698 Io—

214 4738 721 4816 cupletissimam,
773 4747 830 4793 et
864 4740 1164 4811 quantum
1213 4729 1393 4789 licuit
1457 4728 2001 4797 absolutissimum,
2056 4728 2355 4788 Clementi
2408 4729 2527 4799 XI,
2562 4736 3109 4792 consecraremus?
3142 4737 3359 4813 Igitur
3393 4740 3471 4797 ad

212 4847 488 4898 sanctam
515 4836 738 4905 sedem,
773 4832 938 4892 unde
967 4832 1256 4891 eaierunt
1283 4829 1406 4888 lucc
1429 4830 1697 4888 scientia:
1724 4835 1779 4886 et
1805 4828 2125 4904 sapientiae
2142 4827 2430 4905 flumina,
2458 4836 2878 4907 revertantur,
2896 4840 2965 4890 ut
2996 4834 3216 4893 iterum
3242 4835 3467 4910 ﬂuant,

212 4950 268 4999 et
306 4940 378 4999 in
410 4938 766 4995 universum
791 4957 813 4989 ι
828 4931 993 4991 rbem
1026 4929 1459 4991 Christianum
1487 4927 1948 5006 diffundantur.

295 5037 385 5096 Et
418 5033 659 5110 quidem
690 5031 830 5090 inde
856 5027 1036 5089 nobis
1063 5028 1306 5105 affulsit
1338 5028 1668 5088 consilium
1698 5024 2102 5104 aggrediendi
2132 5032 2289 5083 tanti
2329 5024 2557 5100 operis,
2596 5032 2648 5083 et
2679 5025 2992 5083 auxilium
3021 5023 3102 5082 ad
3143 5029 3471 5101 perﬁcien-

208 5134 377 5193 dum.
416 5131 570 5192 Cum
602 5130 760 5188 enim
788 5127 992 5187 sancti
1019 5125 1202 5203 hujus
1232 5123 1513 5184 doctoris
1544 5125 1738 5183 vitam
1769 5123 2213 5197 vulgassemus,
2243 5140 2488 5199 eamque
2535 5123 2737 5199 felicis
2772 5120 3228 5181 recordationis
3274 5127 3471 5189 Iuno-

212 5230 415 5292 centio
446 5228 588 5287 XII
628 5226 1038 5301 gratissimam
1078 5223 1270 5300 fuisse
1312 5240 1427 5281 nos
1484 5222 1795 5282 docuisset
1840 5222 2070 5281 litteris
2110 5223 2243 5280 suis
2292 5220 2807 5280 eminentissimus
2862 5218 3204 5282 cardinalis
3260 5227 3473 5304 Spatia

218 5331 279 5411 (8
309 5326 549 5407 Aprilis
587 5323 796 5397 1698),
827 5329 882 5379 et
910 5321 987 5381 ad
1014 5322 1252 5399 majora
1286 5320 1606 5390 tentanda,
1643 5318 1957 5396 impertita
1988 5323 2233 5378 nomine
2258 5317 2481 5376 summi
2528 5314 2848 5392 pontificis
2899 5318 3244 5392 apostolica
3270 5322 3472 5399 bene-

217 5410 516 5491 dictione.
549 5426 992 5495 provocasset:
1022 5417 1229 5477 statim
1265 5417 1338 5477 de
1367 5417 1583 5477 divina
1614 5435 1726 5493 ope
1756 5415 1935 5493 quasi
1961 5416 2139 5489 certi,
2164 5414 2243 5473 ad
2260 5410 2643 5490 publicanda
2662 5428 2900 5489 quoque
2928 5416 3107 5475 novis
3144 5422 3333 5493 euris,
3358 5441 3473 5484 no.

214 5531 425 5609 visque
461 5525 628 5605 typis
659 5522 959 5596 Gregorii
980 5521 1202 5596 Magni
1231 5537 1418 5599 opera
1446 5536 1560 5579 nos
1595 5516 2007 5579 accinximus.
2040 5512 2223 5587 Quod
2254 5512 2453 5589 igitur
2488 5520 2750 5590 emptum
2777 5521 2865 5573 est
2910 5515 3161 5592 auspice
3194 5528 3472 5594 anteces-

620 5647 890 5704 PATROL.
931 5642 1185 5703 LXXV.
3005 5638 3035 5697 1
