4018 6306
549 227 604 286 Π
1721 227 2046 283 EPISTULA
2085 225 2633 283 NUNCUPATORIA.
2922 234 2924 236 ’
3722 228 3788 281 12

544 363 681 406 sure
711 353 844 420 tuo,
877 363 1046 408 nunc
1076 343 1453 414 absolutum,
1481 341 1712 420 tibique
1738 359 1969 401 summa
2001 361 2135 400 cum
2159 345 2352 403 animi
2377 340 2740 403 demissione
2767 337 3036 398 oblatum
3064 337 3344 415 accipere
3364 353 3486 396 non
3515 336 3789 414 dedigne-

545 456 652 508 tur
677 447 996 509 Sanctitas
1029 456 1159 508 tua.
1199 449 1342 507 Etsi
1369 464 1510 506 vero
1545 463 1674 523 pra
1703 453 1890 502 tanta
1918 445 2311 504 celsitudinis
2337 446 2670 521 formidine
2697 441 2776 500 ad
2801 445 3091 498 thronum
3145 447 3319 497 tuum
3363 441 3673 518 accedere,
3716 458 3787 498 ac

543 547 774 607 editum
804 568 839 608 a
868 547 1046 606 nobis
1079 545 1451 622 Gregorium
1483 544 1779 618 Magnum
1828 541 2052 618 offerre
2083 541 2563 616 trepidaremus;
2595 538 2700 597 ille
2741 536 2975 595 nostris
3024 552 3053 591 e
3097 532 3376 592 manibus
3422 532 3662 609 elapsus
3725 534 3788 594 in

547 644 750 703 sinum
775 650 951 702 tuum
976 644 1146 703 ultro
1175 639 1506 715 involaret,
1542 637 1740 697 sedem
1769 635 2053 698 videlicet
2083 635 2205 698 sibi
2234 645 2447 696 notam
2491 643 2548 696 et
2585 635 2843 696 amicam
2891 633 3107 710 hospes
3152 631 3679 708 familiarissimus
3737 642 3788 691 et

545 742 962 804 charissimus.

625 841 914 900 Attamen
937 855 1128 898 unum
1159 843 1272 907 est,
1307 835 1476 914 quod
1500 853 1575 895 ne
1607 834 1723 896 tibi
1747 836 1952 894 minus
1978 834 2224 912 placeat
2255 835 2324 895 in
2350 833 2661 911 Gregorio
2699 833 2934 908 Magno
2960 830 3297 908 plurimum
3325 848 3624 906 veremur,
3652 834 3794 894 bea-

547 936 778 1008 tissime
812 937 1025 994 Pater.
1056 933 1307 1009 Diligis,
1343 943 1410 991 ut
1448 931 1750 1002 diximus,
1782 933 1890 1010 qui
1911 937 2225 1006 moneant,
2254 940 2307 990 et
2330 930 2655 992 laudantes
2687 929 2900 988 odisti.
2928 930 3014 988 Te
3043 928 3453 988 nihilominus
3483 931 3556 991 ab
3577 935 3793 1010 atluis-

543 1035 694 1091 simo
722 1033 1020 1110 pontiﬁce
1049 1031 1370 1092 tau-datum
1397 1032 1485 1092 iri
1520 1049 1592 1093 ne
1618 1029 1882 1102 dubites,
1931 1032 2042 1108 qui
2089 1029 2362 1108 optimos
2408 1029 2729 1105 episcopos
2759 1026 2854 1106 (a)_
2875 1025 3162 1087 laudibus
3197 1026 3277 1084 ad
3310 1027 3521 1088 calum
3580 1031 3794 1090 tollere

541 1129 888 1189 consuevit.
925 1129 1062 1188 Ah!
1094 1139 1323 1206 quanta
1360 1128 1776 1188 exsultatione
1800 1126 1916 1187 tibi
1944 1127 2334 1203 gratulatur,
2357 1145 2528 1204 quem
2538 1127 2734 1204 juxta
2753 1124 3180 1202 promulgatas
3205 1143 3240 1182 a
3266 1142 3327 1183 se
3353 1124 3508 1202 leges
3535 1127 3598 1186 in
3629 1127 3791 1188 libro

545 1228 787 1305 Regula
821 1229 1172 1290 Pastoralis
1192 1229 1382 1308 ,(Reg.
1425 1231 1597 1288 Post.
1636 1230 1702 1288 in
1731 1227 2018 1305 exordio)
2051 1228 2132 1289 ad
2152 1227 2356 1290 sancti
2386 1226 2563 1288 Petri
2588 1226 2939 1286 cathedram
2968 1233 3274 1296 vocatum,
3325 1243 3403 1285 ex
3447 1228 3790 1289 earumdem

539 1329 908 1407 prascripto
931 1332 1154 1400 vivere,
1187 1331 1426 1399 docere,
1457 1345 1685 1404 regere,
1715 1327 1877 1388 hisce
1901 1328 2340 1399 perditissimis
2369 1327 2779 1406 temporibus,-
2801 1345 2910 1387 nec
2937 1328 3140 1386 minus
3172 1326 3588 1403 inﬁrmitatem
3621 1349 3792 1390 suam

541 1431 819 1507 quotidie
840 1447 1193 1508 agnoscere,
1220 1447 1370 1508 pene
1400 1428 1886 1489 admirabundus
1908 1429 2262 1505 conspicit!
2293 1431 2489 1502 Quam
2515 1425 2688 1486 latus
2716 1427 3083 1486 delia-catam
3118 1441 3184 1484 in
3213 1425 3342 1483 suis
3389 1433 3498 1486 aut
3539 1429 3792 1505 scriptis

543 1539 656 1591 aut
683 1532 871 1609 gestis
901 1532 1119 1592 eximii
1147 1531 1430 1592 Pastoris
1465 1530 1812 1607 imaginem,
1843 1530 1993 1589 inte
2022 1529 2288 1606 feliciter
2314 1543 2666 1604 expressam
2691 1525 3016 1602 agnoscit!

619 1633 767 1694 Hac
801 1649 981 1710 quam
1009 1633 1246 1693 inritus
1274 1630 1497 1690 audias
1530 1647 1647 1689 nos
1671 1647 1797 1688 non
1818 1630 1993 1702 latet,
2025 1629 2218 1688 Pater
2253 1629 2665 1699 sanctissime,
2698 1646 2835 1688 cum
2873 1645 3002 1686 non
3043 1626 3217 1687 semel
3260 1636 3328 1685 ut
3359 1646 3394 1684 a
3431 1627 3558 1685 tuis
3586 1629 3793 1690 laudi-

541 1729 647 1790 bus
685 1741 1180 1810 temperaremus,
1209 1730 1627 1808 imperaveris.
1659 1731 1739 1790 At
1775 1740 1983 1804 patere
2025 1737 2094 1788 ut
2121 1731 2509 1807 posteritati,
2563 1739 2632 1790 ut
2689 1730 3027 1791 aternitali
3075 1728 3552 1789 commendemus
3606 1729 3795 1807 (quod

546 1829 859 1906 Ecclesia,
902 1830 1069 1908 quod
1099 1849 1226 1891 aro
1257 1837 1476 1890 nostro
1513 1838 1676 1889 certe
1708 1830 2258 1911 perhonoriﬁeum)
2295 1841 2531 1910 quanta
2565 1831 2680 1892 tibi
2709 1849 2842 1890 cum
2876 1831 3202 1909 Gregorio,
3250 1834 3616 1909 pontiﬁcum
3670 1833 3796 1908 fere

541 1931 812 1990 omnium
841 1932 948 2008 qui
973 1938 1114 2007 post
1149 1931 1402 2003 Petrum
1432 1931 1768 1990 Romanam
1799 1929 2148 1991 cathedram
2171 1929 2600 2004 obtinuerunt,
2632 1931 2930 1999 maximo,
2962 1929 3310 1990 similitudo
3368 1929 3449 1989 sit
3485 1940 3536 1988 et
3576 1946 3796 1988 conve-

540 2032 800 2091 nientia.
3593 2083 3600 2088 .

616 2129 870 2190 Etenim
897 2129 955 2189 si
981 2130 1216 2192 natales
1245 2130 1646 2206 attendimus,
1678 2146 1870 2207 genus
1902 2127 2152 2204 utrique
2177 2128 2520 2203 patricium
2551 2137 2661 2187 aut
2703 2127 3126 2196 senatorium,-
3164 2133 3452 2202 parentes
3495 2125 3795 2202 religione

537 2234 731 2309 magis
753 2232 1281 2310 quamnobilitate
1303 2233 1648 2310 conspicui.
1665 2233 1738 2292 Si
1761 2230 1968 2290 studia
1987 2249 2234 2308 quaran
2247 2238 2374 2302 tur,
2389 2229 2729 2308 Gregorius
2749 2239 2960 2290 noster
2982 2253 3008 2284 ς(
3035 2229 3388 2305 disciplinis
3413 2227 3793 2296 liberalibus,
3812 2264 3816 2268 -

540 2329 965 2403 grammatica,
992 2329 1330 2398 rhetorica,
1363 2330 1714 2397 dialectica,
1748 2347 1784 2387 a
1807 2328 2080 2405 pueritia
2109 2329 2198 2389 ita
2226 2335 2309 2387 est
2343 2327 2698 2400 institutus,
2726 2336 2796 2386 ut
2825 2326 2992 2385 nulli
3024 2327 3087 2386 in
3123 2326 3278 2388 Urbe
3309 2325 3446 2400 hac,
3485 2325 3627 2385 licet
3670 2324 3796 2402 ﬂo-

539 2436 745 2487 rerent
773 2428 875 2490 hic
909 2429 1122 2488 studia
1149 2429 1526 2500 litterarum,
1557 2435 1892 2507 putaretur
1918 2427 2222 2486 secundus
2261 2425 2527 2504 (Paulus
2559 2426 2792 2504 Diac.).
2828 2449 2856 2481 ››
2887 2427 2972 2486 Te
2987 2425 3510 2498 vero,beatissime
3537 2425 3796 2494 Pater,a

540 2531 741 2606 prima
769 2536 946 2590 atate
966 2529 1200 2592 litteris
1227 2529 1700 2590 humanioribus
1740 2527 1986 2590 Latinis
2007 2536 2064 2586 et
2093 2529 2323 2590 Gracis
2350 2529 2666 2588 excultum
2699 2529 2890 2588 Roma
2917 2529 3200 2605 suspexit
3245 2528 3520 2588 nondum
3555 2526 3796 2586 duode-

549 2627 667 2686 cim
693 2645 893 2688 annos
922 2636 1160 2698 natum,
1195 2647 1268 2690 ac
1298 2628 1370 2690 de
1397 2630 1617 2706 futura
1646 2629 1994 2690 eruditione
2026 2629 2092 2688 in
2127 2630 2295 2689 omni
2330 2628 2810 2706 disciplinarum
2847 2639 2905 2688 et
2947 2629 3353 2688 scientiarum
3393 2629 3656 2687 maxime
3699 2644 3797 2684 sa-

543 2741 793 2786 crarum
821 2743 1038 2803 genere
1069 2726 1402 2802 augurium
1429 2726 1714 2802 sumpsit.
1752 2726 1945 2805 Cujus
1981 2727 2226 2803 quidem
2277 2727 2575 2804 specimen
2617 2729 2869 2813 fuerunt
2914 2726 3233 2786 nonnulla
3266 2733 3622 2785 sanctorum
3669 2725 3802 2784 Pa-

554 2830 719 2882 trum
742 2822 1043 2894 homilia,
1091 2823 1175 2901 (b)
1207 2824 1752 2903 Menologiumque
1793 2832 1966 2884 vetus
1999 2845 2020 2884 :
2047 2843 2183 2904 qua
2228 2843 2364 2884 cum
2421 2844 2449 2883 e
2495 2825 2706 2888 Graco
2739 2825 2806 2884 in
2855 2825 3143 2885 Latinum
3196 2825 3618 2889 convertisses,
3667 2820 3800 2881 luce

545 2919 938 2997 dignissima,
962 2923 1344 2982 severiorum
1372 2921 1552 2982 etiam
1580 2940 1904 2982 censorum
1933 2924 2340 2984 astimatione
2372 2923 2662 3000 judicata
2692 2929 2858 2981 sunt.
2894 2921 3128 2982 Dehinc
3157 2921 3425 2982 sodalem
3479 2930 3535 2981 te
3587 2920 3802 2981 habere

541 3019 882 3079 ambierant
915 3023 996 3098 (c)
1035 3019 1291 3080 celebres
1327 3021 1674 3091 academix,
1698 3031 1752 3080 et
1782 3022 2062 3080 virorum
2090 3021 2484 3080 eruditorum
2515 3029 2727 3080 catus.

616 3115 962 3191 Gregorius
989 3139 1016 3171 «
1050 3114 1117 3175 in
1133 3116 1313 3176 annis
1335 3116 1758 3177 adolescentia
1783 3117 1906 3176 Deo
1941 3117 2120 3195 capit
2152 3116 2410 3178 devotus
2437 3118 2726 3186 existere,
2752 3125 2806 3175 et
2829 3116 2908 3176 ad
2929 3134 3208 3194 superne
3229 3119 3372 3177 vita
3401 3119 3668 3194 patriam
3702 3124 3800 3177 to-

545 3215 624 3273 tis
655 3213 976 3276 desideriis
1006 3213 1295 3275 anhelare
1331 3215 1598 3290 (Paulus
1629 3215 1902 3290 Diac.).»
1933 3217 2028 3274 Tu
2059 3212 2305 3276 lubrica
2337 3216 2520 3274 etiam
2555 3217 2615 3276 in
2647 3223 2848 3288 atate,
2885 3223 3106 3275 contra
3125 3214 3283 3274 vitia
3303 3231 3530 3273 summa
3563 3231 3802 3274 morum

543 3315 902 3376 innocentia
929 3312 1223 3386 vallatus,
1245 3313 1479 3373 divinis
1506 3312 1684 3373 rebus
1723 3320 1923 3372 totum
1959 3324 2012 3372 te
2032 3312 2244 3372 statim
2273 3310 2608 3373 addix-isti.

619 3412 992 3490 Gregorium
1025 3422 1364 3491 praturam
1394 3414 1600 3472 Roma
1645 3415 1896 3490 gessisse
1934 3413 2225 3487 legimus;
2255 3429 2375 3489 quo
2408 3411 2476 3469 in
2499 3428 2747 3470 munere
2777 3411 3019 3489 egregia
3043 3409 3411 3488 prudentia,
3438 3410 3816 3488 probitatis,

546 3509 958 3586 integritatis,
986 3517 1260 3587 paterna
1292 3511 1358 3572 in
1381 3509 1654 3589 populos
1703 3511 2060 3586 charitatis,
2096 3511 2481 3588 aliarumque
2533 3512 2837 3570 virtutum
2875 3510 3150 3587 exempla
3196 3510 3432 3569 cateris
3485 3508 3802 3584 iudicibus
3870 3573 3874 3576 _

543 3609 840 3686 prabuit.
874 3611 958 3670 Te
982 3627 1224 3689 quoque
1246 3618 1575 3689 pratorem
1603 3619 1657 3672 et
1685 3613 2046 3689 prafeetum
2075 3618 2428 3671 meruerunt
2460 3606 2675 3669 habere
2713 3607 2871 3670 Urbs
2898 3616 3093 3679 vetus,
3145 3608 3355 3677 Reate,
3389 3606 3646 3674 Sabini;
3693 3625 3803 3667 nec
3894 3594 3898 3598 ’

487 3744 502 3791 ._;
543 3707 669 3766 alio
706 3707 834 3784 fere
862 3723 1046 3784 quam
1076 3706 1473 3768 laudatarum
1495 3710 1798 3769 virtutum
1821 3710 2122 3770 satellitio
2149 3710 2443 3779 cinctum,
2463 3707 2605 3785 plus
2627 3725 2830 3769 amare
2858 3707 3216 3767 didicerunt
3239 3724 3420 3784 quam
3439 3705 3802 3782 formidare.

625 3803 965 3882 Gregorius
999 3803 1080 3864 ad
1108 3823 1353 3864 sacrum
1399 3807 1810 3867 ministerium
1854 3814 2232 3884 assumptus,
2274 3806 2528 3882 Pelagio
2587 3805 2657 3864 11
2692 3806 2758 3865 in
2815 3802 3156 3864 scribendis
3207 3802 3491 3879 epistolis
3541 3803 3806 3880 adjutor

539 3901 666 3979 fuit
701 3901 963 3978 (Paulus
1003 3902 1207 3973 Diac.,
1245 3901 1352 3963 lib.
1385 3919 1453 3960 tu
1487 3901 1562 3964 de
1597 3901 1762 3963 Gest.
1803 3903 2072 3981 Langob.
2126 3921 2179 3962 c.
2219 3903 2352 3981 20).
2405 3905 2504 3963 Tu
2558 3919 2700 3962 vero
2749 3910 2891 3978 post
2948 3899 3416 3960 eminentissimi
3464 3900 3806 3960 cardinalis

543 3999 739 4061 Slusii
766 3999 1026 4071 obitum,
1055 4000 1130 4060 ab
1161 4001 1529 4062 Innocentio
1560 4002 1690 4074 XI,
1729 4001 2148 4078 applaudente
2184 4019 2363 4062 sacro
2394 4011 2638 4073 senatu,
2665 4009 2720 4060 et
2745 4020 2783 4060 a
2811 3999 3052 4060 duobus
3083 3998 3227 4060 aliis
3251 4001 3358 4076 qui
3389 4007 3444 4058 te
3467 4017 3806 4076 praeesse-

545 4103 693 4156 runt
724 4097 974 4158 summis
996 4097 1424 4176 pontiﬁcibus,
1458 4115 1592 4175 pra
1620 4101 1854 4158 cateris
1891 4109 2020 4159 tum
2043 4100 2325 4176 praelatis
2361 4109 2487 4160 tum
2518 4101 2697 4160 etiam
2728 4097 3157 4160 cardinalibus
3184 4098 3264 4157 ad
3292 4098 3359 4159 id
3392 4100 3662 4159 muneris
3687 4118 3804 4159 vo-

545 4204 749 4268 catus,
778 4194 943 4256 illud
973 4203 1220 4255 strenue
1249 4203 1579 4256 exsecutus
1611 4215 1692 4266 es,
1718 4197 1859 4256 licet
1895 4197 1970 4257 ab
2001 4197 2366 4258 Alexandro
2397 4198 2568 4259 VIII
2588 4197 2654 4256 in
2683 4207 3182 4274 purpuratorum
3200 4205 3452 4272 patrum
3481 4193 3813 4271 collegium

546 4290 846 4361 adfectus,
885 4297 941 4350 et
962 4290 1178 4351 multis
1199 4289 1632 4352 ecclesiasticis
1658 4293 1928 4368 negotiis
1952 4297 2352 4370 prapositus,
2377 4294 2491 4353 vix
2515 4292 2710 4352 ullum
2731 4292 2811 4351 ad
2831 4291 3222 4353 scribendum
3239 4293 3438 4352 otium
3467 4291 3808 4355 invenires.

626 4388 748 4449 His
777 4387 1104 4465 gradibus,
1138 4387 1479 4449 beatissime
1508 4389 1728 4465 Pater,
1751 4389 1831 4449 ad
1861 4392 2132 4467 supremi
2157 4392 2572 4470 pontiﬁcatus
2600 4391 2921 4470 fastigium
2951 4390 3313 4465 aseendisti,
3353 4390 3625 4450 omnium
3663 4395 3806 4469 suf—

547 4486 755 4564 fragio
788 4492 1070 4561 vocatus,
1109 4492 1164 4544 te
1194 4485 1326 4546 solo
1362 4488 1725 4545 reluctante.
1760 4486 2059 4548 Nondum
2081 4485 2409 4547 obductam
2437 4487 2791 4547 cicatricem
2819 4488 3116 4565 refricare
3163 4489 3473 4564 cogimur,
3518 4497 3576 4548 et
3629 4489 3806 4549 dolo-

549 4599 676 4641 rem
704 4600 1039 4651 renovare;
1069 4584 1178 4662 qui
1207 4592 1369 4644 certe
1396 4592 1608 4643 tantus
1638 4583 1788 4662 fuit,
1821 4593 1893 4644 ut
1925 4585 1990 4645 in
2009 4585 2230 4662 febrim
2258 4586 2556 4648 incideris
2580 4607 2598 4650 :
2626 4587 2732 4644 sed
2760 4585 2882 4646 hac
2909 4587 3160 4647 silentio
3192 4590 3512 4664 praterire
3542 4608 3669 4649 non
3717 4591 3806 4651 li-

549 4682 743 4755 cebat,
769 4683 836 4743 in
862 4682 1089 4762 quibus
1123 4684 1496 4760 Gregorium
1526 4685 1834 4759 Magnum
1863 4687 2200 4764 perfectius
2229 4687 2421 4763 refers
2450 4692 2508 4745 et
2534 4685 2801 4745 exhibes.
2833 4685 2988 4758 Quis
3022 4687 3181 4746 enim
3215 4688 3452 4747 nesciat
3483 4691 3808 4751 sanctissi-

551 4800 713 4842 mum
743 4783 972 4867 virum,
1006 4799 1142 4842 cum
1164 4782 1232 4842 in
1257 4782 1614 4860 pontiﬁcem
1639 4783 1896 4844 electum
1929 4804 1991 4845 se
2015 4784 2449 4852 intellexisset,
2483 4786 2636 4859 luga
2661 4781 2782 4841 sibi
2815 4784 3216 4853 consuluisse,
3249 4803 3319 4843 ac
3344 4787 3807 4861 provectiunem

551 4898 724 4940 suam
757 4879 841 4939 ad
863 4896 1155 4938 summam
1181 4878 1352 4939 illam
1384 4878 1777 4956 dignitatem,
1807 4881 2124 4941 continuis
2150 4881 2445 4958 lacrymis
2477 4888 2764 4957 tanquam
2793 4881 3227 4955 gravissimum
3264 4900 3492 4952 casum,
3528 4883 3805 4961 quandiu

549 4979 717 5040 vixit
744 4977 1052 5054 deflevisse
1069 4975 1100 5034 ἵ

639 5074 919 5144 Utinam,
954 5071 1339 5132 sanctissime
1372 5071 1582 5135 Pater.
1628 5074 1712 5134 ad
1738 5073 2028 5151 umjorem
2071 5074 2168 5132 tui
2210 5075 2622 5151 pontiﬁcatus
2679 5091 2814 5132 eum
2873 5074 3264 5152 Gregoriano
3309 5077 3807 5150 similitudinem,

554 5191 686 5238 non
714 5175 1065 5252 conferrent
1093 5181 1482 5234 terramotus
1512 5173 1765 5252 aliaque
1794 5175 2200 5248 calamitates,
2231 5175 2455 5254 quibus
2487 5177 2738 5236 Romam
2771 5184 3080 5257 totamque
3116 5179 3367 5240 Italiam
3401 5179 3685 5239 attritum
3709 5178 3809 5239 lu-

555 5353 1000 5485 Ιωὲιέηῗρὲξεῐῖἁω
1025 5355 1270 5424 epistola
1298 5352 1365 5406 ad
1393 5352 1671 5422 Eulogium
1703 5354 1879 5420 Alex.,
1907 5354 2250 5412 AnaStasium
2281 5355 2556 5423 Aulioch.,
2588 5355 2916 5411 Dominicum
2963 5357 3238 5426 Canbag.,
3273 5355 3572 5414 Leandrum
3612 5356 3808 5430 liispa:

625 5486 704 5626 to;
733 5488 1004 5568 Inundatus
1029 5489 1314 5557 aliquando
1332 5503 1365 5542 a
1393 5488 1772 5554 Bollandianis.

652 5580 674 5607 .-
726 5559 1024 5613 Academiae
1053 5558 1118 5613 de
1147 5559 1496 5626 gliUmoristi,
1524 5559 1772 5626 Regiam!

652 5558 696 5625 οι)
726 5559 1024 5613 Academia
1053 5558 1118 5613 de
1147 5559 1496 5628 gliUmoristi,
1524 5559 1738 5632 Regina:
1759 5561 1981 5631 Succix,
2015 5571 2120 5620 etc.
