4018 6348
247 292 314 348 15
1412 300 1739 357 EPISTOLA
1780 301 2333 359 NUNCUPATORIA.
3443 317 3509 373 η

252 422 486 483 gemus.
523 407 605 469 Et
640 406 737 466 his
772 408 1016 486 quidem
1047 407 1271 470 die-inte
1290 409 1564 487 justitix
1590 410 1855 488 flagellis
1890 411 1982 469 ita
2035 409 2449 483 saevientibus,
2480 412 2818 493 Gregorius
2867 416 3013 480 olim
3060 421 3509 485 reconciliator

247 505 563 576 accedens,
594 504 898 584 populum
949 506 1029 565 ad
1069 506 1496 583 paenitentiam
1548 508 1732 584 gravi
1787 508 2072 568 oratione
2131 510 2459 570 commovit
2493 513 2597 589 (In
2652 516 2770 592 ﬁne
2824 516 3035 580 homil.
3101 519 3172 580 in
3225 520 3511 599 Evang.,

254 613 405 666 tam.
435 607 471 665 I
497 604 756 682 Gregor.
789 607 1089 683 Turon.),
1116 624 1249 684 qua:
1272 608 1433 667 miro
1462 608 1695 685 plausu
1724 610 1936 669 statim
1987 617 2270 685 excepta,
2299 626 2412 688 per
2456 612 2657 673 orbem
2705 617 2995 680 volitavit
3037 618 3460 682 Christianum
3489 641 3510 688 ;

245 723 356 767 nec
389 722 519 765 non
549 705 866 766 institutis
897 704 1174 783 publicis
1202 706 1801 784 supplicationibus,
1832 709 1956 769 viui
1987 709 2114 767 Deo
2142 716 2387 785 gratam
2416 711 2672 789 faciens.
2705 716 2991 793 angelum
3028 718 3294 781 ultorem
3326 735 3508 780 exar-

244 812 592 871 mavit..Tu
628 830 770 872 tero
801 829 930 871 non
961 810 1257 871 dissimili
1295 818 1537 881 eventu,
1576 829 1711 871 cum
1766 810 2217 871 terrxmotibus
2272 822 2564 891 quassata
2611 815 2808 875 Roma
2844 819 3337 895 periclitaretur,
3384 821 3511 883 ele-

244 911 429 984 ganti
455 927 619 989 a'que
650 929 723 969 ac
750 910 990 988 efficaci
1017 908 1484 980 adhortatione,
1517 908 1582 967 in
1631 924 1831 966 omnes
1874 907 2041 968 orbis
2089 907 2436 970 Christiani
2492 911 2859 988 provincias
2891 934 3032 977 mox
3085 916 3512 989 disseminata,

244 1005 621 1083 paenitentia
654 1024 845 1084 opera
879 1004 1337 1083 trepidantibus
1371 1012 1427 1063 et
1458 1002 1841 1081 fugientibus
1875 1022 1911 1061 a
1936 1004 2093 1079 facie
2123 1019 2308 1065 arcus
2339 1006 2661 1083 imperasti
2676 1029 2695 1076 ,-
2719 1028 2796 1069 ac
2834 1011 2993 1084 fusis
3030 1015 3320 1090 lacrumis
3364 1032 3511 1088 pre-

247 1103 544 1182 cibusque
570 1104 739 1164 inter
768 1105 963 1165 Deum
992 1112 1050 1165 et
1076 1106 1379 1184 populum
1404 1114 1577 1164 stans
1606 1103 1778 1164 velut
1804 1103 1965 1163 alter
1995 1104 2252 1163 Phinees
2292 1105 2590 1183 placasti,
2619 1116 2673 1166 et
2703 1113 2964 1173 cessavit
3002 1120 3345 1189 quassatio.
3376 1113 3512 1187 Quo

247 1210 518 1281 tempore
546 1202 870 1264 collectam
903 1210 960 1262 et
984 1202 1143 1264 alias
1172 1204 1482 1263 orationes
1528 1203 1595 1263 in
1626 1200 2075 1262 terraamotibus
2123 1201 2417 1262 dicendas
2463 1202 2875 1277 elucubrasti,
2911 1207 3137 1285 quibus
3186 1210 3512 1271 ditandum

245 1318 373 1361 non
405 1302 712 1363 immerito
753 1302 1101 1361 censuimus
1130 1300 1355 1361 librum
1381 1299 1924 1361 Sacramentorum
1958 1300 2163 1357 sancti
2183 1297 2480 1375 Gregorii
2512 1299 2715 1360 denuo
2745 1320 2784 1359 a
2829 1302 3010 1361 nobis
3042 1304 3273 1365 editum
3307 1307 3510 1377 (Tom.

244 1401 425 1483 Ill);
458 1410 529 1463 ut
569 1405 635 1464 in
669 1402 785 1463 hoc
817 1401 995 1462 etiam
1023 1399 1164 1475 tibi,
1191 1400 1573 1460 sanctissime
1597 1399 1914 1477 pontifex,
1945 1415 2079 1458 cum
2107 1397 2405 1475 Gregorio
2438 1400 2785 1471 conveniat,
2830 1400 2998 1477 quod
3044 1402 3294 1480 utrique
3338 1420 3511 1463 sacer

243 1501 354 1562 ille
382 1502 597 1565 Codex
628 1519 807 1560 suum
828 1499 1037 1559 debeat
1064 1501 1527 1560 incrementum.

336 1597 851 1675 Quandoquidem
881 1597 1167 1675 cxpimus
1194 1596 1267 1657 de
1298 1614 1365 1656 re
1389 1614 1565 1658 sacra
1599 1598 1794 1677 loqui,
1834 1614 2305 1659 commemorare
2353 1597 2535 1659 liceat
2579 1597 2864 1659 homilias
2912 1600 3053 1662 illas
3104 1601 3513 1681 Gregorianis

245 1697 395 1773 iure
424 1696 815 1758 meritissimo
849 1695 1345 1775 xquiparandas,
1382 1714 1533 1776 quas
1565 1697 1731 1758 inter
1756 1697 2086 1758 missarum
2108 1697 2405 1759 solemnia
2428 1697 2554 1773 iam
2571 1700 2876 1777 plurimas
2903 1698 3176 1763 habuisti
3205 1703 3285 1762 ad
3311 1720 3513 1781 popu-

245 1796 403 1857 lum.
436 1798 517 1856 In
550 1798 645 1859 his
669 1799 828 1861 nihil
855 1800 1133 1876 fucatam
1160 1798 1394 1859 redolet
1429 1799 1881 1878 eloquentiam:
1913 1800 2128 1860 Sermo
2168 1799 2344 1859 vicus
2374 1806 2428 1859 et
2456 1803 2716 1879 efﬁcax;
2774 1800 3006 1878 quippe
3052 1808 3222 1861 totus
3280 1821 3358 1863 ex
3397 1804 3510 1866 Dei

247 1896 437 1957 t'erbo
463 1907 519 1957 et
548 1916 739 1959 sacrte
763 1899 1115 1976 Scriptura:
1162 1900 1487 1961 sententiis
1542 1907 1902 1974 contextus,
1940 1917 2147 1977 quam,
2185 1899 2258 1959 ob
2288 1900 2600 1960 assiduam
2654 1902 2777 1972 ejus
2822 1902 3308 1975 meditationem,
3356 1906 3515 1965 mira

246 2000 558 2078 facilitate
583 2000 664 2062 ad
692 2000 1010 2082 quodlibet
1041 2010 1473 2079 argumentum
1503 2000 2019 2080 pertractandum
2053 2000 2339 2076 adducis,
2382 2019 2508 2062 non
2538 2002 2798 2063 incitam
2836 2004 3053 2065 trahis.
3093 2004 3377 2077 Quantus
3429 2016 3512 2064 est

249 2098 479 2177 populi
515 2101 779 2162 Romani
808 2102 1092 2178 plausus,
1126 2099 1374 2178 quando
1410 2109 1466 2158 te
1499 2115 1676 2160 sacro
1708 2118 1735 2159 e
1764 2105 2059 2176 suggestu
2088 2098 2345 2158 oracula
2376 2098 2735 2173 fundentem
2763 2101 2941 2161 aride
2966 2101 3199 2170 audit;
3230 2102 3512 2163 recorda-

240 2206 480 2277 turque
517 2198 735 2261 Leonis
760 2201 986 2278 Magni
1014 2208 1069 2260 et
1100 2199 1398 2278 Gregorii
1422 2199 1717 2278 Majoris,
1746 2201 1856 2277 qui
1884 2199 2181 2259 Romanis
2212 2216 2289 2258 ex
2308 2200 2715 2276 pontiﬁcibus
2742 2218 2897 2278 pene
2940 2202 3063 2264 soli
3104 2211 3246 2263 ante
3294 2210 3350 2262 te
3402 2202 3513 2263 hoc

243 2298 554 2375 pastorali
588 2300 794 2376 ofﬁcio
830 2300 1040 2378 functi
1071 2308 1260 2359 sunt:
1294 2297 1367 2359 ob
1412 2298 1665 2376 inﬁnita
1719 2296 1957 2358 scilicet
2010 2295 2231 2376 quibus
2285 2295 2742 2357 distinebantur
2790 2308 3066 2376 negotia.
3109 2299 3515 2369 Earumdem,

243 2393 368 2454 imo
396 2397 704 2476 majorum
734 2414 1027 2458 curarum
1056 2398 1321 2457 sustinet
1357 2396 1576 2457 molem
1606 2395 1928 2456 Sanctitas
1959 2403 2099 2463 tua;
2137 2400 2273 2453 tota
2315 2395 2441 2471 fere
2487 2392 2710 2469 Italia,
2753 2393 2897 2455 orbe
2931 2395 3285 2457 Christiano
3319 2414 3513 2477 prope

242 2495 538 2556 universo
570 2496 743 2559 bellis
778 2505 833 2557 et
859 2498 1023 2558 odiis
1068 2498 1518 2577 conflagrante,
1550 2515 1683 2576 quae
1712 2494 2005 2558 incendia
2052 2497 2438 2572 restinguere
2496 2494 2833 2568 sollicitus,
2880 2497 3157 2556 animum
3202 2498 3269 2558 in
3308 2516 3514 2560 omnes

244 2608 457 2652 versas
478 2600 711 2670 partes.
750 2594 1036 2655 Attamen
1072 2594 1153 2656 ad
1176 2595 1540 2656 scribendas
1574 2593 1877 2671 elegantes
1915 2594 2203 2655 homilias
2247 2594 2363 2653 tibi
2393 2600 2570 2653 cacat
2617 2593 2785 2671 quod
2841 2595 2907 2653 in
2946 2595 3247 2672 Gregorio
3293 2608 3513 2657 nostra

252 2688 477 2748 merito
506 2692 790 2768 suspexit
830 2692 1190 2752 Bernardus
1220 2690 1383 2770 (Lib.
1419 2710 1440 2751 ι
1476 2692 1548 2753 de
1579 2692 1863 2766 Consid.,
1890 2709 2023 2768 cap.
2057 2692 2144 2768 9).
2173 2690 2666 2751 Admirationem
2696 2701 2878 2769 auget
2909 2696 3156 2771 inﬁrma
3192 2697 3512 2776 utriusque

244 2785 559 2858 valetudo,
591 2805 724 2865 qua:
752 2789 975 2866 feriari
1008 2808 1044 2847 α
1076 2788 1286 2848 labore
1305 2788 1559 2850 suadere
1587 2792 1761 2851 solet.

326 2884 415 2944 De
446 2885 672 2946 scelesti
696 2905 853 2963 pane
878 2888 1225 2965 frangendo
1262 2897 1315 2947 et
1354 2887 1621 2949 subditis
1649 2885 2037 2963 tibipopulis
2072 2887 2467 2962 opponendo,
2505 2886 2649 2945 dum
2696 2888 2787 2946 ita
2830 2888 3064 2965 satagis
3094 2931 3112 2960 ,
3169 2887 3514 2952 beatissime

244 2982 461 3057 Pater,
493 2982 565 3043 de
592 2984 1016 3045 ministrando
1040 2984 1175 3044 cibo
1202 2985 1558 3046 nutriendis
1595 2982 1964 3063 corporibus
1999 2984 2344 3043 necessario
2381 3001 2505 3043 non
2534 2988 2740 3046 minus
2774 3003 2997 3053 curas;
3046 2996 3118 3047 ut
3145 2993 3513 3066 propensis-

245 3085 466 3147 simum
495 3087 792 3166 Gregorii
818 3089 1088 3148 animum
1117 3089 1181 3148 in
1201 3105 1505 3166 pauperes
1529 3088 1811 3147 xmulari
1835 3088 1982 3164 jure
2012 3085 2267 3146 dicatur
2293 3086 2590 3161 Clemens,
2620 3088 2836 3164 largus
2860 3089 3104 3165 quidem
3129 3102 3183 3150 et
3209 3093 3518 3172 prodigus

247 3181 317 3240 in
347 3199 590 3259 egenos,
628 3182 749 3244 sibi
780 3192 983 3244 autem
1008 3185 1204 3263 fratri
1232 3186 1622 3265 dignissimo,
1650 3186 1699 3263 f1
1715 3186 1873 3244 atris
1902 3184 2055 3263 ﬁliis
2086 3183 2331 3261 optimx
2352 3182 2583 3243 indolis
2619 3192 2673 3243 et
2695 3188 2825 3261 spei
2850 3186 3365 3265 adolescentibus,
3387 3194 3517 3255 suis

247 3280 510 3360 denique
545 3282 827 3343 omnibus
856 3283 1285 3362 parcissimus.
1318 3285 1399 3343 Ut
1428 3300 1570 3343 tero
1603 3280 2003 3361 singulorum
2049 3280 2517 3342 necessitatibus
2544 3284 2876 3359 providere
2915 3286 3145 3362 possis,
3174 3306 3293 3365 eos
3329 3289 3515 3366 jubes

246 3386 435 3448 certis
471 3384 685 3447 diebus
724 3385 1073 3461 convenire,
1102 3405 1173 3447 ac
1202 3382 1707 3464 supplicantibus
1738 3400 1918 3443 aures
1948 3400 2283 3461 manusque
2322 3383 2549 3461 aperis.

336 3486 683 3563 Gregorius
710 3502 842 3563 prw
872 3485 1109 3545 exteris
1134 3483 1515 3562 pauperibus
1544 3502 1643 3543 eos
1672 3484 1881 3561 fovere
1907 3481 2163 3557 solebat,
2188 3500 2343 3559 quos
2373 3499 2546 3542 amor
2566 3482 2807 3545 Christi
2832 3487 3163 3564 spoliarat,
3187 3490 3515 3553 monachos

246 3588 530 3649 videlicet
567 3606 639 3648 ac
666 3586 1190 3660 sanctimoniales,
1214 3595 1285 3646 ut
1321 3606 1398 3647 ex
1438 3594 1529 3647 tot
1567 3588 1697 3666 ejus
1728 3586 2007 3666 epistolis
2037 3584 2440 3661 intelligitur.
2474 3586 2567 3645 Iis
2602 3586 2842 3646 abunde
2896 3591 3240 3651 necessaria
3282 3610 3516 3671 suppe—

247 3688 504 3759 ditavit,
533 3685 815 3763 fundatis
845 3690 1028 3746 etiam
1049 3685 1343 3763 plurimis
1369 3686 1787 3757 monasteriis,
1821 3704 2148 3765 eorumque
2180 3685 2662 3763 tranquillitati,
2693 3689 2999 3747 concessis
3027 3690 3223 3750 variis
3246 3692 3477 3768 privile
3504 3727 3518 3737 -

245 3790 373 3868 giis
398 3788 752 3867 prospexit.
782 3787 923 3861 Qua
946 3788 1013 3848 in
1046 3806 1111 3848 re
1134 3788 1345 3849 sedulo
1376 3789 1576 3866 ipsius
1604 3788 1876 3865 vestigiis
1908 3788 2182 3856 insistis;
2213 3806 2348 3848 cum
2379 3788 2536 3846 enim
2583 3796 2723 3846 ante
2753 3787 3191 3864 pontificatum
3234 3789 3508 3867 duplicis

248 3887 557 3965 religiosa:
573 3887 827 3965 familia
855 3894 1179 3964 protector
1204 3886 1423 3964 fuisses
1463 3884 2047 3961 (Chartusianorum
2076 3894 2128 3942 et
2160 3884 2628 3952 Minimorum},
2672 3885 2963 3959 pontifex
2990 3893 3253 3959 creatus,
3295 3890 3501 3963 factus

247 4002 311 4044 es
338 3992 519 4063 pater
540 3987 835 4047 omnium.
868 3983 1050 4059 ρειλά
1078 3983 1159 4044 ad
1182 4002 1294 4043 nos
1322 3990 1555 4060 spectat
1586 3981 1978 4042 dissimulare
2004 3998 2133 4041 non
2173 3997 2526 4059 possumus,
2564 3978 2907 4039 beatissime
2940 3998 3130 4058 papa,
3170 3999 3352 4059 quam
3393 4002 3515 4061 pa-

254 4093 437 4145 terno
471 4086 697 4166 affectu
725 4094 1007 4147 nostram
1037 4082 1464 4161 complectaris
1502 4084 2065 4161 congregationem,
2093 4088 2144 4139 et
2177 4079 2442 4140 maxime
2488 4079 2693 4155 ipsius
2722 4078 3005 4139 alumnos
3049 4082 3155 4157 qui
3188 4083 3253 4142 in
3299 4099 3516 4144 recen-

249 4187 462 4248 sendis
486 4195 845 4247 sanctorum
874 4186 1139 4246 Patrum
1166 4182 1453 4263 operibus
1478 4181 1802 4252 laborant;
1832 4180 1998 4260 quod
2025 4188 2111 4239 est
2150 4180 2334 4240 etiam
2376 4176 2777 4238 observantia:
2828 4184 2947 4238 tua:
2988 4197 3135 4256 erga
3178 4183 3517 4256 primarios

250 4289 397 4350 illos
434 4288 721 4349 Ecclesia:
740 4288 1026 4349 doctores
1053 4293 1482 4379 argumentum
1516 4292 1571 4342 ct
1614 4282 2052 4343 similitudinis
2107 4300 2243 4341 cum
2284 4278 2615 4357 Gregorio,
2662 4279 2771 4356 qui
2816 4298 3108 4340 summam
3152 4283 3215 4341 in
3264 4291 3518 4345 sanctos

248 4392 499 4465 Patres,
531 4389 798 4451 maxime
826 4388 895 4449 in
914 4386 1337 4465 Augustinum
1367 4385 1767 4444 reverentiam
1797 4382 2020 4460 ubique
2052 4383 2390 4460 proﬁtetur
2420 4379 2577 4461 (Lib.
2616 4399 2681 4454 x,
2725 4382 2905 4452 epist.
2965 4380 3089 4460 37).
3142 4383 3344 4457 Quam
3378 4384 3519 4447 siti-

250 4493 458 4555 bundo
490 4510 594 4553 ore
625 4494 792 4553 tanti
825 4490 1111 4568 magistri
1142 4488 1495 4549 doctrinam
1521 4486 1822 4558 hauserit,
1859 4485 2104 4562 altaque
2142 4493 2336 4544 mente
2364 4483 2703 4562 repositam
2760 4483 3025 4542 servarit
3087 4484 3519 4547 sanctissimus

250 4594 568 4671 pontifex,
594 4592 885 4669 pleraque
914 4590 1042 4668 ejus
1065 4589 1331 4649 clamant
1357 4588 1594 4666 scripta
1611 4604 1631 4652 ;
1665 4582 1908 4643 nolebat
1936 4582 2091 4643 enim
2116 4583 2329 4641 tritam
2362 4601 2399 4641 α
2421 4581 2549 4642 suis
2581 4579 2998 4642 decessoribus
3032 4582 3193 4642 viam
3222 4583 3516 4645 deserere.

248 4690 369 4751 Sed
394 4692 534 4769 quis
562 4709 640 4750 ex
663 4691 956 4750 Romanis
980 4688 1166 4767 ponti
1170 4687 1388 4762 ﬁcibus
1418 4685 1888 4764 Augustiniante
1915 4684 2222 4745 doctrinae
2258 4682 2342 4761 (a)
2372 4682 2606 4743 vindex
2631 4684 2826 4761 magis
2853 4691 3140 4743 strenuus
3173 4702 3357 4763 quam
3375 4684 3520 4745 Cle-

246 4810 439 4860 mens,
471 4810 607 4852 cum
633 4808 763 4852 non
789 4791 877 4851 ita
900 4789 1143 4866 pridem
1170 4790 1482 4851 damnavit
1512 4787 1786 4851 libellum
1811 4786 2198 4849 sanctissimo
2231 4785 2437 4861 Patri,
2474 4785 2695 4862 gratiae
2750 4784 2986 4846 Christi
3029 4784 3333 4844 asserturi
3378 4784 3521 4859 for-

249 4891 489 4951 tissimo
517 4893 581 4950 in
580 4891 614 4970 j
623 4890 897 4951 uriasum
912 4891 943 4949 7

338 4992 423 5053 Ut
450 4991 807 5052 institutam
835 4997 1364 5068 comparationem
1392 5003 1612 5065 paucis
1640 4984 2050 5057 absolvamus,
2070 4983 2437 5061 .Gregorius
2471 4983 2869 5045 Francorum
2901 4998 3073 5057 reges
3119 4976 3521 5057 ofﬁciosissi-

248 5109 385 5152 mos
410 5110 648 5171 semper
673 5102 961 5172 expertus
989 5100 1073 5151 est
1098 5112 1170 5152 ac
1204 5090 1532 5168 beneficos;
1562 5089 1828 5150 maxime
1860 5106 1994 5147 cum
2035 5103 2153 5164 pro
2190 5085 2307 5165 ﬁde
2335 5084 2507 5163 apud
2541 5085 2778 5161 Anglos
2813 5091 2922 5141 aut
2956 5078 3354 5158 praedicanda
3407 5088 3519 5138 aut

250 5192 690 5271 conﬁrmanda
717 5209 923 5253 eorum
955 5210 1066 5270 ope
1096 5192 1394 5270 indiguit.
1426 5191 1489 5251 ll
1499 5191 1604 5249 inc
1633 5192 1696 5251 in
1729 5189 2007 5268 epistolis
2035 5187 2114 5247 ad
2149 5186 2292 5247 illos
2322 5202 2492 5262 reges
2526 5184 2778 5262 scriptis
2812 5181 2896 5262 (b)
2950 5182 3130 5243 toties
3167 5180 3521 5260 gratiarum

324 5372 461 5445 (a)}
497 5372 865 5445 Romanorum
888 5370 1679 5445 pontiﬁcumprzedecesspram
1702 5377 2029 5433 nostrorum,
2061 5367 2150 5437 qui
2182 5365 2438 5445 ejusdem_
2460 5361 2629 5445 sancti
2663 5362 2907 5445 nectaris;
2934 5359 3518 5445 (Augpstinifpfzeeel-

254 5428 697 5498 uxa'doclrinam
729 5428 925 5504 magna
968 5454 1180 5508 semper
1206 5428 1262 5493 ἱὶι
1307 5440 1483 5508 pretio
1522 5441 1843 5503 habuerunt,
1887 5428 2344 5508 toloduementis
2370 5432 2563 5508 siit-cui
2591 5429 2821 5508 amplexi
2845 5428 3519 5508 _increuit-laudabilius

255 5511 492 5580 vestigiis
523 5510 751 5580 ﬁrmiter
777 5498 1039 5564 iiihznrere
1065 5498 1328 5580 dolentes,
1365 5530 1382 5561 ι
1416 5519 1520 5563 etc.
1548 5498 1858 5580 _(Damnatio
1881 5517 1930 5560 et
1958 5498 2237 5575 prohibitio
2268 5501 2427 5557 libelli
2457 5500 2590 5569 typis
2632 5498 2754 5554 editi
2774 5499 2867 5553 sub
2892 5500 3080 5555 titulo:
3118 5498 3376 5555 Véritabte
3405 5509 3518 5554 tra-

254 5576 422 5651 diligit
449 5580 516 5651 de
540 5579 758 5651 {Egtise
781 5596 873 5651 sur
892 5580 944 5633 la
971 5579 1407 5651 I’l'édestination,
1439 5576 1567 5651 etc.)

331 5647 407 5714 (b)
433 5647 515 5705 Ad
541 5642 959 5715 Théodericum,
994 5648 1446 5707 Theodebertum,
1477 5642 1793 5701 Clblarium.
1823 5642 2241 5699 Brunichildem.
