4018 6386
538 325 603 381 15
1728 323 2091 380 PRAEFATIO
2132 324 2536 381 GENERAUS.
3728 333 3790 388 16

537 435 815 497 actione:
853 434 1219 510 occurrunt,
1251 452 1400 514 quas
1428 434 1543 494 hoc
1579 434 1716 494 loco
1756 436 1983 511 referre
2014 453 2211 512 opera:
2251 438 2521 513 pretium
2553 453 2679 494 non
2724 443 2833 495 est.
2887 438 2965 498 At
3015 453 3156 498 vero
3216 438 3611 501 dissimulare
3660 459 3789 499 non

533 553 864 614 possumus
892 535 1157 613 elogium
1189 534 1360 596 istud
1383 531 1772 594 Childeberto
1802 533 1959 609 regi,
1990 533 2063 592 ob
2092 534 2290 610 ipsius
2318 536 2383 594 in
2412 535 2781 597 catholicam
2809 535 2985 614 ﬁdem
3028 539 3303 600 studium
3332 540 3405 600 ab
3433 542 3788 620 xquissimo

527 635 830 713 pontiﬁce
853 650 1172 710 repensum
1198 652 1214 690 :
1245 655 1272 686 α
1302 632 1549 706 Quanto
1570 637 1830 689 exteros
1858 628 2133 690 homines
2154 633 2325 708 regia
2356 632 2635 709 dignitas
2655 635 2980 706 antecedit,
3016 644 3190 697 tanto
3241 648 3603 699 exterarum
3638 658 3789 717 gen-

534 735 691 794 tium
723 751 940 811 regna,
968 734 1149 808 regni
1173 733 1366 792 vestri
1393 731 1678 808 profecto
1716 732 1954 791 culmen
1998 730 2270 791 excellit.
2308 731 2469 790 Esse
2490 741 2690 791 autem
2737 749 2957 809 regem,
2995 736 3141 813 quia
3192 745 3340 796 sunt
3376 746 3432 798 et
3477 740 3614 816 alii,
3662 756 3788 800 non

533 836 762 895 mirum
788 842 911 895 est:
934 832 1037 891 sed
1070 832 1190 890 esse
1218 828 1612 903 catholicum,
1643 829 1810 907 quod
1845 829 1961 889 alii
1992 846 2118 888 non
2148 838 2490 904 merentur,
2520 827 2633 887 hoc
2663 829 2819 889 satis
2844 839 2992 889 est.»

609 932 1000 995 Praeconium
1025 930 1161 1001 hoc,
1195 928 1540 988 beatissime
1568 928 1782 1000 Pater,
1822 929 2352 990 Christianissimo
2389 930 2523 1005 regi
2554 928 2875 988 Ludovico
2914 931 3150 1007 Magno
3172 936 3320 1008 jure
3349 932 3642 1006 debitum,
3674 934 3789 995 etsi

531 1039 891 1102 taceremus,
927 1028 1068 1107 quis
1098 1046 1229 1087 non
1262 1027 1685 1105 intelligeret?
1715 1028 2012 1088 Bellicam
2054 1026 2295 1087 laudem
2328 1037 2381 1086 et
2430 1029 2752 1088 innumera
2791 1032 3241 1108 propemodum
3300 1040 3469 1092 terra
3513 1036 3789 1113 marique

521 1125 818 1205 praeclare
842 1134 1035 1203 gesta,
1063 1124 1283 1201 quibus
1315 1134 1565 1184 caeteros
1599 1142 1768 1201 reges
1795 1126 2132 1197 antecellit,
2163 1125 2648 1202 dissimulemus,
2678 1129 2926 1206 quando
2955 1130 3313 1205 Clementem
3345 1133 3583 1210 alloqui
3604 1135 3786 1211 nobis

522 1225 737 1299 datur,
766 1239 1135 1284 communem
1163 1222 1398 1282 scilicet
1429 1222 1939 1281 Christianorum
1970 1225 2452 1302 Patrem,cajus
2487 1233 2568 1284 est
2598 1225 2755 1286 bella
2781 1229 3010 1306 sepire,
3037 1246 3364 1307 pacemque
3412 1231 3579 1293 inter
3606 1230 3787 1291 dissi-

522 1326 731 1387 dentes
760 1325 926 1404 ﬁlios
951 1324 1314 1384 conciliare.
1346 1324 1428 1383 At
1467 1323 1539 1383 de
1572 1323 1885 1383 Ludovici
1925 1324 2151 1400 Magni
2182 1325 2249 1385 in
2288 1325 2656 1386 catholicam
2706 1326 2883 1405 ﬁdem
2941 1329 3169 1403 studio,
3208 1329 3386 1389 silere
3436 1347 3565 1390 non
3605 1330 3786 1398 licet;

527 1428 751 1505 ejectos
788 1444 825 1484 a
856 1424 1281 1503 perduellibus
1308 1423 1531 1501 Anglis
1553 1423 1625 1483 ob
1653 1424 1829 1502 ﬁdem
1857 1424 2272 1486 orthodoxam
2296 1436 2579 1487 sanctum
2604 1447 2824 1507 regem,
2852 1430 3194 1507 piissimam
3224 1433 3522 1510 reginam,
3547 1436 3788 1510 regium

522 1542 800 1605 puerum,
825 1542 1035 1585 eorum
1061 1523 1342 1584 subditos
1372 1523 1571 1584 adhuc
1598 1526 1665 1584 in
1695 1526 1815 1602 ﬁde
1842 1526 2144 1601 integros,
2166 1527 2492 1603 religionis
2512 1527 2657 1588 olim
2681 1530 2749 1589 in
2778 1529 3324 1607 Anglia‘Gregorii
3344 1532 3567 1609 Magni
3600 1551 3787 1610 opera

521 1622 801 1700 fundata:
834 1623 1031 1685 veluti
1062 1622 1389 1700 reliquias,
1421 1620 1694 1701 hospitio
1727 1632 2039 1700 exceptos,
2064 1642 2137 1683 ac
2165 1624 2572 1701 facultatibus
2596 1643 2712 1704 pro
2746 1628 2916 1702 regia
2944 1629 3363 1705 muniﬁcentia
3392 1636 3448 1687 et
3479 1629 3785 1706 dignitate

518 1728 938 1801 sustentatas;
970 1721 1243 1781 ha'resim
1273 1738 1300 1779 e
1330 1737 1548 1799 regno,
1572 1720 1666 1781 vel
1689 1738 1921 1779 summo
1955 1738 2091 1780 cmn
2119 1722 2475 1783 discrimine
2502 1723 2937 1801 proﬂigatam;
2973 1725 3249 1801 Europis
3277 1726 3604 1786 maximam
3629 1745 3785 1803 par-

521 1830 637 1881 tem
675 1840 742 1881 ea
767 1821 838 1881 de
865 1839 1051 1881 causa
1082 1821 1144 1880 in
1175 1819 1772 1881 Christianissimum
1803 1837 2003 1897 regem
2033 1837 2412 1899 regnumque
2441 1830 2766 1894 armatam,
2790 1822 3036 1881 haeresis
3060 1822 3449 1899 prceconibus
3479 1824 3571 1884 cel
3605 1838 3787 1884 ante-

521 1918 808 1995 signanis
837 1917 1163 1977 classicum
1196 1916 1589 1987 canentibus,
1622 1916 1881 1996 bellique
1906 1918 2098 1994 facem
2126 1919 2741 1997 circumferentibus:
2767 1937 2956 1997 neque
2980 1929 3180 1980 tamen
3209 1938 3418 1998 regum
3446 1925 3784 1985 maximum

520 2017 751 2077 adduci
781 2033 1056 2095 unquam
1081 2015 1385 2092 potuisse,
1412 2024 1482 2074 ut
1512 2015 1708 2078 alicui
1737 2017 1912 2093 pacis
1941 2017 2292 2102 conditioni
2315 2035 2448 2095 quae
2472 2017 2687 2077 hzeresi
2718 2019 3027 2096 tantisper
3057 2021 3263 2096 [avere
3279 2018 3589 2079 videretur
3612 2040 3761 2081 cou-

519 2116 806 2184 sentiret;
835 2116 987 2194 quid
1016 2117 1315 2178 Ecclesia:
1345 2118 1760 2196 primogenita
1791 2118 2097 2196 dignius?

594 2213 689 2273 Ad
713 2213 835 2274 haec
869 2232 1012 2275 vero
1040 2216 1194 2294 quid
1220 2216 1508 2277 dicturus
1542 2225 1690 2279 esset
1722 2216 2065 2295 Gregorius
2094 2217 2416 2297 Magnus?
2442 2216 2611 2291 Quas
2640 2217 2704 2278 in
2734 2216 2945 2279 laudes
2986 2225 3353 2295 erumperet,
3386 2219 3444 2280 si
3489 2220 3651 2289 foret
3668 2232 3781 2277 sui

517 2313 793 2388 perstcs?
822 2313 904 2373 At
938 2313 1091 2374 vivit
1128 2314 1330 2376 adhuc
1361 2315 1428 2375 in
1456 2314 1924 2385 Clemente;nec
1960 2313 2213 2375 dubium
2245 2316 2398 2390 quin
2419 2333 2535 2393 pro
2576 2314 2769 2374 tantis
2806 2315 2872 2374 in
2910 2314 3257 2375 Ecclesium
3310 2316 3554 2377 collatis
3603 2315 3775 2378 bene-

515 2411 701 2489 ﬁciis,
733 2422 981 2491 gratum
1011 2432 1070 2484 se
1101 2414 1481 2492 probaturus
1514 2415 1597 2477 sit
1627 2415 2008 2494 aequissimus
2038 2415 2329 2491 ponti/ex
2369 2430 2515 2492 erga
2548 2431 2747 2492 regem
2786 2414 3395 2475 christianissimum.

603 2513 749 2573 Herc
775 2521 946 2585 sunt,
975 2515 1359 2575 sanctissime
1391 2516 1605 2586 Pater,
1641 2516 1958 2592 praecipua
1996 2514 2391 2584 lineamenta,
2431 2513 2654 2592 quibus
2703 2514 2772 2574 in
2825 2523 2879 2573 te
2928 2514 3218 2592 Gregorii
3268 2514 3495 2590 Magni
3550 2515 3781 2593 efﬁgies

519 2610 850 2689 perfectius
882 2612 1283 2689 exprimitur,
1314 2612 1585 2691 qualibet
1623 2613 1889 2688 imagine
1915 2619 2022 2670 aut
2060 2611 2127 2672 in
2157 2628 2275 2670 aere
2303 2611 2530 2687 incisa,
2556 2617 2668 2669 aut
2709 2610 3027 2671 coloribus
3061 2611 3322 2687 depicta.
3368 2612 3538 2670 Hinc
3580 2612 3782 2689 ipsam

519 2714 588 2773 in
619 2729 868 2791 operum
895 2713 1027 2791 ejus
1059 2714 1252 2774 veluti
1277 2713 1491 2774 limine
1513 2712 1883 2792 a/ﬁgendam
1906 2729 2025 2790 pro
2057 2728 2227 2772 more
2266 2715 2643 2780 censuimus;
2677 2720 2747 2773 ut
2779 2714 2863 2772 sit
2907 2713 3343 2771 monimentum
3380 2714 3605 2790 quavis
3652 2734 3779 2775 ars

516 2814 855 2890 perennius
892 2821 1021 2872 tum
1086 2812 1296 2874 devoti
1338 2830 1482 2890 erga
1535 2814 1997 2873 sanctissimum
2054 2813 2383 2873 Doctorem
2435 2812 2652 2886 animi,
2692 2820 2822 2873 tum
2880 2811 3223 2889 singularis
3259 2810 3660 2873 observantia
3713 2815 3775 2874 in

515 2912 931 2990 apostolicam
960 2911 1182 2985 sedem,
1222 2920 1350 2973 tum
1382 2911 1627 2973 demissi
1659 2911 1937 2992 obsequii
1970 2911 2137 2992 quod
2158 2912 2567 2992 pollicentur.

522 3128 3773 3171 Μ

880 3474 884 3478 .
987 3284 2063 3431 PREFATIO
2167 3199 3286 3432 GENERALIS

768 3556 816 3615 A
882 3518 1440 3614 BENEDICTINIS
1497 3547 1667 3610 SU.’E
1734 3547 1796 3607 S.
1857 3546 2237 3608 GBEGORII
2299 3547 2620 3608 OPERUM
2691 3546 3047 3611 EDITIONI
3123 3549 3523 3611 PBJEFIXA.

1866 3723 2069 3743 --

2071 3724 2394 3744 .—

596 3855 646 3914 l.
698 3853 889 3915 Nova
915 3849 1033 3910 SS.
1090 3850 1355 3911 Patrum
1403 3845 1738 3908 Editiones
1772 3847 1905 3925 jam
1957 3868 1992 3907 α
2052 3846 2231 3908 nobis
2261 3846 2693 3908 adornatx.—
2730 3849 2981 3921 Quanto
3015 3845 3382 3924 reipublicaa
3429 3851 3560 3906 tum
3590 3846 3770 3907 littc-

520 3955 730 4030 rarim,
758 3960 892 4013 tum
921 3950 1299 4013 Christianas
1343 3949 1795 4018 emolumento,
1845 3948 1974 4025 jam
2026 3948 2449 4024 iusigniorum
2483 3966 2518 4009 e
2549 3950 2784 4009 sanctis
2824 3947 3111 4007 Patribus
3139 3963 3356 4023 Opera,
3390 3952 3758 4004 nostrorum

520 4054 740 4116 labore
775 4066 849 4113 ac
876 4050 1088 4112 studio
1126 4048 1463 4127 castigata,
1513 4064 1681 4107 novo
1729 4047 1905 4106 cultu
1954 4047 2013 4104 in
2049 4046 2259 4107 lucem
2287 4046 2660 4124 prodierint,
2694 4060 3190 4131 commemorare
3221 4062 3429 4121 neque
3467 4045 3770 4104 decorum

519 4150 702 4210 nobis
733 4156 860 4219 est,
902 4165 1136 4225 neque,
1167 4152 1439 4207 testante
1462 4144 1520 4204 id
1550 4144 1799 4223 publica
1824 4145 2279 4221 gratulatione,
2319 4145 2772 4206 necessarium.
2816 4144 2906 4203 Ad
2936 4162 3124 4221 quem
3160 4160 3311 4206 vero
3361 4145 3441 4203 ab
3491 4143 3771 4204 Athana-

522 4250 648 4325 sio,
677 4248 948 4316 Hilario,
982 4248 1402 4325 Hieronymo,
1432 4243 1794 4311 Ambrosio,
1834 4242 2190 4317 Augustino
2219 4242 2488 4321 gradum
2524 4241 2900 4313 faceremus,
2934 4240 3052 4300 nisi
3082 4241 3157 4301 ad
3188 4238 3591 4317 Gregorium,
3628 4239 3772 4314 dig-

520 4350 743 4423 nitate,
778 4348 1092 4417 doctrina,
1123 4344 1462 4406 sanctitate
1494 4348 1587 4403 ter
1618 4342 2018 4401 maximum?
2048 4340 2266 4415 Neque
2300 4341 2455 4399 tanti
2488 4339 2786 4410 doctoris,
2823 4357 3012 4415 quem
3052 4346 3119 4398 ut
3150 4354 3467 4398 summum
3519 4336 3771 4397 familim

526 4454 756 4510 nostrae
781 4449 970 4510 decus
1004 4460 1411 4513 veneramur,
1444 4441 1677 4518 scripta
1722 4436 2099 4498 mcndorum
2151 4437 2618 4513 quodammodo
2652 4437 2849 4515 Spi‘uis
2881 4438 3088 4496 obsita
3134 4435 3373 4494 diutius
3407 4434 3772 4509 relinquere

519 4570 635 4613 nos
671 4552 965 4621 decebat,
1018 4567 1097 4610 ne
1154 4544 1382 4608 alienis
1438 4540 1717 4603 colendis
1782 4538 2169 4608 iusudautes,
2234 4551 2458 4612 agrum
2515 4537 2844 4614 proprium
2902 4535 3212 4596 incultum
3261 4533 3617 4594 deseruisse
3672 4533 3771 4591 vi-

516 4653 838 4714 deremur.

601 4751 681 4811 ll.
717 4749 924 4810 Variae
953 4760 1206 4824 operum
1236 4742 1304 4801 S.
1342 4738 1639 4815 Gregorii
1659 4736 1879 4814 Magni
1907 4736 2723 4798 Editiones.—Prodierunt
2747 4752 3042 4813 sancjam
3071 4734 3300 4809 szepius
3325 4731 3537 4792 omnia
3564 4736 3770 4794 sancti

529 4847 821 4925 Gregorii
851 4849 1168 4923 opera',ut
1200 4841 1274 4900 de
1313 4839 1579 4914 singulis
1607 4838 1891 4917 ejusdem
1914 4837 2165 4913 scriptis
2192 4838 2456 4899 seorsim
2492 4837 2673 4896 editis
2712 4837 2963 4895 interim
2999 4830 3323 4893 sileamus.
3357 4831 3533 4889 Prior
3567 4831 3770 4890 Editio

523 4958 621 5009 est
652 4944 1046 5015 Parisiensis,
1088 4957 1124 5001 a
1158 4936 1493 4998 Bertholdu
1542 4934 1817 4996 Rembolt
1857 4934 2164 4995 adornata
2217 4950 2298 4995 an
2356 4933 2534 5007 1518,
2570 4933 3140 5007 complectiturque
3174 4929 3370 4987 libros
3399 4928 3769 5009 Moralium,

527 5043 879 5115 Pastorale,
910 5039 1233 5116 Dialogos,
1264 5034 1805 5098 Cummentarium
1859 5034 1939 5093 irr
1980 5033 2267 5102 Cantica,
2314 5041 2375 5091 et
2403 5032 2464 5089 in
2502 5036 2741 5106 septem
2778 5030 3052 5090 Psalmos
3092 5027 3600 5106 poeuitentiales;
3634 5030 3770 5090 Ho-

528 5143 733 5204 milias
772 5141 835 5199 in
872 5137 1268 5198 Elecliielem
1299 5144 1362 5194 et
1390 5133 1450 5192 in
1477 5133 1847 5208 Evangelia,
1880 5149 1953 5193 ac
1983 5131 2408 5209 Epistolarum
2436 5130 2816 5207 ltegistrum.

605 5240 785 5299 Hanc
818 5235 992 5296 bresi
1026 5230 1296 5305 excepit,
1322 5247 1461 5304 quae
1497 5230 1874 5305 Rothomagi
1909 5229 2069 5288 facta
2103 5233 2195 5286 est
2232 5226 2399 5302 apud
2428 5224 2839 5284 Franciscum
2879 5224 3193 5300 Regnaut,
3226 5241 3330 5285 an.
3366 5226 3542 5286 1521.
3577 5226 3773 5287 Bien-

522 5343 629 5402 nio
665 5321 805 5417 post
835 5334 960 5395 alia
996 5331 1363 5394 Parisiensis
1395 5348 1470 5389 ex
1503 5329 1753 5389 ofﬁcina
1779 5328 2021 5389 Claudii
2045 5324 2356 5387 Chevalon
2410 5323 2660 5399 prodiit.
2711 5323 2778 5382 In
2811 5321 3027 5382 eadem
3074 5326 3232 5384 urbe
3265 5325 3492 5383 iterum
3526 5342 3769 5388 excusa

524 5444 681 5499 sunt
713 5438 925 5497 omnia
958 5434 1156 5493 sancti
1183 5429 1472 5507 Gregorii
1502 5444 1697 5502 Opera
1725 5425 1890 5502 apud
1920 5426 2213 5486 Carolum
2236 5423 2540 5495 Guillart,
2568 5439 2675 5484 an.
2704 5422 2878 5481 15ῐι2.
2910 5421 3256 5483 Editionem
3289 5424 3452 5483 hane
3483 5428 3769 5483 anteces-

519 5537 601 5600 sit
639 5532 1103 5609 Lugdunensis,
1138 5546 1242 5590 an.
1281 5525 1434 5583 1539
1464 5529 1525 5582 et
1556 5521 1729 5597 15W,
1760 5522 1824 5580 in
1858 5521 2105 5581 duobus
2136 5523 2348 5595 tomis,
2382 5528 2570 5582 aucta
2609 5520 3079 5611 Commentario
3111 5521 3174 5579 in
3215 5519 3326 5579 lib.
3361 5519 3383 5579 1
3416 5521 3685 5597 Regum.

605 5638 891 5714 Longum
918 5640 981 5699 et.
1016 5633 1339 5693 taediosum
1380 5623 1538 5685 foret
1581 5640 1800 5685 omnes
1851 5639 2345 5685 commemorare
2375 5640 2516 5700 quae
2568 5621 2858 5699 deinceps
2914 5621 3198 5695 Parisiis,
3232 5622 3551 5700 Lugduni,
3585 5622 3768 5682 Basi-
