4018 6296
509 243 573 295 15
1742 246 2104 300 PR/EFATIO
2142 248 2544 303 CENERALIS.
3690 252 3760 302 30

503 371 538 407 a
565 351 724 430 facie
752 352 1133 422 dominantis
1169 369 1414 426 missus,
1451 371 1625 430 quasc
1655 353 1986 414 destructte
2016 356 2247 416 Judazte
2297 356 2544 416 veribus
2579 375 2715 416 cum
2743 357 3044 434 propheta
3078 356 3215 416 (lico
3252 378 3271 414 :
3319 380 3337 411 ι
3379 359 3502 430 Qui
3533 374 3756 419 conso-

507 450 755 511 labatur
799 471 913 526 me,
965 453 1146 530 longe
1196 455 1446 515 recessit
1507 473 1544 511 a
1590 469 1702 512 me.
1745 473 1772 506 ››
1800 452 2143 512 Enimvero
2195 455 2419 514 alludit
2465 461 2722 515 sanctus
2760 458 2986 515 Doctor
3013 455 3088 514 ad
3124 455 3410 516 Jeremitr.
3441 458 3754 530 Tlirenos,

506 551 738 624 quibus
772 553 1003 613 Judtetc
1032 554 1390 623 calamitas,
1421 554 1482 611 et
1509 551 1864 611 Jerusalem
1898 553 2148 612 eversio
2183 553 2494 612 deﬂentur

585 651 741 724 Cap.
773 649 875 721 52,
911 650 1130 709 eadem
1156 650 1274 709 col.
1303 666 1319 706 :
1344 650 1522 708 Inter
1543 647 1666 706 haec
1691 648 1895 708 omnia
1925 649 2214 708 turbatus
2243 667 2458 726 cogor,
2489 652 2668 711 modo
2687 653 2751 712 in
2776 654 2974 728 ipsum
3003 654 3125 728 [AL
3155 655 3371 732 ipsam]
3395 656 3632 716 clavum
3653 656 3756 715 ad-

507 749 861 809 versitatem
911 749 1203 824 dirigere,
1229 748 1409 807 modo
1459 757 1717 808 curvata
1743 749 1891 808 navi
1922 747 2214 825 impetum
2241 749 2548 827 ﬂuctuum
2598 750 2788 810 latere
2820 753 3016 811 minas
3060 753 3357 831 [luctuum
3391 773 3468 814 ea:
3511 756 3758 834 obliquo

510 848 818 909 declinare
853 849 1001 924 [Al.,
1034 866 1111 907 ea:
1137 847 1386 924 obliquo
1417 848 1606 909 latere
1641 846 1994 922 declinare].
2028 848 2377 924 CorrUptus
2421 848 2524 907 hic
2567 848 2742 907 locus
2772 867 2848 908 ex
2879 851 3097 910 iisdem
3129 852 3279 912 Mss.
3317 854 3640 912 sanandus
3669 861 3762 912 est

508 954 701 1023 atque
729 948 813 1006 ita
847 945 1272 1007 restituendus
1305 966 1320 1005 :
1355 948 1647 1027 Interque
1691 947 1813 1007 hate
1845 948 2048 1008 omnia
2097 946 2385 1007 turbatus
2416 965 2631 1023 cogor,
2662 949 2842 1010 modo
2873 954 2938 1012 in
2981 953 3177 1029 ipsam
3207 953 3448 1013 clavum
3478 952 3762 1013 adversi-

512 1053 694 1104 tatem
716 1043 1006 1121 dirigere,
1032 1045 1215 1106 modo
1247 1055 1503 1107 curvato
1533 1045 1712 1106 navis
1742 1047 1954 1117 latere,
1985 1047 2183 1106 minas
2216 1045 2521 1123 ﬂuctuum
2551 1065 2628 1105 ea:
2671 1046 2916 1127 obliquo
2953 1049 3278 1110 declinare.

588 1143 726 1202 Duo
755 1140 857 1202 hic
881 1145 1229 1208 observare
1259 1146 1432 1205 lubet
1458 1147 1626 1206 circa
1658 1146 1870 1206 varias
1898 1145 2221 1215 lectiones,
2254 1164 2416 1222 quas
2451 1147 2978 1221 Gussanvillteus,
3013 1149 3249 1211 ultimae
3274 1149 3581 1210 Editionis
3605 1151 3759 1212 Gre-

511 1242 794 1314 goriante
823 1252 1085 1306 curator
1107 1246 1485 1307 annotavit:
1521 1245 1818 1320 primum,
1844 1244 2014 1321 quod
2049 1250 2253 1305 taceat
2281 1247 2447 1309 unde
2478 1247 2755 1308 diversas
2787 1248 2928 1307 illas
2953 1248 3248 1308 lectiones
3276 1248 3760 1326 deprompserit.

509 1339 753 1401 Paucas
789 1357 945 1403 sane
983 1342 1225 1421 profert
1255 1347 1383 1402 tota
1413 1340 1722 1401 Editionis
1752 1343 1953 1416 serie;
1981 1346 2044 1403 at
2086 1359 2430 1419 nusquam,
2458 1348 2566 1402 aut
2598 1345 2921 1404 rarissime
2942 1345 3238 1406 admonet
3267 1346 3494 1419 quibus
3521 1364 3600 1405 ex
3637 1347 3763 1407 Co-

509 1441 754 1502 dicibus
786 1442 1021 1503 fuerint
1063 1450 1282 1506 erutae.
1333 1444 1642 1513 Alterum,
1700 1443 1869 1520 quod
1922 1443 2228 1518 Optimam
2265 1443 2599 1502 lectionem
2631 1460 2666 1504 a
2699 1450 2871 1504 textu
2902 1447 3199 1506 exsulare
3241 1445 3486 1521 jubeat,
3517 1453 3760 1506 retenta

511 1539 765 1615 vitiosa,
795 1541 1003 1618 qualis
1036 1546 1160 1614 est,
1191 1542 1258 1602 in
1289 1542 1491 1619 ipsum
1540 1540 1782 1601 clavum
1831 1539 2263 1600 adversitatem
2292 1540 2595 1616 dirigere;
2639 1544 2700 1598 in
2734 1559 2860 1618 qua
2895 1559 3123 1603 sensus
3161 1545 3411 1618 penitus
3443 1543 3763 1605 desidera-

512 1646 636 1697 tur.
669 1639 902 1700 Eadem
937 1641 1274 1702 oscitantia
1305 1642 1370 1700 in
1415 1639 1740 1701 variarum
1776 1639 2120 1699 lectionum
2151 1637 2396 1696 delectu
2432 1656 2541 1713 per
2578 1644 2777 1698 totum
2815 1656 2972 1714 opus
3017 1644 3402 1715 perseverat.

592 1739 908 1800 Nonnulla
947 1741 1206 1801 forsitan
1243 1758 1325 1801 ex
1373 1741 1469 1800 his
1504 1739 1756 1810 erratis,
1793 1738 2332 1818 typograpborum
2378 1738 2638 1798 incuria:
2667 1744 2814 1798 sunt
2843 1741 3241 1800 ascribenda.
3275 1741 3350 1800 Et
3380 1758 3535 1801 sane
3565 1742 3762 1801 innu-

515 1855 705 1899 mera)
733 1855 896 1915 pene
924 1840 1026 1900 hic
1049 1845 1393 1900 occurrunt
1421 1838 1775 1916 hujusmodi
1807 1837 2202 1915 corruptelae,
2238 1855 2380 1912 quae
2407 1844 2457 1914 ί)
2476 1837 2782 1916 pograpbi
2821 1839 3123 1914 prtelique
3150 1840 3300 1898 vitio
3326 1841 3761 1917 irrepserunt;

513 1942 579 1995 ut
614 1939 734 1998 col.
774 1935 867 2005 15,
897 1939 1060 1997 intra
1092 1954 1329 2017 paucas
1361 1940 1565 1999 lineas
1599 1961 1613 2000 :
1644 1937 1843 1998 Aliter
1863 1939 2070 1998 senior
2098 1956 2213 2016 pro
2246 1939 2402 1999 alter
2437 1938 2678 2002 senior,
2711 1938 2966 1997 accessis
3003 1955 3116 2014 pro
3146 1941 3431 2008 accessit,-
3465 1941 3644 2018 coepit
3677 1951 3761 1999 te.

512 2054 668 2097 mere
700 2038 977 2115 ingentes
1026 2055 1198 2097 voces
1236 2039 1528 2104 emittere,
1582 2056 1695 2115 pro
1736 2040 1913 2114 coepit
1951 2045 2224 2106 tremere,
2263 2040 2538 2113 ingentes
2590 2053 2766 2095 voces
2813 2037 3097 2097 emittere.
3149 2041 3225 2098 At
3272 2040 3759 2101 dormitantibus

512 2137 618 2212 qui
662 2137 817 2212 preli
851 2152 1070 2196 curam
1108 2141 1447 2215 gerebant,
1480 2139 1814 2214 invigilare
1842 2136 2111 2198 debebat
2147 2138 2416 2196 Editoris
2465 2135 2814 2212 diligentia,
2855 2144 2922 2195 ut
2961 2142 3050 2195 tot
3085 2148 3295 2201 errata
3341 2143 3758 2204 emendaren-

512 2243 637 2304 tur,
667 2238 776 2294 aut
805 2236 1025 2295 saltem
1051 2238 1125 2296 de
1163 2237 1257 2297 his
1287 2237 1505 2307 lector,
1537 2235 1706 2311 quod
1737 2236 1927 2296 etiam
1959 2235 2444 2312 prmtermissum
2474 2241 2567 2293 est
2595 2233 3067 2296 admoneretur.

593 2332 851 2391 Interim
885 2334 1212 2393 dissimulo
1258 2334 1473 2410 viginti
1510 2333 1669 2390 duos
1704 2350 1946 2403 versus,
1985 2335 2092 2408 qui
2127 2333 2216 2392 sic
2256 2330 2562 2408 incipiunt
2593 2351 2607 2389 :
2642 2332 2898 2409 Suscipe
2940 2333 3288 2407 Romuleos,
3323 2342 3471 2414 etc.,
3498 2340 3557 2398 in
3589 2340 3758 2400 Gus-

512 2429 926 2491 sanvillaeana
973 2432 1263 2492 Editione
1297 2433 1537 2502 deesse,
1575 2431 1719 2490 licet
1753 2432 1814 2489 in
1850 2431 2142 2490 omnibus
2175 2431 2327 2490 Mss.
2368 2449 2528 2508 quos
2554 2432 2988 2492 consuluimus
3021 2439 3078 2493 ct
3112 2435 3173 2492 in
3220 2435 3540 2513 plerisque
3582 2439 3760 2499 libris

515 2525 694 2587 editis
725 2529 1154 2590 inveniantur.
1191 2531 1405 2606 Neque
1441 2546 1591 2590 vero
1639 2528 1984 2606 ambigitur
2035 2532 2246 2587 utrum
2293 2528 2559 2588 Joannis
2611 2529 2868 2590 Diaconi
2919 2530 3075 2591 fetus
3113 2533 3264 2607 sint,
3300 2542 3407 2593 aut
3439 2536 3515 2595 ad
3567 2537 3760 2597 vitam

523 2626 811 2704 Gregorii
846 2629 1055 2706 Magni
1091 2630 1469 2706 pertineant,
1501 2628 1684 2704 cujus
1731 2634 1878 2689 sunt
1917 2627 2085 2690 velut
2130 2628 2398 2706 epistola
2447 2629 2830 2691 dedicatoria
2863 2631 2938 2693 ad
2972 2631 3280 2692 Joannem
3323 2651 3553 2712 papam
3592 2634 3760 2710 Vlll,

515 2730 727 2791 stricta
754 2731 1038 2792 oratione
1068 2732 1319 2806 scripta.

597 2831 742 2890 Haec
766 2837 918 2891 sunt
965 2830 1281 2906 praecipua
1311 2846 1452 2904 quae
1483 2830 1900 2909 castigatione
1933 2829 1995 2888 in
2048 2829 2250 2905 primo
2278 2829 2438 2889 Vita:
2487 2830 2895 2907 Gregoriantn
2945 2831 3106 2890 libro
3157 2832 3498 2908 indigeant.
3523 2835 3591 2894 In
3625 2834 3760 2909 ipso

516 2929 773 2990 secundi
796 2931 1011 2989 limine
1033 2929 1243 2987 statim
1274 2927 1614 2987 oﬂenditur
1636 2930 1711 2989 ad
1742 2928 2041 3004 lapidem,
2066 2926 2233 2986 unde
2263 2945 2387 2986 non
2427 2928 2562 2988 leve
2597 2929 2858 2987 cadendi
2888 2929 3263 3004 periculum.
3289 2931 3602 2989 Nimirum
3635 2931 3761 2989 ha:-

518 3035 706 3092 resim
735 3034 988 3108 sapiunt
1022 3033 1176 3100 haec,
1214 3047 1356 3106 qua:
1389 3035 1455 3089 ut
1485 3046 1520 3090 a
1553 3030 1861 3103 Gregorio
1897 3029 2132 3104 scripta
2161 3043 2299 3104 cap.
2334 3026 2394 3100 ἢ,
2441 3027 2563 3086 col.
2595 3027 2695 3096 27,
2751 3028 3112 3086 referuntur
3145 3048 3160 3086 :
3193 3029 3492 3101 Quintum
3521 3048 3763 3106 quoque

517 3135 849 3195 concilium
892 3134 1130 3211 pariter
1158 3147 1435 3201 ceneror,
1483 3131 1551 3190 in
1598 3147 1742 3208 quo.
1793 3172 1808 3188 .
1863 3175 1876 3188 .
1926 3173 1940 3187 .
1993 3174 2008 3187 .
2062 3170 2073 3186 .
2125 3135 2178 3185 et
2228 3127 2586 3187 Theodorus
2631 3144 2958 3204 personam
3010 3128 3384 3188 Mediatoris
3412 3128 3481 3186 in
3525 3127 3764 3188 duabus

517 3234 881 3295 substantiis
912 3249 1226 3307 separans,
1257 3233 1336 3292 ad
1363 3229 1697 3309 impietatis
1726 3229 2048 3308 perﬁdiam
2086 3228 2372 3290 cecidisse
2403 3228 2839 3297 convincitur;
2871 3227 3241 3287 Theodorus
3272 3229 3763 3304 Mopsuestenus

518 3335 581 3392 in
610 3330 1089 3392 Nestorianismi
1126 3329 1552 3405 suspicionem
1582 3327 1887 3387 adductus
1918 3333 2036 3399 est,
2064 3345 2187 3390 non
2218 3326 2386 3402 quod
2412 3325 2568 3384 duas
2599 3325 2658 3383 in
2691 3325 2943 3385 Christo
2971 3326 3360 3385 substantias
3393 3331 3766 3402 agnosceret

520 3433 689 3510 (quis
723 3433 915 3503 enim,
951 3431 1071 3490 nisi
1106 3429 1370 3508 Eutychi
1404 3427 1649 3501 favens,
1697 3443 1930 3504 negare
1965 3427 2192 3486 audeat
2225 3426 2542 3488 Christum
2575 3441 2650 3484 ex
2690 3423 2934 3482 duabus
2968 3428 3260 3482 constare
3285 3423 3764 3499 substantiis?),

520 3531 625 3590 sed
663 3531 829 3608 quod
867 3531 928 3589 in
961 3528 1118 3586 duas
1147 3524 1586 3586 subsistentias
1618 3525 1821 3600 ipsum
1853 3525 2070 3603 partiri
2100 3524 2483 3584 crederetur.
2517 3522 2584 3581 ln
2617 3522 2766 3580 Mss.
2791 3537 3046 3596 quoque
3069 3520 3227 3580 Vitae
3250 3527 3308 3581 et
3339 3521 3764 3597 Epistolarum

519 3630 788 3706 legimus
822 3647 836 3686 :
873 3625 1233 3686 Theodorus
1256 3639 1586 3700 personam
1611 3622 1985 3683 Mediatoris
2015 3623 2080 3684 in
2101 3620 2339 3682 duabus
2373 3618 2788 3678 subsistentiis
2815 3635 3134 3694 separans.

602 3727 897 3787 Leviorcs
935 3724 1456 3795 allucinationes,
1487 3739 1602 3782 nec
1639 3727 1847 3780 tamen
1887 3723 2023 3779 sine
2054 3718 2496 3779 emendatione
2529 3717 2959 3792 relinquendae
3003 3722 3175 3788 sunt,
3208 3718 3329 3777 col.
3360 3719 3460 3790 28,
3492 3740 3526 3778 a
3570 3720 3766 3780 Περι-ο

520 3826 692 3885 lianc
725 3824 805 3882 sit
832 3820 1097 3900 praesule
1126 3821 1497 3894 destinatus,
1527 3837 1645 3897 pro
1680 3839 1716 3877 a
1749 3819 2092 3886 l'italiano;
2130 3818 2254 3879 col.
2285 3816 2388 3889 29,
2418 3814 2490 3874 ob
2522 3815 2635 3874 hoc
2657 3833 2716 3876 se
2745 3814 2932 3890 nulli,
2968 3833 3081 3894 pro
3107 3816 3181 3877 ob
3215 3818 3327 3878 hoc
3353 3837 3413 3877 se
3443 3817 3766 3885 nonnulli;

527 3920 674 3979 ibid.
708 3942 722 3981 :
755 3920 879 3993 Qui
904 3921 972 3979 in
1004 3917 1216 3978 divino
1247 3937 1452 3978 amore
1474 3917 1927 3979 districtionem
1953 3915 2159 3976 subire
2181 3914 2415 3992 appetit
2447 3916 2803 3973 servitutem
2834 3933 2849 3979 ;
2885 3934 2999 3991 pro
3021 3917 3212 3993 quiin
3234 3916 3448 3977 divino
3482 3916 3767 3994 obsequio

523 4018 966 4078 districtiorem
996 4015 1202 4075 subire
1227 4019 1463 4094 appetit
1494 4016 1893 4081 servitutem;
1932 4016 2110 4089 ibid.,
2139 4016 2202 4073 in
2231 4015 2344 4072 hac
2373 4013 2530 4084 sede,
2571 4031 2683 4089 pro
2714 4014 2779 4074 in
2812 4014 2925 4075 hac
2959 4032 3059 4082 re;
3097 4016 3217 4075 cel.
3251 4017 3349 4088 31s,
3382 4027 3597 4078 sancto
3629 4034 3768 4078 cru-

525 4116 613 4172 cis
642 4115 844 4191 signo,
879 4130 995 4188 pro
1023 4115 1190 4189 [acto
1227 4114 1430 4173 crucis
1466 4113 1788 4188 signaculo
1814 4131 1832 4178 ;
1863 4112 1985 4170 col.
2017 4113 2119 4185 37,
2151 4111 2366 4170 divino
2395 4111 2567 4170 intus
2593 4111 2868 4183 auxilio,
2903 4131 3016 4189 pro
3044 4113 3259 4174 divino
3285 4117 3485 4193 jutus,
3517 4133 3628 4174 seu
3661 4113 3769 4173 ad-

522 4214 697 4294 jutus
725 4210 1004 4275 auxilio:
1039 4212 1158 4269 col.
1190 4211 1288 4282 38,
1317 4212 1383 4270 in
1418 4212 1502 4271 eis
1532 4209 1772 4271 clericis
1809 4211 1900 4269 rel
1925 4210 1992 4270 lii
2019 4211 2129 4287 qui
2155 4212 2221 4269 in
2253 4227 2429 4271 sacro
2475 4220 2621 4270 sunt
2655 4210 2872 4270 ordine
2899 4214 3256 4287 constituti,
3287 4230 3400 4289 pro
3433 4213 3499 4272 in
3527 4213 3612 4270 eis
3646 4211 3769 4270 cle-

522 4311 678 4382 rici,
711 4310 804 4370 rel
833 4309 896 4368 hi
925 4309 1033 4386 qui
1068 4309 1134 4368 in
1171 4326 1347 4369 sacro
1376 4318 1520 4368 sunt
1548 4308 1768 4373 ordine
1799 4307 2164 4372 constituti;
2195 4307 2372 4374 ibid;
2412 4306 2567 4367 Volo
2599 4314 2797 4364 autem
2827 4314 2898 4366 ut
2926 4307 3160 4368 damna:
3179 4309 3382 4368 sancti
3408 4307 3773 4368 Patericltitc

524 4407 662 4484 [AL
697 4403 1124 4480 Patriarchiw]
1155 4425 1294 4465 mea:
1317 4406 1540 4484 oﬂ‘eras
1575 4406 1809 4468 solidos
1843 4404 2296 4484 quadraginta,
2334 4423 2447 4482 pro
2477 4404 2713 4466 domum
2765 4408 3024 4468 Pateria:
3056 4408 3197 4468 thice
3224 4425 3384 4475 mete,
3438 4414 3507 4467 ut
3542 4407 3772 4484 legitur

527 4512 594 4568 in
628 4507 925 4568 omnibus
959 4506 1110 4564 Mss.
1145 4513 1274 4565 tum
1307 4507 1465 4567 Vitta
1497 4505 1698 4567 sancti
1731 4506 2017 4582 Gregorii
2049 4511 2180 4566 tum
2209 4505 2346 4582 ejus
2377 4506 2814 4582 epistularum.
2846 4507 2997 4568 Thia
3031 4513 3244 4567 autem
3280 4523 3402 4566 vox
3434 4515 3528 4568 est
3552 4505 3772 4570 Graeca

527 4612 788 4672 amitam
815 4611 1198 4686 signiﬁcans.

609 4711 849 4771 Caetera
902 4709 1248 4768 omittimus
1285 4726 1426 4784 qum
1462 4711 1555 4768 vel
1609 4713 1672 4766 in
1708 4707 1923 4766 eodem
1960 4708 2123 4765 libro
2170 4725 2214 4764 Il
2238 4753 2252 4778 ,
2294 4707 2387 4766 vel
2420 4708 2482 4765 in
2517 4707 2762 4766 duobus
2821 4708 3238 4784 sequentibus
3269 4725 3344 4767 ex
3385 4708 3536 4767 Mss.
3568 4709 3772 4768 corri-

534 4805 738 4884 genda
769 4824 906 4867 sese
932 4807 1324 4866 obtulerunt.
1364 4807 1546 4865 lnviti
1598 4807 1767 4864 enim
1803 4806 1881 4864 ad
1930 4805 2138 4865 aliena
2178 4813 2386 4865 errata
2436 4806 2776 4866 revelanda
2829 4808 3245 4874 accessimus;
3296 4812 3359 4864 at
3406 4807 3602 4865 nostri
3635 4815 3774 4869 erat

532 4901 806 4963 instituti
840 4904 1057 4978 paucis
1090 4904 1315 4962 saltem
1343 4902 1778 4976 demonstrare
1809 4922 1986 4964 novae
2037 4905 2337 4962 Editionis
2373 4906 2833 4964 necessitatem.
2865 4907 3021 4978 Quae
3051 4906 3238 4964 etiam
3268 4906 3432 4965 ratio
3465 4905 3579 4964 fuit
3615 4914 3680 4966 ut
3710 4909 3771 4967 in

529 4997 800 5077 singulis
833 4998 1307 5077 prmfationibus
1337 5017 1495 5076 quas
1546 5002 1890 5077 unicuique
1940 5000 2478 5076 Gregnrianorum
2528 5019 2792 5076 Operam
2849 5004 3294 5080 prtemlsimus,
3348 5004 3770 5079 quorumdam

527 5103 892 5157 enatorum
923 5113 958 5155 a
988 5098 1169 5156 nobis
1201 5099 1654 5174 castigaturum
1693 5099 2014 5173 specimen
2047 5099 2483 5158 curaverimus
2515 5098 2818 5158 exhibere

611 5193 719 5254 ιν.
779 5193 1262 5255 Gussanvillwus
1302 5205 1356 5255 et
1415 5197 1680 5256 Romani
1731 5197 2026 5255 Editores
2071 5204 2474 5256 excusantur.
2509 5230 2579 5238 —
2611 5197 2788 5256 Absit
2847 5204 3050 5256 tamen
3104 5201 3171 5256 ut
3221 5198 3447 5260 debila)
3491 5201 3557 5260 P.
3606 5200 3773 5260 Gus-

529 5294 860 5357 sanvillaao
896 5294 1176 5354 laudiob
1220 5296 1384 5356 edita
1417 5297 1616 5357 sancti
1657 5295 1944 5371 Gregorii
1996 5309 2190 5371 opera
2238 5295 2587 5352 detractum
2635 5294 2981 5369 quidquam
3034 5296 3321 5355 velimus.
3377 5298 3450 5355 At
3504 5298 3774 5358 arduum

527 5401 692 5465 erat,
726 5411 806 5454 ne
834 5394 1116 5454 dicamus
1149 5395 1564 5470 impossibile,
1595 5395 1845 5454 doctum
1876 5393 2052 5450 illum
2092 5395 2557 5469 presbyterum,
2592 5395 2843 5453 nemine
2879 5394 3001 5454 fere
3023 5395 3316 5472 juvaute,
3347 5396 3409 5453 iu
3441 5398 3611 5455 tenui
3645 5397 3775 5458 for-

529 5509 712 5566 tuna,
749 5501 941 5555 tantae
971 5493 1150 5552 malis
1185 5495 1359 5568 operi
1394 5495 1708 5554 sufficere.
1749 5494 2036 5552 Aliorum
2069 5509 2322 5568 quoque
2361 5494 2468 5568 qui
2499 5493 3029 5553 Gussanvilloeum
3069 5502 3529 5570 prtccesserunt
3560 5496 3777 5555 Edito—a

535 5613 675 5660 rum
703 5594 976 5668 gloriam
1009 5595 1354 5656 obscurare
1387 5611 1512 5653 non
1546 5599 1638 5654 est
1677 5593 1954 5661 animus,
2010 5593 2284 5653 maxime
2318 5591 2748 5652 Romanorum
2785 5610 2798 5652 :
2835 5593 2959 5654 imo
2996 5612 3141 5655 vero
3171 5610 3277 5653 eos
3311 5609 3346 5653 a
3374 5593 3629 5655 Thema:
3663 5594 3782 5656 Ja-w
