4018 6318
522 293 585 348 Ξῦ
1733 295 2093 352 ΡΠΛΞΡΑΤΙΟ
2131 296 2535 354 CENEIlALlS.
2703 287 2706 289 G
3711 300 3775 345 Ἡ

520 412 680 471 simu
714 413 942 473 abbate
979 413 1050 474 de
1083 416 1350 475 Louvois
1383 413 1663 491 ejusdem
1697 411 2015 488 praefecto,
2055 413 2163 487 qui
2225 411 2638 471 illustrissimi
2693 413 2900 489 patrui
2953 411 3413 488 archiepisc0pi
3470 407 3778 482 ducisque

521 511 892 572 lthemensis
927 515 1204 590 vestigiis
1233 515 1556 581 insistens,
1595 525 1746 586 erga
1778 509 2089 567 litteratos
2128 526 2347 568 omnes
2403 527 2792 585 propensum
2857 529 2925 569 se
2985 510 3467 585 beneﬁcumque
3519 506 3772 581 probat.

521 609 874 671 (,‘olbertina
911 631 1160 689 semper
1197 613 1376 670 nobis
1411 610 1612 684 patuit
1642 608 1828 685 jussu
1865 613 1924 668 et
1969 607 2359 682 benignitate
2399 608 2811 666 illustrissimi
2847 610 3372 684 Rothomagensis
3426 606 3776 681 archiepis-

519 707 679 780 c0pi,
716 709 815 766 cui
847 710 1045 768 multa
1072 709 1197 767 alia
1229 723 1338 764 nos
1368 705 1596 764 debere
1630 705 1798 764 ultro
1827 704 2223 763 confitemur.
2257 702 2514 763 Codices
2563 705 2743 763 nobis
2798 707 3160 767 indicarunt
3196 712 3257 765 et
3307 705 3778 766 officiosissime

519 806 1091 865 subministrarnnt
1128 807 1189 863 in
1222 807 1396 876 regia
1428 805 1808 864 bibliotheca
1841 804 1919 863 cl.
1961 803 2076 860 viri
2105 800 2488 861 Clementius
2521 808 2580 858 et
2613 803 2986 874 Boivinius;
3044 807 3103 862 in
3154 803 3523 864 Colbcrtina
3578 802 3777 862 Batu-

517 903 687 968 zius,
725 911 782 961 et
817 904 924 977 qui
962 903 1077 978 ipsi
1111 903 1419 961 successit
1454 903 1516 960 in
1557 901 1746 977 hujus
1778 899 2173 958 bibliotheca)
2203 896 2580 974 praefectura
2612 897 3075 968 Quercelanus.

596 997 728 1054 \‘ll.
769 997 935 1070 Quid
955 998 1066 1059 hac
1089 999 1153 1057 in
1190 998 1499 1058 Editione
1524 1018 1559 1056 a
1587 996 1763 1056 nobis
1790 995 2448 1074 prcestitum.——'l‘anta
2477 1000 2761 1054 veterum
2799 996 3106 1055 librorum
3145 998 3324 1071 copia
3352 998 3560 1073 dilati,
3593 1014 3778 1058 acce-

523 1092 818 1150 dentibus
851 1094 1042 1153 etiam
1081 1095 1533 1154 vetustioribus
1561 1094 1984 1166 Editionibus,
2015 1091 2172 1150 nihil
2199 1092 2526 1168 antiquius
2561 1089 2645 1167 (τι)
2685 1092 3051 1167 habuimus,
3101 1095 3177 1154 ad
3209 1097 3551 1174 Augustini
3593 1115 3769 1156 men-

517 1192 665 1259 tem,
697 1207 890 1265 quam
924 1189 1209 1270 Gregorii
1241 1194 1453 1270 Magni
1485 1211 1712 1254 sensus
1745 1196 1805 1253 et
1831 1193 2102 1268 ipsamet
2131 1193 2322 1251 verba
2353 1191 2432 1250 ab
2456 1190 2626 1250 omni
2657 1199 2767 1252 aut
2799 1193 3205 1254 librariorum
3246 1197 3764 1273 interpolatiune,

514 1293 572 1345 ct
600 1288 1081 1362 allucinatione,
1119 1297 1230 1352 aut
1263 1291 1804 1368 typographorum
1836 1289 2217 1364 corruptelis
2248 1293 2589 1365 repurgata
2624 1294 3106 1364 reprtesenlare.
3141 1292 3252 1350 Ubi
3290 1297 3496 1352 tamen
3531 1309 3564 1352 a
3596 1295 3775 1369 prius

516 1388 779 1462 receptis
811 1389 1187 1449 lectionibus
1218 1389 1510 1448 recedere
1540 1405 1655 1447 nos
1684 1387 1887 1464 coegit
1917 1388 2070 1446 Mss.
2121 1402 2471 1445 consensus
2525 1386 2650 1446 fere
2697 1387 3018 1446 unanimis
3053 1387 3244 1464 (quod
3287 1408 3453 1465 saepe
3493 1391 3753 1468 factum)

516 1485 817 1545 lectiones
851 1487 1113 1564 rejectas
1147 1487 1210 1546 in
1245 1487 1542 1546 brevibus
1574 1487 1735 1544 notis
1770 1484 2185 1561 subjecimus,
2237 1491 2295 1543 et
2331 1501 2483 1543 mss.
2514 1485 2770 1546 Codices
2801 1500 2836 1545 a
2889 1486 3122 1557 quibus
3176 1489 3632 1562 reprobantur,
3668 1493 3768 1550 iu-

515 1585 1309 1665 dicavimus.Quandoque
1359 1590 1534 1650 nulla
1593 1592 1655 1649 in
1708 1593 1884 1647 textu
1942 1587 2291 1647 mutatione
2341 1587 2529 1660 facta,
2581 1588 2790 1648 varias
2853 1588 3154 1646 lectiones
3198 1587 3360 1647 intra
3418 1589 3754 1651 columnas

513 1685 946 1760 ascripsimus.
977 1688 1076 1746 Sic
1105 1689 1468 1746 restitutum
1498 1705 1729 1762 magno
1759 1688 2004 1760 labore,
2039 1687 2392 1763 maiorique
2420 1687 2538 1748 fide
2586 1687 2963 1762 Gregorium
3023 1685 3327 1763 Magnum
3376 1690 3486 1747 tibi
3542 1690 3770 1749 oll'eri-

513 1800 674 1853 mus,
711 1784 812 1859 pie
841 1799 916 1843 ac
943 1785 1302 1845 Christiane
1333 1785 1552 1844 lector.
1584 1785 1646 1843 Si
1681 1786 1848 1844 enim
1879 1785 1998 1844 hoc
2037 1783 2122 1864 (ὁ)
2159 1787 2341 1845 titulo
2368 1786 2836 1862 insigniendum
2870 1785 3112 1859 putavit
3149 1803 3296 1845 suas
3329 1787 3764 1865 Gregorianas

515 1879 814 1939 vindicias
852 1880 1124 1939 Thomas
1151 1882 1495 1958 Jamesius,
1529 1884 1645 1942 etsi
1687 1884 1792 1944 vix
1825 1885 2235 1944 centesimam
2290 1884 2600 1946 factarum
2654 1901 2689 1944 a
2747 1884 2926 1943 nobis
2989 1885 3462 1946 restitutiouum
3520 1896 3766 1964 partem

513 1978 913 2050 contineant;
954 1996 1144 2056 quam
1175 1982 1404 2054 potiori
1434 1983 1575 2060 jure
1609 1983 1970 2043 novissimae
2001 1983 2150 2043 huic
2177 1984 2451 2042 Editioni
2483 1984 2770 2043 debetur.

589 2081 822 2138 Prazter
855 2086 1034 2141 notas
1065 2082 1297 2157 quibus
1329 2089 1438 2141 aut
1470 2082 1658 2141 variae
1690 2082 1994 2142 lectiones
2026 2081 2434 2152 exhibentur,
2468 2089 2576 2142 aut
2614 2081 3086 2140 restitutionum
3139 2079 3446 2140 factarum
3480 2085 3764 2146 redditur

511 2179 696 2250 ratio,
728 2179 888 2240 alias
920 2183 1310 2241 attexuimus
1348 2182 1424 2242 ad
1454 2182 1591 2244 loca
1628 2181 2036 2256 illustranda,
2069 2183 2176 2242 sed
2206 2183 2453 2254 breves,
2490 2200 2566 2241 ne
2596 2181 2735 2258 plus
2768 2198 3036 2240 onerare
3087 2186 3351 2250 textum,
3417 2201 3610 2258 quam
3645 2203 3764 2246 or—

514 2293 668 2334 nare
698 2277 1085 2338 videremur.
1122 2281 1190 2338 In
1219 2280 1513 2357 Dialogus
1552 2286 1788 2351 tamen,
1820 2281 1881 2338 in
1914 2280 2254 2356 Epistolas,
2297 2286 2357 2339 et
2389 2280 2449 2337 in
2500 2280 2731 2338 librum
2780 2279 3333 2340 Sacramentorum
3393 2285 3763 2359 ampliores,

512 2380 623 2434 aut
651 2375 1196 2451 elucubravimus,
1235 2385 1346 2438 aut
1376 2382 1458 2439 ab
1483 2380 1627 2439 aliis
1659 2379 1788 2456 jam
1817 2380 2223 2440 elucubratas
2253 2379 2648 2455 collegimus.
2679 2379 2816 2451 Qua
2859 2380 3104 2438 ratione
3137 2377 3221 2437 ita
3257 2378 3487 2439 factum
3536 2383 3762 2443 admo—

511 2490 662 2533 nere
692 2493 818 2534 non
852 2479 1371 2553 praetermisimus
1417 2481 1478 2537 in
1522 2479 1997 2556 preciationihus
2044 2480 2122 2539 ad
2174 2479 2422 2556 singula
2458 2479 2844 2539 sanctissimi
2890 2477 3179 2538 Doctoris
3235 2495 3430 2556 Opera
3484 2485 3760 2559 preeviis.

509 2571 689 2632 Nunc
725 2591 872 2634 vero
905 2593 1032 2652 quo
1064 2576 1284 2637 ordine
1315 2578 1425 2637 illa
1462 2577 1719 2635 luerunt
1749 2592 1786 2637 a
1816 2577 1999 2637 nobis
2031 2577 2340 2653 disposita
2376 2577 2750 2637 docendum.

595 2671 756 2730 Vlll.
804 2673 1032 2733 Totius
1057 2675 1260 2752 operis
1289 2673 1653 2734 distributio
1687 2673 1754 2734 in
1781 2681 2053 2752 quatuor
2080 2683 2292 2737 tomos.
2327 2708 2401 2718 -—
2432 2676 2640 2735 Sancti
2672 2675 2958 2752 Gregorii
3006 2680 3214 2757 Magni
3253 2693 3442 2754 opera
3482 2686 3761 2754 quatuor

504 2774 564 2831 in
599 2779 801 2835 tomos
837 2776 1273 2836 distribuimus
1308 2779 1354 2833 '.
1400 2776 1601 2834 Priori
1647 2781 1818 2835 tumo
1845 2777 2252 2836 continentur
2282 2777 2619 2853 Exegetica
2649 2777 2711 2836 in
2751 2794 2995 2839 sacram
3029 2781 3454 2856 Scripturam;
3512 2780 3753 2840 scilicet

504 2875 842 2934 Moralium
878 2876 940 2934 in
966 2875 1085 2934 Job
1109 2874 1254 2934 libri
1294 2874 1548 2952 triginta
1585 2877 1894 2952 quinque.
1926 2875 2354 2934 Homiliarum
2393 2876 2452 2934 in
2489 2874 2887 2935 Ezechielem
2913 2879 3284 2954 prophetam
3336 2877 3478 2935 libri
3519 2877 3669 2954 duo,
3699 2885 3757 2939 et

503 2972 761 3035 totidem
801 2975 1220 3036 Homiliarum
1251 2976 1313 3034 in
1344 2974 1717 3050 Evangelia.
1751 2975 1864 3035 His
1895 2975 2152 3050 quidem
2185 2974 2540 3050 Exegeticis
2581 2977 2906 3034 acccnseri
2957 2977 3311 3053 potuissent
3360 2978 3758 3038 Commenta-

502 3073 637 3132 rius
687 3075 750 3133 in
786 3074 1018 3133 librum
1048 3074 1072 3132 Ι
1101 3076 1341 3151 Regum
1369 3118 1384 3146 ,
1422 3075 1866 3150 Espositiones
1921 3075 1984 3132 in
2040 3074 2326 3148 Cantica,
2357 3080 2418 3132 et
2467 3073 2525 3129 in
2577 3079 2815 3149 septem
2854 3075 3134 3134 Psalmos
3166 3077 3653 3152 pmnitentiales.
3680 3081 3758 3138 At

501 3173 676 3248 prior
713 3180 918 3233 tomus
953 3179 1044 3235 tot
1072 3176 1402 3254 complecti
1437 3177 1696 3236 minime
1727 3180 2010 3252 poterat;
2060 3177 2450 3252 insuperqne
2494 3180 3006 3237 commemoratae
3056 3177 3576 3237 elucubrationes
3626 3196 3757 3240 non

500 3277 646 3331 sunt
679 3273 760 3333 ita
795 3274 1078 3350 genuina
1115 3277 1316 3336 sancti
1348 3276 1638 3354 Gregorii
1667 3292 1888 3354 Opera,
1914 3281 1977 3334 ut
2012 3275 2220 3335 omnis
2251 3275 2761 3351 interpolatiunis
2795 3283 3090 3354 expertes
3125 3278 3280 3354 sint,
3313 3278 3402 3338 uti
3435 3296 3551 3338 suo
3582 3281 3755 3342 dice-

499 3386 638 3428 mus
669 3369 808 3429 loco
845 3369 1048 3445 (Tom.
1086 3371 1216 3443 IlI,
1247 3374 1513 3433 secunda
1536 3381 1739 3452 part.,
1777 3374 1842 3434 in
1870 3375 2112 3450 prum),

581 3467 908 3526 Secundus
948 3472 1155 3528 tomus
1179 3473 1458 3531 continet
1493 3475 1720 3532 caetera
1753 3471 1954 3533 sancti
2014 3471 2302 3547 Gregorii
2349 3473 2700 3534 indubitata
2751 3490 2810 3536 et
2855 3491 3157 3554 germana
3201 3494 3429 3553 Opera;
3486 3481 3617 3541 sive
3671 3484 3750 3543 ad

507 3566 864 3634 historiam,
898 3568 1032 3626 sive
1063 3568 1140 3627 ad
1180 3569 1674 3629 ecclesiasticam
1707 3575 1984 3646 spectent
2019 3570 2450 3644 disciplinam;
2499 3571 2738 3631 scilicet
2786 3573 3021 3632 librum
3069 3575 3322 3646 [legulae
3388 3577 3753 3659 Pastoralis,

500 3675 779 3741 quatuor
811 3667 1219 3744 Dialogorum
1247 3670 1468 3739 libros,
1503 3678 1563 3732 et
1601 3673 1956 3748 Regislrum
1991 3672 2445 3748 Epistolarum,
2474 3677 2574 3734 cui
2609 3677 2862 3735 brevem
2896 3681 3279 3751 subjecimus
3307 3681 3745 3755 appendicem,

499 3772 558 3824 et
586 3764 966 3840 multiplices
999 3766 1256 3828 indices.
1288 3771 1377 3830 De
1407 3770 1631 3830 additis
1665 3771 1812 3830 huic
1843 3771 2134 3847 Registro
2173 3772 2388 3831 multis
2422 3774 2740 3847 Epistolis,
2771 3775 3180 3854 ejusdemque
3209 3780 3428 3838 ordine
3465 3781 3752 3839 restituto

500 3864 766 3940 legenda
799 3870 948 3922 sunt
981 3881 1123 3939 qua:
1153 3883 1265 3941 pro
1293 3867 1411 3927 hac
1438 3868 1837 3927 restitutione
1865 3868 2196 3928 attulimus
2228 3877 2628 3944 argumenta.

581 3961 834 4020 Tertius
872 3967 1080 4020 tomus
1111 3962 1471 4039 bipartitus,
1501 3965 1696 4041 priori
1740 3969 1917 4041 parte
1963 3964 2222 4024 exhibet
2267 3966 2503 4025 librum
2544 3970 3122 4043 Sacramentorum,
3180 3973 3738 4049 Antiphonar’um,

496 4070 559 4122 et
587 4065 814 4121 cratera
843 4061 1185 4140 Liturgica,
1218 4079 1362 4121 cum
1391 4062 1968 4123 eruditissimarum
2013 4062 2084 4120 ι).
2124 4061 2413 4138 Hugonis
2467 4065 2752 4124 Menardi
2796 4073 3088 4128 notarum
3121 4075 3182 4128 et
3226 4071 3745 4134 Observationum

495 4159 883 4235 accessione,
910 4176 1034 4236 qua
1057 4159 1378 4221 ditandam
1411 4159 1575 4220 hanc
1605 4175 1834 4220 novam
1863 4161 2410 4235 Gregorianorum
2436 4178 2698 4236 operum
2723 4163 3068 4224 Editionem
3099 4165 3541 4242 judicavimus.
3569 4168 3750 4244 Ejus-

496 4259 638 4318 dem
670 4259 820 4318 tomi
871 4275 1016 4334 pars
1049 4259 1248 4320 altera
1285 4257 1724 4336 complectitur
1751 4256 2292 4319 Commentarium
2327 4259 2388 4317 in
2425 4261 2535 4318 lib.
2570 4261 2595 4319 I
2629 4262 2893 4337 Regum,
2930 4265 3403 4340 EXpositionem
3467 4267 3528 4326 in
3580 4267 3750 4327 Can-

497 4359 618 4419 tica
652 4360 1046 4419 canticorum
1107 4375 1337 4436 magna
1368 4378 1446 4418 ex
1481 4363 1658 4434 parte
1693 4364 1969 4430 auctam,
2003 4358 2192 4418 aliam
2224 4358 2287 4417 in
2316 4365 2554 4436 septem
2586 4361 2866 4422 Psalmos
2913 4363 3412 4439 Expusitionem,
3459 4373 3520 4425 et
3576 4366 3749 4426 Con-

493 4454 771 4514 cordiam
803 4454 1225 4531 quorumdam
1249 4472 1445 4516 sacrae
1475 4455 1815 4531 Scripturzn
1847 4453 2376 4514 testimoniorum.

575 4553 853 4623 Quartus
886 4560 1091 4612 tomus
1129 4554 1318 4612 etiam
1347 4554 1504 4612 duas
1533 4553 1594 4610 in
1627 4557 1834 4628 partes
1860 4551 2124 4623 divisus,
2158 4552 2356 4627 priori
2401 4560 2578 4628 parte
2616 4557 2897 4617 continet
2933 4559 3131 4618 sancti
3188 4558 3474 4637 Gregorii
3509 4561 3743 4636 Vitam,

495 4655 631 4706 tum
667 4664 704 4709 a
738 4651 932 4708 Paulo
960 4651 1373 4725 Warnefridi,
1405 4659 1536 4709 tum
1570 4666 1602 4709 a
1627 4651 1870 4708 Joanne
1900 4648 2179 4709 Diacono
2207 4653 2531 4726 scriptam,
2561 4659 2620 4712 et
2652 4671 2791 4713 eam
2814 4673 3004 4730 quam
3035 4675 3111 4714 ex
3142 4656 3557 4733 Grogorianis
3592 4678 3745 4737 pras-

503 4748 720 4807 sertim
758 4748 1010 4824 scriptis
1047 4767 1268 4808 recens
1297 4749 1774 4809 adornavimus.
1808 4745 2094 4804 Secunda
2123 4754 2301 4822 parte
2327 4750 2886 4825 comprehenditur
2907 4753 3222 4831 genuinus
3253 4757 3558 4826 Paterius,
3586 4775 3744 4832 qua-

497 4843 578 4903 lis
616 4844 888 4904 habelur
925 4846 987 4902 in
1016 4846 1508 4922 quamplurimis
1540 4846 1794 4923 eplimm
1831 4852 1993 4904 notas
2025 4844 2358 4905 Codicibus
2392 4865 2545 4907 mss.
2597 4856 2657 4910 et
2714 4852 2904 4912 Alulti
2956 4854 3380 4913 Tornacensis
3439 4859 3736 4916 monachi

492 4943 825 5020 Expositio
855 4943 916 5001 in
949 4942 1192 5002 Novum
1222 4945 1693 5002 Testamentum
1722 4961 1802 5005 ex
1835 4943 2247 5019 Gregorianis
2276 4948 2631 5023 sententiis,
2656 4967 2799 5026 qua:
2831 4952 3056 5010 Paterii
3091 4970 3315 5011 nomen
3349 4954 3410 5012 in
3445 4958 3735 5033 superio-

489 5041 666 5099 ribus
696 5042 887 5101 Editis
920 5040 1235 5099 immerito
1262 5041 1536 5117 praefert.

572 5141 683 5198 IX.
741 5141 954 5200 Variis
983 5143 1430 5201 sententiarum
1461 5141 1890 5217 excerptiones
1916 5160 1993 5200 ex
2026 5143 2097 5201 S.
2129 5141 2425 5221 Gregorii
2453 5148 2729 5223 scriptis.
2764 5183 2832 5192 —
2867 5151 2953 5210 De
2984 5153 3124 5211 aliis
3159 5152 3516 5229 hujusmodi
3551 5157 3745 5216 colle-

493 5242 808 5302 ctionibus
857 5243 1243 5304 excudendis
1292 5241 1551 5302 minime
1586 5245 1938 5301 curandum
1992 5244 2386 5317 censuimus,
2426 5249 2704 5308 maxime
2757 5251 2907 5325 quia
2967 5254 3150 5312 toties
3203 5258 3485 5332 repetitae
3541 5257 3744 5317 sancti

555 5382 634 5503 {ag
664 5381 989 5503 August“).
1012 5379 1621 5502 μὲῖδῡὲἓὶζὲιιὲεὲιᾶἔξῗῶ
1647 5392 1696 5432 c.
1734 5378 1798 5431 M
1830 5397 1842 5431 :
1875 5380 2141 5436 Codicibus
2177 5385 2509 5441 emendandis
2538 5391 2774 5456 primitus
2824 5391 2970 5446 debet
3007 5395 3278 5465 invigilare
3322 5397 3533 5450 solertia
3571 5411 3744 5453 eorum

555 5470 572 5503 ι
599 5487 616 5503 ι
643 5468 750 5503 crm
775 5468 897 5503 uras
958 5470 1021 5503 im
1630 5486 1644 5498 .

500 5449 575 5518 ,ni
599 5449 897 5518 Scripturas
922 5453 1124 5506 divinas
1151 5466 1303 5502 nosse
1327 5449 1644 5518 desiderant.

555 5519 628 5591 (ὁ)
656 5515 973 5606 ln'scribitu‘r;
993 5519 1420 5606 J‘amesii‘qpusl:
1464 5516 1734 5606 Viudicite‘
1755 5515 2107 5606 gregariorum,
2153 5541 2236 5579 seu
2277 5528 2541 5582 restitutus
2570 5529 2852 5586 innumeris
2874 5547 3000 5601 pene
3021 5533 3147 5586 locis
3189 5533 3466 5604 Gregorius
3497 5535 3743 5606 Magnus,

487 5585 740 5654 Ge'uevae,
771 5589 910 5656 apud
935 5587 1149 5640 Petrum
1179 5593 1232 5639 et
1252 5585 1512 5640 Jacobum
1542 5585 1755 5648 ϐιιοιιει,
1790 5586 1942 5643 1625,

554 5680 572 5699 ‘
613 5679 743 5733 Vide
773 5692 889 5736 uuae
917 5681 1280 5733 monucrimus
1312 5678 1443 5733 inl‘ra
1477 5673 1581 5733 col.
1615 5669 1700 5722 57.
1733 5671 1881 5732 Enn.
