4018 6298
244 303 310 353 25
1465 304 1830 360 ΡῐὶΑΞΕΑΤΙΟ

1973 305 2274 361 ἿΕΒΛίΛὸ.
3431 312 3504 368 εδ

243 418 541 495 Gregorii
572 417 901 478 sententiae
926 432 965 478 a
998 415 1189 477 variis
1230 416 1675 477 collectoribus
1711 417 2199 487 consarcinatae,
2240 422 2299 475 et
2349 420 2661 477 contcxtaa
2716 416 2899 477 taedio
2956 418 3184 479 forent.
3224 419 3297 478 Et
3348 436 3505 481 sane

246 524 531 579 omnium
571 523 704 581 vice
733 538 868 579 esse
899 524 1166 595 possunt
1198 518 1435 578 iudices
1466 518 1757 578 locorum
1791 533 1990 577 sacrze
2025 516 2365 591 Scriptura:
2392 517 2875 592 locupletissimi
2904 534 2940 579 a
2971 520 3153 579 nobis
3189 519 3413 597 adjecti
3452 525 3500 574 '.

245 620 637 678 Caeterorum
671 619 777 693 qui
816 618 1184 695 colligendis
1225 623 1366 693 post
1395 617 1716 675 l’aterium
1748 617 1953 676 sancti
1994 616 2279 691 Gregorii
2312 616 2690 675 testimoniis
2720 617 3119 691 insudarunt,
3155 619 3500 680 celeberri-
3531 620 3541 666 ἱ

244 735 383 774 nius
421 717 698 776 est'l‘aio
725 718 1193 794 Caesaraugust.
1226 716 1593 792 episcopus,
1626 717 1735 790 qui
1780 716 2043 774 Romam
2077 715 2151 772 ad
2198 715 2573 791 quaerendos
2626 716 2964 775 Moralium
3013 718 3208 779 libros
3246 722 3498 779 venisse

246 818 481 878 dicitur
508 820 629 879 sub
665 821 941 880 Martino
979 837 1143 898 papa
1172 821 1219 879 Ι.
1252 821 1369 880 Hic
1400 820 1719 894 excerpsit
1748 836 1826 877 ex
1862 818 2025 877 beati
2061 818 2350 895 Gregorii
2391 820 2564 878 libris
2595 818 3061 878 Sententiarum
3093 822 3284 881 libros
3314 822 3501 898 quin-

240 931 389 989 que,
432 918 697 977 servatis
744 918 945 993 ipsius
978 918 1180 979 sancti
1225 919 1510 977 Doctoris
1546 915 1775 985 verbis,
1813 921 2057 990 paucis,
2106 916 2211 974 ubi
2271 931 2343 974 ea
2396 918 2685 989 deerant,
2738 934 2815 974 ex
2864 928 3085 977 sancto
3146 921 3501 995 Augustino

239 1020 573 1096 suppletis.
606 1021 879 1081 Exstant
912 1023 1078 1082 inter
1115 1022 1510 1082 bibliothecas
1551 1022 1876 1078 Thuaneaa
1913 1028 2061 1101 mss.
2098 1018 2383 1080 Codices.
2410 1021 2870 1079 Praefationem
2918 1021 3107 1097 hujus
3166 1021 3373 1095 aperis
3424 1020 3501 1077 ad

236 1118 565 1191 Quiricum
602 1124 1136 1183 Barcinonensem
1171 1140 1301 1184 una
1332 1141 1475 1182 cum
1509 1121 1699 1198 hujus
1729 1121 2005 1197 episcOpi
2039 1138 2350 1197 responso
2381 1121 2575 1180 edidit
2624 1128 2842 1181 noster
2873 1122 3290 1180 Mabillonius
3335 1118 3519 1181 Ana?

128 1294 139 1301 ι
236 1219 545 1283 lecturum
580 1234 730 1283 tom.
765 1225 844 1284 ll.
877 1223 1176 1311 Ejusdem
1213 1224 1542 1301 epistolam
1574 1222 1650 1280 ad
1689 1222 2045 1295 Eugenium
2076 1221 2456 1282 Toletanum
2489 1222 2881 1298 episc0pum,
2910 1237 2989 1278 ex
3017 1219 3242 1280 Codice
3281 1220 3505 1279 biblio-

236 1322 435 1382 tliveze
464 1324 849 1384 Colbertiuze
880 1323 1146 1382 inseruit
1177 1321 1274 1381 vir
1307 1320 1385 1380 el.
1417 1318 1629 1396 Steph.
1672 1317 1969 1377 Baluzius
2016 1318 2575 1377 Miscellaneorum
2616 1322 2786 1373 temo
2814 1315 2922 1374 ιν.

316 1419 398 1476 Χ.
446 1419 670 1479 Utrum
706 1420 774 1478 S.
805 1419 1046 1478 Doctor
1070 1424 1340 1493 quatuor
1362 1415 1709 1491 Evangelia
1740 1412 2127 1491 explanarit,
2165 1421 2224 1474 et
2252 1414 2324 1474 de
2376 1414 2670 1473 Somsone
2717 1413 3068 1490 scripserit.
3120 1446 3194 1455 —
3222 1413 3501 1471 Joannes

233 1516 631 1577 Trithemius
688 1519 751 1577 in
819 1515 1409 1576 Ecelesiasticorum
1448 1513 1848 1590 Scriptorum
1912 1515 2216 1591 Catalogo
2264 1514 2429 1573 inter
2495 1514 2893 1590 Gregoriana
2941 1530 3135 1581 onera
3198 1516 3502 1571 recx‘nset’

237 1616 499 1672 brevem
532 1620 807 1689 quatuor
843 1612 1338 1687 Evangeliorum
1397 1609 1931 1687 Explanationem
1985 1630 2129 1689 qua:
2163 1613 2243 1672 ab
2279 1612 2375 1672 his
2412 1613 2633 1675 verbis
2667 1613 2927 1690 incipit:
2958 1612 3288 1673 Matthceus
3335 1611 3497 1667 εἰσ-ιιι

234 1714 303 1774 in
351 1712 590 1773 ordine.
622 1712 821 1790 Hujus
854 1711 1216 1771 meminisse
1248 1710 1493 1769 videtur
1520 1711 1846 1773 Honorius
1875 1712 2496 1789 Augustodunensis,
2524 1713 2671 1770 dum
2696 1712 2783 1770 ait
2811 1716 3099 1770 sanctum
3122 1709 3499 1782 Gregorium

232 1815 434 1867 tutum
464 1816 704 1868 textum
753 1815 1032 1884 quatuor
1062 1808 1585 1883 Evangeliorum,
1618 1810 2108 1872 sermocinando
2140 1812 2375 1887 populo
2410 1812 2787 1885 exposuisse
2821 1808 2989 1887 (Lib.
3016 1810 3088 1869 de
3133 1810 3371 1885 Script.
3409 1825 3498 1865 ec-

232 1907 429 1985 επ).
459 1908 949 1985 Explauationis
995 1908 1270 1969 laudatae
1304 1907 1464 1966 duos
1499 1926 1648 1967 mss.
1681 1909 1938 1971 Codices
1983 1911 2343 1970 invenimus
2379 1926 2696 1971 annorum
2751 1911 3002 1970 circiter
3032 1927 3142 1979 cm,
3180 1924 3377 1965 unum
3435 1906 3503 1965 in‘

236 2008 617 2067 bibliotheca
663 2009 837 2084 regia
869 2008 1340 2087 elegantissime
1376 2006 1789 2084 descriptum,
1826 2012 2097 2071 alterum
2131 2011 2192 2069 in
2228 2010 2614 2071 bibliotheca
2642 2010 2974 2088 Bigotiana
3024 2010 3190 2085 apud
3232 2007 3485 2067 Rotho-

235 2124 486 2183 magum
521 2125 666 2167 cum
712 2109 831 2168 hoc
864 2109 1085 2169 titulo:
1119 2110 1362 2186 Incipit
1392 2109 1740 2187 Expositio
1791 2109 2124 2170 secundum
2157 2110 2682 2169 Matthwum......
2714 2130 2751 2168 α
2785 2117 3001 2169 saneto
3029 2109 3494 2186 Gregorio......

239 2207 412 2266 urbis
440 2207 724 2266 Romw...
755 2206 1093 2267 Matthteus
1122 2207 1283 2267 sicut
1315 2208 1381 2266 in
1417 2208 1633 2267 ordine
1662 2209 1931 2285 primus,
1967 2212 2088 2267 etc.
2126 2207 2364 2267 Verum
2421 2208 2621 2285 stylus
2672 2207 2782 2284 qui
2814 2208 3332 2283 corruptissimus
3371 2212 3493 2277 est,

232 2305 700 2382 Gregorianum
736 2323 861 2365 non
896 2305 1159 2379 redolet,
1198 2306 1480 2382 satisque
1510 2308 1738 2383 probat
1774 2307 2083 2367 orationis
2120 2307 2319 2366 series
2352 2306 2857 2365 lucubrationem
2887 2303 3049 2364 hanc
3080 2304 3281 2364 sancti
3320 2303 3495 2364 Gre-

228 2406 391 2481 gorii
421 2408 719 2481 operibus
750 2423 873 2466 non
911 2424 1053 2468 esse
1085 2409 1660 2468 annumerandam.
3490 2424 3493 2425 '

319 2504 821 2580 EXplicatiouem
867 2507 1149 2583 aliquam
1198 2506 1274 2568 de
1323 2509 1647 2568 Samsonis
1704 2508 1884 2569 faelis
1934 2510 2342 2588 allegorieam
2398 2508 2681 2586 polliceri
2750 2506 2995 2568 videtur
3054 2509 3493 2568 sanctissimus

230 2602 466 2664 Ductor
509 2606 639 2665 haec
666 2609 743 2666 ad
775 2607 1165 2666 Vcnantium
1222 2609 1742 2667 Panormitauum
1788 2609 2127 2670 Patricium
2179 2602 2515 2669 scribens:
2552 2609 2762 2670 Vultis
2794 2625 2935 2685 ergo
2974 2615 3047 2668 ut
3097 2608 3368 2686 quantum
3420 2609 3493 2667 de

228 2700 551 2761 Samsonis
600 2703 787 2780 [actis
848 2702 1183 2780 allegorice
1237 2704 1671 2774 disseruntur,-
1730 2707 1836 2767 sed
1896 2717 2069 2768 tanta
2122 2710 2274 2769 mihi
2331 2709 2619 2770 debilitas
2681 2710 2966 2786 corporis
3007 2709 3261 2779 accidit,
3308 2718 3378 2767 ut
3440 2708 3494 2767 si

228 2820 350 2879 qua
385 2801 592 2863 subire
630 2803 953 2874 voluerim,
987 2821 1264 2864 exercere
1292 2805 1533 2864 animus
1561 2823 1686 2866 non
1715 2815 2026 2885 assurgat.
2063 2811 2243 2869 Bono
2280 2816 2480 2868 autem
2514 2808 2817 2869 desiderio
2856 2816 3059 2867 vestro
3094 2808 3443 2885 congaudeo
3474 2824 3494 2871 :

228 2900 380 2977 quia
413 2901 559 2959 dum
593 2902 1044 2979 expositionem
1074 2918 1395 2962 sacrorum
1424 2902 1750 2963 verborum
1784 2903 2041 2979 cupitis,
2080 2921 2264 2981 quam
2308 2906 2527 2965 stricte
2556 2905 2755 2983 ipsum
2797 2912 3111 2963 auctorem
3153 2898 3523 2964 eorumdem'

229 2998 558 3058 verborum
593 3001 894 3077 quwritis,
927 2998 1389 3059 demonstratis.
1416 3000 1492 3060 Si
1519 3000 1721 3077 igitur
1741 3000 1901 3060 vires
1928 2999 2150 3061 salutis
2178 3017 2485 3078 recepero,
2510 3010 2762 3059 auctore
2790 3000 3204 3075 omnipotente
3233 3000 3492 3059 Domino

228 3101 448 3160 vestris
486 3099 809 3159 desideriis
840 3096 1068 3175 parebo
1096 3096 1261 3173 (Lib.
1303 3115 1420 3171 xu,
1443 3099 1618 3175 epist.
1651 3096 1777 3174 ἵιο).
1808 3099 2236 3174 Atnunquam
2267 3100 2575 3176 Gregorio
2606 3100 2873 3160 liberum
2907 3097 3101 3157 fuisse
3133 3097 3282 3157 huic
3303 3099 3490 3176 operi

228 3216 483 3270 vacare,
514 3200 596 3258 ob
627 3199 965 3258 continuos
998 3205 1278 3274 quatuor
1312 3204 1746 3257 extremorum
1785 3197 1925 3257 vitae
1960 3214 2276 3258 annorum
2311 3200 2591 3269 morbos,
2630 3216 2789 3275 pene
2819 3203 3089 3257 constat.

307 3304 477 3379 Quid
513 3303 586 3363 de
626 3298 1055 3364 Pwnitentiaii
1094 3293 1221 3381 ejus
1254 3317 1473 3359 nomen
1518 3302 1885 3376 proferente
1916 3299 2323 3359 sentiendum.
2355 3332 2431 3342 —-
2471 3300 2560 3358 De
2609 3298 3025 3359 l’mnitentiali
3076 3296 3279 3357 sancti
3331 3296 3487 3357 Gre-

228 3404 390 3482 gorii
423 3420 599 3480 papa:
628 3400 802 3461 urbis
838 3401 1053 3459 Romae
1085 3416 1313 3459 nomen
1353 3397 1613 3467 ferente,
1639 3396 1808 3471 quod
1849 3396 2161 3457 Jamesius
2196 3398 2285 3457 ait
2313 3404 2569 3457 exstare
2621 3397 2683 3456 iu
2714 3396 3143 3457 vetustissimo
3172 3395 3336 3455 libro
3385 3397 3478 3456 bi-'

224 3502 554 3561 bliolbeea:
585 3498 853 3578 publica;
894 3495 1280 3556 Oxoniensis
1322 3494 1598 3568 (Vindic.
1642 3491 1928 3573 Gregor.,
1963 3512 2113 3573 pag.
2168 3494 2333 3570 νώ),
2367 3496 2524 3555 nihil
2565 3495 2717 3556 alibi
2772 3511 2810 3556 a
2872 3495 3056 3555 nobis
3111 3500 3481 3572 repertum:

221 3604 620 3676 quapropter
662 3598 813 3656 illud
856 3596 974 3656 hoc
1011 3598 1149 3656 loco
1198 3595 1510 3657 indicasse
1569 3600 1752 3656 nobis
1803 3597 1958 3656 satis
1996 3599 2098 3656 sit.
2130 3598 2311 3657 Nunc
2362 3596 2424 3656 in
2463 3596 2873 3675 expendenda
2932 3596 3136 3656 sancti
3191 3595 3484 3673 Gregorii

222 3695 512 3754 doctrina
543 3693 735 3770 paulo
769 3692 1006 3752 diutius
1044 3694 1543 3767 immorandum;
1574 3692 2163 3773 ostendendumque
2201 3694 2531 3756 haereticos
2567 3695 2695 3756 fere
2732 3712 2980 3763 omnes.
3028 3702 3160 3755 tum
3206 3703 3477 3770 veteres,

221 3802 357 3854 tum
393 3812 594 3853 novos
621 3797 703 3854 ab
730 3812 807 3854 eo
837 3792 1032 3853 luisse
1059 3793 1432 3852 debellatos.

308 3894 415 3951 XI.
468 3894 776 3954 Doctrina
805 3895 876 3953 S.
904 3891 1201 3969 Gregorii
1234 3898 1457 3952 contra
1483 3888 1888 3964 Monichwos,
1923 3890 2217 3961 Arianos,
2253 3889 2665 3950 Nestorianos
2700 3900 2755 3949 et
2795 3889 3257 3965 Eutycltionos,
3296 3888 3482 3950 Pela-

222 3992 474 4068 gianos.
507 3993 934 4053 —Manichtei
971 4008 1345 4068 perversum
1384 3989 1637 4066 dogma,
1673 3990 1781 4066 qui
1811 3990 1938 4047 duo
1973 4008 2111 4049 esse
2144 3991 2455 4068 principia
2489 3991 2826 4064 mentiens,
2859 4007 2894 4051 a
2928 3992 3054 4051 Deo
3077 3992 3396 4068 spiritum,
3444 4005 3483 4051 a

227 4088 467 4149 Satana
503 4108 648 4150 vero
678 4107 937 4150 carnem
970 4088 1281 4148 conditam
1328 4104 1615 4148 asserere
1642 4095 1932 4160 conatur,
1978 4091 2061 4148 ita
2098 4090 2387 4166 destruit,
2427 4090 2534 4148 lib.
2570 4108 2634 4148 ιχ
2667 4092 2922 4165 Morel”
2974 4109 3147 4151 num.
3178 4090 3279 4150 Ἧι.
3313 4092 3482 4151 Son-

218 4198 383 4264 ctus,
411 4188 643 4264 inquit,
679 4189 780 4248 vir
814 4186 1172 4264 prophetici
1196 4187 1403 4262 gratia
1445 4186 1708 4263 spiritus
1737 4186 1985 4263 plenus,
2017 4186 2198 4262 longe
2229 4194 2373 4264 post
2399 4196 2661 4246 ventura
2697 4190 3072 4264 considerat,
3107 4199 3166 4249 et
3199 4207 3479 4252 errorum

215 4292 530 4369 genimina
561 4291 908 4367 prt’evidens
938 4287 1161 4356 calcat,
1195 4287 1400 4347 dicens
1424 4308 1444 4345 :
1476 4288 1706 4346 Manus
1739 4294 1857 4346 tuo?
1878 4287 2341 4364 plosmaverunt
2370 4307 2484 4363 me,
2516 4299 2572 4349 et
2601 4292 2877 4361 fecerunt
2905 4311 2994 4354 me
3024 4303 3218 4353 totum
3248 4294 3312 4353 in
3343 4296 3479 4354 cir—

219 4393 397 4453 cuitu
434 4390 604 4470 (Job.
643 4410 707 4470 ι,
740 4393 828 4471 8).
875 4391 1000 4465 Qui
1047 4390 1207 4449 enim
1243 4396 1297 4446 et
1323 4387 1689 4465 plasmatum
1712 4406 1794 4454 se,
1834 4396 1895 4449 et
1925 4389 2160 4465 factum
2199 4396 2395 4447 totum
2424 4391 2487 4447 in
2516 4392 2785 4451 circuitu
2816 4413 2851 4448 α
2877 4394 3004 4451 Deo
3028 4394 3268 4462 asserit,
3308 4403 3476 4455 tene-

219 4489 471 4549 brarum
497 4492 671 4566 genti
692 4510 801 4551 nec
825 4494 891 4553 in
924 4491 1159 4569 spiritu
1189 4510 1300 4551 suo
1328 4488 1572 4566 aliquid
1601 4506 1710 4547 nec
1738 4495 1806 4549 in
1843 4505 2028 4547 carne
2078 4489 2492 4567 derelinquit;
2537 4509 2676 4550 nam
2706 4491 3076 4569 plasmatum
3122 4513 3182 4552 se
3220 4504 3472 4571 propter

219 4598 523 4652 internum
554 4592 882 4667 imaginem
905 4584 1170 4649 retulit:
1191 4591 1429 4666 factum
1462 4602 1598 4646 vero
1634 4592 1836 4645 totum
1866 4588 1928 4647 in
1960 4586 2259 4661 circuitu,
2286 4587 2351 4647 in
2378 4606 2445 4647 eo
2473 4589 2640 4665 quod
2675 4608 2752 4649 ex
2783 4592 2990 4651 carnis
3019 4600 3260 4652 constat
3288 4593 3470 4653 indu-

214 4694 442 4749 mento.
476 4689 857 4747 memoravit.

296 4733 442 4849 Arii,
470 4788 701 4846 Filium
734 4788 839 4847 Dei
874 4785 1105 4846 factum
1141 4782 1422 4843 docentis
1457 4781 1842 4860 impietatem
1874 4783 2129 4856 refellit,
2162 4784 2205 4842 l.
2240 4802 2423 4845 χχιιι
2462 4785 2721 4863 Moral.,
2752 4805 2928 4849 num.
2961 4787 3060 4859 51,
3091 4805 3169 4849 ex
3202 4789 3322 4846 Job
3364 4804 3476 4846 as-

215 4894 473 4948 serente
496 4886 836 4945 Behemoth
865 4886 1140 4961 primum
1163 4882 1459 4959 angelum
1482 4898 1519 4942 a
1546 4883 1675 4941 Deo
1699 4883 2021 4942 conditum
2046 4901 2185 4944 esse
2204 4887 2587 4963 principium
2609 4888 2849 4949 viarum
2872 4889 3001 4966 ejus
3026 4888 3195 4965 (Job.
3216 4904 3320 4957 xc,
3347 4885 3471 4965 lli).

209 4987 517 5062 Superest
545 4997 713 5058 ergo,
746 4982 954 5056 inquit
988 4983 1248 5039 sanctus
1280 4981 1537 5053 Doctor,
1570 4987 1640 5038 ut
1667 4978 1883 5053 Arius,
1931 4989 2041 5040 aut
2084 4998 2210 5041 non
2256 4982 2490 5061 factum
2538 4988 2783 5047 Filium
2831 4988 3151 5065 praedicet,
3191 4994 3299 5043 aut
3343 5003 3476 5044 eum

206 5091 361 5163 post
397 5082 726 5142 Behemoth
769 5080 1090 5141 conditum
1116 5079 1348 5137 stultus
1372 5086 1571 5154 putet.

295 5184 777 5247 lncarnationis
806 5183 1173 5259 mysterium
1203 5180 1439 5257 Optime
1467 5178 1828 5254 explicatur
1857 5179 2028 5240 hom.
2065 5182 2143 5241 38
2176 5183 2240 5241 in
2294 5183 2671 5260 Evangelia,
2725 5200 2899 5241 num.
2934 5182 3004 5253 3;
3058 5188 3117 5243 et
3157 5183 3475 5245 Nestorius

211 5286 673 5364 Eutychesque
702 5281 1136 5351 confutantur,
1171 5279 1281 5337 lib.
1320 5278 1430 5335 lin
1464 5278 1887 5353 Ezechielem,
1916 5281 2084 5340 hom.
2121 5283 2181 5352 8,
2230 5301 2293 5341 η.
2340 5283 2418 5340 2's
2455 5293 2514 5341 et
2560 5282 2659 5338 25.
2720 5283 2789 5340 lu
2842 5281 3103 5343 humilia
3156 5286 3472 5359 sequenti,

214 5402 391 5443 num.
418 5383 483 5455 2,
511 5381 749 5441 divinas
778 5379 996 5455 gratiae
1032 5377 1402 5448 necessitas,
1444 5382 1511 5433 ut
1544 5377 1777 5435 bonum
1826 5383 1887 5439 et
1932 5381 2205 5439 velimus
2243 5390 2299 5442 et
2342 5381 2769 5455 perficiamus,
2807 5381 3121 5441 astruitur
3167 5383 3472 5443 adversus

216 5481 543 5558 Pelagium
577 5484 640 5539 et
670 5478 1057 5541 Cwlestium.
1095 5476 1368 5534 Docetur
1396 5472 1565 5532 mala
1595 5474 1804 5550 nobis,
1841 5477 2005 5537 bona
2034 5485 2248 5539 autem
2285 5479 2418 5537 Deo
2445 5478 2754 5555 nobisque
2779 5479 3138 5540 tribuenda.
3170 5480 3473 5560 Explica-

288 5668 313 5695 ‘
347 5662 479 5722 Illos
502 5662 571 5721 de
596 5674 747 5719 more
776 5658 1099 5727 omittimus,
1130 5658 1359 5717 indicem
1387 5658 1681 5732 Scriptura:
1703 5658 2010 5731 generalem
2036 5661 2089 5717 in
2117 5657 2422 5717 universam
2448 5659 2810 5739 Patrolegiam
2839 5660 3163 5722 coniectori.
3185 5663 3343 5722 Eon.
