  <div class='ocr_page' id='page_1' title='image "/cluster/home/n/w/nwhite01/storage/ocr_20150623/75/uva.x000827087/021.png"; bbox 0 0 4018 6320; ppageno 0'>
   <div class='ocr_carea' id='block_1_1' title="bbox 544 274 3794 337">
    <p class='ocr_par' dir='ltr' id='par_1_1' title="bbox 544 274 3794 337">
     <span class='ocr_line' id='line_1_1' title="bbox 544 274 3794 337; baseline 0.002 -7"><span class='ocrx_word' id='word_1_1' title='bbox 544 278 612 330; x_wconf 72' lang='lat'><strong><em>27</em></strong></span> <span class='ocrx_word' id='word_1_2' title='bbox 1760 274 2126 330; x_wconf 65' lang='lat' dir='ltr'><strong><em>PIL&#39;EFATIU</em></strong></span> <span class='ocrx_word' id='word_1_3' title='bbox 2166 274 2442 331; x_wconf 66' lang='lat' dir='ltr'><strong><em>GENERA</em></strong></span> <span class='ocrx_word' id='word_1_4' title='bbox 2454 274 2574 329; x_wconf 85' lang='lat' dir='ltr'><strong><em>LlS.</em></strong></span> <span class='ocrx_word' id='word_1_5' title='bbox 3719 277 3794 337; x_wconf 74' lang='lat'><strong><em>28</em></strong></span> 
     </span>
    </p>
   </div>
   <div class='ocr_carea' id='block_1_2' title="bbox 544 389 3792 471">
    <p class='ocr_par' dir='ltr' id='par_1_2' title="bbox 544 389 3792 471">
     <span class='ocr_line' id='line_1_2' title="bbox 544 389 3792 471; baseline 0.002 -25"><span class='ocrx_word' id='word_1_6' title='bbox 544 396 649 451; x_wconf 88' lang='lat' dir='ltr'><strong><em>tur</em></strong></span> <span class='ocrx_word' id='word_1_7' title='bbox 676 393 949 471; x_wconf 84' lang='lat' dir='ltr'><strong><em>denique</em></strong></span> <span class='ocrx_word' id='word_1_8' title='bbox 985 391 1306 470; x_wconf 87' lang='lat' dir='ltr'><strong><em>quomodo</em></strong></span> <span class='ocrx_word' id='word_1_9' title='bbox 1337 392 1685 469; x_wconf 55' lang='lat' dir='ltr'><strong><em>praeveniat</em></strong></span> <span class='ocrx_word' id='word_1_10' title='bbox 1720 392 1953 467; x_wconf 79' lang='lat' dir='ltr'><strong><em>gratia,</em></strong></span> <span class='ocrx_word' id='word_1_11' title='bbox 1986 392 2420 464; x_wconf 77' lang='lat' dir='ltr'><strong><em>subsequatur</em></strong></span> <span class='ocrx_word' id='word_1_12' title='bbox 2454 391 2766 449; x_wconf 81' lang='lat' dir='ltr'><strong><em>voluntas.</em></strong></span> <span class='ocrx_word' id='word_1_13' title='bbox 2816 389 2938 449; x_wconf 85' lang='lat' dir='ltr'><strong><em>Sed</em></strong></span> <span class='ocrx_word' id='word_1_14' title='bbox 2970 391 3034 449; x_wconf 85' lang='lat' dir='ltr'><strong><em>in</em></strong></span> <span class='ocrx_word' id='word_1_15' title='bbox 3069 390 3185 459; x_wconf 80' lang='lat' dir='ltr'><strong><em>bis,</em></strong></span> <span class='ocrx_word' id='word_1_16' title='bbox 3220 391 3451 466; x_wconf 85' lang='lat' dir='ltr'><strong><em>inquit,</em></strong></span> <span class='ocrx_word' id='word_1_17' title='bbox 3505 391 3792 451; x_wconf 86' lang='lat' dir='ltr'><strong><em>conside-</em></strong></span> 
     </span>
    </p>
   </div>
   <div class='ocr_carea' id='block_1_3' title="bbox 538 486 3793 569">
    <p class='ocr_par' dir='ltr' id='par_1_3' title="bbox 538 486 3793 569">
     <span class='ocr_line' id='line_1_3' title="bbox 538 486 3793 569; baseline 0.001 -24"><span class='ocrx_word' id='word_1_18' title='bbox 538 489 827 558; x_wconf 86' lang='lat' dir='ltr'><strong><em>randum,</em></strong></span> <span class='ocrx_word' id='word_1_19' title='bbox 859 491 1006 569; x_wconf 91' lang='lat' dir='ltr'><strong><em>quia</em></strong></span> <span class='ocrx_word' id='word_1_20' title='bbox 1032 492 1121 551; x_wconf 92' lang='lat' dir='ltr'><strong><em>sic</em></strong></span> <span class='ocrx_word' id='word_1_21' title='bbox 1155 489 1315 551; x_wconf 86' lang='lat' dir='ltr'><strong><em>bona</em></strong></span> <span class='ocrx_word' id='word_1_22' title='bbox 1336 497 1581 559; x_wconf 88' lang='lat' dir='ltr'><strong><em>nostra,</em></strong></span> <span class='ocrx_word' id='word_1_23' title='bbox 1607 488 1661 545; x_wconf 95' lang='lat' dir='ltr'><strong><em>si</em></strong></span> <span class='ocrx_word' id='word_1_24' title='bbox 1699 486 2135 563; x_wconf 82' lang='lat' dir='ltr'><strong><em>omnipotentis</em></strong></span> <span class='ocrx_word' id='word_1_25' title='bbox 2174 486 2291 545; x_wconf 86' lang='lat' dir='ltr'><strong><em>Dei</em></strong></span> <span class='ocrx_word' id='word_1_26' title='bbox 2338 487 2500 545; x_wconf 86' lang='lat' dir='ltr'><strong><em>dona</em></strong></span> <span class='ocrx_word' id='word_1_27' title='bbox 2529 496 2701 558; x_wconf 89' lang='lat' dir='ltr'><strong><em>sunt,</em></strong></span> <span class='ocrx_word' id='word_1_28' title='bbox 2742 496 2811 545; x_wconf 90' lang='lat' dir='ltr'><strong><em>ut</em></strong></span> <span class='ocrx_word' id='word_1_29' title='bbox 2845 489 2907 546; x_wconf 88' lang='lat' dir='ltr'><strong><em>in</em></strong></span> <span class='ocrx_word' id='word_1_30' title='bbox 2937 488 3023 548; x_wconf 91' lang='lat' dir='ltr'><strong><em>eis</em></strong></span> <span class='ocrx_word' id='word_1_31' title='bbox 3049 487 3293 565; x_wconf 86' lang='lat' dir='ltr'><strong><em>aliquid</em></strong></span> <span class='ocrx_word' id='word_1_32' title='bbox 3326 497 3615 549; x_wconf 89' lang='lat' dir='ltr'><strong><em>nostrum</em></strong></span> <span class='ocrx_word' id='word_1_33' title='bbox 3665 507 3793 549; x_wconf 83' lang='lat' dir='ltr'><strong><em>non</em></strong></span> 
     </span>
    </p>
   </div>
   <div class='ocr_carea' id='block_1_4' title="bbox 538 584 3791 668">
    <p class='ocr_par' dir='ltr' id='par_1_4' title="bbox 538 584 3791 668">
     <span class='ocr_line' id='line_1_4' title="bbox 538 584 3791 668; baseline 0 -22"><span class='ocrx_word' id='word_1_34' title='bbox 538 591 645 658; x_wconf 82' lang='lat' dir='ltr'><strong><em>sit.</em></strong></span> <span class='ocrx_word' id='word_1_35' title='bbox 672 606 788 650; x_wconf 88' lang='lat' dir='ltr'><strong><em>cur</em></strong></span> <span class='ocrx_word' id='word_1_36' title='bbox 820 608 933 649; x_wconf 88' lang='lat' dir='ltr'><strong><em>nos</em></strong></span> <span class='ocrx_word' id='word_1_37' title='bbox 964 590 1145 668; x_wconf 84' lang='lat' dir='ltr'><strong><em>quasi</em></strong></span> <span class='ocrx_word' id='word_1_38' title='bbox 1177 607 1297 668; x_wconf 91' lang='lat' dir='ltr'><strong><em>pro</em></strong></span> <span class='ocrx_word' id='word_1_39' title='bbox 1330 588 1568 647; x_wconf 89' lang='lat' dir='ltr'><strong><em>meritis</em></strong></span> <span class='ocrx_word' id='word_1_40' title='bbox 1598 594 1890 646; x_wconf 84' lang='lat' dir='ltr'><strong><em>ceternam</em></strong></span> <span class='ocrx_word' id='word_1_41' title='bbox 1910 584 2383 644; x_wconf 86' lang='lat' dir='ltr'><strong><em>retributionem</em></strong></span> <span class='ocrx_word' id='word_1_42' title='bbox 2409 587 2780 663; x_wconf 72' lang='lat' dir='ltr'><strong><em>qua-rimus?</em></strong></span> <span class='ocrx_word' id='word_1_43' title='bbox 2814 588 2889 647; x_wconf 89' lang='lat' dir='ltr'><strong><em>Si</em></strong></span> <span class='ocrx_word' id='word_1_44' title='bbox 2918 594 3119 646; x_wconf 90' lang='lat' dir='ltr'><strong><em>autem</em></strong></span> <span class='ocrx_word' id='word_1_45' title='bbox 3149 590 3236 647; x_wconf 91' lang='lat' dir='ltr'><strong><em>ita</em></strong></span> <span class='ocrx_word' id='word_1_46' title='bbox 3264 599 3480 649; x_wconf 86' lang='lat' dir='ltr'><strong><em>nostra</em></strong></span> <span class='ocrx_word' id='word_1_47' title='bbox 3512 599 3685 661; x_wconf 88' lang='lat' dir='ltr'><strong><em>sunt,</em></strong></span> <span class='ocrx_word' id='word_1_48' title='bbox 3720 596 3791 648; x_wconf 89' lang='lat' dir='ltr'><strong><em>ut</em></strong></span> 
     </span>
    </p>
   </div>
   <div class='ocr_carea' id='block_1_5' title="bbox 538 684 3792 764">
    <p class='ocr_par' dir='ltr' id='par_1_5' title="bbox 538 684 3792 764">
     <span class='ocr_line' id='line_1_5' title="bbox 538 684 3792 764; baseline 0.001 -19"><span class='ocrx_word' id='word_1_49' title='bbox 538 687 705 746; x_wconf 84' lang='lat' dir='ltr'><strong><em>dona</em></strong></span> <span class='ocrx_word' id='word_1_50' title='bbox 739 689 853 748; x_wconf 92' lang='lat' dir='ltr'><strong><em>Dei</em></strong></span> <span class='ocrx_word' id='word_1_51' title='bbox 888 687 1330 764; x_wconf 74' lang='lat' dir='ltr'><strong><em>omnipotentis</em></strong></span> <span class='ocrx_word' id='word_1_52' title='bbox 1352 704 1479 743; x_wconf 87' lang='lat' dir='ltr'><strong><em>non</em></strong></span> <span class='ocrx_word' id='word_1_53' title='bbox 1508 687 1663 754; x_wconf 85' lang='lat' dir='ltr'><strong><em>sint,</em></strong></span> <span class='ocrx_word' id='word_1_54' title='bbox 1694 702 1808 746; x_wconf 91' lang='lat' dir='ltr'><strong><em>cur</em></strong></span> <span class='ocrx_word' id='word_1_55' title='bbox 1840 704 1918 745; x_wconf 72' lang='lat' dir='ltr'><strong><em>ex</em></strong></span> <span class='ocrx_word' id='word_1_56' title='bbox 1949 686 2031 746; x_wconf 88' lang='lat' dir='ltr'><strong><em>eis</em></strong></span> <span class='ocrx_word' id='word_1_57' title='bbox 2061 684 2473 763; x_wconf 74' lang='lat' dir='ltr'><strong><em>omnipotenti</em></strong></span> <span class='ocrx_word' id='word_1_58' title='bbox 2499 687 2620 744; x_wconf 89' lang='lat' dir='ltr'><strong><em>Deo</em></strong></span> <span class='ocrx_word' id='word_1_59' title='bbox 2650 686 2888 762; x_wconf 85' lang='lat' dir='ltr'><strong><em>gratias</em></strong></span> <span class='ocrx_word' id='word_1_60' title='bbox 2914 688 3337 762; x_wconf 83' lang='lat' dir='ltr'><strong><em>agimus?Sed</em></strong></span> <span class='ocrx_word' id='word_1_61' title='bbox 3363 690 3678 749; x_wconf 86' lang='lat' dir='ltr'><strong><em>sciendum</em></strong></span> <span class='ocrx_word' id='word_1_62' title='bbox 3701 698 3792 749; x_wconf 81' lang='lat' dir='ltr'><strong><em>est</em></strong></span> 
     </span>
    </p>
   </div>
   <div class='ocr_carea' id='block_1_6' title="bbox 537 780 3789 863">
    <p class='ocr_par' dir='ltr' id='par_1_6' title="bbox 537 780 3789 863">
     <span class='ocr_line' id='line_1_6' title="bbox 537 780 3789 863; baseline 0.002 -22"><span class='ocrx_word' id='word_1_63' title='bbox 537 784 683 859; x_wconf 88' lang='lat' dir='ltr'><strong><em>quia</em></strong></span> <span class='ocrx_word' id='word_1_64' title='bbox 711 784 870 842; x_wconf 90' lang='lat' dir='ltr'><strong><em>mala</em></strong></span> <span class='ocrx_word' id='word_1_65' title='bbox 905 792 1123 842; x_wconf 79' lang='lat' dir='ltr'><strong><em>nostra</em></strong></span> <span class='ocrx_word' id='word_1_66' title='bbox 1163 780 1545 841; x_wconf 73' lang='lat' dir='ltr'><strong><em>solummodo</em></strong></span> <span class='ocrx_word' id='word_1_67' title='bbox 1594 792 1815 842; x_wconf 75' lang='lat' dir='ltr'><strong><em>nostra</em></strong></span> <span class='ocrx_word' id='word_1_68' title='bbox 1851 791 2027 852; x_wconf 88' lang='lat' dir='ltr'><strong><em>sunt;</em></strong></span> <span class='ocrx_word' id='word_1_69' title='bbox 2059 781 2220 843; x_wconf 87' lang='lat' dir='ltr'><strong><em>bona</em></strong></span> <span class='ocrx_word' id='word_1_70' title='bbox 2248 792 2450 843; x_wconf 86' lang='lat' dir='ltr'><strong><em>autem</em></strong></span> <span class='ocrx_word' id='word_1_71' title='bbox 2491 791 2732 854; x_wconf 87' lang='lat' dir='ltr'><strong><em>nostra,</em></strong></span> <span class='ocrx_word' id='word_1_72' title='bbox 2766 792 2821 843; x_wconf 90' lang='lat' dir='ltr'><strong><em>et</em></strong></span> <span class='ocrx_word' id='word_1_73' title='bbox 2866 786 3304 863; x_wconf 88' lang='lat' dir='ltr'><strong><em>omnipotentis</em></strong></span> <span class='ocrx_word' id='word_1_74' title='bbox 3352 789 3463 848; x_wconf 87' lang='lat' dir='ltr'><strong><em>Dei</em></strong></span> <span class='ocrx_word' id='word_1_75' title='bbox 3508 797 3675 861; x_wconf 87' lang='lat' dir='ltr'><strong><em>sunt,</em></strong></span> <span class='ocrx_word' id='word_1_76' title='bbox 3735 798 3789 847; x_wconf 91' lang='lat' dir='ltr'><strong><em>et</em></strong></span> 
     </span>
    </p>
   </div>
   <div class='ocr_carea' id='block_1_7' title="bbox 492 883 3795 965">
    <p class='ocr_par' dir='ltr' id='par_1_7' title="bbox 492 883 3795 965">
     <span class='ocr_line' id='line_1_7' title="bbox 492 883 3795 965; baseline 0.002 -22"><span class='ocrx_word' id='word_1_77' title='bbox 492 888 496 894; x_wconf 87' lang='grc'><em>’</em></span> <span class='ocrx_word' id='word_1_78' title='bbox 537 894 790 953; x_wconf 85' lang='lat' dir='ltr'><strong><em>nostra;</em></strong></span> <span class='ocrx_word' id='word_1_79' title='bbox 826 885 970 963; x_wconf 87' lang='lat' dir='ltr'><strong><em>quia</em></strong></span> <span class='ocrx_word' id='word_1_80' title='bbox 992 885 1123 961; x_wconf 88' lang='lat' dir='ltr'><strong><em>ipse</em></strong></span> <span class='ocrx_word' id='word_1_81' title='bbox 1153 883 1498 961; x_wconf 83' lang='lat' dir='ltr'><strong><em>aspirando</em></strong></span> <span class='ocrx_word' id='word_1_82' title='bbox 1525 903 1638 943; x_wconf 88' lang='lat' dir='ltr'><strong><em>nos</em></strong></span> <span class='ocrx_word' id='word_1_83' title='bbox 1656 885 1959 962; x_wconf 72' lang='lat' dir='ltr'><strong><em>prweenit</em></strong></span> <span class='ocrx_word' id='word_1_84' title='bbox 1983 894 2052 944; x_wconf 85' lang='lat' dir='ltr'><strong><em>ut</em></strong></span> <span class='ocrx_word' id='word_1_85' title='bbox 2080 884 2357 953; x_wconf 78' lang='lat' dir='ltr'><strong><em>velimus,</em></strong></span> <span class='ocrx_word' id='word_1_86' title='bbox 2385 885 2496 961; x_wconf 89' lang='lat' dir='ltr'><strong><em>qui</em></strong></span> <span class='ocrx_word' id='word_1_87' title='bbox 2540 884 2894 962; x_wconf 72' lang='lat' dir='ltr'><strong><em>adjuvando</em></strong></span> <span class='ocrx_word' id='word_1_88' title='bbox 2940 888 3370 965; x_wconf 78' lang='lat' dir='ltr'><strong><em>prosequitur,</em></strong></span> <span class='ocrx_word' id='word_1_89' title='bbox 3408 907 3484 948; x_wconf 87' lang='lat' dir='ltr'><strong><em>ne</em></strong></span> <span class='ocrx_word' id='word_1_90' title='bbox 3518 891 3795 949; x_wconf 78' lang='lat' dir='ltr'><strong><em>inaniter</em></strong></span> 
     </span>
    </p>
   </div>
   <div class='ocr_carea' id='block_1_8' title="bbox 535 983 3793 1062">
    <p class='ocr_par' dir='ltr' id='par_1_8' title="bbox 535 983 3793 1062">
     <span class='ocr_line' id='line_1_8' title="bbox 535 983 3793 1062; baseline -0.001 -15"><span class='ocrx_word' id='word_1_91' title='bbox 535 984 811 1055; x_wconf 76' lang='lat' dir='ltr'><strong><em>velimus,</em></strong></span> <span class='ocrx_word' id='word_1_92' title='bbox 847 983 952 1043; x_wconf 87' lang='lat' dir='ltr'><strong><em>sed</em></strong></span> <span class='ocrx_word' id='word_1_93' title='bbox 976 984 1283 1062; x_wconf 88' lang='lat' dir='ltr'><strong><em>possimus</em></strong></span> <span class='ocrx_word' id='word_1_94' title='bbox 1305 984 1557 1062; x_wconf 73' lang='lat' dir='ltr'><strong><em>implere</em></strong></span> <span class='ocrx_word' id='word_1_95' title='bbox 1584 1003 1718 1061; x_wconf 69' lang='lat' dir='ltr'><strong><em>qua!</em></strong></span> <span class='ocrx_word' id='word_1_96' title='bbox 1744 984 2048 1046; x_wconf 72' lang='lat' dir='ltr'><strong><em>volumus.</em></strong></span> <span class='ocrx_word' id='word_1_97' title='bbox 2082 985 2498 1046; x_wconf 72' lang='lat' dir='ltr'><strong><em>Praveniente</em></strong></span> <span class='ocrx_word' id='word_1_98' title='bbox 2524 1001 2679 1060; x_wconf 27' lang='lat' dir='ltr'><strong><em>ergo.</em></strong></span> <span class='ocrx_word' id='word_1_99' title='bbox 2700 984 2932 1058; x_wconf 86' lang='lat' dir='ltr'><strong><em>gratia,</em></strong></span> <span class='ocrx_word' id='word_1_100' title='bbox 2963 994 3015 1042; x_wconf 88' lang='lat' dir='ltr'><strong><em>et</em></strong></span> <span class='ocrx_word' id='word_1_101' title='bbox 3045 984 3206 1043; x_wconf 90' lang='lat' dir='ltr'><strong><em>bona</em></strong></span> <span class='ocrx_word' id='word_1_102' title='bbox 3240 986 3560 1047; x_wconf 76' lang='lat' dir='ltr'><strong><em>voluntate</em></strong></span> <span class='ocrx_word' id='word_1_103' title='bbox 3580 986 3793 1045; x_wconf 82' lang='lat' dir='ltr'><strong><em>subse-</em></strong></span> 
     </span>
    </p>
   </div>
   <div class='ocr_carea' id='block_1_9' title="bbox 535 1083 3794 1163">
    <p class='ocr_par' dir='ltr' id='par_1_9' title="bbox 535 1083 3794 1163">
     <span class='ocr_line' id='line_1_9' title="bbox 535 1083 3794 1163; baseline 0.001 -22"><span class='ocrx_word' id='word_1_104' title='bbox 535 1091 775 1159; x_wconf 87' lang='lat' dir='ltr'><strong><em>quente,</em></strong></span> <span class='ocrx_word' id='word_1_105' title='bbox 804 1084 919 1144; x_wconf 84' lang='lat' dir='ltr'><strong><em>hoc</em></strong></span> <span class='ocrx_word' id='word_1_106' title='bbox 939 1084 1107 1163; x_wconf 89' lang='lat' dir='ltr'><strong><em>quod</em></strong></span> <span class='ocrx_word' id='word_1_107' title='bbox 1134 1086 1573 1161; x_wconf 86' lang='lat' dir='ltr'><strong><em>omnipotentis</em></strong></span> <span class='ocrx_word' id='word_1_108' title='bbox 1604 1087 1714 1145; x_wconf 78' lang='lat' dir='ltr'><strong><em>Dei</em></strong></span> <span class='ocrx_word' id='word_1_109' title='bbox 1746 1085 1977 1147; x_wconf 85' lang='lat' dir='ltr'><strong><em>donum</em></strong></span> <span class='ocrx_word' id='word_1_110' title='bbox 2025 1094 2136 1161; x_wconf 77' lang='lat' dir='ltr'><strong><em>est,</em></strong></span> <span class='ocrx_word' id='word_1_111' title='bbox 2168 1088 2237 1163; x_wconf 80' lang='lat' dir='ltr'><strong><em>ﬁt</em></strong></span> <span class='ocrx_word' id='word_1_112' title='bbox 2264 1086 2547 1144; x_wconf 88' lang='lat' dir='ltr'><strong><em>meritum</em></strong></span> <span class='ocrx_word' id='word_1_113' title='bbox 2592 1092 2900 1144; x_wconf 86' lang='lat' dir='ltr'><strong><em>nostrum.</em></strong></span> <span class='ocrx_word' id='word_1_114' title='bbox 2945 1083 3130 1158; x_wconf 85' lang='lat' dir='ltr'><strong><em>Quod</em></strong></span> <span class='ocrx_word' id='word_1_115' title='bbox 3170 1085 3313 1145; x_wconf 85' lang='lat' dir='ltr'><strong><em>bene</em></strong></span> <span class='ocrx_word' id='word_1_116' title='bbox 3361 1084 3593 1145; x_wconf 83' lang='lat' dir='ltr'><strong><em>Paulus</em></strong></span> <span class='ocrx_word' id='word_1_117' title='bbox 3625 1084 3794 1145; x_wconf 72' lang='lat' dir='ltr'><strong><em>brevi</em></strong></span> 
     </span>
    </p>
   </div>
   <div class='ocr_carea' id='block_1_10' title="bbox 534 1180 3792 1259">
    <p class='ocr_par' dir='ltr' id='par_1_10' title="bbox 534 1180 3792 1259">
     <span class='ocr_line' id='line_1_10' title="bbox 534 1180 3792 1259; baseline 0.001 -20"><span class='ocrx_word' id='word_1_118' title='bbox 534 1181 840 1240; x_wconf 85' lang='lat' dir='ltr'><strong><em>sententia</em></strong></span> <span class='ocrx_word' id='word_1_119' title='bbox 868 1182 1167 1259; x_wconf 71' lang='lat' dir='ltr'><strong><em>explicat,</em></strong></span> <span class='ocrx_word' id='word_1_120' title='bbox 1199 1180 1409 1242; x_wconf 88' lang='lat' dir='ltr'><strong><em>dicens</em></strong></span> <span class='ocrx_word' id='word_1_121' title='bbox 1433 1203 1451 1241; x_wconf 93' lang='lat'><strong><em>:</em></strong></span> <span class='ocrx_word' id='word_1_122' title='bbox 1474 1182 1629 1243; x_wconf 87' lang='lat' dir='ltr'><strong><em>Plus</em></strong></span> <span class='ocrx_word' id='word_1_123' title='bbox 1651 1182 1781 1242; x_wconf 90' lang='lat' dir='ltr'><strong><em>illis</em></strong></span> <span class='ocrx_word' id='word_1_124' title='bbox 1805 1182 2086 1243; x_wconf 79' lang='lat' dir='ltr'><strong><em>omnibus</em></strong></span> <span class='ocrx_word' id='word_1_125' title='bbox 2113 1182 2419 1242; x_wconf 74' lang='lat' dir='ltr'><strong><em>laboraui.</em></strong></span> <span class='ocrx_word' id='word_1_126' title='bbox 2450 1182 2574 1256; x_wconf 85' lang='lat' dir='ltr'><strong><em>Qui</em></strong></span> <span class='ocrx_word' id='word_1_127' title='bbox 2609 1200 2683 1241; x_wconf 88' lang='lat' dir='ltr'><strong><em>ne</em></strong></span> <span class='ocrx_word' id='word_1_128' title='bbox 2725 1200 2850 1243; x_wconf 64' lang='lat' dir='ltr'><strong><em>sure</em></strong></span> <span class='ocrx_word' id='word_1_129' title='bbox 2871 1183 3184 1242; x_wconf 69' lang='lat' dir='ltr'><strong><em>videretur</em></strong></span> <span class='ocrx_word' id='word_1_130' title='bbox 3226 1183 3457 1242; x_wconf 76' lang='lat' dir='ltr'><strong><em>virtuti</em></strong></span> <span class='ocrx_word' id='word_1_131' title='bbox 3501 1183 3792 1245; x_wconf 80' lang='lat' dir='ltr'><strong><em>tribuisse</em></strong></span> 
     </span>
    </p>
   </div>
   <div class='ocr_carea' id='block_1_11' title="bbox 536 1280 3792 1361">
    <p class='ocr_par' dir='ltr' id='par_1_11' title="bbox 536 1280 3792 1361">
     <span class='ocr_line' id='line_1_11' title="bbox 536 1280 3792 1361; baseline 0.001 -20"><span class='ocrx_word' id='word_1_132' title='bbox 536 1280 707 1358; x_wconf 82' lang='lat' dir='ltr'><strong><em>quod</em></strong></span> <span class='ocrx_word' id='word_1_133' title='bbox 732 1283 957 1359; x_wconf 85' lang='lat' dir='ltr'><strong><em>fecerat</em></strong></span> <span class='ocrx_word' id='word_1_134' title='bbox 985 1325 1001 1354; x_wconf 94' lang='lat'><strong><em>,</em></strong></span> <span class='ocrx_word' id='word_1_135' title='bbox 1031 1282 1330 1358; x_wconf 68' lang='lat' dir='ltr'><strong><em>adiunxit</em></strong></span> <span class='ocrx_word' id='word_1_136' title='bbox 1352 1302 1375 1343; x_wconf 90' lang='lat'><strong><em>:</em></strong></span> <span class='ocrx_word' id='word_1_137' title='bbox 1407 1281 1555 1342; x_wconf 87' lang='lat' dir='ltr'><strong><em>Non</em></strong></span> <span class='ocrx_word' id='word_1_138' title='bbox 1584 1288 1788 1342; x_wconf 84' lang='lat' dir='ltr'><strong><em>autem</em></strong></span> <span class='ocrx_word' id='word_1_139' title='bbox 1816 1300 1952 1361; x_wconf 90' lang='lat' dir='ltr'><strong><em>ego,</em></strong></span> <span class='ocrx_word' id='word_1_140' title='bbox 1976 1282 2086 1341; x_wconf 91' lang='lat' dir='ltr'><strong><em>sed</em></strong></span> <span class='ocrx_word' id='word_1_141' title='bbox 2104 1282 2316 1360; x_wconf 85' lang='lat' dir='ltr'><strong><em>gratia</em></strong></span> <span class='ocrx_word' id='word_1_142' title='bbox 2350 1281 2462 1341; x_wconf 94' lang='lat' dir='ltr'><strong><em>Dei</em></strong></span> <span class='ocrx_word' id='word_1_143' title='bbox 2491 1301 2744 1342; x_wconf 88' lang='lat' dir='ltr'><strong><em>mecum.</em></strong></span> <span class='ocrx_word' id='word_1_144' title='bbox 2774 1282 2937 1356; x_wconf 78' lang='lat' dir='ltr'><strong><em>Quia</em></strong></span> <span class='ocrx_word' id='word_1_145' title='bbox 2966 1283 3124 1341; x_wconf 88' lang='lat' dir='ltr'><strong><em>enim</em></strong></span> <span class='ocrx_word' id='word_1_146' title='bbox 3171 1283 3393 1344; x_wconf 61' lang='lat' dir='ltr'><strong><em>caelesti</em></strong></span> <span class='ocrx_word' id='word_1_147' title='bbox 3420 1283 3583 1342; x_wconf 87' lang='lat' dir='ltr'><strong><em>dono</em></strong></span> <span class='ocrx_word' id='word_1_148' title='bbox 3632 1301 3792 1359; x_wconf 69' lang='lat' dir='ltr'><strong><em>prer-</em></strong></span> 
     </span>
    </p>
   </div>
   <div class='ocr_carea' id='block_1_12' title="bbox 537 1379 3792 1459">
    <p class='ocr_par' dir='ltr' id='par_1_12' title="bbox 537 1379 3792 1459">
     <span class='ocr_line' id='line_1_12' title="bbox 537 1379 3792 1459; baseline 0 -20"><span class='ocrx_word' id='word_1_149' title='bbox 537 1386 754 1439; x_wconf 75' lang='lat' dir='ltr'><strong><em>nentus</em></strong></span> <span class='ocrx_word' id='word_1_150' title='bbox 784 1388 897 1451; x_wconf 86' lang='lat' dir='ltr'><strong><em>est,</em></strong></span> <span class='ocrx_word' id='word_1_151' title='bbox 932 1380 1113 1458; x_wconf 85' lang='lat' dir='ltr'><strong><em>quasi</em></strong></span> <span class='ocrx_word' id='word_1_152' title='bbox 1141 1379 1412 1441; x_wconf 81' lang='lat' dir='ltr'><strong><em>alienum</em></strong></span> <span class='ocrx_word' id='word_1_153' title='bbox 1440 1397 1502 1438; x_wconf 92' lang='lat' dir='ltr'><strong><em>se</em></strong></span> <span class='ocrx_word' id='word_1_154' title='bbox 1527 1401 1561 1437; x_wconf 72' lang='grc' dir='ltr'><strong><em>ιι</em></strong></span> <span class='ocrx_word' id='word_1_155' title='bbox 1586 1379 1745 1439; x_wconf 88' lang='lat' dir='ltr'><strong><em>bono</em></strong></span> <span class='ocrx_word' id='word_1_156' title='bbox 1778 1399 1893 1441; x_wconf 88' lang='lat' dir='ltr'><strong><em>suo</em></strong></span> <span class='ocrx_word' id='word_1_157' title='bbox 1925 1399 2103 1459; x_wconf 88' lang='lat' dir='ltr'><strong><em>opere</em></strong></span> <span class='ocrx_word' id='word_1_158' title='bbox 2136 1380 2423 1457; x_wconf 86' lang='lat' dir='ltr'><strong><em>agnovit,</em></strong></span> <span class='ocrx_word' id='word_1_159' title='bbox 2456 1381 2699 1441; x_wconf 87' lang='lat' dir='ltr'><strong><em>dicens:</em></strong></span> <span class='ocrx_word' id='word_1_160' title='bbox 2724 1381 2871 1441; x_wconf 87' lang='lat' dir='ltr'><strong><em>Non</em></strong></span> <span class='ocrx_word' id='word_1_161' title='bbox 2898 1391 3099 1439; x_wconf 86' lang='lat' dir='ltr'><strong><em>autem</em></strong></span> <span class='ocrx_word' id='word_1_162' title='bbox 3133 1400 3267 1457; x_wconf 87' lang='lat' dir='ltr'><strong><em>ego.</em></strong></span> <span class='ocrx_word' id='word_1_163' title='bbox 3308 1381 3429 1440; x_wconf 83' lang='lat' dir='ltr'><strong><em>Sed</em></strong></span> <span class='ocrx_word' id='word_1_164' title='bbox 3461 1382 3606 1459; x_wconf 80' lang='lat' dir='ltr'><strong><em>quia</em></strong></span> <span class='ocrx_word' id='word_1_165' title='bbox 3628 1399 3792 1458; x_wconf 79' lang='lat' dir='ltr'><strong><em>prce-</em></strong></span> 
     </span>
    </p>
   </div>
   <div class='ocr_carea' id='block_1_13' title="bbox 539 1476 3791 1557">
    <p class='ocr_par' dir='ltr' id='par_1_13' title="bbox 539 1476 3791 1557">
     <span class='ocr_line' id='line_1_13' title="bbox 539 1476 3791 1557; baseline 0 -19"><span class='ocrx_word' id='word_1_166' title='bbox 539 1480 786 1541; x_wconf 79' lang='lat' dir='ltr'><strong><em>oeniens</em></strong></span> <span class='ocrx_word' id='word_1_167' title='bbox 813 1478 1024 1556; x_wconf 86' lang='lat' dir='ltr'><strong><em>gratia</em></strong></span> <span class='ocrx_word' id='word_1_168' title='bbox 1058 1476 1315 1537; x_wconf 88' lang='lat' dir='ltr'><strong><em>liberum</em></strong></span> <span class='ocrx_word' id='word_1_169' title='bbox 1337 1477 1404 1537; x_wconf 90' lang='lat' dir='ltr'><strong><em>in</em></strong></span> <span class='ocrx_word' id='word_1_170' title='bbox 1434 1496 1498 1536; x_wconf 90' lang='lat' dir='ltr'><strong><em>eo</em></strong></span> <span class='ocrx_word' id='word_1_171' title='bbox 1521 1476 1855 1537; x_wconf 80' lang='lat' dir='ltr'><strong><em>arbitrium</em></strong></span> <span class='ocrx_word' id='word_1_172' title='bbox 1876 1480 2113 1556; x_wconf 84' lang='lat' dir='ltr'><strong><em>fecerat</em></strong></span> <span class='ocrx_word' id='word_1_173' title='bbox 2141 1480 2209 1540; x_wconf 89' lang='lat' dir='ltr'><strong><em>in</em></strong></span> <span class='ocrx_word' id='word_1_174' title='bbox 2234 1479 2485 1547; x_wconf 88' lang='lat' dir='ltr'><strong><em>bonum,</em></strong></span> <span class='ocrx_word' id='word_1_175' title='bbox 2517 1498 2637 1557; x_wconf 87' lang='lat' dir='ltr'><strong><em>quo</em></strong></span> <span class='ocrx_word' id='word_1_176' title='bbox 2668 1478 2860 1541; x_wconf 89' lang='lat' dir='ltr'><strong><em>libero</em></strong></span> <span class='ocrx_word' id='word_1_177' title='bbox 2910 1480 3176 1539; x_wconf 83' lang='lat' dir='ltr'><strong><em>arbitrio</em></strong></span> <span class='ocrx_word' id='word_1_178' title='bbox 3217 1480 3479 1538; x_wconf 81' lang='lat' dir='ltr'><strong><em>eamdem</em></strong></span> <span class='ocrx_word' id='word_1_179' title='bbox 3523 1482 3791 1556; x_wconf 88' lang='lat' dir='ltr'><strong><em>gratiam</em></strong></span> 
     </span>
    </p>
   </div>
   <div class='ocr_carea' id='block_1_14' title="bbox 536 1576 3790 1656">
    <p class='ocr_par' dir='ltr' id='par_1_14' title="bbox 536 1576 3790 1656">
     <span class='ocr_line' id='line_1_14' title="bbox 536 1576 3790 1656; baseline 0 -18"><span class='ocrx_word' id='word_1_180' title='bbox 536 1587 622 1638; x_wconf 83' lang='lat' dir='ltr'><strong><em>est</em></strong></span> <span class='ocrx_word' id='word_1_181' title='bbox 650 1577 1010 1639; x_wconf 68' lang='lat' dir='ltr'><strong><em>subsecutus</em></strong></span> <span class='ocrx_word' id='word_1_182' title='bbox 1036 1577 1104 1636; x_wconf 87' lang='lat' dir='ltr'><strong><em>in</em></strong></span> <span class='ocrx_word' id='word_1_183' title='bbox 1133 1593 1343 1655; x_wconf 84' lang='lat' dir='ltr'><strong><em>opere,</em></strong></span> <span class='ocrx_word' id='word_1_184' title='bbox 1368 1576 1664 1654; x_wconf 75' lang='lat' dir='ltr'><strong><em>adjunxit</em></strong></span> <span class='ocrx_word' id='word_1_185' title='bbox 1692 1598 1712 1635; x_wconf 92' lang='lat'><strong><em>:</em></strong></span> <span class='ocrx_word' id='word_1_186' title='bbox 1744 1578 1869 1639; x_wconf 89' lang='lat' dir='ltr'><strong><em>Sed</em></strong></span> <span class='ocrx_word' id='word_1_187' title='bbox 1894 1580 2106 1656; x_wconf 80' lang='lat' dir='ltr'><strong><em>gratia</em></strong></span> <span class='ocrx_word' id='word_1_188' title='bbox 2132 1582 2243 1642; x_wconf 87' lang='lat' dir='ltr'><strong><em>Dei</em></strong></span> <span class='ocrx_word' id='word_1_189' title='bbox 2272 1598 2525 1640; x_wconf 88' lang='lat' dir='ltr'><strong><em>mecum.</em></strong></span> <span class='ocrx_word' id='word_1_190' title='bbox 2560 1585 2644 1640; x_wconf 83' lang='lat' dir='ltr'><strong><em>Ac</em></strong></span> <span class='ocrx_word' id='word_1_191' title='bbox 2682 1579 2737 1637; x_wconf 88' lang='lat' dir='ltr'><strong><em>si</em></strong></span> <span class='ocrx_word' id='word_1_192' title='bbox 2764 1579 3038 1641; x_wconf 88' lang='lat' dir='ltr'><strong><em>diceret:</em></strong></span> <span class='ocrx_word' id='word_1_193' title='bbox 3068 1580 3147 1637; x_wconf 89' lang='lat' dir='ltr'><strong><em>In</em></strong></span> <span class='ocrx_word' id='word_1_194' title='bbox 3175 1577 3333 1637; x_wconf 86' lang='lat' dir='ltr'><strong><em>bono</em></strong></span> <span class='ocrx_word' id='word_1_195' title='bbox 3396 1596 3573 1656; x_wconf 83' lang='lat' dir='ltr'><strong><em>opere</em></strong></span> <span class='ocrx_word' id='word_1_196' title='bbox 3610 1580 3790 1639; x_wconf 86' lang='lat' dir='ltr'><strong><em>labo-</em></strong></span> 
     </span>
    </p>
   </div>
   <div class='ocr_carea' id='block_1_15' title="bbox 536 1677 3789 1757">
    <p class='ocr_par' dir='ltr' id='par_1_15' title="bbox 536 1677 3789 1757">
     <span class='ocr_line' id='line_1_15' title="bbox 536 1677 3789 1757; baseline -0 -18"><span class='ocrx_word' id='word_1_197' title='bbox 536 1680 700 1752; x_wconf 81' lang='lat' dir='ltr'><strong><em>ravi,</em></strong></span> <span class='ocrx_word' id='word_1_198' title='bbox 726 1697 854 1740; x_wconf 90' lang='lat' dir='ltr'><strong><em>non</em></strong></span> <span class='ocrx_word' id='word_1_199' title='bbox 884 1698 1019 1756; x_wconf 85' lang='lat' dir='ltr'><strong><em>ego,</em></strong></span> <span class='ocrx_word' id='word_1_200' title='bbox 1048 1677 1153 1739; x_wconf 88' lang='lat' dir='ltr'><strong><em>sed</em></strong></span> <span class='ocrx_word' id='word_1_201' title='bbox 1180 1686 1233 1737; x_wconf 89' lang='lat' dir='ltr'><strong><em>et</em></strong></span> <span class='ocrx_word' id='word_1_202' title='bbox 1266 1694 1397 1754; x_wconf 85' lang='lat' dir='ltr'><strong><em>ego.</em></strong></span> <span class='ocrx_word' id='word_1_203' title='bbox 1436 1679 1514 1737; x_wconf 91' lang='lat' dir='ltr'><strong><em>In</em></strong></span> <span class='ocrx_word' id='word_1_204' title='bbox 1533 1678 1649 1738; x_wconf 87' lang='lat' dir='ltr'><strong><em>hoc</em></strong></span> <span class='ocrx_word' id='word_1_205' title='bbox 1670 1679 1827 1738; x_wconf 81' lang='lat' dir='ltr'><strong><em>enim</em></strong></span> <span class='ocrx_word' id='word_1_206' title='bbox 1856 1680 2023 1757; x_wconf 90' lang='lat' dir='ltr'><strong><em>quod</em></strong></span> <span class='ocrx_word' id='word_1_207' title='bbox 2042 1680 2174 1741; x_wconf 86' lang='lat' dir='ltr'><strong><em>solo</em></strong></span> <span class='ocrx_word' id='word_1_208' title='bbox 2207 1681 2456 1741; x_wconf 89' lang='lat' dir='ltr'><strong><em>Domini</em></strong></span> <span class='ocrx_word' id='word_1_209' title='bbox 2481 1680 2653 1739; x_wconf 86' lang='lat' dir='ltr'><strong><em>dono</em></strong></span> <span class='ocrx_word' id='word_1_210' title='bbox 2675 1686 3039 1754; x_wconf 57' lang='lat' dir='ltr'><strong><em>praeuentus</em></strong></span> <span class='ocrx_word' id='word_1_211' title='bbox 3067 1697 3221 1747; x_wconf 88' lang='lat' dir='ltr'><strong><em>sum,</em></strong></span> <span class='ocrx_word' id='word_1_212' title='bbox 3254 1698 3382 1738; x_wconf 85' lang='lat' dir='ltr'><strong><em>non</em></strong></span> <span class='ocrx_word' id='word_1_213' title='bbox 3411 1698 3521 1757; x_wconf 88' lang='lat' dir='ltr'><strong><em>ego</em></strong></span> <span class='ocrx_word' id='word_1_214' title='bbox 3545 1702 3565 1741; x_wconf 92' lang='lat'><strong><em>:</em></strong></span> <span class='ocrx_word' id='word_1_215' title='bbox 3608 1681 3677 1739; x_wconf 82' lang='lat' dir='ltr'><strong><em>in</em></strong></span> <span class='ocrx_word' id='word_1_216' title='bbox 3723 1699 3789 1738; x_wconf 91' lang='lat' dir='ltr'><strong><em>eo</em></strong></span> 
     </span>
    </p>
   </div>
   <div class='ocr_carea' id='block_1_16' title="bbox 535 1776 3790 1858">
    <p class='ocr_par' dir='ltr' id='par_1_16' title="bbox 535 1776 3790 1858">
     <span class='ocr_line' id='line_1_16' title="bbox 535 1776 3790 1858; baseline 0.001 -22"><span class='ocrx_word' id='word_1_217' title='bbox 535 1786 739 1837; x_wconf 86' lang='lat' dir='ltr'><strong><em>autem</em></strong></span> <span class='ocrx_word' id='word_1_218' title='bbox 765 1777 932 1855; x_wconf 88' lang='lat' dir='ltr'><strong><em>quod</em></strong></span> <span class='ocrx_word' id='word_1_219' title='bbox 959 1776 1188 1837; x_wconf 83' lang='lat' dir='ltr'><strong><em>donum</em></strong></span> <span class='ocrx_word' id='word_1_220' title='bbox 1210 1777 1531 1837; x_wconf 80' lang='lat' dir='ltr'><strong><em>voluntate</em></strong></span> <span class='ocrx_word' id='word_1_221' title='bbox 1562 1777 1950 1851; x_wconf 83' lang='lat' dir='ltr'><strong><em>subsecutus,</em></strong></span> <span class='ocrx_word' id='word_1_222' title='bbox 1979 1788 2037 1839; x_wconf 88' lang='lat' dir='ltr'><strong><em>et</em></strong></span> <span class='ocrx_word' id='word_1_223' title='bbox 2059 1798 2195 1858; x_wconf 75' lang='lat' dir='ltr'><strong><em>ego.</em></strong></span> <span class='ocrx_word' id='word_1_224' title='bbox 2227 1782 2345 1841; x_wconf 83' lang='lat' dir='ltr'><strong><em>His</em></strong></span> <span class='ocrx_word' id='word_1_225' title='bbox 2386 1781 2584 1857; x_wconf 80' lang='lat' dir='ltr'><strong><em>igitur</em></strong></span> <span class='ocrx_word' id='word_1_226' title='bbox 2613 1778 2879 1841; x_wconf 83' lang='lat' dir='ltr'><strong><em>breviter</em></strong></span> <span class='ocrx_word' id='word_1_227' title='bbox 2916 1788 3133 1839; x_wconf 86' lang='lat' dir='ltr'><strong><em>contra</em></strong></span> <span class='ocrx_word' id='word_1_228' title='bbox 3181 1780 3511 1858; x_wconf 81' lang='lat' dir='ltr'><strong><em>Pelagium</em></strong></span> <span class='ocrx_word' id='word_1_229' title='bbox 3549 1790 3609 1840; x_wconf 87' lang='lat' dir='ltr'><strong><em>et</em></strong></span> <span class='ocrx_word' id='word_1_230' title='bbox 3650 1780 3790 1842; x_wconf 78' lang='lat' dir='ltr'><strong><em>Ca-</em></strong></span> 
     </span>
    </p>
   </div>
   <div class='ocr_carea' id='block_1_17' title="bbox 535 1874 2173 1953">
    <p class='ocr_par' dir='ltr' id='par_1_17' title="bbox 535 1874 2173 1953">
     <span class='ocr_line' id='line_1_17' title="bbox 535 1874 2173 1953; baseline -0.001 -14"><span class='ocrx_word' id='word_1_231' title='bbox 535 1876 781 1939; x_wconf 86' lang='lat' dir='ltr'><strong><em>lestium</em></strong></span> <span class='ocrx_word' id='word_1_232' title='bbox 802 1876 1013 1950; x_wconf 88' lang='lat' dir='ltr'><strong><em>dictis,</em></strong></span> <span class='ocrx_word' id='word_1_233' title='bbox 1045 1875 1126 1935; x_wconf 88' lang='lat' dir='ltr'><strong><em>ad</em></strong></span> <span class='ocrx_word' id='word_1_234' title='bbox 1149 1874 1499 1953; x_wconf 69' lang='lat' dir='ltr'><strong><em>exponendi</em></strong></span> <span class='ocrx_word' id='word_1_235' title='bbox 1529 1876 1806 1938; x_wconf 86' lang='lat' dir='ltr'><strong><em>ordinem</em></strong></span> <span class='ocrx_word' id='word_1_236' title='bbox 1831 1877 2173 1939; x_wconf 82' lang='lat' dir='ltr'><strong><em>redeamus.</em></strong></span> 
     </span>
    </p>
   </div>
   <div class='ocr_carea' id='block_1_18' title="bbox 620 1974 3788 2054">
    <p class='ocr_par' dir='ltr' id='par_1_18' title="bbox 620 1974 3788 2054">
     <span class='ocr_line' id='line_1_18' title="bbox 620 1974 3788 2054; baseline 0.001 -22"><span class='ocrx_word' id='word_1_237' title='bbox 620 1974 705 2033; x_wconf 91' lang='lat' dir='ltr'><strong><em>De</em></strong></span> <span class='ocrx_word' id='word_1_238' title='bbox 739 1981 999 2049; x_wconf 84' lang='lat' dir='ltr'><strong><em>peccato</em></strong></span> <span class='ocrx_word' id='word_1_239' title='bbox 1030 1974 1328 2051; x_wconf 83' lang='lat' dir='ltr'><strong><em>originali</em></strong></span> <span class='ocrx_word' id='word_1_240' title='bbox 1368 1977 1431 2033; x_wconf 89' lang='lat' dir='ltr'><strong><em>in</em></strong></span> <span class='ocrx_word' id='word_1_241' title='bbox 1464 1992 1715 2035; x_wconf 88' lang='lat' dir='ltr'><strong><em>omnem</em></strong></span> <span class='ocrx_word' id='word_1_242' title='bbox 1752 1982 2045 2037; x_wconf 88' lang='lat' dir='ltr'><strong><em>naturam</em></strong></span> <span class='ocrx_word' id='word_1_243' title='bbox 2080 1978 2425 2038; x_wconf 81' lang='lat' dir='ltr'><strong><em>humanam</em></strong></span> <span class='ocrx_word' id='word_1_244' title='bbox 2482 1996 2622 2038; x_wconf 86' lang='lat' dir='ltr'><strong><em>sese</em></strong></span> <span class='ocrx_word' id='word_1_245' title='bbox 2648 1977 3060 2045; x_wconf 74' lang='lat' dir='ltr'><strong><em>diffundente,</em></strong></span> <span class='ocrx_word' id='word_1_246' title='bbox 3100 1975 3282 2054; x_wconf 80' lang='lat' dir='ltr'><strong><em>eujns</em></strong></span> <span class='ocrx_word' id='word_1_247' title='bbox 3316 1981 3527 2034; x_wconf 80' lang='lat' dir='ltr'><strong><em>tamen</em></strong></span> <span class='ocrx_word' id='word_1_248' title='bbox 3559 1994 3788 2053; x_wconf 81' lang='lat' dir='ltr'><strong><em>expers</em></strong></span> 
     </span>
    </p>
   </div>
   <div class='ocr_carea' id='block_1_19' title="bbox 537 2072 3786 2153">
    <p class='ocr_par' dir='ltr' id='par_1_19' title="bbox 537 2072 3786 2153">
     <span class='ocr_line' id='line_1_19' title="bbox 537 2072 3786 2153; baseline 0.002 -23"><span class='ocrx_word' id='word_1_249' title='bbox 537 2072 850 2148; x_wconf 73' lang='lat' dir='ltr'><strong><em>Christus,</em></strong></span> <span class='ocrx_word' id='word_1_250' title='bbox 883 2076 1023 2153; x_wconf 85' lang='lat' dir='ltr'><strong><em>lege</em></strong></span> <span class='ocrx_word' id='word_1_251' title='bbox 1060 2075 1168 2135; x_wconf 90' lang='lat' dir='ltr'><strong><em>lib.</em></strong></span> <span class='ocrx_word' id='word_1_252' title='bbox 1197 2091 1358 2133; x_wconf 82' lang='lat' dir='ltr'><strong><em>xvm</em></strong></span> <span class='ocrx_word' id='word_1_253' title='bbox 1394 2074 1648 2147; x_wconf 77' lang='lat' dir='ltr'><strong><em>Moral.,</em></strong></span> <span class='ocrx_word' id='word_1_254' title='bbox 1679 2093 1854 2135; x_wconf 90' lang='lat' dir='ltr'><strong><em>num.</em></strong></span> <span class='ocrx_word' id='word_1_255' title='bbox 1884 2075 1984 2145; x_wconf 74' lang='lat' dir='ltr'><strong><em>81s,</em></strong></span> <span class='ocrx_word' id='word_1_256' title='bbox 2020 2084 2081 2136; x_wconf 89' lang='lat' dir='ltr'><strong><em>et</em></strong></span> <span class='ocrx_word' id='word_1_257' title='bbox 2110 2077 2279 2137; x_wconf 89' lang='lat' dir='ltr'><strong><em>hom.</em></strong></span> <span class='ocrx_word' id='word_1_258' title='bbox 2308 2077 2371 2150; x_wconf 92' lang='lat'><strong><em>8,</em></strong></span> <span class='ocrx_word' id='word_1_259' title='bbox 2409 2078 2516 2137; x_wconf 84' lang='lat' dir='ltr'><strong><em>lib.</em></strong></span> <span class='ocrx_word' id='word_1_260' title='bbox 2543 2095 2563 2135; x_wconf 92' lang='grc' dir='ltr'><strong><em>ι</em></strong></span> <span class='ocrx_word' id='word_1_261' title='bbox 2596 2079 2657 2135; x_wconf 91' lang='lat' dir='ltr'><strong><em>in</em></strong></span> <span class='ocrx_word' id='word_1_262' title='bbox 2691 2078 3109 2149; x_wconf 83' lang='lat' dir='ltr'><strong><em>Ezechielem,</em></strong></span> <span class='ocrx_word' id='word_1_263' title='bbox 3147 2096 3321 2136; x_wconf 87' lang='lat' dir='ltr'><strong><em>num.</em></strong></span> <span class='ocrx_word' id='word_1_264' title='bbox 3350 2076 3450 2135; x_wconf 76' lang='lat'><strong><em>21.</em></strong></span> <span class='ocrx_word' id='word_1_265' title='bbox 3489 2076 3573 2135; x_wconf 85' lang='lat' dir='ltr'><strong><em>De</em></strong></span> <span class='ocrx_word' id='word_1_266' title='bbox 3606 2095 3786 2152; x_wconf 71' lang='lat' dir='ltr'><strong><em>pteua</em></strong></span> 
     </span>
    </p>
   </div>
   <div class='ocr_carea' id='block_1_20' title="bbox 538 2173 3778 2255">
    <p class='ocr_par' dir='ltr' id='par_1_20' title="bbox 538 2173 3778 2255">
     <span class='ocr_line' id='line_1_20' title="bbox 538 2173 3778 2255; baseline 0.001 -22"><span class='ocrx_word' id='word_1_267' title='bbox 538 2174 686 2235; x_wconf 85' lang='lat' dir='ltr'><strong><em>huic</em></strong></span> <span class='ocrx_word' id='word_1_268' title='bbox 710 2181 969 2251; x_wconf 85' lang='lat' dir='ltr'><strong><em>peccato</em></strong></span> <span class='ocrx_word' id='word_1_269' title='bbox 998 2175 1189 2236; x_wconf 86' lang='lat' dir='ltr'><strong><em>etiam</em></strong></span> <span class='ocrx_word' id='word_1_270' title='bbox 1210 2173 1276 2233; x_wconf 91' lang='lat' dir='ltr'><strong><em>in</em></strong></span> <span class='ocrx_word' id='word_1_271' title='bbox 1308 2174 1658 2235; x_wconf 87' lang='lat' dir='ltr'><strong><em>iulantibus</em></strong></span> <span class='ocrx_word' id='word_1_272' title='bbox 1688 2174 1898 2237; x_wconf 88' lang='lat' dir='ltr'><strong><em>debita</em></strong></span> <span class='ocrx_word' id='word_1_273' title='bbox 1934 2176 2333 2239; x_wconf 74' lang='lat' dir='ltr'><strong><em>consulendo.</em></strong></span> <span class='ocrx_word' id='word_1_274' title='bbox 2356 2177 2638 2255; x_wconf 66' lang='lat' dir='ltr'><strong><em>prwlatio</em></strong></span> <span class='ocrx_word' id='word_1_275' title='bbox 2668 2179 2813 2239; x_wconf 83' lang='lat' dir='ltr'><strong><em>libri</em></strong></span> <span class='ocrx_word' id='word_1_276' title='bbox 2859 2196 2921 2239; x_wconf 78' lang='grc' dir='ltr'><strong>ιν</strong></span> <span class='ocrx_word' id='word_1_277' title='bbox 2948 2179 3203 2253; x_wconf 80' lang='lat' dir='ltr'><strong><em>Moral.,</em></strong></span> <span class='ocrx_word' id='word_1_278' title='bbox 3228 2195 3285 2238; x_wconf 89' lang='lat' dir='ltr'><strong><em>c.</em></strong></span> <span class='ocrx_word' id='word_1_279' title='bbox 3321 2177 3384 2251; x_wconf 91' lang='lat'><strong><em>3,</em></strong></span> <span class='ocrx_word' id='word_1_280' title='bbox 3420 2183 3491 2237; x_wconf 88' lang='lat' dir='ltr'><strong><em>et</em></strong></span> <span class='ocrx_word' id='word_1_281' title='bbox 3535 2177 3661 2237; x_wconf 87' lang='lat' dir='ltr'><strong><em>lib..</em></strong></span> <span class='ocrx_word' id='word_1_282' title='bbox 3693 2195 3778 2249; x_wconf 79' lang='lat' dir='ltr'><strong><em>ix,</em></strong></span> 
     </span>
    </p>
   </div>
   <div class='ocr_carea' id='block_1_21' title="bbox 540 2274 855 2334">
    <p class='ocr_par' dir='ltr' id='par_1_21' title="bbox 540 2274 855 2334">
     <span class='ocr_line' id='line_1_21' title="bbox 540 2274 855 2334; baseline 0.006 -3"><span class='ocrx_word' id='word_1_283' title='bbox 540 2292 719 2333; x_wconf 84' lang='lat' dir='ltr'><strong><em>num.</em></strong></span> <span class='ocrx_word' id='word_1_284' title='bbox 756 2274 855 2334; x_wconf 80' lang='lat'><strong><em>32.</em></strong></span> 
     </span>
    </p>
   </div>
   <div class='ocr_carea' id='block_1_22' title="bbox 620 2370 3229 2449">
    <p class='ocr_par' dir='ltr' id='par_1_22' title="bbox 620 2370 3229 2449">
     <span class='ocr_line' id='line_1_22' title="bbox 620 2370 3229 2449; baseline 0.001 -18"><span class='ocrx_word' id='word_1_285' title='bbox 620 2371 1242 2432; x_wconf 74' lang='lat' dir='ltr'><strong><em>Prtedestinattonem</em></strong></span> <span class='ocrx_word' id='word_1_286' title='bbox 1273 2370 1618 2449; x_wconf 83' lang='lat' dir='ltr'><strong><em>gratuitam</em></strong></span> <span class='ocrx_word' id='word_1_287' title='bbox 1648 2372 1829 2433; x_wconf 84' lang='lat' dir='ltr'><strong><em>docet</em></strong></span> <span class='ocrx_word' id='word_1_288' title='bbox 1865 2372 2027 2433; x_wconf 89' lang='lat' dir='ltr'><strong><em>liber</em></strong></span> <span class='ocrx_word' id='word_1_289' title='bbox 2058 2392 2188 2434; x_wconf 78' lang='lat' dir='ltr'><strong><em>xxv</em></strong></span> <span class='ocrx_word' id='word_1_290' title='bbox 2224 2373 2595 2435; x_wconf 81' lang='lat' dir='ltr'><strong><em>earumdem</em></strong></span> <span class='ocrx_word' id='word_1_291' title='bbox 2630 2374 2886 2445; x_wconf 87' lang='lat' dir='ltr'><strong><em>Moral.,</em></strong></span> <span class='ocrx_word' id='word_1_292' title='bbox 2920 2393 3096 2435; x_wconf 91' lang='lat' dir='ltr'><strong><em>num.</em></strong></span> <span class='ocrx_word' id='word_1_293' title='bbox 3129 2374 3229 2436; x_wconf 76' lang='grc'><strong><em>32.</em></strong></span> 
     </span>
    </p>
   </div>
   <div class='ocr_carea' id='block_1_23' title="bbox 620 2467 3788 2550">
    <p class='ocr_par' dir='ltr' id='par_1_23' title="bbox 620 2467 3788 2550">
     <span class='ocr_line' id='line_1_23' title="bbox 620 2467 3788 2550; baseline 0.001 -22"><span class='ocrx_word' id='word_1_294' title='bbox 620 2469 763 2528; x_wconf 81' lang='grc' dir='ltr'><strong>ΧΙΙ.</strong></span> <span class='ocrx_word' id='word_1_295' title='bbox 824 2469 993 2543; x_wconf 87' lang='lat' dir='ltr'><strong><em>Quid</em></strong></span> <span class='ocrx_word' id='word_1_296' title='bbox 1039 2470 1296 2530; x_wconf 84' lang='lat' dir='ltr'><strong><em>senserit</em></strong></span> <span class='ocrx_word' id='word_1_297' title='bbox 1346 2470 1418 2530; x_wconf 91' lang='lat' dir='ltr'><strong><em>S.</em></strong></span> <span class='ocrx_word' id='word_1_298' title='bbox 1452 2467 1799 2546; x_wconf 82' lang='lat' dir='ltr'><strong><em>Gregorius</em></strong></span> <span class='ocrx_word' id='word_1_299' title='bbox 1827 2471 1898 2531; x_wconf 86' lang='lat' dir='ltr'><strong><em>de</em></strong></span> <span class='ocrx_word' id='word_1_300' title='bbox 1949 2470 2333 2534; x_wconf 88' lang='lat' dir='ltr'><strong><em>beatitudine</em></strong></span> <span class='ocrx_word' id='word_1_301' title='bbox 2380 2482 2743 2534; x_wconf 90' lang='lat' dir='ltr'><strong><em>sanctarum</em></strong></span> <span class='ocrx_word' id='word_1_302' title='bbox 2793 2484 2939 2550; x_wconf 85' lang='lat' dir='ltr'><strong><em>post</em></strong></span> <span class='ocrx_word' id='word_1_303' title='bbox 2980 2484 3261 2535; x_wconf 82' lang='lat' dir='ltr'><strong><em>mortem.</em></strong></span> <span class='ocrx_word' id='word_1_304' title='bbox 3319 2508 3381 2519; x_wconf 90' lang='lat'>—</span> <span class='ocrx_word' id='word_1_305' title='bbox 3458 2471 3788 2534; x_wconf 82' lang='lat' dir='ltr'><strong><em>Deatitudo</em></strong></span> 
     </span>
    </p>
   </div>
   <div class='ocr_carea' id='block_1_24' title="bbox 539 2571 3784 2650">
    <p class='ocr_par' dir='ltr' id='par_1_24' title="bbox 539 2571 3784 2650">
     <span class='ocr_line' id='line_1_24' title="bbox 539 2571 3784 2650; baseline 0.001 -21"><span class='ocrx_word' id='word_1_306' title='bbox 539 2576 908 2631; x_wconf 75' lang='lat' dir='ltr'><strong><em>sanctorum</em></strong></span> <span class='ocrx_word' id='word_1_307' title='bbox 945 2571 1159 2630; x_wconf 86' lang='lat' dir='ltr'><strong><em>statim</em></strong></span> <span class='ocrx_word' id='word_1_308' title='bbox 1192 2576 1332 2646; x_wconf 90' lang='lat' dir='ltr'><strong><em>post</em></strong></span> <span class='ocrx_word' id='word_1_309' title='bbox 1363 2574 1625 2628; x_wconf 90' lang='lat' dir='ltr'><strong><em>mortem</em></strong></span> <span class='ocrx_word' id='word_1_310' title='bbox 1662 2571 1975 2631; x_wconf 88' lang='lat' dir='ltr'><strong><em>asscritur</em></strong></span> <span class='ocrx_word' id='word_1_311' title='bbox 2016 2573 2080 2632; x_wconf 90' lang='lat' dir='ltr'><strong><em>in</em></strong></span> <span class='ocrx_word' id='word_1_312' title='bbox 2130 2572 2373 2649; x_wconf 66' lang='lat' dir='ltr'><strong><em>praefat.</em></strong></span> <span class='ocrx_word' id='word_1_313' title='bbox 2407 2573 2484 2634; x_wconf 88' lang='lat' dir='ltr'><strong><em>ad</em></strong></span> <span class='ocrx_word' id='word_1_314' title='bbox 2517 2574 2710 2634; x_wconf 86' lang='lat' dir='ltr'><strong><em>libros</em></strong></span> <span class='ocrx_word' id='word_1_315' title='bbox 2755 2575 3011 2643; x_wconf 82' lang='lat' dir='ltr'><strong><em>Moral.,</em></strong></span> <span class='ocrx_word' id='word_1_316' title='bbox 3044 2593 3105 2634; x_wconf 97' lang='grc' dir='ltr'><strong><em>ιι.</em></strong></span> <span class='ocrx_word' id='word_1_317' title='bbox 3136 2575 3235 2643; x_wconf 81' lang='lat'><strong><em>20,</em></strong></span> <span class='ocrx_word' id='word_1_318' title='bbox 3288 2593 3365 2632; x_wconf 81' lang='lat' dir='ltr'><strong><em>ex</em></strong></span> <span class='ocrx_word' id='word_1_319' title='bbox 3404 2572 3663 2650; x_wconf 80' lang='lat' dir='ltr'><strong><em>Apocal.</em></strong></span> <span class='ocrx_word' id='word_1_320' title='bbox 3697 2590 3784 2640; x_wconf 72' lang='lat' dir='ltr'><strong><em>vr.</em></strong></span> 
     </span>
    </p>
   </div>
   <div class='ocr_carea' id='block_1_25' title="bbox 544 2665 3787 2747">
    <p class='ocr_par' dir='ltr' id='par_1_25' title="bbox 544 2665 3787 2747">
     <span class='ocr_line' id='line_1_25' title="bbox 544 2665 3787 2747; baseline 0.001 -23"><span class='ocrx_word' id='word_1_321' title='bbox 544 2667 608 2725; x_wconf 84' lang='lat' dir='ltr'><strong><em>ll</em></strong></span> <span class='ocrx_word' id='word_1_322' title='bbox 640 2687 657 2725; x_wconf 92' lang='lat'><strong>:</strong></span> <span class='ocrx_word' id='word_1_323' title='bbox 690 2668 773 2725; x_wconf 84' lang='lat' dir='ltr'><strong><em>Et</em></strong></span> <span class='ocrx_word' id='word_1_324' title='bbox 806 2667 1139 2727; x_wconf 53' lang='lat' dir='ltr'><strong><em>dataeusunt</em></strong></span> <span class='ocrx_word' id='word_1_325' title='bbox 1165 2666 1299 2726; x_wconf 81' lang='lat' dir='ltr'><strong><em>illis</em></strong></span> <span class='ocrx_word' id='word_1_326' title='bbox 1326 2665 1587 2744; x_wconf 70' lang='lat' dir='ltr'><strong><em>singula:</em></strong></span> <span class='ocrx_word' id='word_1_327' title='bbox 1612 2667 1788 2728; x_wconf 72' lang='lat' dir='ltr'><strong><em>stolen</em></strong></span> <span class='ocrx_word' id='word_1_328' title='bbox 1813 2667 1993 2744; x_wconf 79' lang='lat' dir='ltr'><strong><em>albw,</em></strong></span> <span class='ocrx_word' id='word_1_329' title='bbox 2015 2676 2162 2745; x_wconf 90' lang='lat' dir='ltr'><strong><em>etc.,</em></strong></span> <span class='ocrx_word' id='word_1_330' title='bbox 2197 2687 2343 2747; x_wconf 68' lang='lat' dir='ltr'><strong><em>qua:</em></strong></span> <span class='ocrx_word' id='word_1_331' title='bbox 2369 2670 2463 2731; x_wconf 85' lang='lat' dir='ltr'><strong><em>sic</em></strong></span> <span class='ocrx_word' id='word_1_332' title='bbox 2496 2672 2758 2747; x_wconf 78' lang='lat' dir='ltr'><strong><em>exponit</em></strong></span> <span class='ocrx_word' id='word_1_333' title='bbox 2788 2678 3046 2732; x_wconf 85' lang='lat' dir='ltr'><strong><em>sanctus</em></strong></span> <span class='ocrx_word' id='word_1_334' title='bbox 3087 2675 3314 2732; x_wconf 90' lang='lat' dir='ltr'><strong><em>Doctor</em></strong></span> <span class='ocrx_word' id='word_1_335' title='bbox 3344 2692 3358 2729; x_wconf 89' lang='lat'><strong>:</strong></span> <span class='ocrx_word' id='word_1_336' title='bbox 3390 2671 3546 2730; x_wconf 84' lang='lat' dir='ltr'><strong><em>Ante</em></strong></span> <span class='ocrx_word' id='word_1_337' title='bbox 3575 2686 3787 2729; x_wconf 87' lang='lat' dir='ltr'><strong><em>resur—</em></strong></span> 
     </span>
    </p>
   </div>
   <div class='ocr_carea' id='block_1_26' title="bbox 541 2766 3788 2848">
    <p class='ocr_par' dir='ltr' id='par_1_26' title="bbox 541 2766 3788 2848">
     <span class='ocr_line' id='line_1_26' title="bbox 541 2766 3788 2848; baseline 0 -24"><span class='ocrx_word' id='word_1_338' title='bbox 541 2766 873 2828; x_wconf 87' lang='lat' dir='ltr'><strong><em>rectionem</em></strong></span> <span class='ocrx_word' id='word_1_339' title='bbox 904 2768 1129 2848; x_wconf 84' lang='lat' dir='ltr'><strong><em>quippe</em></strong></span> <span class='ocrx_word' id='word_1_340' title='bbox 1146 2766 1341 2827; x_wconf 87' lang='lat' dir='ltr'><strong><em>stolas</em></strong></span> <span class='ocrx_word' id='word_1_341' title='bbox 1368 2766 1649 2846; x_wconf 86' lang='lat' dir='ltr'><strong><em>singulas</em></strong></span> <span class='ocrx_word' id='word_1_342' title='bbox 1679 2770 1982 2845; x_wconf 84' lang='lat' dir='ltr'><strong><em>accepisse</em></strong></span> <span class='ocrx_word' id='word_1_343' title='bbox 2018 2770 2174 2832; x_wconf 89' lang='lat' dir='ltr'><strong><em>dicti</em></strong></span> <span class='ocrx_word' id='word_1_344' title='bbox 2203 2776 2377 2845; x_wconf 89' lang='lat' dir='ltr'><strong><em>sunt,</em></strong></span> <span class='ocrx_word' id='word_1_345' title='bbox 2412 2770 2561 2848; x_wconf 87' lang='lat' dir='ltr'><strong><em>quia</em></strong></span> <span class='ocrx_word' id='word_1_346' title='bbox 2586 2770 2718 2831; x_wconf 92' lang='lat' dir='ltr'><strong><em>sola</em></strong></span> <span class='ocrx_word' id='word_1_347' title='bbox 2748 2770 2947 2830; x_wconf 82' lang='lat' dir='ltr'><strong><em>adhuc</em></strong></span> <span class='ocrx_word' id='word_1_348' title='bbox 2972 2771 3192 2831; x_wconf 87' lang='lat' dir='ltr'><strong><em>mentis</em></strong></span> <span class='ocrx_word' id='word_1_349' title='bbox 3228 2768 3603 2829; x_wconf 87' lang='lat' dir='ltr'><strong><em>beatitudine</em></strong></span> <span class='ocrx_word' id='word_1_350' title='bbox 3643 2783 3788 2844; x_wconf 88' lang='lat' dir='ltr'><strong><em>per-</em></strong></span> 
     </span>
    </p>
   </div>
   <div class='ocr_carea' id='block_1_27' title="bbox 540 2865 3788 2946">
    <p class='ocr_par' dir='ltr' id='par_1_27' title="bbox 540 2865 3788 2946">
     <span class='ocr_line' id='line_1_27' title="bbox 540 2865 3788 2946; baseline 0.001 -23"><span class='ocrx_word' id='word_1_351' title='bbox 540 2867 870 2943; x_wconf 81' lang='lat' dir='ltr'><strong><em>fruuntur.</em></strong></span> <span class='ocrx_word' id='word_1_352' title='bbox 907 2865 1103 2925; x_wconf 85' lang='lat' dir='ltr'><strong><em>Binas</em></strong></span> <span class='ocrx_word' id='word_1_353' title='bbox 1129 2880 1271 2942; x_wconf 89' lang='lat' dir='ltr'><strong><em>ergo</em></strong></span> <span class='ocrx_word' id='word_1_354' title='bbox 1308 2867 1629 2944; x_wconf 85' lang='lat' dir='ltr'><strong><em>accepturi</em></strong></span> <span class='ocrx_word' id='word_1_355' title='bbox 1664 2866 2127 2946; x_wconf 27' lang='lat' dir='ltr'><strong><em>sunt,,quando</em></strong></span> <span class='ocrx_word' id='word_1_356' title='bbox 2157 2886 2297 2929; x_wconf 90' lang='lat' dir='ltr'><strong><em>cum</em></strong></span> <span class='ocrx_word' id='word_1_357' title='bbox 2344 2869 2694 2928; x_wconf 89' lang='lat' dir='ltr'><strong><em>animarum</em></strong></span> <span class='ocrx_word' id='word_1_358' title='bbox 2749 2870 3023 2946; x_wconf 89' lang='lat' dir='ltr'><strong><em>perfecto</em></strong></span> <span class='ocrx_word' id='word_1_359' title='bbox 3054 2868 3309 2946; x_wconf 89' lang='lat' dir='ltr'><strong><em>gaudio,</em></strong></span> <span class='ocrx_word' id='word_1_360' title='bbox 3348 2868 3528 2927; x_wconf 87' lang='lat' dir='ltr'><strong><em>etiam</em></strong></span> <span class='ocrx_word' id='word_1_361' title='bbox 3559 2884 3788 2942; x_wconf 85' lang='lat' dir='ltr'><strong><em>corpo-</em></strong></span> 
     </span>
    </p>
   </div>
   <div class='ocr_carea' id='block_1_28' title="bbox 538 2963 2125 3042">
    <p class='ocr_par' dir='ltr' id='par_1_28' title="bbox 538 2963 2125 3042">
     <span class='ocr_line' id='line_1_28' title="bbox 538 2963 2125 3042; baseline 0 -19"><span class='ocrx_word' id='word_1_362' title='bbox 538 2981 680 3024; x_wconf 85' lang='lat' dir='ltr'><strong><em>rum</em></strong></span> <span class='ocrx_word' id='word_1_363' title='bbox 709 2963 1184 3042; x_wconf 87' lang='lat' dir='ltr'><strong><em>incorruptione</em></strong></span> <span class='ocrx_word' id='word_1_364' title='bbox 1219 2967 1589 3025; x_wconf 82' lang='lat' dir='ltr'><strong><em>vestientur.</em></strong></span> <span class='ocrx_word' id='word_1_365' title='bbox 1620 2966 1778 3026; x_wconf 88' lang='lat' dir='ltr'><strong><em>Vide</em></strong></span> <span class='ocrx_word' id='word_1_366' title='bbox 1807 2983 2066 3042; x_wconf 90' lang='lat' dir='ltr'><strong><em>quoque</em></strong></span> <span class='ocrx_word' id='word_1_367' title='bbox 2095 2965 2125 3024; x_wconf 92' lang='lat' dir='ltr'><strong><em>li</em></strong></span> 
     </span>
    </p>
   </div>
   <div class='ocr_carea' id='block_1_29' title="bbox 2202 2963 3789 3042">
    <p class='ocr_par' dir='ltr' id='par_1_29' title="bbox 2202 2964 3789 3040">
     <span class='ocr_line' id='line_1_29' title="bbox 2202 2964 3789 3040; baseline 0.001 -20"><span class='ocrx_word' id='word_1_368' title='bbox 2202 2983 2332 3034; x_wconf 76' lang='lat' dir='ltr'><strong><em>.tx,</em></strong></span> <span class='ocrx_word' id='word_1_369' title='bbox 2372 2983 2435 3023; x_wconf 90' lang='grc' dir='ltr'><strong><em>ιι.</em></strong></span> <span class='ocrx_word' id='word_1_370' title='bbox 2481 2968 2582 3035; x_wconf 87' lang='lat' dir='ltr'><strong><em>t7;</em></strong></span> <span class='ocrx_word' id='word_1_371' title='bbox 2622 2966 2733 3024; x_wconf 77' lang='grc' dir='ltr'><strong>Μ).</strong></span> <span class='ocrx_word' id='word_1_372' title='bbox 2766 2984 2968 3034; x_wconf 78' lang='lat' dir='ltr'><strong><em>xxxv,</em></strong></span> <span class='ocrx_word' id='word_1_373' title='bbox 3027 2984 3091 3024; x_wconf 93' lang='grc' dir='ltr'><strong><em>ιι.</em></strong></span> <span class='ocrx_word' id='word_1_374' title='bbox 3125 2966 3241 3040; x_wconf 79' lang='lat'><strong><em>25;</em></strong></span> <span class='ocrx_word' id='word_1_375' title='bbox 3274 2974 3330 3026; x_wconf 93' lang='lat' dir='ltr'><strong><em>et</em></strong></span> <span class='ocrx_word' id='word_1_376' title='bbox 3364 2966 3473 3024; x_wconf 90' lang='lat' dir='ltr'><strong><em>lib.</em></strong></span> <span class='ocrx_word' id='word_1_377' title='bbox 3504 2983 3565 3026; x_wconf 83' lang='lat' dir='ltr'><strong><em>Iv</em></strong></span> <span class='ocrx_word' id='word_1_378' title='bbox 3600 2964 3789 3035; x_wconf 92' lang='lat' dir='ltr'><strong><em>Dial.,</em></strong></span> 
     </span>
    </p>
   </div>
   <div class='ocr_carea' id='block_1_30' title="bbox 540 3045 3790 3142">
    <p class='ocr_par' dir='ltr' id='par_1_30' title="bbox 540 3045 3790 3142">
     <span class='ocr_line' id='line_1_30' title="bbox 540 3045 3790 3142; baseline -0.001 -17"><span class='ocrx_word' id='word_1_379' title='bbox 540 3080 595 3125; x_wconf 88' lang='lat' dir='ltr'><strong><em>c.</em></strong></span> <span class='ocrx_word' id='word_1_380' title='bbox 628 3062 727 3122; x_wconf 78' lang='lat'><strong><em>25.</em></strong></span> <span class='ocrx_word' id='word_1_381' title='bbox 755 3045 844 3125; x_wconf 82' lang='lat' dir='ltr'><strong><em>De</em></strong></span> <span class='ocrx_word' id='word_1_382' title='bbox 870 3058 1130 3124; x_wconf 78' lang='lat' dir='ltr'><strong><em>cultu&#39;et</em></strong></span> <span class='ocrx_word' id='word_1_383' title='bbox 1155 3063 1558 3124; x_wconf 83' lang='lat' dir='ltr'><strong><em>invocatione</em></strong></span> <span class='ocrx_word' id='word_1_384' title='bbox 1586 3072 1981 3140; x_wconf 88' lang='lat' dir='ltr'><strong><em>sanctorum,</em></strong></span> <span class='ocrx_word' id='word_1_385' title='bbox 2010 3064 2142 3125; x_wconf 65' lang='lat' dir='ltr'><strong><em>hinc</em></strong></span> <span class='ocrx_word' id='word_1_386' title='bbox 2168 3064 2464 3142; x_wconf 83' lang='lat' dir='ltr'><strong><em>legimus,</em></strong></span> <span class='ocrx_word' id='word_1_387' title='bbox 2493 3065 2605 3125; x_wconf 90' lang='lat' dir='ltr'><strong><em>lib.</em></strong></span> <span class='ocrx_word' id='word_1_388' title='bbox 2639 3082 2745 3123; x_wconf 72' lang='lat' dir='ltr'><strong><em>xv:</em></strong></span> <span class='ocrx_word' id='word_1_389' title='bbox 2776 3065 3025 3135; x_wconf 86' lang='lat' dir='ltr'><strong><em>Moral.,</em></strong></span> <span class='ocrx_word' id='word_1_390' title='bbox 3064 3081 3126 3124; x_wconf 91' lang='grc' dir='ltr'><strong><em>ιι.</em></strong></span> <span class='ocrx_word' id='word_1_391' title='bbox 3163 3063 3243 3122; x_wconf 74' lang='grc' dir='ltr'><strong><em>61ι</em></strong></span> <span class='ocrx_word' id='word_1_392' title='bbox 3273 3086 3289 3124; x_wconf 90' lang='lat'><strong>:</strong></span> <span class='ocrx_word' id='word_1_393' title='bbox 3337 3066 3422 3123; x_wconf 79' lang='lat' dir='ltr'><strong><em>Hi</em></strong></span> <span class='ocrx_word' id='word_1_394' title='bbox 3454 3065 3658 3141; x_wconf 86' lang='lat' dir='ltr'><strong><em>itaque</em></strong></span> <span class='ocrx_word' id='word_1_395' title='bbox 3683 3064 3790 3142; x_wconf 85' lang='lat' dir='ltr'><strong><em>qui</em></strong></span> 
     </span>
    </p>
   </div>
   <div class='ocr_carea' id='block_1_31' title="bbox 542 3156 3794 3245">
    <p class='ocr_par' dir='ltr' id='par_1_31' title="bbox 542 3156 3794 3245">
     <span class='ocr_line' id='line_1_31' title="bbox 542 3156 3794 3245; baseline -0 -20"><span class='ocrx_word' id='word_1_396' title='bbox 542 3165 617 3225; x_wconf 84' lang='lat' dir='ltr'><strong><em>de</em></strong></span> <span class='ocrx_word' id='word_1_397' title='bbox 648 3156 825 3226; x_wconf 86' lang='lat' dir='ltr'><strong><em>nullo</em></strong></span> <span class='ocrx_word' id='word_1_398' title='bbox 855 3184 968 3225; x_wconf 90' lang='lat' dir='ltr'><strong><em>suo</em></strong></span> <span class='ocrx_word' id='word_1_399' title='bbox 1001 3181 1178 3243; x_wconf 88' lang='lat' dir='ltr'><strong><em>opere</em></strong></span> <span class='ocrx_word' id='word_1_400' title='bbox 1205 3165 1554 3242; x_wconf 81' lang='lat' dir='ltr'><strong><em>conﬁdunt,</em></strong></span> <span class='ocrx_word' id='word_1_401' title='bbox 1576 3165 1659 3228; x_wconf 83' lang='lat' dir='ltr'><strong><em>ad</em></strong></span> <span class='ocrx_word' id='word_1_402' title='bbox 1683 3176 2041 3228; x_wconf 89' lang='lat' dir='ltr'><strong><em>sanctorum</em></strong></span> <span class='ocrx_word' id='word_1_403' title='bbox 2067 3169 2429 3245; x_wconf 81' lang='lat' dir='ltr'><strong><em>Martyrum</em></strong></span> <span class='ocrx_word' id='word_1_404' title='bbox 2468 3168 2914 3245; x_wconf 83' lang='lat' dir='ltr'><strong><em>protectionem</em></strong></span> <span class='ocrx_word' id='word_1_405' title='bbox 2954 3176 3244 3239; x_wconf 82' lang='lat' dir='ltr'><strong><em>currunt,</em></strong></span> <span class='ocrx_word' id='word_1_406' title='bbox 3275 3174 3461 3244; x_wconf 90' lang='lat' dir='ltr'><strong><em>atque</em></strong></span> <span class='ocrx_word' id='word_1_407' title='bbox 3488 3165 3570 3226; x_wconf 87' lang='lat' dir='ltr'><strong><em>ad</em></strong></span> <span class='ocrx_word' id='word_1_408' title='bbox 3612 3184 3794 3226; x_wconf 87' lang='lat' dir='ltr'><strong><em>sacra</em></strong></span> 
     </span>
    </p>
   </div>
   <div class='ocr_carea' id='block_1_32' title="bbox 543 3265 3792 3345">
    <p class='ocr_par' dir='ltr' id='par_1_32' title="bbox 543 3265 3792 3345">
     <span class='ocr_line' id='line_1_32' title="bbox 543 3265 3792 3345; baseline 0 -20"><span class='ocrx_word' id='word_1_409' title='bbox 543 3283 755 3327; x_wconf 90' lang='lat' dir='ltr'><strong><em>eorum</em></strong></span> <span class='ocrx_word' id='word_1_410' title='bbox 779 3283 1046 3345; x_wconf 90' lang='lat' dir='ltr'><strong><em>corpora</em></strong></span> <span class='ocrx_word' id='word_1_411' title='bbox 1073 3265 1321 3343; x_wconf 85' lang='lat' dir='ltr'><strong><em>fletibus</em></strong></span> <span class='ocrx_word' id='word_1_412' title='bbox 1351 3267 1677 3337; x_wconf 90' lang='lat' dir='ltr'><strong><em>insistunt,</em></strong></span> <span class='ocrx_word' id='word_1_413' title='bbox 1711 3270 2054 3345; x_wconf 83' lang='lat' dir='ltr'><strong><em>promereri</em></strong></span> <span class='ocrx_word' id='word_1_414' title='bbox 2078 3287 2139 3329; x_wconf 86' lang='lat' dir='ltr'><strong><em>se</em></strong></span> <span class='ocrx_word' id='word_1_415' title='bbox 2162 3268 2425 3338; x_wconf 80' lang='lat' dir='ltr'><strong><em>ceniam,</em></strong></span> <span class='ocrx_word' id='word_1_416' title='bbox 2463 3268 2547 3327; x_wconf 90' lang='lat' dir='ltr'><strong><em>eis</em></strong></span> <span class='ocrx_word' id='word_1_417' title='bbox 2576 3266 3121 3344; x_wconf 80' lang='lat' dir='ltr'><strong><em>intercedentibus,</em></strong></span> <span class='ocrx_word' id='word_1_418' title='bbox 3155 3266 3591 3345; x_wconf 86' lang='lat' dir='ltr'><strong><em>deprecantur.</em></strong></span> <span class='ocrx_word' id='word_1_419' title='bbox 3622 3266 3792 3345; x_wconf 87' lang='lat' dir='ltr'><strong><em>Lege</em></strong></span> 
     </span>
    </p>
   </div>
   <div class='ocr_carea' id='block_1_33' title="bbox 551 3364 3149 3446">
    <p class='ocr_par' dir='ltr' id='par_1_33' title="bbox 551 3364 3149 3446">
     <span class='ocr_line' id='line_1_33' title="bbox 551 3364 3149 3446; baseline 0 -19"><span class='ocrx_word' id='word_1_420' title='bbox 551 3383 813 3444; x_wconf 79' lang='lat' dir='ltr'><strong><em>quoque</em></strong></span> <span class='ocrx_word' id='word_1_421' title='bbox 842 3367 1013 3427; x_wconf 86' lang='lat' dir='ltr'><strong><em>hom.</em></strong></span> <span class='ocrx_word' id='word_1_422' title='bbox 1046 3366 1126 3424; x_wconf 80' lang='grc'><strong><em>32</em></strong></span> <span class='ocrx_word' id='word_1_423' title='bbox 1151 3367 1216 3427; x_wconf 91' lang='lat' dir='ltr'><strong><em>in</em></strong></span> <span class='ocrx_word' id='word_1_424' title='bbox 1250 3364 1525 3446; x_wconf 84' lang='lat' dir='ltr'><strong><em>Evang.,</em></strong></span> <span class='ocrx_word' id='word_1_425' title='bbox 1558 3384 1624 3427; x_wconf 90' lang='grc' dir='ltr'><strong><em>ιι.</em></strong></span> <span class='ocrx_word' id='word_1_426' title='bbox 1651 3368 1689 3427; x_wconf 85' lang='grc'>6</span> <span class='ocrx_word' id='word_1_427' title='bbox 1718 3375 1779 3427; x_wconf 91' lang='lat' dir='ltr'><strong><em>et</em></strong></span> <span class='ocrx_word' id='word_1_428' title='bbox 1804 3386 1968 3446; x_wconf 90' lang='lat' dir='ltr'><strong><em>seq.,</em></strong></span> <span class='ocrx_word' id='word_1_429' title='bbox 2001 3386 2251 3429; x_wconf 82' lang='lat' dir='ltr'><strong><em>necnon</em></strong></span> <span class='ocrx_word' id='word_1_430' title='bbox 2278 3368 2391 3429; x_wconf 91' lang='lat' dir='ltr'><strong><em>lib.</em></strong></span> <span class='ocrx_word' id='word_1_431' title='bbox 2421 3386 2469 3426; x_wconf 83' lang='grc' dir='ltr'><strong><em>ιι.</em></strong></span> <span class='ocrx_word' id='word_1_432' title='bbox 2501 3369 2773 3446; x_wconf 85' lang='lat' dir='ltr'><strong><em>Dialog.,</em></strong></span> <span class='ocrx_word' id='word_1_433' title='bbox 2811 3385 2869 3428; x_wconf 92' lang='lat' dir='ltr'><strong><em>c.</em></strong></span> <span class='ocrx_word' id='word_1_434' title='bbox 2902 3368 3149 3427; x_wconf 84' lang='lat' dir='ltr'><strong><em>ultimo.</em></strong></span> 
     </span>
    </p>
   </div>
   <div class='ocr_carea' id='block_1_34' title="bbox 621 3463 3788 3545">
    <p class='ocr_par' dir='ltr' id='par_1_34' title="bbox 621 3463 3788 3545">
     <span class='ocr_line' id='line_1_34' title="bbox 621 3463 3788 3545; baseline -0.001 -18"><span class='ocrx_word' id='word_1_435' title='bbox 621 3468 713 3527; x_wconf 87' lang='lat' dir='ltr'><strong><em>De</em></strong></span> <span class='ocrx_word' id='word_1_436' title='bbox 747 3468 889 3545; x_wconf 87' lang='lat' dir='ltr'><strong><em>igne</em></strong></span> <span class='ocrx_word' id='word_1_437' title='bbox 936 3467 1439 3543; x_wconf 87' lang='lat' dir='ltr'><strong><em>purgatorio.—-</em></strong></span> <span class='ocrx_word' id='word_1_438' title='bbox 1481 3465 1572 3526; x_wconf 91' lang='lat' dir='ltr'><strong><em>De</em></strong></span> <span class='ocrx_word' id='word_1_439' title='bbox 1622 3467 1766 3544; x_wconf 89' lang='lat' dir='ltr'><strong><em>igne</em></strong></span> <span class='ocrx_word' id='word_1_440' title='bbox 1816 3468 2212 3543; x_wconf 88' lang='lat' dir='ltr'><strong><em>purgatorio,</em></strong></span> <span class='ocrx_word' id='word_1_441' title='bbox 2256 3467 2359 3527; x_wconf 92' lang='lat' dir='ltr'><strong><em>cui</em></strong></span> <span class='ocrx_word' id='word_1_442' title='bbox 2396 3465 2721 3527; x_wconf 83' lang='lat' dir='ltr'><strong><em>addiccndi</em></strong></span> <span class='ocrx_word' id='word_1_443' title='bbox 2757 3472 2907 3526; x_wconf 88' lang='lat' dir='ltr'><strong><em>sunt</em></strong></span> <span class='ocrx_word' id='word_1_444' title='bbox 2940 3467 3129 3525; x_wconf 89' lang='lat' dir='ltr'><strong><em>etiam</em></strong></span> <span class='ocrx_word' id='word_1_445' title='bbox 3175 3464 3328 3542; x_wconf 88' lang='lat' dir='ltr'><strong><em>justi</em></strong></span> <span class='ocrx_word' id='word_1_446' title='bbox 3392 3463 3671 3525; x_wconf 87' lang='lat' dir='ltr'><strong><em>nondum</em></strong></span> <span class='ocrx_word' id='word_1_447' title='bbox 3706 3465 3788 3524; x_wconf 89' lang='lat' dir='ltr'><strong><em>ab</em></strong></span> 
     </span>
    </p>
   </div>
   <div class='ocr_carea' id='block_1_35' title="bbox 542 3561 3791 3645">
    <p class='ocr_par' dir='ltr' id='par_1_35' title="bbox 542 3561 3791 3645">
     <span class='ocr_line' id='line_1_35' title="bbox 542 3561 3791 3645; baseline -0.002 -19"><span class='ocrx_word' id='word_1_448' title='bbox 542 3568 715 3628; x_wconf 87' lang='lat' dir='ltr'><strong><em>omni</em></strong></span> <span class='ocrx_word' id='word_1_449' title='bbox 755 3569 994 3645; x_wconf 88' lang='lat' dir='ltr'><strong><em>peccati</em></strong></span> <span class='ocrx_word' id='word_1_450' title='bbox 1030 3567 1170 3627; x_wconf 87' lang='lat' dir='ltr'><strong><em>labe</em></strong></span> <span class='ocrx_word' id='word_1_451' title='bbox 1216 3565 1525 3635; x_wconf 88' lang='lat' dir='ltr'><strong><em>mundati,</em></strong></span> <span class='ocrx_word' id='word_1_452' title='bbox 1558 3567 1693 3643; x_wconf 86' lang='lat' dir='ltr'><strong><em>lege</em></strong></span> <span class='ocrx_word' id='word_1_453' title='bbox 1730 3566 1976 3644; x_wconf 83' lang='lat' dir='ltr'><strong><em>Dialog.</em></strong></span> <span class='ocrx_word' id='word_1_454' title='bbox 2011 3568 2055 3625; x_wconf 86' lang='grc' dir='ltr'><strong><em>Ι.</em></strong></span> <span class='ocrx_word' id='word_1_455' title='bbox 2083 3584 2176 3638; x_wconf 81' lang='grc' dir='ltr'><strong><em>ιν,</em></strong></span> <span class='ocrx_word' id='word_1_456' title='bbox 2206 3583 2346 3642; x_wconf 87' lang='lat' dir='ltr'><strong><em>cap.</em></strong></span> <span class='ocrx_word' id='word_1_457' title='bbox 2377 3563 2477 3637; x_wconf 76' lang='lat'><strong><em>25,</em></strong></span> <span class='ocrx_word' id='word_1_458' title='bbox 2506 3582 2583 3624; x_wconf 78' lang='lat' dir='ltr'><strong><em>ex</em></strong></span> <span class='ocrx_word' id='word_1_459' title='bbox 2622 3580 2757 3639; x_wconf 87' lang='lat' dir='ltr'><strong><em>quo</em></strong></span> <span class='ocrx_word' id='word_1_460' title='bbox 2781 3564 2973 3624; x_wconf 80' lang='lat' dir='ltr'><strong><em>etiam</em></strong></span> <span class='ocrx_word' id='word_1_461' title='bbox 3008 3562 3368 3623; x_wconf 76' lang='lat' dir='ltr'><strong><em>luculenter</em></strong></span> <span class='ocrx_word' id='word_1_462' title='bbox 3396 3561 3791 3621; x_wconf 82' lang='lat' dir='ltr'><strong><em>continuan-</em></strong></span> 
     </span>
    </p>
   </div>
   <div class='ocr_carea' id='block_1_36' title="bbox 544 3659 3789 3747">
    <p class='ocr_par' dir='ltr' id='par_1_36' title="bbox 544 3659 3789 3747">
     <span class='ocr_line' id='line_1_36' title="bbox 544 3659 3789 3747; baseline -0.002 -23"><span class='ocrx_word' id='word_1_463' title='bbox 544 3676 649 3727; x_wconf 92' lang='lat' dir='ltr'><strong><em>tur</em></strong></span> <span class='ocrx_word' id='word_1_464' title='bbox 685 3684 829 3745; x_wconf 71' lang='lat' dir='ltr'><strong><em>qute</em></strong></span> <span class='ocrx_word' id='word_1_465' title='bbox 858 3667 934 3727; x_wconf 88' lang='lat' dir='ltr'><strong><em>de</em></strong></span> <span class='ocrx_word' id='word_1_466' title='bbox 965 3670 1334 3727; x_wconf 86' lang='lat' dir='ltr'><strong><em>sanctorum</em></strong></span> <span class='ocrx_word' id='word_1_467' title='bbox 1368 3665 1666 3727; x_wconf 80' lang='lat' dir='ltr'><strong><em>felicitate</em></strong></span> <span class='ocrx_word' id='word_1_468' title='bbox 1694 3667 1907 3725; x_wconf 85' lang='lat' dir='ltr'><strong><em>statim</em></strong></span> <span class='ocrx_word' id='word_1_469' title='bbox 1945 3672 2087 3747; x_wconf 89' lang='lat' dir='ltr'><strong><em>post</em></strong></span> <span class='ocrx_word' id='word_1_470' title='bbox 2138 3672 2405 3724; x_wconf 89' lang='lat' dir='ltr'><strong><em>mortem</em></strong></span> <span class='ocrx_word' id='word_1_471' title='bbox 2436 3662 2880 3740; x_wconf 66' lang='lat' dir='ltr'><strong><em>praemisimus.</em></strong></span> <span class='ocrx_word' id='word_1_472' title='bbox 2923 3661 3057 3720; x_wconf 84' lang='lat' dir='ltr'><strong><em>Hoc</em></strong></span> <span class='ocrx_word' id='word_1_473' title='bbox 3103 3660 3241 3719; x_wconf 90' lang='lat' dir='ltr'><strong><em>loco</em></strong></span> <span class='ocrx_word' id='word_1_474' title='bbox 3271 3659 3500 3734; x_wconf 65' lang='lat' dir='ltr'><strong><em>quierit</em></strong></span> <span class='ocrx_word' id='word_1_475' title='bbox 3530 3660 3744 3717; x_wconf 82' lang='lat' dir='ltr'><strong><em>Petrus</em></strong></span> <span class='ocrx_word' id='word_1_476' title='bbox 3772 3678 3789 3715; x_wconf 88' lang='lat'><strong>:</strong></span> 
     </span>
    </p>
   </div>
   <div class='ocr_carea' id='block_1_37' title="bbox 544 3755 3793 3841">
    <p class='ocr_par' dir='ltr' id='par_1_37' title="bbox 544 3755 3793 3841">
     <span class='ocr_line' id='line_1_37' title="bbox 544 3755 3793 3841; baseline -0.005 -14"><span class='ocrx_word' id='word_1_477' title='bbox 544 3766 621 3827; x_wconf 94' lang='lat' dir='ltr'><strong><em>Si</em></strong></span> <span class='ocrx_word' id='word_1_478' title='bbox 652 3775 793 3826; x_wconf 89' lang='lat' dir='ltr'><strong><em>ante</em></strong></span> <span class='ocrx_word' id='word_1_479' title='bbox 820 3765 1279 3825; x_wconf 86' lang='lat' dir='ltr'><strong><em>restitutionem</em></strong></span> <span class='ocrx_word' id='word_1_480' title='bbox 1311 3764 1596 3840; x_wconf 77' lang='lat' dir='ltr'><strong><em>corporis</em></strong></span> <span class='ocrx_word' id='word_1_481' title='bbox 1622 3764 2014 3841; x_wconf 88' lang='lat' dir='ltr'><strong><em>recipiantur</em></strong></span> <span class='ocrx_word' id='word_1_482' title='bbox 2046 3763 2115 3822; x_wconf 90' lang='lat' dir='ltr'><strong><em>in</em></strong></span> <span class='ocrx_word' id='word_1_483' title='bbox 2140 3762 2284 3823; x_wconf 74' lang='lat' dir='ltr'><strong><em>caelo</em></strong></span> <span class='ocrx_word' id='word_1_484' title='bbox 2318 3761 2537 3820; x_wconf 66' lang='lat' dir='ltr'><strong><em>animos</em></strong></span> <span class='ocrx_word' id='word_1_485' title='bbox 2574 3760 2910 3836; x_wconf 75' lang='lat' dir='ltr'><strong><em>iustorum.</em></strong></span> <span class='ocrx_word' id='word_1_486' title='bbox 2953 3758 3031 3817; x_wconf 87' lang='lat' dir='ltr'><strong><em>Et</em></strong></span> <span class='ocrx_word' id='word_1_487' title='bbox 3079 3756 3416 3833; x_wconf 87' lang='lat' dir='ltr'><strong><em>respondet</em></strong></span> <span class='ocrx_word' id='word_1_488' title='bbox 3461 3755 3793 3815; x_wconf 75' lang='lat' dir='ltr'><strong><em>sanctissi-</em></strong></span> 
     </span>
    </p>
   </div>
   <div class='ocr_carea' id='block_1_38' title="bbox 548 3851 3793 3944">
    <p class='ocr_par' dir='ltr' id='par_1_38' title="bbox 548 3851 3793 3944">
     <span class='ocr_line' id='line_1_38' title="bbox 548 3851 3793 3944; baseline -0.006 -17"><span class='ocrx_word' id='word_1_489' title='bbox 548 3884 689 3928; x_wconf 72' lang='lat' dir='ltr'><strong><em>unus</em></strong></span> <span class='ocrx_word' id='word_1_490' title='bbox 720 3865 1067 3944; x_wconf 77' lang='lat' dir='ltr'><strong><em>Magister:</em></strong></span> <span class='ocrx_word' id='word_1_491' title='bbox 1098 3866 1242 3933; x_wconf 84' lang='lat' dir='ltr'><strong><em>Hoc</em></strong></span> <span class='ocrx_word' id='word_1_492' title='bbox 1270 3882 1461 3942; x_wconf 87' lang='lat' dir='ltr'><strong><em>neque</em></strong></span> <span class='ocrx_word' id='word_1_493' title='bbox 1493 3862 1566 3923; x_wconf 88' lang='lat' dir='ltr'><strong><em>de</em></strong></span> <span class='ocrx_word' id='word_1_494' title='bbox 1594 3863 1874 3923; x_wconf 87' lang='lat' dir='ltr'><strong><em>omnibus</em></strong></span> <span class='ocrx_word' id='word_1_495' title='bbox 1892 3861 2088 3943; x_wconf 87' lang='lat' dir='ltr'><strong><em>justis</em></strong></span> <span class='ocrx_word' id='word_1_496' title='bbox 2117 3861 2306 3938; x_wconf 82' lang='lat' dir='ltr'><strong><em>fateri</em></strong></span> <span class='ocrx_word' id='word_1_497' title='bbox 2344 3875 2699 3937; x_wconf 87' lang='lat' dir='ltr'><strong><em>possumus,</em></strong></span> <span class='ocrx_word' id='word_1_498' title='bbox 2742 3873 2933 3932; x_wconf 86' lang='lat' dir='ltr'><strong><em>neque</em></strong></span> <span class='ocrx_word' id='word_1_499' title='bbox 2960 3853 3033 3913; x_wconf 90' lang='lat' dir='ltr'><strong><em>de</em></strong></span> <span class='ocrx_word' id='word_1_500' title='bbox 3061 3852 3341 3913; x_wconf 92' lang='lat' dir='ltr'><strong><em>omnibus</em></strong></span> <span class='ocrx_word' id='word_1_501' title='bbox 3363 3869 3602 3929; x_wconf 82' lang='lat' dir='ltr'><strong><em>negare.</em></strong></span> <span class='ocrx_word' id='word_1_502' title='bbox 3634 3851 3793 3910; x_wconf 78' lang='lat' dir='ltr'><strong><em>Nam</em></strong></span> 
     </span>
    </p>
   </div>
   <div class='ocr_carea' id='block_1_39' title="bbox 561 3946 3794 4043">
    <p class='ocr_par' dir='ltr' id='par_1_39' title="bbox 561 3946 3794 4043">
     <span class='ocr_line' id='line_1_39' title="bbox 561 3946 3794 4043; baseline -0.007 -17"><span class='ocrx_word' id='word_1_503' title='bbox 561 3973 710 4026; x_wconf 89' lang='lat' dir='ltr'><strong><em>sunt</em></strong></span> <span class='ocrx_word' id='word_1_504' title='bbox 741 3964 1150 4043; x_wconf 90' lang='lat' dir='ltr'><strong><em>quorumdam</em></strong></span> <span class='ocrx_word' id='word_1_505' title='bbox 1172 3965 1491 4043; x_wconf 87' lang='lat' dir='ltr'><strong><em>justorum</em></strong></span> <span class='ocrx_word' id='word_1_506' title='bbox 1520 3962 1763 4034; x_wconf 68' lang='lat' dir='ltr'><strong><em>animae,</em></strong></span> <span class='ocrx_word' id='word_1_507' title='bbox 1796 3977 1929 4038; x_wconf 76' lang='lat' dir='ltr'><strong><em>qua:</em></strong></span> <span class='ocrx_word' id='word_1_508' title='bbox 1953 3979 1989 4017; x_wconf 91' lang='lat' dir='ltr'><strong><em>a</em></strong></span> <span class='ocrx_word' id='word_1_509' title='bbox 2035 3957 2261 4018; x_wconf 76' lang='lat' dir='ltr'><strong><em>cmlesti</em></strong></span> <span class='ocrx_word' id='word_1_510' title='bbox 2304 3973 2495 4032; x_wconf 88' lang='lat' dir='ltr'><strong><em>regno</em></strong></span> <span class='ocrx_word' id='word_1_511' title='bbox 2540 3950 2905 4032; x_wconf 87' lang='lat' dir='ltr'><strong><em>quibusdam</em></strong></span> <span class='ocrx_word' id='word_1_512' title='bbox 2935 3949 3137 4009; x_wconf 84' lang='lat' dir='ltr'><strong><em>adhuc</em></strong></span> <span class='ocrx_word' id='word_1_513' title='bbox 3169 3946 3593 4008; x_wconf 87' lang='lat' dir='ltr'><strong><em>mansionibus</em></strong></span> <span class='ocrx_word' id='word_1_514' title='bbox 3617 3947 3794 4025; x_wconf 77' lang='lat' dir='ltr'><strong><em>diffe-</em></strong></span> 
     </span>
    </p>
   </div>
   <div class='ocr_carea' id='block_1_40' title="bbox 555 4043 3795 4143">
    <p class='ocr_par' dir='ltr' id='par_1_40' title="bbox 555 4043 3795 4143">
     <span class='ocr_line' id='line_1_40' title="bbox 555 4043 3795 4143; baseline -0.007 -17"><span class='ocrx_word' id='word_1_515' title='bbox 555 4077 813 4127; x_wconf 89' lang='lat' dir='ltr'><strong><em>runtur.</em></strong></span> <span class='ocrx_word' id='word_1_516' title='bbox 848 4067 929 4124; x_wconf 86' lang='lat' dir='ltr'><strong><em>In</em></strong></span> <span class='ocrx_word' id='word_1_517' title='bbox 952 4084 1074 4143; x_wconf 92' lang='lat' dir='ltr'><strong><em>quo</em></strong></span> <span class='ocrx_word' id='word_1_518' title='bbox 1103 4061 1434 4124; x_wconf 80' lang='lat' dir='ltr'><strong><em>dilationis</em></strong></span> <span class='ocrx_word' id='word_1_519' title='bbox 1459 4061 1682 4119; x_wconf 85' lang='lat' dir='ltr'><strong><em>damno</em></strong></span> <span class='ocrx_word' id='word_1_520' title='bbox 1727 4058 1880 4137; x_wconf 90' lang='lat' dir='ltr'><strong><em>quid</em></strong></span> <span class='ocrx_word' id='word_1_521' title='bbox 1908 4058 2084 4118; x_wconf 88' lang='lat' dir='ltr'><strong><em>aliud</em></strong></span> <span class='ocrx_word' id='word_1_522' title='bbox 2108 4056 2425 4127; x_wconf 90' lang='lat' dir='ltr'><strong><em>innuitur,</em></strong></span> <span class='ocrx_word' id='word_1_523' title='bbox 2468 4054 2593 4114; x_wconf 82' lang='lat' dir='ltr'><strong><em>nisi</em></strong></span> <span class='ocrx_word' id='word_1_524' title='bbox 2626 4053 2791 4131; x_wconf 83' lang='lat' dir='ltr'><strong><em>quod</em></strong></span> <span class='ocrx_word' id='word_1_525' title='bbox 2847 4052 2919 4110; x_wconf 88' lang='lat' dir='ltr'><strong><em>de</em></strong></span> <span class='ocrx_word' id='word_1_526' title='bbox 2956 4052 3227 4129; x_wconf 80' lang='lat' dir='ltr'><strong><em>perfecta</em></strong></span> <span class='ocrx_word' id='word_1_527' title='bbox 3255 4048 3509 4127; x_wconf 70' lang='lat' dir='ltr'><strong><em>iustitia</em></strong></span> <span class='ocrx_word' id='word_1_528' title='bbox 3554 4043 3795 4125; x_wconf 85' lang='lat' dir='ltr'><strong><em>aliquid</em></strong></span> 
     </span>
    </p>
   </div>
   <div class='ocr_carea' id='block_1_41' title="bbox 549 4145 3793 4233">
    <p class='ocr_par' dir='ltr' id='par_1_41' title="bbox 549 4145 3793 4233">
     <span class='ocr_line' id='line_1_41' title="bbox 549 4145 3793 4233; baseline -0.007 -6"><span class='ocrx_word' id='word_1_529' title='bbox 549 4167 752 4229; x_wconf 87' lang='lat' dir='ltr'><strong><em>minus</em></strong></span> <span class='ocrx_word' id='word_1_530' title='bbox 776 4164 1170 4226; x_wconf 76' lang='lat' dir='ltr'><strong><em>habuerunt?</em></strong></span> <span class='ocrx_word' id='word_1_531' title='bbox 1197 4163 1280 4222; x_wconf 82' lang='lat' dir='ltr'><strong><em>Et</em></strong></span> <span class='ocrx_word' id='word_1_532' title='bbox 1311 4169 1507 4220; x_wconf 89' lang='lat' dir='ltr'><strong><em>tamen</em></strong></span> <span class='ocrx_word' id='word_1_533' title='bbox 1542 4159 1676 4219; x_wconf 91' lang='lat' dir='ltr'><strong><em>luce</em></strong></span> <span class='ocrx_word' id='word_1_534' title='bbox 1711 4158 1946 4219; x_wconf 89' lang='lat' dir='ltr'><strong><em>clarius</em></strong></span> <span class='ocrx_word' id='word_1_535' title='bbox 1978 4164 2223 4216; x_wconf 89' lang='lat' dir='ltr'><strong><em>constat</em></strong></span> <span class='ocrx_word' id='word_1_536' title='bbox 2242 4157 2389 4233; x_wconf 91' lang='lat' dir='ltr'><strong><em>quia</em></strong></span> <span class='ocrx_word' id='word_1_537' title='bbox 2421 4155 2838 4232; x_wconf 85' lang='lat' dir='ltr'><strong><em>perfectorum</em></strong></span> <span class='ocrx_word' id='word_1_538' title='bbox 2855 4150 3097 4213; x_wconf 68' lang='lat' dir='ltr'><strong><em>animos.</em></strong></span> <span class='ocrx_word' id='word_1_539' title='bbox 3119 4165 3265 4206; x_wconf 74' lang='lat' dir='ltr'><strong><em>mox</em></strong></span> <span class='ocrx_word' id='word_1_540' title='bbox 3291 4155 3358 4206; x_wconf 89' lang='lat' dir='ltr'><strong><em>ut</em></strong></span> <span class='ocrx_word' id='word_1_541' title='bbox 3380 4145 3563 4223; x_wconf 85' lang='lat' dir='ltr'><strong><em>hujus</em></strong></span> <span class='ocrx_word' id='word_1_542' title='bbox 3586 4146 3793 4203; x_wconf 86' lang='lat' dir='ltr'><strong><em>carnis</em></strong></span> 
     </span>
    </p>
   </div>
   <div class='ocr_carea' id='block_1_42' title="bbox 556 4242 3795 4335">
    <p class='ocr_par' dir='ltr' id='par_1_42' title="bbox 556 4242 3795 4335">
     <span class='ocr_line' id='line_1_42' title="bbox 556 4242 3795 4335; baseline -0.009 -6"><span class='ocrx_word' id='word_1_543' title='bbox 556 4269 833 4335; x_wconf 81' lang='lat' dir='ltr'><strong><em>claustra</em></strong></span> <span class='ocrx_word' id='word_1_544' title='bbox 867 4263 1161 4335; x_wconf 65' lang='lat' dir='ltr'><strong><em>exierint,</em></strong></span> <span class='ocrx_word' id='word_1_545' title='bbox 1190 4262 1259 4321; x_wconf 90' lang='lat' dir='ltr'><strong><em>in</em></strong></span> <span class='ocrx_word' id='word_1_546' title='bbox 1291 4258 1548 4320; x_wconf 74' lang='lat' dir='ltr'><strong><em>caelestis</em></strong></span> <span class='ocrx_word' id='word_1_547' title='bbox 1577 4258 1753 4335; x_wconf 88' lang='lat' dir='ltr'><strong><em>regni</em></strong></span> <span class='ocrx_word' id='word_1_548' title='bbox 1780 4256 2020 4317; x_wconf 85' lang='lat' dir='ltr'><strong><em>sedibus</em></strong></span> <span class='ocrx_word' id='word_1_549' title='bbox 2061 4255 2483 4333; x_wconf 88' lang='lat' dir='ltr'><strong><em>recipiuntur.</em></strong></span> <span class='ocrx_word' id='word_1_550' title='bbox 2536 4254 2625 4310; x_wconf 80' lang='lat' dir='ltr'><strong><em>Ac</em></strong></span> <span class='ocrx_word' id='word_1_551' title='bbox 2658 4266 2798 4327; x_wconf 89' lang='lat' dir='ltr'><strong><em>cap.</em></strong></span> <span class='ocrx_word' id='word_1_552' title='bbox 2846 4248 2947 4319; x_wconf 84' lang='lat'><strong><em>39,</em></strong></span> <span class='ocrx_word' id='word_1_553' title='bbox 3005 4242 3420 4320; x_wconf 86' lang='lat' dir='ltr'><strong><em>interroganti</em></strong></span> <span class='ocrx_word' id='word_1_554' title='bbox 3456 4242 3795 4320; x_wconf 87' lang='lat' dir='ltr'><strong><em>discipulo,</em></strong></span> 
     </span>
    </p>
   </div>
   <div class='ocr_carea' id='block_1_43' title="bbox 547 4342 3793 4445">
    <p class='ocr_par' dir='ltr' id='par_1_43' title="bbox 547 4342 3793 4445">
     <span class='ocr_line' id='line_1_43' title="bbox 547 4342 3793 4445; baseline -0.008 -15"><span class='ocrx_word' id='word_1_555' title='bbox 547 4371 646 4431; x_wconf 79' lang='lat' dir='ltr'><strong><em>An</em></strong></span> <span class='ocrx_word' id='word_1_556' title='bbox 669 4375 810 4445; x_wconf 88' lang='lat' dir='ltr'><strong><em>post</em></strong></span> <span class='ocrx_word' id='word_1_557' title='bbox 838 4372 1096 4424; x_wconf 88' lang='lat' dir='ltr'><strong><em>mortem</em></strong></span> <span class='ocrx_word' id='word_1_558' title='bbox 1121 4358 1533 4438; x_wconf 85' lang='lat' dir='ltr'><strong><em>purgatorius</em></strong></span> <span class='ocrx_word' id='word_1_559' title='bbox 1570 4356 1735 4433; x_wconf 89' lang='lat' dir='ltr'><strong><em>ignis</em></strong></span> <span class='ocrx_word' id='word_1_560' title='bbox 1778 4357 1886 4427; x_wconf 90' lang='lat' dir='ltr'><strong><em>sit,</em></strong></span> <span class='ocrx_word' id='word_1_561' title='bbox 1939 4353 2277 4430; x_wconf 85' lang='lat' dir='ltr'><strong><em>respondet</em></strong></span> <span class='ocrx_word' id='word_1_562' title='bbox 2331 4359 2589 4412; x_wconf 87' lang='lat' dir='ltr'><strong><em>sanctus</em></strong></span> <span class='ocrx_word' id='word_1_563' title='bbox 2628 4352 2879 4418; x_wconf 86' lang='lat' dir='ltr'><strong><em>Doctor,</em></strong></span> <span class='ocrx_word' id='word_1_564' title='bbox 2933 4365 3049 4426; x_wconf 90' lang='lat' dir='ltr'><strong><em>pro</em></strong></span> <span class='ocrx_word' id='word_1_565' title='bbox 3103 4342 3484 4422; x_wconf 84' lang='lat' dir='ltr'><strong><em>quihusdam</em></strong></span> <span class='ocrx_word' id='word_1_566' title='bbox 3544 4344 3793 4445; x_wconf 64' lang='lat' dir='ltr'><strong><em>leribus</em></strong></span> 
     </span>
    </p>
   </div>
   <div class='ocr_carea' id='block_1_44' title="bbox 554 4443 3796 4545">
    <p class='ocr_par' dir='ltr' id='par_1_44' title="bbox 554 4443 3796 4545">
     <span class='ocr_line' id='line_1_44' title="bbox 554 4443 3796 4545; baseline -0.009 -17"><span class='ocrx_word' id='word_1_567' title='bbox 554 4443 764 4545; x_wconf 85' lang='lat' dir='ltr'><strong><em>culpis</em></strong></span> <span class='ocrx_word' id='word_1_568' title='bbox 797 4463 1117 4544; x_wconf 78' lang='lat' dir='ltr'><strong><em>tergendis</em></strong></span> <span class='ocrx_word' id='word_1_569' title='bbox 1147 4478 1288 4521; x_wconf 83' lang='lat' dir='ltr'><strong><em>esse</em></strong></span> <span class='ocrx_word' id='word_1_570' title='bbox 1316 4456 1791 4535; x_wconf 87' lang='lat' dir='ltr'><strong><em>antejudicium</em></strong></span> <span class='ocrx_word' id='word_1_571' title='bbox 1812 4454 2252 4532; x_wconf 85' lang='lat' dir='ltr'><strong><em>purgatorium</em></strong></span> <span class='ocrx_word' id='word_1_572' title='bbox 2284 4452 2531 4529; x_wconf 80' lang='lat' dir='ltr'><strong><em>ignem;</em></strong></span> <span class='ocrx_word' id='word_1_573' title='bbox 2559 4447 2725 4527; x_wconf 88' lang='lat' dir='ltr'><strong><em>quod</em></strong></span> <span class='ocrx_word' id='word_1_574' title='bbox 2758 4447 2922 4507; x_wconf 78' lang='lat' dir='ltr'><strong><em>intra</em></strong></span> <span class='ocrx_word' id='word_1_575' title='bbox 2948 4447 3180 4505; x_wconf 85' lang='lat' dir='ltr'><strong><em>diserte</em></strong></span> <span class='ocrx_word' id='word_1_576' title='bbox 3208 4444 3454 4520; x_wconf 86' lang='lat' dir='ltr'><strong><em>probat.</em></strong></span> <span class='ocrx_word' id='word_1_577' title='bbox 3485 4443 3796 4545; x_wconf 79' lang='lat' dir='ltr'><strong><em>Denique,</em></strong></span> 
     </span>
    </p>
   </div>
   <div class='ocr_carea' id='block_1_45' title="bbox 548 4542 3797 4647">
    <p class='ocr_par' dir='ltr' id='par_1_45' title="bbox 548 4542 3797 4647">
     <span class='ocr_line' id='line_1_45' title="bbox 548 4542 3797 4647; baseline -0.009 -17"><span class='ocrx_word' id='word_1_578' title='bbox 548 4542 692 4647; x_wconf 49' lang='lat' dir='ltr'><strong><em>cap:</em></strong></span> <span class='ocrx_word' id='word_1_579' title='bbox 722 4565 827 4639; x_wconf 78' lang='lat'><strong><em>55,</em></strong></span> <span class='ocrx_word' id='word_1_580' title='bbox 854 4542 986 4626; x_wconf 79' lang='lat' dir='ltr'><strong><em>ait:</em></strong></span> <span class='ocrx_word' id='word_1_581' title='bbox 1018 4561 1091 4623; x_wconf 88' lang='lat' dir='ltr'><strong><em>Si</em></strong></span> <span class='ocrx_word' id='word_1_582' title='bbox 1119 4560 1314 4637; x_wconf 68' lang='lat' dir='ltr'><strong><em>culpae</em></strong></span> <span class='ocrx_word' id='word_1_583' title='bbox 1346 4565 1489 4636; x_wconf 87' lang='lat' dir='ltr'><strong><em>post</em></strong></span> <span class='ocrx_word' id='word_1_584' title='bbox 1523 4563 1780 4615; x_wconf 88' lang='lat' dir='ltr'><strong><em>mortem</em></strong></span> <span class='ocrx_word' id='word_1_585' title='bbox 1809 4553 2166 4615; x_wconf 85' lang='lat' dir='ltr'><strong><em>insolubiles</em></strong></span> <span class='ocrx_word' id='word_1_586' title='bbox 2196 4568 2325 4612; x_wconf 91' lang='lat' dir='ltr'><strong><em>non</em></strong></span> <span class='ocrx_word' id='word_1_587' title='bbox 2366 4558 2538 4622; x_wconf 91' lang='lat' dir='ltr'><strong><em>sunt,</em></strong></span> <span class='ocrx_word' id='word_1_588' title='bbox 2577 4547 2915 4607; x_wconf 88' lang='lat' dir='ltr'><strong><em>multorum</em></strong></span> <span class='ocrx_word' id='word_1_589' title='bbox 2964 4545 3120 4606; x_wconf 88' lang='lat' dir='ltr'><strong><em>solet</em></strong></span> <span class='ocrx_word' id='word_1_590' title='bbox 3148 4544 3406 4647; x_wconf 60' lang='lat' dir='ltr'><strong><em>animus</em></strong></span> <span class='ocrx_word' id='word_1_591' title='bbox 3431 4542 3614 4647; x_wconf 76' lang='lat' dir='ltr'><strong><em>etiam</em></strong></span> <span class='ocrx_word' id='word_1_592' title='bbox 3654 4552 3797 4617; x_wconf 83' lang='lat' dir='ltr'><strong><em>post</em></strong></span> 
     </span>
    </p>
   </div>
   <div class='ocr_carea' id='block_1_46' title="bbox 556 4645 3801 4734">
    <p class='ocr_par' dir='ltr' id='par_1_46' title="bbox 556 4645 3801 4734">
     <span class='ocr_line' id='line_1_46' title="bbox 556 4645 3801 4734; baseline -0.007 -7"><span class='ocrx_word' id='word_1_593' title='bbox 556 4645 813 4727; x_wconf 84' lang='lat' dir='ltr'><strong><em>mortem</em></strong></span> <span class='ocrx_word' id='word_1_594' title='bbox 836 4678 1017 4725; x_wconf 90' lang='lat' dir='ltr'><strong><em>sacra</em></strong></span> <span class='ocrx_word' id='word_1_595' title='bbox 1044 4661 1277 4722; x_wconf 88' lang='lat' dir='ltr'><strong><em>oblatio</em></strong></span> <span class='ocrx_word' id='word_1_596' title='bbox 1326 4660 1544 4721; x_wconf 64' lang='lat' dir='ltr'><strong><em>hostire</em></strong></span> <span class='ocrx_word' id='word_1_597' title='bbox 1570 4655 1869 4718; x_wconf 87' lang='lat' dir='ltr'><strong><em>salutaris</em></strong></span> <span class='ocrx_word' id='word_1_598' title='bbox 1910 4655 2245 4734; x_wconf 80' lang='lat' dir='ltr'><strong><em>adjuvare;</em></strong></span> <span class='ocrx_word' id='word_1_599' title='bbox 2279 4654 2368 4713; x_wconf 90' lang='lat' dir='ltr'><strong><em>ita</em></strong></span> <span class='ocrx_word' id='word_1_600' title='bbox 2398 4660 2465 4712; x_wconf 91' lang='lat' dir='ltr'><strong><em>ut</em></strong></span> <span class='ocrx_word' id='word_1_601' title='bbox 2502 4651 2658 4710; x_wconf 79' lang='lat' dir='ltr'><strong><em>hanc</em></strong></span> <span class='ocrx_word' id='word_1_602' title='bbox 2698 4664 3143 4727; x_wconf 87' lang='lat' dir='ltr'><strong><em>nonnunquam</em></strong></span> <span class='ocrx_word' id='word_1_603' title='bbox 3176 4647 3322 4724; x_wconf 63' lang='lat' dir='ltr'><strong><em>ipsa!</em></strong></span> <span class='ocrx_word' id='word_1_604' title='bbox 3365 4645 3801 4724; x_wconf 75' lang='lat' dir='ltr'><strong><em>defunctorum</em></strong></span> 
     </span>
    </p>
   </div>
   <div class='ocr_carea' id='block_1_47' title="bbox 549 4759 1466 4840">
    <p class='ocr_par' dir='ltr' id='par_1_47' title="bbox 549 4759 1466 4840">
     <span class='ocr_line' id='line_1_47' title="bbox 549 4759 1466 4840; baseline -0.008 -13"><span class='ocrx_word' id='word_1_605' title='bbox 549 4766 767 4828; x_wconf 65' lang='lat' dir='ltr'><strong><em>animi:</em></strong></span> <span class='ocrx_word' id='word_1_606' title='bbox 794 4771 1075 4840; x_wconf 66' lang='lat' dir='ltr'><strong><em>expetere</em></strong></span> <span class='ocrx_word' id='word_1_607' title='bbox 1108 4759 1466 4822; x_wconf 79' lang='lat' dir='ltr'><strong><em>videantur.</em></strong></span> 
     </span>
    </p>
   </div>
   <div class='ocr_carea' id='block_1_48' title="bbox 630 4842 3799 4939">
    <p class='ocr_par' dir='ltr' id='par_1_48' title="bbox 630 4842 3799 4939">
     <span class='ocr_line' id='line_1_48' title="bbox 630 4842 3799 4939; baseline -0.006 -17"><span class='ocrx_word' id='word_1_608' title='bbox 630 4863 721 4923; x_wconf 88' lang='lat' dir='ltr'><strong><em>De</em></strong></span> <span class='ocrx_word' id='word_1_609' title='bbox 751 4876 1078 4939; x_wconf 68' lang='lat' dir='ltr'><strong><em>poenarum</em></strong></span> <span class='ocrx_word' id='word_1_610' title='bbox 1104 4874 1289 4935; x_wconf 81' lang='lat' dir='ltr'><strong><em>repro</em></strong></span> <span class='ocrx_word' id='word_1_611' title='bbox 1302 4854 1389 4916; x_wconf 83' lang='lat' dir='ltr'><strong><em>bis</em></strong></span> <span class='ocrx_word' id='word_1_612' title='bbox 1410 4853 1753 4915; x_wconf 76' lang='lat' dir='ltr'><strong><em>debiturum</em></strong></span> <span class='ocrx_word' id='word_1_613' title='bbox 1782 4852 2139 4915; x_wconf 83' lang='lat' dir='ltr'><strong><em>duratione.</em></strong></span> <span class='ocrx_word' id='word_1_614' title='bbox 2162 4883 2238 4895; x_wconf 89' lang='lat'><strong><em>—</em></strong></span> <span class='ocrx_word' id='word_1_615' title='bbox 2258 4849 2554 4909; x_wconf 73' lang='lat' dir='ltr'><strong><em>Eternas</em></strong></span> <span class='ocrx_word' id='word_1_616' title='bbox 2589 4847 2722 4907; x_wconf 80' lang='lat' dir='ltr'><strong><em>fore</em></strong></span> <span class='ocrx_word' id='word_1_617' title='bbox 2760 4862 2975 4924; x_wconf 62' lang='lat' dir='ltr'><strong><em>pennas</em></strong></span> <span class='ocrx_word' id='word_1_618' title='bbox 3012 4844 3431 4923; x_wconf 88' lang='lat' dir='ltr'><strong><em>reproborum</em></strong></span> <span class='ocrx_word' id='word_1_619' title='bbox 3467 4842 3799 4921; x_wconf 85' lang='lat' dir='ltr'><strong><em>docemur,</em></strong></span> 
     </span>
    </p>
   </div>
   <div class='ocr_carea' id='block_1_49' title="bbox 555 4948 2566 5035">
    <p class='ocr_par' dir='ltr' id='par_1_49' title="bbox 555 4948 2566 5035">
     <span class='ocr_line' id='line_1_49' title="bbox 555 4948 2566 5035; baseline -0.007 -14"><span class='ocrx_word' id='word_1_620' title='bbox 555 4966 665 5024; x_wconf 78' lang='lat' dir='ltr'><strong><em>tib.</em></strong></span> <span class='ocrx_word' id='word_1_621' title='bbox 696 4980 904 5023; x_wconf 64' lang='grc' dir='ltr'><strong>χχιιι</strong></span> <span class='ocrx_word' id='word_1_622' title='bbox 937 4960 1194 5035; x_wconf 85' lang='lat' dir='ltr'><strong><em>Moral.,</em></strong></span> <span class='ocrx_word' id='word_1_623' title='bbox 1219 4977 1282 5018; x_wconf 92' lang='grc' dir='ltr'><strong><em>ιι.</em></strong></span> <span class='ocrx_word' id='word_1_624' title='bbox 1320 4956 1438 5030; x_wconf 71' lang='lat' dir='ltr'><strong><em>31s;</em></strong></span> <span class='ocrx_word' id='word_1_625' title='bbox 1465 4958 1573 5019; x_wconf 82' lang='lat' dir='ltr'><strong><em>sed</em></strong></span> <span class='ocrx_word' id='word_1_626' title='bbox 1604 4956 1951 5033; x_wconf 77' lang='lat' dir='ltr'><strong><em>prtesertim</em></strong></span> <span class='ocrx_word' id='word_1_627' title='bbox 1988 4955 2033 5013; x_wconf 91' lang='lat' dir='ltr'><strong><em>l.</em></strong></span> <span class='ocrx_word' id='word_1_628' title='bbox 2064 4972 2123 5013; x_wconf 82' lang='lat' dir='ltr'><strong><em>IV</em></strong></span> <span class='ocrx_word' id='word_1_629' title='bbox 2163 4953 2353 5023; x_wconf 90' lang='lat' dir='ltr'><strong><em>Dial.,</em></strong></span> <span class='ocrx_word' id='word_1_630' title='bbox 2377 4969 2432 5011; x_wconf 92' lang='lat' dir='ltr'><strong><em>c.</em></strong></span> <span class='ocrx_word' id='word_1_631' title='bbox 2468 4948 2566 5007; x_wconf 71' lang='grc' dir='ltr'><strong>ἱιὶι.</strong></span> 
     </span>
    </p>
   </div>
   <div class='ocr_carea' id='block_1_50' title="bbox 632 5042 3801 5136">
    <p class='ocr_par' dir='ltr' id='par_1_50' title="bbox 632 5042 3801 5136">
     <span class='ocr_line' id='line_1_50' title="bbox 632 5042 3801 5136; baseline -0.006 -16"><span class='ocrx_word' id='word_1_632' title='bbox 632 5061 771 5136; x_wconf 85' lang='lat' dir='ltr'><strong><em>Qua</em></strong></span> <span class='ocrx_word' id='word_1_633' title='bbox 792 5061 1037 5121; x_wconf 84' lang='lat' dir='ltr'><strong><em>ratione</em></strong></span> <span class='ocrx_word' id='word_1_634' title='bbox 1070 5060 1231 5117; x_wconf 91' lang='lat' dir='ltr'><strong><em>Deus</em></strong></span> <span class='ocrx_word' id='word_1_635' title='bbox 1257 5056 1372 5116; x_wconf 84' lang='lat' dir='ltr'><strong><em>hoc</em></strong></span> <span class='ocrx_word' id='word_1_636' title='bbox 1400 5058 1465 5116; x_wconf 90' lang='lat' dir='ltr'><strong><em>in</em></strong></span> <span class='ocrx_word' id='word_1_637' title='bbox 1486 5056 1617 5115; x_wconf 78' lang='lat' dir='ltr'><strong><em>vita</em></strong></span> <span class='ocrx_word' id='word_1_638' title='bbox 1645 5054 1845 5114; x_wconf 84' lang='lat' dir='ltr'><strong><em>videri</em></strong></span> <span class='ocrx_word' id='word_1_639' title='bbox 1868 5054 2069 5130; x_wconf 88' lang='lat' dir='ltr'><strong><em>possit</em></strong></span> <span class='ocrx_word' id='word_1_640' title='bbox 2098 5070 2135 5109; x_wconf 79' lang='grc' dir='ltr'><strong><em>ιι</em></strong></span> <span class='ocrx_word' id='word_1_641' title='bbox 2159 5051 2436 5110; x_wconf 88' lang='lat' dir='ltr'><strong><em>Sanctis.</em></strong></span> <span class='ocrx_word' id='word_1_642' title='bbox 2470 5081 2545 5091; x_wconf 92' lang='lat'>—</span> <span class='ocrx_word' id='word_1_643' title='bbox 2569 5048 2757 5107; x_wconf 82' lang='lat' dir='ltr'><strong><em>Libro</em></strong></span> <span class='ocrx_word' id='word_1_644' title='bbox 2781 5062 2941 5106; x_wconf 78' lang='lat' dir='ltr'><strong><em>xvm</em></strong></span> <span class='ocrx_word' id='word_1_645' title='bbox 2970 5043 3224 5116; x_wconf 85' lang='lat' dir='ltr'><strong><em>Moral.,</em></strong></span> <span class='ocrx_word' id='word_1_646' title='bbox 3255 5061 3321 5102; x_wconf 92' lang='grc' dir='ltr'><strong><em>ιι.</em></strong></span> <span class='ocrx_word' id='word_1_647' title='bbox 3358 5042 3459 5113; x_wconf 89' lang='lat'><strong><em>88,</em></strong></span> <span class='ocrx_word' id='word_1_648' title='bbox 3496 5043 3801 5117; x_wconf 77' lang='lat' dir='ltr'><strong><em>expendit</em></strong></span> 
     </span>
    </p>
   </div>
   <div class='ocr_carea' id='block_1_51' title="bbox 555 5144 3804 5238">
    <p class='ocr_par' dir='ltr' id='par_1_51' title="bbox 555 5144 3804 5238">
     <span class='ocr_line' id='line_1_51' title="bbox 555 5144 3804 5238; baseline -0.005 -18"><span class='ocrx_word' id='word_1_649' title='bbox 555 5160 931 5238; x_wconf 80' lang='lat' dir='ltr'><strong><em>Gregorius,</em></strong></span> <span class='ocrx_word' id='word_1_650' title='bbox 963 5164 1178 5219; x_wconf 86' lang='lat' dir='ltr'><strong><em>utrum</em></strong></span> <span class='ocrx_word' id='word_1_651' title='bbox 1213 5158 1444 5226; x_wconf 83' lang='lat' dir='ltr'><strong><em>sancti,</em></strong></span> <span class='ocrx_word' id='word_1_652' title='bbox 1480 5152 1763 5230; x_wconf 85' lang='lat' dir='ltr'><strong><em>quandiu</em></strong></span> <span class='ocrx_word' id='word_1_653' title='bbox 1796 5151 2151 5210; x_wconf 85' lang='lat' dir='ltr'><strong><em>mortaliter</em></strong></span> <span class='ocrx_word' id='word_1_654' title='bbox 2186 5148 2432 5218; x_wconf 79' lang='lat' dir='ltr'><strong><em>vivunt,</em></strong></span> <span class='ocrx_word' id='word_1_655' title='bbox 2466 5147 2665 5205; x_wconf 88' lang='lat' dir='ltr'><strong><em>Deum</em></strong></span> <span class='ocrx_word' id='word_1_656' title='bbox 2700 5146 2907 5206; x_wconf 84' lang='lat' dir='ltr'><strong><em>videre</em></strong></span> <span class='ocrx_word' id='word_1_657' title='bbox 2952 5144 3233 5221; x_wconf 83' lang='lat' dir='ltr'><strong><em>possint;</em></strong></span> <span class='ocrx_word' id='word_1_658' title='bbox 3261 5146 3668 5221; x_wconf 73' lang='lat' dir='ltr'><strong><em>decc-ruitque</em></strong></span> <span class='ocrx_word' id='word_1_659' title='bbox 3704 5164 3735 5204; x_wconf 72' lang='grc' dir='ltr'><strong>ν</strong></span> <span class='ocrx_word' id='word_1_660' title='bbox 3769 5178 3804 5193; x_wconf 85' lang='grc'><strong>-</strong></span> 
     </span>
    </p>
   </div>
   <div class='ocr_carea' id='block_1_52' title="bbox 552 5241 3804 5335">
    <p class='ocr_par' dir='ltr' id='par_1_52' title="bbox 552 5241 3804 5335">
     <span class='ocr_line' id='line_1_52' title="bbox 552 5241 3804 5335; baseline -0.006 -16"><span class='ocrx_word' id='word_1_661' title='bbox 552 5261 703 5319; x_wconf 87' lang='lat' dir='ltr'><strong><em>dere</em></strong></span> <span class='ocrx_word' id='word_1_662' title='bbox 738 5265 984 5319; x_wconf 86' lang='lat' dir='ltr'><strong><em>tantum</em></strong></span> <span class='ocrx_word' id='word_1_663' title='bbox 1015 5273 1201 5335; x_wconf 81' lang='lat' dir='ltr'><strong><em>posse</em></strong></span> <span class='ocrx_word' id='word_1_664' title='bbox 1234 5272 1348 5332; x_wconf 88' lang='lat' dir='ltr'><strong><em>per</em></strong></span> <span class='ocrx_word' id='word_1_665' title='bbox 1383 5253 1693 5331; x_wconf 85' lang='lat' dir='ltr'><strong><em>quasdam</em></strong></span> <span class='ocrx_word' id='word_1_666' title='bbox 1732 5251 2066 5327; x_wconf 83' lang='lat' dir='ltr'><strong><em>imagines,</em></strong></span> <span class='ocrx_word' id='word_1_667' title='bbox 2099 5250 2161 5307; x_wconf 91' lang='lat' dir='ltr'><strong><em>et</em></strong></span> <span class='ocrx_word' id='word_1_668' title='bbox 2202 5264 2329 5306; x_wconf 91' lang='lat' dir='ltr'><strong><em>non</em></strong></span> <span class='ocrx_word' id='word_1_669' title='bbox 2364 5247 2427 5305; x_wconf 91' lang='lat' dir='ltr'><strong><em>in</em></strong></span> <span class='ocrx_word' id='word_1_670' title='bbox 2462 5243 2722 5321; x_wconf 88' lang='lat' dir='ltr'><strong><em>pr0pria</em></strong></span> <span class='ocrx_word' id='word_1_671' title='bbox 2770 5248 3025 5303; x_wconf 85' lang='lat' dir='ltr'><strong><em>natura.</em></strong></span> <span class='ocrx_word' id='word_1_672' title='bbox 3075 5243 3153 5301; x_wconf 82' lang='lat' dir='ltr'><strong>At</strong></span> <span class='ocrx_word' id='word_1_673' title='bbox 3201 5258 3472 5301; x_wconf 89' lang='lat' dir='ltr'><strong><em>numero</em></strong></span> <span class='ocrx_word' id='word_1_674' title='bbox 3495 5241 3595 5313; x_wconf 90' lang='lat'><strong><em>89,</em></strong></span> <span class='ocrx_word' id='word_1_675' title='bbox 3634 5259 3804 5302; x_wconf 83' lang='lat' dir='ltr'><strong><em>non-</em></strong></span> 
     </span>
    </p>
   </div>
   <div class='ocr_carea' id='block_1_53' title="bbox 556 5343 3887 5436">
    <p class='ocr_par' dir='ltr' id='par_1_53' title="bbox 556 5343 3887 5436">
     <span class='ocr_line' id='line_1_53' title="bbox 556 5343 3887 5436; baseline -0.004 -18"><span class='ocrx_word' id='word_1_676' title='bbox 556 5357 768 5419; x_wconf 85' lang='lat' dir='ltr'><strong><em>nullos</em></strong></span> <span class='ocrx_word' id='word_1_677' title='bbox 800 5360 883 5421; x_wconf 81' lang='lat' dir='ltr'><strong><em>ab</em></strong></span> <span class='ocrx_word' id='word_1_678' title='bbox 914 5358 1036 5418; x_wconf 85' lang='lat' dir='ltr'><strong><em>hac</em></strong></span> <span class='ocrx_word' id='word_1_679' title='bbox 1059 5356 1297 5436; x_wconf 82' lang='lat' dir='ltr'><strong><em>excipit</em></strong></span> <span class='ocrx_word' id='word_1_680' title='bbox 1330 5355 1496 5431; x_wconf 87' lang='lat' dir='ltr'><strong><em>lege,</em></strong></span> <span class='ocrx_word' id='word_1_681' title='bbox 1530 5354 1626 5414; x_wconf 88' lang='lat' dir='ltr'><strong><em>his</em></strong></span> <span class='ocrx_word' id='word_1_682' title='bbox 1654 5352 1866 5412; x_wconf 82' lang='lat' dir='ltr'><strong><em>verbis</em></strong></span> <span class='ocrx_word' id='word_1_683' title='bbox 1896 5370 1912 5408; x_wconf 89' lang='lat'><strong>:</strong></span> <span class='ocrx_word' id='word_1_684' title='bbox 1944 5347 2059 5409; x_wconf 90' lang='lat' dir='ltr'><strong><em>Sin</em></strong></span> <span class='ocrx_word' id='word_1_685' title='bbox 2084 5363 2230 5406; x_wconf 81' lang='lat' dir='ltr'><strong><em>cera</em></strong></span> <span class='ocrx_word' id='word_1_686' title='bbox 2266 5367 2302 5404; x_wconf 88' lang='lat' dir='ltr'><strong><em>a</em></strong></span> <span class='ocrx_word' id='word_1_687' title='bbox 2328 5344 2695 5424; x_wconf 87' lang='lat' dir='ltr'><strong><em>quibusdam</em></strong></span> <span class='ocrx_word' id='word_1_688' title='bbox 2721 5352 2921 5421; x_wconf 89' lang='lat' dir='ltr'><strong><em>potest</em></strong></span> <span class='ocrx_word' id='word_1_689' title='bbox 2950 5346 3020 5405; x_wconf 90' lang='lat' dir='ltr'><strong><em>in</em></strong></span> <span class='ocrx_word' id='word_1_690' title='bbox 3063 5343 3177 5403; x_wconf 81' lang='lat' dir='ltr'><strong><em>hac</em></strong></span> <span class='ocrx_word' id='word_1_691' title='bbox 3215 5343 3417 5403; x_wconf 81' lang='lat' dir='ltr'><strong><em>adhuc</em></strong></span> <span class='ocrx_word' id='word_1_692' title='bbox 3478 5346 3799 5422; x_wconf 80' lang='lat' dir='ltr'><strong><em>corrupti-</em></strong></span> <span class='ocrx_word' id='word_1_693' title='bbox 3882 5392 3887 5393; x_wconf 42' lang='grc' dir='ltr'><em>κ</em></span> 
     </span>
    </p>
   </div>
   <div class='ocr_carea' id='block_1_54' title="bbox 553 5441 3809 5530">
    <p class='ocr_par' dir='ltr' id='par_1_54' title="bbox 553 5441 3809 5530">
     <span class='ocr_line' id='line_1_54' title="bbox 553 5441 3809 5530; baseline -0.006 -11"><span class='ocrx_word' id='word_1_694' title='bbox 553 5457 668 5519; x_wconf 71' lang='lat' dir='ltr'><strong><em>bili</em></strong></span> <span class='ocrx_word' id='word_1_695' title='bbox 701 5474 888 5518; x_wconf 83' lang='lat' dir='ltr'><strong><em>carne</em></strong></span> <span class='ocrx_word' id='word_1_696' title='bbox 921 5455 1295 5530; x_wconf 69' lang='lat' dir='ltr'><strong><em>visentibus,</em></strong></span> <span class='ocrx_word' id='word_1_697' title='bbox 1326 5453 1429 5513; x_wconf 88' lang='lat' dir='ltr'><strong><em>sed</em></strong></span> <span class='ocrx_word' id='word_1_698' title='bbox 1484 5462 1684 5513; x_wconf 90' lang='lat' dir='ltr'><strong><em>tamen</em></strong></span> <span class='ocrx_word' id='word_1_699' title='bbox 1728 5446 2147 5510; x_wconf 70' lang='lat' dir='ltr'><strong><em>inastimabili</em></strong></span> <span class='ocrx_word' id='word_1_700' title='bbox 2194 5446 2431 5507; x_wconf 74' lang='lat' dir='ltr'><strong><em>virtute</em></strong></span> <span class='ocrx_word' id='word_1_701' title='bbox 2463 5441 2899 5514; x_wconf 83' lang='lat' dir='ltr'><strong><em>crescentibus,</em></strong></span> <span class='ocrx_word' id='word_1_702' title='bbox 2948 5441 3217 5521; x_wconf 89' lang='lat' dir='ltr'><strong><em>quodam</em></strong></span> <span class='ocrx_word' id='word_1_703' title='bbox 3267 5443 3809 5520; x_wconf 83' lang='lat' dir='ltr'><strong><em>contemplationis</em></strong></span> 
     </span>
    </p>
   </div>
   <div class='ocr_carea' id='block_1_55' title="bbox 553 5540 3803 5623">
    <p class='ocr_par' dir='ltr' id='par_1_55' title="bbox 553 5540 3803 5623">
     <span class='ocr_line' id='line_1_55' title="bbox 553 5540 3803 5623; baseline -0.005 -10"><span class='ocrx_word' id='word_1_704' title='bbox 553 5552 838 5613; x_wconf 86' lang='lat' dir='ltr'><strong><em>acumine</em></strong></span> <span class='ocrx_word' id='word_1_705' title='bbox 862 5558 1090 5612; x_wconf 69' lang='lat' dir='ltr'><strong><em>aeterna</em></strong></span> <span class='ocrx_word' id='word_1_706' title='bbox 1120 5549 1233 5609; x_wconf 89' lang='lat' dir='ltr'><strong><em>Dei</em></strong></span> <span class='ocrx_word' id='word_1_707' title='bbox 1264 5549 1519 5608; x_wconf 84' lang='lat' dir='ltr'><strong><em>claritas</em></strong></span> <span class='ocrx_word' id='word_1_708' title='bbox 1546 5546 1780 5614; x_wconf 75' lang='lat' dir='ltr'><strong><em>uideri;</em></strong></span> <span class='ocrx_word' id='word_1_709' title='bbox 1815 5544 1929 5605; x_wconf 85' lang='lat' dir='ltr'><strong><em>hoc</em></strong></span> <span class='ocrx_word' id='word_1_710' title='bbox 1959 5561 2198 5623; x_wconf 87' lang='lat' dir='ltr'><strong><em>quoque</em></strong></span> <span class='ocrx_word' id='word_1_711' title='bbox 2233 5563 2270 5601; x_wconf 91' lang='lat' dir='ltr'><strong><em>a</em></strong></span> <span class='ocrx_word' id='word_1_712' title='bbox 2300 5541 2464 5602; x_wconf 87' lang='lat' dir='ltr'><strong><em>beati</em></strong></span> <span class='ocrx_word' id='word_1_713' title='bbox 2494 5540 2619 5600; x_wconf 86' lang='lat' dir='ltr'><strong><em>Job</em></strong></span> <span class='ocrx_word' id='word_1_714' title='bbox 2656 5542 2959 5600; x_wconf 86' lang='lat' dir='ltr'><strong><em>sententia</em></strong></span> <span class='ocrx_word' id='word_1_715' title='bbox 3005 5558 3135 5600; x_wconf 91' lang='lat' dir='ltr'><strong><em>non</em></strong></span> <span class='ocrx_word' id='word_1_716' title='bbox 3195 5540 3511 5611; x_wconf 82' lang='lat' dir='ltr'><strong><em>abhorret,</em></strong></span> <span class='ocrx_word' id='word_1_717' title='bbox 3557 5540 3666 5615; x_wconf 86' lang='lat' dir='ltr'><strong><em>qui</em></strong></span> <span class='ocrx_word' id='word_1_718' title='bbox 3712 5544 3803 5606; x_wconf 67' lang='lat' dir='ltr'><strong><em>ait</em></strong></span> 
     </span>
    </p>
   </div>
   <div class='ocr_carea' id='block_1_56' title="bbox 555 5638 3801 5724">
    <p class='ocr_par' dir='ltr' id='par_1_56' title="bbox 555 5638 3801 5724">
     <span class='ocr_line' id='line_1_56' title="bbox 555 5638 3801 5724; baseline -0.004 -11"><span class='ocrx_word' id='word_1_719' title='bbox 555 5649 704 5723; x_wconf 81' lang='lat' dir='ltr'><strong><em>(Job</em></strong></span> <span class='ocrx_word' id='word_1_720' title='bbox 730 5668 961 5724; x_wconf 79' lang='lat' dir='ltr'><strong><em>uvm,</em></strong></span> <span class='ocrx_word' id='word_1_721' title='bbox 995 5650 1139 5722; x_wconf 68' lang='lat' dir='ltr'><strong><em>2t):</em></strong></span> <span class='ocrx_word' id='word_1_722' title='bbox 1166 5646 1547 5712; x_wconf 75' lang='lat' dir='ltr'><strong><em>Abscondita</em></strong></span> <span class='ocrx_word' id='word_1_723' title='bbox 1571 5654 1658 5707; x_wconf 88' lang='lat' dir='ltr'><strong><em>est</em></strong></span> <span class='ocrx_word' id='word_1_724' title='bbox 1689 5644 1765 5705; x_wconf 86' lang='lat' dir='ltr'><strong><em>ab</em></strong></span> <span class='ocrx_word' id='word_1_725' title='bbox 1801 5642 1997 5705; x_wconf 85' lang='lat' dir='ltr'><strong><em>oculis</em></strong></span> <span class='ocrx_word' id='word_1_726' title='bbox 2028 5642 2300 5706; x_wconf 86' lang='lat' dir='ltr'><strong><em>omnium</em></strong></span> <span class='ocrx_word' id='word_1_727' title='bbox 2345 5641 2711 5709; x_wconf 74' lang='lat' dir='ltr'><strong><em>ricentium;</em></strong></span> <span class='ocrx_word' id='word_1_728' title='bbox 2740 5640 3033 5717; x_wconf 86' lang='lat' dir='ltr'><strong><em>quoniam</em></strong></span> <span class='ocrx_word' id='word_1_729' title='bbox 3080 5638 3360 5717; x_wconf 80' lang='lat' dir='ltr'><strong><em>quisquis</em></strong></span> <span class='ocrx_word' id='word_1_730' title='bbox 3416 5641 3801 5716; x_wconf 82' lang='lat' dir='ltr'><strong><em>sapientiam,</em></strong></span> 
     </span>
    </p>
   </div>
  </div>
