4018 6326
218 316 278 370 29
1420 313 1789 369 I‘Ih-EFATIO
1827 311 2238 370 GENERALlS.
3403 318 3475 375 δ’)

219 444 347 504 qua
383 430 539 488 Deus
575 434 685 495 est,
710 424 898 497 videt,
927 422 1071 483 huic
1100 423 1241 483 riter
1265 420 1554 499 funditus
1592 423 1889 497 moritur,
1935 440 2009 480 ne
2033 423 2167 500 jam
2213 422 2343 500 ejus
2370 439 2576 483 amore
2626 430 2926 483 teneatur.
2977 425 3206 487 Nullus
3252 430 3477 504 quippe
3510 490 3519 513 δ

221 514 552 595 εαπιλυίόίι,
581 526 688 603 qui
714 523 912 583 adhuc
943 521 1283 582 carnaliter
1312 522 1509 590 vivit;
1544 522 1692 599 quia
1720 539 1892 582 nemo
1919 530 2124 599 potest
2154 523 2349 581 Deum
2376 522 2559 583 simul
2595 523 2881 601 amplecti
2912 533 2968 583 et
2992 526 3309 589 saeculum.
3351 529 3477 601 Qui

222 624 377 681 enim
414 625 599 682 Deum
628 621 818 695 videt,
844 639 910 680 eo
949 618 1086 696 ipso
1118 619 1415 689 moritur,
1445 637 1565 695 quo
1603 619 1698 679 vel
1727 620 2076 682 intentione
2108 619 2337 691 cordis,
2366 621 2455 681 vel
2484 622 2703 699 e/Iectu
2748 623 2951 699 operis
2986 622 3060 683 ab
3107 625 3293 703 hujus
3329 627 3473 687 vita

223 716 727 777 delectationibus
755 723 889 775 tota
921 725 1117 775 mente
1142 723 1499 792 separatur.
1539 717 1710 777 Unde
1735 718 1937 778 adhuc
1960 718 2041 777 ad
2082 718 2351 777 eumdem
2390 737 2629 797 quoque
2671 720 2933 798 Moysen
2963 722 3201 784 dicitur
3226 726 3472 802 (Exod.

221 830 452 887 χχχιιι,
487 815 590 892 21)
621 834 639 873 :
668 815 816 878 Non
850 817 1008 876 enim
1048 815 1279 879 videbit
1314 834 1404 875 me
1446 816 1650 888 homo,
1692 827 1750 878 et
1787 821 1976 881 vivet.
2014 819 2104 880 Ac
2147 820 2203 878 si
2254 830 2466 897 aperte
2524 821 2880 883 diceretur:
2927 823 3155 885 Nullus
3205 844 3475 904 unquam

224 915 403 972 Deum
430 916 811 990 spiritaliter
838 916 1032 991 videt,
1062 927 1120 979 et
1147 918 1379 978 mundo
1411 920 1749 981 carnaliter
1775 920 1956 980 vivit.
1990 921 2163 981 Unde
2191 921 2435 982 Paulus
2455 940 2696 999 quoque
2732 923 3076 1000 apostolus,
3124 926 3232 1002 qui
3275 926 3477 986 adhuc

227 1012 332 1075 Dei
362 1013 708 1075 invisibilia
733 1061 750 1091 ,
806 1017 975 1076 sicut
1009 1018 1141 1094 ipse
1173 1023 1437 1077 testatur
1469 1018 1529 1093 (1
1556 1017 1704 1078 Cor.
1740 1035 1880 1091 χιιι,
1914 1018 2039 1095 12),
2085 1037 2167 1077 ea:
2194 1028 2375 1095 parte
2421 1031 2825 1096 cognoverat,
2866 1022 3000 1099 jam
3050 1024 3196 1083 huic
3245 1025 3474 1083 mundo

222 1119 411 1172 totum
440 1130 501 1173 se
529 1125 845 1175 mortuum
874 1135 999 1177 esse
1028 1116 1403 1195 perhibebat,
1438 1116 1646 1177 dicens
1673 1117 1909 1193 (Gn/at.
1943 1136 2031 1190 vr,
2064 1116 2162 1198 ili)
2185 1138 2208 1180 :
2235 1119 2404 1179 Mihi
2434 1119 2704 1179 mundus
2746 1124 3090 1198 cruciﬁxus
3124 1130 3236 1196 est,
3266 1132 3322 1182 et
3368 1141 3474 1200 ego

222 1211 472 1273 mundo.
510 1214 660 1276 Hinc
691 1215 930 1275 idcirco
960 1217 1467 1285 observavimus,
1496 1220 1563 1274 ut
1594 1214 1805 1291 palam
1834 1215 1943 1276 ﬁat
1968 1218 2321 1278 doctrinam
2344 1217 2446 1278 hic
2466 1226 2773 1278 assertam
2804 1216 2971 1277 haud
3006 1236 3293 1296 pugnare
3321 1238 3465 1279 cum

230 1308 535 1387 opinione
569 1313 633 1372 in
672 1312 908 1374 scholis
946 1314 1101 1375 satis
1130 1318 1406 1392 recepta,
1429 1313 1717 1391 Moysen,
1748 1321 2040 1375 sanctum
2067 1316 2359 1391 Paulum,
2393 1322 2457 1376 et
2484 1324 2774 1376 sanctum
2802 1317 3207 1377 Benedictum
3236 1317 3472 1379 divina:

224 1410 515 1470 assentire
547 1411 792 1472 visione
825 1414 1057 1489 potitos
1086 1430 1261 1485 esse;
1291 1413 1481 1489 quod,
1513 1418 1829 1491 quantum
1869 1414 1948 1477 ad
1998 1422 2291 1477 sanctum
2348 1417 2751 1478 Benedictum
2787 1424 3049 1497 spectat,
3080 1421 3333 1479 eruitur
3385 1436 3467 1480 ex

220 1508 326 1570 lib.
358 1529 405 1570 ιι
440 1512 719 1590 Dialog.,
748 1530 802 1573 c.
831 1512 929 1571 35.

305 1610 484 1673 XIII.
532 1613 834 1673 Doctrina
861 1610 1285 1673 Eucharistia:
1311 1611 1609 1673 adversus
1655 1632 1853 1675 novos
1877 1615 2193 1678 haereticos
2221 1627 2457 1679 asserta
2491 1638 2567 1679 ex
2592 1626 2809 1679 sancto
2837 1619 3169 1696 Gregorio,
3208 1636 3471 1698 presser-

224 1711 334 1769 tim
356 1711 428 1772 de
452 1730 621 1772 nocte
646 1713 795 1789 legis
823 1713 1131 1791 sacri/icio
1158 1721 1215 1772 et
1235 1717 1567 1789 praesentia
1590 1715 1748 1773 reali
1778 1717 2013 1778 Christi
2043 1720 2107 1778 in
2134 1719 2563 1783 Eucharistia.
2602 1754 2673 1763 —
2705 1720 2941 1779 Omnes
2972 1719 3110 1781 ﬁdei
3140 1721 3471 1793 articulos,

223 1810 299 1869 de
333 1813 559 1884 quibus
592 1812 771 1872 nobis
801 1818 895 1872 est
923 1830 1067 1873 cum
1114 1800 1524 1885 Lutheranis,
1557 1823 1617 1875 et
1648 1818 2040 1889 Calvinistis,
2071 1820 2345 1898 aliisque
2396 1822 2578 1881 novis
2637 1821 2949 1882 haereticis
3003 1824 3466 1893 controversia,

224 1926 299 1968 ex
338 1915 559 1968 sancto
592 1910 900 1987 Gregorio
930 1910 1256 1987 sigillatim
1286 1913 1589 1987 probatos
1620 1919 1674 1974 et
1708 1924 1983 1975 assertos
2016 1917 2227 1993 legere
2252 1918 2394 1977 licet
2428 1919 2488 1978 in
2521 1918 2606 1995 (a)
2640 1919 3035 1996 Canfessione
3057 1919 3469 1996 Gregoriana,

221 2014 475 2067 auctore
532 2007 865 2066 Theodoro
920 2010 1171 2067 Petreio
1232 2008 1568 2085 Campensi
1637 2011 2034 2072 Coloniensis
2087 2015 2443 2075 Carthusias
2506 2015 2793 2074 alumno.
2845 2016 3008 2088 Quid
3080 2016 3468 2075 Iuculentius

231 2107 344 2166 hoc
385 2106 792 2182 Dialogorum
832 2108 1197 2167 testimonio
1225 2108 1336 2167 lib.
1368 2126 1455 2180 iv,
1486 2126 1544 2169 c.
1569 2109 1670 2184 58,
1701 2111 1777 2170 ad
1812 2111 2231 2188 probandum,
2268 2117 2400 2172 tum
2433 2114 2835 2173 incruentum
2867 2131 3048 2174 novre
3076 2113 3233 2192 legis
3267 2116 3472 2174 sacri-

228 2204 466 2278 ﬁcium,
501 2210 633 2264 tum
672 2204 908 2264 realem
939 2206 1223 2284 corporis
1255 2212 1313 2266 et
1341 2208 1671 2285 sanguinis
1701 2210 1848 2269 Jesu
1884 2211 2114 2273 Christi
2164 2212 2564 2288 prmsentiam
2608 2211 2669 2270 in
2701 2210 3103 2273 Encharistia
3132 2231 3148 2270 :
3178 2212 3471 2273 Debemus

219 2304 426 2380 itaque
448 2320 717 2380 prasens
745 2305 1034 2364 saeculum
1066 2305 1156 2365 rel
1185 2304 1329 2383 quia
1361 2307 1493 2383 jam
1524 2308 1936 2386 conspicimus
1971 2307 2324 2388 defluxisse,
2361 2316 2495 2368 tota
2548 2317 2743 2368 mente
2793 2320 3194 2378 contemnere,
3247 2311 3470 2387 quoti-

218 2399 408 2460 diana
432 2402 554 2460 Deo
591 2401 1003 2478 lacrymarum
1033 2404 1368 2481 sacriﬁcia,
1413 2404 1814 2482 quotidianus
1841 2392 2048 2466 carnis
2078 2408 2208 2484 ejus
2236 2416 2288 2465 et
2324 2407 2652 2483 sanguinis
2678 2407 2915 2465 hostias
2946 2405 3286 2466 immolare.
3323 2407 3470 2467 llerc

216 2517 474 2577 namque
503 2499 909 2575 singulariter
931 2501 1178 2561 victima
1205 2501 1279 2560 ab
1299 2510 1529 2561 esterno
1560 2504 1822 2565 interitu
1853 2505 2118 2564 animam
2154 2506 2379 2579 salvat,
2428 2524 2561 2583 quae
2595 2505 2767 2566 illam
2803 2505 2982 2565 nobis
3026 2514 3283 2564 mortem
3314 2506 3471 2589 Uni-

215 2599 414 2677 geniti
434 2618 543 2678 per
570 2603 928 2679 mysterium
956 2610 1205 2678 reparat
1229 2623 1247 2671 ;
1279 2606 1388 2681 qui
1411 2604 1552 2666 licet
1578 2622 1903 2682 resurgens
1932 2627 1966 2666 a
2000 2609 2265 2666 mortuis
2280 2606 2414 2684 jam
2440 2624 2568 2666 non
2598 2609 2891 2678 moritur,
2928 2614 2982 2665 et
3018 2622 3186 2665 mors
3215 2605 3270 2662 ei
3298 2604 3472 2664 ultra

219 2713 347 2753 non
385 2695 850 2764 dominebitur;
888 2709 1091 2758 tamen
1118 2701 1186 2760 in
1219 2704 1538 2778 semetipso
1575 2703 2018 2763 immortaliter
2052 2714 2232 2783 atque
2274 2705 2848 2783 incorruptibiliter
2884 2706 3260 2782 vivens,pro
3292 2704 3471 2765 nobis

213 2796 443 2856 iterum
467 2799 532 2855 in
560 2798 676 2858 hoc
708 2800 1003 2875 mysterio
1034 2816 1224 2859 sacrae
1265 2798 1603 2861 oblationis
1624 2801 2002 2861 immolatur.
2036 2803 2199 2879 Ejus
2217 2804 2441 2881 quippe
2462 2802 2550 2863 ibi
2588 2820 2812 2881 corpus
2847 2802 3140 2871 sumitur,
3178 2802 3308 2879 ejus
3326 2818 3470 2861 caro

215 2894 282 2952 in
305 2895 530 2971 populi
552 2897 807 2957 salutem
833 2899 1142 2975 partitur,
1178 2897 1311 2973 ejus
1338 2899 1594 2974 sanguis
1624 2916 1751 2957 non
1768 2899 1906 2976 jam
1941 2900 2008 2960 in
2039 2917 2253 2957 manus
2286 2899 2648 2977 inﬁdelium,
2681 2897 2784 2957 sed
2804 2898 2872 2956 in
2900 2914 3011 2956 ora
3042 2896 3309 2974 ﬁdelium
3328 2899 3474 2972 fun-

220 3000 415 3058 ditur.
453 2999 625 3061 Hinc
653 3018 796 3077 ergo
830 3019 1175 3078 pensemus,
1205 3001 1385 3077 quale
1413 3007 1492 3059 sit
1526 3018 1641 3076 pro
1664 3001 1843 3060 nobis
1878 3001 1994 3061 hoc
2027 3002 2426 3081 sacriﬁcium,
2458 3002 2625 3078 quod
2671 3016 2788 3077 pro
2835 2997 3222 3059 absolutione
3258 3007 3476 3058 nostra

214 3098 559 3171 passionem
602 3100 925 3175 Unigeniti
956 3097 1117 3160 Filii
1142 3114 1376 3172 semper
1408 3099 1714 3158 imitatur.
1744 3097 1900 3171 Quis
1932 3099 2091 3157 enim
2125 3099 2400 3176 ﬁdelium
2446 3096 2663 3155 habere
2691 3095 2948 3155 dubium
2986 3096 3211 3173 possit,
3244 3096 3310 3153 in
3340 3096 3474 3172 ipsa

214 3196 666 3256 immolationis
693 3197 848 3257 hera
874 3197 956 3257 ad
980 3196 1321 3256 sacerdotis
1346 3214 1551 3255 roeem
1584 3197 1761 3254 ccelos
1792 3195 2052 3272 aperiri,
2087 3195 2151 3253 in
2183 3194 2295 3255 illo
2330 3195 2373 3251 J
2381 3212 2481 3255 esu
2511 3192 2754 3251 Christi
2783 3194 3075 3268 mysterio
3107 3194 3470 3269 angelorum

215 3299 438 3356 choros
471 3296 706 3374 adesse,
737 3284 987 3358 summis
1021 3315 1143 3361 ima
1176 3312 1428 3368 sociari,
1456 3305 1696 3354 terrena
1718 3292 2059 3355 caelestibus
2092 3292 2306 3371 jungi,
2351 3309 2655 3369 unumque
2684 3309 2761 3350 ea:
2788 3288 3137 3350 visibilibus
3166 3298 3349 3368 atque
3378 3291 3472 3350 in-

212 3396 560 3459 risibilibus
593 3400 730 3476 ﬁeri
747 3400 778 3457 ?

294 3497 385 3556 De
419 3498 830 3577 confessionis
858 3496 1385 3575 absolutionisque
1420 3495 1824 3555 sacerdotalis
1852 3495 2231 3561 necessitate,
2254 3500 2310 3551 et
2339 3491 2410 3552 de
2439 3491 2739 3551 Ecclesia:
2767 3492 3172 3551 auctoritate.
3203 3524 3277 3535 —
3300 3490 3472 3552 Con-

222 3595 520 3657 lessiunis
564 3604 626 3659 et
655 3600 1079 3661 absolutionis
1119 3600 1528 3661 sacerdotalis
1567 3598 1916 3659 necessitas
1952 3596 2207 3672 probari
2245 3601 2446 3674 potest
2479 3593 2692 3655 multis
2721 3611 2798 3652 ex
2846 3593 3027 3668 locis,
3059 3597 3338 3653 maxime
3385 3612 3463 3652 ex

210 3695 324 3758 lih.
356 3715 495 3757 χχιι
530 3699 785 3771 Moral.,
822 3718 887 3760 n.
916 3701 1014 3770 3t,
1055 3707 1117 3760 et
1151 3702 1322 3762 hom.
1355 3702 1432 3760 26
1460 3702 1520 3760 in
1552 3698 1824 3775 Evang.,
1857 3717 1919 3758 n.
1959 3697 2022 3769 ιι,
2056 3696 2113 3765 5,
2149 3697 2214 3770 6,
2253 3698 2355 3756 ubi
2411 3698 2529 3757 sub
2557 3695 2878 3757 schemate
2914 3695 3138 3754 Lazari
3172 3692 3250 3753 ex
3307 3711 3477 3752 mor~

214 3795 340 3856 tuis
368 3813 403 3857 a
434 3797 687 3858 Christo
723 3801 1027 3875 revocati,
1061 3808 1122 3860 et
1150 3802 1229 3859 ab
1260 3800 1396 3877 ejus
1437 3798 1741 3876 apostolis
1778 3796 1995 3867 soluti,
2038 3795 2397 3871 explicatur
2446 3793 2802 3869 peccatoris
2866 3810 2975 3867 per
3006 3791 3473 3851 confessionem

212 3906 619 3975 peccatorum
657 3918 692 3961 c
722 3900 1020 3976 sepulcro
1055 3900 1422 3977 prodeuntis
1452 3897 1840 3958 resurrectio
1868 3900 1931 3955 et
1975 3894 2237 3953 solutio.
2277 3893 2518 3951 Lazaro
2551 3906 2695 3965 ergo
2746 3888 3019 3960 dicitur,
3062 3889 3221 3949 Veni
3260 3890 3474 3963 foras:

210 4017 283 4058 ac
325 3998 381 4057 si
406 4008 614 4076 aperte
648 3999 900 4061 cuilibet
930 4010 1175 4061 mortuo
1212 4000 1278 4060 in
1317 3999 1499 4075 culpa
1532 3996 1884 4059 diceretur:
1921 3994 2045 4055 Cur
2072 4000 2306 4052 reatum
2345 4000 2519 4050 tuum
2551 3993 2723 4049 intra
2759 3988 3195 4049 conscientiam
3217 3990 3475 4048 abscono

208 4096 354 4156 dis?
384 4096 578 4156 Foras
591 4099 724 4177 jam
749 4115 862 4175 per
892 4100 1334 4176 confessionem
1365 4096 1668 4173 egredere,
1699 4095 1808 4172 qui
1836 4090 2008 4171 apud
2046 4095 2113 4148 te'
2137 4088 2400 4149 interius
2441 4104 2553 4164 per
2596 4087 2979 4165 negationem
3028 4085 3204 4144 lates.
3252 4086 3470 4147 Veniat

207 4197 421 4272 itaque
444 4198 618 4273 foras
651 4207 961 4267 mortuus,
989 4198 1057 4258 id
1082 4206 1171 4256 est
1197 4196 1441 4274 culpam
1465 4196 1841 4272 conﬁteatur
1863 4199 2180 4270 peccator.
2228 4186 2572 4247 Venientem
2603 4204 2748 4246 vero
2775 4186 2949 4262 foras
2983 4183 3233 4244 solvant
3275 4184 3472 4247 disci-

204 4294 387 4369 puli;
417 4303 485 4352 ut
532 4304 816 4371 pastores
850 4296 1151 4357 Ecclesiae
1184 4297 1240 4355 ei
1264 4313 1505 4374 poenam
1547 4290 1806 4352 debeant
1831 4306 2134 4360 amovere,
2174 4305 2353 4366 quam
2404 4286 2652 4355 meruit,
2689 4285 2799 4363 qui
2840 4302 2968 4342 non
2999 4283 3243 4343 erubuit
3280 4288 3472 4364 conﬁ-

207 4395 332 4454 teri
354 4395 523 4472 quod
546 4397 715 4473 fecit.
752 4398 900 4458 Iliae
931 4398 1003 4458 de
1025 4400 1362 4460 solutionis
1387 4398 1607 4459 ordine
1643 4395 1911 4457 breviter
1937 4394 2231 4467 dixerim,
2268 4398 2336 4453 ut
2364 4390 2475 4451 sub
2497 4407 2719 4468 magno
2748 4386 3162 4448 moderamine
3187 4394 3468 4464 pastores

205 4492 510 4555 Ecclesia
528 4496 621 4556 vel
648 4497 881 4557 solvere
910 4498 1228 4574 studeant,
1257 4497 1351 4559 vel
1377 4498 1597 4575 ligare.

286 4594 525 4654 Omnes
552 4602 774 4658 contra
802 4599 1183 4660 catholicam
1215 4598 1401 4658 [idem
1432 4612 1685 4657 errores
1723 4597 1833 4655 aut
1861 4592 1995 4672 jam
2031 4596 2315 4663 exortus,
2345 4594 2459 4651 aut
2501 4592 2562 4647 in
2598 4592 2921 4665 posterum
2959 4585 3238 4645 orituros
3269 4586 3462 4645 simul

202 4692 529 4770 Oppressit
563 4702 825 4757 sanctus
854 4697 1090 4759 Doctor
1106 4711 1470 4773 supremam
1496 4693 1793 4755 Ecclesia:
1814 4692 2260 4753 auctoritatem
2286 4690 2347 4748 in
2376 4688 2664 4749 conciliis
2682 4684 3089 4747 oecumenicis
3116 4687 3467 4748 astruendo

199 4792 268 4852 in
307 4794 580 4872 epistola
613 4811 731 4854 sua
759 4796 1063 4872 synodica
1100 4796 1176 4856 ad
1210 4794 1607 4872 patriarchas
1636 4793 1797 4861 (Lib.
1826 4811 1873 4867 ι,
1903 4793 2087 4870 epist.
2118 4791 2263 4866 25):
2304 4789 2494 4864 Quia,
2545 4788 2781 4864 inquit,
2829 4785 3014 4845 corde
3066 4786 3349 4847 creditur
3386 4787 3469 4847 ad

197 4890 537 4962 iustitiam,
568 4909 672 4951 ore
700 4901 901 4950 autem
931 4894 1232 4970 confessio
1262 4895 1332 4972 ﬁt
1362 4891 1442 4953 ad
1474 4892 1755 4962 salutem,
1799 4892 1962 4952 sicut
1990 4890 2193 4950 sancti
2229 4887 2566 4965 Evangelii
2598 4894 2870 4966 quatuor
2905 4882 3124 4955 libros,
3172 4886 3261 4945 sic
3305 4903 3467 4963 qua-

195 4999 354 5051 tuor
386 4992 656 5053 concilia
687 4993 998 5070 suscipere
1022 5002 1077 5054 et
1104 4995 1386 5056 venerari
1413 5012 1504 5053 me
1523 4994 1750 5072 fateor.
1783 4991 2104 5053 Nicmnum
2140 4989 2401 5063 scilicet,
2433 4990 2499 5048 in
2532 5005 2652 5066 quo
2681 5002 3036 5063 perversum
3080 4984 3220 5043 Arii
3244 4983 3464 5059 dogma

193 5090 589 5162 destruitur;
619 5090 1379 5170 Constantinopolitanum
1406 5108 1672 5170 quoque,
1703 5090 1772 5149 in
1811 5105 1932 5168 quo
1980 5089 2283 5150 Eunomii
2318 5097 2374 5149 et
2422 5085 2786 5147 Macedonii
2819 5098 2996 5143 error
3026 5082 3424 5145 cattrincilur
3444 5103 3467 5151 ,-

201 5187 595 5264 Ephesinum
625 5189 804 5246 etiam
827 5191 1119 5266 primum,
1142 5192 1208 5252 in
1234 5208 1354 5269 quo
1382 5189 1667 5250 Nestorii
1691 5190 2355 5268 impietasjudicatur;
2374 5185 2865 5247 Chalcedonense
2888 5199 3051 5251 vero,
3083 5182 3147 5241 in
3175 5198 3296 5258 quo
3326 5184 3467 5244 Eu-

191 5286 432 5362 tychis,
479 5284 891 5363 Dioscorique
920 5300 1203 5364 pravitas
1248 5286 1845 5364 reprobaturrtotu
1879 5285 2209 5345 devotione
2252 5284 2653 5362 complector,
2703 5278 3101 5357 integerrima
3157 5280 3466 5356 approba-

192 5384 371 5444 tione
402 5381 902 5458 custodio;quia
931 5384 997 5442 in
1030 5384 1123 5443 his
1149 5386 1312 5445 velut
1347 5386 1411 5446 in
1447 5384 1751 5461 quadrato
1778 5384 2009 5462 lapide,
2042 5393 2272 5443 sancta:
2309 5383 2454 5462 ﬁdei
2490 5388 2817 5440 structura
2851 5377 3208 5455 consurgit;
3242 5389 3298 5438 et
3354 5401 3460 5440 cu-

191 5480 451 5553 iuslibet
484 5480 626 5538 vita:
654 5485 838 5556 atque
868 5479 1134 5540 actionis
1162 5482 1413 5555 existat,
1460 5482 1739 5560 quisquis
1765 5498 1976 5542 eorum
2012 5480 2393 5543 soliditatem
2425 5496 2553 5540 non
2586 5488 2772 5555 tenet,
2820 5480 3006 5542 etiam
3048 5482 3105 5542 si
3135 5481 3297 5561 lapis
3342 5501 3464 5544 esse

262 5656 350 5728 (α)
379 5657 615 5713 Colonia:
637 5657 776 5731 apud
804 5659 1095 5716 Arnoldum
1125 5648 1479 5728 Quentelium,
1509 5674 1598 5714 an.
1640 5657 1773 5713 1605
