4018 6312
560 277 623 333 δι
1642 254 1645 255 ί
1788 282 2147 340 PREFATIG

2223 282 2608 342 lENERALIS.
3738 281 3810 336 3‘2

563 397 869 472 cernitur,
901 403 1099 456 tamen
1126 402 1308 457 extra
1341 396 1667 477 (edi/icium
1683 399 1876 477 jacet.
1908 398 2213 472 Quintum
2239 419 2478 479 quoque
2532 400 2862 461 concilium
2888 400 3130 476 pari-ter
3157 412 3439 471 veneror,
3482 397 3550 456 in
3581 415 3700 474 quo
3752 407 3807 455 et

563 498 846 573 epistola,
876 516 1008 576 quw
1035 499 1161 558 Iba:
1184 500 1443 572 dicitur,
1473 500 1702 559 erroris
1736 500 1948 577 plena,
1973 501 2371 578 reprobatur.
2408 501 2767 561 Theodorus
2794 517 3121 577 personam
3166 498 3540 559 Mediatoris
3581 498 3695 559 Dei
3751 508 3805 559 et

563 595 877 653 hominum
912 597 979 653 in
1010 596 1247 655 duabus
1276 596 1689 655 subsistentiis
1718 614 2038 674 separons,
2061 597 2141 657 ad
2176 598 2513 673 impietatis
2541 598 2865 675 perﬁdiam
2896 597 3180 656 cecidisse
3200 598 3614 656 convincitur.
3633 598 3807 657 Scri-

559 699 666 763 pta
692 710 930 770 quoque
957 692 1350 761 Tlteodoriti,
1384 708 1495 768 per
1516 711 1648 769 qua:
1674 692 1834 753 beati
1870 695 2092 771 Cyrilli
2121 695 2269 772 fides
2298 695 2793 771 reprehenditur,
2823 713 2980 754 ausu
3011 694 3326 754 dementia:
3353 694 3607 771 prolata
3631 696 3807 773 refu-

562 797 802 847 tantur.
834 792 1102 852 Cunctas
1128 806 1268 848 vero
1299 807 1450 866 quas
1468 795 1736 869 prtefata
1772 795 2119 855 veneranda
2154 794 2423 855 concilia
2455 812 2751 873 personas
2786 802 3112 871 respuunt,
3148 812 3405 872 respuo;
3432 814 3585 874 quas
3624 815 3807 857 vene-

560 896 811 958 rantur,
844 889 1213 964 amplector;
1250 890 1396 967 quia
1424 891 1567 949 dum
1592 892 1934 954 universali
1955 902 2100 953 sunt
2131 911 2431 952 consensu
2460 893 2827 963 constituta,
2862 911 2924 952 se
2949 900 3007 951 et
3028 910 3150 951 non
3177 892 3286 952 illa
3312 892 3603 965 destruit,
3636 897 3802 972 quis-

554 986 691 1060 quis
715 990 1175 1060 prtesumitaut
1204 990 1439 1051 solvere
1469 1010 1621 1069 quos
1659 993 1954 1071 religant,
1990 1002 2102 1052 aut
2147 992 2344 1069 ligare
2391 1010 2545 1070 quos
2573 991 2845 1050 solvunt.
2881 991 3176 1068 Quisquis
3204 1008 3345 1067 ergo
3392 990 3569 1051 aliud
3610 994 3801 1069 sapit,

552 1083 871 1144 anathema
902 1087 1006 1145 sit.
1056 1088 1349 1167 Quisquis
1383 1108 1524 1151 vero
1552 1092 1995 1170 praedictarum
2021 1092 2404 1170 synodorum
2436 1091 2613 1170 ﬁdem
2650 1098 2834 1161 tenet,
2864 1107 2997 1166 pas:
3028 1090 3082 1148 ei
3107 1089 3189 1149 sit
3217 1107 3255 1147 a
3286 1090 3409 1148 Deo
3439 1090 3653 1162 Patre,
3680 1095 3799 1152 etc.

631 1182 743 1242 Hic
779 1186 947 1246 vides
981 1203 1194 1262 parem
1233 1191 1676 1250 auctoritatem
1714 1192 1939 1268 quinto
1978 1191 2256 1251 concilio
2284 1176 2472 1249 tribui
2522 1205 2599 1249 ac
2626 1196 2909 1264 quatuor
2955 1188 3300 1261 prioribus,
3337 1187 3639 1264 aliudque
3688 1206 3802 1250 sa-

550 1280 742 1357 pll‘Dli
796 1283 916 1343 dici
964 1287 1327 1347 anathema.
1381 1288 1789 1364 Quapmpter
1850 1288 2111 1365 quando
2170 1288 2384 1348 mitius
2435 1288 2566 1365 egit
2622 1292 2879 1346 sanctus
2916 1286 3263 1363 Gregorius
3321 1304 3464 1346 cum
3520 1282 3802 1349 Theode-

549 1379 717 1440 linda
758 1383 1319 1459 Langobardorum
1349 1387 1594 1463 regina,
1628 1395 1689 1446 et
1720 1404 1866 1447 cum
1903 1386 2234 1446 nonnullis
2269 1386 2378 1462 qui
2421 1386 2641 1460 synodi
2675 1384 2864 1461 hujus
2895 1384 3259 1443 auctoritati
3297 1383 3356 1442 in
3398 1385 3586 1444 trium
3619 1388 3795 1463 capi-

552 1482 829 1541 tulorum
871 1484 1275 1545 damnatione
1330 1488 1771 1563 obtemperare
1815 1487 2274 1558 detrectabant,
2313 1485 2401 1544 uti
2435 1484 2711 1543 diximus
2763 1484 2825 1541 in
2882 1483 3079 1559 ipsius
3115 1483 3284 1557 Vita,
3348 1500 3462 1543 nec
3524 1501 3641 1544 eos
3683 1503 3799 1562 pro

548 1582 964 1641 schismaticis
995 1584 1235 1655 habuit,
1274 1602 1428 1644 usus
1462 1592 1555 1646 est
1588 1585 1885 1663 prudenti
1912 1584 2191 1662 quadam
2220 1583 2606 1653 mcenomia;
2648 1583 2805 1641 forte
2835 1582 3003 1658 quod
3043 1600 3153 1641 eos
3199 1582 3562 1658 ignorantia
3614 1583 3799 1645 labo-

547 1696 691 1738 rare
731 1684 935 1757 potius
968 1699 1161 1758 quam
1194 1701 1386 1760 prava
1414 1683 1630 1760 aliqua
1666 1685 1993 1743 voluntate
2028 1692 2317 1744 noverat.
2352 1683 2639 1756 Cumque
2667 1680 2877 1740 doceri
2927 1698 3051 1739 non
3093 1680 3464 1759 rel'ugerint,
3498 1686 3799 1758 sperabat

547 1782 831 1840 Lturum
868 1789 931 1840 ut
959 1785 1433 1859 resipiscerent.
1462 1786 1597 1846 Hoc
1645 1787 1829 1846 modo
1861 1786 2256 1846 intellectum
2286 1787 2581 1844 volumus
2611 1783 2917 1861 quidquid
2957 1784 3106 1843 alibi
3152 1785 3431 1843 diximus
3473 1787 3547 1845 de
3588 1788 3799 1847 sancti

545 1880 832 1953 Gregorii
873 1881 1207 1944 tolerantia
1259 1903 1409 1962 erga
1443 1904 1548 1945 eos
1577 1886 1683 1962 qui
1714 1904 1856 1946 cum
1884 1902 1922 1947 a
1956 1895 2191 1947 sanctas
2226 1885 2390 1946 sedis
2423 1887 2866 1945 communione
2894 1903 3018 1944 non
3051 1885 3489 1960 recessissent,
3515 1886 3797 1944 nondum

543 1987 779 2051 tamen,
816 1985 880 2036 ut
912 1980 1031 2040 tria
1063 1984 1560 2044 condemnarent
1591 1986 1871 2061 capitula
1903 1990 2242 2061 potuerant
2268 1982 2519 2045 adduci.

624 2100 793 2159 XIV.
841 2101 1287 2175 Quietistarum
1317 2123 1496 2165 error
1524 2124 1599 2165 ex
1628 2105 1928 2183 Gregorio
1958 2103 2347 2179 exploditur.
2379 2135 2453 2147 —
2487 2106 2572 2164 De
2603 2104 2843 2182 puriori
2876 2121 3123 2163 morum
3152 2102 3436 2162 doctrina
3481 2102 3541 2162 in
3573 2102 3796 2161 omni-

549 2198 665 2257 bus
698 2199 1103 2275 Gregorianis
1131 2204 1433 2279 operibus
1466 2203 1717 2275 tradita,
1755 2203 2070 2263 disserere
2098 2200 2490 2277 superﬂuum
2532 2202 2715 2262 foret.
2743 2203 2924 2263 Certe
2956 2220 3174 2262 omnes
3205 2203 3440 2262 ethices
3479 2203 3794 2265 Christia-

547 2316 643 2355 na!
676 2300 1010 2374 magistros
1041 2301 1230 2378 longo
1264 2312 1401 2380 post
1430 2322 1496 2364 se
1531 2304 1868 2365 intervallo
1902 2302 2281 2379 Gregorium
2318 2303 2653 2379 reliquisse
2690 2323 2873 2365 nemo
2910 2304 3038 2365 fere
3069 2305 3381 2365 dissentit.
3423 2304 3615 2363 Libro
3648 2321 3789 2363 xxu

540 2396 791 2467 Moral.,
820 2415 882 2455 ιι.
918 2398 1018 2468 35,
1057 2403 1531 2462 emendavimus
1567 2422 1825 2482 gravem
1864 2419 2176 2479 errorem,
2205 2402 2312 2478 qui
2345 2420 2421 2461 ex
2473 2404 2631 2462 Edit.
2683 2405 3029 2465 Basil‘eensi
3075 2404 3227 2463 151's
3270 2405 3334 2464 in
3379 2404 3538 2464 alias
3568 2420 3787 2464 omnes

540 2498 923 2570 posteriores
979 2495 1321 2576 irrepserat
1381 2503 1592 2562 invitis
1632 2500 2083 2576 manuscriptis
2136 2500 2495 2561 Codicibus.
2546 2503 2903 2579 Legebatur
2937 2504 3105 2563 enim
3165 2503 3340 2579 prius
3384 2523 3398 2560 :
3448 2502 3498 2562 Α
3542 2503 3786 2562 cunctis

537 2597 761 2673 quippe
793 2601 1069 2660 erternis
1120 2600 1386 2661 motibus
1428 2601 1693 2661 eamdem
1732 2601 2132 2661 intentionem
2169 2618 2365 2674 suam,
2400 2603 2577 2679 quasi
2611 2602 2926 2681 quemdam
2978 2602 3446 2671 secretissimum
3494 2618 3790 2660 secessum

536 2699 717 2773 petit,
748 2697 949 2778 ibique
972 2700 1560 2760 incommutabiliter
1588 2698 1917 2771 inluerens,
1948 2709 2006 2761 et
2041 2700 2367 2761 mutabilia
2400 2710 2621 2762 cuncta
2652 2701 3110 2771 transcenderis,
3148 2703 3281 2778 ipsa
3319 2702 3446 2777 jam
3478 2700 3787 2778 tranquil-

535 2797 711 2855 litate
740 2798 965 2876 quietis
989 2816 1113 2858 sute
1140 2798 1205 2858 in
1228 2798 1454 2858 mundo
1500 2810 1685 2860 extra
1717 2800 2013 2861 mundum
2042 2810 2151 2861 est.
2184 2802 2332 2861 Haec
2365 2818 2558 2878 quam
2613 2798 2895 2862 faverent
2936 2800 3284 2873 Quieti'stis,
3322 2798 3447 2857 imo
3482 2805 3541 2857 et
3572 2797 3783 2859 Calvia

536 2900 716 2958 nisus
748 2902 965 2977 gratiae
1004 2901 1600 2963 inamissihililatem
1632 2905 1957 2965 tuentibus
1986 2921 2172 2965 nemo
2221 2922 2347 2965 non
2385 2905 2570 2965 videt.
2600 2904 2717 2964 Sed
2750 2922 2864 2981 pro
2902 2901 3512 2977 incommutabiliter,
3570 2901 3787 2978 legen-

534 2998 683 3055 dum
716 2997 1233 3073 incommutabili,
1269 3006 1333 3058 ut
1363 3000 1424 3059 in
1465 3007 1613 3060 nota
1644 3001 1721 3060 ad
1766 3002 1937 3061 hunc
1972 3003 2181 3061 locum
2234 3002 2670 3077 probavimus.
2704 3000 2975 3060 Aliunde
3021 3018 3169 3059 vero
3204 3005 3449 3060 constat
3497 2998 3571 3059 ad
3613 3016 3785 3056 men-

533 3102 657 3152 tem
692 3096 892 3153 sancti
925 3096 1213 3155 Doctoris
1248 3096 1798 3174 contemplationis
1841 3099 2108 3175 gratiam
2147 3098 2516 3160 diuturnam
2543 3116 2669 3158 non
2701 3116 2867 3169 esse,
2907 3100 3015 3159 sed
3051 3082 3277 3175 raptim
3314 3100 3596 3159 concedi.
3647 3100 3788 3171 Qua

532 3192 608 3250 de
643 3208 708 3250 re
740 3190 878 3269 lege
911 3193 952 3250 Ι.
983 3210 1020 3253 v
1051 3193 1304 3268 Moral.,
1334 3212 1507 3255 num.
1537 3193 1641 3267 52,
1667 3194 1769 3267 57,
1801 3194 1903 3270 58,
1934 3196 2046 3267 60;
2076 3212 2119 3256 ei

2212 3198 2270 3256 b.
2306 3213 2439 3269 vm,
2469 3214 2534 3256 n.
2565 3196 2643 3255 b9
2671 3202 2733 3256 et
2762 3182 2860 3254 50.
2894 3195 3210 3265 Libr023,
3250 3214 3313 3253 n.
3346 3194 3445 3266 1:3,
3476 3196 3631 3255 mire
3663 3214 3787 3255 ex-

535 3292 851 3366 plicantur
880 3290 997 3367 piae
1024 3290 1249 3351 anima:
1276 3298 1544 3352 conatus
1577 3293 1651 3352 ad
1687 3293 1885 3353 Deum
1913 3291 2375 3364 contendentis,
2410 3297 2475 3353 at
2503 3293 2842 3353 relabentis
2870 3293 2946 3351 ad
2978 3309 3045 3352 se
3073 3309 3088 3349 :
3117 3290 3287 3351 Unde
3321 3290 3656 3369 aliquando
3694 3291 3776 3351 ad

536 3388 859 3465 quamdam
888 3390 1250 3449 inusitatam
1276 3390 1655 3452 dulcedinem
1687 3393 1921 3453 interni
1953 3392 2201 3467 saporis
2248 3390 2628 3463 admittitur,
2660 3407 2731 3449 ac
2776 3389 3008 3465 raptim
3056 3387 3264 3465 aliquo
3317 3389 3495 3446 modo
3528 3385 3779 3446 ardenti

534 3489 774 3563 spiritu
805 3489 1023 3568 afflata
1052 3500 1428 3559 renovatur;
1459 3500 1752 3570 tantoque
1772 3492 1968 3569 magis
1999 3491 2222 3566 inhiat,
2247 3498 2479 3570 quanto
2502 3489 2695 3567 magis
2725 3488 2891 3567 quod
2919 3499 3074 3549 amet
3106 3488 3412 3564 degustat.
3445 3488 3642 3566 Atque
3669 3487 3784 3547 hoc

536 3590 715 3648 intra
756 3610 816 3649 se
842 3592 1105 3667 appetit,
1141 3590 1309 3670 quod
1336 3591 1457 3652 sibi
1491 3592 1667 3653 dulce
1696 3592 2072 3651 intrinsecus
2112 3591 2337 3657 sentit;
2369 3590 2515 3668 quia
2554 3588 2832 3648 videlicet
2866 3587 2997 3665 ejus
3023 3604 3226 3647 amore
3266 3585 3613 3650 dulcedinis
3665 3584 3784 3645 sibi

535 3711 743 3754 coram
770 3713 830 3753 se
862 3694 1083 3763 viluit;
1115 3703 1169 3754 et
1194 3704 1517 3774 postquam
1550 3694 1709 3754 hanc
1735 3702 2050 3772 utcunque
2075 3694 2394 3769 percipere
2420 3690 2654 3768 potuit,
2686 3688 2837 3767 quid
2863 3689 2992 3749 sine
3026 3689 3132 3748 illa
3162 3687 3390 3748 dudum
3428 3686 3647 3763 fuisset
3674 3688 3782 3745 in-

537 3796 732 3855 venit.
761 3795 880 3855 Cui
904 3795 1197 3855 inhaerere
1225 3804 1512 3866 conatur,
1549 3793 1653 3853 sed
1682 3793 1755 3853 ab
1788 3794 1917 3870 ejus
1943 3791 2343 3869 fortitudine,
2372 3808 2486 3848 sua
2527 3787 2725 3848 adhuc
2758 3788 3121 3863 infirmitate
3163 3785 3519 3863 repellitur;
3545 3792 3601 3843 et
3634 3786 3785 3864 quia

535 3894 664 3970 ejus
694 3894 1061 3955 munditiam
1087 3894 1499 3971 contemplare
1522 3910 1649 3952 non
1680 3891 1864 3963 valet,
1891 3891 2035 3969 ﬂere
2069 3887 2246 3948 dulce
2272 3887 2474 3962 habet,
2505 3885 2738 3962 sibique
2768 3886 2847 3945 ad
2879 3904 2943 3944 se
2970 3884 3212 3945 cadenti
3246 3883 3626 3960 inﬁrmitatis
3655 3902 3783 3943 sum

533 3993 841 4070 Iaerymas
868 4004 1160 4052 sternere.
1199 3992 1411 4070 Neque
1448 3994 1609 4051 enim
1632 3992 1852 4050 mentis
1882 3990 2126 4051 oculum
2148 3995 2356 4065 potest
2392 3988 2457 4047 in
2488 3987 2556 4047 id
2576 3985 2743 4064 quod
2776 3985 2948 4045 intra
2993 4003 3053 4043 se
3095 3984 3324 4061 raptim
3360 3986 3779 4059 conspexerit,

533 4096 748 4172 figere;
785 4094 934 4172 quia
960 4093 1093 4170 ipso
1132 4093 1457 4152 vetustatis
1479 4109 1602 4165 sues
1630 4110 1748 4151 usu
1784 4091 2066 4150 deorsum
2093 4089 2183 4148 ire
2211 4089 2629 4166 compellitur.
2656 4088 2830 4147 Inter
2859 4088 2979 4147 htzc
3018 4086 3289 4160 anhelat,
3322 4094 3565 4160 a'stuat,
3596 4106 3785 4163 super

532 4209 589 4249 se
634 4191 724 4251 ire
759 4197 1062 4255 conatur;
1095 4190 1199 4249 sed
1232 4190 1312 4250 ad
1343 4191 1685 4267 familiares
1723 4186 2002 4247 tenebras
2033 4206 2178 4246 suas
2218 4188 2384 4247 victa
2416 4187 2787 4265 fatigatione
2818 4185 3125 4247 relabitur
3152 4185 3263 4266 (a).

551 4350 560 4361 ,
625 4286 805 4359 Quod
835 4294 1075 4363 spectat
1101 4288 1176 4347 ad
1211 4288 1430 4365 gratia:
1458 4286 2018 4361 amissibilitatem,
2077 4287 2280 4362 ipsam
2319 4285 2552 4346 diserte
2605 4288 2785 4347 docet
2836 4294 3089 4345 sanctus
3147 4284 3516 4361 Gregorius,
3566 4284 3611 4342 l.
3671 4302 3782 4345 xlv

540 4384 909 4459 Moralium,
941 4401 1117 4442 num.
1148 4383 1248 4455 A2,
1286 4384 1392 4443 ubi
1424 4383 1703 4460 explicat
1736 4382 1906 4442 hunc
1936 4399 2191 4443 versum
2217 4382 2333 4443 Job
2360 4401 2379 4443 :
2405 4383 2719 4460 Spoliavit
2751 4400 2840 4442 me
2866 4382 3070 4461 gloria
3111 4400 3260 4455 mea,
3290 4388 3347 4441 et
3381 4380 3639 4443 abstulit
3670 4401 3767 4443 co-

533 4500 754 4540 ronam
784 4482 855 4542 de
888 4483 1087 4559 capite
1115 4500 1239 4542 meo
1276 4480 1421 4559 (Job
1451 4500 1589 4553 nx,
1618 4482 1706 4559 9).

617 4579 751 4638 XV.
798 4580 963 4641 Num
992 4581 1061 4640 S.
1093 4581 1329 4640 Doctor
1355 4579 1624 4655 Angelos
1654 4598 1775 4638 esse
1804 4595 2139 4656 corporeos
2169 4589 2527 4640 asseruerit.
2574 4613 2649 4624 —
2678 4580 2857 4640 Nunc
2903 4581 3205 4656 quoniam
3248 4581 3453 4641 visum
3484 4590 3577 4643 est
3604 4600 3783 4644 non-

532 4676 725 4735 nullis
755 4683 1046 4736 sanctum
1074 4676 1454 4754 Gregorium
1483 4692 1518 4736 a
1549 4675 1871 4736 communi
1907 4675 2204 4736 Ecclesia:
2234 4675 2520 4737 doctrina
2553 4694 2896 4754 parumper
2927 4676 3282 4751 deﬂexisse,
3321 4680 3580 4756 angelos
3623 4698 3781 4741 cor-

534 4793 761 4851 poreos
798 4775 1168 4847 assereudo,
1205 4783 1267 4835 et
1298 4775 1590 4855 negando
1621 4776 2130 4837 Machabtnorum
2158 4778 2354 4838 libros
2383 4796 2523 4839 esse
2557 4778 2927 4849 canonicos,
2959 4777 3034 4837 de
3064 4778 3160 4837 his
3194 4776 3440 4839 duobus
3468 4778 3781 4855 capitibus

540 4877 730 4952 paulo
758 4877 1074 4935 morosius
1113 4875 1591 4952 inquirendum.

624 4975 917 5047 Legimus
948 4974 1059 5033 lib.
1089 4991 1135 5032 ιι
1171 4974 1428 5046 Moral.,
1465 4990 1531 5032 n.
1559 4973 1621 5041 3,
1653 4971 1976 5050 angelicos
2005 4972 2256 5048 quidem
2284 4972 2539 5049 spiritus
2572 4972 3035 5049 comparatione
3061 4983 3422 5031 nostrorum
3448 4990 3781 5050 corporum

536 5072 803 5148 spiritus
831 5089 992 5139 esse;
1027 5069 1131 5131 sed
1160 5072 1618 5149 comparatione
1645 5072 1861 5130 summi
1887 5081 1942 5130 et
1979 5072 2513 5146 incircumscripti
2539 5073 2826 5150 spiritus,
2853 5089 3103 5149 corpus.
3134 5071 3377 5143 Quibus
3406 5074 3638 5147 verbis,
3661 5077 3780 5133 etsi

536 5180 761 5233 natura
794 5175 1028 5234 nostris
1065 5174 1441 5249 corporibus
1475 5172 1792 5242 subtilior,
1831 5188 2136 5249 corporea
2168 5179 2376 5234 tamen
2412 5174 2657 5249 angelis
2711 5172 2904 5231 tribui
2955 5173 3225 5232 videtur.
3278 5174 3357 5231 At
3388 5188 3599 5250 pravae
3632 5172 3782 5233 huic

534 5274 822 5349 opinioni
861 5275 1051 5349 paulo
1084 5274 1253 5334 infra
1279 5275 1666 5344 occurritur,
1716 5270 1953 5330 scilicet
1994 5289 2057 5329 n.
2095 5273 2157 5343 8,
2190 5274 2295 5332 ubi
2328 5274 2535 5350 angeli
2588 5274 2733 5333 mali
2781 5274 2955 5333 nulla
2987 5290 3221 5336 carnea
3277 5280 3506 5334 natura
3561 5274 3776 5334 vestiri

535 5386 954 5450 asseruntur;
984 5374 1089 5434 sed
1121 5375 1403 5436 maxime
1431 5391 1510 5435 ex
1542 5373 1652 5432 lib.
1691 5387 1750 5429 IV
1786 5367 1971 5442 Dial.,
2011 5386 2068 5429 c.
2098 5369 2200 5444 29,
2243 5369 2510 5433 solvitur
2539 5372 2744 5431 omnis
2774 5372 3143 5448 quaestionis
3191 5371 3416 5432 nodus.
3453 5372 3569 5432 Hic
3621 5389 3782 5432 san-

534 5559 838 5699 Evfﬁgv’id:
866 5569 1027 5684 eitéam
1064 5563 1101 5617 ι.
1136 5579 1288 5631 xxiv,
1318 5579 1374 5618 n.
1409 5562 1513 5627 η,
1544 5565 1692 5620 hom.
1739 5562 1772 5617 5
1823 5562 1877 5619 in
1927 5561 2147 5627 Ezecb.,
2178 5576 2232 5617 n.
2267 5559 2363 5627 12;
2407 5568 2464 5618 et
2510 5560 2546 5617 l.
2590 5575 2647 5631 ιι,
2684 5559 2831 5617 hom.
2861 5556 2917 5625 ‘2,
2949 5573 3002 5614 n.
3050 5558 3143 5627 lt;
3175 5574 3383 5616 necnon
3426 5559 3578 5618 hom.
3615 5556 3689 5615 35
3728 5558 3781 5618 in
