  <div class='ocr_page' id='page_1' title='image "/cluster/home/n/w/nwhite01/storage/ocr_20150623/75/uva.x000827087/024.png"; bbox 0 0 4018 6296; ppageno 0'>
   <div class='ocr_carea' id='block_1_1' title="bbox 209 247 3455 305">
    <p class='ocr_par' dir='ltr' id='par_1_1' title="bbox 209 247 3455 305">
     <span class='ocr_line' id='line_1_1' title="bbox 209 247 3455 305; baseline -0.001 -1"><span class='ocrx_word' id='word_1_1' title='bbox 209 247 277 304; x_wconf 69' lang='lat'><strong>35</strong></span> <span class='ocrx_word' id='word_1_2' title='bbox 1448 249 1805 305; x_wconf 64' lang='lat' dir='ltr'><strong>PRIEFATIO</strong></span> <span class='ocrx_word' id='word_1_3' title='bbox 1844 248 2250 305; x_wconf 71' lang='lat' dir='ltr'><strong>GENERALIS.</strong></span> <span class='ocrx_word' id='word_1_4' title='bbox 3384 250 3455 303; x_wconf 68' lang='lat' dir='ltr'><strong>3i</strong></span> 
     </span>
    </p>
   </div>
   <div class='ocr_carea' id='block_1_2' title="bbox 208 364 3465 448">
    <p class='ocr_par' dir='ltr' id='par_1_2' title="bbox 208 364 3465 448">
     <span class='ocr_line' id='line_1_2' title="bbox 208 364 3465 448; baseline 0.001 -24"><span class='ocrx_word' id='word_1_5' title='bbox 208 370 349 429; x_wconf 85' lang='lat' dir='ltr'><strong>ctus</strong></span> <span class='ocrx_word' id='word_1_6' title='bbox 383 368 727 448; x_wconf 83' lang='lat' dir='ltr'><strong>Gregorius</strong></span> <span class='ocrx_word' id='word_1_7' title='bbox 775 368 1022 427; x_wconf 87' lang='lat' dir='ltr'><strong>Petrum</strong></span> <span class='ocrx_word' id='word_1_8' title='bbox 1068 364 1448 445; x_wconf 88' lang='lat' dir='ltr'><strong>discipulum</strong></span> <span class='ocrx_word' id='word_1_9' title='bbox 1496 367 1887 443; x_wconf 86' lang='lat' dir='ltr'><strong>interrogat:</strong></span> <span class='ocrx_word' id='word_1_10' title='bbox 1932 366 2075 441; x_wconf 88' lang='lat' dir='ltr'><strong>Dic,</strong></span> <span class='ocrx_word' id='word_1_11' title='bbox 2113 381 2313 442; x_wconf 67' lang='lat' dir='ltr'><strong><em>quaeso</em></strong></span> <span class='ocrx_word' id='word_1_12' title='bbox 2357 370 2435 436; x_wconf 91' lang='lat' dir='ltr'><strong><em>te,</em></strong></span> <span class='ocrx_word' id='word_1_13' title='bbox 2481 374 2799 444; x_wconf 88' lang='lat' dir='ltr'><strong><em>apostatas</em></strong></span> <span class='ocrx_word' id='word_1_14' title='bbox 2833 369 3094 448; x_wconf 85' lang='lat' dir='ltr'><strong><em>spiritus</em></strong></span> <span class='ocrx_word' id='word_1_15' title='bbox 3146 389 3183 428; x_wconf 91' lang='lat' dir='ltr'><strong>a</strong></span> <span class='ocrx_word' id='word_1_16' title='bbox 3235 369 3465 431; x_wconf 75' lang='lat' dir='ltr'><strong><em>emlesli</em></strong></span> 
     </span>
    </p>
   </div>
   <div class='ocr_carea' id='block_1_3' title="bbox 210 465 3461 547">
    <p class='ocr_par' dir='ltr' id='par_1_3' title="bbox 210 465 3461 547">
     <span class='ocr_line' id='line_1_3' title="bbox 210 465 3461 547; baseline 0.001 -22"><span class='ocrx_word' id='word_1_17' title='bbox 210 465 418 540; x_wconf 78' lang='lat' dir='ltr'><strong>gloria</strong></span> <span class='ocrx_word' id='word_1_18' title='bbox 444 468 731 547; x_wconf 76' lang='lat' dir='ltr'><strong><em>defectos,</em></strong></span> <span class='ocrx_word' id='word_1_19' title='bbox 761 484 882 524; x_wconf 89' lang='lat' dir='ltr'><strong><em>esse</em></strong></span> <span class='ocrx_word' id='word_1_20' title='bbox 910 482 1267 542; x_wconf 87' lang='lat' dir='ltr'><strong><em>corporeos,</em></strong></span> <span class='ocrx_word' id='word_1_21' title='bbox 1300 483 1380 524; x_wconf 87' lang='lat' dir='ltr'><strong>an</strong></span> <span class='ocrx_word' id='word_1_22' title='bbox 1407 466 1813 543; x_wconf 81' lang='lat' dir='ltr'><strong><em>incorporeas</em></strong></span> <span class='ocrx_word' id='word_1_23' title='bbox 1850 466 2235 543; x_wconf 81' lang='lat' dir='ltr'><strong><em>suspicaris?</em></strong></span> <span class='ocrx_word' id='word_1_24' title='bbox 2265 468 2615 543; x_wconf 84' lang='lat' dir='ltr'><strong>Respondet</strong></span> <span class='ocrx_word' id='word_1_25' title='bbox 2662 488 2815 532; x_wconf 86' lang='lat' dir='ltr'><strong>vero</strong></span> <span class='ocrx_word' id='word_1_26' title='bbox 2867 474 3123 533; x_wconf 82' lang='lat' dir='ltr'><strong>Petrus:</strong></span> <span class='ocrx_word' id='word_1_27' title='bbox 3156 470 3310 544; x_wconf 73' lang='lat' dir='ltr'><strong><em>Qui:</em></strong></span> <span class='ocrx_word' id='word_1_28' title='bbox 3364 490 3461 528; x_wconf 84' lang='lat' dir='ltr'><strong><em>sa-</em></strong></span> 
     </span>
    </p>
   </div>
   <div class='ocr_carea' id='block_1_4' title="bbox 209 563 3460 647">
    <p class='ocr_par' dir='ltr' id='par_1_4' title="bbox 209 563 3460 647">
     <span class='ocr_line' id='line_1_4' title="bbox 209 563 3460 647; baseline 0.002 -27"><span class='ocrx_word' id='word_1_29' title='bbox 209 578 362 623; x_wconf 87' lang='lat' dir='ltr'><strong>num</strong></span> <span class='ocrx_word' id='word_1_30' title='bbox 387 565 651 642; x_wconf 82' lang='lat' dir='ltr'><strong><em>sapiens,</em></strong></span> <span class='ocrx_word' id='word_1_31' title='bbox 682 581 803 622; x_wconf 82' lang='lat' dir='ltr'><strong><em>esse</em></strong></span> <span class='ocrx_word' id='word_1_32' title='bbox 834 563 1101 639; x_wconf 77' lang='lat' dir='ltr'><strong>spiritus</strong></span> <span class='ocrx_word' id='word_1_33' title='bbox 1133 579 1466 639; x_wconf 86' lang='lat' dir='ltr'><strong><em>corporeos</em></strong></span> <span class='ocrx_word' id='word_1_34' title='bbox 1505 563 1790 622; x_wconf 68' lang='lat' dir='ltr'><strong>dixrrit?</strong></span> <span class='ocrx_word' id='word_1_35' title='bbox 1834 564 2115 639; x_wconf 87' lang='lat' dir='ltr'><strong>Replicat</strong></span> <span class='ocrx_word' id='word_1_36' title='bbox 2164 571 2424 625; x_wconf 87' lang='lat' dir='ltr'><strong>sanctus</strong></span> <span class='ocrx_word' id='word_1_37' title='bbox 2482 566 2746 628; x_wconf 89' lang='lat' dir='ltr'><strong>Doctor:</strong></span> <span class='ocrx_word' id='word_1_38' title='bbox 2790 570 2865 629; x_wconf 88' lang='lat' dir='ltr'><strong><em>Si</em></strong></span> <span class='ocrx_word' id='word_1_39' title='bbox 2924 572 3125 647; x_wconf 76' lang='lat' dir='ltr'><strong><em>igitur</em></strong></span> <span class='ocrx_word' id='word_1_40' title='bbox 3174 567 3460 629; x_wconf 75' lang='lat' dir='ltr'><strong>diabolus</strong></span> 
     </span>
    </p>
   </div>
   <div class='ocr_carea' id='block_1_5' title="bbox 207 663 3460 743">
    <p class='ocr_par' dir='ltr' id='par_1_5' title="bbox 207 663 3460 743">
     <span class='ocr_line' id='line_1_5' title="bbox 207 663 3460 743; baseline 0.001 -20"><span class='ocrx_word' id='word_1_41' title='bbox 207 664 453 743; x_wconf 75' lang='lat' dir='ltr'><strong>ejusque</strong></span> <span class='ocrx_word' id='word_1_42' title='bbox 486 665 714 741; x_wconf 87' lang='lat' dir='ltr'><strong><em>angeli,</em></strong></span> <span class='ocrx_word' id='word_1_43' title='bbox 740 683 877 725; x_wconf 87' lang='lat' dir='ltr'><strong><em>eum</em></strong></span> <span class='ocrx_word' id='word_1_44' title='bbox 910 664 1035 724; x_wconf 87' lang='lat' dir='ltr'><strong><em>sint</em></strong></span> <span class='ocrx_word' id='word_1_45' title='bbox 1080 665 1463 740; x_wconf 76' lang='lat' dir='ltr'><strong>incorporei,</strong></span> <span class='ocrx_word' id='word_1_46' title='bbox 1501 682 1801 740; x_wconf 81' lang='lat' dir='ltr'><strong><em>corporeo</em></strong></span> <span class='ocrx_word' id='word_1_47' title='bbox 1837 667 1966 725; x_wconf 88' lang='lat' dir='ltr'><strong><em>sint</em></strong></span> <span class='ocrx_word' id='word_1_48' title='bbox 2000 664 2140 741; x_wconf 84' lang='lat' dir='ltr'><strong><em>igne</em></strong></span> <span class='ocrx_word' id='word_1_49' title='bbox 2166 663 2516 734; x_wconf 85' lang='lat' dir='ltr'><strong><em>cruciandi,</em></strong></span> <span class='ocrx_word' id='word_1_50' title='bbox 2554 668 2703 743; x_wconf 86' lang='lat' dir='ltr'><strong>quid</strong></span> <span class='ocrx_word' id='word_1_51' title='bbox 2735 670 2959 729; x_wconf 81' lang='lat' dir='ltr'><strong><em>mirum</em></strong></span> <span class='ocrx_word' id='word_1_52' title='bbox 3013 672 3068 730; x_wconf 82' lang='lat' dir='ltr'><strong>si</strong></span> <span class='ocrx_word' id='word_1_53' title='bbox 3116 671 3353 741; x_wconf 69' lang='lat' dir='ltr'><strong><em>animm,</em></strong></span> <span class='ocrx_word' id='word_1_54' title='bbox 3405 679 3460 728; x_wconf 89' lang='lat' dir='ltr'><strong>et</strong></span> 
     </span>
    </p>
   </div>
   <div class='ocr_carea' id='block_1_6' title="bbox 203 765 3458 845">
    <p class='ocr_par' dir='ltr' id='par_1_6' title="bbox 203 765 3458 845">
     <span class='ocr_line' id='line_1_6' title="bbox 203 765 3458 845; baseline 0.002 -22"><span class='ocrx_word' id='word_1_55' title='bbox 203 776 534 843; x_wconf 77' lang='lat' dir='ltr'><strong><em>antequam</em></strong></span> <span class='ocrx_word' id='word_1_56' title='bbox 568 768 875 845; x_wconf 72' lang='lat' dir='ltr'><strong>recipiant</strong></span> <span class='ocrx_word' id='word_1_57' title='bbox 929 783 1223 842; x_wconf 88' lang='lat' dir='ltr'><strong><em>corpora,</em></strong></span> <span class='ocrx_word' id='word_1_58' title='bbox 1260 765 1511 842; x_wconf 79' lang='lat' dir='ltr'><strong>possint</strong></span> <span class='ocrx_word' id='word_1_59' title='bbox 1557 784 1856 843; x_wconf 86' lang='lat' dir='ltr'><strong><em>corporea</em></strong></span> <span class='ocrx_word' id='word_1_60' title='bbox 1900 768 2129 825; x_wconf 84' lang='lat' dir='ltr'><strong><em>sentire</em></strong></span> <span class='ocrx_word' id='word_1_61' title='bbox 2182 768 2546 829; x_wconf 81' lang='lat' dir='ltr'><strong><em>tormenta?</em></strong></span> <span class='ocrx_word' id='word_1_62' title='bbox 2578 767 2669 827; x_wconf 87' lang='lat' dir='ltr'><strong>Ad</strong></span> <span class='ocrx_word' id='word_1_63' title='bbox 2711 769 2905 831; x_wconf 90' lang='lat' dir='ltr'><strong>libros</strong></span> <span class='ocrx_word' id='word_1_64' title='bbox 2947 771 3458 833; x_wconf 70' lang='lat' dir='ltr'><strong>Machabzeorum</strong></span> 
     </span>
    </p>
   </div>
   <div class='ocr_carea' id='block_1_7' title="bbox 203 866 562 925">
    <p class='ocr_par' dir='ltr' id='par_1_7' title="bbox 203 866 562 925">
     <span class='ocr_line' id='line_1_7' title="bbox 203 866 562 925; baseline 0.006 -2"><span class='ocrx_word' id='word_1_65' title='bbox 203 866 562 925; x_wconf 77' lang='lat' dir='ltr'><strong>veniamus.</strong></span> 
     </span>
    </p>
   </div>
   <div class='ocr_carea' id='block_1_8' title="bbox 284 963 3463 1048">
    <p class='ocr_par' dir='ltr' id='par_1_8' title="bbox 284 963 3463 1048">
     <span class='ocr_line' id='line_1_8' title="bbox 284 963 3463 1048; baseline 0.002 -25"><span class='ocrx_word' id='word_1_66' title='bbox 284 963 436 1024; x_wconf 86' lang='lat' dir='ltr'><strong>XVI</strong></span> <span class='ocrx_word' id='word_1_67' title='bbox 495 967 657 1027; x_wconf 86' lang='lat' dir='ltr'><strong>Num</strong></span> <span class='ocrx_word' id='word_1_68' title='bbox 687 965 885 1026; x_wconf 84' lang='lat' dir='ltr'><strong><em>libros</em></strong></span> <span class='ocrx_word' id='word_1_69' title='bbox 919 964 1422 1026; x_wconf 77' lang='lat' dir='ltr'><strong><em>Machabceorum</em></strong></span> <span class='ocrx_word' id='word_1_70' title='bbox 1456 964 1770 1041; x_wconf 75' lang='lat' dir='ltr'><strong><em>negaverit</em></strong></span> <span class='ocrx_word' id='word_1_71' title='bbox 1800 982 1923 1024; x_wconf 84' lang='lat' dir='ltr'><strong><em>esse</em></strong></span> <span class='ocrx_word' id='word_1_72' title='bbox 1953 966 2663 1028; x_wconf 51' lang='lat' dir='ltr'><strong>canonicam—Sanctus</strong></span> <span class='ocrx_word' id='word_1_73' title='bbox 2697 970 3070 1048; x_wconf 80' lang='lat' dir='ltr'><strong>Gregorius,</strong></span> <span class='ocrx_word' id='word_1_74' title='bbox 3104 972 3148 1033; x_wconf 93' lang='lat' dir='ltr'><strong>l.</strong></span> <span class='ocrx_word' id='word_1_75' title='bbox 3173 990 3283 1032; x_wconf 76' lang='lat' dir='ltr'><strong>xix</strong></span> <span class='ocrx_word' id='word_1_76' title='bbox 3320 974 3463 1032; x_wconf 85' lang='lat' dir='ltr'><strong>Mo-</strong></span> 
     </span>
    </p>
   </div>
   <div class='ocr_carea' id='block_1_9' title="bbox 212 1064 3464 1148">
    <p class='ocr_par' dir='ltr' id='par_1_9' title="bbox 212 1064 3464 1148">
     <span class='ocr_line' id='line_1_9' title="bbox 212 1064 3464 1148; baseline 0.004 -28"><span class='ocrx_word' id='word_1_77' title='bbox 212 1065 359 1137; x_wconf 87' lang='lat' dir='ltr'><strong>ral.,</strong></span> <span class='ocrx_word' id='word_1_78' title='bbox 390 1083 428 1125; x_wconf 92' lang='lat' dir='ltr'><strong><em>n</em></strong></span> <span class='ocrx_word' id='word_1_79' title='bbox 486 1064 589 1138; x_wconf 65' lang='lat' dir='ltr'><strong>31s,</strong></span> <span class='ocrx_word' id='word_1_80' title='bbox 618 1067 995 1127; x_wconf 87' lang='lat' dir='ltr'><strong>laudaturos</strong></span> <span class='ocrx_word' id='word_1_81' title='bbox 1026 1067 1138 1126; x_wconf 89' lang='lat' dir='ltr'><strong>hos</strong></span> <span class='ocrx_word' id='word_1_82' title='bbox 1168 1069 1361 1128; x_wconf 91' lang='lat' dir='ltr'><strong>libros</strong></span> <span class='ocrx_word' id='word_1_83' title='bbox 1399 1069 1479 1126; x_wconf 90' lang='lat' dir='ltr'><strong>ita</strong></span> <span class='ocrx_word' id='word_1_84' title='bbox 1516 1067 1855 1145; x_wconf 72' lang='lat' dir='ltr'><strong>prazfatur:</strong></span> <span class='ocrx_word' id='word_1_85' title='bbox 1890 1069 1974 1125; x_wconf 85' lang='lat' dir='ltr'><strong><em>De</em></strong></span> <span class='ocrx_word' id='word_1_86' title='bbox 2003 1084 2123 1143; x_wconf 89' lang='lat' dir='ltr'><strong><em>qua</em></strong></span> <span class='ocrx_word' id='word_1_87' title='bbox 2154 1085 2221 1125; x_wconf 85' lang='lat' dir='ltr'><strong>re</strong></span> <span class='ocrx_word' id='word_1_88' title='bbox 2241 1086 2369 1126; x_wconf 86' lang='lat' dir='ltr'><strong>non</strong></span> <span class='ocrx_word' id='word_1_89' title='bbox 2404 1071 2763 1129; x_wconf 79' lang='lat' dir='ltr'><strong><em>inordinate</em></strong></span> <span class='ocrx_word' id='word_1_90' title='bbox 2798 1074 3063 1148; x_wconf 79' lang='lat' dir='ltr'><strong><em>agimus,</em></strong></span> <span class='ocrx_word' id='word_1_91' title='bbox 3095 1074 3151 1132; x_wconf 84' lang='lat' dir='ltr'><strong>si</strong></span> <span class='ocrx_word' id='word_1_92' title='bbox 3179 1091 3255 1132; x_wconf 80' lang='lat' dir='ltr'><strong><em>ea:</em></strong></span> <span class='ocrx_word' id='word_1_93' title='bbox 3284 1074 3464 1135; x_wconf 81' lang='lat' dir='ltr'><strong><em>libris</em></strong></span> 
     </span>
    </p>
   </div>
   <div class='ocr_carea' id='block_1_10' title="bbox 202 1158 3466 1246">
    <p class='ocr_par' dir='ltr' id='par_1_10' title="bbox 202 1158 3466 1246">
     <span class='ocr_line' id='line_1_10' title="bbox 202 1158 3466 1246; baseline 0.004 -28"><span class='ocrx_word' id='word_1_94' title='bbox 202 1158 347 1220; x_wconf 85' lang='lat' dir='ltr'><strong><em>licet</em></strong></span> <span class='ocrx_word' id='word_1_95' title='bbox 377 1180 503 1223; x_wconf 84' lang='lat' dir='ltr'><strong>non</strong></span> <span class='ocrx_word' id='word_1_96' title='bbox 535 1168 878 1237; x_wconf 83' lang='lat' dir='ltr'><strong><em>canonicis,</em></strong></span> <span class='ocrx_word' id='word_1_97' title='bbox 910 1166 1015 1226; x_wconf 85' lang='lat' dir='ltr'><strong><em>sed</em></strong></span> <span class='ocrx_word' id='word_1_98' title='bbox 1050 1175 1249 1226; x_wconf 84' lang='lat' dir='ltr'><strong><em>tamen</em></strong></span> <span class='ocrx_word' id='word_1_99' title='bbox 1278 1166 1357 1225; x_wconf 80' lang='lat' dir='ltr'><strong><em>ad</em></strong></span> <span class='ocrx_word' id='word_1_100' title='bbox 1388 1166 1852 1243; x_wconf 63' lang='lat' dir='ltr'><strong><em>aediﬁcationem</em></strong></span> <span class='ocrx_word' id='word_1_101' title='bbox 1880 1164 2178 1224; x_wconf 77' lang='lat' dir='ltr'><strong><em>Ecclesia:</em></strong></span> <span class='ocrx_word' id='word_1_102' title='bbox 2213 1165 2395 1225; x_wconf 81' lang='lat' dir='ltr'><strong><em>editis</em></strong></span> <span class='ocrx_word' id='word_1_103' title='bbox 2429 1167 2844 1226; x_wconf 86' lang='lat' dir='ltr'><strong><em>testimonium</em></strong></span> <span class='ocrx_word' id='word_1_104' title='bbox 2872 1173 3283 1246; x_wconf 81' lang='lat' dir='ltr'><strong><em>pro/eramus.</em></strong></span> <span class='ocrx_word' id='word_1_105' title='bbox 3318 1172 3466 1231; x_wconf 69' lang='lat' dir='ltr'><strong>Hzt&#39;c</strong></span> 
     </span>
    </p>
   </div>
   <div class='ocr_carea' id='block_1_11' title="bbox 202 1263 3461 1345">
    <p class='ocr_par' dir='ltr' id='par_1_11' title="bbox 202 1263 3461 1345">
     <span class='ocr_line' id='line_1_11' title="bbox 202 1263 3461 1345; baseline 0.002 -25"><span class='ocrx_word' id='word_1_106' title='bbox 202 1263 387 1324; x_wconf 88' lang='lat' dir='ltr'><strong>nobis</strong></span> <span class='ocrx_word' id='word_1_107' title='bbox 416 1264 643 1343; x_wconf 84' lang='lat' dir='ltr'><strong>objecit</strong></span> <span class='ocrx_word' id='word_1_108' title='bbox 681 1267 904 1326; x_wconf 88' lang='lat' dir='ltr'><strong>Petrus</strong></span> <span class='ocrx_word' id='word_1_109' title='bbox 944 1265 1272 1325; x_wconf 77' lang='lat' dir='ltr'><strong>Molinzeus</strong></span> <span class='ocrx_word' id='word_1_110' title='bbox 1310 1265 1371 1323; x_wconf 92' lang='lat' dir='ltr'><strong>in</strong></span> <span class='ocrx_word' id='word_1_111' title='bbox 1428 1264 1646 1323; x_wconf 82' lang='lat' dir='ltr'><strong>libello</strong></span> <span class='ocrx_word' id='word_1_112' title='bbox 1682 1264 1957 1339; x_wconf 87' lang='lat' dir='ltr'><strong>quodam</strong></span> <span class='ocrx_word' id='word_1_113' title='bbox 1987 1263 2209 1324; x_wconf 82' lang='lat' dir='ltr'><strong>sancti</strong></span> <span class='ocrx_word' id='word_1_114' title='bbox 2264 1265 2491 1323; x_wconf 85' lang='lat' dir='ltr'><strong><em>Leonis</em></strong></span> <span class='ocrx_word' id='word_1_115' title='bbox 2523 1264 2549 1322; x_wconf 91' lang='grc' dir='ltr'>Ι</span> <span class='ocrx_word' id='word_1_116' title='bbox 2579 1272 2638 1323; x_wconf 91' lang='lat' dir='ltr'><strong>et</strong></span> <span class='ocrx_word' id='word_1_117' title='bbox 2685 1267 2887 1325; x_wconf 85' lang='lat' dir='ltr'><strong>sancti</strong></span> <span class='ocrx_word' id='word_1_118' title='bbox 2920 1268 3207 1343; x_wconf 83' lang='lat' dir='ltr'><strong>Gregorii</strong></span> <span class='ocrx_word' id='word_1_119' title='bbox 3243 1270 3461 1345; x_wconf 86' lang='lat' dir='ltr'><strong>Magni</strong></span> 
     </span>
    </p>
   </div>
   <div class='ocr_carea' id='block_1_12' title="bbox 212 1362 3459 1443">
    <p class='ocr_par' dir='ltr' id='par_1_12' title="bbox 212 1362 3459 1443">
     <span class='ocr_line' id='line_1_12' title="bbox 212 1362 3459 1443; baseline 0.002 -24"><span class='ocrx_word' id='word_1_120' title='bbox 212 1363 424 1424; x_wconf 83' lang='lat' dir='ltr'><strong>Vitam</strong></span> <span class='ocrx_word' id='word_1_121' title='bbox 449 1366 697 1426; x_wconf 90' lang='lat' dir='ltr'><strong>Gallico</strong></span> <span class='ocrx_word' id='word_1_122' title='bbox 717 1366 1013 1427; x_wconf 84' lang='lat' dir='ltr'><strong>idiomate</strong></span> <span class='ocrx_word' id='word_1_123' title='bbox 1035 1364 1474 1441; x_wconf 76' lang='lat' dir='ltr'><strong><em>compendiose</em></strong></span> <span class='ocrx_word' id='word_1_124' title='bbox 1498 1363 1796 1438; x_wconf 79' lang='lat' dir='ltr'><strong>scriptam</strong></span> <span class='ocrx_word' id='word_1_125' title='bbox 1814 1363 2570 1439; x_wconf 79' lang='lat' dir='ltr'><strong>complectenteUmpres.</strong></span> <span class='ocrx_word' id='word_1_126' title='bbox 2597 1362 2831 1425; x_wconf 76' lang='lat' dir='ltr'><strong><em>Seduni</em></strong></span> <span class='ocrx_word' id='word_1_127' title='bbox 2849 1366 3016 1443; x_wconf 82' lang='lat' dir='ltr'><strong><em>apud</em></strong></span> <span class='ocrx_word' id='word_1_128' title='bbox 3046 1368 3163 1425; x_wconf 86' lang='lat' dir='ltr'><strong>Fr.</strong></span> <span class='ocrx_word' id='word_1_129' title='bbox 3184 1366 3459 1442; x_wconf 82' lang='lat' dir='ltr'><strong>Chayer,</strong></span> 
     </span>
    </p>
   </div>
   <div class='ocr_carea' id='block_1_13' title="bbox 204 1459 3455 1543">
    <p class='ocr_par' dir='ltr' id='par_1_13' title="bbox 204 1459 3455 1543">
     <span class='ocr_line' id='line_1_13' title="bbox 204 1459 3455 1543; baseline -0 -23"><span class='ocrx_word' id='word_1_130' title='bbox 204 1461 416 1543; x_wconf 76' lang='lat'><strong>1650),</strong></span> <span class='ocrx_word' id='word_1_131' title='bbox 448 1465 683 1541; x_wconf 68' lang='lat' dir='ltr'><strong>in-quo</strong></span> <span class='ocrx_word' id='word_1_132' title='bbox 722 1464 959 1523; x_wconf 87' lang='lat' dir='ltr'><strong>ludicre</strong></span> <span class='ocrx_word' id='word_1_133' title='bbox 997 1479 1153 1521; x_wconf 83' lang='lat' dir='ltr'><strong><em>sane</em></strong></span> <span class='ocrx_word' id='word_1_134' title='bbox 1188 1467 1455 1521; x_wconf 88' lang='lat' dir='ltr'><strong>conatur</strong></span> <span class='ocrx_word' id='word_1_135' title='bbox 1493 1460 1763 1535; x_wconf 82' lang='lat' dir='ltr'><strong>probare</strong></span> <span class='ocrx_word' id='word_1_136' title='bbox 1812 1461 2218 1520; x_wconf 85' lang='lat' dir='ltr'><strong>concordiam</strong></span> <span class='ocrx_word' id='word_1_137' title='bbox 2265 1460 2567 1520; x_wconf 66' lang='lat' dir='ltr'><strong>doctrina:</strong></span> <span class='ocrx_word' id='word_1_138' title='bbox 2598 1459 3005 1536; x_wconf 64' lang='lat' dir='ltr'><strong>Gregorianaa</strong></span> <span class='ocrx_word' id='word_1_139' title='bbox 3040 1480 3184 1522; x_wconf 90' lang='lat' dir='ltr'><strong>cum</strong></span> <span class='ocrx_word' id='word_1_140' title='bbox 3237 1462 3455 1527; x_wconf 77' lang='lat' dir='ltr'><strong>Calvi-</strong></span> 
     </span>
    </p>
   </div>
   <div class='ocr_carea' id='block_1_14' title="bbox 205 1559 3452 1641">
    <p class='ocr_par' dir='ltr' id='par_1_14' title="bbox 205 1559 3452 1641">
     <span class='ocr_line' id='line_1_14' title="bbox 205 1559 3452 1641; baseline 0.002 -21"><span class='ocrx_word' id='word_1_141' title='bbox 205 1561 429 1623; x_wconf 88' lang='lat' dir='ltr'><strong>niana.</strong></span> <span class='ocrx_word' id='word_1_142' title='bbox 484 1566 573 1624; x_wconf 90' lang='lat' dir='ltr'><strong>De</strong></span> <span class='ocrx_word' id='word_1_143' title='bbox 622 1565 799 1625; x_wconf 83' lang='lat' dir='ltr'><strong>libris</strong></span> <span class='ocrx_word' id='word_1_144' title='bbox 845 1570 1052 1624; x_wconf 89' lang='lat' dir='ltr'><strong>tamen</strong></span> <span class='ocrx_word' id='word_1_145' title='bbox 1098 1561 1607 1622; x_wconf 69' lang='lat' dir='ltr'><strong>Machabaaorum</strong></span> <span class='ocrx_word' id='word_1_146' title='bbox 1657 1577 1735 1620; x_wconf 78' lang='lat' dir='ltr'><strong>ex</strong></span> <span class='ocrx_word' id='word_1_147' title='bbox 1784 1559 2051 1637; x_wconf 86' lang='lat' dir='ltr'><strong>prolatis</strong></span> <span class='ocrx_word' id='word_1_148' title='bbox 2093 1559 2302 1621; x_wconf 87' lang='lat' dir='ltr'><strong>verbis</strong></span> <span class='ocrx_word' id='word_1_149' title='bbox 2353 1560 2650 1619; x_wconf 89' lang='lat' dir='ltr'><strong><em>nonnihil</em></strong></span> <span class='ocrx_word' id='word_1_150' title='bbox 2692 1560 3082 1623; x_wconf 76' lang='lat' dir='ltr'><strong>difficultatis</strong></span> <span class='ocrx_word' id='word_1_151' title='bbox 3133 1564 3452 1641; x_wconf 85' lang='lat' dir='ltr'><strong>exsurgit;</strong></span> 
     </span>
    </p>
   </div>
   <div class='ocr_carea' id='block_1_15' title="bbox 196 1665 877 1734">
    <p class='ocr_par' dir='ltr' id='par_1_15' title="bbox 196 1665 877 1734">
     <span class='ocr_line' id='line_1_15' title="bbox 196 1665 877 1734; baseline 0.001 -14"><span class='ocrx_word' id='word_1_152' title='bbox 196 1674 400 1733; x_wconf 85' lang='lat' dir='ltr'><strong>quam</strong></span> <span class='ocrx_word' id='word_1_153' title='bbox 438 1670 499 1723; x_wconf 92' lang='lat' dir='ltr'><strong>ut</strong></span> <span class='ocrx_word' id='word_1_154' title='bbox 530 1665 877 1734; x_wconf 82' lang='lat' dir='ltr'><strong>solvamus,</strong></span> 
     </span>
    </p>
   </div>
   <div class='ocr_carea' id='block_1_16' title="bbox 300 1756 3453 1835">
    <p class='ocr_par' dir='ltr' id='par_1_16' title="bbox 300 1756 3453 1835">
     <span class='ocr_line' id='line_1_16' title="bbox 300 1756 3453 1835; baseline 0 -18"><span class='ocrx_word' id='word_1_155' title='bbox 300 1759 779 1820; x_wconf 81' lang='lat' dir='ltr'><strong>Observandum</strong></span> <span class='ocrx_word' id='word_1_156' title='bbox 818 1761 875 1821; x_wconf 84' lang='grc' dir='ltr'><strong>1ο</strong></span> <span class='ocrx_word' id='word_1_157' title='bbox 908 1760 1101 1819; x_wconf 85' lang='lat' dir='ltr'><strong>libros</strong></span> <span class='ocrx_word' id='word_1_158' title='bbox 1133 1758 1272 1817; x_wconf 88' lang='lat' dir='ltr'><strong>illos</strong></span> <span class='ocrx_word' id='word_1_159' title='bbox 1302 1759 1494 1835; x_wconf 89' lang='lat' dir='ltr'><strong>longe</strong></span> <span class='ocrx_word' id='word_1_160' title='bbox 1524 1763 1671 1819; x_wconf 87' lang='lat' dir='ltr'><strong><em>ante</em></strong></span> <span class='ocrx_word' id='word_1_161' title='bbox 1702 1758 1905 1817; x_wconf 86' lang='lat' dir='ltr'><strong>sancti</strong></span> <span class='ocrx_word' id='word_1_162' title='bbox 1937 1756 2227 1833; x_wconf 84' lang='lat' dir='ltr'><strong>Gregorii</strong></span> <span class='ocrx_word' id='word_1_163' title='bbox 2264 1762 2553 1833; x_wconf 89' lang='lat' dir='ltr'><strong>tempora</strong></span> <span class='ocrx_word' id='word_1_164' title='bbox 2608 1758 2671 1815; x_wconf 92' lang='lat' dir='ltr'><strong>in</strong></span> <span class='ocrx_word' id='word_1_165' title='bbox 2711 1756 2990 1818; x_wconf 85' lang='lat' dir='ltr'><strong>Ecclesia</strong></span> <span class='ocrx_word' id='word_1_166' title='bbox 3026 1759 3249 1818; x_wconf 89' lang='lat' dir='ltr'><strong>Latina</strong></span> <span class='ocrx_word' id='word_1_167' title='bbox 3310 1758 3453 1817; x_wconf 79' lang='lat' dir='ltr'><strong>sal-</strong></span> 
     </span>
    </p>
   </div>
   <div class='ocr_carea' id='block_1_17' title="bbox 194 1854 3452 1933">
    <p class='ocr_par' dir='ltr' id='par_1_17' title="bbox 194 1854 3452 1933">
     <span class='ocr_line' id='line_1_17' title="bbox 194 1854 3452 1933; baseline 0.002 -24"><span class='ocrx_word' id='word_1_168' title='bbox 194 1855 318 1911; x_wconf 91' lang='lat' dir='ltr'><strong>lem</strong></span> <span class='ocrx_word' id='word_1_169' title='bbox 359 1872 473 1930; x_wconf 90' lang='lat' dir='ltr'><strong>pro</strong></span> <span class='ocrx_word' id='word_1_170' title='bbox 508 1856 837 1926; x_wconf 87' lang='lat' dir='ltr'><strong>canonicis</strong></span> <span class='ocrx_word' id='word_1_171' title='bbox 876 1855 1068 1916; x_wconf 82' lang='lat' dir='ltr'><strong>fuisse</strong></span> <span class='ocrx_word' id='word_1_172' title='bbox 1108 1856 1385 1915; x_wconf 87' lang='lat' dir='ltr'><strong>habitos.</strong></span> <span class='ocrx_word' id='word_1_173' title='bbox 1422 1856 1578 1915; x_wconf 86' lang='lat' dir='ltr'><strong>Nam</strong></span> <span class='ocrx_word' id='word_1_174' title='bbox 1616 1856 1733 1914; x_wconf 87' lang='lat' dir='ltr'><strong>hoc</strong></span> <span class='ocrx_word' id='word_1_175' title='bbox 1765 1855 2021 1915; x_wconf 89' lang='lat' dir='ltr'><strong>nomine</strong></span> <span class='ocrx_word' id='word_1_176' title='bbox 2053 1855 2452 1931; x_wconf 86' lang='lat' dir='ltr'><strong>recipiuntur</strong></span> <span class='ocrx_word' id='word_1_177' title='bbox 2481 1870 2517 1915; x_wconf 93' lang='lat' dir='ltr'><strong>a</strong></span> <span class='ocrx_word' id='word_1_178' title='bbox 2546 1856 2818 1915; x_wconf 92' lang='lat' dir='ltr'><strong>concilio</strong></span> <span class='ocrx_word' id='word_1_179' title='bbox 2847 1854 3145 1933; x_wconf 84' lang='lat' dir='ltr'><strong>Carthag.</strong></span> <span class='ocrx_word' id='word_1_180' title='bbox 3175 1875 3267 1925; x_wconf 91' lang='grc' dir='ltr'>ιιι,</span> <span class='ocrx_word' id='word_1_181' title='bbox 3306 1873 3452 1917; x_wconf 86' lang='lat' dir='ltr'><strong>can.</strong></span> 
     </span>
    </p>
   </div>
   <div class='ocr_carea' id='block_1_18' title="bbox 198 1948 3455 2030">
    <p class='ocr_par' dir='ltr' id='par_1_18' title="bbox 198 1948 3455 2030">
     <span class='ocr_line' id='line_1_18' title="bbox 198 1948 3455 2030; baseline 0.002 -25"><span class='ocrx_word' id='word_1_182' title='bbox 198 1948 315 2019; x_wconf 61' lang='lat'><strong>57;</strong></span> <span class='ocrx_word' id='word_1_183' title='bbox 351 1952 431 2010; x_wconf 87' lang='lat' dir='ltr'><strong>ab</strong></span> <span class='ocrx_word' id='word_1_184' title='bbox 473 1952 840 2012; x_wconf 91' lang='lat' dir='ltr'><strong>Innocentio</strong></span> <span class='ocrx_word' id='word_1_185' title='bbox 888 1953 939 2025; x_wconf 92' lang='lat' dir='ltr'><strong>l,</strong></span> <span class='ocrx_word' id='word_1_186' title='bbox 989 1953 1050 2010; x_wconf 92' lang='lat' dir='ltr'><strong>in</strong></span> <span class='ocrx_word' id='word_1_187' title='bbox 1085 1952 1351 2027; x_wconf 89' lang='lat' dir='ltr'><strong>epistola</strong></span> <span class='ocrx_word' id='word_1_188' title='bbox 1383 1954 1458 2012; x_wconf 90' lang='lat' dir='ltr'><strong>ad</strong></span> <span class='ocrx_word' id='word_1_189' title='bbox 1510 1953 1901 2030; x_wconf 82' lang='lat' dir='ltr'><strong>Exuperium</strong></span> <span class='ocrx_word' id='word_1_190' title='bbox 1934 1951 2365 2025; x_wconf 82' lang='lat' dir='ltr'><strong>Tolosanum;</strong></span> <span class='ocrx_word' id='word_1_191' title='bbox 2430 1953 2788 2029; x_wconf 83' lang='lat' dir='ltr'><strong>Augustino</strong></span> <span class='ocrx_word' id='word_1_192' title='bbox 2837 1955 2880 2013; x_wconf 89' lang='grc' dir='ltr'>ι.</span> <span class='ocrx_word' id='word_1_193' title='bbox 2933 1969 2980 2013; x_wconf 82' lang='grc' dir='ltr'><strong>ιι</strong></span> <span class='ocrx_word' id='word_1_194' title='bbox 3036 1954 3108 2014; x_wconf 90' lang='lat' dir='ltr'><strong>de</strong></span> <span class='ocrx_word' id='word_1_195' title='bbox 3158 1955 3455 2025; x_wconf 83' lang='lat' dir='ltr'><strong>Doctrina</strong></span> 
     </span>
    </p>
   </div>
   <div class='ocr_carea' id='block_1_19' title="bbox 199 2046 3449 2126">
    <p class='ocr_par' dir='ltr' id='par_1_19' title="bbox 199 2046 3449 2126">
     <span class='ocr_line' id='line_1_19' title="bbox 199 2046 3449 2126; baseline 0.002 -20"><span class='ocrx_word' id='word_1_196' title='bbox 199 2046 460 2125; x_wconf 88' lang='lat' dir='ltr'><strong>Cbrist.,</strong></span> <span class='ocrx_word' id='word_1_197' title='bbox 492 2068 549 2110; x_wconf 92' lang='lat' dir='ltr'><strong>c.</strong></span> <span class='ocrx_word' id='word_1_198' title='bbox 581 2050 642 2122; x_wconf 91' lang='lat'><strong>8,</strong></span> <span class='ocrx_word' id='word_1_199' title='bbox 679 2050 790 2111; x_wconf 91' lang='lat' dir='ltr'><strong>lib.</strong></span> <span class='ocrx_word' id='word_1_200' title='bbox 823 2049 896 2110; x_wconf 91' lang='lat' dir='ltr'><strong>de</strong></span> <span class='ocrx_word' id='word_1_201' title='bbox 932 2052 1096 2112; x_wconf 89' lang='lat' dir='ltr'><strong>Cura</strong></span> <span class='ocrx_word' id='word_1_202' title='bbox 1131 2066 1245 2126; x_wconf 91' lang='lat' dir='ltr'><strong>pro</strong></span> <span class='ocrx_word' id='word_1_203' title='bbox 1280 2050 1575 2122; x_wconf 85' lang='lat' dir='ltr'><strong>mortuis,</strong></span> <span class='ocrx_word' id='word_1_204' title='bbox 1606 2066 1661 2107; x_wconf 91' lang='lat' dir='ltr'><strong>c.</strong></span> <span class='ocrx_word' id='word_1_205' title='bbox 1704 2048 1762 2123; x_wconf 87' lang='grc'><strong>1,</strong></span> <span class='ocrx_word' id='word_1_206' title='bbox 1797 2053 1856 2107; x_wconf 88' lang='lat' dir='ltr'><strong>et</strong></span> <span class='ocrx_word' id='word_1_207' title='bbox 1886 2048 1929 2107; x_wconf 94' lang='grc' dir='ltr'><strong>Ι.</strong></span> <span class='ocrx_word' id='word_1_208' title='bbox 1969 2066 2124 2108; x_wconf 79' lang='lat' dir='ltr'><strong>xvm</strong></span> <span class='ocrx_word' id='word_1_209' title='bbox 2162 2049 2235 2109; x_wconf 91' lang='lat' dir='ltr'><strong>de</strong></span> <span class='ocrx_word' id='word_1_210' title='bbox 2268 2049 2450 2110; x_wconf 89' lang='lat' dir='ltr'><strong>Civit.</strong></span> <span class='ocrx_word' id='word_1_211' title='bbox 2493 2050 2627 2120; x_wconf 89' lang='lat' dir='ltr'><strong>Dei,</strong></span> <span class='ocrx_word' id='word_1_212' title='bbox 2659 2066 2714 2109; x_wconf 90' lang='lat' dir='ltr'><strong>c.</strong></span> <span class='ocrx_word' id='word_1_213' title='bbox 2747 2049 2856 2119; x_wconf 89' lang='lat'><strong>36;</strong></span> <span class='ocrx_word' id='word_1_214' title='bbox 2890 2049 3274 2111; x_wconf 88' lang='lat' dir='ltr'><strong>Cassiodoro</strong></span> <span class='ocrx_word' id='word_1_215' title='bbox 3329 2053 3370 2110; x_wconf 92' lang='lat' dir='ltr'><strong>l.</strong></span> <span class='ocrx_word' id='word_1_216' title='bbox 3407 2071 3449 2112; x_wconf 89' lang='grc' dir='ltr'><strong>ιι</strong></span> 
     </span>
    </p>
   </div>
   <div class='ocr_carea' id='block_1_20' title="bbox 197 2144 3453 2225">
    <p class='ocr_par' dir='ltr' id='par_1_20' title="bbox 197 2144 3453 2225">
     <span class='ocr_line' id='line_1_20' title="bbox 197 2144 3453 2225; baseline 0.002 -24"><span class='ocrx_word' id='word_1_217' title='bbox 197 2145 273 2204; x_wconf 88' lang='lat' dir='ltr'><strong>de</strong></span> <span class='ocrx_word' id='word_1_218' title='bbox 307 2146 533 2217; x_wconf 89' lang='lat' dir='ltr'><strong>lnstit.,</strong></span> <span class='ocrx_word' id='word_1_219' title='bbox 568 2165 620 2209; x_wconf 90' lang='lat' dir='ltr'><strong>c.</strong></span> <span class='ocrx_word' id='word_1_220' title='bbox 655 2148 715 2220; x_wconf 86' lang='lat'><strong>6,</strong></span> <span class='ocrx_word' id='word_1_221' title='bbox 746 2148 856 2225; x_wconf 85' lang='lat' dir='ltr'><strong>qui</strong></span> <span class='ocrx_word' id='word_1_222' title='bbox 890 2146 1068 2207; x_wconf 91' lang='lat' dir='ltr'><strong>libris</strong></span> <span class='ocrx_word' id='word_1_223' title='bbox 1099 2147 1223 2205; x_wconf 89' lang='lat' dir='ltr'><strong>illis</strong></span> <span class='ocrx_word' id='word_1_224' title='bbox 1260 2146 1467 2206; x_wconf 88' lang='lat' dir='ltr'><strong>locum</strong></span> <span class='ocrx_word' id='word_1_225' title='bbox 1495 2146 1599 2206; x_wconf 79' lang='lat' dir='ltr'><strong>dat</strong></span> <span class='ocrx_word' id='word_1_226' title='bbox 1629 2144 1795 2204; x_wconf 89' lang='lat' dir='ltr'><strong>inter</strong></span> <span class='ocrx_word' id='word_1_227' title='bbox 1841 2144 2322 2223; x_wconf 88' lang='lat' dir='ltr'><strong>hagiograpba;</strong></span> <span class='ocrx_word' id='word_1_228' title='bbox 2360 2153 2420 2205; x_wconf 89' lang='lat' dir='ltr'><strong>et</strong></span> <span class='ocrx_word' id='word_1_229' title='bbox 2453 2146 2620 2205; x_wconf 91' lang='lat' dir='ltr'><strong>aliis.</strong></span> <span class='ocrx_word' id='word_1_230' title='bbox 2673 2146 2759 2204; x_wconf 88' lang='lat' dir='ltr'><strong>De</strong></span> <span class='ocrx_word' id='word_1_231' title='bbox 2808 2146 3150 2208; x_wconf 90' lang='lat' dir='ltr'><strong>Gelasiano</strong></span> <span class='ocrx_word' id='word_1_232' title='bbox 3201 2149 3453 2210; x_wconf 72' lang='lat' dir='ltr'><strong>decrrto</strong></span> 
     </span>
    </p>
   </div>
   <div class='ocr_carea' id='block_1_21' title="bbox 194 2240 3446 2326">
    <p class='ocr_par' dir='ltr' id='par_1_21' title="bbox 194 2240 3446 2326">
     <span class='ocr_line' id='line_1_21' title="bbox 194 2240 3446 2326; baseline 0.002 -26"><span class='ocrx_word' id='word_1_233' title='bbox 194 2243 341 2304; x_wconf 88' lang='lat' dir='ltr'><strong>illos</strong></span> <span class='ocrx_word' id='word_1_234' title='bbox 395 2247 739 2322; x_wconf 85' lang='lat' dir='ltr'><strong>recipiente</strong></span> <span class='ocrx_word' id='word_1_235' title='bbox 788 2248 953 2307; x_wconf 87' lang='lat' dir='ltr'><strong>inter</strong></span> <span class='ocrx_word' id='word_1_236' title='bbox 981 2246 1327 2307; x_wconf 86' lang='lat' dir='ltr'><strong>canonicas</strong></span> <span class='ocrx_word' id='word_1_237' title='bbox 1367 2245 1729 2320; x_wconf 87' lang='lat' dir='ltr'><strong>Scripturas</strong></span> <span class='ocrx_word' id='word_1_238' title='bbox 1783 2249 2063 2304; x_wconf 88' lang='lat' dir='ltr'><strong>tacemus</strong></span> <span class='ocrx_word' id='word_1_239' title='bbox 2113 2244 2281 2320; x_wconf 93' lang='lat' dir='ltr'><strong>quod</strong></span> <span class='ocrx_word' id='word_1_240' title='bbox 2336 2241 2488 2303; x_wconf 92' lang='lat' dir='ltr'><strong>illud</strong></span> <span class='ocrx_word' id='word_1_241' title='bbox 2543 2240 2835 2319; x_wconf 85' lang='lat' dir='ltr'><strong>rejiciant</strong></span> <span class='ocrx_word' id='word_1_242' title='bbox 2899 2262 2979 2304; x_wconf 89' lang='lat' dir='ltr'><strong>ex</strong></span> <span class='ocrx_word' id='word_1_243' title='bbox 3041 2246 3446 2326; x_wconf 81' lang='lat' dir='ltr'><strong>heterodoxis</strong></span> 
     </span>
    </p>
   </div>
   <div class='ocr_carea' id='block_1_22' title="bbox 190 2342 3447 2425">
    <p class='ocr_par' dir='ltr' id='par_1_22' title="bbox 190 2342 3447 2425">
     <span class='ocr_line' id='line_1_22' title="bbox 190 2342 3447 2425; baseline 0.002 -21"><span class='ocrx_word' id='word_1_244' title='bbox 190 2345 602 2420; x_wconf 87' lang='lat' dir='ltr'><strong>Pearsonius,</strong></span> <span class='ocrx_word' id='word_1_245' title='bbox 645 2346 1019 2407; x_wconf 88' lang='lat' dir='ltr'><strong>Guillelmus</strong></span> <span class='ocrx_word' id='word_1_246' title='bbox 1055 2346 1244 2418; x_wconf 83' lang='lat' dir='ltr'><strong><em>Cave,</em></strong></span> <span class='ocrx_word' id='word_1_247' title='bbox 1288 2351 1347 2406; x_wconf 86' lang='lat' dir='ltr'><strong>et</strong></span> <span class='ocrx_word' id='word_1_248' title='bbox 1397 2344 1504 2405; x_wconf 85' lang='lat' dir='ltr'><strong>alii</strong></span> <span class='ocrx_word' id='word_1_249' title='bbox 1555 2344 1780 2418; x_wconf 88' lang='lat' dir='ltr'><strong>critici,</strong></span> <span class='ocrx_word' id='word_1_250' title='bbox 1835 2361 1979 2406; x_wconf 90' lang='lat' dir='ltr'><strong>cum</strong></span> <span class='ocrx_word' id='word_1_251' title='bbox 2032 2344 2267 2422; x_wconf 88' lang='lat' dir='ltr'><strong>quibus</strong></span> <span class='ocrx_word' id='word_1_252' title='bbox 2321 2359 2493 2402; x_wconf 91' lang='lat' dir='ltr'><strong>nunc</strong></span> <span class='ocrx_word' id='word_1_253' title='bbox 2540 2342 2865 2404; x_wconf 87' lang='lat' dir='ltr'><strong>decertare</strong></span> <span class='ocrx_word' id='word_1_254' title='bbox 2923 2361 3050 2404; x_wconf 91' lang='lat' dir='ltr'><strong>non</strong></span> <span class='ocrx_word' id='word_1_255' title='bbox 3104 2349 3201 2406; x_wconf 88' lang='lat' dir='ltr'><strong>est</strong></span> <span class='ocrx_word' id='word_1_256' title='bbox 3233 2364 3447 2425; x_wconf 66' lang='lat' dir='ltr'><strong>operae</strong></span> 
     </span>
    </p>
   </div>
   <div class='ocr_carea' id='block_1_23' title="bbox 188 2444 484 2520">
    <p class='ocr_par' dir='ltr' id='par_1_23' title="bbox 188 2444 484 2520">
     <span class='ocr_line' id='line_1_23' title="bbox 188 2444 484 2520; baseline 0.014 -20"><span class='ocrx_word' id='word_1_257' title='bbox 188 2444 484 2520; x_wconf 88' lang='lat' dir='ltr'><strong>pretium.</strong></span> 
     </span>
    </p>
   </div>
   <div class='ocr_carea' id='block_1_24' title="bbox 273 2539 3444 2619">
    <p class='ocr_par' dir='ltr' id='par_1_24' title="bbox 273 2539 3444 2619">
     <span class='ocr_line' id='line_1_24' title="bbox 273 2539 3444 2619; baseline 0 -18"><span class='ocrx_word' id='word_1_258' title='bbox 273 2543 785 2619; x_wconf 84' lang='lat' dir='ltr'><strong>Observandum,</strong></span> <span class='ocrx_word' id='word_1_259' title='bbox 816 2544 878 2603; x_wconf 81' lang='lat'><strong>2°</strong></span> <span class='ocrx_word' id='word_1_260' title='bbox 913 2541 1225 2619; x_wconf 84' lang='lat' dir='ltr'><strong>duplicem</strong></span> <span class='ocrx_word' id='word_1_261' title='bbox 1253 2560 1390 2604; x_wconf 89' lang='lat' dir='ltr'><strong>esse</strong></span> <span class='ocrx_word' id='word_1_262' title='bbox 1419 2543 1733 2602; x_wconf 91' lang='lat' dir='ltr'><strong>librorum</strong></span> <span class='ocrx_word' id='word_1_263' title='bbox 1764 2556 2093 2602; x_wconf 88' lang='lat' dir='ltr'><strong>sacrorum</strong></span> <span class='ocrx_word' id='word_1_264' title='bbox 2128 2556 2480 2611; x_wconf 89' lang='lat' dir='ltr'><strong>canonem;</strong></span> <span class='ocrx_word' id='word_1_265' title='bbox 2514 2556 2711 2599; x_wconf 90' lang='lat' dir='ltr'><strong>unum</strong></span> <span class='ocrx_word' id='word_1_266' title='bbox 2733 2539 3125 2613; x_wconf 72' lang='lat' dir='ltr'><strong>Judteorum,</strong></span> <span class='ocrx_word' id='word_1_267' title='bbox 3156 2543 3444 2605; x_wconf 84' lang='lat' dir='ltr'><strong>alterum</strong></span> 
     </span>
    </p>
   </div>
   <div class='ocr_carea' id='block_1_25' title="bbox 188 2638 3440 2720">
    <p class='ocr_par' dir='ltr' id='par_1_25' title="bbox 188 2638 3440 2720">
     <span class='ocr_line' id='line_1_25' title="bbox 188 2638 3440 2720; baseline 0.001 -18"><span class='ocrx_word' id='word_1_268' title='bbox 188 2639 563 2702; x_wconf 70' lang='lat' dir='ltr'><strong>Christianas</strong></span> <span class='ocrx_word' id='word_1_269' title='bbox 595 2639 916 2702; x_wconf 65' lang='lat' dir='ltr'><strong>Ecclesiae.</strong></span> <span class='ocrx_word' id='word_1_270' title='bbox 950 2641 1127 2700; x_wconf 85' lang='lat' dir='ltr'><strong>Prior</strong></span> <span class='ocrx_word' id='word_1_271' title='bbox 1162 2641 1375 2700; x_wconf 88' lang='lat' dir='ltr'><strong>nullus</strong></span> <span class='ocrx_word' id='word_1_272' title='bbox 1407 2639 1564 2699; x_wconf 90' lang='lat' dir='ltr'><strong>alios</strong></span> <span class='ocrx_word' id='word_1_273' title='bbox 1595 2643 1927 2717; x_wconf 81' lang='lat' dir='ltr'><strong>quamqui</strong></span> <span class='ocrx_word' id='word_1_274' title='bbox 1968 2638 2278 2699; x_wconf 82' lang='lat' dir='ltr'><strong>Hebraice</strong></span> <span class='ocrx_word' id='word_1_275' title='bbox 2324 2638 2539 2713; x_wconf 84' lang='lat' dir='ltr'><strong>scripti</strong></span> <span class='ocrx_word' id='word_1_276' title='bbox 2571 2644 2721 2697; x_wconf 89' lang='lat' dir='ltr'><strong>sunt</strong></span> <span class='ocrx_word' id='word_1_277' title='bbox 2763 2640 3023 2716; x_wconf 89' lang='lat' dir='ltr'><strong>recipit;</strong></span> <span class='ocrx_word' id='word_1_278' title='bbox 3062 2642 3224 2702; x_wconf 85' lang='lat' dir='ltr'><strong>alter</strong></span> <span class='ocrx_word' id='word_1_279' title='bbox 3255 2644 3440 2720; x_wconf 86' lang='lat' dir='ltr'><strong>longe</strong></span> 
     </span>
    </p>
   </div>
   <div class='ocr_carea' id='block_1_26' title="bbox 187 2737 3446 2823">
    <p class='ocr_par' dir='ltr' id='par_1_26' title="bbox 187 2737 3446 2823">
     <span class='ocr_line' id='line_1_26' title="bbox 187 2737 3446 2823; baseline 0.002 -26"><span class='ocrx_word' id='word_1_280' title='bbox 187 2737 463 2814; x_wconf 85' lang='lat' dir='ltr'><strong>amplior</strong></span> <span class='ocrx_word' id='word_1_281' title='bbox 493 2744 612 2811; x_wconf 89' lang='lat' dir='ltr'><strong>est,</strong></span> <span class='ocrx_word' id='word_1_282' title='bbox 650 2740 1053 2817; x_wconf 86' lang='lat' dir='ltr'><strong>admittitque</strong></span> <span class='ocrx_word' id='word_1_283' title='bbox 1083 2747 1311 2816; x_wconf 61' lang='lat' dir='ltr'><strong>prater</strong></span> <span class='ocrx_word' id='word_1_284' title='bbox 1332 2740 1580 2798; x_wconf 83' lang='lat' dir='ltr'><strong>Novum</strong></span> <span class='ocrx_word' id='word_1_285' title='bbox 1608 2740 2110 2810; x_wconf 88' lang='lat' dir='ltr'><strong>Testamentum,</strong></span> <span class='ocrx_word' id='word_1_286' title='bbox 2137 2740 2445 2815; x_wconf 89' lang='lat' dir='ltr'><strong>plurimos</strong></span> <span class='ocrx_word' id='word_1_287' title='bbox 2470 2742 2546 2800; x_wconf 89' lang='lat' dir='ltr'><strong>ad</strong></span> <span class='ocrx_word' id='word_1_288' title='bbox 2580 2742 2771 2801; x_wconf 89' lang='lat' dir='ltr'><strong>Vetus</strong></span> <span class='ocrx_word' id='word_1_289' title='bbox 2800 2742 3270 2805; x_wconf 84' lang='lat' dir='ltr'><strong>Testamentum</strong></span> <span class='ocrx_word' id='word_1_290' title='bbox 3305 2766 3446 2823; x_wconf 85' lang='lat' dir='ltr'><strong>per-</strong></span> 
     </span>
    </p>
   </div>
   <div class='ocr_carea' id='block_1_27' title="bbox 187 2836 3442 2916">
    <p class='ocr_par' dir='ltr' id='par_1_27' title="bbox 187 2836 3442 2916">
     <span class='ocr_line' id='line_1_27' title="bbox 187 2836 3442 2916; baseline 0.004 -21"><span class='ocrx_word' id='word_1_291' title='bbox 187 2838 480 2911; x_wconf 85' lang='lat' dir='ltr'><strong>tinentes,</strong></span> <span class='ocrx_word' id='word_1_292' title='bbox 519 2840 629 2916; x_wconf 90' lang='lat' dir='ltr'><strong>qui</strong></span> <span class='ocrx_word' id='word_1_293' title='bbox 664 2840 883 2900; x_wconf 78' lang='lat' dir='ltr'><strong>Grznre</strong></span> <span class='ocrx_word' id='word_1_294' title='bbox 924 2844 1170 2899; x_wconf 92' lang='lat' dir='ltr'><strong>tantum</strong></span> <span class='ocrx_word' id='word_1_295' title='bbox 1210 2844 1490 2899; x_wconf 83' lang='lat' dir='ltr'><strong>exstant.</strong></span> <span class='ocrx_word' id='word_1_296' title='bbox 1529 2837 2008 2897; x_wconf 83' lang='lat' dir='ltr'><strong>Distinctionem</strong></span> <span class='ocrx_word' id='word_1_297' title='bbox 2041 2836 2210 2896; x_wconf 87' lang='lat' dir='ltr'><strong>hanc</strong></span> <span class='ocrx_word' id='word_1_298' title='bbox 2249 2838 2541 2913; x_wconf 81' lang='lat' dir='ltr'><strong>agnoscit</strong></span> <span class='ocrx_word' id='word_1_299' title='bbox 2584 2840 3004 2915; x_wconf 76' lang='lat' dir='ltr'><strong>Augustinus,</strong></span> <span class='ocrx_word' id='word_1_300' title='bbox 3038 2846 3186 2903; x_wconf 91' lang='lat' dir='ltr'><strong>dum</strong></span> <span class='ocrx_word' id='word_1_301' title='bbox 3219 2845 3293 2906; x_wconf 89' lang='lat' dir='ltr'><strong>de</strong></span> <span class='ocrx_word' id='word_1_302' title='bbox 3345 2849 3442 2907; x_wconf 85' lang='lat' dir='ltr'><strong>bis</strong></span> 
     </span>
    </p>
   </div>
   <div class='ocr_carea' id='block_1_28' title="bbox 186 2938 3441 3024">
    <p class='ocr_par' dir='ltr' id='par_1_28' title="bbox 186 2938 3441 3024">
     <span class='ocr_line' id='line_1_28' title="bbox 186 2938 3441 3024; baseline 0.002 -26"><span class='ocrx_word' id='word_1_303' title='bbox 186 2940 366 3000; x_wconf 92' lang='lat' dir='ltr'><strong>libris</strong></span> <span class='ocrx_word' id='word_1_304' title='bbox 398 2941 672 3018; x_wconf 86' lang='lat' dir='ltr'><strong>loquens</strong></span> <span class='ocrx_word' id='word_1_305' title='bbox 705 2942 915 3004; x_wconf 88' lang='lat' dir='ltr'><strong>addit:</strong></span> <span class='ocrx_word' id='word_1_306' title='bbox 949 2943 1026 3001; x_wconf 84' lang='lat' dir='ltr'><strong><em>In</em></strong></span> <span class='ocrx_word' id='word_1_307' title='bbox 1058 2940 1282 3019; x_wconf 81' lang='lat' dir='ltr'><strong><em>quibus</em></strong></span> <span class='ocrx_word' id='word_1_308' title='bbox 1315 2947 1465 3001; x_wconf 86' lang='lat' dir='ltr'><strong><em>sunt</em></strong></span> <span class='ocrx_word' id='word_1_309' title='bbox 1499 2939 2004 3000; x_wconf 79' lang='lat' dir='ltr'><strong><em>Machabeeorum</em></strong></span> <span class='ocrx_word' id='word_1_310' title='bbox 2047 2938 2220 3013; x_wconf 84' lang='lat' dir='ltr'><strong><em>libri,</em></strong></span> <span class='ocrx_word' id='word_1_311' title='bbox 2255 2958 2410 3018; x_wconf 84' lang='lat' dir='ltr'><strong><em>quos</em></strong></span> <span class='ocrx_word' id='word_1_312' title='bbox 2435 2958 2565 2999; x_wconf 89' lang='lat' dir='ltr'><strong>non</strong></span> <span class='ocrx_word' id='word_1_313' title='bbox 2591 2942 2823 3014; x_wconf 75' lang='lat' dir='ltr'><strong>Judwi,</strong></span> <span class='ocrx_word' id='word_1_314' title='bbox 2867 2944 2971 3005; x_wconf 70' lang='lat' dir='ltr'><strong>sed</strong></span> <span class='ocrx_word' id='word_1_315' title='bbox 3006 2944 3296 3005; x_wconf 83' lang='lat' dir='ltr'><strong><em>Ecclesia</em></strong></span> <span class='ocrx_word' id='word_1_316' title='bbox 3324 2966 3441 3024; x_wconf 84' lang='lat' dir='ltr'><strong><em>pro</em></strong></span> 
     </span>
    </p>
   </div>
   <div class='ocr_carea' id='block_1_29' title="bbox 187 3040 3447 3117">
    <p class='ocr_par' dir='ltr' id='par_1_29' title="bbox 187 3040 3447 3117">
     <span class='ocr_line' id='line_1_29' title="bbox 187 3040 3447 3117; baseline 0.001 -17"><span class='ocrx_word' id='word_1_317' title='bbox 187 3042 511 3101; x_wconf 73' lang='lat' dir='ltr'><strong><em>canonicis</em></strong></span> <span class='ocrx_word' id='word_1_318' title='bbox 546 3041 748 3101; x_wconf 81' lang='lat' dir='ltr'><strong><em>habet.</em></strong></span> <span class='ocrx_word' id='word_1_319' title='bbox 782 3041 1006 3116; x_wconf 84' lang='lat' dir='ltr'><strong>Itaque</strong></span> <span class='ocrx_word' id='word_1_320' title='bbox 1037 3044 1139 3102; x_wconf 87' lang='lat' dir='ltr'><strong>vix</strong></span> <span class='ocrx_word' id='word_1_321' title='bbox 1177 3042 1468 3102; x_wconf 90' lang='lat' dir='ltr'><strong>dubitare</strong></span> <span class='ocrx_word' id='word_1_322' title='bbox 1493 3042 1635 3100; x_wconf 90' lang='lat' dir='ltr'><strong>licet</strong></span> <span class='ocrx_word' id='word_1_323' title='bbox 1667 3048 1959 3102; x_wconf 84' lang='lat' dir='ltr'><strong>sanctum</strong></span> <span class='ocrx_word' id='word_1_324' title='bbox 1994 3040 2370 3117; x_wconf 83' lang='lat' dir='ltr'><strong>Gregorium</strong></span> <span class='ocrx_word' id='word_1_325' title='bbox 2401 3042 2604 3100; x_wconf 89' lang='lat' dir='ltr'><strong>sancti</strong></span> <span class='ocrx_word' id='word_1_326' title='bbox 2640 3043 2976 3117; x_wconf 80' lang='lat' dir='ltr'><strong>Augustini</strong></span> <span class='ocrx_word' id='word_1_327' title='bbox 3014 3046 3316 3106; x_wconf 64' lang='lat' dir='ltr'><strong>doctrinae</strong></span> <span class='ocrx_word' id='word_1_328' title='bbox 3339 3049 3447 3106; x_wconf 75' lang='lat' dir='ltr'><strong>ad.</strong></span> 
     </span>
    </p>
   </div>
   <div class='ocr_carea' id='block_1_30' title="bbox 187 3138 3444 3222">
    <p class='ocr_par' dir='ltr' id='par_1_30' title="bbox 187 3138 3444 3222">
     <span class='ocr_line' id='line_1_30' title="bbox 187 3138 3444 3222; baseline 0.003 -26"><span class='ocrx_word' id='word_1_329' title='bbox 187 3138 558 3211; x_wconf 68' lang='lat' dir='ltr'><strong>haerentem,</strong></span> <span class='ocrx_word' id='word_1_330' title='bbox 593 3140 884 3216; x_wconf 89' lang='lat' dir='ltr'><strong>aliasque</strong></span> <span class='ocrx_word' id='word_1_331' title='bbox 916 3158 1258 3201; x_wconf 89' lang='lat' dir='ltr'><strong>memorem</strong></span> <span class='ocrx_word' id='word_1_332' title='bbox 1283 3141 1732 3219; x_wconf 87' lang='lat' dir='ltr'><strong>Catalogorum</strong></span> <span class='ocrx_word' id='word_1_333' title='bbox 1769 3140 2077 3199; x_wconf 91' lang='lat' dir='ltr'><strong>librorum</strong></span> <span class='ocrx_word' id='word_1_334' title='bbox 2109 3156 2305 3201; x_wconf 67' lang='lat' dir='ltr'><strong>sacra:</strong></span> <span class='ocrx_word' id='word_1_335' title='bbox 2326 3140 2667 3216; x_wconf 74' lang='lat' dir='ltr'><strong>Scriptnrze</strong></span> <span class='ocrx_word' id='word_1_336' title='bbox 2693 3158 2727 3201; x_wconf 92' lang='lat' dir='ltr'><strong>a</strong></span> <span class='ocrx_word' id='word_1_337' title='bbox 2756 3144 2887 3203; x_wconf 90' lang='lat' dir='ltr'><strong>suis</strong></span> <span class='ocrx_word' id='word_1_338' title='bbox 2918 3144 3264 3222; x_wconf 86' lang='lat' dir='ltr'><strong>majoribus</strong></span> <span class='ocrx_word' id='word_1_339' title='bbox 3294 3165 3444 3206; x_wconf 81' lang='lat' dir='ltr'><strong>con-</strong></span> 
     </span>
    </p>
   </div>
   <div class='ocr_carea' id='block_1_31' title="bbox 182 3236 3439 3319">
    <p class='ocr_par' dir='ltr' id='par_1_31' title="bbox 182 3236 3439 3319">
     <span class='ocr_line' id='line_1_31' title="bbox 182 3236 3439 3319; baseline 0 -23"><span class='ocrx_word' id='word_1_340' title='bbox 182 3236 485 3314; x_wconf 87' lang='lat' dir='ltr'><strong>ditorum,</strong></span> <span class='ocrx_word' id='word_1_341' title='bbox 521 3257 787 3317; x_wconf 76' lang='lat' dir='ltr'><strong>negasse</strong></span> <span class='ocrx_word' id='word_1_342' title='bbox 823 3240 1341 3318; x_wconf 68' lang='lat' dir='ltr'><strong>Machabazorum</strong></span> <span class='ocrx_word' id='word_1_343' title='bbox 1378 3240 1597 3299; x_wconf 87' lang='lat' dir='ltr'><strong>Libros</strong></span> <span class='ocrx_word' id='word_1_344' title='bbox 1641 3257 1779 3300; x_wconf 86' lang='lat' dir='ltr'><strong>esse</strong></span> <span class='ocrx_word' id='word_1_345' title='bbox 1813 3245 2059 3299; x_wconf 87' lang='lat' dir='ltr'><strong>tantum</strong></span> <span class='ocrx_word' id='word_1_346' title='bbox 2097 3239 2162 3298; x_wconf 92' lang='lat' dir='ltr'><strong>in</strong></span> <span class='ocrx_word' id='word_1_347' title='bbox 2195 3254 2437 3299; x_wconf 87' lang='lat' dir='ltr'><strong>canone</strong></span> <span class='ocrx_word' id='word_1_348' title='bbox 2466 3239 2859 3315; x_wconf 69' lang='lat' dir='ltr'><strong>Judteorum,</strong></span> <span class='ocrx_word' id='word_1_349' title='bbox 2896 3260 3019 3302; x_wconf 91' lang='lat' dir='ltr'><strong><em>non</em></strong></span> <span class='ocrx_word' id='word_1_350' title='bbox 3062 3260 3213 3319; x_wconf 83' lang='lat' dir='ltr'><strong>vero</strong></span> <span class='ocrx_word' id='word_1_351' title='bbox 3257 3244 3439 3305; x_wconf 87' lang='lat' dir='ltr'><strong>Chri-</strong></span> 
     </span>
    </p>
   </div>
   <div class='ocr_carea' id='block_1_32' title="bbox 183 3335 3437 3414">
    <p class='ocr_par' dir='ltr' id='par_1_32' title="bbox 183 3335 3437 3414">
     <span class='ocr_line' id='line_1_32' title="bbox 183 3335 3437 3414; baseline 0.001 -19"><span class='ocrx_word' id='word_1_352' title='bbox 183 3336 561 3397; x_wconf 87' lang='lat' dir='ltr'><strong>stianorum.</strong></span> <span class='ocrx_word' id='word_1_353' title='bbox 590 3337 727 3410; x_wconf 84' lang='lat' dir='ltr'><strong>Qua</strong></span> <span class='ocrx_word' id='word_1_354' title='bbox 761 3337 821 3396; x_wconf 91' lang='lat' dir='ltr'><strong><em>in</em></strong></span> <span class='ocrx_word' id='word_1_355' title='bbox 853 3356 921 3398; x_wconf 92' lang='lat' dir='ltr'><strong>re</strong></span> <span class='ocrx_word' id='word_1_356' title='bbox 952 3343 1207 3398; x_wconf 89' lang='lat' dir='ltr'><strong>secutus</strong></span> <span class='ocrx_word' id='word_1_357' title='bbox 1240 3346 1333 3397; x_wconf 90' lang='lat' dir='ltr'><strong>est</strong></span> <span class='ocrx_word' id='word_1_358' title='bbox 1365 3337 1701 3413; x_wconf 89' lang='lat' dir='ltr'><strong>Origenem</strong></span> <span class='ocrx_word' id='word_1_359' title='bbox 1733 3341 1796 3397; x_wconf 93' lang='lat' dir='ltr'><strong>et</strong></span> <span class='ocrx_word' id='word_1_360' title='bbox 1826 3344 2116 3396; x_wconf 89' lang='lat' dir='ltr'><strong>sanctum</strong></span> <span class='ocrx_word' id='word_1_361' title='bbox 2148 3335 2633 3414; x_wconf 86' lang='lat' dir='ltr'><strong>Hieronymum,</strong></span> <span class='ocrx_word' id='word_1_362' title='bbox 2683 3338 2791 3413; x_wconf 91' lang='lat' dir='ltr'><strong>qui</strong></span> <span class='ocrx_word' id='word_1_363' title='bbox 2827 3355 2967 3397; x_wconf 90' lang='lat' dir='ltr'><strong>cum</strong></span> <span class='ocrx_word' id='word_1_364' title='bbox 3002 3340 3075 3398; x_wconf 91' lang='lat' dir='ltr'><strong>ad</strong></span> <span class='ocrx_word' id='word_1_365' title='bbox 3107 3341 3437 3401; x_wconf 84' lang='lat' dir='ltr'><strong>doctorum</strong></span> 
     </span>
    </p>
   </div>
   <div class='ocr_carea' id='block_1_33' title="bbox 183 3433 3440 3511">
    <p class='ocr_par' dir='ltr' id='par_1_33' title="bbox 183 3433 3440 3511">
     <span class='ocr_line' id='line_1_33' title="bbox 183 3433 3440 3511; baseline 0.001 -18"><span class='ocrx_word' id='word_1_366' title='bbox 183 3434 599 3495; x_wconf 69' lang='lat' dir='ltr'><strong>Hebraeorum</strong></span> <span class='ocrx_word' id='word_1_367' title='bbox 635 3439 911 3495; x_wconf 89' lang='lat' dir='ltr'><strong>mentem</strong></span> <span class='ocrx_word' id='word_1_368' title='bbox 940 3435 1145 3494; x_wconf 90' lang='lat' dir='ltr'><strong>dehis</strong></span> <span class='ocrx_word' id='word_1_369' title='bbox 1188 3435 1545 3510; x_wconf 85' lang='lat' dir='ltr'><strong>loquuntur</strong></span> <span class='ocrx_word' id='word_1_370' title='bbox 1575 3433 1775 3500; x_wconf 90' lang='lat' dir='ltr'><strong>libris,</strong></span> <span class='ocrx_word' id='word_1_371' title='bbox 1821 3449 1931 3493; x_wconf 89' lang='lat' dir='ltr'><strong>eos</strong></span> <span class='ocrx_word' id='word_1_372' title='bbox 1965 3438 2344 3511; x_wconf 84' lang='lat' dir='ltr'><strong>expungunt</strong></span> <span class='ocrx_word' id='word_1_373' title='bbox 2388 3449 2466 3492; x_wconf 87' lang='lat' dir='ltr'><strong>ex</strong></span> <span class='ocrx_word' id='word_1_374' title='bbox 2513 3451 2781 3494; x_wconf 89' lang='lat' dir='ltr'><strong>canone.</strong></span> <span class='ocrx_word' id='word_1_375' title='bbox 2837 3435 3005 3494; x_wconf 85' lang='lat' dir='ltr'><strong>Alibi</strong></span> <span class='ocrx_word' id='word_1_376' title='bbox 3060 3443 3271 3497; x_wconf 91' lang='lat' dir='ltr'><strong>tamen</strong></span> <span class='ocrx_word' id='word_1_377' title='bbox 3332 3453 3440 3496; x_wconf 89' lang='lat' dir='ltr'><strong>eos</strong></span> 
     </span>
    </p>
   </div>
   <div class='ocr_carea' id='block_1_34' title="bbox 184 3534 3439 3613">
    <p class='ocr_par' dir='ltr' id='par_1_34' title="bbox 184 3534 3439 3613">
     <span class='ocr_line' id='line_1_34' title="bbox 184 3534 3439 3613; baseline 0 -19"><span class='ocrx_word' id='word_1_378' title='bbox 184 3542 490 3613; x_wconf 88' lang='lat' dir='ltr'><strong>tanquam</strong></span> <span class='ocrx_word' id='word_1_379' title='bbox 529 3553 745 3597; x_wconf 90' lang='lat' dir='ltr'><strong>sacros</strong></span> <span class='ocrx_word' id='word_1_380' title='bbox 776 3536 1039 3596; x_wconf 89' lang='lat' dir='ltr'><strong>laudant</strong></span> <span class='ocrx_word' id='word_1_381' title='bbox 1076 3554 1200 3596; x_wconf 93' lang='lat' dir='ltr'><strong>non</strong></span> <span class='ocrx_word' id='word_1_382' title='bbox 1230 3540 1450 3608; x_wconf 73' lang='lat' dir='ltr'><strong>semel,</strong></span> <span class='ocrx_word' id='word_1_383' title='bbox 1484 3537 1801 3605; x_wconf 76' lang='lat' dir='ltr'><strong>Ecclesize,</strong></span> <span class='ocrx_word' id='word_1_384' title='bbox 1826 3552 1952 3594; x_wconf 93' lang='lat' dir='ltr'><strong>non</strong></span> <span class='ocrx_word' id='word_1_385' title='bbox 1987 3551 2138 3592; x_wconf 88' lang='lat' dir='ltr'><strong>vero</strong></span> <span class='ocrx_word' id='word_1_386' title='bbox 2172 3534 2522 3610; x_wconf 76' lang='lat' dir='ltr'><strong>Synagogze</strong></span> <span class='ocrx_word' id='word_1_387' title='bbox 2551 3549 2859 3593; x_wconf 91' lang='lat' dir='ltr'><strong>canonem</strong></span> <span class='ocrx_word' id='word_1_388' title='bbox 2894 3535 3093 3593; x_wconf 86' lang='lat' dir='ltr'><strong>secuti</strong></span> <span class='ocrx_word' id='word_1_389' title='bbox 3127 3534 3439 3611; x_wconf 80' lang='lat' dir='ltr'><strong><em>(0rigen.,</em></strong></span> 
     </span>
    </p>
   </div>
   <div class='ocr_carea' id='block_1_35' title="bbox 182 3630 3441 3714">
    <p class='ocr_par' dir='ltr' id='par_1_35' title="bbox 182 3630 3441 3714">
     <span class='ocr_line' id='line_1_35' title="bbox 182 3630 3441 3714; baseline -0.001 -19"><span class='ocrx_word' id='word_1_390' title='bbox 182 3635 224 3695; x_wconf 91' lang='lat' dir='ltr'><strong>l.</strong></span> <span class='ocrx_word' id='word_1_391' title='bbox 258 3653 303 3694; x_wconf 91' lang='grc' dir='ltr'><strong>ιι</strong></span> <span class='ocrx_word' id='word_1_392' title='bbox 338 3636 698 3711; x_wconf 80' lang='lat' dir='ltr'><strong><em>Periarch.,</em></strong></span> <span class='ocrx_word' id='word_1_393' title='bbox 732 3655 786 3696; x_wconf 80' lang='grc' dir='ltr'><strong>ο.</strong></span> <span class='ocrx_word' id='word_1_394' title='bbox 812 3636 869 3708; x_wconf 90' lang='grc'><strong>1,</strong></span> <span class='ocrx_word' id='word_1_395' title='bbox 902 3645 955 3695; x_wconf 88' lang='lat' dir='ltr'><strong>et</strong></span> <span class='ocrx_word' id='word_1_396' title='bbox 993 3636 1060 3695; x_wconf 86' lang='lat' dir='ltr'><strong>in</strong></span> <span class='ocrx_word' id='word_1_397' title='bbox 1090 3654 1142 3695; x_wconf 82' lang='grc' dir='ltr'><strong>ο.</strong></span> <span class='ocrx_word' id='word_1_398' title='bbox 1181 3654 1213 3696; x_wconf 86' lang='lat' dir='ltr'><strong>v</strong></span> <span class='ocrx_word' id='word_1_399' title='bbox 1252 3636 1377 3714; x_wconf 84' lang='lat' dir='ltr'><strong>Ep.</strong></span> <span class='ocrx_word' id='word_1_400' title='bbox 1410 3635 1490 3694; x_wconf 82' lang='lat' dir='ltr'><strong><em>ad</em></strong></span> <span class='ocrx_word' id='word_1_401' title='bbox 1520 3636 1725 3703; x_wconf 87' lang='lat' dir='ltr'><strong>Rom.;</strong></span> <span class='ocrx_word' id='word_1_402' title='bbox 1751 3634 2048 3703; x_wconf 69' lang='lat' dir='ltr'><strong><em>Hierom,</em></strong></span> <span class='ocrx_word' id='word_1_403' title='bbox 2088 3631 2131 3691; x_wconf 93' lang='lat' dir='ltr'><strong>l.</strong></span> <span class='ocrx_word' id='word_1_404' title='bbox 2165 3648 2197 3692; x_wconf 78' lang='grc' dir='ltr'><strong>ν</strong></span> <span class='ocrx_word' id='word_1_405' title='bbox 2230 3636 2572 3692; x_wconf 67' lang='lat' dir='ltr'><strong><em>Comment.</em></strong></span> <span class='ocrx_word' id='word_1_406' title='bbox 2623 3630 2691 3689; x_wconf 87' lang='lat' dir='ltr'><strong>in</strong></span> <span class='ocrx_word' id='word_1_407' title='bbox 2741 3630 2896 3705; x_wconf 87' lang='lat' dir='ltr'><strong>Isa.,</strong></span> <span class='ocrx_word' id='word_1_408' title='bbox 2940 3635 3022 3691; x_wconf 81' lang='lat' dir='ltr'><strong><em>ad</em></strong></span> <span class='ocrx_word' id='word_1_409' title='bbox 3061 3649 3114 3692; x_wconf 88' lang='lat' dir='ltr'><strong>c.</strong></span> <span class='ocrx_word' id='word_1_410' title='bbox 3150 3650 3339 3709; x_wconf 84' lang='lat' dir='ltr'><strong>xxm,</strong></span> <span class='ocrx_word' id='word_1_411' title='bbox 3384 3644 3441 3695; x_wconf 83' lang='lat' dir='ltr'><strong><em>et</em></strong></span> 
     </span>
    </p>
   </div>
   <div class='ocr_carea' id='block_1_36' title="bbox 183 3734 1560 3817">
    <p class='ocr_par' dir='ltr' id='par_1_36' title="bbox 183 3734 1560 3817">
     <span class='ocr_line' id='line_1_36' title="bbox 183 3734 1560 3817; baseline -0.001 -21"><span class='ocrx_word' id='word_1_412' title='bbox 183 3737 415 3797; x_wconf 81' lang='lat' dir='ltr'><strong>Comm.</strong></span> <span class='ocrx_word' id='word_1_413' title='bbox 447 3738 512 3797; x_wconf 89' lang='lat' dir='ltr'><strong>in</strong></span> <span class='ocrx_word' id='word_1_414' title='bbox 545 3758 597 3799; x_wconf 90' lang='lat' dir='ltr'><strong>c.</strong></span> <span class='ocrx_word' id='word_1_415' title='bbox 634 3756 700 3797; x_wconf 79' lang='lat' dir='ltr'><strong>ix</strong></span> <span class='ocrx_word' id='word_1_416' title='bbox 730 3736 913 3799; x_wconf 87' lang='lat' dir='ltr'><strong>Eccl.</strong></span> <span class='ocrx_word' id='word_1_417' title='bbox 938 3748 994 3796; x_wconf 87' lang='lat' dir='ltr'><strong>et</strong></span> <span class='ocrx_word' id='word_1_418' title='bbox 1023 3738 1087 3798; x_wconf 87' lang='lat' dir='ltr'><strong>in</strong></span> <span class='ocrx_word' id='word_1_419' title='bbox 1118 3755 1171 3798; x_wconf 92' lang='lat' dir='ltr'><strong>c.</strong></span> <span class='ocrx_word' id='word_1_420' title='bbox 1205 3754 1314 3796; x_wconf 85' lang='lat' dir='ltr'><strong>vm</strong></span> <span class='ocrx_word' id='word_1_421' title='bbox 1345 3734 1560 3817; x_wconf 83' lang='lat' dir='ltr'><strong>Dan.).</strong></span> 
     </span>
    </p>
   </div>
   <div class='ocr_carea' id='block_1_37' title="bbox 265 3828 3441 3913">
    <p class='ocr_par' dir='ltr' id='par_1_37' title="bbox 265 3828 3441 3913">
     <span class='ocr_line' id='line_1_37' title="bbox 265 3828 3441 3913; baseline -0.002 -19"><span class='ocrx_word' id='word_1_422' title='bbox 265 3836 518 3896; x_wconf 89' lang='lat' dir='ltr'><strong>lnsulse</strong></span> <span class='ocrx_word' id='word_1_423' title='bbox 557 3837 717 3896; x_wconf 87' lang='lat' dir='ltr'><strong>idem</strong></span> <span class='ocrx_word' id='word_1_424' title='bbox 751 3835 1083 3895; x_wconf 66' lang='lat' dir='ltr'><strong>Moliuaaus</strong></span> <span class='ocrx_word' id='word_1_425' title='bbox 1116 3835 1491 3913; x_wconf 61' lang='lat' dir='ltr'><strong>ignorantiae</strong></span> <span class='ocrx_word' id='word_1_426' title='bbox 1526 3833 1737 3910; x_wconf 78' lang='lat' dir='ltr'><strong>arguit</strong></span> <span class='ocrx_word' id='word_1_427' title='bbox 1766 3838 2056 3893; x_wconf 87' lang='lat' dir='ltr'><strong>sanctum</strong></span> <span class='ocrx_word' id='word_1_428' title='bbox 2088 3829 2467 3905; x_wconf 84' lang='lat' dir='ltr'><strong>Gregorium</strong></span> <span class='ocrx_word' id='word_1_429' title='bbox 2517 3828 2737 3904; x_wconf 85' lang='lat' dir='ltr'><strong>(Ibid.,</strong></span> <span class='ocrx_word' id='word_1_430' title='bbox 2768 3847 2820 3888; x_wconf 90' lang='lat' dir='ltr'><strong>c.</strong></span> <span class='ocrx_word' id='word_1_431' title='bbox 2858 3829 2980 3906; x_wconf 83' lang='lat' dir='ltr'><strong>x1),</strong></span> <span class='ocrx_word' id='word_1_432' title='bbox 3008 3830 3265 3907; x_wconf 88' lang='lat' dir='ltr'><strong>quando</strong></span> <span class='ocrx_word' id='word_1_433' title='bbox 3312 3850 3441 3889; x_wconf 83' lang='lat' dir='ltr'><strong>no.-</strong></span> 
     </span>
    </p>
   </div>
   <div class='ocr_carea' id='block_1_38' title="bbox 184 3926 3441 4011">
    <p class='ocr_par' dir='ltr' id='par_1_38' title="bbox 184 3926 3441 4011">
     <span class='ocr_line' id='line_1_38' title="bbox 184 3926 3441 4011; baseline -0.003 -15"><span class='ocrx_word' id='word_1_434' title='bbox 184 3940 293 3996; x_wconf 77' lang='lat' dir='ltr'><strong>mii</strong></span> <span class='ocrx_word' id='word_1_435' title='bbox 325 3955 429 3995; x_wconf 92' lang='lat' dir='ltr'><strong>um</strong></span> <span class='ocrx_word' id='word_1_436' title='bbox 460 3934 883 4011; x_wconf 84' lang='lat' dir='ltr'><strong>quorumdam</strong></span> <span class='ocrx_word' id='word_1_437' title='bbox 921 3934 1053 3994; x_wconf 87' lang='lat' dir='ltr'><strong>sive</strong></span> <span class='ocrx_word' id='word_1_438' title='bbox 1096 3934 1587 4003; x_wconf 81' lang='lat' dir='ltr'><strong>Ilebraicorum,</strong></span> <span class='ocrx_word' id='word_1_439' title='bbox 1640 3931 1773 3990; x_wconf 89' lang='lat' dir='ltr'><strong>sive</strong></span> <span class='ocrx_word' id='word_1_440' title='bbox 1826 3930 2192 3988; x_wconf 70' lang='lat' dir='ltr'><strong>Grmcorum</strong></span> <span class='ocrx_word' id='word_1_441' title='bbox 2241 3943 2465 3985; x_wconf 86' lang='lat' dir='ltr'><strong>sensus</strong></span> <span class='ocrx_word' id='word_1_442' title='bbox 2518 3926 2818 3992; x_wconf 83' lang='lat' dir='ltr'><strong>alTerens.</strong></span> <span class='ocrx_word' id='word_1_443' title='bbox 2880 3928 3040 3987; x_wconf 80' lang='lat' dir='ltr'><strong>dixit</strong></span> <span class='ocrx_word' id='word_1_444' title='bbox 3100 3928 3441 4000; x_wconf 82' lang='lat' dir='ltr'><strong>Lazarum,</strong></span> 
     </span>
    </p>
   </div>
   <div class='ocr_carea' id='block_1_39' title="bbox 183 4026 3441 4116">
    <p class='ocr_par' dir='ltr' id='par_1_39' title="bbox 183 4026 3441 4116">
     <span class='ocr_line' id='line_1_39' title="bbox 183 4026 3441 4116; baseline -0.003 -20"><span class='ocrx_word' id='word_1_445' title='bbox 183 4037 354 4116; x_wconf 88' lang='lat' dir='ltr'><strong>quod</strong></span> <span class='ocrx_word' id='word_1_446' title='bbox 393 4036 552 4095; x_wconf 88' lang='lat' dir='ltr'><strong>idem</strong></span> <span class='ocrx_word' id='word_1_447' title='bbox 583 4042 676 4095; x_wconf 88' lang='lat' dir='ltr'><strong>est</strong></span> <span class='ocrx_word' id='word_1_448' title='bbox 711 4051 784 4094; x_wconf 92' lang='lat' dir='ltr'><strong>ac</strong></span> <span class='ocrx_word' id='word_1_449' title='bbox 815 4034 1140 4099; x_wconf 84' lang='lat' dir='ltr'><strong>Elzearus.</strong></span> <span class='ocrx_word' id='word_1_450' title='bbox 1172 4040 1285 4093; x_wconf 87' lang='lat' dir='ltr'><strong>aut</strong></span> <span class='ocrx_word' id='word_1_451' title='bbox 1338 4033 1722 4101; x_wconf 86' lang='lat' dir='ltr'><strong>Eleazarus,</strong></span> <span class='ocrx_word' id='word_1_452' title='bbox 1779 4028 2142 4108; x_wconf 82' lang='lat' dir='ltr'><strong>signiﬁcare</strong></span> <span class='ocrx_word' id='word_1_453' title='bbox 2190 4026 2513 4105; x_wconf 86' lang='lat' dir='ltr'><strong>adjutum;</strong></span> <span class='ocrx_word' id='word_1_454' title='bbox 2544 4029 2686 4099; x_wconf 89' lang='lat' dir='ltr'><strong>Job,</strong></span> <span class='ocrx_word' id='word_1_455' title='bbox 2737 4028 3013 4104; x_wconf 87' lang='lat' dir='ltr'><strong>dolores,</strong></span> <span class='ocrx_word' id='word_1_456' title='bbox 3050 4036 3161 4091; x_wconf 90' lang='lat' dir='ltr'><strong>aut</strong></span> <span class='ocrx_word' id='word_1_457' title='bbox 3213 4031 3441 4091; x_wconf 86' lang='lat' dir='ltr'><strong>dolen—</strong></span> 
     </span>
    </p>
   </div>
   <div class='ocr_carea' id='block_1_40' title="bbox 185 4129 3440 4210">
    <p class='ocr_par' dir='ltr' id='par_1_40' title="bbox 185 4129 3440 4210">
     <span class='ocr_line' id='line_1_40' title="bbox 185 4129 3440 4210; baseline -0.001 -15"><span class='ocrx_word' id='word_1_458' title='bbox 185 4143 346 4205; x_wconf 88' lang='lat' dir='ltr'><strong>tem;</strong></span> <span class='ocrx_word' id='word_1_459' title='bbox 378 4134 648 4205; x_wconf 82' lang='lat' dir='ltr'><strong>Cherub,</strong></span> <span class='ocrx_word' id='word_1_460' title='bbox 679 4132 1136 4210; x_wconf 88' lang='lat' dir='ltr'><strong>plenitudinem</strong></span> <span class='ocrx_word' id='word_1_461' title='bbox 1169 4135 1280 4191; x_wconf 91' lang='lat' dir='ltr'><strong>aut</strong></span> <span class='ocrx_word' id='word_1_462' title='bbox 1310 4129 1771 4190; x_wconf 85' lang='lat' dir='ltr'><strong>multitudinem</strong></span> <span class='ocrx_word' id='word_1_463' title='bbox 1804 4129 2106 4203; x_wconf 74' lang='lat' dir='ltr'><strong>scientiae,</strong></span> <span class='ocrx_word' id='word_1_464' title='bbox 2134 4129 2303 4189; x_wconf 88' lang='lat' dir='ltr'><strong>eleos</strong></span> <span class='ocrx_word' id='word_1_465' title='bbox 2344 4130 2475 4202; x_wconf 89' lang='lat' dir='ltr'><strong>(ubi</strong></span> <span class='ocrx_word' id='word_1_466' title='bbox 2530 4131 2699 4193; x_wconf 83' lang='lat' dir='ltr'><strong>mala</strong></span> <span class='ocrx_word' id='word_1_467' title='bbox 2745 4131 2864 4192; x_wconf 80' lang='lat' dir='ltr'><strong>ﬁde</strong></span> <span class='ocrx_word' id='word_1_468' title='bbox 2918 4132 3251 4193; x_wconf 72' lang='lat' dir='ltr'><strong>Molinaeus</strong></span> <span class='ocrx_word' id='word_1_469' title='bbox 3294 4134 3440 4209; x_wconf 82' lang='lat' dir='ltr'><strong>legit</strong></span> 
     </span>
    </p>
   </div>
   <div class='ocr_carea' id='block_1_41' title="bbox 184 4227 3439 4310">
    <p class='ocr_par' dir='ltr' id='par_1_41' title="bbox 184 4227 3439 4310">
     <span class='ocr_line' id='line_1_41' title="bbox 184 4227 3439 4310; baseline -0.002 -16"><span class='ocrx_word' id='word_1_470' title='bbox 184 4232 379 4310; x_wconf 84' lang='lat' dir='ltr'><strong><em>oleas)</em></strong></span> <span class='ocrx_word' id='word_1_471' title='bbox 416 4232 940 4294; x_wconf 87' lang='lat' dir='ltr'><strong>misericordiam.</strong></span> <span class='ocrx_word' id='word_1_472' title='bbox 992 4231 1109 4292; x_wconf 87' lang='lat' dir='ltr'><strong>Sed</strong></span> <span class='ocrx_word' id='word_1_473' title='bbox 1152 4232 1214 4291; x_wconf 92' lang='lat' dir='ltr'><strong>in</strong></span> <span class='ocrx_word' id='word_1_474' title='bbox 1266 4231 1361 4289; x_wconf 88' lang='lat' dir='ltr'><strong>his</strong></span> <span class='ocrx_word' id='word_1_475' title='bbox 1403 4228 1678 4289; x_wconf 65' lang='lat' dir='ltr'><strong>Molinaei</strong></span> <span class='ocrx_word' id='word_1_476' title='bbox 1714 4227 2226 4289; x_wconf 87' lang='lat' dir='ltr'><strong>cavillationibus</strong></span> <span class='ocrx_word' id='word_1_477' title='bbox 2275 4228 2634 4288; x_wconf 82' lang='lat' dir='ltr'><strong>reiellendis</strong></span> <span class='ocrx_word' id='word_1_478' title='bbox 2693 4230 2926 4305; x_wconf 78' lang='lat' dir='ltr'><strong>frustra</strong></span> <span class='ocrx_word' id='word_1_479' title='bbox 2972 4235 3216 4308; x_wconf 88' lang='lat' dir='ltr'><strong>tempus</strong></span> <span class='ocrx_word' id='word_1_480' title='bbox 3270 4239 3439 4293; x_wconf 84' lang='lat' dir='ltr'><strong>tere-</strong></span> 
     </span>
    </p>
   </div>
   <div class='ocr_carea' id='block_1_42' title="bbox 178 4316 2551 4391">
    <p class='ocr_par' dir='ltr' id='par_1_42' title="bbox 178 4349 2250 4391">
     <span class='ocr_line' id='line_1_42' title="bbox 178 4349 2250 4391; baseline -0.005 0"><span class='ocrx_word' id='word_1_481' title='bbox 178 4349 420 4391; x_wconf 86' lang='lat' dir='ltr'><strong>remus.</strong></span> <span class='ocrx_word' id='word_1_482' title='bbox 2247 4374 2250 4381; x_wconf 77' lang='grc'>,</span> 
     </span>
    </p>
   </div>
   <div class='ocr_carea' id='block_1_43' title="bbox 266 4424 3437 4507">
    <p class='ocr_par' dir='ltr' id='par_1_43' title="bbox 266 4424 3437 4507">
     <span class='ocr_line' id='line_1_43' title="bbox 266 4424 3437 4507; baseline 0.002 -18"><span class='ocrx_word' id='word_1_483' title='bbox 266 4429 463 4490; x_wconf 77' lang='lat' dir='ltr'><strong>XVII.</strong></span> <span class='ocrx_word' id='word_1_484' title='bbox 518 4427 815 4506; x_wconf 80' lang='lat' dir='ltr'><strong>Ejusdem</strong></span> <span class='ocrx_word' id='word_1_485' title='bbox 843 4429 1147 4487; x_wconf 85' lang='lat' dir='ltr'><strong><em>sententia</em></strong></span> <span class='ocrx_word' id='word_1_486' title='bbox 1176 4427 1247 4488; x_wconf 81' lang='lat' dir='ltr'><strong><em>de</em></strong></span> <span class='ocrx_word' id='word_1_487' title='bbox 1275 4425 1480 4486; x_wconf 83' lang='lat' dir='ltr'><strong><em>vicino</em></strong></span> <span class='ocrx_word' id='word_1_488' title='bbox 1503 4424 1743 4504; x_wconf 86' lang='lat' dir='ltr'><strong><em>judicii</em></strong></span> <span class='ocrx_word' id='word_1_489' title='bbox 1789 4424 1887 4484; x_wconf 88' lang='lat' dir='ltr'><strong><em>die</em></strong></span> <span class='ocrx_word' id='word_1_490' title='bbox 1923 4424 2320 4499; x_wconf 76' lang='lat' dir='ltr'><strong><em>expenditur.</em></strong></span> <span class='ocrx_word' id='word_1_491' title='bbox 2344 4459 2420 4469; x_wconf 94' lang='lat'><em>—</em></span> <span class='ocrx_word' id='word_1_492' title='bbox 2446 4427 2653 4487; x_wconf 91' lang='lat' dir='ltr'><strong>Sancti</strong></span> <span class='ocrx_word' id='word_1_493' title='bbox 2691 4428 2981 4507; x_wconf 82' lang='lat' dir='ltr'><strong>Gregorii</strong></span> <span class='ocrx_word' id='word_1_494' title='bbox 3015 4434 3329 4496; x_wconf 88' lang='lat' dir='ltr'><strong>sententia</strong></span> <span class='ocrx_word' id='word_1_495' title='bbox 3362 4434 3437 4496; x_wconf 87' lang='lat' dir='ltr'><strong>de</strong></span> 
     </span>
    </p>
   </div>
   <div class='ocr_carea' id='block_1_44' title="bbox 181 4524 3433 4607">
    <p class='ocr_par' dir='ltr' id='par_1_44' title="bbox 181 4524 3433 4607">
     <span class='ocr_line' id='line_1_44' title="bbox 181 4524 3433 4607; baseline 0.003 -20"><span class='ocrx_word' id='word_1_496' title='bbox 181 4528 282 4587; x_wconf 91' lang='lat' dir='ltr'><strong>die</strong></span> <span class='ocrx_word' id='word_1_497' title='bbox 316 4529 567 4607; x_wconf 90' lang='lat' dir='ltr'><strong>jodicii,</strong></span> <span class='ocrx_word' id='word_1_498' title='bbox 595 4547 785 4605; x_wconf 90' lang='lat' dir='ltr'><strong>quem</strong></span> <span class='ocrx_word' id='word_1_499' title='bbox 820 4529 1185 4605; x_wconf 89' lang='lat' dir='ltr'><strong>proximum</strong></span> <span class='ocrx_word' id='word_1_500' title='bbox 1220 4526 1695 4605; x_wconf 66' lang='lat' dir='ltr'><strong>praenuntiavit,</strong></span> <span class='ocrx_word' id='word_1_501' title='bbox 1727 4542 1895 4584; x_wconf 88' lang='lat' dir='ltr'><strong>nunc</strong></span> <span class='ocrx_word' id='word_1_502' title='bbox 1924 4524 2361 4602; x_wconf 82' lang='lat' dir='ltr'><strong>expendenda.</strong></span> <span class='ocrx_word' id='word_1_503' title='bbox 2404 4524 2566 4584; x_wconf 89' lang='lat' dir='ltr'><strong>Sane</strong></span> <span class='ocrx_word' id='word_1_504' title='bbox 2601 4530 2956 4589; x_wconf 90' lang='lat' dir='ltr'><strong>communis</strong></span> <span class='ocrx_word' id='word_1_505' title='bbox 3005 4532 3119 4590; x_wconf 80' lang='lat' dir='ltr'><strong>fuit</strong></span> <span class='ocrx_word' id='word_1_506' title='bbox 3151 4539 3433 4597; x_wconf 85' lang='lat' dir='ltr'><strong>veterum</strong></span> 
     </span>
    </p>
   </div>
   <div class='ocr_carea' id='block_1_45' title="bbox 183 4627 3431 4712">
    <p class='ocr_par' dir='ltr' id='par_1_45' title="bbox 183 4627 3431 4712">
     <span class='ocr_line' id='line_1_45' title="bbox 183 4627 3431 4712; baseline 0.001 -20"><span class='ocrx_word' id='word_1_507' title='bbox 183 4632 696 4692; x_wconf 78' lang='lat' dir='ltr'><strong>Christianorum</strong></span> <span class='ocrx_word' id='word_1_508' title='bbox 736 4631 1091 4705; x_wconf 87' lang='lat' dir='ltr'><strong>persuasio,</strong></span> <span class='ocrx_word' id='word_1_509' title='bbox 1127 4629 1341 4686; x_wconf 89' lang='lat' dir='ltr'><strong>mundi</strong></span> <span class='ocrx_word' id='word_1_510' title='bbox 1377 4627 1563 4687; x_wconf 80' lang='lat' dir='ltr'><strong>tinem</strong></span> <span class='ocrx_word' id='word_1_511' title='bbox 1595 4628 1950 4687; x_wconf 90' lang='lat' dir='ltr'><strong>imminere.</strong></span> <span class='ocrx_word' id='word_1_512' title='bbox 1987 4627 2420 4686; x_wconf 90' lang='lat' dir='ltr'><strong>Tertullianus</strong></span> <span class='ocrx_word' id='word_1_513' title='bbox 2452 4628 2839 4688; x_wconf 88' lang='lat' dir='ltr'><strong>existimavit</strong></span> <span class='ocrx_word' id='word_1_514' title='bbox 2866 4630 3130 4692; x_wconf 87' lang='lat' dir='ltr'><strong>cadente</strong></span> <span class='ocrx_word' id='word_1_515' title='bbox 3166 4633 3431 4712; x_wconf 84' lang='lat' dir='ltr'><strong>imperio</strong></span> 
     </span>
    </p>
   </div>
   <div class='ocr_carea' id='block_1_46' title="bbox 180 4724 3437 4803">
    <p class='ocr_par' dir='ltr' id='par_1_46' title="bbox 180 4724 3437 4803">
     <span class='ocr_line' id='line_1_46' title="bbox 180 4724 3437 4803; baseline 0.002 -18"><span class='ocrx_word' id='word_1_516' title='bbox 180 4728 496 4797; x_wconf 80' lang='lat' dir='ltr'><strong>Romano,</strong></span> <span class='ocrx_word' id='word_1_517' title='bbox 537 4726 844 4784; x_wconf 91' lang='lat' dir='ltr'><strong>mundum</strong></span> <span class='ocrx_word' id='word_1_518' title='bbox 885 4743 1141 4803; x_wconf 88' lang='lat' dir='ltr'><strong>quoque</strong></span> <span class='ocrx_word' id='word_1_519' title='bbox 1179 4725 1556 4801; x_wconf 90' lang='lat' dir='ltr'><strong>periturum,</strong></span> <span class='ocrx_word' id='word_1_520' title='bbox 1592 4730 1660 4783; x_wconf 90' lang='lat' dir='ltr'><strong>ut</strong></span> <span class='ocrx_word' id='word_1_521' title='bbox 1689 4725 2052 4785; x_wconf 84' lang='lat' dir='ltr'><strong>observavit</strong></span> <span class='ocrx_word' id='word_1_522' title='bbox 2087 4724 2466 4785; x_wconf 86' lang='lat' dir='ltr'><strong>Franciscus</strong></span> <span class='ocrx_word' id='word_1_523' title='bbox 2510 4726 2859 4788; x_wconf 89' lang='lat' dir='ltr'><strong>Balduinus</strong></span> <span class='ocrx_word' id='word_1_524' title='bbox 2895 4730 2956 4788; x_wconf 91' lang='lat' dir='ltr'><strong>in</strong></span> <span class='ocrx_word' id='word_1_525' title='bbox 3010 4735 3437 4793; x_wconf 83' lang='lat' dir='ltr'><strong>annotationi-</strong></span> 
     </span>
    </p>
   </div>
   <div class='ocr_carea' id='block_1_47' title="bbox 176 4821 3436 4900">
    <p class='ocr_par' dir='ltr' id='par_1_47' title="bbox 176 4821 3436 4900">
     <span class='ocr_line' id='line_1_47' title="bbox 176 4821 3436 4900; baseline 0 -14"><span class='ocrx_word' id='word_1_526' title='bbox 176 4829 293 4889; x_wconf 88' lang='lat' dir='ltr'><strong>bus</strong></span> <span class='ocrx_word' id='word_1_527' title='bbox 332 4826 409 4886; x_wconf 91' lang='lat' dir='ltr'><strong>ad</strong></span> <span class='ocrx_word' id='word_1_528' title='bbox 447 4825 781 4900; x_wconf 86' lang='lat' dir='ltr'><strong>Optatum,</strong></span> <span class='ocrx_word' id='word_1_529' title='bbox 806 4825 917 4883; x_wconf 89' lang='lat' dir='ltr'><strong>lib.</strong></span> <span class='ocrx_word' id='word_1_530' title='bbox 951 4843 1019 4883; x_wconf 90' lang='grc' dir='ltr'><strong>ιιι</strong></span> <span class='ocrx_word' id='word_1_531' title='bbox 1050 4823 1124 4883; x_wconf 92' lang='lat' dir='ltr'><strong>de</strong></span> <span class='ocrx_word' id='word_1_532' title='bbox 1153 4824 1493 4884; x_wconf 87' lang='lat' dir='ltr'><strong>schismate</strong></span> <span class='ocrx_word' id='word_1_533' title='bbox 1522 4823 1863 4892; x_wconf 89' lang='lat' dir='ltr'><strong>Donatist.,</strong></span> <span class='ocrx_word' id='word_1_534' title='bbox 1887 4839 1941 4881; x_wconf 92' lang='lat' dir='ltr'><strong>c.</strong></span> <span class='ocrx_word' id='word_1_535' title='bbox 1972 4821 2029 4879; x_wconf 88' lang='lat'><strong>3.</strong></span> <span class='ocrx_word' id='word_1_536' title='bbox 2060 4821 2377 4897; x_wconf 89' lang='lat' dir='ltr'><strong>Sulpicius</strong></span> <span class='ocrx_word' id='word_1_537' title='bbox 2408 4822 2703 4895; x_wconf 87' lang='lat' dir='ltr'><strong>Severus,</strong></span> <span class='ocrx_word' id='word_1_538' title='bbox 2729 4824 2769 4882; x_wconf 91' lang='grc' dir='ltr'><strong>Ι.</strong></span> <span class='ocrx_word' id='word_1_539' title='bbox 2794 4823 2868 4884; x_wconf 92' lang='lat' dir='ltr'><strong>de</strong></span> <span class='ocrx_word' id='word_1_540' title='bbox 2901 4826 3037 4886; x_wconf 87' lang='lat' dir='ltr'><strong>Vita</strong></span> <span class='ocrx_word' id='word_1_541' title='bbox 3068 4829 3229 4887; x_wconf 89' lang='lat' dir='ltr'><strong>beati</strong></span> <span class='ocrx_word' id='word_1_542' title='bbox 3262 4830 3436 4887; x_wconf 76' lang='lat' dir='ltr'><strong>Mar-</strong></span> 
     </span>
    </p>
   </div>
   <div class='ocr_carea' id='block_1_48' title="bbox 184 4919 3437 4999">
    <p class='ocr_par' dir='ltr' id='par_1_48' title="bbox 184 4919 3437 4999">
     <span class='ocr_line' id='line_1_48' title="bbox 184 4919 3437 4999; baseline -0 -14"><span class='ocrx_word' id='word_1_543' title='bbox 184 4927 329 4997; x_wconf 89' lang='lat' dir='ltr'><strong>tini,</strong></span> <span class='ocrx_word' id='word_1_544' title='bbox 366 4943 430 4984; x_wconf 86' lang='grc' dir='ltr'>ιι.</span> <span class='ocrx_word' id='word_1_545' title='bbox 459 4923 563 4993; x_wconf 60' lang='lat' dir='ltr'><strong>illi,</strong></span> <span class='ocrx_word' id='word_1_546' title='bbox 597 4924 726 4984; x_wconf 63' lang='lat' dir='ltr'><strong>hinc</strong></span> <span class='ocrx_word' id='word_1_547' title='bbox 750 4925 939 4984; x_wconf 84' lang='lat' dir='ltr'><strong>refert</strong></span> <span class='ocrx_word' id='word_1_548' title='bbox 975 4942 1007 4983; x_wconf 89' lang='lat' dir='ltr'><strong>a</strong></span> <span class='ocrx_word' id='word_1_549' title='bbox 1044 4930 1265 4985; x_wconf 90' lang='lat' dir='ltr'><strong>sancto</strong></span> <span class='ocrx_word' id='word_1_550' title='bbox 1294 4923 1570 4982; x_wconf 85' lang='lat' dir='ltr'><strong>Martino</strong></span> <span class='ocrx_word' id='word_1_551' title='bbox 1600 4920 1677 4980; x_wconf 89' lang='lat' dir='ltr'><strong>ad</strong></span> <span class='ocrx_word' id='word_1_552' title='bbox 1710 4920 2032 4981; x_wconf 87' lang='lat' dir='ltr'><strong>diabolum</strong></span> <span class='ocrx_word' id='word_1_553' title='bbox 2066 4919 2228 4980; x_wconf 84' lang='lat' dir='ltr'><strong>dicta</strong></span> <span class='ocrx_word' id='word_1_554' title='bbox 2262 4939 2279 4979; x_wconf 90' lang='lat'><strong>:</strong></span> <span class='ocrx_word' id='word_1_555' title='bbox 2314 4922 2386 4981; x_wconf 87' lang='lat' dir='ltr'><strong><em>Si</em></strong></span> <span class='ocrx_word' id='word_1_556' title='bbox 2428 4931 2495 4979; x_wconf 87' lang='lat' dir='ltr'><strong><em>tu</em></strong></span> <span class='ocrx_word' id='word_1_557' title='bbox 2524 4922 2675 4999; x_wconf 87' lang='lat' dir='ltr'><strong><em>ipse,</em></strong></span> <span class='ocrx_word' id='word_1_558' title='bbox 2706 4942 2741 4983; x_wconf 89' lang='grc' dir='ltr'><strong><em>ο</em></strong></span> <span class='ocrx_word' id='word_1_559' title='bbox 2778 4923 3173 4994; x_wconf 77' lang='lat' dir='ltr'><strong><em>miserabilis,</em></strong></span> <span class='ocrx_word' id='word_1_560' title='bbox 3209 4924 3283 4984; x_wconf 89' lang='lat' dir='ltr'><strong>ab</strong></span> <span class='ocrx_word' id='word_1_561' title='bbox 3308 4925 3437 4984; x_wconf 78' lang='grc' dir='ltr'><strong>Ιιο-</strong></span> 
     </span>
    </p>
   </div>
   <div class='ocr_carea' id='block_1_49' title="bbox 172 5015 3435 5101">
    <p class='ocr_par' dir='ltr' id='par_1_49' title="bbox 172 5015 3435 5101">
     <span class='ocr_line' id='line_1_49' title="bbox 172 5015 3435 5101; baseline 0 -14"><span class='ocrx_word' id='word_1_562' title='bbox 172 5029 415 5087; x_wconf 82' lang='lat' dir='ltr'><strong><em>minum</em></strong></span> <span class='ocrx_word' id='word_1_563' title='bbox 450 5024 855 5083; x_wconf 86' lang='lat' dir='ltr'><strong><em>insectatione</em></strong></span> <span class='ocrx_word' id='word_1_564' title='bbox 890 5024 1240 5095; x_wconf 83' lang='lat' dir='ltr'><strong><em>desisteres,</em></strong></span> <span class='ocrx_word' id='word_1_565' title='bbox 1289 5031 1341 5081; x_wconf 87' lang='lat' dir='ltr'><strong>et</strong></span> <span class='ocrx_word' id='word_1_566' title='bbox 1381 5029 1435 5079; x_wconf 90' lang='lat' dir='ltr'><strong>te</strong></span> <span class='ocrx_word' id='word_1_567' title='bbox 1476 5023 1787 5098; x_wconf 81' lang='lat' dir='ltr'><strong><em>[actorum</em></strong></span> <span class='ocrx_word' id='word_1_568' title='bbox 1839 5029 2089 5080; x_wconf 81' lang='lat' dir='ltr'><strong><em>tuorum</em></strong></span> <span class='ocrx_word' id='word_1_569' title='bbox 2132 5018 2225 5079; x_wconf 81' lang='lat' dir='ltr'><strong><em>vel</em></strong></span> <span class='ocrx_word' id='word_1_570' title='bbox 2280 5019 2397 5080; x_wconf 84' lang='lat' dir='ltr'><strong>hoc</strong></span> <span class='ocrx_word' id='word_1_571' title='bbox 2431 5029 2720 5100; x_wconf 86' lang='lat' dir='ltr'><strong><em>tempore,</em></strong></span> <span class='ocrx_word' id='word_1_572' title='bbox 2771 5042 2907 5083; x_wconf 86' lang='lat' dir='ltr'><strong>cum</strong></span> <span class='ocrx_word' id='word_1_573' title='bbox 2957 5015 3339 5101; x_wconf 73' lang='lat' dir='ltr'><strong><em>diesjuclicii</em></strong></span> <span class='ocrx_word' id='word_1_574' title='bbox 3368 5037 3435 5088; x_wconf 78' lang='lat' dir='ltr'><strong>in</strong></span> 
     </span>
    </p>
   </div>
   <div class='ocr_carea' id='block_1_50' title="bbox 170 5118 3435 5201">
    <p class='ocr_par' dir='ltr' id='par_1_50' title="bbox 170 5118 3435 5201">
     <span class='ocr_line' id='line_1_50' title="bbox 170 5118 3435 5201; baseline 0.002 -23"><span class='ocrx_word' id='word_1_575' title='bbox 170 5124 476 5201; x_wconf 73' lang='lat' dir='ltr'><strong><em>proximo</em></strong></span> <span class='ocrx_word' id='word_1_576' title='bbox 512 5128 624 5189; x_wconf 91' lang='lat' dir='ltr'><strong><em>est,</em></strong></span> <span class='ocrx_word' id='word_1_577' title='bbox 654 5122 998 5197; x_wconf 66' lang='lat' dir='ltr'><strong><em>raniteret,</em></strong></span> <span class='ocrx_word' id='word_1_578' title='bbox 1026 5127 1145 5181; x_wconf 85' lang='lat' dir='ltr'><strong>etc.</strong></span> <span class='ocrx_word' id='word_1_579' title='bbox 1171 5121 1439 5180; x_wconf 76' lang='lat' dir='ltr'><strong>Sanctus</strong></span> <span class='ocrx_word' id='word_1_580' title='bbox 1476 5120 1603 5178; x_wconf 84' lang='lat' dir='ltr'><strong>Leo</strong></span> <span class='ocrx_word' id='word_1_581' title='bbox 1627 5121 1855 5180; x_wconf 90' lang='lat' dir='ltr'><strong>diserte</strong></span> <span class='ocrx_word' id='word_1_582' title='bbox 1886 5120 1969 5179; x_wconf 91' lang='lat' dir='ltr'><strong>ait</strong></span> <span class='ocrx_word' id='word_1_583' title='bbox 1996 5118 2214 5195; x_wconf 88' lang='lat' dir='ltr'><strong>judicii</strong></span> <span class='ocrx_word' id='word_1_584' title='bbox 2245 5119 2431 5193; x_wconf 87' lang='lat' dir='ltr'><strong>diem,</strong></span> <span class='ocrx_word' id='word_1_585' title='bbox 2468 5122 2582 5180; x_wconf 87' lang='lat' dir='ltr'><strong>etsi</strong></span> <span class='ocrx_word' id='word_1_586' title='bbox 2616 5124 2901 5181; x_wconf 85' lang='lat' dir='ltr'><strong>occultus</strong></span> <span class='ocrx_word' id='word_1_587' title='bbox 2930 5121 3035 5197; x_wconf 91' lang='lat' dir='ltr'><strong>sit,</strong></span> <span class='ocrx_word' id='word_1_588' title='bbox 3068 5140 3194 5183; x_wconf 90' lang='lat' dir='ltr'><strong>non</strong></span> <span class='ocrx_word' id='word_1_589' title='bbox 3242 5125 3435 5185; x_wconf 84' lang='lat' dir='ltr'><strong>dubi-</strong></span> 
     </span>
    </p>
   </div>
   <div class='ocr_carea' id='block_1_51' title="bbox 176 5215 3434 5298">
    <p class='ocr_par' dir='ltr' id='par_1_51' title="bbox 176 5215 3434 5298">
     <span class='ocr_line' id='line_1_51' title="bbox 176 5215 3434 5298; baseline 0.002 -18"><span class='ocrx_word' id='word_1_590' title='bbox 176 5231 295 5281; x_wconf 80' lang='lat' dir='ltr'><strong>tari</strong></span> <span class='ocrx_word' id='word_1_591' title='bbox 327 5236 472 5278; x_wconf 90' lang='lat' dir='ltr'><strong>esse</strong></span> <span class='ocrx_word' id='word_1_592' title='bbox 508 5234 783 5276; x_wconf 77' lang='lat' dir='ltr'><strong>Vicinum</strong></span> <span class='ocrx_word' id='word_1_593' title='bbox 819 5219 1034 5294; x_wconf 80' lang='lat' dir='ltr'><strong>(Serm.</strong></span> <span class='ocrx_word' id='word_1_594' title='bbox 1070 5219 1108 5277; x_wconf 87' lang='lat'>8</span> <span class='ocrx_word' id='word_1_595' title='bbox 1138 5219 1467 5297; x_wconf 80' lang='lat' dir='ltr'><strong><em>dejejunio</em></strong></span> <span class='ocrx_word' id='word_1_596' title='bbox 1504 5217 1728 5277; x_wconf 85' lang='lat' dir='ltr'><strong><em>decimi</em></strong></span> <span class='ocrx_word' id='word_1_597' title='bbox 1767 5218 1988 5275; x_wconf 79' lang='lat' dir='ltr'><strong><em>mensis</em></strong></span> <span class='ocrx_word' id='word_1_598' title='bbox 2024 5222 2080 5273; x_wconf 85' lang='lat' dir='ltr'><strong>et</strong></span> <span class='ocrx_word' id='word_1_599' title='bbox 2126 5215 2447 5294; x_wconf 85' lang='lat' dir='ltr'><strong><em>eleemos.).</em></strong></span> <span class='ocrx_word' id='word_1_600' title='bbox 2478 5217 2707 5289; x_wconf 85' lang='lat' dir='ltr'><strong>Quidni</strong></span> <span class='ocrx_word' id='word_1_601' title='bbox 2758 5237 2905 5278; x_wconf 87' lang='lat' dir='ltr'><strong>vero</strong></span> <span class='ocrx_word' id='word_1_602' title='bbox 2951 5220 3034 5281; x_wconf 89' lang='lat' dir='ltr'><strong>ita</strong></span> <span class='ocrx_word' id='word_1_603' title='bbox 3082 5220 3434 5298; x_wconf 86' lang='lat' dir='ltr'><strong>loquantur</strong></span> 
     </span>
    </p>
   </div>
   <div class='ocr_carea' id='block_1_52' title="bbox 176 5316 3428 5403">
    <p class='ocr_par' dir='ltr' id='par_1_52' title="bbox 176 5316 3428 5403">
     <span class='ocr_line' id='line_1_52' title="bbox 176 5316 3428 5403; baseline 0.002 -24"><span class='ocrx_word' id='word_1_604' title='bbox 176 5326 379 5379; x_wconf 83' lang='lat' dir='ltr'><strong>sancti</strong></span> <span class='ocrx_word' id='word_1_605' title='bbox 416 5318 662 5386; x_wconf 86' lang='lat' dir='ltr'><strong>Patres,</strong></span> <span class='ocrx_word' id='word_1_606' title='bbox 684 5317 1281 5394; x_wconf 88' lang='lat' dir='ltr'><strong>cumapostolorum</strong></span> <span class='ocrx_word' id='word_1_607' title='bbox 1306 5319 1597 5395; x_wconf 86' lang='lat' dir='ltr'><strong>princeps</strong></span> <span class='ocrx_word' id='word_1_608' title='bbox 1629 5316 1829 5376; x_wconf 90' lang='lat' dir='ltr'><strong>dicat:</strong></span> <span class='ocrx_word' id='word_1_609' title='bbox 1863 5316 2151 5377; x_wconf 87' lang='lat' dir='ltr'><strong><em>Omnium</em></strong></span> <span class='ocrx_word' id='word_1_610' title='bbox 2185 5317 2326 5393; x_wconf 79' lang='lat' dir='ltr'><strong><em>ﬁnis</em></strong></span> <span class='ocrx_word' id='word_1_611' title='bbox 2354 5317 2931 5395; x_wconf 72' lang='lat' dir='ltr'><strong><em>appropinquavit?</em></strong></span> <span class='ocrx_word' id='word_1_612' title='bbox 2966 5322 3023 5395; x_wconf 89' lang='grc' dir='ltr'><strong>(Ι</strong></span> <span class='ocrx_word' id='word_1_613' title='bbox 3050 5324 3188 5382; x_wconf 85' lang='lat' dir='ltr'><strong><em>Pet.</em></strong></span> <span class='ocrx_word' id='word_1_614' title='bbox 3219 5341 3306 5398; x_wconf 78' lang='lat' dir='ltr'><strong>xv,</strong></span> <span class='ocrx_word' id='word_1_615' title='bbox 3340 5327 3428 5403; x_wconf 68' lang='grc' dir='ltr'><strong>Ἰ.)</strong></span> 
     </span>
    </p>
   </div>
   <div class='ocr_carea' id='block_1_53' title="bbox 173 5412 3427 5497">
    <p class='ocr_par' dir='ltr' id='par_1_53' title="bbox 173 5412 3427 5497">
     <span class='ocr_line' id='line_1_53' title="bbox 173 5412 3427 5497; baseline 0.003 -23"><span class='ocrx_word' id='word_1_616' title='bbox 173 5416 248 5474; x_wconf 85' lang='lat' dir='ltr'><strong>Et</strong></span> <span class='ocrx_word' id='word_1_617' title='bbox 278 5416 605 5475; x_wconf 86' lang='lat' dir='ltr'><strong>Joannes:</strong></span> <span class='ocrx_word' id='word_1_618' title='bbox 638 5412 892 5485; x_wconf 82' lang='lat' dir='ltr'><strong><em>Filioli,</em></strong></span> <span class='ocrx_word' id='word_1_619' title='bbox 926 5415 1257 5474; x_wconf 77' lang='lat' dir='ltr'><strong><em>novissima</em></strong></span> <span class='ocrx_word' id='word_1_620' title='bbox 1296 5415 1451 5475; x_wconf 72' lang='lat' dir='ltr'><strong><em>liora</em></strong></span> <span class='ocrx_word' id='word_1_621' title='bbox 1494 5425 1577 5475; x_wconf 87' lang='lat' dir='ltr'><strong><em>est</em></strong></span> <span class='ocrx_word' id='word_1_622' title='bbox 1609 5415 1666 5494; x_wconf 95' lang='lat' dir='ltr'><strong>(I</strong></span> <span class='ocrx_word' id='word_1_623' title='bbox 1693 5417 1882 5475; x_wconf 89' lang='lat' dir='ltr'><strong><em>Joan.</em></strong></span> <span class='ocrx_word' id='word_1_624' title='bbox 1925 5432 1974 5485; x_wconf 84' lang='grc' dir='ltr'>ι,</span> <span class='ocrx_word' id='word_1_625' title='bbox 2026 5415 2167 5489; x_wconf 83' lang='grc'><strong>18);</strong></span> <span class='ocrx_word' id='word_1_626' title='bbox 2206 5415 2373 5488; x_wconf 88' lang='lat' dir='ltr'><strong>quod</strong></span> <span class='ocrx_word' id='word_1_627' title='bbox 2422 5416 2609 5474; x_wconf 87' lang='lat' dir='ltr'><strong>etiam</strong></span> <span class='ocrx_word' id='word_1_628' title='bbox 2657 5425 2871 5494; x_wconf 88' lang='lat' dir='ltr'><strong>postea</strong></span> <span class='ocrx_word' id='word_1_629' title='bbox 2909 5425 3235 5497; x_wconf 84' lang='lat' dir='ltr'><strong>repetitur.</strong></span> <span class='ocrx_word' id='word_1_630' title='bbox 3272 5427 3427 5485; x_wconf 84' lang='lat' dir='ltr'><strong>For-</strong></span> 
     </span>
    </p>
   </div>
   <div class='ocr_carea' id='block_1_54' title="bbox 177 5510 3428 5589">
    <p class='ocr_par' dir='ltr' id='par_1_54' title="bbox 177 5510 3428 5589">
     <span class='ocr_line' id='line_1_54' title="bbox 177 5510 3428 5589; baseline 0.006 -16"><span class='ocrx_word' id='word_1_631' title='bbox 177 5520 347 5573; x_wconf 86' lang='lat' dir='ltr'><strong>tasse</strong></span> <span class='ocrx_word' id='word_1_632' title='bbox 384 5512 470 5571; x_wconf 89' lang='lat' dir='ltr'><strong>ita</strong></span> <span class='ocrx_word' id='word_1_633' title='bbox 502 5511 841 5586; x_wconf 88' lang='lat' dir='ltr'><strong>loquentes</strong></span> <span class='ocrx_word' id='word_1_634' title='bbox 868 5510 983 5569; x_wconf 90' lang='lat' dir='ltr'><strong>viri</strong></span> <span class='ocrx_word' id='word_1_635' title='bbox 1004 5513 1230 5584; x_wconf 91' lang='lat' dir='ltr'><strong>sancti,</strong></span> <span class='ocrx_word' id='word_1_636' title='bbox 1261 5512 1335 5572; x_wconf 90' lang='lat' dir='ltr'><strong>ad</strong></span> <span class='ocrx_word' id='word_1_637' title='bbox 1370 5513 1520 5572; x_wconf 91' lang='lat' dir='ltr'><strong>illud</strong></span> <span class='ocrx_word' id='word_1_638' title='bbox 1559 5513 1781 5574; x_wconf 78' lang='lat' dir='ltr'><strong>Psaltis</strong></span> <span class='ocrx_word' id='word_1_639' title='bbox 1807 5511 1964 5589; x_wconf 85' lang='lat' dir='ltr'><strong>regii</strong></span> <span class='ocrx_word' id='word_1_640' title='bbox 1996 5510 2404 5569; x_wconf 69' lang='lat' dir='ltr'><strong>alicndebanl</strong></span> <span class='ocrx_word' id='word_1_641' title='bbox 2436 5530 2450 5571; x_wconf 75' lang='grc' dir='ltr'><strong>ε</strong></span> <span class='ocrx_word' id='word_1_642' title='bbox 2482 5512 2663 5573; x_wconf 69' lang='lat' dir='ltr'><strong><em>Mille</em></strong></span> <span class='ocrx_word' id='word_1_643' title='bbox 2692 5519 2843 5577; x_wconf 77' lang='lat' dir='ltr'><strong><em>anni</em></strong></span> <span class='ocrx_word' id='word_1_644' title='bbox 2877 5529 3019 5578; x_wconf 74' lang='lat' dir='ltr'><strong><em>ante</em></strong></span> <span class='ocrx_word' id='word_1_645' title='bbox 3047 5522 3260 5582; x_wconf 77' lang='lat' dir='ltr'><strong>oculos</strong></span> <span class='ocrx_word' id='word_1_646' title='bbox 3284 5533 3428 5586; x_wconf 68' lang='lat' dir='ltr'><strong>tuo:</strong></span> 
     </span>
    </p>
   </div>
   <div class='ocr_carea' id='block_1_55' title="bbox 180 5607 3424 5697">
    <p class='ocr_par' dir='ltr' id='par_1_55' title="bbox 180 5607 3424 5697">
     <span class='ocr_line' id='line_1_55' title="bbox 180 5607 3424 5697; baseline 0.003 -23"><span class='ocrx_word' id='word_1_647' title='bbox 180 5624 472 5686; x_wconf 82' lang='lat' dir='ltr'><strong><em>tanquam</em></strong></span> <span class='ocrx_word' id='word_1_648' title='bbox 504 5608 633 5672; x_wconf 83' lang='lat' dir='ltr'><strong><em>dies</em></strong></span> <span class='ocrx_word' id='word_1_649' title='bbox 669 5608 948 5671; x_wconf 83' lang='lat' dir='ltr'><strong><em>hesterna</em></strong></span> <span class='ocrx_word' id='word_1_650' title='bbox 976 5629 1107 5689; x_wconf 69' lang='lat' dir='ltr'><strong><em>qua:</em></strong></span> <span class='ocrx_word' id='word_1_651' title='bbox 1136 5612 1442 5689; x_wconf 69' lang='lat' dir='ltr'><strong><em>praeteriit</em></strong></span> <span class='ocrx_word' id='word_1_652' title='bbox 1490 5612 1624 5690; x_wconf 82' lang='lat' dir='ltr'><strong>(l’s.</strong></span> <span class='ocrx_word' id='word_1_653' title='bbox 1662 5630 1932 5688; x_wconf 71' lang='lat' dir='ltr'><strong>Lxxxn,</strong></span> <span class='ocrx_word' id='word_1_654' title='bbox 1968 5608 2058 5686; x_wconf 60' lang='lat' dir='ltr'><strong>li).</strong></span> <span class='ocrx_word' id='word_1_655' title='bbox 2094 5607 2155 5668; x_wconf 90' lang='lat' dir='ltr'><strong>Si</strong></span> <span class='ocrx_word' id='word_1_656' title='bbox 2215 5625 2387 5685; x_wconf 84' lang='lat' dir='ltr'><strong>vero,</strong></span> <span class='ocrx_word' id='word_1_657' title='bbox 2420 5616 2487 5669; x_wconf 89' lang='lat' dir='ltr'><strong>ut</strong></span> <span class='ocrx_word' id='word_1_658' title='bbox 2542 5611 2722 5674; x_wconf 88' lang='lat' dir='ltr'><strong>docet</strong></span> <span class='ocrx_word' id='word_1_659' title='bbox 2767 5623 3023 5677; x_wconf 86' lang='lat' dir='ltr'><strong>sanctus</strong></span> <span class='ocrx_word' id='word_1_660' title='bbox 3077 5618 3424 5697; x_wconf 78' lang='lat' dir='ltr'><strong>Gregorio:</strong></span> 
     </span>
    </p>
   </div>
  </div>
