4018 6298
563 262 635 321 55
1770 252 2143 310 rnsearlo
2185 238 2594 311 cenemus;
2853 280 2861 287 -
3770 246 3841 304 eo

565 379 726 439 Dial.
756 380 799 439 1.
835 388 906 453 It,
936 398 992 443 c.
1032 379 1111 440 35
1138 424 1158 457 ,
1195 376 1453 440 Videnti
1494 377 1867 446 Creatorem,
1919 377 2027 449 qui
2076 375 2502 435 immensitate
2552 373 2810 453 gaudet,
2861 377 3130 449 augusta
3170 384 3257 431 est
3290 370 3487 430 omnis
3530 377 3841 443 creatura,

567 483 735 541 unde
767 500 892 542 nou
934 482 1166 541 mirum
1196 481 1415 541 orbem
1464 478 1837 550 universum
1892 476 1954 535 in
1990 491 2122 533 uno
2178 477 2334 535 solis
2378 476 2559 535 radio
2612 474 2814 535 sancti
2865 471 3181 532 Benedicti
3230 472 3435 532 oculis
3485 470 3839 547 subjectum

569 578 810 650 fuisse;
877 596 994 638 cur
1057 594 1187 638 non
1254 575 1473 635 eadem
1544 573 1794 633 ratione
1845 571 2134 630 dicamus
2181 573 2773 646 contemplantibus
2832 572 2940 632 Dei
2993 571 3412 632 aeternitatem
3468 569 3663 630 breve
3711 588 3842 632 esse

571 695 763 737 omne
793 683 1071 753 tempus,
1104 674 1222 734 etsi
1255 672 1452 731 multa
1485 671 1676 731 etiam
1706 684 2026 730 annorum
2055 669 2257 730 millia
2288 670 2797 746 complectatur?

647 775 869 838 XVIII.
928 773 1168 849 Quibus
1201 771 1271 830 S.
1304 772 1654 848 Scriptura:
1694 769 2101 829 Versionibus
2151 787 2300 829 usus
2354 769 2461 828 sit.
2501 800 2572 813 —
2604 765 3132 843 Quandoquidem
3197 770 3457 828 sanctus
3494 765 3837 839 Gregorius

581 876 645 934 in
676 873 926 933 eitanda
954 886 1136 932 sacra
1176 868 1505 945 Scriptura
1540 874 1636 927 est
1661 869 1985 938 assiduus,
2018 884 2145 925 non
2178 867 2293 927 abs
2328 885 2394 925 re
2426 866 2547 931 erit
2580 864 2914 926 ostendere
2946 882 3073 941 qua
3131 883 3284 924 usus
3319 865 3395 924 sit
3444 864 3837 941 potissimum

571 974 892 1033 versione.
920 972 988 1031 In
1028 970 1156 1029 fine
1185 969 1471 1044 epistolae
1503 969 1578 1028 ad
1615 967 1977 1026 Leandrum
2011 967 2096 1026 i‘a
2130 968 2458 1041 loquitur:
2490 966 2729 1027 Novam
2769 980 2912 1024 vero
2948 964 3423 1024 translationem
3461 963 3721 1033 dissero,
3743 962 3843 1020 sed

567 1090 706 1131 cum
731 1069 1135 1149 probationis
1173 1067 1607 1143 causaexigit,
1644 1084 1814 1126 nunc
1839 1082 2089 1134 novam,
2126 1083 2293 1126 nunc
2318 1074 2573 1139 ueterem
2606 1083 2717 1143 per
2738 1066 3092 1125 testimonia
3118 1083 3387 1139 assumo,
3415 1070 3538 1124 etc.
3577 1065 3693 1123 Per
3722 1079 3843 1123 an~

570 1177 846 1252 tiquam,
878 1170 1177 1246 intelligit
1208 1170 1570 1229 versionem
1605 1168 1834 1228 factam
1868 1184 1948 1226 es.
1986 1167 2206 1227 Grazco
2245 1167 2647 1245 septuaginta
2690 1167 3147 1243 lnterpretum;
3185 1183 3296 1240 per
3324 1181 3557 1224 novam
3595 1160 3835 1240 signiﬁ-

565 1280 668 1334 cat
706 1271 936 1331 factam
966 1270 1049 1328 ab
1081 1267 1474 1344 Hieronymo
1504 1284 1583 1325 ex
1616 1266 1756 1343 ipso
1787 1263 2078 1325 Hebraeo.
2132 1266 2312 1327 lianc
2355 1274 2568 1325 autem
2614 1266 2941 1327 vetustiori
3005 1263 3301 1341 praeferre
3340 1263 3598 1324 videtur
3653 1261 3694 1321 1.
3756 1279 3842 1321 xx

566 1373 820 1436 Moral..
853 1387 1058 1438 num.,
1089 1368 1203 1427 62:
1242 1369 1447 1446 Longe
1475 1365 1549 1425 ab
1586 1366 1700 1425 hac
1734 1367 2038 1426 sententia
2066 1376 2240 1424 vetus
2264 1364 2599 1427 translatio
2632 1366 2936 1435 dissonat,
2973 1366 3118 1443 quia
3148 1360 3312 1442 quod
3374 1364 3441 1424 in
3480 1362 3593 1423 hac
3622 1361 3693 1421 de
3722 1363 3841 1422 Deo

567 1469 825 1543 dicitur,
867 1469 980 1531 hoc
1019 1469 1085 1529 in
1122 1467 1235 1527 illa
1288 1469 1362 1528 de
1420 1466 1798 1527 adrersariis
1829 1484 1901 1526 ac
1942 1465 2444 1540 persecutoribus
2502 1474 2901 1525 memoratur.
2947 1464 3071 1525 Sed
3114 1472 3313 1523 tamen
3343 1464 3491 1541 quia
3525 1463 3649 1524 iure
3679 1482 3839 1521 πυτ-α

576 1571 912 1635 translatio
947 1590 1024 1631 ea:
1059 1571 1122 1631 Π
1132 1569 1321 1630 cbrteo
1358 1568 1537 1629 nobis
1572 1567 1957 1645 Arabicoque
1987 1567 2228 1646 eloquio
2261 1574 2483 1627 cuncta
2511 1565 3148 1644 veriustransfudisse
3173 1562 3554 1642 perhibetur,
3589 1562 3841 1623 creden-

570 1674 717 1737 dum
747 1682 833 1734 est
872 1671 1180 1751 quidquid
1212 1672 1282 1730 in
1325 1689 1391 1729 ea
1421 1668 1692 1735 dicitur;
1724 1675 1779 1727 et
1810 1675 2058 1745 oportet
2093 1684 2156 1727 ut
2187 1668 2369 1729 verba
2400 1668 2571 1729 illius
2602 1677 2821 1727 nostra
2858 1665 3171 1742 expositio
3207 1664 3525 1739 subtiliter
3551 1664 3834 1724 rimetur.

584 1776 886 1836 Eamdem
920 1773 1174 1853 preefert
1198 1771 1504 1842 Isidorus,
1534 1770 1642 1828 lib.
1678 1785 1738 1827 v1
1776 1768 2163 1845 Etymolog.,
2196 1785 2251 1828 c.
2283 1769 2341 1826 5.
2377 1767 2728 1845 Presbyter,
2766 1767 2997 1841 inquit,
3035 1766 3450 1843 Hieronymus
3481 1764 3675 1825 trium
3714 1763 3842 1823 lin-

569 1890 833 1951 guarum
866 1872 1277 1949 peritissimus
1308 1887 1384 1928 ea:
1435 1866 1693 1929 Hebraeo
1722 1869 1789 1928 in
1823 1867 2119 1928 Latinum
2163 1867 2471 1946 eloquium
2512 1867 2760 1926 divinas
2793 1867 3160 1943 Scripturas
3214 1865 3622 1925 convertit....
3661 1863 3839 1940 cujus

571 1971 1008 2049 interpretatio
1046 1968 1266 2029 merito
1298 1970 1532 2029 trieteris
1565 1970 1996 2045 anteponilur.
2032 1968 2106 2025 Et
2139 1968 2248 2025 lib.
2283 1986 2300 2026 ι
2329 1967 2404 2028 de
2434 1966 2670 2026 Officiis
2696 1967 2849 2035 div.,
2882 1984 2935 2025 c.
2969 1966 3086 2023 12:
3125 1966 3209 2025 De
3244 1963 3601 2023 Ilebrwo....
3636 1980 3843 2021 sacras

575 2072 943 2150 Scripturas
973 2070 1303 2137 convertit,
1335 2069 1514 2143 cuius
1549 2068 1821 2153 editione
1849 2067 2221 2143 generaliter
2248 2084 2451 2128 omnes
2480 2064 2770 2126 Ecclesice
2791 2081 3218 2143 usquequaque
3247 2070 3538 2135 utuntur,
3577 2079 3642 2121 eo
3672 2060 3843 2140 quod

576 2178 667 2232 est
704 2170 987 2230 oeracior
1019 2171 1086 2229 in
1121 2168 1466 2239 sententiis,
1492 2176 1548 2227 et
1580 2167 1817 2227 clarior
1850 2168 1917 2227 in
1947 2165 2172 2228 verbiS.

655 2269 813 2331 XIX
886 2269 972 2328 De
1000 2268 1137 2343 ejus
1163 2266 1325 2343 ston
1359 2274 1411 2325 et
1437 2268 1685 2326 ratione
1711 2265 2051 2327 scribendi.
2082 2301 2157 2311 —
2186 2267 2272 2327 De
2310 2268 2511 2329 sancti
2551 2266 2836 2345 Gregorii
2876 2264 3042 2345 stylo
3095 2264 3472 2338 rationeque
3522 2258 3844 2323 scribendi

573 2368 809 2428 sufﬁcit
842 2372 1054 2444 tegere
1087 2384 1234 2443 quae
1265 2368 1544 2428 diximus
1575 2366 1637 2426 in
1670 2365 1918 2444 praefat.
1948 2366 2024 2425 ad
2056 2365 2406 2428 Comment.
2435 2367 2497 2425 in
2538 2365 2673 2425 Lib.
2704 2383 2719 2423 ι
2755 2367 2932 2442 lteg.,
2970 2380 3004 2423 a
3040 2380 3305 2422 numero
3340 2359 3378 2419 5
3408 2360 3485 2419 ad
3520 2360 3579 2419 9.
3615 2360 3843 2419 Fami-

574 2467 734 2528 liare
766 2467 1021 2544 quidem
1055 2473 1149 2527 est
1177 2466 1235 2527 ei
1273 2468 1493 2536 verba,
1526 2471 1595 2525 ut
1626 2465 1805 2524 aiunt
1836 2465 2260 2540 grammatici,
2293 2464 2704 2539 deponentia,
2760 2464 2821 2521 in
2856 2462 3107 2540 passiva
3155 2458 3622 2536 significatione
3678 2461 3846 2519 acc?-

576 2583 753 2644 pere,
784 2573 851 2624 ut
878 2564 1123 2634 metior,
1163 2571 1312 2623 tom.
1345 2562 1395 2636 1,
1424 2564 1550 2623 col.
1586 2561 1740 2621 1'408
1770 2562 1983 2639 c,-col.
2016 2560 2169 2620 1&09
2197 2560 2258 2630 d,
2293 2560 2449 2621 1ῐι10
2479 2561 2553 2635 d;
2588 2561 2897 2637 venerari,
2926 2560 3047 2618 col.
3078 2558 3189 2617 561
3225 2561 3285 2627 d,
3310 2566 3373 2618 et
3400 2557 3516 2615 623
3542 2574 3609 2631 c;
3635 2575 3844 2635 perse-

574 2668 722 2744 qui.
773 2666 897 2724 col.
961 2662 1082 2721 (s59
1134 2679 1210 2724 a:
1269 2661 1550 2734 imitari,
1604 2662 1724 2721 col.
1784 2660 1957 2720 1338.
2021 2662 2162 2739 lpse
2195 2663 2271 2723 de
2316 2681 2383 2723 se
2438 2679 2685 2721 summa
2734 2676 2981 2738 semper
3026 2676 3170 2719 cum
3219 2656 3414 2716 animi
3458 2654 3845 2716 demissione

580 2764 889 2834 sentiens,
951 2764 1035 2823 ait
1072 2764 1133 2821 in
1173 2762 1297 2820 fine
1342 2760 1629 2837 epistolas
1688 2757 1766 2820 ad
1820 2760 2179 2820 Leandrum
2238 2760 2415 2819 libris
2465 2760 2803 2820 Moralium
2866 2758 3204 2834 praemissae
3239 2773 3254 2812 :
3285 2752 3430 2815 Non
3475 2751 3847 2812 barbarismi

575 2864 995 2942 confusionem
1031 2862 1266 2933 devito,
1299 2861 1459 2919 situs
1493 2869 1813 2938 motusque
1845 2868 1898 2921 et
1926 2860 2443 2938 pra'positionum
2474 2878 2650 2919 casus
2678 2873 2923 2916 servare
2954 2864 3312 2919 contemno;
3339 2850 3490 2930 quia
3517 2850 3847 2928 indignum

577 2964 958 3024 vehementer
1002 2962 1289 3023 existimo
1329 2968 1399 3019 ut
1430 2959 1611 3019 cerba
1659 2958 1928 3035 caélrst's
1961 2960 2200 3019 oraculi
2232 2962 2604 3034 restringunt
2653 2955 2765 3014 sub
2808 2953 3044 3029 regulis
3094 2951 3355 3010 Donati.
3395 2950 3470 3009 Et
3501 2968 3651 3011 vero
3701 2951 3849 3008 illu-

576 3066 926 3126 strissimus
948 3040 1258 3131 Hueiius,
1308 3062 1418 3120 lib.
1481 3062 1557 3119 de
1619 3061 1860 3135 Optimo
1915 3076 2149 3136 genere
2212 3056 2699 3133 interpretandi,
2739 3051 2938 3126 n.1i2,
2985 3052 3261 3111 ostenst
3310 3056 3622 3125 quantum
3680 3049 3848 3110 sac.i

577 3166 955 3242 interpretes
1002 3160 1405 3240 neglexerint
1437 3165 1810 3218 accuratum
1842 3156 2087 3215 dicendi
2118 3173 2322 3232 genus
2350 3161 2412 3215 et
2440 3155 2883 3213 Grammatij
2917 3152 3111 3226 leges.
3166 3148 3486 3224 Sulpicius
3520 3147 3802 3207 Severus
3831 3191 3847 3219 ,

579 3264 717 3340 iure
744 3271 1001 3321 vocatus
1026 3257 1364 3318 Sallustius
1394 3246 1800 3315 Christianus
1833 3259 2092 3330 pr0pter
2124 3253 2511 3321 facundiam,
2541 3252 2615 3310 de
2640 3268 2705 3309 se
2732 3251 2815 3308 ita
2849 3248 3135 3323 loquitur
3163 3245 3223 3302 in
3254 3244 3491 3319 prastat.
3523 3244 3599 3304 ad
3631 3244 3845 3303 Vitam

581 3365 776 3426 sancti
808 3360 1061 3422 Martini
1088 3380 1101 3416 :
1124 3357 1289 3431 Quia
1319 3356 1488 3434 nefas
1525 3364 1808 3433 putarem
1844 3354 2004 3411 tanti
2036 3353 2163 3412 viri
2189 3352 2378 3410 latere
2409 3352 2700 3420 virtutes,
2731 3347 2897 3425 apud
2935 3364 3023 3404 me
3066 3346 3194 3423 ipse
3221 3342 3419 3404 didici
3456 3350 3522 3401 ut
3555 3341 3628 3401 de
3662 3344 3852 3402 salte-

583 3460 785 3525 rismis
814 3479 940 3521 non
973 3459 1402 3530 erubescerem,
1451 3457 1596 3534 quia
1624 3472 1732 3513 nec
1763 3470 2043 3529 magnam
2081 3452 2342 3512 istarum
2378 3468 2644 3528 unquam
2675 3466 2881 3507 rerum
2910 3446 3230 3506 scientiam
3262 3446 3674 3521 contigissem.
3712 3443 3851 3504 Νε-

584 3584 711 3644 que
743 3573 952 3625 tamen
985 3562 1200 3620 omnia
1235 3576 1377 3637 qua:
1408 3556 1837 3635 grammaticas
1882 3555 2128 3631 legibus
2176 3552 2499 3613 contraria
2549 3552 2843 3611 videntur
2885 3550 2947 3608 in
2992 3546 3190 3607 sancti
3229 3546 3517 3622 Gregorii
3565 3545 3848 3623 scriptis,

592 3667 899 3725 continuo
936 3678 1050 3740 pro
1081 3659 1454 3720 solmcismis
1492 3665 1601 3717 aut
1636 3654 2050 3713 barbarismis
2085 3651 2401 3712 habenda.
2436 3650 2664 3709 Notum
2698 3655 2792 3707 est
2823 3647 3117 3705 omnibus
3150 3645 3400 3721 linguas
3433 3644 3513 3701 ab
3549 3659 3666 3701 usu
3705 3658 3857 3717 pen-

584 3767 758 3826 dere.
791 3765 1012 3840 Itaque
1043 3778 1188 3820 cum
1232 3765 1515 3835 tempore
1562 3754 1852 3830 Gregorii
1883 3752 2097 3829 Magni
2129 3750 2416 3827 quaedam
2450 3767 2631 3808 Voces
2665 3763 2833 3805 nunc
2863 3745 3188 3819 obsoletis,
3217 3742 3505 3818 quaedam
3537 3739 3840 3816 loquendi

585 3865 871 3929 formulae
898 3838 1131 3922 nostra!
1158 3857 1414 3936 syntaxi
1442 3854 1807 3923 contrariae,
1840 3868 1982 3928 quae
2010 3852 2087 3910 ad
2121 3848 2395 3925 purioris
2427 3846 2791 3906 Latinitatis
2830 3843 3083 3920 regulas
3112 3850 3336 3901 exacta
3382 3847 3498 3908 est,
3537 3838 3858 3897 invaluis-

590 3978 755 4041 sent,
786 3968 848 4027 et
891 3981 1011 4026 usu
1059 3962 1327 4022 fuissent
1359 3962 1662 4032 receptas,
1718 3952 1977 4012 minime
2012 3948 2470 4027 vituperandus
2509 3954 2605 4005 est
2634 3951 2747 4005 aut
2781 3942 3284 4003 contemnendus
3313 3938 3479 4017 quod
3513 3938 3625 3996 has
3671 3950 3857 3994 voces

595 4082 655 4135 et
689 4033 994 4131 formulas
1019 4060 1404 4125 adhibuerit.
1435 4060 1749 4131 Tempore
1777 4052 2055 4111 Terentii
2106 4050 2278 4127 ipsus
2310 4066 2423 4125 pro
2453 4048 2611 4125 ipse,
2658 4045 2827 4105 scibo
2864 4060 2978 4124 pro
3013 4042 3225 4112 sciam,
3261 4043 3393 4118 face
3420 4054 3531 4116 pro
3560 4037 3658 4114 [ac
3683 4033 3859 4093 dice-

594 4176 806 4237 batur,
835 4184 997 4245 quas
1030 4181 1213 4223 voces
1249 4176 1435 4220 nemo
1463 4153 1786 4216 damnabit
1823 4153 1885 4210 in
1922 4151 2038 4209 hoc
2067 4156 2278 4227 poeta,
2309 4148 2423 4207 etsi
2460 4164 2633 4208 nunc
2669 4144 2928 4203 minime
2958 4145 3407 4220 probarentur.
3456 4135 3638 4245 Apud
3673 4151 3860 4245 eum-

590 4275 730 4332 dem
757 4234 821 4328 in
854 4234 1141 4342 Adelphii
1173 4268 1294 4322 act.
1322 4277 1383 4330 v,
1414 4272 1602 4317 scena
1635 4271 1720 4323 Iv,
1754 4252 1988 4329 legitur
2015 4270 2029 4307 :
2058 4248 2244 4310 Nunc
2266 4254 2489 4307 exacta
2518 4252 2721 4317 (etate,
2751 4242 2866 4301 hoc
2893 4241 3091 4320 fructi
3114 4255 3231 4318 pro
3264 4237 3469 4342 labore
3491 4234 3565 4342 ab
3589 4234 3668 4342 iis
3694 4235 3856 4309 fero,

593 4372 839 4436 odium;
882 4385 995 4445 pro
1016 4332 1142 4423 'hoc
1173 4364 1442 4440 fructus.
1473 4355 1790 4424 Hilarius,
1831 4369 2022 4428 quem
2063 4354 2321 4408 sanctus
2357 4345 2789 4445 Hieronymus
2827 4335 3484 4445 propter‘facundiam‘
3511 4332 3860 4445 laudabunt

602 4427 958 4546 intelligere
997 4465 1141 4524 licet
1173 4427 1256 4521 ex
1287 4457 1422 4535 ejus
1459 4451 1831 4514 testimoniis
1854 4427 2088 4509 Hilarii
2128 4444 2284 4503 Vita:
2317 4445 2379 4502 in
2413 4458 2575 4502 nova
2606 4439 2743 4518 ejus
2772 4454 3037 4516 aperum
3069 4435 3355 4546 Editione
3388 4429 3715 4546 subjectis,
3749 4427 3859 4485 Hi-

599 4528 1143 4640 lariusfinquam,
1175 4528 1524 4633 saepissime
1558 4544 2143 4626 usurpatloquendi
2170 4545 2388 4601 modos
2419 4541 2500 4600 ab
2526 4540 2847 4598 hodiernis
2877 4550 3138 4611 prorsus
3169 4532 3445 4640 diss-itus.
3476 4530 3599 4590 Sic.
3777 4546 3859 4640 vn

593 4667 670 4726 de
697 4628 905 4732 Trin.,
939 4628 1002 4721 n.
1044 4628 1172 4718 27V:
1204 4628 1353 4718 Non
1390 4654 1569 4719 enim,
1602 4651 1831 4726 inquit,
1872 4665 1948 4706 ea:
1985 4643 2343 4722 compositis
2376 4651 2559 4720 atque
2593 4639 2885 4700 inanimis
2913 4639 3101 4708 Deus,
3125 4633 3375 4713 quicita
3409 4637 3520 4703 est,
3549 4628 3863 4703 subsistit,

596 4782 786 4844 neque
813 4761 923 4840 qui
948 4759 1151 4820 virtus
1181 4762 1298 4826 est,
1334 4769 1409 4811 ea:
1443 4746 1793 4827 inﬁrmibus
1826 4746 2217 4806 continetur.

683 4828 890 4931 i‘iunc,
929 4858 1305 4935 priusquam
1340 4849 1607 4906 ulterius
1639 4844 2150 4921 progrediamur,
2184 4837 2510 4917 pauliSper
2537 4835 2837 4894 sistamus
2869 4829 3137 4908 gradum
3173 4835 3232 4888 et
3261 4846 3337 4887 ex
3369 4828 3856 4935 aliorum-erra-

602 4965 716 5037 tis,
760 4924 905 5039 quas
929 4924 1151 5033 Isupra
1204 4956 1427 5009 notare
1456 4946 1657 5006 coacti
1700 4962 1949 5018 sumus,
1981 4948 2296 5018 quantum
2326 4935 2577 4993 errandi
2612 4949 2870 5039 quoque
2902 4929 3258 5039 periculum
3290 4926 3473 4986 nobis
3503 4924 3859 5039 imtllitlefl,

602 5019 1069 5137 idtblligentes,
1110 5048 1395 5111 omnium
1428 5046 1490 5104 in
1528 5043 1762 5119 quibus
1795 5042 1920 5101 labi
1960 5039 2226 5097 forsitan
2270 5038 2331 5091 et
2384 5044 2603 5090 errare
2646 5028 2995 5137 continget,
3027 5025 3193 5137 quod
3232 5025 3658 5137 humanae‘esit.
3683 5019 3866 5137 infir-

905 5119 1155 5216 veniam
1196 5166 1309 5227 per
1343 5154 1747 5207 antecessum
1778 5141 2191 5216 deprecemur
2214 5177 2229 5204 ,
2270 5145 2803 5233 mereamurque;
2838 5124 3146 5233 quidquid
3184 5140 3221 5185 a
3258 5123 3440 5183 nobis
3473 5125 3567 5181 est
3601 5119 3862 5189 dictum,

609 5257 823 5323 statim
851 5223 1316 5315 emendandum
1348 5243 1587 5323 judicio
1618 5246 1856 5301 sanctae
1888 5235 2051 5297 sedis
2089 5230 2514 5306 Ecclesiaeun
2547 5225 2713 5287 ultro
2751 5223 3169 5303 subjicienda.
