4018 6320
536 325 598 375 ,4ῒῇ
1234 318 1289 370 S.
1334 311 1659 368 GREGORII
1703 308 1914 364 MAGNI
1958 306 2140 372 VITA,
2186 307 2508 362 AUCTORE
2551 309 2774 363 PAULO
2815 309 3124 364 DlACthO.
3733 309 3799 364 Η

534 433 849 506 (inquibus
890 433 1025 486 solet
1064 445 1126 484 ea
1166 440 1298 484 mtas
1339 429 1453 481 vias
1497 425 1675 480 saeculi
1729 422 1964 489 ingredi)
1998 421 2108 474 Deo
2141 424 2184 477 Α
2218 419 2235 456 ί
2268 422 2442 476 flendo
2485 439 2609 478 usus
2647 433 2750 490 est,
2803 425 2988 479 dicens
3020 444 3028 477 :
3068 445 3084 475 ι
3122 425 3303 480 Infelix
3349 427 3545 496 quippe.
3594 426 3800 480 animus

533 527 691 594 (mpii
737 524 962 578 devotus
1002 522 1251 584 existere,
1299 527 1352 572 et
1375 517 1440 570 ad
1465 530 1707 584 superine
1739 515 1857 566 vitae
1883 510 2110 581 patriam

536 618 659 671 totis
683 612 960 668 desideriis
989 611 1264 665 anhelare.

690 728 795 783 Sed
817 728 941 782 dum
971 727 1061 779 diu
1083 726 1347 791 longeque
1369 721 1739 776 conversionis
1763 719 1990 787 gratiam
2012 718 2114 773 dif-

535 822 700 874 ferret
721 826 774 871 et
799 827 1084 887 postquam
1115 815 1321 869 caelesti
1353 822 1431 868 est
1462 813 1672 866 afflatus
1696 812 1982 876 desiderio,
2010 827 2111 866 sa}-

530 908 697 962 calari
729 911 778 975 2
807 905 991 958 habitu
1039 903 1254 970 contegi
1310 902 1503 956 melius
1550 910 1792 972 putaret,
1841 903 2114 970 velletque

532 993 776 1065 praesenti
803 993 1003 1047 mundo
1033 995 1184 1060 quasi
1214 993 1396 1061 specie
1425 1001 1579 1046 tenus
1609 993 1901 1057 deservire,
1930 1006 2113 1061 cmpe-

528 1092 654 1137 runt
685 1083 852 1137 multa
883 1091 1073 1137 contra
1103 1098 1224 1136 emn
1257 1097 1322 1136 ex
1351 1082 1590 1150 ejusdem
1620 1081 1801 1135 mundi
1823 1096 1952 1136 cura
1994 1097 2114 1137 suc—

529 1188 795 1240 crescere,
825 1182 883 1226 ut
912 1173 964 1225 in
992 1187 1061 1239 eo
1089 1188 1196 1225 nou
1223 1172 1337 1240 jam
1365 1172 1561 1240 specie,
1594 1173 1687 1225 sed
1715 1173 1795 1242 (ut
1823 1171 1936 1240 ipse
1962 1170 2029 1225 de
2056 1186 2114 1226 se

532 1265 762 1333 asserit)
802 1264 1124 1318 retineretur
1154 1272 1208 1316 et
1235 1271 1434 1316 mente.
1459 1262 1694 1316 Tandem
1725 1277 1845 1316 cum
1878 1272 1900 1298 ει
1922 1277 2115 1330 paren-

532 1365 644 1408 tum
673 1354 780 1422 jam
803 1353 1003 1408 dudum
1034 1353 1180 1407 obitu
1213 1353 1434 1407 liberam
1460 1352 1908 1422 disponendarum
1938 1366 2114 1405 rerum

531 1462 748 1501 suarum
772 1448 997 1501 haberet
1028 1445 1356 1510 facultatem,
1387 1444 1530 1513 quod
1562 1444 1705 1515 prius
1733 1451 1913 1498 mente
1940 1451 2115 1510 gesta-

535 1530 626 1594 bat
653 1540 896 1609 aperuit;
946 1537 1196 1608 quodque
1229 1537 1339 1605 jam
1373 1537 1422 1589 in
1454 1536 1647 1592 divinis
1677 1547 1793 1590 erat
1820 1535 2112 1599 obtutibus,

535 1629 782 1683 humanis
813 1629 973 1683 etiam
1005 1628 1206 1681 visibus
1229 1627 1479 1681 ostendit.
1513 1626 1635 1679 Mox
1678 1626 1877 1680 etenim
1921 1635 2114 1680 cuncta

534 1735 652 1787 qum
682 1719 880 1772 habere
907 1717 1106 1786 potuit,
1156 1716 1220 1769 ad
1271 1716 1484 1785 pietalis
1531 1731 1666 1784 opus
1715 1715 2006 1780 distribuit,
2057 1723 2116 1769 ut

534 1808 802 1864 Christum
825 1822 922 1876 pro
943 1807 1097 1861 nobis
1119 1807 1315 1860 factmn
1341 1820 1570 1875 egenum
1598 1819 1762 1874 egens
1784 1806 1897 1875 ipse
1919 1820 2084 1876 seque
2100 1835 2116 1847 -
2150 1794 2190 1852 Β

539 1907 706 1953 retur.

603 2009 655 2063 4.
689 2008 794 2063 Sex
835 2009 1068 2076 denique
1112 2009 1166 2062 in
1206 2007 1388 2062 Sicilia
1417 2007 1745 2063 monasteria
1774 2016 2114 2071 construens,

533 2101 722 2154 fratres
753 2100 859 2152 illic
884 2099 1098 2153 Christo
1120 2099 1414 2155 servituros
1444 2097 1753 2166 aggregavit
1787 2115 1798 2150 :
1829 2099 2115 2167 septimum

531 2208 662 2246 vero
691 2193 828 2244 intra
859 2191 1006 2245 urbis
1033 2190 1192 2259 hujus
1217 2205 1401 2245 muros
1430 2190 1680 2253 instituit,
1711 2189 1763 2243 in
1791 2206 1899 2261 quo
1921 2198 1975 2244 et
2004 2190 2117 2258 ipse

532 2281 874 2350 postmodum
904 2280 1129 2348 regulari
1155 2281 1391 2345 tramite,
1422 2281 1603 2334 multis
1631 2279 1731 2336 sibi
1761 2280 1981 2334 sociatis
2011 2280 2114 2333 fra-

533 2375 721 2438 tribus,
749 2374 848 2427 sub
871 2373 1081 2427 abbatis
1125 2373 1351 2442 imperio
1391 2373 1662 2427 militavit.
1695 2371 1898 2437 Quibus
1924 2386 2116 2424 mona-

531 2465 708 2520 steriis
739 2470 944 2517 tantum
971 2464 1037 2529 de
1065 2462 1360 2517 redditibus
1388 2463 1712 2532 przcdiorum
1738 2475 1954 2514 suorum
1973 2458 2118 2514 dele-

532 2556 695 2622 gavit,
727 2563 986 2624 quantum
1019 2563 1200 2623 posset
1229 2554 1336 2608 illic
1357 2551 1815 2608 conunorantibus
1842 2551 1908 2604 ad
1936 2550 2117 2618 quoti-

529 2646 745 2699 dianum
779 2647 976 2698 vietum
1030 2641 1323 2708 sufficere;
1375 2643 1582 2710 reliqua
1626 2655 1756 2696 vero
1801 2655 1922 2695 cum
1971 2640 2118 2694 omni

531 2736 557 2773 ι)
581 2736 773 2790 domus
794 2735 1042 2805 pracsidio
1070 2734 1330 2801 vendidit,
1379 2747 1443 2788 ac
1485 2732 1811 2802 pauperibus
1851 2732 2116 2800 erogavit;

531 2827 975 2895 nobilitatemque
1014 2819 1203 2893 illam,
1252 2839 1415 2894 quam
1457 2825 1524 2878 ad
1553 2825 1809 2879 saeculum
1839 2824 2122 2880 videbatur

530 2919 749 2982 habere,
785 2926 953 2972 totam
985 2919 1051 2972 ad
1073 2916 1488 2973 nanciscendam
1517 2931 1763 2986 superum
1787 2916 2014 2985 gloriam
2041 2917 2118 2972 di-

531 3008 767 3076 gnitatis,
799 3008 975 3062 divina
1019 3007 1191 3076 gratia
1246 3005 1525 3073 largiente,
1578 3006 1867 3058 convertit.
1919 3005 1987 3058 Et
2028 3005 2119 3072 qui

530 3105 655 3150 ante
684 3095 857 3151 serico
883 3103 1141 3149 contextu
1182 3109 1245 3148 ac
1276 3093 1504 3161 gemmis
1553 3092 1873 3148 micantibus
1924 3094 2118 3149 solitus
2146 3141 2187 3162 ,,

531 3193 646 3237 erat
681 3194 701 3221 ο
734 3198 829 3251 per
858 3182 1043 3236 urbem
1072 3181 1366 3251 procedere
1393 3181 1684 3245 trabeatus,
1717 3190 1839 3250 post
1867 3181 1954 3234 vili
1985 3197 2114 3236 con-

533 3278 706 3325 tectus
736 3271 988 3338 tegmine,
1021 3270 1362 3325 ministrabat
1389 3285 1593 3340 pauper
1621 3271 1735 3338 ipse
1763 3271 2113 3340 pauperibus.

603 3357 654 3411 5.
685 3358 892 3412 Etenim
922 3367 1126 3412 mutato
1150 3367 1372 3427 repente
1392 3360 1569 3413 smculi
1601 3359 1808 3426 habitu,
1840 3371 2115 3415 monaste-

534 3449 673 3503 rium
696 3448 870 3518 petiit,
901 3456 956 3503 et
981 3463 1047 3502 ex
1077 3447 1235 3517 huius
1265 3449 1446 3502 mundi
1471 3449 1750 3520 naufragio
1789 3451 1960 3505 nudus
1989 3467 2116 3506 cva-

530 3539 616 3592 sit.
646 3535 702 3591 In
723 3552 829 3605 quo
860 3544 1006 3590 tanta
1035 3537 1385 3606 perfectionis
1407 3539 1577 3606 gratia
1600 3540 1766 3608 cmpit
1786 3542 2114 3605 conversari,

531 3637 589 3681 ut
611 3628 721 3696 jam
747 3635 871 3682 tunc
900 3628 950 3681 in
983 3627 1111 3698 ipsis
1138 3627 1304 3683 initiis
1330 3629 1693 3698 perfectorum
1718 3638 1901 3700 posset
1931 3647 2119 3687 nume-

530 3733 592 3771 ro
621 3717 890 3785 deputari.
919 3715 943 3754 ἀ
978 3718 1160 3772 luerat
1183 3719 1416 3788 denique
1444 3719 1494 3774 ei
1533 3727 1677 3772 tanta
1711 3720 2034 3774 abstinentia
2065 3720 2116 3775 in

531 3813 681 3874 cibis,
705 3813 978 3881 vigilantia
1024 3812 1076 3866 in
1104 3813 1464 3878 orationibus,
1497 3813 1792 3866 strenuitas
1821 3813 1871 3881 3
1895 3812 1951 3866 in
1975 3813 2116 3881 jeju-

533 3901 655 3969 niis,
704 3910 763 3956 ut
809 3902 1077 3956 infirmato
1123 3903 1408 3956 stomacho
1451 3902 1539 3956 vix
1585 3901 1882 3955 consistere
1911 3910 2114 3970 posset.

531 3994 840 4049 Sustinebat
870 4003 1127 4064 prmterca
1171 3996 1413 4050 assiduas
1441 3995 1687 4064 corporis
1732 3993 2114 4050 infirmitates:

532 4090 586 4137 et
615 4085 847 4138 maxime
875 4099 938 4138 ea
961 4085 1276 4153 pulsabatur
1304 4085 1574 4146 molestia,
1607 4099 1767 4151 quam
1789 4083 1981 4139 Grreco
2000 4084 2112 4139 elo~

532 4175 660 4243 quio
710 4175 901 4229 medici
935 4189 957 4213 ε
999 4177 1256 4246 syncopin
1305 4184 1531 4242 vocant;
1574 4175 1726 4244 cujus
1763 4175 2119 4232 incommodis

534 4262 607 4316 ita
628 4263 813 4318 dolore
835 4264 1075 4318 vitalium
1104 4266 1467 4332 cruciabatur,
1488 4273 1546 4320 ut
1565 4267 1770 4320 crebris
1791 4267 2119 4337 interceptus

535 4355 821 4420 angustiis,
876 4371 975 4422 per
1022 4356 1225 4424 singula
1276 4371 1413 4425 pene
1456 4357 1711 4411 horarum
1752 4367 2024 4414 momenta
2053 4361 2117 4414 ad

533 4445 735 4498 exitum
774 4445 1179 4514 propinquaret.

607 4559 658 4612 6.
692 4544 873 4624 Qualis
902 4566 1080 4612 autem
1132 4560 1185 4613 in
1231 4563 1560 4615 monasterio
1618 4562 1794 4629 fuerit,
1848 4579 2116 4635 quamque

536 4647 788 4700 laudabili
837 4647 1014 4702 studio
1042 4647 1207 4700 vitam
1257 4647 1497 4712 duxerit,
1546 4664 1609 4704 ex
1641 4650 1805 4719 ipsius
1834 4668 2116 4721 possumus

538 4738 714 4792 verbis
744 4738 1021 4806 colligere,
1055 4739 1251 4806 quibus
1277 4738 1392 4807 ipse
1445 4739 1498 4792 in
1527 4742 1838 4810 pontificatu
1859 4743 1970 4812 jam
2024 4761 2117 4813 po-

537 4831 689 4894 situs,
724 4829 849 4884 dum
901 4846 1024 4883 cum
1077 4828 1236 4884 Petro
1285 4846 1381 4885 suo
1431 4831 1659 4887 diacono
1697 4834 2114 4904 colloqueretur,

609 5013 631 5037 η
665 5003 779 5076 lino
806 5003 1336 5076 solo_patre;g_mater
1364 5005 1503 5058 enim
1532 5005 1622 5058 diu
1663 5015 1848 5076 postea
1878 5009 2027 5071 vixit,
2054 5025 2119 5063 ex

534 5072 685 5124 Joan.
722 5073 892 5135 l)iac.,
926 5072 966 5124 l.’
993 5089 1030 5138 ι,
1061 5090 1107 5126 c.
1143 5073 1194 5126 9.

611 5141 636 5178 ι»
667 5141 952 5202 (iussarum,
987 5159 1097 5194 cum
1129 5143 1268 5196 omni
1295 5143 1446 5196 domo
1475 5143 1691 5206 prmdia.
1717 5145 1982 5212 Bolland.,
2007 5163 2119 5200 cum

536 5212 674 5263 omni
718 5211 897 5264 domus
929 5213 1152 5279 pradio;
1185 5213 1571 5271 reluctantibus
1602 5214 1737 5270 Mss.

611 5290 633 5354 τ
667 5280 848 5354 Guss.,
881 5297 970 5350 per
994 5281 1181 5354 τινιξιιεεἈ
1259 5351 1267 5354 _
1393 5352 1402 5354 _
1483 5351 1509 5354 _
1725 5347 1731 5354 ι

605 5349 628 5383 (³
667 5347 793 5405 Post
823 5347 935 5402 haec
979 5351 1138 5403 verba
1171 5351 1362 5416 legitur
1392 5352 1441 5405 in
1471 5351 1626 5415 Guss.
1663 5373 1676 5408 ε
1711 5347 1917 5409 Electus
1946 5366 2114 5408 autem

538 5421 806 5494 Communi
834 5421 1052 5488 [ramum
1082 5422 1370 5494 concordia
1399 5423 1450 5474 in
1479 5423 1731 5490 abbatem,
1766 5441 1984 5494 prwesse
2011 5441 2112 5476 non

539 5490 725 5558 renuit.
788 5487 976 5549 luerat,
1017 5497 1151 5558 etc.,
1181 5506 1298 5558 qua:
1324 5491 1516 5544 absunt
1545 5509 1574 5544 a
1605 5487 1727 5548 Mss.
1758 5487 1812 5550 et
1841 5495 1965 5549 huic
1992 5494 2113 5549 loco

541 5557 828 5625 incongrtu
861 5567 984 5610 sunt
1013 5557 1228 5611 inserta.

614 5636 637 5698 (ξ
669 5628 919 5698 ξύγκοπιξ-
937 5625 1094 5698 Celso
1121 5628 1310 5698 animo:
1339 5628 1554 5698 defectio
1595 5631 1804 5686 dicitur.
1839 5634 2110 5687 BOLLAND.

617 5693 636 5731 ί
669 5693 851 5756 Guss.,
881 5694 1052 5761 ﬂendo
1083 5696 1219 5748 visus
1247 5706 1354 5759 est;
1386 5693 1664 5755 manifesto
1691 5718 1896 5758 errore.

2216 525 2368 564 mens
2411 514 2780 581 occupationis
2827 530 2937 569 suae
2993 517 3232 584 pulsatus
3284 517 3524 582 vulnere,
3565 515 3802 571 meminit

2215 600 2386 665 qualis
2417 601 2705 664 aliquando
2737 603 2786 654 in
2830 605 3162 657 monasterio
3191 603 3311 671 fuit,
3342 604 3615 672 quomodo
3642 604 3692 657 ei
3725 602 3798 656 la-

2215 686 2396 740 bentia
2427 699 2616 741 cuncta
2647 691 2831 744 subter
2858 701 3048 757 erant;
3073 702 3330 761 quantum
3357 694 3518 747 rebus
3543 707 3662 760 qua:
3692 695 3800 747 vol-

2216 788 2411 832 vuntur
2451 781 2749 848 eminebat;
2793 783 2935 850 quod
2978 785 3122 838 nulla
3169 786 3268 839 nisi
3298 786 3535 840 caelestia
3565 787 3802 853 cogitare

2216 880 2599 936 emsuevcrat;
2631 873 2772 940 quol
2804 875 2964 927 etiam
2989 887 3228 931 retentus
3260 893 3512 946 corpore,
3549 878 3662 946 ipsa
3690 877 3800 946 jam

2217 963 2393 1016 carnis
2429 963 2659 1017 claustra
2686 965 3140 1035 contemplatione
3171 968 3459 1033 transibat;
3490 968 3633 1036 quod
3662 983 3801 1021 mor-

2217 1059 2326 1105 tem
2354 1067 2590 1122 quoque,
2628 1069 2748 1122 quae
2792 1070 2927 1120 pene
2963 1057 3170 1111 cunctis
3213 1073 3372 1126 poena
3416 1067 3517 1122 est,
3556 1057 3607 1110 vi
3631 1057 3800 1112 'c'icet

2218 1150 2276 1196 ut
2305 1142 2600 1209 ingressum
2632 1144 2773 1210 vitaz,
2805 1153 2861 1199 et
2887 1145 3086 1201 laboris
3125 1148 3204 1201 sui
3246 1142 3522 1216 prtemium
3567 1149 3797 1202 amabat.

2217 1232 2287 1285 At
2319 1248 2458 1287 nunc
2503 1248 2568 1288 ex
2615 1236 2901 1290 occasione
2950 1251 3094 1291 cura:
3131 1239 3436 1307 pastoralis.
3469 1238 3800 1293 saecularium

2218 1321 2494 1376 hominum
2541 1325 2756 1394 negotia
2811 1327 3042 1396 patitur;
3097 1336 3152 1382 et
3203 1336 3328 1398 post
3381 1337 3488 1382 tam
3525 1329 3800 1396 pulchratu

2218 1413 2413 1482 quietis
2450 1429 2559 1469 sua:
2607 1417 2868 1485 speciem,
2921 1419 3120 1474 terreni
3169 1426 3322 1475 actus
3371 1421 3594 1490 pulvere
3637 1418 3802 1474 firda-

2219 1511 2326 1556 tnr.
2378 1501 2657 1572 Perpendo
2690 1505 2869 1575 itaque
2918 1508 3062 1576 quod
3103 1510 3309 1577 tolero,
3341 1511 3617 1580 perpendo
3661 1510 3800 1579 quod

2219 1591 2392 1646 amisi.
2422 1593 2663 1662 Cumque
2708 1595 2924 1650 intueor
2969 1597 3098 1651 illud
3139 1599 3284 1666 quod
3334 1599 3562 1668 perdili,
3605 1597 3660 1650 fit
3702 1599 3803 1652 hic

2219 1685 2432 1752 gravius
2460 1687 2601 1753 quod
2643 1696 2819 1756 porto.
2867 1687 3008 1743 Ecce
3037 1689 3233 1743 etenim
3283 1706 3425 1744 nunc
3465 1691 3643 1757 magni
3692 1706 3802 1744 ma-

2222 1777 2294 1832 ris
2342 1777 2589 1834 ﬂuctibus
2637 1781 2877 1849 quatior,
2927 1791 3089 1851 atque
3141 1783 3192 1836 in
3253 1784 3373 1836 navi
3427 1784 3621 1838 mentis
3669 1793 3802 1837 tem-

2218 1869 2440 1937 pestatis
2482 1871 2670 1926 validae
2718 1873 2966 1940 procellis
2997 1873 3190 1939 illidor,
3233 1882 3289 1928 et
3336 1891 3456 1929 cum
3503 1875 3697 1945 prioris
3725 1875 3803 1928 vi-

2220 1967 2286 2011 Ize
2335 1959 2535 2025 recolo,
2584 1961 2736 2029 quasi
2778 1971 2901 2030 post
2942 1972 3147 2033 tergum
3187 1965 3422 2019 reductis
3459 1966 3646 2030 oculis,
3687 1966 3805 2018 viso

2216 2046 2396 2102 littore
2445 2050 2687 2118 s'ispiro;
2734 2051 2981 2120 quodque
3029 2054 3203 2108 adhuc
3255 2055 3473 2122 gravius
3520 2061 3630 2118 est,
3672 2053 3801 2106 dum

2217 2138 2490 2194 immensis
2529 2139 2777 2197 fluctibus
2825 2143 3070 2197 turbatus
3111 2144 3284 2208 f--ror,
3335 2145 3421 2198 vix
3448 2144 3557 2213 jam
3585 2153 3802 2214 portum

2219 2227 2374 2282 valeo
2408 2229 2590 2284 videre
2634 2244 2792 2298 quem
2846 2232 3058 2301 reliqui.
3101 2255 3119 2284 ›
3166 2233 3293 2289 Haec
3334 2243 3514 2289 autem
3567 2234 3682 2302 ijse
3736 2233 3804 2286 de

2216 2333 2294 2381 se,
2324 2333 2430 2371 non
2463 2320 2762 2387 profectum
2795 2321 3052 2389 jactando
3095 2325 3371 2389 virtutum,
3414 2324 3508 2379 sed
3554 2323 3806 2379 deflendo

2217 2409 2399 2478 potius
2419 2408 2686 2464 defectum
2707 2453 2722 2478 ,
2764 2411 2968 2466 referre
2997 2423 3376 2482 consueverat,
3408 2429 3565 2482 quem
3589 2430 3805 2484 semper

2219 2513 2277 2553 se
2307 2515 2401 2569 per
2430 2501 2752 2570 pastoralem
2804 2519 2988 2557 curam
3032 2503 3322 2559 incurrisse
3369 2505 3661 2559 metuebat.
3695 2504 3805 2559 Sed

2218 2591 2463 2659 quamvis
2495 2592 2616 2646 talia
2647 2592 2714 2646 de
2738 2608 2798 2647 se
2829 2610 2892 2648 ex
2925 2608 3129 2662 magum
3159 2596 3472 2649 humilitatis
3504 2596 3808 2649 intentione

2219 2683 2438 2747 dixerit,
2479 2700 2576 2738 nos
2597 2692 2775 2740 tamen
2798 2686 3021 2742 credere
3049 2687 3205 2742 decet
3233 2687 3362 2740 nihil
3386 2703 3507 2740 eum
3541 2687 3804 2739 nionasti-

2220 2789 2295 2828 cae
2325 2773 2666 2844 perfectionis
2694 2776 2990 2844 perdidisse
3016 2778 3298 2831 occasione
3325 2791 3466 2830 cuiae
3496 2776 3805 2846 pastoralis,

2223 2863 2330 2918 imo
2353 2865 2617 2934 potiorem
2667 2874 2794 2921 tunc
2842 2869 3130 2936 sumpsisse
3177 2851 3475 2937 profectum
3515 2867 3581 2922 dc
3620 2868 3808 2920 laboro

2222 2957 2590 3009 conversionis
2629 2956 2917 3009 multorum
2936 3000 2949 3022 ,
2992 2971 3151 3024 quam
3181 2957 3248 3011 de
3277 2956 3506 3027 propria:
3534 2957 3809 3025 quondam

2222 3043 2402 3110 quiete
2424 3043 3131 3097 conversationishabuerit.

2294 3141 2344 3194 7.
2378 3141 2482 3195 Sed
2504 3142 2731 3209 qualiter
2756 3141 2844 3195 hic
2871 3150 3088 3194 sanctus
3116 3142 3198 3196 vir
3238 3143 3305 3195 ad
3343 3141 3656 3195 diaconatus
3685 3139 3832 3193 om:

2220 3231 2382 3294 cium,
2412 3240 2465 3284 et
2493 3230 2701 3300 postad
2726 3230 3069 3300 pontiﬁcatus
3097 3230 3308 3285 culmen
3337 3231 3660 3294 ascenderit,
3685 3234 3812 3285 sub.

2218 3334 2448 3386 sequens
2474 3315 2654 3374 sermo
2682 3319 2994 3375 declarabit.
3019 3320 3256 3389 Denique
3277 3336 3504 3375 cernens
3526 3320 3810 3374 Romanus

2221 3409 2479 3479 pontifex,
2506 3410 2595 3478 qui
2629 3417 2756 3465 tunc
2785 3409 3038 3463 Ecclesiae
3059 3419 3307 3479 prmerat,
3337 3412 3595 3465 virtutum
3625 3412 3810 3479 gradi.

2217 3493 2321 3554 bus'
2336 3497 2651 3568 Gregorium
2679 3499 2746 3552 ad
2775 3500 2881 3552 alta
2905 3501 3290 3567 conscendere,
3321 3516 3442 3554 eum
3473 3516 3503 3555 a
3524 3510 3809 3558 monaste-

2217 3588 2299 3643 rio
2323 3587 2670 3652 abstractum,
2709 3589 3056 3647 ecclesiastici
3087 3589 3290 3645 ordinis
3317 3591 3496 3648 officio
3536 3594 3809 3654 sublima-

2218 3677 2322 3743 vit,
2366 3687 2393 3725 ε
2436 3677 2759 3747 levitamque
2809 3679 3094 3748 septimum
3143 3678 3212 3734 ad
3265 3696 3422 3736 suum
3474 3683 3804 3753 adjutorium

2218 3770 2404 3826 ascivit
2425 3786 2440 3836 ;
2465 3785 2563 3824 nec
2585 3773 2751 3824 multo
2773 3780 2893 3840 post
2921 3787 3020 3841 pro
3044 3774 3314 3843 responsis
3334 3775 3711 3835 ecclesiasticis
3731 3784 3808 3836 ad

2220 3861 2404 3915 urbem
2431 3861 2952 3933 Cmstantinopolim
2971 3863 2994 3900 ιι
3024 3867 3424 3935 apocrisiarium
3454 3869 3665 3926 direxit.
3688 3850 3806 3928 Nec

2221 3964 2399 4008 tamen
2425 3953 2534 4020 ille;
2565 3956 2809 4023 quamvis
2831 3956 2881 4009 in
2907 3963 3123 4010 terreno
3145 3969 3552 4014 conversaretnr
3573 3963 3804 4031 palatio,

2221 4045 2344 4099 vita:
2393 4047 2626 4101 caelestis
2683 4047 2970 4101 intermisit
3025 4049 3378 4117 propositum.
3447 4051 3629 4106 Secuti
3672 4063 3802 4108 Sunt

2223 4151 2455 4206 namque
2483 4151 2604 4191 eum
2631 4137 2779 4191 multi
2815 4152 2876 4192 ex
2901 4139 3227 4192 monasterio
3257 4139 3447 4193 fratres
3473 4141 3574 4204 sui,
3597 4156 3805 4210 germa-

2223 4244 2289 4282 na
2319 4229 2550 4284 devincti
2578 4229 2861 4284 charitale.
2893 4229 3045 4294 Quod
3075 4231 3250 4282 divina
3291 4229 3487 4284 factum
3519 4231 3804 4296 dispensa-

2221 4320 2366 4374 tione
2393 4320 2747 4388 conspicitur;
2779 4329 2837 4373 ιιι
2881 4313 3067 4374 eorum
3105 4320 3354 4374 videlicet
3397 4322 3683 4391 exempla,
3731 4324 3802 4378 ad

2223 4410 2481 4464 orationis
2512 4411 2774 4480 placidum
2805 4411 2973 4478 littus,
3011 4409 3024 4446 ί
3055 4411 3204 4480 quasi
3254 4411 3500 4465 anchora:
3541 4411 3664 4468 fune
3711 4430 3804 4469 re-

2146 4495 2197 4554 D
2222 4502 2608 4570 stringeretur;
2642 4512 2695 4555 et
2723 4502 2848 4555 dum
2883 4517 3165 4556 causarum
3192 4504 3528 4558 szecularium
3558 4507 3800 4561 incessa-

2220 4593 2313 4647 bili
2343 4593 2494 4662 pulsu
2523 4593 2826 4658 fluctuaret,
2855 4593 2918 4646 ad
2949 4593 3160 4647 illorum
3182 4596 3510 4648 consortium
3541 4597 3690 4651 velut
3719 4607 3805 4650 tu-

2223 4683 2407 4736 tissimi
2441 4691 2626 4751 portus
2654 4683 2852 4749 sinunt,
2883 4682 2938 4751 4
2965 4693 3086 4751 post
3112 4684 3309 4737 terreni
3349 4692 3498 4739 actus
3531 4686 3803 4740 volumina

2223 4768 2522 4836 fluctusque
2549 4772 2834 4839 refugeret.
2870 4771 2936 4824 Et
2963 4771 3086 4826 licet
3114 4773 3242 4826 illud
3280 4788 3401 4827 eum
3443 4775 3800 4831 ministerium

2225 4876 2287 4914 cx
2343 4861 2670 4916 monasterio
2728 4862 3059 4916 abstractum
3115 4877 3144 4914 a
3194 4863 3432 4932 pristina:
3459 4865 3655 4932 quietis
3687 4869 3797 4922 vita

2296 5029 2320 5066 ε
2353 5019 2616 5072 Diaconos
2642 5027 2847 5088 septem
2887 5019 3075 5072 solitos
3104 5018 3291 5073 adesse
3320 5021 3560 5088 pontitiri
3587 5019 3802 5084 scripsit

2223 5098 2438 5142 sanctus
2459 5087 2740 5159 Cornelius
2767 5103 2920 5159 papa,
2955 5096 3141 5159 contra
3183 5087 3467 5154 Novatum,
3506 5089 3645 5159 apud
3691 5088 3800 5141 Eu-

2221 5159 2355 5219 seb.,
2391 5159 2426 5210 l.
2457 5174 2506 5211 vi
2533 5159 2656 5210 hist.
2691 5155 2856 5222 Eecl.,
2886 5173 2932 5211 c.
2962 5155 3049 5210 35.

2297 5228 2320 5264 ιι
2356 5228 2427 5280 De
2459 5229 2558 5281 hac
2609 5243 2738 5281 voce
2786 5228 3011 5281 consule
3060 5235 3243 5281 notam
3297 5229 3508 5282 tertiam
3546 5227 3612 5280 ad
3644 5228 3806 5296 epist.

2223 5297 2370 5350 libris
2399 5297 2946 5362 llioral.pr;emissam,
2968 5298 3139 5352 col.i.
3169 5297 3242 5351 Ex
3266 5299 3474 5353 Joanne
3504 5299 3672 5360 Diac.,
3702 5300 3737 5352 I.
3765 5315 3806 5363 ι,

2217 5381 2264 5436 c.
2299 5365 2384 5427 ‘23,
2413 5366 2725 5421 Benedictus
2762 5383 2897 5436 papa
2926 5367 3240 5434 Gregorium
3273 5369 3557 5422 diaconum
3578 5369 3808 5434 creavit,

2219 5435 2465 5503 Pelagius
2491 5451 2620 5489 vero
2649 5435 3049 5505 apocrisiarium
3074 5438 3235 5491 misit.
3271 5438 3345 5493 De
3368 5439 3468 5492 hac
3491 5436 3808 5490 difﬁcultate

2217 5505 2694 5574 quidsentiamus,
2723 5507 3025 5574 aperiemus
3066 5506 3118 5559 in
3150 5507 3268 5561 Vita
3321 5508 3490 5562 sancti
3535 5506 3806 5574 Gregorii.

2295 5574 2306 5614 ί
2346 5573 2525 5637 Guss.,
2552 5573 2768 5644 vitiose,
2788 5576 2936 5644 quasi
2966 5576 3214 5630 anchora.
3248 5575 3416 5632 Porro
3443 5578 3556 5630 hinc
3585 5573 3805 5630 desum—

2217 5652 2307 5714 pta
2333 5653 2457 5700 sunt
2484 5660 2548 5702 ex
2579 5643 2746 5716 Epist.
2773 5643 2840 5700 ad
2871 5643 3168 5702 Leandrum
3193 5646 3380 5703 Moral.
3413 5646 3635 5718 pnevia.
