4018 6298
237 433 304 487 ..3
917 444 974 498 S.
1017 445 1345 510 GREGORII
1385 455 1602 519 M-lGNI
1649 461 1828 529 VlTA,
1872 464 2193 530 AUCTORE
2234 477 2456 542 ΡΜ]ιο
2496 487 2784 552 ΒΙΔΕΟΝΟ

240 558 474 600 mucrone
518 558 628 601 sua:
671 556 1039 622 occupationis
1078 567 1438 639 exstinxerit,
1473 582 1496 610 α

230 724 462 792 aspiratio
489 733 920 797 compunctionis
945 724 1467 806 animabatallorum
1497 769 1628 824 ergo
1650 774 1789 814 cons

223 816 379 866 sortio
407 829 506 868 non
544 818 716 873 solum
748 837 778 875 a
806 830 1034 883 terrenis
1075 841 1159 890 est
1199 839 1437 894 munitus
1462 841 1782 914 incursibus,

210 921 389 960 verum
417 908 575 966 etiam
605 913 672 968 ad
699 918 936 974 ccelcstis
957 922 1078 978 vitae
1105 930 1361 986 exercitia
1396 936 1565 1003 magis
1590 941 1784 1008 magis-

215 1011 312 1064 que
337 1012 641 1056 succensus.

276 1085 327 1140 8.
356 1086 500 1144 Tunc
527 1093 598 1146 ab
621 1095 822 1152 eisdem
849 1097 967 1156 fratx
985 1103 1099 1160 ibus
1126 1107 1360 1166 obnoxie
1384 1123 1618 1182 rogatus,
1659 1135 1776 1176 ma-

209 1174 445 1244 ximeque
495 1195 529 1234 a
559 1180 583 1218 δ
622 1183 892 1256 Leandre,
947 1198 1238 1254 venerabili
1290 1203 1424 1271 viro,
1475 1204 1776 1278 liispalensi

206 1265 469 1336 epi'sc0po,
514 1275 608 1340 qui
652 1289 752 1343 pro
783 1281 961 1336 causis
1015 1265 1422 1355 Visigotbo'rum'
1459 1265 1662 1364 legatus
1706 1314 1773 1355 eo

201 1361 437 1425 tempore
461 1358 982 1437 Constantinopolim
1011 1373 1325 1446 advenerat,
1358 1385 1665 1452 eetnpulsus
1686 1397 1772 1444 est

200 1453 252 1498 ut
275 1446 466 1502 librum
488 1450 631 1506 beati
651 1452 754 1510 Job
781 1458 959 1514 multis
994 1460 1294 1526 involutum
1322 1446 1598 1538 mysteriis
1625 1488 1764 1532 euo-

190 1536 366 1592 daret.
395 1538 506 1596 Nec
530 1542 621 1598 ille
648 1561 844 1616 negare
868 1551 1038 1618 potuit
1062 1568 1213 1622 opus,
1245 1536 1390 1625 quod
1407 1562 1508 1619 sibi
1532 1565 1770 1624 charita-

189 1635 243 1680 te
266 1628 675 1702 interveniente,
705 1651 857 1692 amor
883 1639 1151 1700 fraternus
1195 1650 1380 1707 multis
1422 1655 1555 1711 utile
1583 1657 1764 1730 impo-

189 1714 351 1770 nebat
374 1717 625 1774 futurum.
662 1721 766 1778 Sed
797 1727 1046 1784 eumdem
1087 1731 1280 1790 librum
1311 1745 1586 1808 quomodo
1609 1714 1763 1818 juxta

185 1803 414 1860 litteram
445 1809 849 1883 intelligendus,
895 1822 1129 1889 qualiter
1154 1827 1224 1882 ad
1253 1803 1453 1889 Christi
1492 1803 1760 1896 ecclesiae;

181 1908 284 1962 que
309 1909 644 1971 sacramenta
674 1904 1008 1979 referendus,
1035 1929 1147 1984 quo
1176 1933 1337 1978 sensu
1365 1926 1654 2001 unicuique
1696 1933 1760 1986 ti-

183 1985 372 2041 delium
397 1990 467 2044 sit
492 1995 775 2067 aptandus,
798 2015 898 2070 per
917 2004 1372 2085 trigintaquinque
1395 1985 1650 2078 librorum
1672 2041 1758 2082 se-

183 2078 310 2134 riem
338 2081 581 2139 miranda
607 2089 818 2146 ratione
855 2078 1164 2163 perdocuit.
1190 2103 1248 2159 In
1279 2078 1473 2177 quibus
1500 2111 1652 2173 libris
1679 2118 1753 2174 ita

181 2168 243 2222 de
277 2170 559 2229 virtutibus
586 2177 840 2249 vitiisque
865 2185 1139 2257 disseruit,
1179 2205 1240 2249 ut
1284 2168 1390 2252 non
1417 2203 1544 2259 solis
1571 2207 1753 2264 videa-

175 2267 260 2310 tu:-
285 2260 468 2315 eadem
497 2265 674 2323 verbis
717 2285 1008 2343 exponere,
1043 2281 1138 2337 sed
1167 2283 1353 2344 formis
1381 2291 1558 2362 aliquo
1586 2299 1749 2355 modo

178 2347 455 2408 visibilibus
486 2354 877 2419 demonstrare.
912 2364 1066 2424 Unde
1110 2388 1218 2429 non
1267 2388 1348 2433 est
1375 2380 1594 2440 dubium
1622 2402 1743 2445 eum

172 2436 548 2504 perfectionem
577 2447 813 2517 ipsarum
837 2465 1143 2515 assecutum
1174 2478 1294 2520 esse
1314 2468 1588 2540 virtutum,
1611 2492 1742 2546 qua-

169 2543 274 2582 rum
305 2537 408 2584 tam
438 2533 734 2593 efﬁcaciter
761 2542 1010 2602 intimare
1031 2550 1200 2607 valuit
1229 2556 1498 2616 effectum.

233 2639 281 2694 9.
312 2640 560 2708 Quicum
589 2649 767 2708 adhuc
793 2666 936 2712 esset
961 2659 1014 2714 in
1039 2664 1227 2724 eadem
1257 2671 1405 2740 regia
1432 2675 1568 2733 urbe
1593 2681 1740 2749 posi-

166 2736 260 2796 tus,
285 2745 596 2794 nascentem
622 2740 695 2797 ibi
722 2759 916 2802 novam
948 2750 1195 2810 bzeresim
1217 2757 1283 2814 de
1309 2770 1453 2817 statu
1474 2781 1740 2827 resurrec-

166 2817 332 2890 tionis,
368 2822 421 2879 in
445 2824 572 2895 ipso
611 2845 720 2899 quo
767 2844 956 2894 exorta
995 2849 1078 2897 est
1106 2843 1277 2914 initio,
1316 2848 1538 2917 juvante
1565 2861 1737 2925 gratia

163 2911 422 2970 catholica:
473 2919 745 2988 veritatis,
796 2928 1019 2985 attrivit.
1070 2911 1342 3006 Siquidem
1373 2952 1394 2980 ο
1424 2911 1735 3018 Ευιγὲιιίυε,

163 3001 379 3068 ejusdem
407 3009 565 3066 urbis
591 3014 890 3086 episcopus,
917 3036 1111 3092 corpus
1132 3001 1374 3088 nostrum
1404 3036 1734 3107 dogmatiza-

163 3089 242 3144 bat
286 3094 335 3150 in
384 3097 477 3152 illa
529 3108 938 3165 resurrectionis
966 3112 1133 3181 gloria
1164 3117 1526 3195 impalpabile,
1558 3136 1729 3192 ventis

157 3198 370 3257 aereque
409 3193 670 3252 subtilius
711 3215 830 3257 esse
872 3204 1130 3264 futurum.
1163 3211 1316 3279 Quod
1345 3218 1435 3276 ille
1477 3193 1719 3296 audiens,

158 3281 204 3327 et
221 3277 414 3336 ratione
441 3285 699 3344 veritatis
720 3299 775 3346 et
796 3297 1046 3368 exemplo
1064 3302 1348 3364 dominica:
1368 3321 1722 3377 resurrectio-

156 3365 242 3430 nis,
270 3370 518 3437 probavit
550 3376 656 3435 boe
684 3380 876 3452 dogma
903 3365 1222 3450 orthodoxae
1245 3395 1366 3456 fidei
1395 3365 1716 3466 omnimodis

152 3467 260 3509 esse
285 3463 637 3521 contrarium.
681 3468 956 3533 Catholica
1001 3484 1200 3540 etenim
1229 3486 1360 3547 fides
1389 3495 1549 3551 habet
1571 3502 1716 3569 quod

1887 861 1978 912 rea
2008 860 2260 921 Ecclesiae
2304 873 2557 930 subversa
2587 891 2732 947 sunt,
2765 884 2817 939 in
2848 890 3041 954 quibus
3067 901 3318 954 nonnulla
3348 920 3464 958 mo-

1883 947 2091 1004 diorum
2124 955 2287 1011 tritici
2324 963 2486 1018 millia
2519 969 2815 1033 perierunt.
2847 975 2998 1034 Tunc
3037 984 3294 1053 siquidem
3322 995 3460 1048 mul-

1886 1035 2054 1093 titudo
2079 1047 2431 1115 serpentium,
2455 1070 2576 1108 cum
2602 1074 2796 1128 magno
2827 1066 2877 1134 5
2908 1071 3140 1127 dracone
3164 1077 3213 1129 in
3242 1081 3384 1133 mod;
3409 1101 3458 1137 ill

1880 1129 2046 1183 trabis
2068 1133 2254 1188 validae
2278 1153 2374 1205 per
2403 1141 2558 1210 hujus
2605 1146 2840 1207 ﬂuminis
2867 1157 3077 1213 alveum
3109 1163 3160 1217 in
3190 1183 3340 1224 mare
3369 1172 3460 1226 de-

1875 1217 2114 1286 scendit;
2145 1223 2241 1277 sed
2271 1227 2544 1287 suffucatze
2571 1235 2757 1293 bestiae
2790 1241 2929 1298 inter
2952 1249 3124 1304 salsos
3152 1258 3313 1311 maris
3343 1267 3456 1314 tur-

1871 1304 1980 1361 bidi
2003 1307 2195 1366 fluctus
2214 1314 2266 1369 in
2289 1316 2470 1376 littore
2499 1323 2683 1392 ejecta:
2703 1339 2846 1385 sunt.
2873 1334 3171 1394 Subsecuta
3198 1355 3332 1400 este
3363 1366 3454 1402 ve-

1871 1397 2028 1464 stigio
2059 1401 2260 1472 clades,
2285 1423 2441 1476 quam
2469 1412 2820 1482 inguinariam
2848 1435 3069 1492 vocant;
3107 1446 3230 1486 nam
3271 1439 3449 1493 medio

1870 1501 2055 1544 mense
2085 1493 2369 1553 undecimo
2399 1502 2688 1562 adveniens
2741 1512 2972 1579 primum
3019 1520 3256 1575 omnium
3292 1525 3443 1592 juxta

1868 1576 1998 1632 illud
2047 1583 2189 1648 quod
2220 1586 2270 1639 in
2313 1587 2589 1648 Ezechiele
2637 1597 2876 1666 legitur:
2911 1621 2942 1658 ιι
2982 1615 3280 1666 sanctuario
3331 1633 3443 1670 meo

1860 1667 2092 1739 incipite,
2115 1673 2384 1744 Pelagium
2411 1696 2605 1752 papam
2635 1692 2881 1756 perculit,
2915 1695 3007 1750 et'
3034 1699 3150 1754 sine
3171 1718 3318 1757 mora
3350 1721 3443 1760 cx—

1863 1757 2066 1814 stinxit.
2094 1761 2213 1829 Quo
2242 1767 2499 1826 defuncto
2530 1783 2676 1831 tanta
2702 1789 2906 1850 strages
2951 1789 3134 1856 populi
3169 1790 3305 1847 facta
3336 1806 3438 1862 est,

1863 1858 1922 1900 ut
1966 1853 2164 1918 passim
2200 1857 2488 1916 subtractis
2530 1853 3178 1943 habitatoribus—domus
3225 1884 3275 1936 in
3309 1887 3439 1942 urbe

1791 1929 1837 1987 Β
1862 1936 2104 2005 plurima:
2129 1957 2310 2000 vacum
2334 1964 2694 2013 remanerent.
2713 1958 2818 2015 Sed
2841 1965 2964 2030 quia
2985 1964 3218 2025 Ecclesia
3245 1973 3338 2029 Dei
3360 1979 3434 2030 si-

1861 2042 1930 2081 ne
1953 2038 2165 2087 rectore
2193 2048 2314 2091 esse
2335 2055 2441 2094 non
2465 2052 2695 2112 poterat.
2721 2049 2940 2109 beatum
2963 2055 3279 2128 Gregorium
3312 2067 3436 2121 licet

1857 2119 1984 2173 totis
2011 2121 2215 2179 viribus
2235 2129 2582 2203 renitentem,
2632 2139 2788 2207 plebs
2829 2151 3007 2201 tamen
3039 2119 3211 2208 omnis
3251 2155 3429 2224 elegit.

1852 2211 2021 2280 Quem
2055 2217 2144 2274 ille
2172 2222 2380 2290 apicem
2409 2233 2666 2287 attentius
2708 2235 2894 2306 fugere
2937 2251 3171 2314 tentans,
3215 2265 3331 2304 esse
3372 2270 3431 2307 se

1849 2311 2071 2366 omnino
2102 2313 2374 2384 indignum
2406 2320 2499 2376 tali
2549 2322 2753 2381 honore
2794 2330 3132 2403 clamitabat;
3181 2340 3427 2398 videlicet

1846 2411 2093 2459 metuens
2131 2423 2200 2463 ne
2231 2411 2412 2466 mundi
2459 2415 2648 2484 gloria,
2681 2435 2842 2488 quam
2885 2426 3034 2493 prius
3062 2429 3350 2498 abjecerat,
3377 2438 3424 2490 ei

1844 2493 1943 2547 sub
1968 2496 2322 2554 ecclesiastici
2351 2503 2537 2560 colore
2565 2509 2842 2578 regiminis
2886 2516 3066 2586 aliquo
3107 2522 3265 2577 modo
3293 2526 3421 2580 sub-

1845 2597 2034 2652 repere
2058 2599 2259 2655 posset.
2296 2589 2450 2648 Unde
2488 2594 2688 2653 factum
2718 2610 2801 2656 est
2829 2611 2886 2657 ut
2915 2606 3197 2675 epistolam
3228 2613 3292 2666 ad
3324 2615 3420 2667 im-

1839 2686 2144 2745 peratorem
2169 2680 2479 2741 Mauricium
2508 2688 2785 2760 dirigeret,
2815 2697 2964 2765 cujus
2996 2697 3161 2754 lilium
3189 2718 3254 2758 ex
3276 2705 3419 2760 lava.

1839 2779 1934 2819 cro
1958 2779 2148 2824 sancto
2178 2783 2509 2844 susceperat;
2533 2780 2784 2849 adjurans
2801 2794 2855 2838 et
2874 2789 3039 2841 multa
3067 2807 3228 2858 prece
3255 2794 3418 2863 (Μέρος

1839 2871 2014 2923 scens,
2040 2875 2107 2914 ne
2137 2877 2368 2930 unquam
2393 2881 2670 2924 assensum
2697 2875 2910 2946 pupulis
2950 2879 3234 2950 praeberet,
3265 2892 3322 2935 ut
3361 2901 3418 2939 se

1837 2944 1994 3012 hujus
2023 2947 2244 3004 honoris
2269 2953 2438 3018 gloria
2459 2957 2790 3016 sublimaret.
2822 2963 2925 3019 Sed
2948 2968 3229 3036 pncfcctus
3251 2973 3415 3041 urbis,

1835 3045 1860 3083 ε
1907 3035 2210 3098 Germanus
2266 3046 2509 3114 nomine,
2564 3051 2686 3120 ejus
2733 3057 2976 3112 nuntium
3050 3064 3412 3133 anticipavit:

1831 3129 2330 3204 cornprt-bensoque
2357 3153 2422 3191 co
2452 3154 2516 3194 ac
2558 3141 2814 3214 disruptis
2864 3149 3127 3218 epistolis,
3178 3129 3409 3213 consen-

1829 3235 1947 3273 sum
1973 3236 2131 3290 quem
2160 3227 2388 3295 populus
2418 3229 2620 3288 fecerat
2642 3235 2952 3306 imperatori
2980 3243 3192 3299 direxit.
3228 3249 3293 3301 At
3321 3251 3407 3306 ille

1776 3313 1794 3335 ⁴
1824 3310 2025 3374 gratias
2053 3311 2163 3367 Deo
2193 3329 2359 3384 agens
2387 3333 2485 3388 pro
2513 3323 2748 3380 amicitia
2778 3327 3014 3396 diaconi,
3045 3349 3110 3387 eo
3149 3339 3291 3404 quod
3323 3340 3404 3395 lo-

1820 3413 1942 3451 cum
1965 3399 2015 3454 ei
2044 3399 2320 3460 deferendi
2351 3407 2569 3466 honoris
2590 3422 2649 3467 ut
2677 3417 2917 3485 cupierat
2945 3426 3254 3495 reperisscl,
3277 3429 3399 3485 data

1817 3487 1964 3543 izlico
1993 3496 2375 3565 prmceptione,
2406 3499 2576 3570 ipsum
2606 3503 2809 3562 inStitui
2838 3514 3109 3582 praecepit.

1887 3600 1972 3655 ll.
2003 3599 2026 3638 ιι
2056 3603 2298 3675 Cumque
2327 3608 2380 3662 in
2407 3609 2512 3666 hoc
2540 3623 2769 3671 restaret
2797 3627 2851 3673 ut
2871 3620 3310 3694 benediceretur,
3345 3639 3394 3685 et

1815 3690 1929 3746 lues
1970 3696 2226 3764 pupulum
2270 3699 2594 3772 devastarct,
2646 3709 2866 3764 verbum
2922 3713 2988 3768 ad
3040 3716 3248 3784 plebem
3295 3737 3391 3788 pro

1813 3785 2016 3850 agenda
2039 3787 2352 3856 pmuitentia
2379 3792 2485 3848 hoc
2507 3797 2667 3850 modo
2696 3813 2921 3854 exorsus
2949 3812 3032 3856 cst
3055 3822 3066 3855 :
3099 3825 3116 3855 ι
3146 3805 3393 3881 Oportet,

1812 3875 2005 3930 fratres
2031 3878 2384 3947 dilectissimi,
2408 3891 2468 3937 ut
2491 3884 2698 3953 ﬂagella
2723 3889 2836 3954 Dei,
2856 3907 2974 3960 quae
2997 3905 3236 3950 metuere
3261 3915 3391 3954 ven-

1811 3972 1926 4018 tura
1971 3967 2271 4036 debuimus,
2321 3973 2511 4028 saltem
2561 3981 2843 4046 praesentia
2874 3993 2927 4038 et
2955 3997 3174 4055 experta
3207 3991 3388 4046 timea~

1807 4071 1946 4112 mus.
1985 4060 2370 4119 Conversionis
2419 4067 2572 4122 nobis
2618 4069 2821 4126 aditum
2869 4072 3025 4130 dolor
3066 4079 3290 4147 aperiat,
3334 4092 3386 4138 et

1803 4147 1980 4202 cordis
2002 4152 2170 4204 nostri
2195 4152 2445 4210 duritiam
2491 4157 2603 4227 ipsa
2644 4175 2803 4229 quam
2837 4167 3070 4234 patimur
3092 4186 3246 4239 poena
3273 4175 3384 4251 dis-

1802 4237 1996 4291 solvat.
2031 4237 2101 4293 Ut
2127 4242 2267 4295 enim
2293 4246 2557 4314 propheta
2592 4257 2728 4304 teste
2759 4255 3066 4320 praedictum
3093 4237 3214 4312 et:
3252 4245 3380 4318 lier-

1798 4328 1933 4380 t'enit
1959 4329 2164 4398 gladius
2206 4349 2363 4402 usque
2393 4336 2461 4387 ad
2489 4339 2716 4392 animum
2750 4342 2962 4411 (Jcrcm.
2996 4362 3064 4412 tv,
3106 4348 3210 4419 l0).
3244 4350 3378 4408 Ecce

150 3635 488 3712 sublimatum,
525 3648 724 3707 subtile
751 3656 967 3722 quidem
993 3663 1062 3718 sit
1086 3681 1184 3735 per
1204 3669 1452 3730 effectum
1469 3635 1714 3748 spiritua-

150 3721 201 3748 l:-
238 3742 264 3748 _
277 3736 320 3748 -ι
340 3746 350 3748 ς
400 3733 430 3748 -·
636 3738 650 3748 “
780 3742 794 3748 “
870 3747 878 3748 '

557 3738 653 3794 sed
707 3742 975 3814 palpabile
1026 3768 1124 3821 per
1165 3760 1447 3818 veritatem
1487 3738 1708 3836 naturae,

799 3811 812 3814 _
1029 3811 1044 3821 .
1211 3811 1447 3818 ηυντ-η·
1487 3811 1708 3836 "un-"Na

142 3811 277 3879 juxta
304 3825 612 3895 exemplum
640 3829 893 3894 dominici
919 3845 1182 3911 corporis,
1214 3847 1282 3903 de
1301 3866 1409 3920 quo
1429 3868 1460 3908 a
1481 3861 1710 3915 mortuis

143 3908 380 3966 suscitato
403 3912 546 3970 dixit
574 3917 686 3987 ipse
710 3922 985 3995 discipulis
1009 3908 1031 3984 ξ
1055 3908 1280 4005 Palpate
1299 3908 1350 3993 et
1376 3908 1563 4010 videte,

142 3995 333 4060 spiritus
355 4017 565 4060 carnem
592 4019 640 4062 et
674 4028 791 4068 ossa
817 4033 922 4072 non
953 4020 1123 4088 habet,
1149 3995 1282 4082 sicut
1305 4047 1386 4084 me
1399 3995 1705 4092 videtisvid-

138 4086 244 4186 ρει-ε
268 4091 412 4159 (Luc.
445 4113 592 4164 xxiv,
618 4102 732 4173 '59).
763 4106 819 4163 ln
843 4110 995 4180 cujus
1016 4086 1314 4176 assertione
1338 4086 1460 4180 fidei
1479 4144 1704 4186 venera-

138 4172 246 4232 bilis
290 4179 442 4240 Pater
467 4187 760 4258 Gregorius
812 4198 864 4252 in
913 4209 1118 4261 tantum
1174 4218 1362 4268 contra
1390 4229 1698 4276 nascentem

136 4265 361 4328 liceresim
388 4277 640 4339 laborare
664 4293 961 4359 contendit,
989 4305 1134 4353 tanta
1167 4301 1304 4359 hanc
1331 4305 1585 4365 instantia
1606 4313 1697 4381 ju-

134 4369 280 4416 vante
297 4367 448 4423 etiam
474 4373 721 4440 piissimo
745 4380 1072 4451 imperatore
1098 4389 1313 4451 Tiberio
1338 4397 1694 4461 Constantino

135 4444 197 4500 ita
223 4460 545 4528 comminuit,
575 4475 633 4520 ut
674 4471 853 4528 nullus
876 4477 1069 4534 exinde
1098 4483 1164 4537 sit
1187 4484 1434 4545 inventus
1456 4495 1544 4561 qui
1577 4496 1695 4565 ejus

133 4550 456 4607 resuscitator
484 4559 762 4617 existeret.

194 4633 268 4689 to.
321 4640 482 4709 lgitur
536 4662 821 4722 postquam
862 4660 1089 4718 Romam
1135 4675 1472 4730 venerandus
1525 4677 1684 4734 levita

127 4720 392 4792 Gregorius
413 4750 687 4804 regressus
708 4756 807 4814 est,
825 4749 1099 4820 aliquanto
1114 4757 1398 4832 interjecto
1420 4774 1680 4838 tempore,

127 4819 254 4869 tanta
278 4820 623 4888 inundatione
647 4833 854 4896 Tiberis
882 4842 1300 4908 fluvius'alveum
1325 4872 1477 4912 suum
1500 4875 1681 4928 egres-

122 4917 200 4960 sus
217 4919 314 4980 est,
335 4913 359 4949 ἀ
385 4925 694 4995 tantumque
721 4937 978 5007 excrevit,
1010 4948 1066 4993 ut
1093 4942 1209 5012 ejus
1235 4947 1372 5002 unda
1399 4958 1420 4985 ί·
1442 4965 1537 5019 per
1555 4968 1676 5010 mu-

178 5093 198 5120 ⁸
227 5086 430 5168 ᾈΙεῢίιη
464 5097 600 5153 intus
628 5111 793 5161 tamen
818 5126 922 5164 eos.
949 5112 1105 5170 Guss.
1153 5126 1207 5171 et
1250 5119 1508 5180 Bollando
1537 5141 1672 5196 quos

117 5164 368 5220 sequimur
393 5168 546 5222 prmit
574 5170 726 5222 Becc.

155 5173 368 5227 rqummr
393 5173 546 5227 prwit
574 5173 726 5227 Becc.

167 5168 368 5220 ‘lllllllur
393 5168 546 5232 prmi;
574 5170 726 5227 Becc.
1041 5168 1051 5170 ‘
1160 5168 1204 5171 ν
1250 5168 1507 5180 -η--π--νν
1537 5168 1662 5196 anu.

167 5224 712 5335 ibrﬂiiLf-efidigjfﬂe
739 5259 856 5313 (³⁸³³³
885 5250 1204 5335 δίπῖἔηυδηίη
1254 5269 1662 5335 ηοιθΑερευηάῧν

544 5291 554 5292 ,
607 5291 709 5296 ,-_-
744 5291 855 5313 ...ην
885 5291 1116 5308 “unum.
1155 5291 1203 5312 ιη
1254 5291 1377 5315 nuta
1405 5291 1658 5335 acuuntur,

118 5291 482 5400 ach‘pisbijam
514 5307 796 5400 laudatam,
829 5333 946 5400 quae
968 5322 1529 5400 Moralium‘prologns
1557 5349 1658 5393 est.

748 5367 754 5370 ν
784 5367 796 5380 ,
873 5367 944 5373 ..νυ
968 5367 1245 5381 -ωυιιιιιιιιιι
1295 5367 1428 5387 nutu
1452 5367 1529 5391 'UD
1557 5367 1656 5393 cat.

177 5373 203 5476 ἒ
222 5367 643 5476 Cllartfit.mt‘iltis.
685 5367 952 5476 niiragt‘ilis
1005 5404 1224 5451 sanctus
1258 5367 1545 5473 iutycliiius
1575 5409 1656 5476 (in

177 5467 187 5476 λ,
207 5472 238 5476 __
306 5455 348 5476 _||
379 5459 508 5476 [nunc
570 5458 728 5476 ΛΙ-Α--ι-
763 5470 785 5476 Α
809 5472 822 5476 -
876 5473 886 5476 -
911 5461 922 5476 ¹
943 5475 950 5476 ί
1148 5467 1192 5476 ’“’

404 5425 413 5426 ,
464 5425 642 5434 ____---..
685 5425 952 5444 "mnuum
1005 5425 1224 5451 aui-uua
1259 5425 1545 5473 nmycmus
1575 5425 1654 5476 (In

111 5425 540 5565 ἓξῗιεέἓὲἓξὲξῖἱιέε)
568 5451 730 5506 etiam
758 5456 826 5510 ob
855 5457 1012 5517 fidem
1044 5467 1286 5523 exsilium
1317 5487 1522 5540 passus.
1547 5477 1654 5532 Ce-

130 5516 218 5554 .tur
235 5516 264 5554 ti
292 5516 416 5554 Δηνί

164 5517 264 5558 ure
291 5517 506 5578 Aprilis.
1117 5517 1134 5520 ’
1317 5517 1522 5540 ⁸’“’”“⁹’
1549 5517 1651 5532 ""—

169 5570 570 5672 etgue
597 5590 725 5646 adeo
753 5595 982 5672 invaluit.
1008 5598 1285 5660 Observat.
1321 5609 1456 5666 Bell.
1490 5615 1539 5668 id
1564 5631 1651 5672 an.

377 5635 390 5646 ,
428 5635 433 5636 ,
483 5635 566 5656 τ-.-
597 5635 722 5646 ...ην
753 5635 982 5653 unum".
1009 5635 1285 5660 uuamvau.
1323 5635 1456 5666 DUII.
1491 5635 1539 5668 Ill

216 5648 517 5738 gentigisse,
538 5675 616 5738 Amr
639 5666 1084 5738 useiiovenibris,
1110 5675 1193 5727 cui
1219 5682 1556 5738 assentimur.

505 5711 516 5718 ⁷
548 5713 553 5718 1
641 5711 727 5716 η-*
751 5711 826 5720 --ν
843 5711 1007 5722 πν---υι
1022 5711 1066 5725 lu
1110 5711 1193 5727 υηι
1219 5711 1556 5738 αῠῦῧΙΙιιιίιυΓο

170 5719 191 5747 ⁸
216 5711 388 5791 (ius;
420 5725 505 5804 cui
534 5726 707 5784 favent
739 5733 951 5791 Belvac.
996 5749 1049 5794 et
1073 5714 1256 5809 ’Becc”
1289 5765 1457 5823 super.
1493 5751 1649 5823 lbid.,

170 5795 334 5823 [fuan
364 5807 594 5823 pnznnnnnn
629 5817 646 5823 -
665 5817 774 5823 ηιμ-η
794 5821 808 5823 Αν
883 5815 895 5823 ⁸
1029 5821 1035 5823 ·
1111 5815 1120 5823 ¹
1195 5816 1225 5823 ’⁸

913 5790 922 5791 ,
1005 5790 1049 5794 --
1079 5790 1231 5798 ηπ.
1289 5790 1457 5804 υ..
1494 5790 1622 5810 un...

109 5790 334 5839 cinximus
364 5793 594 5860 regiones
623 5815 913 5873 occuparet,
944 5821 1092 5865 cretei
1110 5815 1150 5868 is
1176 5790 1645 5895 digsen'tientibusg

1797 4421 1995 4473 etenim
2027 4431 2216 4477 Cuncta
2249 4424 2416 4494 plebs,
2455 4429 2687 4484 caelestis
2735 4433 2826 4487 ira:
2857 4453 3111 4494 mucrone
3140 4448 3374 4510 percuti-

1799 4515 1902 4575 tur,
1932 4520 1986 4564 et
2011 4513 2288 4580 repentina
2313 4517 2502 4584 singuli
2528 4519 2672 4576 caede
2698 4533 2991 4580 vastantur.
3019 4529 3128 4584 Nec
3151 4533 3373 4601 languor

1715 4627 1770 4688 Ι)
1797 4611 2022 4654 mortem
2056 4607 2331 4671 praevenit,
2364 4609 2456 4662 sed
2488 4610 2759 4679 languoris
2789 4631 2986 4683 moras,
3019 4627 3079 4672 ut
3126 4627 3365 4690 cernitis,

1793 4704 1937 4742 mors
1969 4692 2077 4759 ipsa
2104 4695 2397 4759 praecurrit.
2431 4697 2719 4756 Percussus
2746 4705 2971 4774 quisque
2994 4718 3117 4762 ante
3141 4713 3364 4779 rapitur,

1788 4795 1947 4848 quam
1985 4782 2049 4834 ad
2083 4783 2313 4837 lamenta
2353 4789 2678 4855 poenitentiae
2722 4805 3086 4852 convertatur.
3135 4797 3364 4854 Pensate

1785 4886 1935 4939 ergo,
1965 4875 2136 4941 qualis
2159 4875 2223 4928 ad
2248 4889 2592 4948 conspectum
2615 4883 2839 4939 districti
2869 4887 3066 4954 judicis
3096 4892 3358 4956 pervenit,

1778 4959 1863 5013 cui
1905 4975 2011 5014 non
2048 4971 2210 5016 vacat
2249 4963 2377 5020 ﬂere
2415 4969 2560 5036 quod
2603 4969 2746 5026 fecit.
2788 4973 3128 5029 llabitatores
3162 4977 3360 5045 quique

1781 5148 1836 5193 et
1865 5154 2190 5198 monumenta
2222 5161 2320 5214 pro
2347 5149 2552 5222 moenia.
2579 5149 2707 5222 Quae
2736 5151 3021 5205 narratbic
3047 5150 3262 5222 Paulus,
3288 5170 3351 5210 ex

1777 5208 1936 5306 Grpg'.
1970 5212 2157 5294 Turni.
2191 5208 2244 5278 χ’,
2272 5233 2320 5297 c.
2348 5208 2900 5306 lg'ld‘cscripta'spnt.n
2939 5290 2951 5306 '
2981 5305 2996 5306 ἡ
3076 5289 3114 5306 ἢ
3151 5291 3166 5306 ἱ
3241 5294 3252 5306 ⁸

1850 5279 1868 5318 ί
1899 5281 2150 5336 Januario
2196 5287 2320 5338 anni
2378 5284 2498 5346 59",
2537 5279 2676 5360 ac'vl
2705 5287 2826 5360 ldus
2861 5287 3040 5354 Febr.,
3076 5289 3344 5360 Pelagium

1771 5361 2038 5405 mortuum
2066 5369 2185 5407 esse
2215 5355 2376 5406 tradit
2398 5355 2728 5409 Anastasius.
2754 5356 3020 5410 BOLLA‘ND.

1840 5429 1865 5467 ις
1893 5420 2003 5474 lmo
2026 5422 2250 5475 fortasse
2287 5422 2584 5511 Germanus
2611 5426 2866 5505 sanguine
2896 5425 3164 5510 fraterque
3200 5430 3333 5511 ‘Cre'

1840 5489 1898 5511 -.ἐξ
1944 5507 2088 5511 Ληα-..
2120 5491 2248 5511 tu“.--
2285 5506 2330 5511 ,η
2372 5505 2412 5511 ...
2444 5492 2594 5511 ν--ἳ--μ
2627 5510 2646 5511 η
2727 5495 2739 5511 ι

1765 5489 1919 5559 gorii,
1938 5507 2094 5558 quem
2119 5491 2333 5569 frena-in
2353 5491 2602 5569 babnuisse
2625 5489 2967 5569 probavimus
2990 5499 3039 5551 in
3063 5489 3178 5569 ejus
3200 5500 3340 5569 Vite,

1765 5510 1919 5559 gum,
1938 5510 2094 5558 quem
2119 5510 2333 5544 tratrrm
2353 5510 2602 5547 uauunssc
2625 5510 2967 5617 prouawmus
2990 5515 3039 5551 In
3063 5515 3178 5569 ejus
3207 5510 3338 5569 Vite,

1761 5559 1798 5612 l.
1833 5577 1869 5623 ι,
1905 5575 1954 5611 c.
1989 5559 2036 5622 l,
2072 5577 2124 5611 n.
2160 5556 2210 5611 5.
2239 5558 2413 5613 Locus
2439 5557 2596 5630 Greg.
2672 5581 2753 5620 ur.
2775 5566 2914 5622 unde
2953 5568 3067 5623 haec
3107 5579 3338 5642 sumpta,

1757 5637 1838 5682 est
1866 5629 2162 5695 ambiguus.

1829 5695 1854 5734 ιι
1885 5696 2067 5761 Guss.,
2099 5714 2310 5768 cumque
2338 5706 2534 5782 tempus
2564 5704 2822 5776 instaret;
2860 5716 2912 5764 ct
2942 5709 3005 5764 ad
3039 5725 3231 5782 marg,
3263 5712 3334 5766 al.

1757 5774 1993 5836 restaret,
2025 5782 2087 5822 ex
2116 5783 2263 5823 mera
2292 5769 2618 5838 conjectura.
