4018 6330
540 384 605 438 Π
1243 384 1299 440 S.
1344 381 1671 439 GREGORII
1714 381 1924 437 MAGNI
1972 381 2149 446 VITA,
2195 380 2519 437 AUCTORE
2563 379 2791 438 ΡΜ]ιο
2832 379 3152 438 DIACONO.
3750 383 3820 441 43

538 514 647 554 non
698 513 763 551 ex
808 504 959 566 parte
994 497 1424 564 subtrahuntur,
1466 496 1561 551 sed
1601 504 1803 565 pariter
1839 503 2135 561 corruunt;
2168 497 2213 553 Α
2242 500 2443 559 tantur,
2491 494 2666 551 donec
2711 504 3016 564 opportune
3052 501 3108 549 et
3136 492 3387 564 gloriose,
3419 500 3477 547 ut
3497 492 3631 548 ordo
3669 507 3820 551 sacer

542 590 736 645 domus
765 604 947 643 vacum
968 589 1374 657 relinquuntur;
1409 588 1637 640 filiorum
1662 587 1847 640 funera
1877 593 2130 655 parentes

540 682 824 750 aspiciunt,
854 690 908 733 et
925 680 1006 732 sui
1027 694 1122 732 eos
1144 679 1208 731 ad
1236 678 1510 730 interitum
1535 675 1776 730 hmredes
1796 676 2127 745 prmeedunt.

541 768 918 838 Unusquisque
974 782 1098 835 ergo
1136 774 1376 819 nostrum
1423 765 1490 819 ad
1539 765 1867 834 poenitentiae
1897 765 2128 818 lamenta

542 860 835 928 confugiat,
866 860 990 911 dum
1015 857 1143 911 ﬂere
1167 864 1295 911 ante
1324 857 1729 925 percussionem
1751 864 1926 911 vacat.
1954 856 2131 910 Revo-

540 965 723 1002 cemns
751 958 876 1001 ante
904 947 1087 1000 oculos
1118 947 1315 1001 mentis
1352 946 1611 1015 quidquid
1643 947 1875 1000 errando
1904 949 2131 1002 commi-

539 1041 733 1103 simus;
777 1047 831 1091 et
871 1038 1014 1106 quod
1044 1037 1293 1107 nequiter
1335 1038 1560 1105 egimus,
1608 1034 1790 1091 ﬂendo
1820 1038 2126 1107 puuiamus.

542 1128 940 1183 Prmveniamus
985 1128 1173 1182 faciem
1227 1126 1344 1195 ejus
1389 1127 1440 1181 in
1470 1126 1842 1191 confess'one;
1892 1136 1948 1181 et
1992 1128 2131 1183 sicut

538 1219 801 1288 propheta
834 1218 1088 1271 admonet
1120 1236 1132 1270 :
1166 1217 1412 1272 Levemus
1434 1218 1591 1271 corda
1619 1228 1797 1271 nostra
1824 1235 1939 1272 cum
1960 1221 2131 1273 mani-

539 1311 632 1364 bus
656 1310 725 1362 ad
750 1309 1258 1380 Dominum(1‘hreu.
1281 1324 1361 1374 ut,
1378 1307 1487 1375 il).
1524 1308 1604 1361 Ad
1629 1308 1911 1362 Dominum
1931 1310 2131 1379 quippe

541 1401 705 1455 corda
736 1417 857 1455 eum
888 1401 1131 1456 manibus
1160 1401 1361 1465 levare,
1394 1409 1476 1454 est
1504 1399 1765 1453 orationis
1790 1408 1985 1453 nostrm
2015 1409 2129 1453 stu-

541 1493 687 1547 dium
711 1509 831 1546 cum
866 1493 1059 1546 merito
1088 1493 1242 1546 bonze
1261 1491 1592 1560 operationis
1620 1490 1852 1557 erigere.
1884 1490 1983 1544 Dat
2006 1506 2133 1560 pro-

543 1584 707 1647 fecto,
748 1582 840 1636 dat
883 1591 944 1635 tr.
968 1583 1102 1637 mori
1138 1588 1325 1636 nostro
1356 1580 1627 1645 fiduciam,
1653 1579 1745 1648 qui
1773 1594 1870 1648 per
1892 1580 2131 1649 prophe-

543 1681 653 1726 tam
681 1672 877 1726 clamat
904 1690 915 1723 :
954 1672 1093 1727 Nolo
1130 1679 1346 1724 mortem
1379 1671 1691 1741 peccatoris,
1714 1669 1806 1723 sed
1830 1678 1884 1722 ut
1914 1670 2129 1724 conver-

544 1768 683 1813 tatur
716 1768 764 1812 et
793 1761 921 1813 vivat
953 1758 1165 1825 (Ezech.
1216 1774 1404 1823 χχχιιι,
1451 1756 1563 1828 ll).
1610 1758 1796 1811 Nullus
1838 1764 2019 1812 autem
2064 1757 2132 1813 de

2236 586 2504 653 exposcit,
2536 587 2586 639 in
2608 602 2674 639 eo
2694 587 2872 640 divina
2892 587 3071 639 munia
3094 585 3515 655 complerentur.
3536 582 3754 641 Obtiuet
3776 587 3819 643 is

2233 690 2263 728 a
2294 676 2721 742 negotiatoribus
2755 685 2810 729 ut
2844 676 2896 729 in
2926 684 3136 730 cratera
3172 675 3476 731 occultatus
3501 675 3819 733 educeretur

2233 763 2300 815 ab
2328 761 2492 828 Urbe,
2541 771 2704 832 atque
2734 764 2806 818 ita
2832 765 3055 820 latebris
3085 764 3264 820 triduo
3293 780 3352 821 se
3386 766 3695 835 occultavit,
3720 768 3817 823 do-
3846 833 3851 840 _

2234 868 2335 909 nec
2373 854 2520 908 illum
2541 854 2762 923 jejuuiis
2792 864 2846 909 et
2877 855 3232 921 orationibus,
3257 856 3489 926 populus
3525 857 3818 923 Romanus,

2232 946 2483 999 columna
2509 945 2666 1013 lucis,
2692 947 2847 1000 tertia
2868 962 3163 1016 supereum
3188 955 3348 1002 nocte
3367 947 3583 1003 ctelitus
3605 949 3827 1011 emissa,

2233 1038 2467 1091 obtinuit
2491 1056 2504 1090 :
2533 1052 2652 1105 qua:
2672 1054 2779 1093 non
2804 1054 2973 1108 parvo
3001 1040 3175 1094 noctis
3198 1040 3379 1110 spatio
3398 1056 3429 1094 a
3460 1057 3672 1096 summo
3701 1044 3823 1097 cmli

2233 1141 2404 1195 usque
2428 1125 2494 1179 ad
2525 1127 2773 1179 eumdem
2808 1128 2981 1197 ipsum
3016 1127 3153 1181 linea
3185 1136 3330 1183 recta
3359 1127 3645 1197 effulgens,
3679 1146 3821 1199 qua:-

2235 1218 2476 1274 rentibus
2504 1226 2686 1272 votum
2713 1218 2953 1288 optabile
2972 1218 3381 1273 demonstravit.
3407 1218 3512 1273 Sed
3536 1229 3591 1273 et
3613 1220 3823 1275 cuidam

2234 1308 2575 1362 anachorette
2601 1306 2730 1362 Urbi
2750 1310 3004 1377 contigue
3033 1308 3207 1378 angeli
3230 1310 3537 1363 ascendente
3558 1326 3583 1364 s
3613 1320 3670 1365 et
3697 1311 3820 1366 des-

2233 1397 2524 1451 cendentes
2553 1412 2649 1466 per
2670 1399 2947 1466 praefatam
2980 1398 3289 1452 columnam
3318 1414 3482 1469 super
3524 1400 3672 1455 illum
3701 1409 3824 1456 sunt

2233 1487 2354 1541 visi.
2407 1486 2508 1552 Qui
2541 1502 2664 1545 mox
2716 1488 2840 1543 lclix
2890 1504 3213 1560 sacrumque
3258 1504 3478 1546 sumens
3503 1492 3824 1561 auxpicium,

2234 1582 2302 1633 de
2324 1593 2388 1632 ea
2417 1593 2581 1646 quam
2612 1578 2741 1633 vidit
2768 1580 2821 1633 in
2851 1581 3055 1635 somnis
3081 1591 3303 1636 sanctus
3324 1579 3495 1636 Jacob
3522 1584 3688 1649 scala,
3722 1584 3822 1638 ibi-

2233 1669 2463 1737 demque
2490 1669 2706 1722 domum
2748 1669 2959 1724 Domini
2989 1670 3122 1725 dixit
3161 1669 3296 1737 fore,
3341 1687 3416 1726 rei
3437 1680 3608 1727 torem
3635 1673 3826 1731 domus

2235 1758 2352 1825 Dei,
2383 1774 2505 1829 qua:
2549 1769 2632 1815 est
2656 1760 2907 1826 ecclesia,
2938 1762 3045 1816 imo
3074 1762 3247 1830 ipsttm
3283 1763 3374 1816 Dei
3406 1764 3664 1833 templqu
3696 1766 3826 1821 inibi

544 1851 885 1919 iuiquitatum
914 1865 1130 1905 suarum
1160 1850 1500 1905 immanitate
1525 1848 2132 1918 desperet.Veternosas
2163 1866 2208 1926 Β
2235 1862 2355 1902 θςεθ
2382 1847 2758 1903 absconditum
2785 1846 3123 1902 exclamavit.
3155 1848 3304 1902 Tand
3340 1865 3501 1918 mque
3530 1852 3734 1908 elvctus
3760 1870 3828 1908 ac

543 1958 776 2012 namque
816 1944 870 2012 6
915 1941 1267 1997 Ninivitarum
1306 1942 1493 2011 culpas
1537 1941 1784 1995 triduana
1813 1941 2132 2010 paenitentia

542 2034 794 2089 abstersit
827 2052 838 2085 :
871 2042 925 2087 et
954 2048 1247 2088 conversus
1276 2033 1416 2086 latro
1444 2032 1565 2086 vita:
1597 2033 1838 2101 przcmia,
1887 2031 2049 2085 etiam
2081 2031 2133 2085 in

542 2125 653 2193 ipsa
691 2125 958 2179 sententia
998 2139 1109 2178 sua:
1150 2123 1359 2185 mortis,
1389 2123 1640 2177 emeruit.
1672 2122 1941 2177 Mutemus
1976 2122 2137 2192 igitur

541 2214 725 2278 corda,
754 2226 809 2269 et
833 2228 1216 2283 praesumamus
1247 2228 1346 2267 nos
1370 2211 1481 2279 jam
1513 2212 1822 2281 percepisse
1861 2213 2008 2281 quod
2034 2225 2133 2280 pe-

543 2303 737 2366 timus;
771 2303 932 2356 eitius
957 2301 1023 2354 ad
1054 2316 1269 2369 precem
1286 2299 1453 2368 judcx
1475 2298 1730 2365 ﬂectitur,
1754 2300 1850 2354 sia
1869 2300 2137 2370 pravitate

541 2409 635 2447 sua
659 2394 870 2446 animus
890 2391 1198 2460 corrigitur.
1221 2389 1540 2445 lmminente
1560 2404 1689 2458 ergo
1709 2399 1872 2445 tanta:
1893 2388 2137 2445 animad-

543 2483 806 2538 versionis
839 2483 1038 2551 gladio,
1070 2496 1169 2536 nos
1198 2482 1518 2551 importunis
1557 2479 1771 2537 ﬂetibus
1806 2481 2132 2540 insistamus.

543 2572 617 2625 Ea
636 2587 867 2639 namque
896 2587 1017 2641 qua:
1044 2572 1255 2640 ingrata
1277 2586 1399 2626 esse
1422 2571 1734 2627 hominibus
1763 2572 2139 2641 importunitas

542 2660 700 2724 solet,
731 2658 903 2713 Judici
937 2659 1181 2713 veritatis
1209 2659 1411 2729 placet,
1442 2660 1569 2729 quia
1592 2660 1715 2731 pius
1743 2675 1808 2716 ac
1830 2661 2138 2718 misericors

541 2748 805 2802 Dominus
846 2748 959 2801 vult
988 2762 1017 2802 a
1046 2762 1106 2803 se
1138 2749 1388 2819 precibus
1415 2748 1577 2819 exigi,
1610 2749 1703 2817 qui
1728 2758 1987 2819 quantum
2022 2764 2139 2806 me-

543 2848 748 2906 remur,
783 2852 891 2890 non
919 2837 1033 2892 vult
1061 2838 1241 2893 irasci.
1271 2837 1407 2894 Hinc
1445 2839 1644 2893 etenim
1673 2854 1772 2909 per
1798 2838 2138 2894 Psalmistam

543 2927 681 2984 dixit
715 2945 727 2980 :
763 2925 956 2981 Invoca
984 2944 1066 2981 me
1103 2927 1160 2982 in
1188 2927 1273 2981 die
1298 2928 1648 2982 tribulationis
1690 2936 1816 2995 tum,
1842 2937 1892 2981 et
1918 2928 2139 2997 eripiam

536 3026 608 3085 te,
639 3028 689 3073 et
728 3016 1088 3089 magniﬁcabis
1113 3034 1212 3071 me.
1244 3017 1364 3087 lpse
1404 3032 1533 3086 ergo
1560 3018 1661 3072 sibi
1693 3018 1847 3073 testis
1888 3023 1971 3072 est
2010 3018 2135 3086 quia

543 3110 921 3165 invocantibus
956 3108 1205 3165 misereri
1237 3107 1527 3173 desiderat,
1562 3108 1654 3177 qui
1690 3108 1944 3164 admonet
1972 3116 2031 3163 ut
2056 3109 2132 3163 in-

2236 1939 2463 1994 dilectus
2509 1938 2712 1994 domini
2744 1939 3048 2008 invenitur,
3076 1940 3308 2011 capitur,
3360 1943 3608 2010 trahitur,
3656 1954 3710 2000 et
3757 1946 3828 2001 ad

2235 2027 2382 2083 beati
2406 2027 2553 2083 Petri
2574 2029 2802 2097 apostoli
2822 2030 3096 2084 basilicam
3125 2031 3373 2099 ducitur;
3404 2034 3582 2102 ibique
3601 2036 3667 2089 ad
3692 2053 3830 2107 pon-

2236 2120 2451 2176 tilicalis
2488 2120 2673 2188 gratia:
2701 2120 2936 2177 oflicium
2964 2137 3132 2178 conse
3164 2131 3341 2194 ratus,
3367 2140 3503 2196 papa
3536 2127 3679 2183 urbis
3717 2127 3831 2183 eni-

2242 2210 2404 2265 citur.

2314 2320 2396 2375 l4.
2431 2323 2549 2388 Quo
2580 2322 2632 2376 in
2661 2330 2904 2394 tempore
2932 2339 3054 2380 eum
3085 2340 3116 2379 a
3145 2324 3352 2382 Joanne
3380 2326 3707 2385 Ravennatis
3734 2347 3829 2386 ur-

2238 2411 2320 2467 bis
2340 2412 2596 2482 episcopo
2622 2414 2980 2484 reprehensus
3009 2415 3216 2481 fuisset,
3243 2431 3341 2471 cur
3368 2433 3396 2470 a
3422 2420 3680 2487 pastorali
3702 2419 3829 2474 olli-

2239 2500 2326 2556 cio
2348 2501 2716 2557 delitescendo
2741 2518 2801 2557 se
2820 2503 3120 2559 subducere
3143 2505 3224 2560 vir
3251 2513 3359 2559 tam
3381 2506 3607 2562 idoneus
3633 2509 3829 2563 voluis-

2237 2600 2350 2657 set,
2400 2592 2505 2649 hac
2542 2594 2825 2649 oceasione
2870 2595 3182 2664 compulsus
3227 2598 3482 2652 volumen
3529 2600 3829 2668 egregium,

2239 2684 2291 2754 7
2326 2694 2349 2722 ο
2371 2684 2515 2753 quod
2546 2682 2837 2742 Pastoralis
2877 2686 3199 2755 appellatur,
3228 2688 3534 2758 compescit
3578 2707 3595 2742 :
3636 2691 3688 2744 in
3716 2705 3827 2759 quo

2239 2772 2524 2829 manifeSIa
2554 2774 2674 2829 luce
2703 2776 2953 2845 patefecit
2979 2776 3152 2845 qualis
3193 2776 3261 2830 ad
3308 2777 3550 2833 ecclesia:
3587 2780 3830 2849 rtgimcn

2238 2861 2459 2927 assumi,
2482 2862 2716 2931 qualiter
2739 2862 2840 2933 ipsi
2862 2872 3103 2918 rectores
3129 2864 3336 2933 vivere,
3363 2880 3471 2935 qua
3499 2866 3831 2922 discretione

2238 2949 2475 3019 singulas
2528 2966 2772 3020 quasque
2834 2951 3164 3008 audientium
3225 2970 3485 3026 personas
3538 2956 3832 3023 instruere,

2239 3048 2436 3107 quanta
2491 3040 2925 3095 consideratione
2976 3044 3250 3111 pr0priam
3300 3046 3544 3113 quotiulie
3595 3046 3834 3101 debeant

2239 3130 2580 3200 fragilitatem
2609 3146 2860 3201 pensare.
2892 3131 2998 3187 Sed
3043 3142 3098 3189 et
3136 3134 3386 3190 homilias
3415 3135 3835 3205 Evangeliorum

544 3208 785 3256 vocetur.
824 3198 1310 3297 Proinde,_lratres
1332 3201 1657 3297 charissimi,
1678 3202 1931 3297 contrito
1940 3201 2129 3297 corde,
2161 3238 2205 3297 ο
2240 3198 2466 3277 numero
2509 3198 2861 3290 quadraginta
2890 3226 3212 3293 composuit,
3236 3240 3372 3294 quas
3400 3225 3452 3279 in
3482 3198 3693 3282 duobus
3717 3228 3833 3283 Co-

551 3301 607 3347 ct
637 3293 897 3348 c0rrectis
936 3293 1220 3362 operibus,
1252 3293 1320 3348 ab
1347 3293 1463 3363 ipso
1493 3292 1638 3348 ferize
1663 3302 1871 3362 quartae
1901 3294 2136 3349 diluculo

549 3395 573 3420 ει
589 3383 771 3437 litania
793 3382 1302 3451 septil‘ormi-devota
1322 3381 1390 3436 ad
1409 3384 1671 3453 laerymas
1684 3381 2136 3448 interveniamus;

548 3482 606 3528 ut
643 3472 919 3527 districtus
957 3472 1127 3541 iudex
1165 3487 1288 3528 cum
1327 3472 1514 3542 culpas
1544 3480 1757 3527 nostras
1799 3487 1899 3527 nos
1946 3471 2140 3541 punire

544 3560 871 3627 considerat,
919 3561 1034 3631 ipse
1077 3575 1107 3614 a
1153 3560 1420 3615 sententia
1460 3560 1751 3630 proposita:
1778 3559 2139 3615 damnationis

545 3660 752 3721 parcat.
786 3669 803 3701 ι
851 3648 1023 3716 Quam
1072 3648 1509 3704 exhortationem
1550 3648 1697 3703 beati
1745 3646 1987 3718 Gregorii
2016 3647 2139 3703 ideo

547 3742 673 3797 huic
712 3740 973 3810 Opusculo
1016 3738 1356 3795 inserendam
1398 3737 1708 3808 putavimus
1732 3779 1748 3803 ,
1792 3745 1909 3791 uta
1936 3745 2138 3806 quanta

536 3829 874 3902 perfectione
898 3830 1292 3902 praedicationis
1314 3829 1525 3884 initium
1543 3828 1855 3898 sumpserit,
1869 3837 2139 3885 monstra-

540 3938 751 3978 remus.

617 4031 704 4085 12.
738 4031 905 4101 Igitur
934 4031 1059 4086 dum
1087 4046 1282 4102 magna
1304 4030 1591 4087 multitudo
1624 4029 1991 4100 sacerdotum,
2020 4045 2141 4086 mo-

547 4123 865 4188 nachorum,
918 4121 1224 4193 diversique
1264 4138 1424 4179 sexus
1463 4130 1520 4177 et
1561 4122 1738 4179 astatis
1769 4160 1784 4186 ,
1813 4121 1967 4192 juxta
1996 4136 2139 4194 prae-

548 4215 855 4284 ceptionem
907 4214 1053 4268 beati
1097 4214 1342 4283 Gregorii
1377 4214 1466 4268 die
1512 4214 1803 4269 constituta
1854 4213 2141 4267 Dominum

540 4312 802 4370 rogatura
828 4301 1089 4367 venisset,
1131 4301 1184 4355 in
1214 4309 1422 4355 tantum
1449 4300 1569 4356 lues
1592 4302 1706 4369 ipsa
1729 4300 1912 4355 divino
1935 4300 2141 4369 judicio

550 4390 818 4454 desaiviit,
856 4398 916 4444 ut
955 4390 1094 4444 intra
1130 4390 1287 4444 unius
1333 4390 1480 4444 hora:
1515 4390 1771 4460 spatium,
1804 4390 1928 4444 dum
1976 4404 2140 4445 voces

552 4482 703 4553 plebs
725 4481 793 4535 ad
816 4482 1099 4537 Dominum
1122 4481 1530 4551 supplicationis
1552 4481 1841 4546 emitteret,
1867 4480 2141 4549 octoginta

553 4579 804 4633 homines
846 4577 912 4631 ad
957 4587 1154 4632 terram
1184 4584 1500 4632 corruentes
1526 4575 1772 4645 spiritum
1800 4573 2137 4629 exhalarent.

553 4669 661 4725 Sed
689 4685 794 4724 non
838 4669 1041 4723 destitit
1078 4667 1333 4723 sacerdos
1369 4674 1551 4722 tantus
1593 4666 1791 4736 populo
1822 4666 2137 4735 prtrdicare,

555 4777 625 4818 ne
650 4761 717 4816 ab
761 4761 1006 4815 oratione
1035 4768 1327 4826 cessarent,
1378 4761 1553 4815 donec
1581 4760 1923 4815 miseratione
1958 4759 2139 4815 divina

555 4850 720 4919 pestis
751 4849 869 4917 ipsa
899 4848 1220 4918 quiesceret.

625 4962 711 5015 l3.
744 4960 987 5029 Cumque
1018 4961 1192 5015 adhuc
1215 4958 1422 5014 futurus
1443 4961 1666 5014 antistes
1694 4959 1830 5026 fugm
1860 4961 2136 5016 latibulum

553 5060 883 5120 praepararet
911 5048 959 5114 ι),
996 5047 1121 5104 Urbi
1142 5049 1444 5105 sollicitudo
1473 5059 1527 5104 et
1556 5053 1725 5118 portis
1746 5051 1938 5118 vigilia:
1965 5051 2138 5120 depu-

630 5255 656 5284 κ
688 5246 771 5300 Al.
795 5287 809 5312 ,
839 5248 1042 5316 septimi
1087 5247 1297 5299 mensis.
1339 5246 1503 5316 Guss.
1533 5287 1548 5312 ,
1582 5246 1688 5316 hic,
1740 5246 1921 5316 devota
1951 5257 2138 5313 mente,

556 5316 797 5370 referens
818 5316 883 5369 ad
896 5314 1137 5370 mentem
1161 5317 1301 5382 quod
1324 5314 1484 5382 Greg.
1510 5316 1637 5369 dicit
1661 5315 1728 5368 de
1747 5314 1975 5370 Litania.
2006 5316 2138 5372 Ibid.

557 5386 739 5448 habet,
789 5401 903 5437 cum
947 5386 1208 5454 lacrymis.
1258 5383 1322 5438 Et
1369 5384 1503 5438 infra
1554 5400 1567 5436 :
1624 5387 1791 5452 ipsam
1836 5388 2142 5439 sententiam

560 5456 734 5507 damn.
775 5460 1107 5521 temperando
1138 5464 1335 5521 parcat,
1383 5455 1591 5508 caneris
1636 5462 1745 5507 tam
1793 5455 1951 5509 editis
1978 5470 2141 5522 quam

561 5538 720 5575 manu
746 5524 979 5593 exaratis
1008 5534 1194 5577 contra
1217 5524 1517 5577 licentibus.
1553 5523 1719 5593 Porro
1736 5525 2048 5593 septiformis
2072 5525 2138 5578 li-

562 5594 702 5661 tania
732 5592 868 5661 ideo,
895 5592 1035 5646 dicta
1067 5600 1170 5658 est,
1204 5593 1376 5661 inquit
1403 5594 1543 5646 idem
1586 5592 1782 5648 Paulus
1812 5592 1987 5660 Diac.,
2019 5594 2053 5648 I.
2087 5610 2142 5647 ιιι

560 5659 1119 5732 deGestisLangob,
1142 5659 1374 5729 cap—~15,
1401 5662 1526 5728 quia
1548 5663 1723 5732 omnis
1746 5663 1889 5716 urbis
1912 5659 2147 5732 populus

562 5745 588 5784 ’,ι
622 5730 780 5786 beato
808 5728 1068 5798 Gregorio
1110 5731 1161 5783 in
1193 5728 1399 5798 septem
1425 5738 1604 5798 partes
1626 5728 2011 5798 deprecaturus
2038 5733 2145 5787 Do-

567 5800 765 5856 minum
794 5809 875 5856 est
902 5796 1123 5854 divisus.
1153 5796 1293 5868 Lege
1320 5796 1481 5869 Grcg.
1516 5798 1645 5854 Tur.
1677 5796 1795 5854 leco
1828 5802 2061 5869 laudato,
2091 5814 2148 5860 et

2240 3309 2449 3365 dicibus
2476 3326 2630 3381 mqua
2663 3318 2813 3366 sorte
2850 3311 3115 3368 distinxit.
3158 3312 3347 3369 Libros
3384 3316 3546 3370 etiam
3579 3316 3836 3386 Dialogo—

2240 3415 2359 3455 rum
2405 3410 2639 3471 quatuor
2679 3402 2866 3472 edidit,
2914 3404 2968 3459 in
2999 3405 3195 3475 quibus
3224 3415 3415 3475 rogatu
3447 3407 3592 3463 Petri
3618 3409 3835 3467 diaconi

2241 3493 2343 3559 sui,
2369 3494 2597 3549 virtutes
2617 3503 2951 3557 sanctorum,
2976 3512 3112 3567 quos
3140 3498 3193 3551 in
3216 3497 3366 3553 Italia
3389 3499 3649 3556 clariores
3670 3516 3837 3557 nosse

2239 3585 2328 3641 vel
2355 3586 2542 3641 audire
2571 3594 2850 3657 potuerat,
2891 3587 2959 3642 ad
2991 3589 3296 3659 exemplum
3327 3591 3619 3647 viventium
3647 3602 3834 3662 poste-

2240 3676 2316 3731 ris
2342 3676 2593 3746 collegit;
2625 3685 2683 3732 ut
2723 3679 2863 3735 sicut
2891 3678 2944 3733 in
2993 3678 3143 3736 libris
3172 3678 3583 3751 Expositionum
3606 3698 3829 3737 suarum

2240 3766 2435 3837 quibus
2474 3766 2545 3821 sit
2570 3767 2859 3823 virtutibus
2888 3768 3245 3824 insudandum
3276 3771 3509 3837 edocuit,
3562 3772 3632 3828 ita
3662 3773 3829 3829 etiam

2240 3855 2527 3925 descriptis
2545 3865 2856 3913 sanctorum
2879 3858 3176 3924 miraculis,
3193 3875 3318 3930 qua:
3331 3862 3586 3917 virtutum
3611 3878 3836 3918 earum-

2240 3943 2365 4000 dem
2392 3945 2467 4000 sit
2492 3946 2712 4003 claritas
2740 3947 3073 4004 ostenderet.
3116 3948 3351 4005 Primam
3378 3967 3592 4021 quoque
3619 3960 3677 4007 et
3705 3954 3834 4007 ulti-

2239 4053 2385 4093 mam
2432 4038 2734 4095 Ezechielis
2785 4040 3063 4110 prophette
3108 4049 3311 4110 partes,
3360 4057 3481 4111 qua:
3508 4043 3838 4098 videbantur

2243 4127 2605 4193 obscuriores,
2632 4144 2729 4198 per
2749 4128 2998 4184 homilias
3018 4129 3203 4199 viginti
3232 4130 3388 4198 duas,
3410 4138 3668 4201 quantum
3694 4131 3837 4187 lucis

2243 4217 2387 4273 intus
2414 4218 2649 4273 habeant
2694 4219 3101 4276 demonstravit.
3137 4219 3161 4259 ἀ
3203 4220 3431 4290 Scripsit
3481 4232 3745 4292 praeterea
3775 4233 3836 4278 et

2244 4310 2349 4365 alia
2378 4312 2658 4380 nonnulla,
2700 4314 2793 4369 sed
2825 4326 2882 4370 et
2907 4318 3166 4387 epistolas
3194 4320 3520 4389 complures,
3567 4335 3687 4389 qua:
3715 4322 3836 4375 sin-

2243 4401 2466 4469 gulatim
2496 4411 2688 4457 cuncta
2716 4404 2954 4475 edicere,
2982 4407 3259 4464 brevitatis
3280 4409 3480 4474 studio,
3503 4406 3682 4467 omisi.

2322 4509 2406 4564 15.
2438 4511 2590 4577 Quod
2639 4528 2707 4570 eo
2732 4530 2901 4585 magis
2931 4518 3124 4573 mirum
3171 4533 3272 4585 est,
3321 4530 3401 4574 tot
3430 4535 3553 4575 eum
3583 4537 3649 4577 ac
3679 4530 3835 4577 tanta

2171 4616 2222 4676 ι)
2245 4603 2479 4659 condere
2508 4605 2780 4661 volumina
2811 4609 3071 4678 potuisse,
3101 4610 3193 4679 qui
3222 4612 3368 4666 omni
3397 4610 3509 4667 fere
3532 4611 3841 4677 iuventutis

2248 4709 2357 4747 sua:
2387 4701 2651 4765 tempore,
2685 4706 2741 4751 ut
2782 4699 2959 4755 verbis
2990 4700 3155 4769 ipsius
3184 4701 3390 4769 loquar,
3423 4702 3626 4757 crebris
3653 4704 3837 4759 visce-

2249 4801 2365 4838 rum
2396 4787 2738 4842 eruciabatur
2762 4789 3058 4859 doloribus,
3099 4791 3266 4857 horis,
3298 4794 3690 4863 momentisque
3715 4811 3840 4850 om-

2250 4875 2404 4931 nibus
2431 4876 2599 4931 fracta
2627 4880 2886 4934 stomachi
2917 4882 3115 4936 virtute
3144 4882 3490 4946 lassescebat,
3523 4883 3682 4939 lentis
3711 4885 3841 4954 qni-

2248 4967 2394 5031 dem,
2426 4969 2519 5022 sed
2558 4977 2736 5023 tamen
2767 4972 3038 5027 continuis
3085 4970 3324 5028 febribus
3369 4974 3676 5041 anhelabat,
3731 4976 3842 5029 fre-

2250 5069 2420 5122 quens
2451 5056 2613 5110 etiam
2664 5073 2787 5114 eum
2828 5073 3105 5129 gressuum
3134 5060 3291 5118 dolor
3318 5063 3666 5121 vehementer
3698 5064 3842 5120 atlli-

2246 5251 2401 5307 Joan.
2435 5252 2606 5316 Diac.,
2638 5253 2676 5307 l.
2710 5268 2745 5317 ι,
2773 5270 2823 5309 c.
2848 5254 2936 5309 42.

2321 5323 2345 5359 ι’
2372 5321 2428 5375 lu
2451 5323 2575 5400 cod.
2606 5323 2975 5400 Moissacensi,
3007 5325 3187 5380 multis
3210 5328 3607 5400 prsetermissi',
3638 5346 3761 5400 prie.
3789 5348 3847 5383 a-

2249 5403 2407 5463 raret,
2442 5393 2694 5460 trahitur,
2719 5396 2951 5463 capitur,
2981 5408 3109 5458 etc.,
3145 5393 3391 5450 ut’infra.

2325 5461 2532 5540 οἱς-ρος.
2565 5465 2735 5540 etalii
2765 5481 2915 5529 mss.,
2936 5461 3031 5537 qui
3062 5465 3355 5521 Pastoralis
3388 5483 3475 5536 ap.
3509 5467 3585 5522 Bo
3609 5469 3668 5533 l.,
3700 5472 3848 5540 quod

2250 5532 2379 5584 liber
2399 5533 2691 5604 Pastoralis
2714 5551 2833 5604 app.

2319 5605 2355 5674 "_
2377 5603 2530 5674 Apud
2558 5602 2714 5674 Guss.
2738 5602 2909 5658 Solum
2936 5621 2949 5658 :
2982 5604 3204 5671 Scripsit
3233 5616 3482 5674 prwtcrea
3519 5624 3674 5673 super
3713 5609 3850 5663 1)νο-

2251 5669 2634 5747 ιαςνίζίαξῇεειρεν
2663 5671 2879 5747 Cantica
2917 5669 3267 5747 cantiwrum',
3319 5676 3383 5727 de
3426 5669 3731 5747 PrOplietis,
3779 5680 3850 5733 dc

2254 5740 2645 5866 igrizllclegitm,
2673 5746 2734 5800 de
2765 5744 3060 5814 Heptatico,
3084 5753 3133 5798 et
3163 5743 3270 5799 alia
3290 5740 3545 5801 nonnulla
3569 5764 3587 5801 :
3620 5746 3845 5817 Episto-

2342 5852 2357 5873 ς
2384 5827 2488 5866 εις.
