4018 6298
270 180 336 233 ἐξ)
981 182 1040 237 S.
1081 178 1406 237 GREGORII
1447 180 1661 234 M.\G.\l
1707 179 1888 245 VITA,
1935 181 2255 238 AUCTORE
2296 183 2520 240 PAULO
2561 185 2878 240 DlACONO.
3493 187 3559 246 ἴῖο

265 293 451 361 gebat.
486 294 682 349 Verum
708 294 847 348 inter
866 294 979 347 lucc
1000 293 1127 347 dum
1155 295 1414 350 sollicitus
1436 302 1687 364 pensaret
1712 295 1861 363 quia,
1895 298 1940 357 Α
1967 297 2146 352 studio
2189 312 2287 366 pro
2315 298 2631 367 colligendis
2669 300 3032 368 particulatim
3081 301 3310 354 fidelium
3344 304 3555 356 anima-

266 386 550 453 Scriptnra
576 394 735 447 teste,
763 386 931 440 omnis
960 385 1102 455 ﬁlius
1128 386 1215 455 qui
1255 389 1519 457 recipitur,
1548 387 1866 457 ﬂagellatur,

266 475 467 545 (Hebr.
502 492 593 543 xu,
625 477 702 545 6),
733 491 845 546 quo
861 477 1015 532 malis
1047 478 1400 545 prmsentibus
1425 478 1613 533 durius
1648 492 1869 547 preme-

270 566 451 629 lratur,
476 582 540 620 eo
560 564 628 621 de
646 574 847 621 artcrna
874 570 1079 625 certius
1103 568 1523 641 prmsumptione
1548 566 1869 636 respirabat.

278 656 557 724 {fatigabat
581 673 706 711 eum
734 667 993 727 prarterea
1023 661 1091 717 de
1121 660 1437 717 ordinandis
1470 657 1628 713 Urbis
1655 656 1871 724 vigiliis,

274 762 341 799 ne
367 747 433 799 ab
454 747 698 802 hostibus
716 760 1024 819 caperetur,
1050 751 1360 807 sollicitudo
1382 750 1660 805 centinua.
1688 759 1713 785 ⁸
1741 747 1874 801 Ure-

275 838 409 892 bant
435 854 652 908 quoque
683 842 1021 898 incessanter
1051 844 1168 912 ejus
1194 844 1435 897 animum
1479 842 1712 895 filiorum
1743 840 1870 893 hinc

268 930 396 983 irule
424 930 733 986 discrimina
760 935 1027 988 nuntiata.
1059 934 1165 989 Sed
1191 943 1371 988 tamen
1403 934 1494 987 ille
1524 934 1662 986 inter
1690 940 1772 985 tot
1813 938 1870 984 et

270 1020 400 1073 talia
428 1020 803 1089 deprehensus
830 1024 1200 1089 incommoda,
1230 1038 1501 1094 nunquam
1548 1022 1659 1074 otio
1694 1020 1869 1073 indul-

270 1113 452 1178 gebat,
482 1114 612 1183 quin
659 1124 751 1169 aut
795 1114 1027 1170 filiorum
1069 1117 1389 1170 utilitatibus
1440 1113 1740 1173 inserviret,
1776 1122 1866 1164 aut

270 1204 474 1271 aliquid
520 1204 741 1271 dignum
772 1204 1031 1260 Ecc‘esire
1060 1206 1341 1269 scriberet,
1373 1214 1467 1256 aut
1495 1218 1591 1272 per
1622 1209 1865 1255 centeri:-

273 1293 533 1361 plationis
555 1295 784 1363 gratiam
803 1296 931 1350 cozli
948 1295 1175 1350 secretis
1206 1296 1504 1347 interesset.

350 1384 433 1436 16.
482 1384 728 1453 Denique
757 1402 878 1440 cum
900 1387 969 1441 de
999 1394 1107 1439 tota
1140 1399 1274 1454 pene
1294 1383 1441 1436 Italia
1476 1379 1866 1449 Langobardo-

269 1485 393 1525 rum
421 1472 634 1541 gladius
656 1483 954 1529 metuentes
976 1473 1187 1542 plurimi
1214 1471 1447 1539 undique
1473 1469 1540 1524 ad
1564 1469 1864 1524 Romanam

270 1563 468 1618 urbem
496 1564 855 1631 continerent,
878 1565 1132 1619 solertem
1164 1578 1263 1634 pro
1285 1562 1539 1617 omnibus
1563 1576 1748 1618 curam
1771 1576 1864 1630 ge-

1972 387 2070 441 bus
2099 397 2386 455 satageret,
2436 389 2653 443 donav't
2700 390 2776 443 illi
2814 391 2932 459 pius
2978 389 3241 454 dominus,
3284 400 3341 443 ut
3388 401 3558 446 totam

1974 478 2127 548 parita
2149 494 2173 533 r
2205 480 2495 547 Anglorum
2516 490 2731 548 gentem
2761 488 3123 536 converteret.
3147 481 3310 549 Cujus
3330 498 3559 537 convcr-

1973 570 2162 635 sionis,
2220 578 2278 623 ut
2327 581 2548 639 putatur
2599 572 2735 626 facta
2768 572 3023 627 divinitus
3052 573 3165 629 haec
3193 574 3408 628 occasio
3440 574 3556 629 fuit.

1975 662 2109 715 Dum
2139 663 2223 715 die
2251 663 2486 731 quadam
2515 664 2918 718 advenientibus
2966 681 3137 734 nuper
3165 665 3557 720 mercatoribus

1974 753 2139 807 multa
2166 755 2377 808 venalia
2401 755 2453 808 in
2478 755 2650 809 forum
2676 756 2862 810 Rounc
2884 757 3077 811 collata
3105 758 3349 823 fuissent,
3380 760 3561 813 multi-

1969 860 2077 913 que
2104 845 2169 898 ad
2199 845 2489 900 errrendum
2520 847 2645 899 hinc
2678 847 2801 900 inde
2825 847 3172 913 conﬂuerent,
3206 848 3232 885 ἲ»
3264 850 3488 917 Contigit
3508 858 3561 904 et

1969 936 2287 1003 Gregorium
2317 945 2444 988 ante
2470 936 2672 989 scilicet
2699 952 2863 1005 quam
2894 938 3200 1006 pontificale
3224 939 3385 993 decus
3407 941 3564 995 habe-

1970 1032 2072 1087 rct,
2104 1039 2199 1093 per
2225 1024 2401 1076 lorum
2430 1025 2713 1077 transitum
2747 1028 2944 1092 facere,
2977 1042 3040 1079 ac
3067 1027 3260 1081 vidisse
3290 1030 3429 1083 inter
3457 1031 3561 1082 alia

1970 1129 2039 1182 pu
2076 1129 2166 1167 ros
2212 1113 2431 1167 venales
2469 1112 2697 1180 positos,
2730 1114 2889 1168 lactei
2929 1119 3194 1183 corporis,
3242 1134 3307 1172 ac
3356 1120 3562 1173 venusti

1969 1206 2165 1271 vultus,
2203 1205 2429 1275 capillos
2457 1220 2673 1273 quoque
2702 1207 2954 1274 prmeipui
2998 1208 3250 1262 candoris
3279 1211 3560 1264 habentes.

1969 1294 2116 1360 Quos
2143 1309 2265 1349 eum
2295 1293 2579 1363 aspiceret,
2632 1294 3009 1362 interrogavit,
3042 1306 3100 1350 ut
3140 1299 3309 1363 aiunt,
3365 1300 3433 1355 de
3459 1316 3563 1367 qua

1969 1387 2189 1453 regione
2218 1385 2299 1439 vel
2333 1394 2475 1440 terra
2507 1393 2689 1439 essent
2738 1385 2907 1438 a‘lati.
2964 1386 3279 1454 Dictumque
3312 1396 3394 1441 cst
3437 1390 3561 1456 quia

1969 1481 2035 1535 de
2066 1478 2339 1531 Britannia
2378 1477 2573 1542 insula,
2602 1477 2752 1545 cujus
2778 1478 2970 1532 incola:
3000 1479 3092 1532 tali
3142 1494 3331 1534 omnes
3361 1481 3561 1535 decore.

1971 1573 2222 1627 niterent.
2255 1570 2459 1623 Rursus
2496 1568 2847 1636 interrogavit
2877 1580 2898 1607 ε
2931 1578 3109 1624 utrum
3139 1570 3298 1624 iidem
3323 1571 3556 1627 insulani

270 1653 452 1719 rebat,
482 1663 541 1708 et
583 1655 840 1709 universis
867 1670 989 1709 curn
1013 1655 1161 1710 verbi
1186 1654 1381 1725 pabulo
1409 1655 1655 1724 corporis
1678 1653 1858 1710 subsi-
1895 1675 1936 1735 Β
1964 1659 2253 1721 Christiani
2275 1664 2481 1724 essent,
2511 1672 2576 1712 an
2605 1670 2937 1727 paganorum
2968 1659 3242 1713 erroribus
3282 1659 3559 1728 implicati.

267 1741 366 1794 dia
399 1743 755 1799 ministrabat.
781 1743 838 1798 In
868 1752 1077 1800 tantum
1107 1760 1342 1815 namque
1366 1745 1484 1815 ejus
1511 1744 1749 1800 animum
1770 1748 1864 1801 nri-

264 1832 581 1886 scricorJire
603 1847 760 1887 amor
779 1832 1074 1899 devicerat,
1101 1844 1161 1890 ut
1183 1852 1290 1891 non
1317 1836 1494 1892 solum
1511 1836 1703 1891 horum
1727 1852 1866 1905 quos

268 1933 564 1993 praesentes
586 1924 821 1980 habebat
862 1927 1278 1983 necessitatibus
1304 1938 1637 1994 OCUII'I'CI‘C',
1662 1929 1759 1984 sed
1778 1928 1863 1983 in-

267 2032 434 2087 super
461 2017 619 2087 longe
647 2021 836 2088 positis
863 2036 1024 2091 opem
1061 2038 1174 2077 sua:
1203 2023 1466 2092 largitatis
1493 2023 1859 2094 impenderet;

268 2110 409 2164 adeo
436 2119 494 2164 ut
520 2111 683 2165 etiam
715 2112 768 2166 in
797 2122 981 2169 monte
1011 2114 1164 2168 Sinai
1190 2114 1285 2168 Dei
1311 2115 1528 2170 famulis
1554 2116 1865 2171 constitutis

265 2215 497 2270 qumque
523 2212 679 2257 erant
698 2212 1002 2274 Opportuna
1032 2207 1381 2261 transmittere
1401 2215 1440 2260 t.
1472 2206 1604 2261 Nam
1632 2208 1723 2262 alii
1744 2207 1862 2278 qui-

269 2292 396 2346 dem
444 2294 729 2362 pontiﬁces
766 2298 1145 2354 constru-ndis
1201 2300 1565 2369 ornandisque
1594 2317 1728 2356 auro
1775 2301 1861 2356 vel

268 2393 497 2451 argento
523 2385 772 2441 ecclesiis
822 2403 1046 2455 operam
1076 2389 1317 2454 dabant;
1351 2389 1440 2445 hic
1469 2401 1649 2446 autem
1676 2399 1731 2445 et
1779 2389 1860 2445 his

266 2469 570 2537 insistebat,
608 2485 663 2528 et
701 2476 851 2543 quasi
884 2476 966 2530 his
987 2478 1200 2533 omissis
1231 2487 1375 2533 totrrs
1403 2493 1530 2547 erga
1560 2480 1858 2535 animarum

265 2557 421 2616 lucra
461 2565 709 2630 vacabat,
757 2574 815 2620 et
840 2566 1098 2635 quidquid
1128 2569 1370 2637 pecuniae
1394 2569 1595 2625 habere
1624 2579 1858 2641 poterat,

262 2650 486 2705 sedulus
505 2651 838 2723 dispergere,
854 2664 911 2711 et
938 2656 1067 2713 dare
1087 2660 1413 2727 pauperibus
1435 2662 1659 2716 curabat
1681 2659 1855 2731 (Psal.

262 2755 401 2804 ειη.
431 2740 509 2812 9),
546 2751 605 2797 ut
645 2743 853 2812 justitia
901 2746 1019 2815 ejus
1045 2749 1103 2818 8
1129 2758 1374 2805 maneret
1399 2752 1451 2804 in
1476 2752 1726 2806 siccatum
1754 2766 1851 2808 sar-

261 2830 398 2896 culi,
431 2841 485 2886 et
513 2848 687 2888 cornu
726 2833 846 2904 ejus
866 2837 1197 2891 exaltaretur
1227 2838 1507 2905 ingloria;
1539 2840 1613 2894 ita
1644 2848 1704 2894 ut
1733 2840 1862 2894 illud

264 2919 415 2974 beati
433 2917 539 2975 Job
570 2938 619 2977 γι
638 2923 840 2978 raciter
857 2924 1042 2980 dicere
1064 2936 1287 2994 posset:
1319 2926 1617 2982 Benedictio
1644 2930 1861 2998 perituri

1967 1754 2290 1820 Dictumque
2311 1756 2396 1804 est
2421 1747 2565 1818 quod
2589 1756 2770 1801 essent
2798 1748 3011 1816 pagani.
3045 1748 3111 1800 At
3141 1749 3230 1802 ille
3259 1749 3449 1804 intimo
3492 1766 3560 1806 ex

1966 1842 2133 1900 corde
2163 1840 2321 1909 longa
2352 1837 2576 1893 trahens
2616 1836 2869 1905 suspiria,
2913 1835 3065 1890 lleu!
3104 1836 3247 1891 Proh
3269 1837 3455 1891 dolor!
3479 1838 3561 1892 in-

1966 1933 2100 2001 quit,
2120 1931 2256 2001 quod
2278 1939 2384 1983 tam
2405 1927 2566 1982 lucidi
2588 1928 2754 1980 vultus
2776 1928 3010 1981 homines
3032 1927 3357 1982 tenebrarum
3373 1938 3559 1982 auctor

1964 2024 2214 2094 possidet,
2247 2019 2270 2057 ι¹
2315 2030 2562 2091 tantaque
2601 2021 2789 2091 frontis
2820 2020 3015 2089 species
3044 2036 3240 2089 wgram
3266 2032 3485 2074 mentem
3508 2028 3571 2073 et

1964 2113 2029 2166 ab
2051 2114 2271 2167 internis
2293 2111 2497 2181 gaudiis
2526 2126 2739 2163 vacuam
2766 2110 2966 2178 gestat!
2994 2107 3200 2162 Rursus
3225 2124 3354 2177 ergo
3386 2111 3553 2164 inter-

1964 2202 2181 2271 rogavit:
2202 2200 2346 2270 quod
2386 2206 2533 2253 esset
2561 2199 2879 2253 vocabulum
2910 2198 3085 2266 gentis
3113 2198 3274 2275 illius.
3311 2197 3556 2268 Respon-

1963 2309 2082 2350 sum
2128 2303 2240 2357 est,
2271 2291 2417 2362 quod
2457 2291 2613 2359 Angli
2641 2298 2981 2345 vocarentur.
3016 2292 3083 2345 At
3114 2291 3204 2346 ille
3235 2309 3247 2343 :
3282 2290 3437 2355 Bene,
3469 2291 3553 2343 irr-

1961 2386 2096 2454 qnit,
2122 2403 2243 2439 nam
2271 2395 2319 2439 et
2350 2384 2638 2454 angelicam
2668 2382 2855 2436 habent
2881 2384 3088 2452 faciem,
3120 2392 3169 2438 et
3193 2383 3319 2437 tales
3340 2384 3554 2453 angelo-

1962 2491 2075 2528 rum
2102 2476 2157 2528 in
2180 2474 2321 2529 cwlis
2350 2474 2493 2526 decet
2517 2488 2627 2525 esse
2648 2471 2962 2525 colucredes.
2990 2468 3140 2535 Quod
3160 2470 3332 2535 habet,
3358 2473 3563 2540 inquit,

1962 2582 2147 2619 nomen
2174 2565 2267 2618 illa
2298 2564 2578 2634 provincia,
2612 2563 2674 2617 de
2694 2579 2794 2634 qua
2822 2563 2907 2616 isti
2935 2571 3051 2615 sunt
3081 2563 3273 2616 allati?
3305 2563 3553 2631 Respon-

1961 2670 2080 2709 sum
2106 2664 2207 2719 est,
2238 2653 2363 2722 quia
2394 2652 2535 2707 Deiri
2566 2660 2890 2706 vocarentur
2930 2662 2954 2690 ⁸
2986 2653 3144 2707 iidem
3174 2652 3551 2723 provintiales.

1964 2746 2035 2799 At
2058 2745 2145 2799 ille
2180 2762 2193 2797 :
2239 2744 2391 2807 Bene,
2425 2744 2619 2812 inquit,
2647 2742 2815 2810 Deiri,
2847 2743 2910 2796 de
2938 2744 3021 2796 ira
3050 2746 3201 2807 eruti,
3226 2752 3277 2797 et
3305 2743 3374 2797 ad
3398 2744 3553 2798 mise-

1966 2834 2247 2887 ricordiam
2270 2834 2461 2887 Christi
2478 2834 2663 2886 vocati.
2691 2832 2824 2898 Rex,
2849 2833 2943 2898 ait,
2968 2834 3244 2902 provincia:
3263 2834 3405 2887 illius
3426 2850 3553 2902 quo-

1965 2924 2118 2979 modo
2146 2924 2393 2978 vocatur?
2422 2922 2755 2992 Responsum
2778 2932 2861 2977 est
2889 2922 2905 2961 ί
2940 2923 3084 2993 quod
3106 2923 3223 2978 Alle
3250 2933 3551 2980 vocaretur.

264 3026 427 3080 super
452 3028 536 3064 me
562 3011 813 3079 veniebat,
844 3022 892 3068 et
919 3030 1009 3069 cor
1030 3015 1195 3069 ridae
1217 3017 1513 3070 consolatus
1538 3033 1671 3071 sum.
1692 3017 1860 3071 Justi-
1884 3046 1930 3109 ο
1964 3015 2035 3069 At
2061 3015 2150 3069 ille
2177 3014 2421 3070 alludens
2448 3014 2516 3068 ad
2545 3029 2743 3069 nomen
2764 3014 2840 3068 ait
2872 3032 2885 3067 :
2921 3024 2945 3060 ε
2970 3013 3201 3070 Laudem
3214 3012 3314 3068 Dei
3337 3014 3554 3069 Creato-

266 3112 347 3156 ιω
365 3103 579 3156 indutus
604 3121 737 3168 sum,
769 3115 818 3158 et
839 3107 1010 3159 vestiri
1048 3122 1129 3159 me
1153 3108 1288 3160 sicut
1317 3109 1637 3173 vestimento,
1668 3117 1718 3161 et
1740 3109 1860 3162 dia-

264 3194 475 3246 dentale
494 3194 698 3263 judicio
727 3212 858 3249 meo.
895 3194 1089 3249 Oculus
1131 3196 1208 3267 fui
1247 3213 1404 3263 carro,
1441 3206 1492 3251 et
1530 3214 1619 3263 pes
1648 3198 1855 3252 claudo.

270 3280 437 3335 Pater
460 3298 606 3335 erant
625 3300 927 3353 pauperum,
951 3293 1001 3338 et
1027 3301 1239 3338 cattsam
1260 3301 1415 3354 quam
1444 3284 1754 3352 nesciebam,
1778 3286 1861 3340 di-

266 3373 609 3444 ligentissime
629 3374 997 3445 inuestigabam
1017 3375 1135 3447 (Job
1156 3393 1304 3441 XXIX,
1338 3376 1404 3430 l3
1422 3378 1579 3447 seq.).
1603 3376 1669 3430 Et
1699 3378 1823 3446 paul
1846 3397 1860 3430 r

269 3473 398 3533 post
429 3481 443 3517 :
475 3464 538 3519 Si
572 3466 775 3520 comedi
800 3464 1080 3520 bnccellam
1102 3484 1269 3520 meant
1293 3467 1457 3535 solus,
1482 3477 1532 3521 et
1560 3484 1663 3521 non
1691 3484 1860 3521 comm

268 3554 355 3607 dit
392 3556 617 3626 pupillus
644 3573 711 3610 ea:
737 3574 819 3622 ea,
851 3558 973 3629 quia
1001 3557 1065 3611 ab
1089 3560 1316 3630 infantia
1344 3577 1457 3613 mea
1484 3561 1641 3614 crevit
1662 3576 1861 3614 mecum

270 3648 555 3712 miseratio,
580 3658 631 3703 et
667 3651 733 3703 de
762 3660 906 3705 utero
936 3653 1118 3706 matris
1160 3667 1288 3706 mea:
1322 3669 1528 3723 egressa
1551 3662 1629 3707 est
1666 3669 1861 3707 mecum

268 3737 398 3809 (Job
426 3755 572 3806 sui,
605 3741 696 3807 l7,
728 3741 841 3812 18).

352 3828 439 3883 l7.
494 3829 572 3883 Ad
622 3832 776 3899 crrjns
803 3835 1019 3902 pietatis
1071 3848 1126 3890 et
1170 3836 1391 3905 justitia:
1435 3851 1573 3905 opus
1609 3836 1865 3906 pertinet,

271 3917 423 3985 quod
446 3918 734 3989 Anglorum
764 3932 979 3992 gentem
1011 3940 1107 3993 per
1148 3925 1529 3992 prmdicatores
1556 3941 1694 3994 quos
1738 3926 1868 3980 iilnc
1920 3994 1927 3999 _

271 4007 502 4075 direxit,
530 4010 597 4064 de
624 4012 873 4069 dentibus
912 4015 1121 4083 antiqui
1149 4015 1322 4072 hostis
1349 4017 1606 4086 eripiens,
1651 4026 1868 4071 acterna:

271 4098 543 4155 libertatis
570 4100 691 4155 fecit
718 4118 837 4157 ese
868 4104 1182 4173 participes.
1227 4104 1439 4160 Etenim
1468 4107 1592 4172 quia
1631 4108 1721 4175 qui
1754 4107 1866 4164 Deo

274 4195 469 4242 nostro
491 4187 714 4244 fnleliter
733 4193 991 4258 adhaeret,
1014 4208 1229 4262 semper
1247 4210 1313 4248 ex
1339 4195 1456 4264 ejus
1478 4196 1722 4265 largilluo
1745 4214 1865 4250 niu-

275 4296 414 4337 ncrc
442 4281 509 4336 ad
533 4284 724 4338 altiora
749 4286 1087 4347 conscendit.
1117 4285 1242 4340 dum
1269 4287 1371 4342 iste
1398 4297 1618 4344 sanctus
1657 4288 1866 4344 ardenti

353 4466 380 4493 ⁸
406 4457 561 4514 Guss.
592 4477 692 4537 suo
707 4478 869 4537 more
895 4465 1041 4521 solus
1066 4482 1078 4517 :
1111 4464 1369 4537 Urebatur
1393 4482 1589 4537 quoque
1615 4466 1727 4537 ejus
1753 4468 1867 4520 ani-
1896 4457 1913 4509 έ

275 4543 393 4601 ntus
420 4540 629 4601 propter
655 4533 907 4601 filiorum,
952 4537 1072 4589 hinc
1098 4536 1239 4600 inde,
1273 4546 1381 4592 etc.
1406 4533 1650 4590 'UtEnani
1674 4537 1864 4591 saltem

276 4597 573 4668 aliquando
602 4597 710 4668 quo
741 4619 839 4657 nis.
872 4597 1071 4660 Codice
1096 4597 1339 4660 uteretur
1366 4606 1679 4660 indicasset!

356 4666 545 4747 ἔθυσε
572 4709 588 4734 ,
614 4666 829 4747 nemine
850 4675 1243 4747 consentiente,
1269 4677 1485 4747 contigit
1502 4684 1557 4728 ut
1585 4675 1865 4746 Gregorius

276 4744 557 4816 antequam
585 4742 885 4816 pontiﬁcale
908 4744 1062 4798 decus
1090 4754 1272 4798 nactus
1294 4742 1496 4816 fuisset.
1518 4762 1634 4816 cum
1664 4742 1865 4800 cicteris

275 4806 594 4879 advenisset,
608 4828 669 4863 ac
692 4806 900 4866 vidisset
928 4816 1064 4868 inter
1093 4816 1219 4877 alia,
1245 4806 1375 4879 et'c.,
1404 4816 1491 4870 ubi
1514 4815 1721 4869 laborat
1747 4833 1869 4871 sen-

274 4892 391 4940 sus,
416 4878 525 4933 imo
552 4883 764 4948 penitus
791 4879 989 4937 deficit.

356 4956 380 4984 ¢
407 4945 586 5006 Cum.
609 4960 779 5005 utrum
798 4952 853 5006 in
881 4952 1062 5006 eadem
1082 4954 1219 5006 insul

460 4963 586 5011 058.,
609 4963 779 5005 utrum
798 4968 853 5006 tn
881 4963 1062 5007 eadem
1082 4963 1273 5008 insula.

356 4968 379 4984 ι
407 4968 586 5011 unm,
609 4968 779 5005 utrum
798 4968 853 5006 tn
881 4968 1062 5007 eadem
1082 4968 1273 5008 insula.

354 5014 575 5093 ’ζου-εδ.
602 5027 843 5092 tantaque
871 5024 1183 5093 frontispicii
1212 5024 1381 5093 gratia
1420 5034 1638 5079 utentem
1663 5026 1727 5079 ab
1763 5028 1861 5080 int.

274 5084 555 5151 Bollarrd.,
600 5084 840 5162 tantaque
871 5084 1070 5215 Β·ωηῖ
1100 5084 1284 5163 speciei
1332 5096 1520 5159 gratia.
1578 5094 1865 5163 Sequimur

276 5154 410 5209 Mss.
426 5156 583 5211 Bccc.
596 5199 611 5215 .
625 5160 854 5215 Conch..
921 5168 1090 5215 elvac.
1110 5164 1326 5215 etalios.
1343 5161 1440 5215 llic
1457 5174 1631 5215 tamen
1646 5166 1858 5215 Belvac.

276 5154 410 5209 Mss.
426 5156 611 5233 Becc._,
625 5154 854 5233 Co_nelr.,
880 5154 1090 5217 Betvac.
1110 5154 1440 5217 etalios.—llic
1457 5154 1858 5233 tamenﬁelvac.

276 5240 470 5303 parum
489 5226 735 5305 .dellectit
760 5243 950 5286 acarter
967 5233 1029 5295 ie,
1056 5233 1372 5305 habetcnim
1401 5249 1413 5285 :
1439 5226 1689 5305 tantaque
1714 5238 1857 5305 fron-

274 5296 347 5348 tis
360 5296 532 5373 specie
560 5315 686 5373 gens
708 5311 877 5370 grata,
911 5314 1131 5356 mentem
1162 5302 1225 5373 ab
1256 5304 1475 5356 internis
1499 5296 1727 5373 gaudiis,
1754 5314 1857 5359 etc.

275 5433 289 5445 .
342 5373 380 5445 A'
404 5365 671 5445 Grrss.',_id
700 5365 1149 5445 estproviuriales.
1182 5372 1367 5445 irarrr
1391 5365 1523 5445 sane
1550 5365 1865 5445 v‘ocis'Deiri

274 5438 814 5510 irrterpretationeml
844 5439 970 5493 Eam
986 5451 1161 5496 tamen
1182 5443 1356 5508 legere
1380 5442 1553 5510 potuit
1575 5442 1624 5493 in
1649 5443 1862 5497 Belvac.

274 5504 364 5557 Ad
393 5505 531 5559 hanc
569 5524 758 5562 vocmr
788 5509 933 5564 Deiri
958 5510 1133 5564 Mabil.
1166 5504 1276 5564 haec
1301 5504 1461 5563 habet
1487 5527 1498 5560 ε
1534 5510 1691 5564 Modo
1724 5512 1865 5566 Ebo-

275 5589 541 5649 racenges.
569 5578 750 5648 Anglis
775 5578 917 5633 York
943 5581 1100 5634 Shire
1121 5581 1464 5649 appellantur.
1491 5578 1626 5649 Lege
1651 5581 1865 5644 Bedam,

278 5645 312 5698 l.
344 5661 401 5701 ut
424 5643 599 5706 Hist»
620 5643 669 5700 σῖ
697 5649 745 5714 1,
772 5658 826 5705 ct
849 5649 1090 5706 Bolland.
1121 5643 1476 5718 DeiraAuglis
1497 5643 1768 5717 Deirland,
1794 5643 1870 5706 cst

1962 3107 2035 3160 ris
2063 3106 2168 3159 illis
2192 3107 2247 3159 in
2273 3106 2508 3174 partibus
2535 3113 2737 3175 oportet
2764 3105 2988 3160 cantari.

2036 3194 2127 3249 18.
2163 3195 2546 3265 Accedensque
2574 3194 2642 3249 ad
2681 3195 2990 3264 pontiﬁcem
3020 3196 3176 3266 hujus
3202 3197 3459 3253 Romamn
3500 3207 3560 3260 et

1961 3287 2275 3358 apostolica:
2318 3286 2480 3353 sedis,
2508 3287 2722 3353 rogavit
2750 3295 2807 3340 ut
2833 3287 2979 3356 genti
3008 3286 3303 3356 Anglorum
3353 3290 3407 3344 in
3436 3289 3555 3345 Bri-

1964 3378 2203 3432 tanniam
2249 3378 2457 3446 aliquos
2486 3377 2636 3432 verbi
2681 3377 2984 3445 ministros,
3015 3393 3112 3448 per
3139 3396 3276 3450 quos
3303 3381 3369 3435 ad
3400 3380 3552 3435 Chri-

1962 3477 2103 3525 stum
2143 3475 2586 3523 converterentur
2633 3468 2903 3534 mitteret,
2960 3483 3207 3524 asserens
3235 3478 3291 3525 et
3317 3471 3554 3540 scipsum

1965 3563 2017 3617 in
2045 3561 2151 3616 hoc
2179 3576 2317 3630 opus
2344 3559 2565 3615 domino
2595 3570 2925 3629 cooperante
2970 3560 3355 3629 perliciendum
3394 3578 3553 3633 para-

1965 3664 2077 3710 tunr
2102 3670 2241 3721 esse,
2272 3655 2317 3709 si
2347 3662 2527 3708 tamen
2551 3653 2724 3708 eidem
2756 3654 3059 3723 aposto’ico
3091 3669 3241 3723 papae
3266 3655 3323 3723 9
3351 3652 3455 3707 hoc
3498 3660 3555 3705 ut

1968 3745 2002 3798 li
2036 3753 2118 3799 ret
2144 3745 2526 3813 complaceret.
2559 3739 2585 3779 ¹ι
2635 3742 2793 3807 Quod
2838 3757 2959 3797 cum
2990 3743 3042 3796 ei
3090 3743 3264 3810 primo
3318 3740 3556 3810 pontifex

1968 3834 2187 3888 minime
2215 3832 2518 3897 annuisset,
2546 3831 2721 3884 victus
2753 3829 2971 3883 larrdem
3003 3829 3422 3899 infatigabilibus
3442 3827 3558 3896 ejus

1971 3940 1986 3991 ι
2008 3923 2217 3977 rccibus
2239 3921 2489 3975 assensit.
2519 3919 2620 3984 Qui
2647 3920 2853 3989 civibus
2876 3918 3222 3987 profectionis
3242 3934 3353 3972 sum
3379 3919 3558 3973 celans

1971 4023 2245 4084 negotium
2275 4012 2733 4083 (quandoquidem
2758 4012 2800 4066 si
2832 4011 2886 4064 id
2915 4012 3212 4074 novissent,
3254 4011 3558 4065 nullatenus

1970 4107 2045 4160 illi
2069 4120 2285 4174 quoque
2321 4113 2481 4173 pacto
2510 4102 2952 4171 acquievissenl),
2985 4111 3188 4172 quanto
3217 4104 3445 4159 celerius
3468 4118 3559 4173 pou

1972 4197 2089 4260 tuit,
2124 4196 2226 4248 iter
2250 4210 2373 4248 cum
2402 4193 2700 4263 apostolica
2732 4193 3108 4248 benedictione
3137 4195 3385 4263 arripuit.

2044 4285 2129 4341 19,
2161 4286 2287 4341 llaec
2311 4286 2515 4339 interea
2544 4284 2612 4338 ad
2640 4285 2886 4339 notitiam
2914 4284 3099 4355 populi
3118 4286 3359 4341 veniunt.
3411 4287 3554 4342 Una-

1973 4483 2094 4537 purs
2117 4466 2259 4537 regni
2288 4463 2350 4537 1‘:
2346 4462 2776 4537 orthumbrorum,
2806 4463 2951 4537 cujus
2980 4464 3143 4518 altera
3163 4464 3556 4537 pars__Bcrnicin

1972 4532 2275 4590 diritati...
2311 4534 2526 4605 Capitur
2567 4534 2719 4587 Deira
2747 4534 2904 4605 etiam
2941 4551 3035 4605 pro
3074 4550 3232 4604 regno
3265 4532 3555 4605 ﬂorthum-

1971 4604 2115 4661 briw.
2150 4605 2236 4659 Ila
2285 4602 2425 4668 apud
2460 4604 2769 4657 monac/mm
2806 4602 3220 4672 Engolismuﬁin
3277 4602 3380 4656 Vit.
3430 4605 3551 4657 Car.

1971 4676 2119 4748 lllag.
2142 4675 2478 4748 Bardulphus
2508 4689 2601 4748 rex
2625 4672 3171 4748 ξηρηὶτηῑῇηι[ποι-ιθιιι,Δ
3194 4672 3246 4748 id
3263 4683 3348 4748 est
3377 4672 3445 4727 de
3476 4673 3555 4748 trs

1968 4740 2127 4799 lauda
2172 4740 2354 4800 insuan
2375 4744 2498 4813 (imo
2530 4742 2596 4794 de
2622 4742 3230 4813 Deirlarrilapr0\'incia)
3263 4740 3552 4795 Britannia:

1972 4817 2178 4885 pulsus,
2200 4814 2268 4885 a_d_
2293 4809 2685 4885 imperatorem»
2702 4828 2789 4885 an.
2824 4809 3123 4885 808'_ve_nit.

2046 4885 2065 4924 ι’
2096 4880 2180 4939 Al.
2216 4880 2406 4938 Ilo/rel.
2440 4882 2597 4936 Beda:
2619 4881 2752 4945 Elle,
2786 4884 2924 4949 qucrd
2952 4882 3115 4935 habet
3138 4880 3348 4933 Belvac.

2040 4965 2065 5003 tt
2093 4954 2336 5009 Bollarrd.
2371 4962 2426 5007 et
2465 4952 2649 5018 Guss.,
2680 4953 2749 5006 ad
2776 4948 2979 5006 laudern
3013 4950 3108 5003 Dei
3149 4959 3294 5018 erat.
3339 4948 3551 5003 alleluia

1966 5033 2286 5089 oporteret...
2355 5017 2641 5076 dccantari.
2694 5021 2762 5075 Et
2824 5036 2967 5089 sane
3014 5020 3181 5089 Ιίνιιιιζι
3231 5017 3548 5084 Gregorium

1966 5084 2212 5149 allusisse
2237 5094 2303 5147 ad
2325 5094 2545 5148 verbum
2570 5092 2802 5157 alleluia,
2832 5088 2974 5159 quod
3002 5084 3286 5155 signiﬁcat,
3323 5089 3555 5143 Laudate

1966 5163 2152 5220 Deum.

2041 5235 2064 5271 ιι
2097 5234 2153 5287 lu
2184 5232 2320 5287 Cod.
2354 5232 2601 5285 Moissac.
2628 5237 2683 5283 et
2722 5230 2773 5281 in
2804 5228 2873 5280 al.
2919 5226 3249 5288 Audornar...
3282 5242 3390 5294 quo
3440 5228 3554 5281 Bul-

1968 5304 2114 5358 land.
2148 5319 2274 5355 usus
2303 5310 2424 5355 est:
2460 5300 2609 5369 Quod
2638 5298 3032 5369 dunrperficere
3073 5313 3174 5369 non
3216 5309 3404 5369 posset,
3434 5302 3555 5369 quia

1966 5374 2062 5426 etsi
2089 5372 2321 5441 pontifex
2348 5368 2645 5441 concederet
2675 5408 2688 5432 ,
2719 5367 2807 5441 ille
2832 5367 2967 5441 quod
2996 5367 3211 5435 petierat
3234 5367 3546 5441 _vcllct_(Au-

1971 5434 2203 5505 domum,
2235 5434 2330 5491 'illi
2376 5440 2509 5505 quod
2538 5434 2797 5506 petierat).
2842 5434 2965 5490 Non
2996 5434 3167 5488 tamen
3197 5439 3328 5491 cives
3362 5438 3554 5491 liotttu-

1973 5527 2084 5574 nos,
2114 5519 2169 5561 ut
2198 5520 2302 5561 tant
2331 5508 2481 5575 longe
2505 5508 2566 5561 ab
2592 5507 2715 5559 urbe
2742 5508 3013 5571 secederet,
3045 5515 3247 5574 putaret
3284 5510 3552 5575 permitte-

1974 5597 2048 5633 re.
2078 5579 2307 5651 MoiSs,
2333 5575 2474 5651 Man
2502 5587 2555 5651 ut
2602 5578 2709 5646 ipse
2753 5578 3101 5651 pontificatus
3139 5578 3302 5651 o/Iicio
3348 5581 3561 5651 functus

1975 5660 2073 5715 est,
2102 5665 2227 5719 opus
2259 5648 2345 5701 diu
2368 5646 2709 5701 desideratum
2736 5648 2972 5719 perfecit,
3005 5656 3062 5701 ut
3092 5646 3247 5700 intra.
