4018 6306
509 89 568 139 5i
1222 79 1278 134 S.
1321 79 1648 135 CREGORII
1693 79 1903 136 MAGNI
1946 79 2123 144 VITA,
2161 80 2480 135 AUCTORE
2518 79 2740 136 PAULO
2783 82 3091 138 DIAGONO.
3695 90 3766 142 5'2

509 197 638 250 nimi
661 191 911 248 condicto
935 206 1124 246 omnes
1163 191 1334 246 urbiei
1356 206 1420 245 ac
1440 190 1756 256 suburbani,
1784 189 1867 242 vel
1889 190 2088 258 quique
2119 197 2161 250 Α
2194 189 2327 243 Ecce
2356 193 2532 263 lingua
2567 192 2870 258 Britannice,
2903 211 3017 265 qua:
3046 194 3178 248 nihil
3205 197 3351 249 aliud
3380 206 3588 250 noverat
3615 215 3764 268 «piam

509 285 786 338 audientes
818 297 1102 337 occurrere
1159 289 1470 353 potuerunt,
1517 294 1636 335 sese
1678 281 1730 334 in
1769 287 1876 334 tres
1905 289 2088 350 partes

508 374 775 439 dividunt,
808 383 862 428 et
893 372 1255 442 proficrscenti
1286 371 1585 441 apostolico
1627 369 1836 436 Pelagio
1882 369 1948 422 ad
1989 368 2088 423 Ec-

509 463 731 516 clesium
785 463 960 517 sancti
1023 461 1186 527 Petri,
1256 461 1480 515 terribili
1535 474 1669 513 voce
1717 458 2084 513 conclamant:

512 554 632 620 lfia,
663 554 960 622 apostolire,
1005 553 1126 623 quid
1173 552 1367 622 egisti?
1397 551 1647 605 Sanctum
1677 548 1893 602 Petrum
1917 549 2085 617 offen—

509 644 630 695 disti
656 685 671 710 ,
704 642 922 696 Romam
969 641 1284 705 destruxisti,
1317 638 1616 710 Gregorium
1647 656 1750 692 non
1781 648 1884 693 tant
1929 640 2085 693 diuti-

510 735 623 786 sisti
640 731 1062 801 quamcxput'isti.
1092 730 1184 782 llis
1205 743 1334 796 ergo
1363 729 1583 784 vocibus
1613 728 1941 783 horribilitcr
1959 743 2085 798 per-

511 832 688 877 motus
750 820 985 890 pontifex
1031 819 1395 888 populumque
1443 817 1918 873 vehementissime
1971 833 2088 872 me-

509 924 682 977 tuens,
711 919 832 980 post
859 925 978 963 eum
1028 923 1232 962 summa
1258 924 1379 962 cum
1409 907 1770 973 festinatione,
1802 917 1854 964 et
1877 908 2084 976 obliga-

511 1003 669 1054 tionis
699 1009 757 1054 ut
796 1000 1116 1067 quantocius
1157 999 1384 1054 Romam
1432 999 1628 1054 rediret
1681 998 2083 1066 interdictione,

508 1092 723 1147 direxit.

573 1181 661 1236 20.
695 1181 804 1236 Sed
834 1189 1121 1250 antequam
1142 1179 1292 1234 missi
1321 1194 1445 1234 eum
1487 1177 1738 1243 adissent,
1783 1177 1944 1232 trium
1971 1175 2086 1232 dic-

506 1287 623 1326 rum
676 1271 786 1340 jam
825 1270 1070 1326 confecto
1111 1269 1326 1336 itinere,
1369 1268 1495 1323 dum
1543 1266 1684 1322 idem
1731 1267 1813 1321 vir
1858 1265 2084 1332 domini,

506 1362 816 1430 Gregorius,
849 1370 904 1414 ut
935 1361 1037 1415 iter
1062 1359 1342 1429 agentibus
1383 1358 1548 1414 moris
1576 1366 1679 1422 est,
1705 1357 1848 1411 circa
1874 1364 2085 1412 sextam

507 1457 695 1509 horam
725 1455 778 1507 in
803 1451 1039 1522 quodam
1067 1459 1222 1522 prato
1248 1450 1410 1504 sociis
1437 1448 1758 1519 quibusdam
1797 1447 2083 1516 quiescen-

2189 281 2465 336 barbarum
2513 286 2789 355 frendere,
2814 287 2928 356 jam
2976 287 3165 340 dudum
3216 287 3269 340 in
3315 289 3500 342 divinis
3530 289 3770 343 laudibus

2190 376 2415 448 Hebrum
2439 381 2589 448 coepit
2609 379 2758 432 verba
2804 395 3006 433 sonare.
3038 377 3174 432 Ecce
3216 380 3475 450 quondam
3502 382 3724 435 tumidus
3747 423 3764 448 ,

2182 465 2295 534 jam
2349 469 2638 519 substratus
2684 475 2979 520 sanctorum
3028 466 3240 535 pedibus
3287 469 3441 520 servit
3488 466 3767 531 Oceanus,

2188 556 2396 624 ejusque
2416 554 2665 610 barbaros
2687 565 2875 620 motus,
2909 572 3034 626 quos
3066 557 3252 610 terreni
3283 557 3541 626 principes
3562 557 3770 611 edoma-

2188 661 2245 697 re
2296 647 2430 711 ferro
2481 644 2831 714 nequiverant,
2879 645 2972 698 hos
3033 662 3124 714 per
3163 645 3394 698 divinam
3442 647 3774 718 formidinem

2189 733 2513 788 sacerdotum
2571 751 2662 788 ora
2714 735 3032 805 simplicibus
3092 736 3255 790 verbis
3325 739 3530 808 ligant;
3587 747 3637 792 et
3677 738 3773 807 qui

2187 831 2418 878 cateruas
2458 826 2800 895 pugnantium
2850 826 3078 895 inﬁdelis
3127 845 3450 898 nequaquam
3497 839 3770 893 metueret,

2179 912 2296 982 jam
2321 929 2456 968 nunc
2481 915 2652 985 ﬁdelis
2693 916 2956 970 humilium
3004 919 3210 988 linguas
3256 921 3418 973 timet.
3463 921 3596 984 Quia
3638 924 3772 976 enim

2187 1005 2437 1072 perceptis
2457 1005 2744 1058 caelestibus
2768 1006 2954 1074 verbis,
2979 1008 3374 1063 clarescentibus
3395 1028 3589 1082 quoque
3609 1014 3770 1066 mira-

2187 1095 2317 1148 culis
2344 1096 2506 1148 virtus
2534 1097 2580 1148 ei
2623 1096 2812 1150 divina:
2851 1098 3161 1167 cognitionis
3189 1100 3503 1169 infunditur,
3543 1102 3778 1172 ejusdem

2187 1182 2486 1238 Divinitatis
2526 1193 2718 1238 terrore
2757 1187 3068 1254 refrenatur,
3109 1195 3167 1240 ut
3193 1205 3348 1257 prave
3376 1205 3531 1259 agere
3557 1199 3778 1259 metuat,

2188 1289 2250 1327 ac
2289 1275 2409 1327 totis
2457 1274 2728 1328 desideriis
2754 1275 2825 1328 ad
2851 1277 3157 1330 terernitatis
3194 1280 3419 1348 gratiam
3448 1281 3620 1335 venire
3647 1299 3770 1337 con-

2186 1362 2438 1432 cupiscat.
2469 1362 2619 1429 Quod
2646 1370 2822 1418 totum
2847 1373 2907 1419 ut
2933 1364 3100 1431 fieret,
3136 1366 3209 1421 ita
3237 1367 3413 1423 eidem
3442 1369 3603 1426 beato
3631 1370 3766 1428 Gre-

2186 1455 2340 1522 gorio
2366 1455 2536 1522 gratia
2564 1454 2740 1509 divina
2764 1457 3053 1522 concessit,
3081 1465 3139 1511 ut
3161 1459 3357 1513 merito
3377 1460 3446 1514 ab
3475 1454 3777 1530 Anglorum

508 1547 648 1600 tibus
670 1584 685 1612 ,
718 1545 836 1598 aliis
865 1550 1042 1598 autem
1081 1541 1452 1597 assistentibus
1480 1539 1563 1594 vel
1593 1539 1894 1608 quibusque
1919 1538 2081 1592 rebus
2116 1561 2154 1617 Β
2185 1544 2395 1614 populis
2439 1545 2634 1602 debeat
2672 1547 2949 1616 apostolus
2993 1547 3291 1618 appeuari;
3332 1550 3460 1618 quia
3508 1552 3610 1607 ειεί
3650 1553 3769 1610 aliis

508 1632 823 1688 necessariis
857 1631 1136 1701 occupatis
1185 1630 1398 1685 sederet
1445 1637 1502 1684 et
1546 1628 1766 1697 legeret,
1819 1627 1967 1682 venit
2013 1626 2083 1682 ad

505 1739 627 1776 eum
659 1723 882 1790 locusta,
907 1732 963 1778 et
990 1723 1123 1776 dans
1145 1722 1336 1776 saltum
1370 1721 1576 1791 pagina:
1604 1735 1766 1788 quam
1796 1732 2086 1788 percurre-

507 1819 614 1884 bat,
660 1815 872 1870 insedit.
904 1813 1250 1884 Cernensque
1278 1829 1396 1868 eam
1427 1813 1616 1867 beatus
1655 1810 1946 1880 Gregorius
1975 1817 2084 1864 tam

505 1916 782 1963 inausuetc
829 1907 948 1960 loco
995 1920 1103 1974 quo
1151 1907 1426 1960 assederat
1475 1918 1830 1974 permanere,
1863 1902 2026 1972 cmpit
2057 1911 2083 1939 ⁸

504 2001 781 2054 collaztaus
817 1997 1089 2053 sodalibus
1119 1996 1285 2066 ipsius
1321 2011 1515 2051 nomen
1560 1994 1904 2063 reciprocans
1932 1993 2084 2063 quasi

505 2089 880 2158 interpretari:
914 2086 1161 2151 Locusta,
1196 2086 1434 2154 inquam,
1468 2083 1494 2122 δ
1525 2101 1584 2139 eo
1614 2085 1716 2137 dici
1741 2093 1928 2153 potest,
1958 2100 2085 2154 qua-

504 2185 548 2233 si
565 2182 672 2233 loco
698 2189 810 2242 sta;
842 2187 897 2233 et
918 2176 1482 2246 subjungens,sciatis,
1509 2175 1696 2243 inquit,
1717 2190 1819 2228 non
1841 2190 2084 2244 progres-

507 2275 610 2323 sius
640 2287 733 2323 nos
758 2273 854 2322 iter
897 2277 1118 2337 emptam
1157 2266 1312 2320 licere
1340 2265 1663 2336 protendere.
1717 2263 2084 2316 Verumtamen

505 2363 716 2431 surgite,
736 2369 783 2413 et
805 2360 1039 2429 jnmenta
1060 2358 1288 2421 sternite,
1312 2365 1627 2428 utquantum
1647 2356 1848 2409 licuerit
1868 2371 1966 2423 quo
1985 2361 2088 2407 ten-

504 2454 670 2504 «limus
697 2467 1043 2520 properemus.
1062 2449 1192 2502 Dum
1216 2457 1396 2502 autem
1425 2448 1550 2502 hinc
1575 2454 1761 2501 mutuo
1775 2445 2087 2500 confabula-

505 2551 709 2606 rentur,
734 2552 787 2595 et
816 2555 998 2595 secum
1016 2547 1316 2609 quierereut
1333 2579 1347 2604 ,
1367 2547 1727 2607 pervenerunt
1757 2537 1905 2592 missi
1926 2550 2085 2606 apos-

507 2634 816 2702 toliciequis
845 2632 1158 2688 sudantibus
1187 2638 1242 2686 et
1267 2629 1554 2686 admodum
1589 2629 1821 2699 fatigatis
1840 2669 1854 2693 ,
1888 2628 2086 2682 statim-

502 2739 605 2792 que
636 2723 710 2776 illi
731 2739 854 2777 cum
880 2736 1070 2789 magna
1094 2722 1373 2777 celeritate
1385 2721 1672 2790 epistolam
1698 2735 1859 2789 quam
1884 2718 2085 2774 detule-

504 2823 624 2868 rant
652 2823 1027 2884 porrexerunt,
1057 2829 1165 2884 qua
1193 2813 1453 2884 perlecta,
1484 2815 1560 2868 ita
1587 2823 1686 2880 est,
1715 2815 1907 2885 inquit,
1932 2814 2084 2880 socii,

504 2917 557 2958 ut
584 2907 952 2976 praedixeram,
985 2905 1210 2960 Romam
1225 2906 1440 2961 celerius
1469 2907 1833 2962 remeabimus.

569 2999 659 3051 ‘31.
711 2999 934 3066 'l'alique
978 2999 1166 3052 ordine
1194 2998 1406 3052 interim
1445 2998 1610 3052 dilato
1639 3014 1749 3052 sua:
1777 2998 2081 3054 devoti-onis

503 3092 716 3154 ellimtu,
750 3106 873 3142 mox
907 3098 963 3142 ut
991 3091 1104 3157 ipse
1144 3089 1485 3158 pontificatus
1525 3088 1702 3143 officio
1727 3088 1940 3143 functus
1976 3098 2082 3156 est,

503 3194 635 3245 opus
660 3177 748 3229 diu
773 3177 1129 3230 (lesideratum
1158 3175 1404 3246 perfecit,
1428 3176 1564 3232 alios
1587 3175 1802 3247 quidem
1834 3178 2084 3246 praedica-

503 3280 646 3322 tores
670 3268 904 3326 mittens.
935 3267 1028 3321 sed
1058 3269 1172 3337 ipse
1197 3267 1632 3338 pratdicationem
1651 3309 1667 3334 ,
1699 3277 1758 3324 ut
1789 3269 2080 3325 fructifica-

502 3369 581 3414 ret
607 3401 621 3423 ,
650 3360 760 3413 suis
791 3360 1259 3415 exhortationibus
1287 3376 1352 3415 ac
1378 3360 1622 3429 precibus
1648 3376 1744 3416 seu
1774 3362 2086 3417 muneribus

502 3452 744 3504 fulciens.
776 3450 1017 3518 Denique
1056 3450 1254 3505 direxit
1281 3449 1347 3504 ad
1378 3449 1622 3504 eamdem
1643 3450 1872 3504 insulam
1896 3465 2084 3505 servos

502 3543 592 3594 Dei
632 3552 651 3579 ο
684 3541 938 3594 Mellitum
965 3580 982 3605 ,
1013 3542 1364 3608 Augustinum
1395 3548 1450 3596 et
1479 3539 1762 3607 Joannem,
1795 3556 1918 3596 cum
1949 3542 2085 3595 mul-

503 3635 566 3684 tis
592 3632 712 3685 aliis
745 3631 907 3684 Deum
952 3631 1261 3686 timentibus
1290 3631 1601 3697 monachis;
1631 3632 1722 3700 qui
1753 3632 1892 3686 intra
1923 3632 2087 3686 breve-

504 3722 762 3790 temporis
790 3723 1044 3791 spatium,
1075 3721 1102 3759 ιι
1133 3736 1314 3789 regem
1345 3722 1492 3776 illum
1521 3723 1609 3791 qui
1641 3723 1693 3776 in
1727 3723 1902 3792 capite
1941 3725 2086 3777 insu-

505 3815 567 3867 la:
599 3815 913 3869 morabatur
939 3830 1060 3869 cum
1091 3831 1188 3870 suo
1217 3815 1418 3884 populo
1447 3822 1850 3868 converterunt.
1882 3815 2086 3880 Quibus

501 3907 755 3961 Dominus
789 3914 992 3960 tantam
1034 3905 1400 3961 faciendorum
1446 3905 1825 3959 miraculorum
1854 3903 2083 3971 gratiam

501 3999 746 4063 contulit,
787 4007 846 4050 ut
891 3997 1109 4051 verbum
1158 3995 1279 4050 fidei
1308 3993 1453 4064 quod
1484 4009 1579 4048 ore
1609 3993 1992 4063 prasdicabaut,
2012 3993 2086 4048 si-

502 4101 727 4151 gnorum
772 4086 1011 4140 efficacia
1041 4083 1443 4141 confirmarent.
1496 4083 1645 4138 Unde
1673 4083 1870 4138 factum
1917 4090 2000 4137 est
2027 4089 2084 4136 ut

500 4178 683 4243 paucis
712 4176 1048 4230 elabentibus
1091 4173 1265 4235 annis,
1306 4173 1470 4228 etiam
1500 4181 1523 4208 ο
1552 4171 1734 4228 caeteri
1773 4170 1958 4224 insula:
2002 4169 2083 4239 ip-

2186 1650 2296 1690 non
2322 1645 2408 1691 est
2426 1637 2721 1706 apostolus,
2751 1637 2847 1692 sed
2871 1645 3052 1693 tamen
3079 1638 3182 1694 illis
3204 1648 3286 1695 est
3315 1655 3336 1704 ;
3360 1654 3488 1695 nam
3519 1643 3777 1712 signacu-

2186 1725 2295 1780 lum
2317 1727 2650 1798 apostolatus
2667 1726 2782 1796 ejus
2804 1727 2904 1797 ipsi
2924 1737 3049 1782 sunt
3064 1728 3117 1782 in
3135 1729 3362 1785 Domino
3379 1729 3434 1801 (1
3447 1730 3569 1786 Cor.
3586 1749 3659 1799 ix,
3687 1731 3777 1790 2‘.

2255 1819 2346 1873 2‘2.
2374 1819 2493 1874 Jam
2515 1834 2646 1874 vero
2668 1829 2845 1874 utrum
2883 1820 3148 1889 aliquibus
3174 1822 3255 1876 vir
3295 1823 3397 1878 iste
3427 1825 3560 1878 tanti
3593 1825 3779 1881 meriti

2186 1911 2460 1966 miraculis
2487 1910 2740 1966 claruerit
2771 1951 2788 1979 ,
2817 1912 3088 1981 superfluo
3115 1913 3374 1982 quaeritur
3394 1955 3411 1980 ,
3452 1915 3597 1985 quod
3649 1916 3779 1974 luce

2187 2002 2384 2057 clarius
2403 2009 2617 2057 constat
2643 2001 2787 2071 quod
2813 2002 2860 2057 is
2880 2002 2975 2071 qui
3003 2003 3260 2058 virtutum
3289 2005 3440 2074 signa
3469 2005 3578 2061 suis
3606 2007 3779 2062 nteri-

2189 2092 2258 2148 tis
2279 2093 2467 2156 valuit,
2499 2093 2622 2148 aliis
2645 2107 2862 2162 quoque
2903 2092 3119 2148 Christo
3163 2095 3424 2163 largiente
3465 2098 3778 2166 acquirere,

2187 2182 2236 2236 si
2273 2183 2542 2251 exegisset
2569 2182 2969 2252 opportunitas,
3000 2183 3206 2239 facilius
3231 2195 3444 2254 poterat
3470 2185 3582 2241 haec
3602 2187 3778 2242 etiam

2186 2273 2301 2342 ipse
2337 2275 2652 2342 promereri.
2683 2273 2787 2329 Sed
2819 2290 2886 2329 ne
2911 2274 2994 2330 his
3020 2275 3111 2345 qui
3140 2291 3264 2330 cum
3292 2276 3487 2332 Judreis
3513 2279 3661 2347 signa
3688 2280 3770 2334 vi.

2186 2365 2360 2420 sibilia
2389 2365 2456 2418 ad
2480 2362 2866 2420 ostendendam
2912 2366 3252 2422 sanctitatem
3299 2375 3580 2437 expetunt,
3609 2368 3779 2426 satis-

2183 2456 2346 2511 factio
2374 2455 2545 2520 desit,
2571 2463 2626 2510 et
2653 2455 2763 2509 illis
2791 2455 2883 2524 qui
2907 2463 3218 2510 sanctorum
3245 2458 3510 2527 exemplis
3538 2458 3604 2512 ad
3646 2473 3769 2514 me—
3809 2487 3811 2489 -

2186 2545 2320 2600 liora
2350 2544 2568 2600 accendi
2609 2551 2665 2599 et
2709 2545 2934 2614 provehi
2963 2554 3212 2614 quatrunt
3248 2546 3531 2602 :cdiffcatio
3560 2547 3772 2616 prosit,

2185 2637 2432 2707 quaedam
2467 2645 2686 2692 autumo
2727 2635 3007 2692 referenda
3033 2679 3050 2706 ,
3084 2651 3204 2706 qua:
3233 2653 3331 2707 per
3357 2652 3481 2693 eum
3511 2636 3772 2694 Dominus

2186 2729 2253 2783 ad
2283 2726 2630 2784 excitandum
2672 2739 2729 2783 et
2751 2727 3210 2783 corroborandum
3241 2735 3438 2782 nostra:
3463 2728 3660 2782 mentis
3689 2735 3775 2783 te-

2186 2833 2394 2888 porem,
2426 2827 2480 2873 et
2503 2818 2586 2888 (ut
2636 2817 2715 2873 sic
2741 2817 2942 2873 dictum
2986 2816 3077 2886 sit)
3106 2815 3247 2872 forte
3273 2816 3643 2872 infidelitatem
3671 2831 3782 2887 po-

2109 2923 2155 2987 C
2188 2909 2294 2963 tius
2323 2922 2484 2977 quam
2516 2906 2894 2976 ignorantiam,
2923 2905 3039 2962 fieri
3061 2914 3118 2961 et
3145 2904 3472 2962 manifestari
3511 2905 3780 2962 decrevit.

2255 2997 2343 3052 2'5.
2369 2997 2538 3050 Mater
2558 2996 2786 3051 familias
2814 2998 3060 3065 quaedam
3086 2997 3282 3051 nobilis
3296 3004 3414 3051 erat
3431 2996 3483 3050 in
3512 2995 3616 3051 hac
3637 2995 3780 3052 civi-

2186 3094 2298 3140 tate
2332 3085 2572 3138 Romana
2608 3124 2624 3149 ,
2666 3098 2786 3152 qua:
2827 3083 3103 3150 religionis
3150 3092 3207 3138 et
3247 3083 3552 3138 devotionis
3589 3083 3788 3140 studio

2189 3178 2208 3216 ί
2236 3178 2534 3231 oblationes
2557 3175 2757 3242 facere,
2788 3185 2842 3230 et
2871 3174 2957 3230 die
2987 3175 3262 3231 Dominica
3278 3175 3344 3230 ad
3370 3176 3652 3231 ecclesiam
3674 3177 3778 3231 de-

2182 3265 2348 3332 ferre,
2374 3281 2693 3334 summoque
2728 3264 2971 3337 pontifici
3002 3266 3380 3322 ecclesiastica:
3419 3266 3778 3322 consuetudi-

2183 3361 2266 3414 nis
2302 3366 2358 3413 et
2388 3357 2765 3414 familiaritatis
2806 3356 3050 3427 ejusdem
3095 3358 3264 3426 gratia
3295 3356 3492 3413 offerre
3537 3357 3773 3416 solebat.

2183 3449 2312 3516 Qua:
2340 3465 2460 3503 cum
2487 3448 2720 3517 quadam
2756 3448 2846 3504 die
2883 3463 2952 3502 ex
2977 3463 3128 3503 more
3165 3447 3233 3501 ad
3262 3448 3780 3504 communicandum-

2183 3541 2254 3596 de
2300 3556 2462 3594 manu
2513 3540 2796 3608 apostolici
2826 3539 3016 3595 ordine
3065 3555 3165 3594 suo
3208 3539 3525 3606 accederet,
3583 3541 3781 3609 illique

2165 3630 2422 3702 pontifex
2444 3631 2603 3685 offam
2629 3629 2888 3686 Dominici
2910 3630 3156 3700 corporis
3177 3631 3526 3700 porrexisset,
3545 3631 3731 3686 dicens
3751 3649 3772 3686 :

2188 3735 2212 3770 ὅ
2244 3722 2441 3792 Corpus
2471 3721 2684 3775 Domini
2710 3722 2874 3776 nostri
2900 3721 3024 3776 Jesu
3052 3721 3243 3775 Christi
3280 3723 3443 3791 prosit
3472 3719 3566 3774 tibi
3589 3723 3642 3775 in
3683 3737 3772 3774 re-

2185 3813 2480 3867 missionem
2527 3813 2752 3865 omnium
2802 3820 3157 3882 peccatorum,
3203 3820 3253 3865 et
3298 3813 3455 3865 vitam
3491 3820 3766 3877 internum,

2183 3902 2426 3958 subrisit.
2448 3901 2603 3967 Quod
2622 3901 2704 3956 vir
2716 3901 2928 3955 Domini
2955 3915 3201 3966 cernens,
3231 3900 3306 3955 illi
3331 3899 3767 3956 communionem

2184 4009 2396 4048 sacram
2445 3992 2700 4057 retraxit,
2733 4000 2787 4047 et
2811 3991 3100 4062 separatim
3147 4007 3310 4061 super
3351 3992 3520 4048 altare
3562 3992 3770 4062 posuit,

2184 4097 2412 4151 eamque
2440 4082 2670 4138 diacono
2696 4083 3011 4138 servandam
3042 4082 3343 4152 usquedum
3370 4083 3548 4139 cuncti
3580 4083 3768 4141 fideles

2183 4173 2647 4229 communicarent
2689 4174 2923 4229 tradidit.
2956 4173 3186 4244 Espleto
3215 4189 3344 4229 vero
3373 4188 3527 4229 sacro
3561 4184 3768 4245 myste-

500 4268 610 4321 sius
639 4280 810 4333 reges,
842 4281 960 4319 cum
991 4266 1073 4318 his
1101 4265 1194 4332 qui
1219 4265 1297 4319 eis
1326 4271 1482 4318 erant
1508 4263 1760 4331 subjecti,
1787 4261 1855 4316 ad
1879 4262 2079 4317 Christi
2111 4276 2159 4334 υ
2182 4266 2282 4330 rio,
2318 4265 2668 4335 interrogavit
2690 4280 2809 4320 eam
2837 4266 3030 4320 beatus
3053 4263 3359 4334 Gregorius,
3391 4266 3576 4321 dicens
3600 4283 3613 4318 :
3645 4264 3765 4335 Dic,

501 4357 711 4411 Domini
757 4357 913 4409 fidem
955 4355 1294 4410 accederent.
1343 4354 1420 4408 De
1457 4354 1606 4421 cujus
1646 4355 1819 4422 gentis
1863 4370 2083 4408 conver-

499 4447 654 4501 sione
697 4445 855 4498 simul
895 4453 950 4499 et
993 4444 1376 4498 miraculorum
1421 4444 1696 4513 prodigiis,
1723 4459 1842 4512 quas
1885 4444 2081 4499 ibidem

503 4538 720 4602 fiebant,
753 4537 822 4590 ita
854 4537 1042 4591 beatus
1070 4535 1359 4604 Gregorius
1398 4535 1451 4588 in
1485 4535 1630 4589 libris
1660 4534 1950 4598 Moralibus
1985 4537 2084 4605 ιο

500 4627 748 4696 perhibet
776 4625 914 4698 (Lib.
940 4641 1107 4692 xxm,
1130 4626 1272 4679 olim.
1297 4640 1344 4678 c.
1372 4622 1405 4678 6
1426 4664 1441 4689 ,
1472 4641 1607 4678 nunc
1637 4640 1689 4677 n.
1713 4622 1825 4691 2|),
1857 4623 2040 4678 dicens
2065 4642 2078 4677 :

577 4769 602 4795 ιι
652 4759 724 4812 lta
775 4757 1018 4811 Bulland.
1066 4774 1187 4812 cum
1232 4757 1442 4812 Bclvac.
1468 4767 1521 4810 et
1557 4756 1766 4812 Gcmet.
1799 4757 2073 4814 Mabillou.

502 4829 632 4895 legit
658 4829 956 4883 collectam.
981 4827 1240 4883 Neutrum
1270 4827 1432 4882 habet
1456 4825 1775 4882 Gussauvill.

576 4899 603 4937 υ
635 4899 794 4950 Boil”
827 4899 955 4950 Iuec.

655 4903 794 4959 toll.,
827 4903 955 4952 lucc.

567 4979 599 5034 ,ε
633 4967 782 5021 Prior
829 4967 1092 5035 nominari
1121 4966 1304 5020 debuit
1348 4966 1689 5035 Augustinus.
1737 4967 1965 5020 Mellitus
1993 4981 2078 5020 se-

504 5039 680 5092 cundo
725 5039 846 5092 loco
886 5034 984 5089 fuit
1024 5037 1218 5091 missus
1258 5037 1308 5090 in
1359 5034 1652 5091 subsidium
1697 5036 1973 5104 Augustini
2021 5044 2079 5088 et

504 5111 793 5161 sociorum.
834 5107 905 5158 De
954 5105 1164 5159 Joanne
1191 5122 1323 5160 vero
1381 5107 1510 5161 nihil
1552 5107 1745 5173 legitur
1803 5115 1894 5158 aut
1940 5104 2080 5172 apud

499 5173 698 5246 Joann.
729 5175 877 5246 Diae.
909 5177 1164 5246 authapud
1199 5176 1414 5229 Bedam.

575 5243 599 5281 δ
631 5245 966 5307 Cantiorum,
994 5243 1360 5300 Ethelbertum
1393 5246 1631 5299 nomine.

579 5325 601 5350 ο
643 5317 716 5368 Ita
746 5313 874 5368 Mss.
910 5314 976 5366 At
1006 5315 1340 5368 Mombritius
1373 5315 1565 5385 (quem
1595 5312 1834 5385 sequitur
1855 5313 2017 5385 _Guss.
2041 5312 2083 5385 ),

505 5393 708 5440 (tuter-te
730 5385 886 5437 etiam
915 5385 1117 5449 insulto,
1151 5394 1199 5436 et
1229 5383 1457 5453 ipsarum
1486 5400 1648 5453 reges.
1683 5383 1826 5435 Inter
1855 5383 1957 5453 hos
1980 5383 2088 5450 pri-

502 5470 621 5508 mus
651 5454 747 5507 fuit
768 5465 985 5508 sanctus
1011 5452 1264 5507 Edwinus
1288 5455 1765 5508 Northumbmrum
1796 5467 1912 5515 rex,
1931 5452 2088 5504 ducta

505 5524 560 5581 in
588 5538 808 5579 uxorem
843 5535 1024 5579 sancta
1073 5524 1414 5594 Ethelburga,
1456 5523 1747 5578 Ethelberti
1794 5524 1929 5591 regis
1965 5523 2067 5575 tilia

2186 4371 2328 4425 rogo,
2361 4353 2483 4424 quid
2512 4355 2655 4408 cordi
2686 4365 2774 4408 tuo
2790 4357 3068 4420 emerserit,
3102 4371 3216 4408 cum
3243 4355 3680 4409 communicatum
3699 4356 3763 4409 νίν

2184 4428 2336 4498 sisti?
2356 4442 2423 4494 At
2439 4441 2560 4495 illa:
2587 4442 2898 4512 Recognovi,
2920 4442 3110 4511 inquit,
3128 4445 3507 4512 portiunculam
3535 4444 3675 4496 illam
3697 4457 3764 4496 ex

2185 4533 2362 4585 eadem
2395 4530 2654 4585 oblatione
2679 4531 2838 4600 fuisse
2860 4547 3012 4602 quam
3039 4547 3129 4601 ego
3157 4532 3392 4586 amnibus
3421 4532 3546 4586 meis
3574 4535 3694 4602 feci,
3716 4539 3761 4586 et

2188 4623 2281 4677 tibi
2310 4623 2471 4678 obtuli
2498 4639 2512 4688 ;
2543 4631 2592 4676 et
2618 4639 2869 4677 eameam
2895 4632 2942 4675 te
2970 4623 3308 4677 intellexerim
3337 4641 3521 4680 cornus
3551 4624 3763 4679 Domini

2258 4756 2278 4795 ί
2323 4758 2457 4814 Nota
2488 4773 2552 4814 ex
2584 4757 2751 4810 veteri
2778 4771 2930 4811 more
2957 4757 3144 4825 laicos,
3180 4757 3340 4812 etiam
3371 4757 3640 4820 mulieres,
3675 4755 3762 4811 of-

2183 4826 2323 4882 ferre
2344 4829 2532 4896 solitos
2553 4840 2744 4894 panem
2763 4828 2899 4896 limo
2921 4834 2975 4880 et
2993 4826 3196 4896 viuum)
3219 4828 3284 4880 ad
3308 4829 3762 4882 communionem.

2185 4897 2319 4967 Hinc
2340 4895 2660 4967 Qypriauus,
2684 4896 2718 4948 1.
2747 4894 2814 4967 de
2839 4911 2992 4967 oper.
3011 4904 3067 4950 et
3087 4894 3459 4966 eleemosynis,
3474 4896 3764 4967 exprobrat

2183 4965 2331 5020 diviti
2362 4963 2592 5036 feminas,
2623 4963 2766 5032 quod
2795 4965 2850 5036 in
2880 4963 3204 5019 Dominicum
3230 4963 3340 5019 sine
3369 4963 3627 5036 sacri/icio
3667 4981 3762 5022 ve-

2185 5036 2344 5100 niret,
2375 5033 2517 5104 quod
2543 5043 2740 5104 partem
2768 5034 2832 5088 de
2855 5035 3112 5104 sacriﬁcio
3133 5037 3268 5104 quod
3291 5053 3487 5104 pauper
3512 5033 3765 5090 obtulerat

2183 5114 2440 5175 sumeret.
2483 5101 2625 5172 Lege
2663 5101 2825 5173 Greg.
2869 5101 3098 5171 Turon.,
3144 5101 3180 5158 1.
3221 5101 3474 5161 ἀρ’ϐιὸτ.
3504 5106 3764 5175 confcss.,

2183 5190 2232 5227 c.
2265 5172 2351 5225 65.

2258 5253 2282 5288 ε
2320 5241 2477 5296 Joan.
2509 5243 2679 5301 Diae,
2723 5243 2813 5296 lib.
2847 5260 2900 5307 ιι,
2930 5259 2977 5299 c.
3006 5243 3092 5309 41,
3125 5245 3227 5298 alia
3256 5247 3417 5300 verba
3445 5244 3628 5310 refert,
3657 5246 3765 5300 sci-.-

2185 5313 2347 5372 licet,
2396 5311 2592 5381 Corpus
2637 5312 2847 5366 Domini
2891 5316 3052 5367 nostri
3101 5315 3225 5369 Jesu
3271 5314 3461 5370 Clu-isti
3503 5327 3762 5370 conservet

2188 5383 2416 5433 animam
2467 5391 2642 5440 tuum,
2691 5398 2808 5448 qua:
2857 5385 3023 5450 magis
3066 5386 3327 5440 accedunt
3355 5387 3420 5440 ad
3449 5387 3759 5440 hodiernam

2191 5453 2469 5506 formulam
2497 5451 2682 5506 dandzc
2708 5454 3112 5510 communionis.
