  <div class='ocr_page' id='page_1' title='image "/cluster/home/n/w/nwhite01/storage/ocr_20150623/75/uva.x000827087/034.png"; bbox 0 0 4018 6336; ppageno 0'>
   <div class='ocr_carea' id='block_1_1' title="bbox 197 229 3454 300">
    <p class='ocr_par' dir='ltr' id='par_1_1' title="bbox 197 229 3454 300">
     <span class='ocr_line' id='line_1_1' title="bbox 197 229 3454 300; baseline 0.005 -17"><span class='ocrx_word' id='word_1_1' title='bbox 197 243 260 298; x_wconf 76' lang='lat'><strong>53</strong></span> <span class='ocrx_word' id='word_1_2' title='bbox 889 231 945 285; x_wconf 88' lang='lat' dir='ltr'><strong>S.</strong></span> <span class='ocrx_word' id='word_1_3' title='bbox 991 229 1314 285; x_wconf 71' lang='lat' dir='ltr'><strong>GllECURlI</strong></span> <span class='ocrx_word' id='word_1_4' title='bbox 1355 229 1569 288; x_wconf 68' lang='lat' dir='ltr'><strong>MAGNI</strong></span> <span class='ocrx_word' id='word_1_5' title='bbox 1614 233 1786 300; x_wconf 61' lang='grc' dir='ltr'><strong>ΥΙΤΑζ</strong></span> <span class='ocrx_word' id='word_1_6' title='bbox 1827 233 2148 289; x_wconf 71' lang='lat' dir='ltr'><strong>AUCTORE</strong></span> <span class='ocrx_word' id='word_1_7' title='bbox 2188 235 2416 292; x_wconf 61' lang='lat' dir='ltr'><strong>PACLO</strong></span> <span class='ocrx_word' id='word_1_8' title='bbox 2455 235 2766 293; x_wconf 74' lang='lat' dir='ltr'><strong>DIACONO.</strong></span> <span class='ocrx_word' id='word_1_9' title='bbox 3386 246 3454 298; x_wconf 64' lang='grc' dir='ltr'><strong>Γίῶ</strong></span> 
     </span>
    </p>
   </div>
   <div class='ocr_carea' id='block_1_2' title="bbox 196 337 3454 420">
    <p class='ocr_par' dir='ltr' id='par_1_2' title="bbox 196 337 3454 420">
     <span class='ocr_line' id='line_1_2' title="bbox 196 337 3454 420; baseline -0.002 -20"><span class='ocrx_word' id='word_1_10' title='bbox 196 345 493 420; x_wconf 55' lang='lat' dir='ltr'><strong>appellasse,</strong></span> <span class='ocrx_word' id='word_1_11' title='bbox 524 339 727 393; x_wconf 78' lang='lat' dir='ltr'><strong>subi-isi.</strong></span> <span class='ocrx_word' id='word_1_12' title='bbox 746 337 895 392; x_wconf 88' lang='lat' dir='ltr'><strong>Tunc</strong></span> <span class='ocrx_word' id='word_1_13' title='bbox 918 347 1137 394; x_wconf 88' lang='lat' dir='ltr'><strong>sanctus</strong></span> <span class='ocrx_word' id='word_1_14' title='bbox 1154 339 1359 394; x_wconf 84' lang='lat' dir='ltr'><strong>Domini</strong></span> <span class='ocrx_word' id='word_1_15' title='bbox 1378 339 1616 410; x_wconf 76' lang='lat' dir='ltr'><strong>pontifex</strong></span> <span class='ocrx_word' id='word_1_16' title='bbox 1645 356 1760 396; x_wconf 84' lang='lat' dir='ltr'><strong>scr-</strong></span> <span class='ocrx_word' id='word_1_17' title='bbox 1791 345 1836 403; x_wconf 80' lang='grc' dir='ltr'><strong>Α</strong></span> <span class='ocrx_word' id='word_1_18' title='bbox 1864 349 1944 399; x_wconf 88' lang='lat' dir='ltr'><strong>tes</strong></span> <span class='ocrx_word' id='word_1_19' title='bbox 1973 359 2188 416; x_wconf 81' lang='lat' dir='ltr'><strong>semper</strong></span> <span class='ocrx_word' id='word_1_20' title='bbox 2217 347 2438 414; x_wconf 84' lang='lat' dir='ltr'><strong>habens,</strong></span> <span class='ocrx_word' id='word_1_21' title='bbox 2467 363 2588 404; x_wconf 92' lang='lat' dir='ltr'><strong>cum</strong></span> <span class='ocrx_word' id='word_1_22' title='bbox 2619 349 2966 417; x_wconf 70' lang='lat' dir='ltr'><strong>explicuisset</strong></span> <span class='ocrx_word' id='word_1_23' title='bbox 2993 365 3180 404; x_wconf 82' lang='lat' dir='ltr'><strong>eorum</strong></span> <span class='ocrx_word' id='word_1_24' title='bbox 3209 351 3454 407; x_wconf 59' lang='lat' dir='ltr'><strong>celebra-</strong></span> 
     </span>
    </p>
   </div>
   <div class='ocr_carea' id='block_1_3' title="bbox 194 429 3450 512">
    <p class='ocr_par' dir='ltr' id='par_1_3' title="bbox 194 429 3450 512">
     <span class='ocr_line' id='line_1_3' title="bbox 194 429 3450 512; baseline 0.001 -17"><span class='ocrx_word' id='word_1_25' title='bbox 194 450 394 496; x_wconf 76' lang='lat' dir='ltr'><strong>nionem</strong></span> <span class='ocrx_word' id='word_1_26' title='bbox 428 431 622 486; x_wconf 80' lang='lat' dir='ltr'><strong>exinde</strong></span> <span class='ocrx_word' id='word_1_27' title='bbox 649 429 854 484; x_wconf 80' lang='lat' dir='ltr'><strong>fecitad</strong></span> <span class='ocrx_word' id='word_1_28' title='bbox 883 431 1163 498; x_wconf 85' lang='lat' dir='ltr'><strong>populum,</strong></span> <span class='ocrx_word' id='word_1_29' title='bbox 1189 439 1243 483; x_wconf 92' lang='lat' dir='ltr'><strong>et</strong></span> <span class='ocrx_word' id='word_1_30' title='bbox 1263 431 1511 485; x_wconf 89' lang='lat' dir='ltr'><strong>hortatus</strong></span> <span class='ocrx_word' id='word_1_31' title='bbox 1532 439 1614 486; x_wconf 88' lang='lat' dir='ltr'><strong>est</strong></span> <span class='ocrx_word' id='word_1_32' title='bbox 1641 445 1766 486; x_wconf 86' lang='lat' dir='ltr'><strong>eum</strong></span> <span class='ocrx_word' id='word_1_33' title='bbox 1871 438 2083 504; x_wconf 91' lang='lat' dir='ltr'><strong>tiones,</strong></span> <span class='ocrx_word' id='word_1_34' title='bbox 2138 452 2368 506; x_wconf 90' lang='lat' dir='ltr'><strong>quorum</strong></span> <span class='ocrx_word' id='word_1_35' title='bbox 2414 441 2652 508; x_wconf 86' lang='lat' dir='ltr'><strong>reliquiae</strong></span> <span class='ocrx_word' id='word_1_36' title='bbox 2697 442 3036 512; x_wconf 86' lang='lat' dir='ltr'><strong>petebantur,</strong></span> <span class='ocrx_word' id='word_1_37' title='bbox 3088 444 3450 512; x_wconf 81' lang='lat' dir='ltr'><strong>particulatim</strong></span> 
     </span>
    </p>
   </div>
   <div class='ocr_carea' id='block_1_4' title="bbox 199 517 3448 601">
    <p class='ocr_par' dir='ltr' id='par_1_4' title="bbox 199 517 3448 601">
     <span class='ocr_line' id='line_1_4' title="bbox 199 517 3448 601; baseline 0.004 -27"><span class='ocrx_word' id='word_1_38' title='bbox 199 537 250 585; x_wconf 56' lang='lat' dir='ltr'><strong>at</strong></span> <span class='ocrx_word' id='word_1_39' title='bbox 279 521 580 594; x_wconf 87' lang='lat' dir='ltr'><strong>suppliciter</strong></span> <span class='ocrx_word' id='word_1_40' title='bbox 606 517 890 572; x_wconf 84' lang='lat' dir='ltr'><strong>Dominum</strong></span> <span class='ocrx_word' id='word_1_41' title='bbox 919 530 1191 584; x_wconf 87' lang='lat' dir='ltr'><strong>exoraret,</strong></span> <span class='ocrx_word' id='word_1_42' title='bbox 1233 528 1501 588; x_wconf 84' lang='lat' dir='ltr'><strong>quatenus</strong></span> <span class='ocrx_word' id='word_1_43' title='bbox 1530 520 1597 575; x_wconf 83' lang='lat' dir='ltr'><strong>ad</strong></span> <span class='ocrx_word' id='word_1_44' title='bbox 1629 523 1768 576; x_wconf 88' lang='lat' dir='ltr'><strong>mul-</strong></span> <span class='ocrx_word' id='word_1_45' title='bbox 1869 526 2088 581; x_wconf 88' lang='lat' dir='ltr'><strong>eosdem</strong></span> <span class='ocrx_word' id='word_1_46' title='bbox 2115 542 2320 596; x_wconf 86' lang='lat' dir='ltr'><strong>pannos</strong></span> <span class='ocrx_word' id='word_1_47' title='bbox 2345 540 2705 594; x_wconf 80' lang='lat' dir='ltr'><strong>consecratos,</strong></span> <span class='ocrx_word' id='word_1_48' title='bbox 2733 547 2896 601; x_wconf 88' lang='lat' dir='ltr'><strong>super</strong></span> <span class='ocrx_word' id='word_1_49' title='bbox 2916 533 3112 600; x_wconf 91' lang='lat' dir='ltr'><strong>quibus</strong></span> <span class='ocrx_word' id='word_1_50' title='bbox 3136 543 3326 588; x_wconf 85' lang='lat' dir='ltr'><strong>sancta</strong></span> <span class='ocrx_word' id='word_1_51' title='bbox 3355 549 3448 588; x_wconf 87' lang='lat' dir='ltr'><strong>ce-</strong></span> 
     </span>
    </p>
   </div>
   <div class='ocr_carea' id='block_1_5' title="bbox 201 606 3452 693">
    <p class='ocr_par' dir='ltr' id='par_1_5' title="bbox 201 606 3452 693">
     <span class='ocr_line' id='line_1_5' title="bbox 201 606 3452 693; baseline -0.002 -25"><span class='ocrx_word' id='word_1_52' title='bbox 201 625 368 668; x_wconf 84' lang='lat' dir='ltr'><strong>lnrtttn</strong></span> <span class='ocrx_word' id='word_1_53' title='bbox 391 608 540 662; x_wconf 79' lang='lat' dir='ltr'><strong>ﬁdem</strong></span> <span class='ocrx_word' id='word_1_54' title='bbox 563 606 1241 674; x_wconf 86' lang='lat' dir='ltr'><strong>corroborandam,cnrnis</strong></span> <span class='ocrx_word' id='word_1_55' title='bbox 1261 609 1432 664; x_wconf 91' lang='lat' dir='ltr'><strong>oculis</strong></span> <span class='ocrx_word' id='word_1_56' title='bbox 1459 610 1770 665; x_wconf 82' lang='lat' dir='ltr'><strong>ostenderet</strong></span> <span class='ocrx_word' id='word_1_57' title='bbox 1869 621 2206 686; x_wconf 64' lang='grc' dir='ltr'><strong>ιριῃοίινρωι,</strong></span> <span class='ocrx_word' id='word_1_58' title='bbox 2257 621 2456 686; x_wconf 60' lang='lat' dir='ltr'><strong>divisit,</strong></span> <span class='ocrx_word' id='word_1_59' title='bbox 2502 630 2557 675; x_wconf 74' lang='grc' dir='ltr'><strong>ει</strong></span> <span class='ocrx_word' id='word_1_60' title='bbox 2601 622 2822 690; x_wconf 67' lang='lat' dir='ltr'><strong>singulis</strong></span> <span class='ocrx_word' id='word_1_61' title='bbox 2867 624 3174 693; x_wconf 62' lang='grc' dir='ltr'><strong>είηείιιειίεη</strong></span> <span class='ocrx_word' id='word_1_62' title='bbox 3218 625 3244 662; x_wconf 74' lang='grc' dir='ltr'><strong>ιι</strong></span> <span class='ocrx_word' id='word_1_63' title='bbox 3295 625 3452 680; x_wconf 59' lang='lat' dir='ltr'><strong>[nuis</strong></span> 
     </span>
    </p>
   </div>
   <div class='ocr_carea' id='block_1_6' title="bbox 195 697 3452 780">
    <p class='ocr_par' dir='ltr' id='par_1_6' title="bbox 195 697 3452 780">
     <span class='ocr_line' id='line_1_6' title="bbox 195 697 3452 780; baseline -0.001 -20"><span class='ocrx_word' id='word_1_64' title='bbox 195 707 315 775; x_wconf 80' lang='lat' dir='ltr'><strong>quid</strong></span> <span class='ocrx_word' id='word_1_65' title='bbox 344 700 620 756; x_wconf 82' lang='lat' dir='ltr'><strong>inﬁdelitas</strong></span> <span class='ocrx_word' id='word_1_66' title='bbox 651 697 809 766; x_wconf 88' lang='lat' dir='ltr'><strong>hujus</strong></span> <span class='ocrx_word' id='word_1_67' title='bbox 854 699 1096 753; x_wconf 85' lang='lat' dir='ltr'><strong>mulieris</strong></span> <span class='ocrx_word' id='word_1_68' title='bbox 1128 700 1326 754; x_wconf 88' lang='lat' dir='ltr'><strong>mentis</strong></span> <span class='ocrx_word' id='word_1_69' title='bbox 1353 699 1523 754; x_wconf 87' lang='lat' dir='ltr'><strong>oculis</strong></span> <span class='ocrx_word' id='word_1_70' title='bbox 1552 709 1606 756; x_wconf 91' lang='lat' dir='ltr'><strong>et</strong></span> <span class='ocrx_word' id='word_1_71' title='bbox 1648 701 1769 756; x_wconf 87' lang='lat' dir='ltr'><strong>lidei</strong></span> <span class='ocrx_word' id='word_1_72' title='bbox 1871 709 2126 778; x_wconf 84' lang='lat' dir='ltr'><strong>imposuit</strong></span> <span class='ocrx_word' id='word_1_73' title='bbox 2151 726 2164 773; x_wconf 87' lang='lat'><strong>;</strong></span> <span class='ocrx_word' id='word_1_74' title='bbox 2205 711 2532 780; x_wconf 83' lang='lat' dir='ltr'><strong>monitisque</strong></span> <span class='ocrx_word' id='word_1_75' title='bbox 2555 711 2631 765; x_wconf 69' lang='lat' dir='ltr'><strong>eis</strong></span> <span class='ocrx_word' id='word_1_76' title='bbox 2661 713 2834 779; x_wconf 82' lang='lat' dir='ltr'><strong>sigillo</strong></span> <span class='ocrx_word' id='word_1_77' title='bbox 2862 728 2970 766; x_wconf 80' lang='lat' dir='ltr'><strong>suae</strong></span> <span class='ocrx_word' id='word_1_78' title='bbox 2996 722 3195 768; x_wconf 61' lang='lat' dir='ltr'><strong>sancta;</strong></span> <span class='ocrx_word' id='word_1_79' title='bbox 3217 716 3452 769; x_wconf 68' lang='lat' dir='ltr'><strong>auctori-</strong></span> 
     </span>
    </p>
   </div>
   <div class='ocr_carea' id='block_1_7' title="bbox 193 789 3450 868">
    <p class='ocr_par' dir='ltr' id='par_1_7' title="bbox 193 789 3450 868">
     <span class='ocr_line' id='line_1_7' title="bbox 193 789 3450 868; baseline 0.002 -19"><span class='ocrx_word' id='word_1_80' title='bbox 193 791 462 849; x_wconf 85' lang='lat' dir='ltr'><strong>luminibus</strong></span> <span class='ocrx_word' id='word_1_81' title='bbox 494 793 590 860; x_wconf 74' lang='grc' dir='ltr'><strong>ιι</strong></span> <span class='ocrx_word' id='word_1_82' title='bbox 618 789 935 858; x_wconf 84' lang='lat' dir='ltr'><strong>conspicere</strong></span> <span class='ocrx_word' id='word_1_83' title='bbox 963 789 1258 844; x_wconf 88' lang='lat' dir='ltr'><strong>debuisset.</strong></span> <span class='ocrx_word' id='word_1_84' title='bbox 1303 790 1458 856; x_wconf 84' lang='lat' dir='ltr'><strong>Quod</strong></span> <span class='ocrx_word' id='word_1_85' title='bbox 1487 805 1609 844; x_wconf 89' lang='lat' dir='ltr'><strong>cum</strong></span> <span class='ocrx_word' id='word_1_86' title='bbox 1641 791 1770 845; x_wconf 78' lang='lat' dir='ltr'><strong>l‘tiis-</strong></span> <span class='ocrx_word' id='word_1_87' title='bbox 1870 798 2017 864; x_wconf 90' lang='lat' dir='ltr'><strong>tatis,</strong></span> <span class='ocrx_word' id='word_1_88' title='bbox 2049 797 2371 865; x_wconf 84' lang='lat' dir='ltr'><strong>petitoribus</strong></span> <span class='ocrx_word' id='word_1_89' title='bbox 2401 813 2500 852; x_wconf 92' lang='lat' dir='ltr'><strong>usu</strong></span> <span class='ocrx_word' id='word_1_90' title='bbox 2547 799 2913 854; x_wconf 87' lang='lat' dir='ltr'><strong>ecclesiastico</strong></span> <span class='ocrx_word' id='word_1_91' title='bbox 2955 801 3191 856; x_wconf 87' lang='lat' dir='ltr'><strong>tradidit.</strong></span> <span class='ocrx_word' id='word_1_92' title='bbox 3221 803 3320 868; x_wconf 89' lang='lat' dir='ltr'><strong>Qui</strong></span> <span class='ocrx_word' id='word_1_93' title='bbox 3353 803 3450 857; x_wconf 85' lang='lat' dir='ltr'><strong>de-</strong></span> 
     </span>
    </p>
   </div>
   <div class='ocr_carea' id='block_1_8' title="bbox 187 879 1766 948">
    <p class='ocr_par' dir='ltr' id='par_1_8' title="bbox 187 879 1766 948">
     <span class='ocr_line' id='line_1_8' title="bbox 187 879 1766 948; baseline -0.003 -10"><span class='ocrx_word' id='word_1_94' title='bbox 187 893 265 942; x_wconf 83' lang='lat' dir='ltr'><strong>set</strong></span> <span class='ocrx_word' id='word_1_95' title='bbox 285 890 487 937; x_wconf 89' lang='lat' dir='ltr'><strong>oratum</strong></span> <span class='ocrx_word' id='word_1_96' title='bbox 512 919 527 943; x_wconf 88' lang='lat'><strong>,</strong></span> <span class='ocrx_word' id='word_1_97' title='bbox 557 880 669 948; x_wconf 80' lang='lat' dir='ltr'><strong>ipse</strong></span> <span class='ocrx_word' id='word_1_98' title='bbox 700 894 805 933; x_wconf 90' lang='lat' dir='ltr'><strong>una</strong></span> <span class='ocrx_word' id='word_1_99' title='bbox 845 895 968 934; x_wconf 91' lang='lat' dir='ltr'><strong>cum</strong></span> <span class='ocrx_word' id='word_1_100' title='bbox 996 879 1197 948; x_wconf 85' lang='lat' dir='ltr'><strong>p0pulo</strong></span> <span class='ocrx_word' id='word_1_101' title='bbox 1224 887 1281 934; x_wconf 87' lang='lat' dir='ltr'><strong>et</strong></span> <span class='ocrx_word' id='word_1_102' title='bbox 1307 880 1497 934; x_wconf 90' lang='lat' dir='ltr'><strong>eadem</strong></span> <span class='ocrx_word' id='word_1_103' title='bbox 1541 881 1766 935; x_wconf 90' lang='lat' dir='ltr'><strong>muliere</strong></span> 
     </span>
    </p>
   </div>
   <div class='ocr_carea' id='block_1_9' title="bbox 187 968 1762 1036">
    <p class='ocr_par' dir='ltr' id='par_1_9' title="bbox 187 968 1762 1036">
     <span class='ocr_line' id='line_1_9' title="bbox 187 968 1762 1036; baseline -0.002 -10"><span class='ocrx_word' id='word_1_104' title='bbox 187 975 250 1026; x_wconf 89' lang='lat' dir='ltr'><strong>ab</strong></span> <span class='ocrx_word' id='word_1_105' title='bbox 271 969 509 1026; x_wconf 89' lang='lat' dir='ltr'><strong>oratione</strong></span> <span class='ocrx_word' id='word_1_106' title='bbox 533 981 852 1036; x_wconf 77' lang='lat' dir='ltr'><strong>exsurgens,</strong></span> <span class='ocrx_word' id='word_1_107' title='bbox 886 968 952 1021; x_wconf 90' lang='lat' dir='ltr'><strong>ad</strong></span> <span class='ocrx_word' id='word_1_108' title='bbox 979 969 1150 1022; x_wconf 88' lang='lat' dir='ltr'><strong>altare</strong></span> <span class='ocrx_word' id='word_1_109' title='bbox 1171 969 1380 1023; x_wconf 90' lang='lat' dir='ltr'><strong>cunctis</strong></span> <span class='ocrx_word' id='word_1_110' title='bbox 1399 970 1762 1033; x_wconf 83' lang='lat' dir='ltr'><strong>cernentibus,</strong></span> 
     </span>
    </p>
   </div>
   <div class='ocr_carea' id='block_1_10' title="bbox 181 1059 1763 1128">
    <p class='ocr_par' dir='ltr' id='par_1_10' title="bbox 181 1059 1763 1128">
     <span class='ocr_line' id='line_1_10' title="bbox 181 1059 1763 1128; baseline -0.006 -8"><span class='ocrx_word' id='word_1_111' title='bbox 181 1072 232 1120; x_wconf 88' lang='lat' dir='ltr'><strong>et</strong></span> <span class='ocrx_word' id='word_1_112' title='bbox 254 1076 369 1118; x_wconf 88' lang='lat' dir='ltr'><strong>sese</strong></span> <span class='ocrx_word' id='word_1_113' title='bbox 411 1060 477 1114; x_wconf 86' lang='lat' dir='ltr'><strong>ad</strong></span> <span class='ocrx_word' id='word_1_114' title='bbox 507 1060 840 1115; x_wconf 89' lang='lat' dir='ltr'><strong>cernendum</strong></span> <span class='ocrx_word' id='word_1_115' title='bbox 869 1059 1090 1113; x_wconf 82' lang='lat' dir='ltr'><strong>caeleste</strong></span> <span class='ocrx_word' id='word_1_116' title='bbox 1117 1059 1487 1127; x_wconf 87' lang='lat' dir='ltr'><strong>spectaculum</strong></span> <span class='ocrx_word' id='word_1_117' title='bbox 1529 1059 1763 1128; x_wconf 85' lang='lat' dir='ltr'><strong>compri-</strong></span> 
     </span>
    </p>
   </div>
   <div class='ocr_carea' id='block_1_11' title="bbox 181 1151 1760 1222">
    <p class='ocr_par' dir='ltr' id='par_1_11' title="bbox 181 1151 1760 1222">
     <span class='ocr_line' id='line_1_11' title="bbox 181 1151 1760 1222; baseline -0.004 -10"><span class='ocrx_word' id='word_1_118' title='bbox 181 1156 460 1219; x_wconf 89' lang='lat' dir='ltr'><strong>mentibus,</strong></span> <span class='ocrx_word' id='word_1_119' title='bbox 502 1153 846 1222; x_wconf 65' lang='lat' dir='ltr'><strong>corporalem</strong></span> <span class='ocrx_word' id='word_1_120' title='bbox 889 1152 1085 1222; x_wconf 88' lang='lat' dir='ltr'><strong>pallam</strong></span> <span class='ocrx_word' id='word_1_121' title='bbox 1110 1162 1130 1185; x_wconf 72' lang='grc' dir='ltr'><strong>ει</strong></span> <span class='ocrx_word' id='word_1_122' title='bbox 1165 1152 1391 1216; x_wconf 87' lang='lat' dir='ltr'><strong>revelat,</strong></span> <span class='ocrx_word' id='word_1_123' title='bbox 1423 1160 1479 1206; x_wconf 92' lang='lat' dir='ltr'><strong>et</strong></span> <span class='ocrx_word' id='word_1_124' title='bbox 1507 1151 1760 1205; x_wconf 87' lang='lat' dir='ltr'><strong>universo</strong></span> 
     </span>
    </p>
   </div>
   <div class='ocr_carea' id='block_1_12' title="bbox 176 1240 1757 1316">
    <p class='ocr_par' dir='ltr' id='par_1_12' title="bbox 176 1240 1757 1316">
     <span class='ocr_line' id='line_1_12' title="bbox 176 1240 1757 1316; baseline -0.004 -16"><span class='ocrx_word' id='word_1_125' title='bbox 176 1245 370 1316; x_wconf 89' lang='lat' dir='ltr'><strong>populo</strong></span> <span class='ocrx_word' id='word_1_126' title='bbox 409 1244 634 1312; x_wconf 85' lang='lat' dir='ltr'><strong>ipsaque</strong></span> <span class='ocrx_word' id='word_1_127' title='bbox 662 1242 890 1295; x_wconf 86' lang='lat' dir='ltr'><strong>muliere</strong></span> <span class='ocrx_word' id='word_1_128' title='bbox 914 1249 1228 1306; x_wconf 89' lang='lat' dir='ltr'><strong>contuente,</strong></span> <span class='ocrx_word' id='word_1_129' title='bbox 1258 1249 1462 1310; x_wconf 80' lang='lat' dir='ltr'><strong>partem</strong></span> <span class='ocrx_word' id='word_1_130' title='bbox 1487 1240 1632 1310; x_wconf 77' lang='lat' dir='ltr'><strong>digiti</strong></span> <span class='ocrx_word' id='word_1_131' title='bbox 1661 1255 1757 1294; x_wconf 91' lang='lat' dir='ltr'><strong>au-</strong></span> 
     </span>
    </p>
   </div>
   <div class='ocr_carea' id='block_1_13' title="bbox 176 1331 1757 1402">
    <p class='ocr_par' dir='ltr' id='par_1_13' title="bbox 176 1331 1757 1402">
     <span class='ocr_line' id='line_1_13' title="bbox 176 1331 1757 1402; baseline -0.003 -13"><span class='ocrx_word' id='word_1_132' title='bbox 176 1333 415 1390; x_wconf 87' lang='lat' dir='ltr'><strong>ricularis</strong></span> <span class='ocrx_word' id='word_1_133' title='bbox 466 1332 732 1402; x_wconf 81' lang='lat' dir='ltr'><strong>sanguine</strong></span> <span class='ocrx_word' id='word_1_134' title='bbox 784 1341 1122 1386; x_wconf 90' lang='lat' dir='ltr'><strong>cruentatam</strong></span> <span class='ocrx_word' id='word_1_135' title='bbox 1174 1333 1416 1395; x_wconf 85' lang='lat' dir='ltr'><strong>invenit,</strong></span> <span class='ocrx_word' id='word_1_136' title='bbox 1447 1337 1502 1385; x_wconf 91' lang='lat' dir='ltr'><strong>et</strong></span> <span class='ocrx_word' id='word_1_137' title='bbox 1550 1331 1757 1384; x_wconf 87' lang='lat' dir='ltr'><strong>mulieri</strong></span> 
     </span>
    </p>
   </div>
   <div class='ocr_carea' id='block_1_14' title="bbox 171 1421 1759 1495">
    <p class='ocr_par' dir='ltr' id='par_1_14' title="bbox 171 1421 1759 1495">
     <span class='ocr_line' id='line_1_14' title="bbox 171 1421 1759 1495; baseline -0.001 -17"><span class='ocrx_word' id='word_1_138' title='bbox 171 1427 335 1478; x_wconf 80' lang='lat' dir='ltr'><strong>dixit:</strong></span> <span class='ocrx_word' id='word_1_139' title='bbox 389 1424 570 1486; x_wconf 87' lang='lat' dir='ltr'><strong>Disce.</strong></span> <span class='ocrx_word' id='word_1_140' title='bbox 616 1426 853 1495; x_wconf 80' lang='lat' dir='ltr'><strong>inquam,</strong></span> <span class='ocrx_word' id='word_1_141' title='bbox 894 1423 1096 1476; x_wconf 87' lang='lat' dir='ltr'><strong>veritati</strong></span> <span class='ocrx_word' id='word_1_142' title='bbox 1123 1423 1200 1476; x_wconf 87' lang='lat' dir='ltr'><strong>vel</strong></span> <span class='ocrx_word' id='word_1_143' title='bbox 1227 1422 1377 1476; x_wconf 80' lang='lat' dir='ltr'><strong>modo</strong></span> <span class='ocrx_word' id='word_1_144' title='bbox 1396 1421 1511 1491; x_wconf 88' lang='lat' dir='ltr'><strong>jam</strong></span> <span class='ocrx_word' id='word_1_145' title='bbox 1550 1421 1759 1476; x_wconf 77' lang='lat' dir='ltr'><strong>credere</strong></span> 
     </span>
    </p>
   </div>
   <div class='ocr_carea' id='block_1_15' title="bbox 163 1511 1755 1583">
    <p class='ocr_par' dir='ltr' id='par_1_15' title="bbox 163 1511 1755 1583">
     <span class='ocr_line' id='line_1_15' title="bbox 163 1511 1755 1583; baseline -0.003 -15"><span class='ocrx_word' id='word_1_146' title='bbox 163 1516 475 1569; x_wconf 84' lang='lat' dir='ltr'><strong>contestanti</strong></span> <span class='ocrx_word' id='word_1_147' title='bbox 491 1514 686 1569; x_wconf 84' lang='lat' dir='ltr'><strong>:Panis</strong></span> <span class='ocrx_word' id='word_1_148' title='bbox 706 1529 863 1583; x_wconf 86' lang='lat' dir='ltr'><strong>quem</strong></span> <span class='ocrx_word' id='word_1_149' title='bbox 891 1527 990 1580; x_wconf 89' lang='lat' dir='ltr'><strong>ego</strong></span> <span class='ocrx_word' id='word_1_150' title='bbox 1013 1511 1098 1575; x_wconf 90' lang='lat' dir='ltr'><strong>do,</strong></span> <span class='ocrx_word' id='word_1_151' title='bbox 1122 1527 1250 1566; x_wconf 91' lang='lat' dir='ltr'><strong>caro</strong></span> <span class='ocrx_word' id='word_1_152' title='bbox 1280 1527 1396 1568; x_wconf 90' lang='lat' dir='ltr'><strong>mea</strong></span> <span class='ocrx_word' id='word_1_153' title='bbox 1418 1519 1521 1577; x_wconf 89' lang='lat' dir='ltr'><strong>est,</strong></span> <span class='ocrx_word' id='word_1_154' title='bbox 1541 1519 1596 1566; x_wconf 90' lang='lat' dir='ltr'><strong>et</strong></span> <span class='ocrx_word' id='word_1_155' title='bbox 1625 1527 1755 1568; x_wconf 84' lang='lat' dir='ltr'><strong>san-</strong></span> 
     </span>
    </p>
   </div>
   <div class='ocr_carea' id='block_1_16' title="bbox 162 1602 1755 1673">
    <p class='ocr_par' dir='ltr' id='par_1_16' title="bbox 162 1602 1755 1673">
     <span class='ocr_line' id='line_1_16' title="bbox 162 1602 1755 1673; baseline 0 -15"><span class='ocrx_word' id='word_1_156' title='bbox 162 1606 283 1670; x_wconf 71' lang='lat' dir='ltr'><strong>guis</strong></span> <span class='ocrx_word' id='word_1_157' title='bbox 313 1621 472 1660; x_wconf 78' lang='lat' dir='ltr'><strong>meus</strong></span> <span class='ocrx_word' id='word_1_158' title='bbox 487 1621 614 1659; x_wconf 87' lang='lat' dir='ltr'><strong>vere</strong></span> <span class='ocrx_word' id='word_1_159' title='bbox 643 1614 724 1658; x_wconf 88' lang='lat' dir='ltr'><strong>est</strong></span> <span class='ocrx_word' id='word_1_160' title='bbox 751 1612 906 1672; x_wconf 88' lang='lat' dir='ltr'><strong>potus</strong></span> <span class='ocrx_word' id='word_1_161' title='bbox 935 1602 1114 1673; x_wconf 87' lang='lat' dir='ltr'><strong>(Joan.</strong></span> <span class='ocrx_word' id='word_1_162' title='bbox 1141 1617 1214 1666; x_wconf 77' lang='lat' dir='ltr'><strong>vr,</strong></span> <span class='ocrx_word' id='word_1_163' title='bbox 1247 1603 1358 1672; x_wconf 78' lang='lat' dir='ltr'><strong>5i).</strong></span> <span class='ocrx_word' id='word_1_164' title='bbox 1378 1603 1485 1657; x_wconf 73' lang='lat' dir='ltr'><strong>Sed</strong></span> <span class='ocrx_word' id='word_1_165' title='bbox 1507 1604 1755 1672; x_wconf 78' lang='lat' dir='ltr'><strong>prwscius</strong></span> 
     </span>
    </p>
   </div>
   <div class='ocr_carea' id='block_1_17' title="bbox 1865 887 3448 960">
    <p class='ocr_par' dir='ltr' id='par_1_17' title="bbox 1865 887 3448 960">
     <span class='ocr_line' id='line_1_17' title="bbox 1865 887 3448 960; baseline 0.002 -18"><span class='ocrx_word' id='word_1_166' title='bbox 1865 887 1976 942; x_wconf 86' lang='lat' dir='ltr'><strong>bita</strong></span> <span class='ocrx_word' id='word_1_167' title='bbox 1999 901 2119 940; x_wconf 90' lang='lat' dir='ltr'><strong>cum</strong></span> <span class='ocrx_word' id='word_1_168' title='bbox 2140 890 2510 953; x_wconf 81' lang='lat' dir='ltr'><strong>veneratione,</strong></span> <span class='ocrx_word' id='word_1_169' title='bbox 2535 889 2912 945; x_wconf 80' lang='lat' dir='ltr'><strong>benedictione</strong></span> <span class='ocrx_word' id='word_1_170' title='bbox 2936 891 3102 960; x_wconf 88' lang='lat' dir='ltr'><strong>petita</strong></span> <span class='ocrx_word' id='word_1_171' title='bbox 3125 901 3178 946; x_wconf 88' lang='lat' dir='ltr'><strong>et</strong></span> <span class='ocrx_word' id='word_1_172' title='bbox 3205 901 3448 960; x_wconf 79' lang='lat' dir='ltr'><strong>accepta,</strong></span> 
     </span>
    </p>
   </div>
   <div class='ocr_carea' id='block_1_18' title="bbox 1866 979 3444 1050">
    <p class='ocr_par' dir='ltr' id='par_1_18' title="bbox 1866 979 3444 1050">
     <span class='ocr_line' id='line_1_18' title="bbox 1866 979 3444 1050; baseline 0.003 -20"><span class='ocrx_word' id='word_1_173' title='bbox 1866 979 2242 1044; x_wconf 83' lang='lat' dir='ltr'><strong>suscipientes,</strong></span> <span class='ocrx_word' id='word_1_174' title='bbox 2286 979 2511 1046; x_wconf 78' lang='lat' dir='ltr'><strong>profecti</strong></span> <span class='ocrx_word' id='word_1_175' title='bbox 2568 988 2694 1032; x_wconf 90' lang='lat' dir='ltr'><strong>sunt</strong></span> <span class='ocrx_word' id='word_1_176' title='bbox 2745 981 2886 1035; x_wconf 82' lang='lat' dir='ltr'><strong>viam</strong></span> <span class='ocrx_word' id='word_1_177' title='bbox 2935 997 3088 1035; x_wconf 90' lang='lat' dir='ltr'><strong>suam</strong></span> <span class='ocrx_word' id='word_1_178' title='bbox 3137 983 3444 1050; x_wconf 79' lang='lat' dir='ltr'><strong>gaudentes.</strong></span> 
     </span>
    </p>
   </div>
   <div class='ocr_carea' id='block_1_19' title="bbox 1861 1067 3453 1138">
    <p class='ocr_par' dir='ltr' id='par_1_19' title="bbox 1861 1067 3453 1138">
     <span class='ocr_line' id='line_1_19' title="bbox 1861 1067 3453 1138; baseline 0.001 -16"><span class='ocrx_word' id='word_1_179' title='bbox 1861 1067 1970 1122; x_wconf 88' lang='lat' dir='ltr'><strong>Sed</strong></span> <span class='ocrx_word' id='word_1_180' title='bbox 2012 1067 2139 1121; x_wconf 89' lang='lat' dir='ltr'><strong>dum</strong></span> <span class='ocrx_word' id='word_1_181' title='bbox 2172 1083 2270 1138; x_wconf 90' lang='lat' dir='ltr'><strong>per</strong></span> <span class='ocrx_word' id='word_1_182' title='bbox 2313 1068 2618 1137; x_wconf 89' lang='lat' dir='ltr'><strong>aliquantos</strong></span> <span class='ocrx_word' id='word_1_183' title='bbox 2657 1069 2774 1122; x_wconf 87' lang='lat' dir='ltr'><strong>dies</strong></span> <span class='ocrx_word' id='word_1_184' title='bbox 2819 1071 3168 1136; x_wconf 80' lang='lat' dir='ltr'><strong>regressionis</strong></span> <span class='ocrx_word' id='word_1_185' title='bbox 3196 1086 3305 1124; x_wconf 81' lang='lat' dir='ltr'><strong>sua:</strong></span> <span class='ocrx_word' id='word_1_186' title='bbox 3354 1073 3453 1124; x_wconf 84' lang='lat' dir='ltr'><strong>iter</strong></span> 
     </span>
    </p>
   </div>
   <div class='ocr_carea' id='block_1_20' title="bbox 1861 1158 3447 1226">
    <p class='ocr_par' dir='ltr' id='par_1_20' title="bbox 1861 1158 3447 1226">
     <span class='ocr_line' id='line_1_20' title="bbox 1861 1158 3447 1226; baseline 0 -14"><span class='ocrx_word' id='word_1_187' title='bbox 1861 1165 2167 1226; x_wconf 82' lang='lat' dir='ltr'><strong>carperent,</strong></span> <span class='ocrx_word' id='word_1_188' title='bbox 2199 1159 2247 1211; x_wconf 90' lang='lat' dir='ltr'><strong>ei</strong></span> <span class='ocrx_word' id='word_1_189' title='bbox 2293 1158 2382 1226; x_wconf 90' lang='lat' dir='ltr'><strong>qui</strong></span> <span class='ocrx_word' id='word_1_190' title='bbox 2416 1160 2618 1225; x_wconf 89' lang='lat' dir='ltr'><strong>primus</strong></span> <span class='ocrx_word' id='word_1_191' title='bbox 2645 1159 2858 1211; x_wconf 65' lang='lat' dir='ltr'><strong>caeteris</strong></span> <span class='ocrx_word' id='word_1_192' title='bbox 2898 1159 3224 1223; x_wconf 86' lang='lat' dir='ltr'><strong>habebatur,</strong></span> <span class='ocrx_word' id='word_1_193' title='bbox 3277 1175 3447 1214; x_wconf 75' lang='lat' dir='ltr'><strong>aurea</strong></span> 
     </span>
    </p>
   </div>
   <div class='ocr_carea' id='block_1_21' title="bbox 1861 1245 3448 1317">
    <p class='ocr_par' dir='ltr' id='par_1_21' title="bbox 1861 1245 3448 1317">
     <span class='ocr_line' id='line_1_21' title="bbox 1861 1245 3448 1317; baseline 0.003 -17"><span class='ocrx_word' id='word_1_194' title='bbox 1861 1247 2177 1300; x_wconf 82' lang='lat' dir='ltr'><strong>humanitati</strong></span> <span class='ocrx_word' id='word_1_195' title='bbox 2205 1245 2474 1317; x_wconf 87' lang='lat' dir='ltr'><strong>subripuit</strong></span> <span class='ocrx_word' id='word_1_196' title='bbox 2496 1247 2801 1312; x_wconf 79' lang='lat' dir='ltr'><strong>curiositas,</strong></span> <span class='ocrx_word' id='word_1_197' title='bbox 2827 1246 3068 1315; x_wconf 82' lang='lat' dir='ltr'><strong>dixitque</strong></span> <span class='ocrx_word' id='word_1_198' title='bbox 3093 1249 3368 1303; x_wconf 75' lang='lat' dir='ltr'><strong>sodalibus</strong></span> <span class='ocrx_word' id='word_1_199' title='bbox 3392 1266 3448 1304; x_wconf 85' lang='lat' dir='ltr'><strong>se</strong></span> 
     </span>
    </p>
   </div>
   <div class='ocr_carea' id='block_1_22' title="bbox 1859 1337 3447 1404">
    <p class='ocr_par' dir='ltr' id='par_1_22' title="bbox 1859 1337 3447 1404">
     <span class='ocr_line' id='line_1_22' title="bbox 1859 1337 3447 1404; baseline -0.001 -12"><span class='ocrx_word' id='word_1_200' title='bbox 1859 1337 2021 1392; x_wconf 83' lang='lat' dir='ltr'><strong>stulte</strong></span> <span class='ocrx_word' id='word_1_201' title='bbox 2053 1340 2181 1391; x_wconf 90' lang='lat' dir='ltr'><strong>tanti</strong></span> <span class='ocrx_word' id='word_1_202' title='bbox 2235 1338 2444 1391; x_wconf 87' lang='lat' dir='ltr'><strong>itineris</strong></span> <span class='ocrx_word' id='word_1_203' title='bbox 2478 1338 2684 1390; x_wconf 81' lang='lat' dir='ltr'><strong>subisse</strong></span> <span class='ocrx_word' id='word_1_204' title='bbox 2727 1337 2986 1404; x_wconf 85' lang='lat' dir='ltr'><strong>laborem,</strong></span> <span class='ocrx_word' id='word_1_205' title='bbox 3023 1353 3143 1392; x_wconf 90' lang='lat' dir='ltr'><strong>cum</strong></span> <span class='ocrx_word' id='word_1_206' title='bbox 3176 1341 3447 1394; x_wconf 83' lang='lat' dir='ltr'><strong>nescirent</strong></span> 
     </span>
    </p>
   </div>
   <div class='ocr_carea' id='block_1_23' title="bbox 1859 1426 3445 1499">
    <p class='ocr_par' dir='ltr' id='par_1_23' title="bbox 1859 1426 3445 1499">
     <span class='ocr_line' id='line_1_23' title="bbox 1859 1426 3445 1499; baseline 0.001 -18"><span class='ocrx_word' id='word_1_207' title='bbox 1859 1428 1986 1499; x_wconf 86' lang='lat' dir='ltr'><strong>qud</strong></span> <span class='ocrx_word' id='word_1_208' title='bbox 2018 1429 2241 1497; x_wconf 76' lang='lat' dir='ltr'><strong>pretLosi</strong></span> <span class='ocrx_word' id='word_1_209' title='bbox 2281 1429 2500 1482; x_wconf 87' lang='lat' dir='ltr'><strong>domino</strong></span> <span class='ocrx_word' id='word_1_210' title='bbox 2529 1442 2626 1480; x_wconf 89' lang='lat' dir='ltr'><strong>suo</strong></span> <span class='ocrx_word' id='word_1_211' title='bbox 2655 1426 2936 1480; x_wconf 80' lang='lat' dir='ltr'><strong>referrent.</strong></span> <span class='ocrx_word' id='word_1_212' title='bbox 2972 1427 3309 1482; x_wconf 77' lang='lat' dir='ltr'><strong>l‘cdetentim</strong></span> <span class='ocrx_word' id='word_1_213' title='bbox 3351 1444 3445 1482; x_wconf 91' lang='lat' dir='ltr'><strong>au-</strong></span> 
     </span>
    </p>
   </div>
   <div class='ocr_carea' id='block_1_24' title="bbox 1859 1519 3444 1584">
    <p class='ocr_par' dir='ltr' id='par_1_24' title="bbox 1859 1519 3444 1584">
     <span class='ocr_line' id='line_1_24' title="bbox 1859 1519 3444 1584; baseline 0.001 -10"><span class='ocrx_word' id='word_1_214' title='bbox 1859 1527 1971 1574; x_wconf 89' lang='lat' dir='ltr'><strong>tern</strong></span> <span class='ocrx_word' id='word_1_215' title='bbox 2024 1527 2301 1574; x_wconf 79' lang='lat' dir='ltr'><strong>crescente</strong></span> <span class='ocrx_word' id='word_1_216' title='bbox 2345 1519 2635 1574; x_wconf 88' lang='lat' dir='ltr'><strong>collatione</strong></span> <span class='ocrx_word' id='word_1_217' title='bbox 2680 1519 2988 1584; x_wconf 90' lang='lat' dir='ltr'><strong>verborum,</strong></span> <span class='ocrx_word' id='word_1_218' title='bbox 3037 1529 3092 1574; x_wconf 93' lang='lat' dir='ltr'><strong>ct</strong></span> <span class='ocrx_word' id='word_1_219' title='bbox 3149 1520 3444 1575; x_wconf 80' lang='lat' dir='ltr'><strong>\iresccnte</strong></span> 
     </span>
    </p>
   </div>
   <div class='ocr_carea' id='block_1_25' title="bbox 1859 1611 3440 1681">
    <p class='ocr_par' dir='ltr' id='par_1_25' title="bbox 1859 1611 3440 1681">
     <span class='ocr_line' id='line_1_25' title="bbox 1859 1611 3440 1681; baseline 0 -16"><span class='ocrx_word' id='word_1_220' title='bbox 1859 1611 2200 1680; x_wconf 79' lang='lat' dir='ltr'><strong>suggesdone</strong></span> <span class='ocrx_word' id='word_1_221' title='bbox 2228 1613 2522 1676; x_wconf 85' lang='lat' dir='ltr'><strong>sociorum,</strong></span> <span class='ocrx_word' id='word_1_222' title='bbox 2555 1613 2845 1666; x_wconf 66' lang='lat' dir='ltr'><strong>conlractis</strong></span> <span class='ocrx_word' id='word_1_223' title='bbox 2872 1612 3180 1681; x_wconf 79' lang='lat' dir='ltr'><strong>apostolica:</strong></span> <span class='ocrx_word' id='word_1_224' title='bbox 3212 1613 3440 1680; x_wconf 85' lang='lat' dir='ltr'><strong>dignita-</strong></span> 
     </span>
    </p>
   </div>
   <div class='ocr_carea' id='block_1_26' title="bbox 159 1691 1731 1771">
    <p class='ocr_par' dir='ltr' id='par_1_26' title="bbox 159 1691 1731 1764">
     <span class='ocr_line' id='line_1_26' title="bbox 159 1691 1731 1764; baseline -0.002 -17"><span class='ocrx_word' id='word_1_225' title='bbox 159 1694 421 1748; x_wconf 81' lang='lat' dir='ltr'><strong>Conditor</strong></span> <span class='ocrx_word' id='word_1_226' title='bbox 447 1701 619 1748; x_wconf 90' lang='lat' dir='ltr'><strong>noster</strong></span> <span class='ocrx_word' id='word_1_227' title='bbox 645 1691 961 1760; x_wconf 78' lang='lat' dir='ltr'><strong>inﬁrmitatis</strong></span> <span class='ocrx_word' id='word_1_228' title='bbox 1009 1699 1220 1755; x_wconf 80' lang='lat' dir='ltr'><strong>nostrrc,</strong></span> <span class='ocrx_word' id='word_1_229' title='bbox 1263 1707 1327 1744; x_wconf 85' lang='lat' dir='ltr'><strong>ea</strong></span> <span class='ocrx_word' id='word_1_230' title='bbox 1367 1700 1624 1762; x_wconf 78' lang='lat' dir='ltr'><strong>potestate</strong></span> <span class='ocrx_word' id='word_1_231' title='bbox 1650 1709 1731 1764; x_wconf 81' lang='lat' dir='ltr'><strong>qui</strong></span> 
     </span>
    </p>
   </div>
   <div class='ocr_carea' id='block_1_27' title="bbox 1840 1691 3445 1771">
    <p class='ocr_par' dir='ltr' id='par_1_27' title="bbox 1858 1691 3445 1771">
     <span class='ocr_line' id='line_1_27' title="bbox 1858 1691 3445 1771; baseline 0.001 -16"><span class='ocrx_word' id='word_1_232' title='bbox 1858 1705 1926 1756; x_wconf 87' lang='lat' dir='ltr'><strong>tis</strong></span> <span class='ocrx_word' id='word_1_233' title='bbox 1948 1701 2154 1770; x_wconf 82' lang='lat' dir='ltr'><strong>sigillis,</strong></span> <span class='ocrx_word' id='word_1_234' title='bbox 2179 1710 2378 1771; x_wconf 87' lang='lat' dir='ltr'><strong>apertae</strong></span> <span class='ocrx_word' id='word_1_235' title='bbox 2399 1709 2524 1756; x_wconf 91' lang='lat' dir='ltr'><strong>sunt</strong></span> <span class='ocrx_word' id='word_1_236' title='bbox 2544 1701 2800 1765; x_wconf 84' lang='lat' dir='ltr'><strong>buxtulac,</strong></span> <span class='ocrx_word' id='word_1_237' title='bbox 2825 1711 2880 1756; x_wconf 90' lang='lat' dir='ltr'><strong>et</strong></span> <span class='ocrx_word' id='word_1_238' title='bbox 2902 1702 2953 1755; x_wconf 91' lang='lat' dir='ltr'><strong>in</strong></span> <span class='ocrx_word' id='word_1_239' title='bbox 2977 1702 3199 1770; x_wconf 76' lang='lat' dir='ltr'><strong>singulis</strong></span> <span class='ocrx_word' id='word_1_240' title='bbox 3219 1691 3445 1770; x_wconf 66' lang='lat' dir='ltr'><strong>singulas</strong></span> 
     </span>
    </p>
   </div>
   <div class='ocr_carea' id='block_1_28' title="bbox 152 1779 1748 1852">
    <p class='ocr_par' dir='ltr' id='par_1_28' title="bbox 152 1779 1748 1852">
     <span class='ocr_line' id='line_1_28' title="bbox 152 1779 1748 1852; baseline 0 -16"><span class='ocrx_word' id='word_1_241' title='bbox 152 1792 345 1836; x_wconf 80' lang='lat' dir='ltr'><strong>cuncta</strong></span> <span class='ocrx_word' id='word_1_242' title='bbox 368 1784 490 1852; x_wconf 84' lang='lat' dir='ltr'><strong>fecit</strong></span> <span class='ocrx_word' id='word_1_243' title='bbox 525 1797 591 1834; x_wconf 79' lang='lat' dir='ltr'><strong>ea:</strong></span> <span class='ocrx_word' id='word_1_244' title='bbox 618 1781 800 1842; x_wconf 85' lang='lat' dir='ltr'><strong>nihilo,</strong></span> <span class='ocrx_word' id='word_1_245' title='bbox 831 1789 884 1833; x_wconf 84' lang='lat' dir='ltr'><strong>et</strong></span> <span class='ocrx_word' id='word_1_246' title='bbox 904 1796 1088 1848; x_wconf 85' lang='lat' dir='ltr'><strong>corpus</strong></span> <span class='ocrx_word' id='word_1_247' title='bbox 1119 1779 1216 1834; x_wconf 85' lang='lat' dir='ltr'><strong>sibi</strong></span> <span class='ocrx_word' id='word_1_248' title='bbox 1255 1797 1322 1834; x_wconf 82' lang='lat' dir='ltr'><strong>ea:</strong></span> <span class='ocrx_word' id='word_1_249' title='bbox 1361 1798 1518 1836; x_wconf 87' lang='lat' dir='ltr'><strong>carne</strong></span> <span class='ocrx_word' id='word_1_250' title='bbox 1545 1798 1748 1852; x_wconf 78' lang='lat' dir='ltr'><strong>seraper</strong></span> 
     </span>
    </p>
   </div>
   <div class='ocr_carea' id='block_1_29' title="bbox 167 1871 1750 1943">
    <p class='ocr_par' dir='ltr' id='par_1_29' title="bbox 167 1871 1750 1943">
     <span class='ocr_line' id='line_1_29' title="bbox 167 1871 1750 1943; baseline 0.001 -17"><span class='ocrx_word' id='word_1_251' title='bbox 167 1873 416 1943; x_wconf 72' lang='lat' dir='ltr'><strong>Virginis,</strong></span> <span class='ocrx_word' id='word_1_252' title='bbox 451 1879 694 1940; x_wconf 79' lang='lat' dir='ltr'><strong>operante</strong></span> <span class='ocrx_word' id='word_1_253' title='bbox 723 1880 901 1924; x_wconf 77' lang='lat' dir='ltr'><strong>sancte</strong></span> <span class='ocrx_word' id='word_1_254' title='bbox 925 1871 1148 1938; x_wconf 84' lang='lat' dir='ltr'><strong>Spiritu,</strong></span> <span class='ocrx_word' id='word_1_255' title='bbox 1180 1871 1472 1942; x_wconf 75' lang='lat' dir='ltr'><strong>fabricavit,</strong></span> <span class='ocrx_word' id='word_1_256' title='bbox 1505 1872 1532 1910; x_wconf 73' lang='grc' dir='ltr'>δ</span> <span class='ocrx_word' id='word_1_257' title='bbox 1563 1890 1750 1942; x_wconf 82' lang='lat' dir='ltr'><strong>panem</strong></span> 
     </span>
    </p>
   </div>
   <div class='ocr_carea' id='block_1_30' title="bbox 155 1967 1752 2036">
    <p class='ocr_par' dir='ltr' id='par_1_30' title="bbox 155 1967 1752 2036">
     <span class='ocr_line' id='line_1_30' title="bbox 155 1967 1752 2036; baseline -0.002 -15"><span class='ocrx_word' id='word_1_258' title='bbox 155 1976 202 2021; x_wconf 86' lang='lat' dir='ltr'><strong>et</strong></span> <span class='ocrx_word' id='word_1_259' title='bbox 229 1967 402 2020; x_wconf 65' lang='lat' dir='ltr'><strong>tinum</strong></span> <span class='ocrx_word' id='word_1_260' title='bbox 432 1981 568 2035; x_wconf 79' lang='lat' dir='ltr'><strong>aqua</strong></span> <span class='ocrx_word' id='word_1_261' title='bbox 594 1967 822 2028; x_wconf 84' lang='lat' dir='ltr'><strong>mistum,</strong></span> <span class='ocrx_word' id='word_1_262' title='bbox 852 1975 1095 2018; x_wconf 87' lang='lat' dir='ltr'><strong>manente</strong></span> <span class='ocrx_word' id='word_1_263' title='bbox 1119 1967 1335 2034; x_wconf 82' lang='lat' dir='ltr'><strong>prepria</strong></span> <span class='ocrx_word' id='word_1_264' title='bbox 1361 1967 1532 2036; x_wconf 78' lang='lat' dir='ltr'><strong>specie</strong></span> <span class='ocrx_word' id='word_1_265' title='bbox 1559 1968 1611 2019; x_wconf 86' lang='lat' dir='ltr'><strong>in</strong></span> <span class='ocrx_word' id='word_1_266' title='bbox 1641 1981 1752 2018; x_wconf 88' lang='lat' dir='ltr'><strong>car-</strong></span> 
     </span>
    </p>
   </div>
   <div class='ocr_carea' id='block_1_31' title="bbox 155 2058 1747 2128">
    <p class='ocr_par' dir='ltr' id='par_1_31' title="bbox 155 2058 1747 2128">
     <span class='ocr_line' id='line_1_31' title="bbox 155 2058 1747 2128; baseline -0.003 -13"><span class='ocrx_word' id='word_1_267' title='bbox 155 2078 265 2115; x_wconf 71' lang='lat' dir='ltr'><strong>nem</strong></span> <span class='ocrx_word' id='word_1_268' title='bbox 289 2071 337 2114; x_wconf 88' lang='lat' dir='ltr'><strong>et</strong></span> <span class='ocrx_word' id='word_1_269' title='bbox 368 2060 679 2128; x_wconf 80' lang='lat' dir='ltr'><strong>sanguinem</strong></span> <span class='ocrx_word' id='word_1_270' title='bbox 719 2075 868 2111; x_wconf 82' lang='lat' dir='ltr'><strong>suam</strong></span> <span class='ocrx_word' id='word_1_271' title='bbox 892 2059 961 2111; x_wconf 71' lang='lat' dir='ltr'><strong>ad</strong></span> <span class='ocrx_word' id='word_1_272' title='bbox 992 2058 1302 2112; x_wconf 78' lang='lat' dir='ltr'><strong>catholicam</strong></span> <span class='ocrx_word' id='word_1_273' title='bbox 1343 2074 1544 2128; x_wconf 84' lang='lat' dir='ltr'><strong>precem</strong></span> <span class='ocrx_word' id='word_1_274' title='bbox 1570 2059 1632 2111; x_wconf 84' lang='lat' dir='ltr'><strong>ob</strong></span> <span class='ocrx_word' id='word_1_275' title='bbox 1662 2075 1747 2111; x_wconf 84' lang='lat' dir='ltr'><strong>re-</strong></span> 
     </span>
    </p>
   </div>
   <div class='ocr_carea' id='block_1_32' title="bbox 155 2148 1746 2218">
    <p class='ocr_par' dir='ltr' id='par_1_32' title="bbox 155 2148 1746 2218">
     <span class='ocr_line' id='line_1_32' title="bbox 155 2148 1746 2218; baseline -0.002 -14"><span class='ocrx_word' id='word_1_276' title='bbox 155 2151 482 2218; x_wconf 80' lang='lat' dir='ltr'><strong>parationem</strong></span> <span class='ocrx_word' id='word_1_277' title='bbox 508 2159 740 2202; x_wconf 76' lang='lat' dir='ltr'><strong>nostram</strong></span> <span class='ocrx_word' id='word_1_278' title='bbox 771 2149 1002 2218; x_wconf 82' lang='lat' dir='ltr'><strong>Spiritus</strong></span> <span class='ocrx_word' id='word_1_279' title='bbox 1049 2150 1128 2201; x_wconf 87' lang='lat' dir='ltr'><strong>sui</strong></span> <span class='ocrx_word' id='word_1_280' title='bbox 1168 2148 1582 2218; x_wconf 77' lang='lat' dir='ltr'><strong>sanctiﬁcatione</strong></span> <span class='ocrx_word' id='word_1_281' title='bbox 1618 2164 1746 2202; x_wconf 83' lang='lat' dir='ltr'><strong>con-</strong></span> 
     </span>
    </p>
   </div>
   <div class='ocr_carea' id='block_1_33' title="bbox 151 2237 1746 2308">
    <p class='ocr_par' dir='ltr' id='par_1_33' title="bbox 151 2237 1746 2308">
     <span class='ocr_line' id='line_1_33' title="bbox 151 2237 1746 2308; baseline -0.001 -14"><span class='ocrx_word' id='word_1_282' title='bbox 151 2241 311 2294; x_wconf 88' lang='lat' dir='ltr'><strong>rertit.</strong></span> <span class='ocrx_word' id='word_1_283' title='bbox 335 2238 598 2308; x_wconf 79' lang='lat' dir='ltr'><strong>Indeque</strong></span> <span class='ocrx_word' id='word_1_284' title='bbox 635 2239 917 2292; x_wconf 87' lang='lat' dir='ltr'><strong>universos</strong></span> <span class='ocrx_word' id='word_1_285' title='bbox 949 2238 1107 2307; x_wconf 72' lang='lat' dir='ltr'><strong>jussit</strong></span> <span class='ocrx_word' id='word_1_286' title='bbox 1141 2237 1375 2292; x_wconf 89' lang='lat' dir='ltr'><strong>divinam</strong></span> <span class='ocrx_word' id='word_1_287' title='bbox 1405 2237 1613 2306; x_wconf 89' lang='lat' dir='ltr'><strong>precari</strong></span> <span class='ocrx_word' id='word_1_288' title='bbox 1647 2254 1746 2306; x_wconf 82' lang='lat' dir='ltr'><strong>po-</strong></span> 
     </span>
    </p>
   </div>
   <div class='ocr_carea' id='block_1_34' title="bbox 152 2327 1745 2398">
    <p class='ocr_par' dir='ltr' id='par_1_34' title="bbox 152 2327 1745 2398">
     <span class='ocr_line' id='line_1_34' title="bbox 152 2327 1745 2398; baseline -0.001 -16"><span class='ocrx_word' id='word_1_289' title='bbox 152 2329 368 2383; x_wconf 81' lang='lat' dir='ltr'><strong>tentiam</strong></span> <span class='ocrx_word' id='word_1_290' title='bbox 395 2337 464 2383; x_wconf 85' lang='lat' dir='ltr'><strong>ut</strong></span> <span class='ocrx_word' id='word_1_291' title='bbox 495 2329 547 2383; x_wconf 93' lang='lat' dir='ltr'><strong>in</strong></span> <span class='ocrx_word' id='word_1_292' title='bbox 579 2327 804 2383; x_wconf 79' lang='lat' dir='ltr'><strong>formam</strong></span> <span class='ocrx_word' id='word_1_293' title='bbox 833 2327 1109 2398; x_wconf 85' lang='lat' dir='ltr'><strong>pristinam</strong></span> <span class='ocrx_word' id='word_1_294' title='bbox 1141 2335 1540 2382; x_wconf 85' lang='lat' dir='ltr'><strong>sacrosanctum</strong></span> <span class='ocrx_word' id='word_1_295' title='bbox 1570 2328 1745 2381; x_wconf 83' lang='lat' dir='ltr'><strong>retor-</strong></span> 
     </span>
    </p>
   </div>
   <div class='ocr_carea' id='block_1_35' title="bbox 150 2418 1744 2492">
    <p class='ocr_par' dir='ltr' id='par_1_35' title="bbox 150 2418 1744 2492">
     <span class='ocr_line' id='line_1_35' title="bbox 150 2418 1744 2492; baseline -0.003 -16"><span class='ocrx_word' id='word_1_296' title='bbox 150 2431 316 2477; x_wconf 88' lang='lat' dir='ltr'><strong>maret</strong></span> <span class='ocrx_word' id='word_1_297' title='bbox 343 2422 703 2492; x_wconf 76' lang='lat' dir='ltr'><strong>mysterium;</strong></span> <span class='ocrx_word' id='word_1_298' title='bbox 760 2426 1025 2487; x_wconf 78' lang='lat' dir='ltr'><strong>quatenus</strong></span> <span class='ocrx_word' id='word_1_299' title='bbox 1073 2418 1283 2472; x_wconf 85' lang='lat' dir='ltr'><strong>mulieri</strong></span> <span class='ocrx_word' id='word_1_300' title='bbox 1333 2418 1399 2471; x_wconf 88' lang='lat' dir='ltr'><strong>ad</strong></span> <span class='ocrx_word' id='word_1_301' title='bbox 1427 2418 1744 2473; x_wconf 87' lang='lat' dir='ltr'><strong>sumendum</strong></span> 
     </span>
    </p>
   </div>
   <div class='ocr_carea' id='block_1_36' title="bbox 148 2505 1744 2583">
    <p class='ocr_par' dir='ltr' id='par_1_36' title="bbox 148 2505 1744 2583">
     <span class='ocr_line' id='line_1_36' title="bbox 148 2505 1744 2583; baseline -0.002 -18"><span class='ocrx_word' id='word_1_302' title='bbox 148 2513 326 2567; x_wconf 81' lang='lat' dir='ltr'><strong>fuisset</strong></span> <span class='ocrx_word' id='word_1_303' title='bbox 347 2510 637 2583; x_wconf 86' lang='lat' dir='ltr'><strong>possibile,</strong></span> <span class='ocrx_word' id='word_1_304' title='bbox 665 2509 807 2578; x_wconf 90' lang='lat' dir='ltr'><strong>quod</strong></span> <span class='ocrx_word' id='word_1_305' title='bbox 837 2516 892 2564; x_wconf 86' lang='lat' dir='ltr'><strong>et</strong></span> <span class='ocrx_word' id='word_1_306' title='bbox 927 2509 1126 2564; x_wconf 81' lang='lat' dir='ltr'><strong>factum</strong></span> <span class='ocrx_word' id='word_1_307' title='bbox 1175 2515 1278 2562; x_wconf 91' lang='lat' dir='ltr'><strong>est.</strong></span> <span class='ocrx_word' id='word_1_308' title='bbox 1314 2505 1466 2562; x_wconf 88' lang='lat' dir='ltr'><strong>Unde</strong></span> <span class='ocrx_word' id='word_1_309' title='bbox 1492 2507 1744 2577; x_wconf 67' lang='lat' dir='ltr'><strong>saepefata</strong></span> 
     </span>
    </p>
   </div>
   <div class='ocr_carea' id='block_1_37' title="bbox 145 2598 1744 2671">
    <p class='ocr_par' dir='ltr' id='par_1_37' title="bbox 145 2598 1744 2671">
     <span class='ocr_line' id='line_1_37' title="bbox 145 2598 1744 2671; baseline -0.004 -15"><span class='ocrx_word' id='word_1_310' title='bbox 145 2603 326 2658; x_wconf 89' lang='lat' dir='ltr'><strong>mulier</strong></span> <span class='ocrx_word' id='word_1_311' title='bbox 349 2602 654 2671; x_wconf 80' lang='lat' dir='ltr'><strong>plurimum</strong></span> <span class='ocrx_word' id='word_1_312' title='bbox 677 2600 730 2654; x_wconf 91' lang='lat' dir='ltr'><strong>in</strong></span> <span class='ocrx_word' id='word_1_313' title='bbox 761 2615 914 2654; x_wconf 84' lang='lat' dir='ltr'><strong>sacra</strong></span> <span class='ocrx_word' id='word_1_314' title='bbox 933 2599 1195 2666; x_wconf 81' lang='lat' dir='ltr'><strong>religione</strong></span> <span class='ocrx_word' id='word_1_315' title='bbox 1218 2613 1283 2652; x_wconf 91' lang='lat' dir='ltr'><strong>ac</strong></span> <span class='ocrx_word' id='word_1_316' title='bbox 1308 2598 1411 2652; x_wconf 85' lang='lat' dir='ltr'><strong>lide</strong></span> <span class='ocrx_word' id='word_1_317' title='bbox 1435 2599 1744 2667; x_wconf 75' lang='lat' dir='ltr'><strong>proﬁciens,</strong></span> 
     </span>
    </p>
   </div>
   <div class='ocr_carea' id='block_1_38' title="bbox 144 2689 1741 2762">
    <p class='ocr_par' dir='ltr' id='par_1_38' title="bbox 144 2689 1741 2762">
     <span class='ocr_line' id='line_1_38' title="bbox 144 2689 1741 2762; baseline -0.004 -15"><span class='ocrx_word' id='word_1_318' title='bbox 144 2693 559 2762; x_wconf 85' lang='lat' dir='ltr'><strong>participatione</strong></span> <span class='ocrx_word' id='word_1_319' title='bbox 595 2690 852 2746; x_wconf 90' lang='lat' dir='ltr'><strong>dominici</strong></span> <span class='ocrx_word' id='word_1_320' title='bbox 903 2689 1229 2744; x_wconf 88' lang='lat' dir='ltr'><strong>sacramenti</strong></span> <span class='ocrx_word' id='word_1_321' title='bbox 1273 2696 1593 2743; x_wconf 87' lang='lat' dir='ltr'><strong>consecrata</strong></span> <span class='ocrx_word' id='word_1_322' title='bbox 1639 2697 1741 2744; x_wconf 89' lang='lat' dir='ltr'><strong>est.</strong></span> 
     </span>
    </p>
   </div>
   <div class='ocr_carea' id='block_1_39' title="bbox 144 2779 1746 2853">
    <p class='ocr_par' dir='ltr' id='par_1_39' title="bbox 144 2779 1746 2853">
     <span class='ocr_line' id='line_1_39' title="bbox 144 2779 1746 2853; baseline -0.001 -17"><span class='ocrx_word' id='word_1_323' title='bbox 144 2784 201 2837; x_wconf 79' lang='lat' dir='ltr'><strong>Et</strong></span> <span class='ocrx_word' id='word_1_324' title='bbox 229 2799 415 2839; x_wconf 89' lang='lat' dir='ltr'><strong>omnes</strong></span> <span class='ocrx_word' id='word_1_325' title='bbox 444 2783 550 2853; x_wconf 84' lang='lat' dir='ltr'><strong>qui</strong></span> <span class='ocrx_word' id='word_1_326' title='bbox 573 2781 839 2846; x_wconf 82' lang='lat' dir='ltr'><strong>viderant,</strong></span> <span class='ocrx_word' id='word_1_327' title='bbox 865 2781 918 2835; x_wconf 92' lang='lat' dir='ltr'><strong>in</strong></span> <span class='ocrx_word' id='word_1_328' title='bbox 941 2779 1125 2834; x_wconf 89' lang='lat' dir='ltr'><strong>divino</strong></span> <span class='ocrx_word' id='word_1_329' title='bbox 1154 2794 1338 2833; x_wconf 88' lang='lat' dir='ltr'><strong>amore</strong></span> <span class='ocrx_word' id='word_1_330' title='bbox 1361 2787 1417 2834; x_wconf 90' lang='lat' dir='ltr'><strong>et</strong></span> <span class='ocrx_word' id='word_1_331' title='bbox 1441 2779 1746 2835; x_wconf 80' lang='lat' dir='ltr'><strong>orthodoxa</strong></span> 
     </span>
    </p>
   </div>
   <div class='ocr_carea' id='block_1_40' title="bbox 145 2873 1196 2929">
    <p class='ocr_par' dir='ltr' id='par_1_40' title="bbox 145 2873 1196 2929">
     <span class='ocr_line' id='line_1_40' title="bbox 145 2873 1196 2929; baseline -0.005 -2"><span class='ocrx_word' id='word_1_332' title='bbox 145 2873 456 2929; x_wconf 85' lang='lat' dir='ltr'><strong>credulitate</strong></span> <span class='ocrx_word' id='word_1_333' title='bbox 496 2873 792 2928; x_wconf 81' lang='lat' dir='ltr'><strong>ferventius</strong></span> <span class='ocrx_word' id='word_1_334' title='bbox 817 2878 1196 2926; x_wconf 86' lang='lat' dir='ltr'><strong>excreverunt.</strong></span> 
     </span>
    </p>
   </div>
   <div class='ocr_carea' id='block_1_41' title="bbox 206 2962 1746 3034">
    <p class='ocr_par' dir='ltr' id='par_1_41' title="bbox 206 2962 1746 3034">
     <span class='ocr_line' id='line_1_41' title="bbox 206 2962 1746 3034; baseline -0.003 -14"><span class='ocrx_word' id='word_1_335' title='bbox 206 2968 284 3021; x_wconf 67' lang='lat' dir='ltr'><strong>it.</strong></span> <span class='ocrx_word' id='word_1_336' title='bbox 318 2967 573 3034; x_wconf 72' lang='lat' dir='ltr'><strong>Quidam</strong></span> <span class='ocrx_word' id='word_1_337' title='bbox 601 2979 820 3034; x_wconf 79' lang='lat' dir='ltr'><strong>quoque</strong></span> <span class='ocrx_word' id='word_1_338' title='bbox 851 2962 1216 3018; x_wconf 84' lang='lat' dir='ltr'><strong>nobilissimus</strong></span> <span class='ocrx_word' id='word_1_339' title='bbox 1243 2962 1535 3016; x_wconf 85' lang='lat' dir='ltr'><strong>secundum</strong></span> <span class='ocrx_word' id='word_1_340' title='bbox 1567 2962 1746 3016; x_wconf 86' lang='lat' dir='ltr'><strong>carnis</strong></span> 
     </span>
    </p>
   </div>
   <div class='ocr_carea' id='block_1_42' title="bbox 1857 1792 3440 1863">
    <p class='ocr_par' dir='ltr' id='par_1_42' title="bbox 1857 1792 3440 1863">
     <span class='ocr_line' id='line_1_42' title="bbox 1857 1792 3440 1863; baseline -0.001 -17"><span class='ocrx_word' id='word_1_341' title='bbox 1857 1794 2018 1863; x_wconf 89' lang='lat' dir='ltr'><strong>panni</strong></span> <span class='ocrx_word' id='word_1_342' title='bbox 2059 1801 2285 1862; x_wconf 77' lang='lat' dir='ltr'><strong>reperta:</strong></span> <span class='ocrx_word' id='word_1_343' title='bbox 2333 1802 2460 1847; x_wconf 91' lang='lat' dir='ltr'><strong>sunt</strong></span> <span class='ocrx_word' id='word_1_344' title='bbox 2510 1796 2612 1863; x_wconf 75' lang='lat'><strong>12</strong></span> <span class='ocrx_word' id='word_1_345' title='bbox 2659 1793 3026 1862; x_wconf 70' lang='lat' dir='ltr'><strong>portiunculae.</strong></span> <span class='ocrx_word' id='word_1_346' title='bbox 3060 1792 3290 1861; x_wconf 81' lang='lat' dir='ltr'><strong>Moxque</strong></span> <span class='ocrx_word' id='word_1_347' title='bbox 3319 1808 3440 1846; x_wconf 86' lang='lat' dir='ltr'><strong>cuin</strong></span> 
     </span>
    </p>
   </div>
   <div class='ocr_carea' id='block_1_43' title="bbox 1858 1885 3444 1954">
    <p class='ocr_par' dir='ltr' id='par_1_43' title="bbox 1858 1885 3444 1954">
     <span class='ocr_line' id='line_1_43' title="bbox 1858 1885 3444 1954; baseline 0.001 -15"><span class='ocrx_word' id='word_1_348' title='bbox 1858 1887 2223 1953; x_wconf 87' lang='lat' dir='ltr'><strong>indignatione</strong></span> <span class='ocrx_word' id='word_1_349' title='bbox 2253 1885 2477 1940; x_wconf 89' lang='lat' dir='ltr'><strong>Romam</strong></span> <span class='ocrx_word' id='word_1_350' title='bbox 2499 1887 2750 1954; x_wconf 86' lang='lat' dir='ltr'><strong>regressi,</strong></span> <span class='ocrx_word' id='word_1_351' title='bbox 2779 1886 3214 1941; x_wconf 83' lang='lat' dir='ltr'><strong>archidiaconum</strong></span> <span class='ocrx_word' id='word_1_352' title='bbox 3245 1886 3444 1941; x_wconf 89' lang='lat' dir='ltr'><strong>adeunt</strong></span> 
     </span>
    </p>
   </div>
   <div class='ocr_carea' id='block_1_44' title="bbox 1855 1975 3442 2045">
    <p class='ocr_par' dir='ltr' id='par_1_44' title="bbox 1855 1975 3442 2045">
     <span class='ocr_line' id='line_1_44' title="bbox 1855 1975 3442 2045; baseline -0.001 -14"><span class='ocrx_word' id='word_1_353' title='bbox 1855 1984 2251 2045; x_wconf 87' lang='lat' dir='ltr'><strong>conquerentes</strong></span> <span class='ocrx_word' id='word_1_354' title='bbox 2277 1994 2289 2028; x_wconf 85' lang='lat'><strong>:</strong></span> <span class='ocrx_word' id='word_1_355' title='bbox 2320 1975 2387 2030; x_wconf 88' lang='lat' dir='ltr'><strong>Ut</strong></span> <span class='ocrx_word' id='word_1_356' title='bbox 2411 1975 2552 2045; x_wconf 84' lang='lat' dir='ltr'><strong>quid,</strong></span> <span class='ocrx_word' id='word_1_357' title='bbox 2579 1975 2843 2044; x_wconf 89' lang='lat' dir='ltr'><strong>inqttiunt,</strong></span> <span class='ocrx_word' id='word_1_358' title='bbox 2865 1976 3104 2029; x_wconf 79' lang='lat' dir='ltr'><strong>dominus</strong></span> <span class='ocrx_word' id='word_1_359' title='bbox 3131 1978 3442 2045; x_wconf 88' lang='lat' dir='ltr'><strong>apostolicus</strong></span> 
     </span>
    </p>
   </div>
   <div class='ocr_carea' id='block_1_45' title="bbox 1855 2065 3443 2136">
    <p class='ocr_par' dir='ltr' id='par_1_45' title="bbox 1855 2065 3443 2136">
     <span class='ocr_line' id='line_1_45' title="bbox 1855 2065 3443 2136; baseline -0.001 -16"><span class='ocrx_word' id='word_1_360' title='bbox 1855 2077 1880 2106; x_wconf 72' lang='grc' dir='ltr'><strong><em>ο</em></strong></span> <span class='ocrx_word' id='word_1_361' title='bbox 1906 2077 2013 2121; x_wconf 89' lang='lat' dir='ltr'><strong>tam</strong></span> <span class='ocrx_word' id='word_1_362' title='bbox 2035 2068 2299 2136; x_wconf 85' lang='lat' dir='ltr'><strong>vilipendit</strong></span> <span class='ocrx_word' id='word_1_363' title='bbox 2329 2065 2593 2120; x_wconf 88' lang='lat' dir='ltr'><strong>dominum</strong></span> <span class='ocrx_word' id='word_1_364' title='bbox 2621 2075 2871 2129; x_wconf 82' lang='lat' dir='ltr'><strong>nostrum,</strong></span> <span class='ocrx_word' id='word_1_365' title='bbox 2896 2067 2980 2136; x_wconf 73' lang='lat' dir='ltr'><strong>qui</strong></span> <span class='ocrx_word' id='word_1_366' title='bbox 3000 2074 3194 2118; x_wconf 82' lang='lat' dir='ltr'><strong>(autaut</strong></span> <span class='ocrx_word' id='word_1_367' title='bbox 3218 2068 3443 2136; x_wconf 77' lang='lat' dir='ltr'><strong>gratiam</strong></span> 
     </span>
    </p>
   </div>
   <div class='ocr_carea' id='block_1_46' title="bbox 1849 2157 3443 2229">
    <p class='ocr_par' dir='ltr' id='par_1_46' title="bbox 1849 2157 3443 2229">
     <span class='ocr_line' id='line_1_46' title="bbox 1849 2157 3443 2229; baseline -0.002 -16"><span class='ocrx_word' id='word_1_368' title='bbox 1849 2177 1906 2213; x_wconf 87' lang='lat' dir='ltr'><strong>se</strong></span> <span class='ocrx_word' id='word_1_369' title='bbox 1949 2162 2088 2229; x_wconf 83' lang='lat' dir='ltr'><strong>apud</strong></span> <span class='ocrx_word' id='word_1_370' title='bbox 2130 2175 2243 2212; x_wconf 77' lang='lat' dir='ltr'><strong>eum</strong></span> <span class='ocrx_word' id='word_1_371' title='bbox 2283 2157 2565 2211; x_wconf 78' lang='lat' dir='ltr'><strong>obtinuisse</strong></span> <span class='ocrx_word' id='word_1_372' title='bbox 2593 2165 2921 2226; x_wconf 76' lang='lat' dir='ltr'><strong>speraverat;</strong></span> <span class='ocrx_word' id='word_1_373' title='bbox 2968 2158 3104 2226; x_wconf 84' lang='lat' dir='ltr'><strong>quod</strong></span> <span class='ocrx_word' id='word_1_374' title='bbox 3130 2159 3204 2211; x_wconf 86' lang='lat' dir='ltr'><strong>sic</strong></span> <span class='ocrx_word' id='word_1_375' title='bbox 3226 2157 3443 2210; x_wconf 82' lang='lat' dir='ltr'><strong>voluerit</strong></span> 
     </span>
    </p>
   </div>
   <div class='ocr_carea' id='block_1_47' title="bbox 1848 2245 3440 2313">
    <p class='ocr_par' dir='ltr' id='par_1_47' title="bbox 1848 2245 3440 2313">
     <span class='ocr_line' id='line_1_47' title="bbox 1848 2245 3440 2313; baseline -0.003 -10"><span class='ocrx_word' id='word_1_376' title='bbox 1848 2249 1926 2303; x_wconf 90' lang='lat' dir='ltr'><strong>illi</strong></span> <span class='ocrx_word' id='word_1_377' title='bbox 1954 2247 2191 2313; x_wconf 72' lang='lat' dir='ltr'><strong>i‘t&#39;udere,</strong></span> <span class='ocrx_word' id='word_1_378' title='bbox 2215 2256 2264 2300; x_wconf 86' lang='lat' dir='ltr'><strong>et</strong></span> <span class='ocrx_word' id='word_1_379' title='bbox 2293 2262 2388 2299; x_wconf 83' lang='lat' dir='ltr'><strong>nos</strong></span> <span class='ocrx_word' id='word_1_380' title='bbox 2415 2245 2808 2298; x_wconf 70' lang='lat' dir='ltr'><strong>dehoneratieni</strong></span> <span class='ocrx_word' id='word_1_381' title='bbox 2838 2255 2886 2298; x_wconf 89' lang='lat' dir='ltr'><strong>et</strong></span> <span class='ocrx_word' id='word_1_382' title='bbox 2913 2245 3190 2313; x_wconf 74' lang='lat' dir='ltr'><strong>o/feusioui</strong></span> <span class='ocrx_word' id='word_1_383' title='bbox 3217 2261 3326 2299; x_wconf 76' lang='lat' dir='ltr'><strong>sua:</strong></span> <span class='ocrx_word' id='word_1_384' title='bbox 3353 2247 3440 2299; x_wconf 83' lang='lat' dir='ltr'><strong>ad-</strong></span> 
     </span>
    </p>
   </div>
   <div class='ocr_carea' id='block_1_48' title="bbox 1850 2337 3437 2406">
    <p class='ocr_par' dir='ltr' id='par_1_48' title="bbox 1850 2337 3437 2406">
     <span class='ocr_line' id='line_1_48' title="bbox 1850 2337 3437 2406; baseline -0.002 -14"><span class='ocrx_word' id='word_1_385' title='bbox 1850 2339 2056 2392; x_wconf 70' lang='lat' dir='ltr'><strong>d&#39;cere?</strong></span> <span class='ocrx_word' id='word_1_386' title='bbox 2092 2337 2490 2391; x_wconf 61' lang='lat' dir='ltr'><strong>xEstimavimus</strong></span> <span class='ocrx_word' id='word_1_387' title='bbox 2537 2337 2786 2406; x_wconf 82' lang='lat' dir='ltr'><strong>siquidem</strong></span> <span class='ocrx_word' id='word_1_388' title='bbox 2818 2352 2911 2389; x_wconf 87' lang='lat' dir='ltr'><strong>nos</strong></span> <span class='ocrx_word' id='word_1_389' title='bbox 2939 2353 3058 2389; x_wconf 82' lang='lat' dir='ltr'><strong>ossa</strong></span> <span class='ocrx_word' id='word_1_390' title='bbox 3084 2338 3437 2404; x_wconf 83' lang='lat' dir='ltr'><strong>apostolorum</strong></span> 
     </span>
    </p>
   </div>
   <div class='ocr_carea' id='block_1_49' title="bbox 1847 2425 3434 2499">
    <p class='ocr_par' dir='ltr' id='par_1_49' title="bbox 1847 2425 3434 2499">
     <span class='ocr_line' id='line_1_49' title="bbox 1847 2425 3434 2499; baseline -0.003 -16"><span class='ocrx_word' id='word_1_391' title='bbox 1847 2429 1925 2483; x_wconf 86' lang='lat' dir='ltr'><strong>vel</strong></span> <span class='ocrx_word' id='word_1_392' title='bbox 1971 2439 2255 2499; x_wconf 83' lang='lat' dir='ltr'><strong>martyrum</strong></span> <span class='ocrx_word' id='word_1_393' title='bbox 2284 2427 2510 2497; x_wconf 81' lang='lat' dir='ltr'><strong>pretiosa</strong></span> <span class='ocrx_word' id='word_1_394' title='bbox 2540 2426 2656 2480; x_wconf 88' lang='lat' dir='ltr'><strong>hinc</strong></span> <span class='ocrx_word' id='word_1_395' title='bbox 2687 2428 2820 2495; x_wconf 78' lang='lat' dir='ltr'><strong>ferre</strong></span> <span class='ocrx_word' id='word_1_396' title='bbox 2841 2465 2857 2490; x_wconf 94' lang='lat'><strong>,</strong></span> <span class='ocrx_word' id='word_1_397' title='bbox 2893 2426 3023 2479; x_wconf 84' lang='lat' dir='ltr'><strong>sicut</strong></span> <span class='ocrx_word' id='word_1_398' title='bbox 3052 2425 3292 2479; x_wconf 83' lang='lat' dir='ltr'><strong>decuerat</strong></span> <span class='ocrx_word' id='word_1_399' title='bbox 3321 2436 3434 2479; x_wconf 64' lang='lat' dir='ltr'><strong>tam</strong></span> 
     </span>
    </p>
   </div>
   <div class='ocr_carea' id='block_1_50' title="bbox 1847 2518 3436 2585">
    <p class='ocr_par' dir='ltr' id='par_1_50' title="bbox 1847 2518 3436 2585">
     <span class='ocr_line' id='line_1_50' title="bbox 1847 2518 3436 2585; baseline -0.002 -12"><span class='ocrx_word' id='word_1_400' title='bbox 1847 2532 1954 2573; x_wconf 88' lang='lat' dir='ltr'><strong>tum</strong></span> <span class='ocrx_word' id='word_1_401' title='bbox 1985 2522 2167 2585; x_wconf 87' lang='lat' dir='ltr'><strong>virum,</strong></span> <span class='ocrx_word' id='word_1_402' title='bbox 2196 2521 2271 2573; x_wconf 89' lang='lat' dir='ltr'><strong>uti</strong></span> <span class='ocrx_word' id='word_1_403' title='bbox 2297 2520 2535 2572; x_wconf 82' lang='lat' dir='ltr'><strong>dominus</strong></span> <span class='ocrx_word' id='word_1_404' title='bbox 2567 2532 2740 2573; x_wconf 85' lang='lat' dir='ltr'><strong>noster</strong></span> <span class='ocrx_word' id='word_1_405' title='bbox 2755 2527 2851 2584; x_wconf 78' lang='lat' dir='ltr'><strong>est,</strong></span> <span class='ocrx_word' id='word_1_406' title='bbox 2871 2535 2903 2570; x_wconf 76' lang='grc' dir='ltr'><strong><em>η</em></strong></span> <span class='ocrx_word' id='word_1_407' title='bbox 2927 2527 3071 2570; x_wconf 90' lang='lat' dir='ltr'><strong>tanta</strong></span> <span class='ocrx_word' id='word_1_408' title='bbox 3099 2518 3436 2572; x_wconf 85' lang='lat' dir='ltr'><strong>nihilominus</strong></span> 
     </span>
    </p>
   </div>
   <div class='ocr_carea' id='block_1_51' title="bbox 1846 2609 3436 2682">
    <p class='ocr_par' dir='ltr' id='par_1_51' title="bbox 1846 2609 3436 2682">
     <span class='ocr_line' id='line_1_51' title="bbox 1846 2609 3436 2682; baseline -0.003 -17"><span class='ocrx_word' id='word_1_409' title='bbox 1846 2611 1968 2665; x_wconf 74' lang='lat' dir='ltr'><strong>sede</strong></span> <span class='ocrx_word' id='word_1_410' title='bbox 1996 2612 2208 2682; x_wconf 70' lang='lat' dir='ltr'><strong>quaesita</strong></span> <span class='ocrx_word' id='word_1_411' title='bbox 2239 2619 2342 2663; x_wconf 85' lang='lat' dir='ltr'><strong>tant</strong></span> <span class='ocrx_word' id='word_1_412' title='bbox 2371 2609 2525 2680; x_wconf 85' lang='lat' dir='ltr'><strong>longo</strong></span> <span class='ocrx_word' id='word_1_413' title='bbox 2554 2618 2603 2662; x_wconf 90' lang='lat' dir='ltr'><strong>et</strong></span> <span class='ocrx_word' id='word_1_414' title='bbox 2635 2609 2937 2679; x_wconf 79' lang='lat' dir='ltr'><strong>difﬁcillimo</strong></span> <span class='ocrx_word' id='word_1_415' title='bbox 2967 2610 3095 2661; x_wconf 82' lang='lat' dir='ltr'><strong>satis</strong></span> <span class='ocrx_word' id='word_1_416' title='bbox 3120 2609 3336 2672; x_wconf 85' lang='lat' dir='ltr'><strong>itinere,</strong></span> <span class='ocrx_word' id='word_1_417' title='bbox 3387 2617 3436 2660; x_wconf 89' lang='lat' dir='ltr'><strong>et</strong></span> 
     </span>
    </p>
   </div>
   <div class='ocr_carea' id='block_1_52' title="bbox 1848 2698 3431 2770">
    <p class='ocr_par' dir='ltr' id='par_1_52' title="bbox 1848 2698 3431 2770">
     <span class='ocr_line' id='line_1_52' title="bbox 1848 2698 3431 2770; baseline -0.003 -16"><span class='ocrx_word' id='word_1_418' title='bbox 1848 2702 1987 2754; x_wconf 79' lang='lat' dir='ltr'><strong>data:</strong></span> <span class='ocrx_word' id='word_1_419' title='bbox 2015 2710 2133 2754; x_wconf 86' lang='lat' dir='ltr'><strong>sunt</strong></span> <span class='ocrx_word' id='word_1_420' title='bbox 2161 2699 2308 2754; x_wconf 85' lang='lat' dir='ltr'><strong>nobis</strong></span> <span class='ocrx_word' id='word_1_421' title='bbox 2337 2701 2498 2770; x_wconf 83' lang='lat' dir='ltr'><strong>panni</strong></span> <span class='ocrx_word' id='word_1_422' title='bbox 2523 2699 2739 2753; x_wconf 79' lang='lat' dir='ltr'><strong>modica:</strong></span> <span class='ocrx_word' id='word_1_423' title='bbox 2766 2700 3107 2767; x_wconf 68' lang='lat' dir='ltr'><strong>portiunculae</strong></span> <span class='ocrx_word' id='word_1_424' title='bbox 3129 2739 3144 2764; x_wconf 93' lang='lat'><strong>,</strong></span> <span class='ocrx_word' id='word_1_425' title='bbox 3177 2714 3239 2750; x_wconf 93' lang='lat' dir='ltr'><strong>ac</strong></span> <span class='ocrx_word' id='word_1_426' title='bbox 3269 2699 3314 2752; x_wconf 83' lang='lat' dir='ltr'><strong>si</strong></span> <span class='ocrx_word' id='word_1_427' title='bbox 3341 2698 3431 2750; x_wconf 89' lang='lat' dir='ltr'><strong>hu-</strong></span> 
     </span>
    </p>
   </div>
   <div class='ocr_carea' id='block_1_53' title="bbox 1843 2789 3431 2861">
    <p class='ocr_par' dir='ltr' id='par_1_53' title="bbox 1843 2789 3431 2861">
     <span class='ocr_line' id='line_1_53' title="bbox 1843 2789 3431 2861; baseline -0.002 -17"><span class='ocrx_word' id='word_1_428' title='bbox 1843 2791 2073 2861; x_wconf 82' lang='lat' dir='ltr'><strong>jusmodi</strong></span> <span class='ocrx_word' id='word_1_429' title='bbox 2095 2791 2358 2859; x_wconf 84' lang='lat' dir='ltr'><strong>panniculi</strong></span> <span class='ocrx_word' id='word_1_430' title='bbox 2386 2807 2544 2860; x_wconf 85' lang='lat' dir='ltr'><strong>genus</strong></span> <span class='ocrx_word' id='word_1_431' title='bbox 2575 2790 2714 2858; x_wconf 86' lang='lat' dir='ltr'><strong>apud</strong></span> <span class='ocrx_word' id='word_1_432' title='bbox 2741 2805 2834 2842; x_wconf 87' lang='lat' dir='ltr'><strong>nos</strong></span> <span class='ocrx_word' id='word_1_433' title='bbox 2861 2789 3164 2858; x_wconf 84' lang='lat' dir='ltr'><strong>nequivisset</strong></span> <span class='ocrx_word' id='word_1_434' title='bbox 3193 2789 3431 2842; x_wconf 84' lang='lat' dir='ltr'><strong>inveniri.</strong></span> 
     </span>
    </p>
   </div>
   <div class='ocr_carea' id='block_1_54' title="bbox 1851 2879 3436 2948">
    <p class='ocr_par' dir='ltr' id='par_1_54' title="bbox 1851 2879 3436 2948">
     <span class='ocr_line' id='line_1_54' title="bbox 1851 2879 3436 2948; baseline -0.004 -12"><span class='ocrx_word' id='word_1_435' title='bbox 1851 2882 1973 2937; x_wconf 78' lang='lat' dir='ltr'><strong>Nisi</strong></span> <span class='ocrx_word' id='word_1_436' title='bbox 2001 2884 2137 2936; x_wconf 87' lang='lat' dir='ltr'><strong>enim</strong></span> <span class='ocrx_word' id='word_1_437' title='bbox 2164 2892 2319 2934; x_wconf 81' lang='lat' dir='ltr'><strong>cauta</strong></span> <span class='ocrx_word' id='word_1_438' title='bbox 2347 2881 2643 2935; x_wconf 75' lang='lat' dir='ltr'><strong>sollicitudo</strong></span> <span class='ocrx_word' id='word_1_439' title='bbox 2674 2880 2821 2932; x_wconf 87' lang='lat' dir='ltr'><strong>nobis</strong></span> <span class='ocrx_word' id='word_1_440' title='bbox 2847 2879 3188 2942; x_wconf 80' lang='lat' dir='ltr'><strong>subvenisset,</strong></span> <span class='ocrx_word' id='word_1_441' title='bbox 3218 2887 3273 2930; x_wconf 89' lang='lat' dir='ltr'><strong>ut</strong></span> <span class='ocrx_word' id='word_1_442' title='bbox 3300 2879 3436 2948; x_wconf 82' lang='lat' dir='ltr'><strong>quod</strong></span> 
     </span>
    </p>
   </div>
   <div class='ocr_carea' id='block_1_55' title="bbox 1849 2965 3436 3043">
    <p class='ocr_par' dir='ltr' id='par_1_55' title="bbox 1849 2965 3436 3043">
     <span class='ocr_line' id='line_1_55' title="bbox 1849 2965 3436 3043; baseline -0.004 -19"><span class='ocrx_word' id='word_1_443' title='bbox 1849 2969 2148 3043; x_wconf 79' lang='lat' dir='ltr'><strong>gerebamus</strong></span> <span class='ocrx_word' id='word_1_444' title='bbox 2190 2983 2612 3039; x_wconf 79' lang='lat' dir='ltr'><strong>cognosceremus</strong></span> <span class='ocrx_word' id='word_1_445' title='bbox 2631 3008 2646 3034; x_wconf 94' lang='lat'><strong>,</strong></span> <span class='ocrx_word' id='word_1_446' title='bbox 2677 2977 2726 3020; x_wconf 89' lang='lat' dir='ltr'><strong>et</strong></span> <span class='ocrx_word' id='word_1_447' title='bbox 2754 2967 2829 3020; x_wconf 83' lang='lat' dir='ltr'><strong>sic</strong></span> <span class='ocrx_word' id='word_1_448' title='bbox 2859 2966 3044 3020; x_wconf 84' lang='lat' dir='ltr'><strong>stolide</strong></span> <span class='ocrx_word' id='word_1_449' title='bbox 3075 2965 3144 3018; x_wconf 87' lang='lat' dir='ltr'><strong>ad</strong></span> <span class='ocrx_word' id='word_1_450' title='bbox 3173 2967 3436 3019; x_wconf 86' lang='lat' dir='ltr'><strong>dominum</strong></span> 
     </span>
    </p>
   </div>
   <div class='ocr_carea' id='block_1_56' title="bbox 143 3052 1731 3128">
    <p class='ocr_par' dir='ltr' id='par_1_56' title="bbox 143 3052 1731 3128">
     <span class='ocr_line' id='line_1_56' title="bbox 143 3052 1731 3128; baseline -0.005 -16"><span class='ocrx_word' id='word_1_451' title='bbox 143 3059 463 3128; x_wconf 85' lang='lat' dir='ltr'><strong>prosapiam,</strong></span> <span class='ocrx_word' id='word_1_452' title='bbox 503 3063 558 3111; x_wconf 90' lang='lat' dir='ltr'><strong>et</strong></span> <span class='ocrx_word' id='word_1_453' title='bbox 581 3054 987 3126; x_wconf 88' lang='lat' dir='ltr'><strong>potentissimus</strong></span> <span class='ocrx_word' id='word_1_454' title='bbox 1009 3053 1162 3122; x_wconf 84' lang='lat' dir='ltr'><strong>juxta</strong></span> <span class='ocrx_word' id='word_1_455' title='bbox 1192 3053 1393 3120; x_wconf 85' lang='lat' dir='ltr'><strong>regiam</strong></span> <span class='ocrx_word' id='word_1_456' title='bbox 1427 3052 1477 3104; x_wconf 93' lang='lat' dir='ltr'><strong>in</strong></span> <span class='ocrx_word' id='word_1_457' title='bbox 1505 3067 1603 3105; x_wconf 91' lang='lat' dir='ltr'><strong>suo</strong></span> <span class='ocrx_word' id='word_1_458' title='bbox 1626 3066 1731 3104; x_wconf 36' lang='lat' dir='ltr'><strong>mo‘</strong></span> 
     </span>
    </p>
   </div>
   <div class='ocr_carea' id='block_1_57' title="bbox 1840 3052 3436 3128">
    <p class='ocr_par' dir='ltr' id='par_1_57' title="bbox 1846 3055 3436 3127">
     <span class='ocr_line' id='line_1_57' title="bbox 1846 3055 3436 3127; baseline -0.004 -13"><span class='ocrx_word' id='word_1_459' title='bbox 1846 3069 2082 3114; x_wconf 85' lang='lat' dir='ltr'><strong>nostrum</strong></span> <span class='ocrx_word' id='word_1_460' title='bbox 2109 3057 2256 3112; x_wconf 86' lang='lat' dir='ltr'><strong>nobis</strong></span> <span class='ocrx_word' id='word_1_461' title='bbox 2285 3058 2584 3127; x_wconf 87' lang='lat' dir='ltr'><strong>contigisset</strong></span> <span class='ocrx_word' id='word_1_462' title='bbox 2613 3057 2801 3120; x_wconf 83' lang='lat' dir='ltr'><strong>venire,</strong></span> <span class='ocrx_word' id='word_1_463' title='bbox 2825 3055 3034 3108; x_wconf 75' lang='lat' dir='ltr'><strong>dubiant</strong></span> <span class='ocrx_word' id='word_1_464' title='bbox 3062 3071 3166 3108; x_wconf 90' lang='lat' dir='ltr'><strong>non</strong></span> <span class='ocrx_word' id='word_1_465' title='bbox 3193 3063 3267 3108; x_wconf 86' lang='lat' dir='ltr'><strong>est</strong></span> <span class='ocrx_word' id='word_1_466' title='bbox 3298 3057 3436 3124; x_wconf 86' lang='lat' dir='ltr'><strong>peri-</strong></span> 
     </span>
    </p>
   </div>
   <div class='ocr_carea' id='block_1_58' title="bbox 140 3139 1736 3218">
    <p class='ocr_par' dir='ltr' id='par_1_58' title="bbox 140 3139 1736 3218">
     <span class='ocr_line' id='line_1_58' title="bbox 140 3139 1736 3218; baseline -0.005 -15"><span class='ocrx_word' id='word_1_467' title='bbox 140 3151 202 3203; x_wconf 89' lang='lat' dir='ltr'><strong>do</strong></span> <span class='ocrx_word' id='word_1_468' title='bbox 221 3148 711 3218; x_wconf 78' lang='lat' dir='ltr'><strong>magniﬁcentiam,</strong></span> <span class='ocrx_word' id='word_1_469' title='bbox 741 3160 865 3201; x_wconf 88' lang='lat' dir='ltr'><strong>cum</strong></span> <span class='ocrx_word' id='word_1_470' title='bbox 898 3159 992 3214; x_wconf 89' lang='lat' dir='ltr'><strong>per</strong></span> <span class='ocrx_word' id='word_1_471' title='bbox 1016 3142 1387 3196; x_wconf 67' lang='lat' dir='ltr'><strong>internuntios</strong></span> <span class='ocrx_word' id='word_1_472' title='bbox 1402 3139 1736 3195; x_wconf 75' lang='lat' dir='ltr'><strong>familiarita-</strong></span> 
     </span>
    </p>
   </div>
   <div class='ocr_carea' id='block_1_59' title="bbox 139 3230 1732 3309">
    <p class='ocr_par' dir='ltr' id='par_1_59' title="bbox 139 3230 1732 3309">
     <span class='ocr_line' id='line_1_59' title="bbox 139 3230 1732 3309; baseline -0.006 -15"><span class='ocrx_word' id='word_1_473' title='bbox 139 3252 236 3294; x_wconf 86' lang='lat' dir='ltr'><strong>tem</strong></span> <span class='ocrx_word' id='word_1_474' title='bbox 265 3239 599 3309; x_wconf 68' lang='lat' dir='ltr'><strong>apostolicae</strong></span> <span class='ocrx_word' id='word_1_475' title='bbox 629 3236 771 3291; x_wconf 89' lang='lat' dir='ltr'><strong>sedis</strong></span> <span class='ocrx_word' id='word_1_476' title='bbox 801 3235 1028 3304; x_wconf 88' lang='lat' dir='ltr'><strong>adeptus</strong></span> <span class='ocrx_word' id='word_1_477' title='bbox 1070 3239 1236 3294; x_wconf 89' lang='lat' dir='ltr'><strong>esset,</strong></span> <span class='ocrx_word' id='word_1_478' title='bbox 1267 3239 1321 3284; x_wconf 89' lang='lat' dir='ltr'><strong>et</strong></span> <span class='ocrx_word' id='word_1_479' title='bbox 1342 3230 1607 3300; x_wconf 80' lang='lat' dir='ltr'><strong>frequenti</strong></span> <span class='ocrx_word' id='word_1_480' title='bbox 1635 3231 1732 3285; x_wconf 66' lang='grc' dir='ltr'><strong>ειιὲ-</strong></span> 
     </span>
    </p>
   </div>
   <div class='ocr_carea' id='block_1_60' title="bbox 140 3322 1735 3398">
    <p class='ocr_par' dir='ltr' id='par_1_60' title="bbox 140 3322 1735 3398">
     <span class='ocr_line' id='line_1_60' title="bbox 140 3322 1735 3398; baseline -0.004 -15"><span class='ocrx_word' id='word_1_481' title='bbox 140 3331 425 3385; x_wconf 88' lang='lat' dir='ltr'><strong>monitione</strong></span> <span class='ocrx_word' id='word_1_482' title='bbox 449 3328 842 3398; x_wconf 84' lang='lat' dir='ltr'><strong>cpistolarum,</strong></span> <span class='ocrx_word' id='word_1_483' title='bbox 867 3325 1028 3380; x_wconf 89' lang='lat' dir='ltr'><strong>etiam</strong></span> <span class='ocrx_word' id='word_1_484' title='bbox 1051 3338 1081 3376; x_wconf 89' lang='lat' dir='ltr'><strong>a</strong></span> <span class='ocrx_word' id='word_1_485' title='bbox 1103 3324 1261 3377; x_wconf 88' lang='lat' dir='ltr'><strong>beato</strong></span> <span class='ocrx_word' id='word_1_486' title='bbox 1284 3322 1545 3391; x_wconf 85' lang='lat' dir='ltr'><strong>Gregorio</strong></span> <span class='ocrx_word' id='word_1_487' title='bbox 1569 3333 1735 3376; x_wconf 85' lang='lat' dir='ltr'><strong>trans-</strong></span> 
     </span>
    </p>
   </div>
   <div class='ocr_carea' id='block_1_61' title="bbox 138 3415 1729 3484">
    <p class='ocr_par' dir='ltr' id='par_1_61' title="bbox 138 3415 1729 3484">
     <span class='ocr_line' id='line_1_61' title="bbox 138 3415 1729 3484; baseline -0.003 -11"><span class='ocrx_word' id='word_1_488' title='bbox 138 3422 409 3475; x_wconf 86' lang='lat' dir='ltr'><strong>missarum</strong></span> <span class='ocrx_word' id='word_1_489' title='bbox 437 3419 829 3483; x_wconf 80' lang='lat' dir='ltr'><strong>instructione,</strong></span> <span class='ocrx_word' id='word_1_490' title='bbox 851 3429 978 3484; x_wconf 85' lang='lat' dir='ltr'><strong>erga</strong></span> <span class='ocrx_word' id='word_1_491' title='bbox 1007 3415 1101 3468; x_wconf 81' lang='lat' dir='ltr'><strong>Dei</strong></span> <span class='ocrx_word' id='word_1_492' title='bbox 1129 3423 1183 3469; x_wconf 90' lang='lat' dir='ltr'><strong>et</strong></span> <span class='ocrx_word' id='word_1_493' title='bbox 1200 3424 1508 3469; x_wconf 90' lang='lat' dir='ltr'><strong>sanctorum</strong></span> <span class='ocrx_word' id='word_1_494' title='bbox 1529 3415 1729 3468; x_wconf 89' lang='lat' dir='ltr'><strong>cultum</strong></span> 
     </span>
    </p>
   </div>
   <div class='ocr_carea' id='block_1_62' title="bbox 136 3505 1730 3577">
    <p class='ocr_par' dir='ltr' id='par_1_62' title="bbox 136 3505 1730 3577">
     <span class='ocr_line' id='line_1_62' title="bbox 136 3505 1730 3577; baseline -0.003 -13"><span class='ocrx_word' id='word_1_495' title='bbox 136 3512 452 3566; x_wconf 78' lang='lat' dir='ltr'><strong>suﬂicienter</strong></span> <span class='ocrx_word' id='word_1_496' title='bbox 495 3510 684 3565; x_wconf 76' lang='lat' dir='ltr'><strong>luisset</strong></span> <span class='ocrx_word' id='word_1_497' title='bbox 714 3509 968 3570; x_wconf 89' lang='lat' dir='ltr'><strong>imbutus,</strong></span> <span class='ocrx_word' id='word_1_498' title='bbox 993 3507 1137 3561; x_wconf 79' lang='lat' dir='ltr'><strong>misrt</strong></span> <span class='ocrx_word' id='word_1_499' title='bbox 1160 3522 1257 3577; x_wconf 91' lang='lat' dir='ltr'><strong>per</strong></span> <span class='ocrx_word' id='word_1_500' title='bbox 1284 3514 1534 3560; x_wconf 88' lang='lat' dir='ltr'><strong>strenuos</strong></span> <span class='ocrx_word' id='word_1_501' title='bbox 1555 3515 1610 3560; x_wconf 91' lang='lat' dir='ltr'><strong>et</strong></span> <span class='ocrx_word' id='word_1_502' title='bbox 1636 3505 1730 3560; x_wconf 58' lang='lat' dir='ltr'><strong>de.</strong></span> 
     </span>
    </p>
   </div>
   <div class='ocr_carea' id='block_1_63' title="bbox 136 3593 1728 3665">
    <p class='ocr_par' dir='ltr' id='par_1_63' title="bbox 136 3593 1728 3665">
     <span class='ocr_line' id='line_1_63' title="bbox 136 3593 1728 3665; baseline -0.003 -13"><span class='ocrx_word' id='word_1_503' title='bbox 136 3611 280 3654; x_wconf 91' lang='lat' dir='ltr'><strong>votos</strong></span> <span class='ocrx_word' id='word_1_504' title='bbox 305 3601 526 3654; x_wconf 74' lang='lat' dir='ltr'><strong>missos.</strong></span> <span class='ocrx_word' id='word_1_505' title='bbox 544 3597 812 3665; x_wconf 88' lang='lat' dir='ltr'><strong>condigna</strong></span> <span class='ocrx_word' id='word_1_506' title='bbox 844 3607 868 3636; x_wconf 79' lang='grc' dir='ltr'><strong>ο</strong></span> <span class='ocrx_word' id='word_1_507' title='bbox 899 3596 1092 3650; x_wconf 84' lang='lat' dir='ltr'><strong>exenia</strong></span> <span class='ocrx_word' id='word_1_508' title='bbox 1133 3596 1203 3649; x_wconf 82' lang='lat' dir='ltr'><strong>ad</strong></span> <span class='ocrx_word' id='word_1_509' title='bbox 1232 3595 1412 3648; x_wconf 88' lang='lat' dir='ltr'><strong>sedem</strong></span> <span class='ocrx_word' id='word_1_510' title='bbox 1442 3593 1728 3663; x_wconf 82' lang='lat' dir='ltr'><strong>pontiﬁca-</strong></span> 
     </span>
    </p>
   </div>
   <div class='ocr_carea' id='block_1_64' title="bbox 137 3685 1729 3759">
    <p class='ocr_par' dir='ltr' id='par_1_64' title="bbox 137 3685 1729 3759">
     <span class='ocr_line' id='line_1_64' title="bbox 137 3685 1729 3759; baseline -0.003 -17"><span class='ocrx_word' id='word_1_511' title='bbox 137 3689 250 3754; x_wconf 88' lang='lat' dir='ltr'><strong>lctn,</strong></span> <span class='ocrx_word' id='word_1_512' title='bbox 273 3699 464 3759; x_wconf 88' lang='lat' dir='ltr'><strong>petens</strong></span> <span class='ocrx_word' id='word_1_513' title='bbox 502 3687 756 3757; x_wconf 88' lang='lat' dir='ltr'><strong>reliquias</strong></span> <span class='ocrx_word' id='word_1_514' title='bbox 780 3687 1060 3741; x_wconf 87' lang='lat' dir='ltr'><strong>beatorum</strong></span> <span class='ocrx_word' id='word_1_515' title='bbox 1091 3685 1461 3756; x_wconf 88' lang='lat' dir='ltr'><strong>apostolorum</strong></span> <span class='ocrx_word' id='word_1_516' title='bbox 1491 3700 1555 3740; x_wconf 89' lang='lat' dir='ltr'><strong>ac</strong></span> <span class='ocrx_word' id='word_1_517' title='bbox 1586 3701 1729 3738; x_wconf 86' lang='lat' dir='ltr'><strong>mar-</strong></span> 
     </span>
    </p>
   </div>
   <div class='ocr_carea' id='block_1_65' title="bbox 134 3777 1730 3852">
    <p class='ocr_par' dir='ltr' id='par_1_65' title="bbox 134 3777 1730 3852">
     <span class='ocr_line' id='line_1_65' title="bbox 134 3777 1730 3852; baseline -0.001 -19"><span class='ocrx_word' id='word_1_518' title='bbox 134 3790 300 3852; x_wconf 78' lang='lat' dir='ltr'><strong>tyrum</strong></span> <span class='ocrx_word' id='word_1_519' title='bbox 337 3783 440 3836; x_wconf 88' lang='lat' dir='ltr'><strong>sibi</strong></span> <span class='ocrx_word' id='word_1_520' title='bbox 481 3780 799 3835; x_wconf 87' lang='lat' dir='ltr'><strong>transmitti.</strong></span> <span class='ocrx_word' id='word_1_521' title='bbox 839 3777 1005 3847; x_wconf 88' lang='lat' dir='ltr'><strong>Cujus</strong></span> <span class='ocrx_word' id='word_1_522' title='bbox 1035 3779 1240 3846; x_wconf 86' lang='lat' dir='ltr'><strong>legatos</strong></span> <span class='ocrx_word' id='word_1_523' title='bbox 1265 3785 1485 3832; x_wconf 88' lang='lat' dir='ltr'><strong>sanctus</strong></span> <span class='ocrx_word' id='word_1_524' title='bbox 1511 3784 1730 3846; x_wconf 80' lang='lat' dir='ltr'><strong>aposto-</strong></span> 
     </span>
    </p>
   </div>
   <div class='ocr_carea' id='block_1_66' title="bbox 135 3867 1726 3938">
    <p class='ocr_par' dir='ltr' id='par_1_66' title="bbox 135 3867 1726 3938">
     <span class='ocr_line' id='line_1_66' title="bbox 135 3867 1726 3938; baseline -0.003 -13"><span class='ocrx_word' id='word_1_525' title='bbox 135 3873 261 3927; x_wconf 89' lang='lat' dir='ltr'><strong>licus</strong></span> <span class='ocrx_word' id='word_1_526' title='bbox 303 3873 707 3928; x_wconf 82' lang='lat' dir='ltr'><strong>honorabiliter</strong></span> <span class='ocrx_word' id='word_1_527' title='bbox 739 3879 791 3925; x_wconf 91' lang='lat' dir='ltr'><strong>et</strong></span> <span class='ocrx_word' id='word_1_528' title='bbox 820 3871 1080 3938; x_wconf 87' lang='lat' dir='ltr'><strong>gratuiter</strong></span> <span class='ocrx_word' id='word_1_529' title='bbox 1107 3870 1440 3937; x_wconf 83' lang='lat' dir='ltr'><strong>suscipiens,</strong></span> <span class='ocrx_word' id='word_1_530' title='bbox 1481 3867 1726 3935; x_wconf 90' lang='lat' dir='ltr'><strong>aliquan-</strong></span> 
     </span>
    </p>
   </div>
   <div class='ocr_carea' id='block_1_67' title="bbox 130 3957 1732 4034">
    <p class='ocr_par' dir='ltr' id='par_1_67' title="bbox 130 3957 1732 4034">
     <span class='ocr_line' id='line_1_67' title="bbox 130 3957 1732 4034; baseline -0.002 -21"><span class='ocrx_word' id='word_1_531' title='bbox 130 3959 212 4014; x_wconf 89' lang='lat' dir='ltr'><strong>diu</strong></span> <span class='ocrx_word' id='word_1_532' title='bbox 241 3977 434 4034; x_wconf 63' lang='lat' dir='ltr'><strong>sectmr</strong></span> <span class='ocrx_word' id='word_1_533' title='bbox 455 3962 670 4015; x_wconf 79' lang='lat' dir='ltr'><strong>morari</strong></span> <span class='ocrx_word' id='word_1_534' title='bbox 717 3959 862 4024; x_wconf 80' lang='lat' dir='ltr'><strong>fecit,</strong></span> <span class='ocrx_word' id='word_1_535' title='bbox 896 3957 1478 4029; x_wconf 84' lang='lat' dir='ltr'><strong>atque,indesinenter</strong></span> <span class='ocrx_word' id='word_1_536' title='bbox 1523 3963 1732 4010; x_wconf 89' lang='lat' dir='ltr'><strong>sancto-</strong></span> 
     </span>
    </p>
   </div>
   <div class='ocr_carea' id='block_1_68' title="bbox 134 4047 1730 4123">
    <p class='ocr_par' dir='ltr' id='par_1_68' title="bbox 134 4047 1730 4123">
     <span class='ocr_line' id='line_1_68' title="bbox 134 4047 1730 4123; baseline -0.004 -18"><span class='ocrx_word' id='word_1_537' title='bbox 134 4070 243 4108; x_wconf 91' lang='lat' dir='ltr'><strong>rum</strong></span> <span class='ocrx_word' id='word_1_538' title='bbox 288 4053 670 4123; x_wconf 81' lang='lat' dir='ltr'><strong>apostolorum</strong></span> <span class='ocrx_word' id='word_1_539' title='bbox 719 4050 1034 4116; x_wconf 86' lang='lat' dir='ltr'><strong>memorias,</strong></span> <span class='ocrx_word' id='word_1_540' title='bbox 1065 4065 1130 4102; x_wconf 87' lang='lat' dir='ltr'><strong>ac</strong></span> <span class='ocrx_word' id='word_1_541' title='bbox 1170 4047 1480 4102; x_wconf 77' lang='lat' dir='ltr'><strong>cmmeteria</strong></span> <span class='ocrx_word' id='word_1_542' title='bbox 1531 4055 1730 4117; x_wconf 89' lang='lat' dir='ltr'><strong>marty-</strong></span> 
     </span>
    </p>
   </div>
   <div class='ocr_carea' id='block_1_69' title="bbox 129 4137 1728 4211">
    <p class='ocr_par' dir='ltr' id='par_1_69' title="bbox 129 4137 1728 4211">
     <span class='ocr_line' id='line_1_69' title="bbox 129 4137 1728 4211; baseline -0.003 -15"><span class='ocrx_word' id='word_1_543' title='bbox 129 4160 237 4198; x_wconf 88' lang='lat' dir='ltr'><strong>rum</strong></span> <span class='ocrx_word' id='word_1_544' title='bbox 268 4160 336 4199; x_wconf 88' lang='lat' dir='ltr'><strong>ex</strong></span> <span class='ocrx_word' id='word_1_545' title='bbox 381 4158 541 4198; x_wconf 83' lang='lat' dir='ltr'><strong>more</strong></span> <span class='ocrx_word' id='word_1_546' title='bbox 567 4143 763 4211; x_wconf 88' lang='lat' dir='ltr'><strong>prisco,</strong></span> <span class='ocrx_word' id='word_1_547' title='bbox 799 4157 898 4211; x_wconf 91' lang='lat' dir='ltr'><strong>pro</strong></span> <span class='ocrx_word' id='word_1_548' title='bbox 941 4138 1247 4208; x_wconf 87' lang='lat' dir='ltr'><strong>hujusmodi</strong></span> <span class='ocrx_word' id='word_1_549' title='bbox 1271 4138 1494 4206; x_wconf 84' lang='lat' dir='ltr'><strong>negotio</strong></span> <span class='ocrx_word' id='word_1_550' title='bbox 1540 4137 1728 4192; x_wconf 87' lang='lat' dir='ltr'><strong>missas</strong></span> 
     </span>
    </p>
   </div>
   <div class='ocr_carea' id='block_1_70' title="bbox 129 4233 1728 4304">
    <p class='ocr_par' dir='ltr' id='par_1_70' title="bbox 129 4233 1728 4304">
     <span class='ocr_line' id='line_1_70' title="bbox 129 4233 1728 4304; baseline -0.003 -16"><span class='ocrx_word' id='word_1_551' title='bbox 129 4236 472 4299; x_wconf 79' lang='lat' dir='ltr'><strong>celebrando,</strong></span> <span class='ocrx_word' id='word_1_552' title='bbox 520 4244 577 4291; x_wconf 88' lang='lat' dir='ltr'><strong>et</strong></span> <span class='ocrx_word' id='word_1_553' title='bbox 605 4233 859 4304; x_wconf 85' lang='lat' dir='ltr'><strong>reliquias</strong></span> <span class='ocrx_word' id='word_1_554' title='bbox 905 4234 966 4287; x_wconf 82' lang='lat' dir='ltr'><strong>in</strong></span> <span class='ocrx_word' id='word_1_555' title='bbox 1000 4248 1188 4288; x_wconf 90' lang='lat' dir='ltr'><strong>eorum</strong></span> <span class='ocrx_word' id='word_1_556' title='bbox 1215 4233 1568 4286; x_wconf 87' lang='lat' dir='ltr'><strong>veneratione</strong></span> <span class='ocrx_word' id='word_1_557' title='bbox 1596 4246 1728 4285; x_wconf 88' lang='lat' dir='ltr'><strong>con-</strong></span> 
     </span>
    </p>
   </div>
   <div class='ocr_carea' id='block_1_71' title="bbox 127 4321 1724 4394">
    <p class='ocr_par' dir='ltr' id='par_1_71' title="bbox 127 4321 1724 4394">
     <span class='ocr_line' id='line_1_71' title="bbox 127 4321 1724 4394; baseline -0.003 -14"><span class='ocrx_word' id='word_1_558' title='bbox 127 4326 388 4380; x_wconf 83' lang='lat' dir='ltr'><strong>secrando</strong></span> <span class='ocrx_word' id='word_1_559' title='bbox 415 4325 766 4389; x_wconf 84' lang='lat' dir='ltr'><strong>circumiens,</strong></span> <span class='ocrx_word' id='word_1_560' title='bbox 796 4323 1159 4394; x_wconf 72' lang='lat' dir='ltr'><strong>pmfatosquc</strong></span> <span class='ocrx_word' id='word_1_561' title='bbox 1186 4323 1396 4390; x_wconf 85' lang='lat' dir='ltr'><strong>legatos</strong></span> <span class='ocrx_word' id='word_1_562' title='bbox 1425 4321 1526 4375; x_wconf 89' lang='lat' dir='ltr'><strong>sibi</strong></span> <span class='ocrx_word' id='word_1_563' title='bbox 1555 4321 1724 4376; x_wconf 86' lang='lat' dir='ltr'><strong>comi-</strong></span> 
     </span>
    </p>
   </div>
   <div class='ocr_carea' id='block_1_72' title="bbox 196 4479 1719 4549">
    <p class='ocr_par' dir='ltr' id='par_1_72' title="bbox 196 4479 1719 4549">
     <span class='ocr_line' id='line_1_72' title="bbox 196 4479 1719 4549; baseline -0.001 -15"><span class='ocrx_word' id='word_1_564' title='bbox 196 4492 218 4518; x_wconf 82' lang='grc'><strong><em>⁸·</em></strong></span> <span class='ocrx_word' id='word_1_565' title='bbox 259 4482 536 4544; x_wconf 85' lang='lat' dir='ltr'><strong>Bolland.,</strong></span> <span class='ocrx_word' id='word_1_566' title='bbox 567 4481 775 4535; x_wconf 79' lang='lat' dir='ltr'><strong>relevat.</strong></span> <span class='ocrx_word' id='word_1_567' title='bbox 805 4480 878 4536; x_wconf 90' lang='lat' dir='ltr'><strong>De</strong></span> <span class='ocrx_word' id='word_1_568' title='bbox 900 4481 1167 4549; x_wconf 84' lang='lat' dir='ltr'><strong>corporali</strong></span> <span class='ocrx_word' id='word_1_569' title='bbox 1197 4479 1357 4549; x_wconf 84' lang='lat' dir='ltr'><strong>palla,</strong></span> <span class='ocrx_word' id='word_1_570' title='bbox 1385 4494 1487 4548; x_wconf 91' lang='lat' dir='ltr'><strong>qua</strong></span> <span class='ocrx_word' id='word_1_571' title='bbox 1509 4480 1719 4534; x_wconf 86' lang='lat' dir='ltr'><strong>scilicet</strong></span> 
     </span>
    </p>
   </div>
   <div class='ocr_carea' id='block_1_73' title="bbox 123 4550 1717 4620">
    <p class='ocr_par' dir='ltr' id='par_1_73' title="bbox 123 4550 1717 4620">
     <span class='ocr_line' id='line_1_73' title="bbox 123 4550 1717 4620; baseline 0.001 -18"><span class='ocrx_word' id='word_1_572' title='bbox 123 4567 316 4620; x_wconf 73' lang='lat' dir='ltr'><strong>corpus</strong></span> <span class='ocrx_word' id='word_1_573' title='bbox 360 4553 564 4606; x_wconf 84' lang='lat' dir='ltr'><strong>Christi</strong></span> <span class='ocrx_word' id='word_1_574' title='bbox 597 4551 980 4604; x_wconf 84' lang='lat' dir='ltr'><strong>&#39;involvebatur</strong></span> <span class='ocrx_word' id='word_1_575' title='bbox 1009 4558 1062 4604; x_wconf 88' lang='lat' dir='ltr'><strong>et</strong></span> <span class='ocrx_word' id='word_1_576' title='bbox 1095 4551 1391 4617; x_wconf 83' lang='lat' dir='ltr'><strong>tegebatur,</strong></span> <span class='ocrx_word' id='word_1_577' title='bbox 1416 4550 1717 4620; x_wconf 55' lang='lat' dir='ltr'><strong>:legitnrin</strong></span> 
     </span>
    </p>
   </div>
   <div class='ocr_carea' id='block_1_74' title="bbox 128 4618 1718 4690">
    <p class='ocr_par' dir='ltr' id='par_1_74' title="bbox 128 4618 1718 4690">
     <span class='ocr_line' id='line_1_74' title="bbox 128 4618 1718 4690; baseline 0.001 -19"><span class='ocrx_word' id='word_1_578' title='bbox 128 4618 257 4674; x_wconf 85' lang='lat' dir='ltr'><strong>libro</strong></span> <span class='ocrx_word' id='word_1_579' title='bbox 278 4622 556 4687; x_wconf 72' lang='lat' dir='ltr'><strong>Sacram,</strong></span> <span class='ocrx_word' id='word_1_580' title='bbox 581 4624 632 4673; x_wconf 89' lang='lat' dir='ltr'><strong>in</strong></span> <span class='ocrx_word' id='word_1_581' title='bbox 660 4621 999 4674; x_wconf 87' lang='lat' dir='ltr'><strong>ordinatione</strong></span> <span class='ocrx_word' id='word_1_582' title='bbox 1025 4620 1338 4674; x_wconf 59' lang='lat' dir='ltr'><strong>suhzliaconi</strong></span> <span class='ocrx_word' id='word_1_583' title='bbox 1366 4637 1376 4668; x_wconf 88' lang='lat'>:</span> <span class='ocrx_word' id='word_1_584' title='bbox 1407 4618 1575 4690; x_wconf 77' lang='lat' dir='ltr'><strong>Palla:</strong></span> <span class='ocrx_word' id='word_1_585' title='bbox 1603 4636 1718 4690; x_wconf 70' lang='lat' dir='ltr'><strong>qua:</strong></span> 
     </span>
    </p>
   </div>
   <div class='ocr_carea' id='block_1_75' title="bbox 123 4689 1716 4752">
    <p class='ocr_par' dir='ltr' id='par_1_75' title="bbox 123 4689 1716 4752">
     <span class='ocr_line' id='line_1_75' title="bbox 123 4689 1716 4752; baseline 0.001 -12"><span class='ocrx_word' id='word_1_586' title='bbox 123 4701 237 4743; x_wconf 83' lang='lat' dir='ltr'><strong>sunt</strong></span> <span class='ocrx_word' id='word_1_587' title='bbox 260 4692 314 4744; x_wconf 88' lang='lat' dir='ltr'><strong>in</strong></span> <span class='ocrx_word' id='word_1_588' title='bbox 341 4691 692 4744; x_wconf 81' lang='lat' dir='ltr'><strong>su‘bstratorio</strong></span> <span class='ocrx_word' id='word_1_589' title='bbox 720 4693 775 4743; x_wconf 84' lang='lat' dir='ltr'><strong>in</strong></span> <span class='ocrx_word' id='word_1_590' title='bbox 807 4691 913 4743; x_wconf 85' lang='lat' dir='ltr'><strong>alio</strong></span> <span class='ocrx_word' id='word_1_591' title='bbox 938 4707 1058 4744; x_wconf 89' lang='lat' dir='ltr'><strong>vase</strong></span> <span class='ocrx_word' id='word_1_592' title='bbox 1084 4690 1269 4743; x_wconf 81' lang='lat' dir='ltr'><strong>debent</strong></span> <span class='ocrx_word' id='word_1_593' title='bbox 1295 4689 1463 4741; x_wconf 88' lang='lat' dir='ltr'><strong>lavari</strong></span> <span class='ocrx_word' id='word_1_594' title='bbox 1480 4729 1494 4752; x_wconf 93' lang='lat'><strong>,</strong></span> <span class='ocrx_word' id='word_1_595' title='bbox 1528 4691 1581 4742; x_wconf 90' lang='lat' dir='ltr'><strong>iu</strong></span> <span class='ocrx_word' id='word_1_596' title='bbox 1611 4689 1716 4742; x_wconf 89' lang='lat' dir='ltr'><strong>alio</strong></span> 
     </span>
    </p>
   </div>
   <div class='ocr_carea' id='block_1_76' title="bbox 116 4759 1708 4831">
    <p class='ocr_par' dir='ltr' id='par_1_76' title="bbox 116 4759 1708 4831">
     <span class='ocr_line' id='line_1_76' title="bbox 116 4759 1708 4831; baseline 0.001 -21"><span class='ocrx_word' id='word_1_597' title='bbox 116 4763 414 4827; x_wconf 79' lang='lat' dir='ltr'><strong>corporales</strong></span> <span class='ocrx_word' id='word_1_598' title='bbox 444 4762 625 4831; x_wconf 82' lang='lat' dir='ltr'><strong>pallrc.</strong></span> <span class='ocrx_word' id='word_1_599' title='bbox 661 4759 760 4814; x_wconf 83' lang='lat' dir='ltr'><strong>Ubi</strong></span> <span class='ocrx_word' id='word_1_600' title='bbox 775 4761 931 4831; x_wconf 78' lang='lat' dir='ltr'><strong>palla:</strong></span> <span class='ocrx_word' id='word_1_601' title='bbox 947 4761 1240 4829; x_wconf 77' lang='lat' dir='ltr'><strong>corporales</strong></span> <span class='ocrx_word' id='word_1_602' title='bbox 1270 4759 1456 4813; x_wconf 74' lang='lat' dir='ltr'><strong>lavata:</strong></span> <span class='ocrx_word' id='word_1_603' title='bbox 1481 4760 1708 4828; x_wconf 78' lang='lat' dir='ltr'><strong>fuerunt,</strong></span> 
     </span>
    </p>
   </div>
   <div class='ocr_carea' id='block_1_77' title="bbox 118 4841 223 4883">
    <p class='ocr_par' dir='ltr' id='par_1_77' title="bbox 118 4841 223 4883">
     <span class='ocr_line' id='line_1_77' title="bbox 118 4841 223 4883; baseline 0 0"><span class='ocrx_word' id='word_1_604' title='bbox 118 4841 223 4883; x_wconf 77' lang='lat' dir='ltr'><strong>CIC.</strong></span> 
     </span>
    </p>
   </div>
   <div class='ocr_carea' id='block_1_78' title="bbox 186 4897 1714 4965">
    <p class='ocr_par' dir='ltr' id='par_1_78' title="bbox 186 4897 1714 4965">
     <span class='ocr_line' id='line_1_78' title="bbox 186 4897 1714 4965; baseline -0.001 -12"><span class='ocrx_word' id='word_1_605' title='bbox 186 4898 210 4936; x_wconf 73' lang='grc' dir='ltr'>δ</span> <span class='ocrx_word' id='word_1_606' title='bbox 248 4899 348 4954; x_wconf 91' lang='lat' dir='ltr'><strong>llic</strong></span> <span class='ocrx_word' id='word_1_607' title='bbox 399 4901 576 4954; x_wconf 85' lang='lat' dir='ltr'><strong>ltaoes</strong></span> <span class='ocrx_word' id='word_1_608' title='bbox 627 4897 1235 4953; x_wconf 87' lang='lat' dir='ltr'><strong>transsnhstantiationis</strong></span> <span class='ocrx_word' id='word_1_609' title='bbox 1271 4897 1496 4964; x_wconf 84' lang='lat' dir='ltr'><strong>dogma,</strong></span> <span class='ocrx_word' id='word_1_610' title='bbox 1555 4897 1714 4965; x_wconf 84' lang='lat' dir='ltr'><strong>longe</strong></span> 
     </span>
    </p>
   </div>
   <div class='ocr_carea' id='block_1_79' title="bbox 118 4968 1710 5036">
    <p class='ocr_par' dir='ltr' id='par_1_79' title="bbox 118 4968 1710 5036">
     <span class='ocr_line' id='line_1_79' title="bbox 118 4968 1710 5036; baseline 0.001 -18"><span class='ocrx_word' id='word_1_611' title='bbox 118 4978 234 5024; x_wconf 83' lang='lat' dir='ltr'><strong>ante</strong></span> <span class='ocrx_word' id='word_1_612' title='bbox 262 4969 626 5023; x_wconf 82' lang='lat' dir='ltr'><strong>Paschasium</strong></span> <span class='ocrx_word' id='word_1_613' title='bbox 658 4968 1005 5032; x_wconf 87' lang='lat' dir='ltr'><strong>Radbertnm,</strong></span> <span class='ocrx_word' id='word_1_614' title='bbox 1053 4983 1210 5036; x_wconf 89' lang='lat' dir='ltr'><strong>quem</strong></span> <span class='ocrx_word' id='word_1_615' title='bbox 1242 4969 1406 5036; x_wconf 85' lang='lat' dir='ltr'><strong>ipsius</strong></span> <span class='ocrx_word' id='word_1_616' title='bbox 1433 4975 1710 5021; x_wconf 86' lang='lat' dir='ltr'><strong>auctorem</strong></span> 
     </span>
    </p>
   </div>
   <div class='ocr_carea' id='block_1_80' title="bbox 117 5037 1709 5105">
    <p class='ocr_par' dir='ltr' id='par_1_80' title="bbox 117 5037 1709 5105">
     <span class='ocr_line' id='line_1_80' title="bbox 117 5037 1709 5105; baseline 0.003 -19"><span class='ocrx_word' id='word_1_617' title='bbox 117 5039 315 5105; x_wconf 81' lang='lat' dir='ltr'><strong>tingunt</strong></span> <span class='ocrx_word' id='word_1_618' title='bbox 345 5038 684 5093; x_wconf 73' lang='lat' dir='ltr'><strong>Calvinianre</strong></span> <span class='ocrx_word' id='word_1_619' title='bbox 719 5046 877 5093; x_wconf 82' lang='lat' dir='ltr'><strong>sectae</strong></span> <span class='ocrx_word' id='word_1_620' title='bbox 906 5039 1172 5103; x_wconf 88' lang='lat' dir='ltr'><strong>ministri,</strong></span> <span class='ocrx_word' id='word_1_621' title='bbox 1211 5038 1370 5091; x_wconf 82' lang='lat' dir='ltr'><strong>claris</strong></span> <span class='ocrx_word' id='word_1_622' title='bbox 1408 5037 1586 5092; x_wconf 86' lang='lat' dir='ltr'><strong>verbis</strong></span> <span class='ocrx_word' id='word_1_623' title='bbox 1621 5051 1709 5091; x_wconf 86' lang='lat' dir='ltr'><strong>as-</strong></span> 
     </span>
    </p>
   </div>
   <div class='ocr_carea' id='block_1_81' title="bbox 114 5122 334 5163">
    <p class='ocr_par' dir='ltr' id='par_1_81' title="bbox 114 5122 334 5163">
     <span class='ocr_line' id='line_1_81' title="bbox 114 5122 334 5163; baseline 0.009 -3"><span class='ocrx_word' id='word_1_624' title='bbox 114 5122 334 5163; x_wconf 86' lang='lat' dir='ltr'><strong>sertum.</strong></span> 
     </span>
    </p>
   </div>
   <div class='ocr_carea' id='block_1_82' title="bbox 180 5175 1710 5246">
    <p class='ocr_par' dir='ltr' id='par_1_82' title="bbox 180 5175 1710 5246">
     <span class='ocr_line' id='line_1_82' title="bbox 180 5175 1710 5246; baseline 0 -14"><span class='ocrx_word' id='word_1_625' title='bbox 180 5190 201 5216; x_wconf 73' lang='grc' dir='ltr'><strong>ε</strong></span> <span class='ocrx_word' id='word_1_626' title='bbox 240 5179 438 5238; x_wconf 85' lang='lat' dir='ltr'><strong>Guss.,</strong></span> <span class='ocrx_word' id='word_1_627' title='bbox 472 5194 709 5243; x_wconf 88' lang='lat' dir='ltr'><strong>munera,</strong></span> <span class='ocrx_word' id='word_1_628' title='bbox 735 5178 1009 5246; x_wconf 82' lang='lat' dir='ltr'><strong>explicans</strong></span> <span class='ocrx_word' id='word_1_629' title='bbox 1037 5176 1266 5230; x_wconf 85' lang='lat' dir='ltr'><strong>lortasse</strong></span> <span class='ocrx_word' id='word_1_630' title='bbox 1293 5176 1419 5246; x_wconf 87' lang='lat' dir='ltr'><strong>qttid</strong></span> <span class='ocrx_word' id='word_1_631' title='bbox 1447 5175 1710 5243; x_wconf 82' lang='lat' dir='ltr'><strong>signiﬁce-</strong></span> 
     </span>
    </p>
   </div>
   <div class='ocr_carea' id='block_1_83' title="bbox 110 5246 1703 5316">
    <p class='ocr_par' dir='ltr' id='par_1_83' title="bbox 110 5246 1703 5316">
     <span class='ocr_line' id='line_1_83' title="bbox 110 5246 1703 5316; baseline 0.003 -20"><span class='ocrx_word' id='word_1_632' title='bbox 110 5254 192 5298; x_wconf 87' lang='lat' dir='ltr'><strong>tur</strong></span> <span class='ocrx_word' id='word_1_633' title='bbox 215 5263 314 5316; x_wconf 91' lang='lat' dir='ltr'><strong>per</strong></span> <span class='ocrx_word' id='word_1_634' title='bbox 341 5250 565 5301; x_wconf 80' lang='lat' dir='ltr'><strong>exenia.</strong></span> <span class='ocrx_word' id='word_1_635' title='bbox 612 5248 911 5312; x_wconf 83' lang='lat' dir='ltr'><strong>Legendum</strong></span> <span class='ocrx_word' id='word_1_636' title='bbox 940 5247 1152 5301; x_wconf 89' lang='lat' dir='ltr'><strong>videtur</strong></span> <span class='ocrx_word' id='word_1_637' title='bbox 1180 5247 1358 5316; x_wconf 89' lang='lat' dir='ltr'><strong>potius</strong></span> <span class='ocrx_word' id='word_1_638' title='bbox 1381 5248 1559 5300; x_wconf 65' lang='grc' dir='ltr'><strong>πρηέα.</strong></span> <span class='ocrx_word' id='word_1_639' title='bbox 1592 5246 1703 5301; x_wconf 90' lang='lat' dir='ltr'><strong>Xe-</strong></span> 
     </span>
    </p>
   </div>
   <div class='ocr_carea' id='block_1_84' title="bbox 107 5316 1700 5389">
    <p class='ocr_par' dir='ltr' id='par_1_84' title="bbox 107 5316 1700 5389">
     <span class='ocr_line' id='line_1_84' title="bbox 107 5316 1700 5389; baseline 0.002 -21"><span class='ocrx_word' id='word_1_640' title='bbox 107 5317 249 5389; x_wconf 79' lang='lat' dir='ltr'><strong>nintn</strong></span> <span class='ocrx_word' id='word_1_641' title='bbox 277 5319 434 5372; x_wconf 87' lang='lat' dir='ltr'><strong>enim</strong></span> <span class='ocrx_word' id='word_1_642' title='bbox 470 5324 782 5389; x_wconf 74' lang='lat' dir='ltr'><strong>estmunus</strong></span> <span class='ocrx_word' id='word_1_643' title='bbox 805 5320 964 5389; x_wconf 62' lang='lat' dir='ltr'><strong>.Eéwp,</strong></span> <span class='ocrx_word' id='word_1_644' title='bbox 998 5318 1049 5370; x_wconf 93' lang='lat' dir='ltr'><strong>id</strong></span> <span class='ocrx_word' id='word_1_645' title='bbox 1084 5325 1180 5389; x_wconf 77' lang='lat' dir='ltr'><strong>est</strong></span> <span class='ocrx_word' id='word_1_646' title='bbox 1208 5316 1425 5384; x_wconf 86' lang='lat' dir='ltr'><strong>hospiti,</strong></span> <span class='ocrx_word' id='word_1_647' title='bbox 1461 5318 1700 5389; x_wconf 72' lang='lat' dir='ltr'><strong>missurn.</strong></span> 
     </span>
    </p>
   </div>
   <div class='ocr_carea' id='block_1_85' title="bbox 108 5384 1697 5456">
    <p class='ocr_par' dir='ltr' id='par_1_85' title="bbox 108 5384 1697 5456">
     <span class='ocr_line' id='line_1_85' title="bbox 108 5384 1697 5456; baseline 0.001 -18"><span class='ocrx_word' id='word_1_648' title='bbox 108 5384 181 5438; x_wconf 87' lang='lat' dir='ltr'><strong>lta</strong></span> <span class='ocrx_word' id='word_1_649' title='bbox 209 5401 438 5456; x_wconf 85' lang='lat' dir='ltr'><strong>quoque</strong></span> <span class='ocrx_word' id='word_1_650' title='bbox 473 5387 670 5455; x_wconf 82' lang='lat' dir='ltr'><strong>legitur</strong></span> <span class='ocrx_word' id='word_1_651' title='bbox 698 5386 855 5456; x_wconf 86' lang='lat' dir='ltr'><strong>epist.</strong></span> <span class='ocrx_word' id='word_1_652' title='bbox 900 5384 1026 5441; x_wconf 85' lang='lat' dir='ltr'><strong>olim</strong></span> <span class='ocrx_word' id='word_1_653' title='bbox 1057 5386 1142 5456; x_wconf 53' lang='lat' dir='ltr'><strong>(ig.</strong></span> <span class='ocrx_word' id='word_1_654' title='bbox 1169 5387 1203 5439; x_wconf 92' lang='grc' dir='ltr'><strong>Ι.</strong></span> <span class='ocrx_word' id='word_1_655' title='bbox 1238 5403 1288 5445; x_wconf 85' lang='lat' dir='ltr'><strong>v,</strong></span> <span class='ocrx_word' id='word_1_656' title='bbox 1314 5403 1454 5456; x_wconf 84' lang='lat' dir='ltr'><strong>nunc</strong></span> <span class='ocrx_word' id='word_1_657' title='bbox 1483 5384 1574 5456; x_wconf 77' lang='grc'><strong>65,</strong></span> <span class='ocrx_word' id='word_1_658' title='bbox 1609 5387 1697 5439; x_wconf 87' lang='lat' dir='ltr'><strong>lih.</strong></span> 
     </span>
    </p>
   </div>
   <div class='ocr_carea' id='block_1_86' title="bbox 109 5455 1698 5526">
    <p class='ocr_par' dir='ltr' id='par_1_86' title="bbox 109 5455 1698 5526">
     <span class='ocr_line' id='line_1_86' title="bbox 109 5455 1698 5526; baseline 0 -18"><span class='ocrx_word' id='word_1_659' title='bbox 109 5469 173 5526; x_wconf 58' lang='grc' dir='ltr'><strong>ξι,</strong></span> <span class='ocrx_word' id='word_1_660' title='bbox 205 5455 312 5510; x_wconf 77' lang='lat' dir='ltr'><strong>tam</strong></span> <span class='ocrx_word' id='word_1_661' title='bbox 346 5459 403 5510; x_wconf 87' lang='lat' dir='ltr'><strong>in</strong></span> <span class='ocrx_word' id='word_1_662' title='bbox 437 5456 570 5526; x_wconf 72' lang='lat' dir='ltr'><strong>Mss.</strong></span> <span class='ocrx_word' id='word_1_663' title='bbox 600 5455 760 5526; x_wconf 91' lang='lat' dir='ltr'><strong>quam</strong></span> <span class='ocrx_word' id='word_1_664' title='bbox 793 5456 844 5510; x_wconf 90' lang='lat' dir='ltr'><strong>in</strong></span> <span class='ocrx_word' id='word_1_665' title='bbox 873 5456 1056 5509; x_wconf 85' lang='lat' dir='ltr'><strong>Editis.</strong></span> <span class='ocrx_word' id='word_1_666' title='bbox 1093 5455 1156 5507; x_wconf 86' lang='lat' dir='ltr'><strong>Et.</strong></span> <span class='ocrx_word' id='word_1_667' title='bbox 1185 5457 1237 5508; x_wconf 92' lang='lat' dir='ltr'><strong>in</strong></span> <span class='ocrx_word' id='word_1_668' title='bbox 1265 5464 1371 5509; x_wconf 85' lang='lat' dir='ltr'><strong>vet.</strong></span> <span class='ocrx_word' id='word_1_669' title='bbox 1404 5455 1534 5526; x_wconf 77' lang='lat' dir='ltr'><strong>Cod.</strong></span> <span class='ocrx_word' id='word_1_670' title='bbox 1584 5456 1698 5509; x_wconf 87' lang='lat' dir='ltr'><strong>libri</strong></span> 
     </span>
    </p>
   </div>
   <div class='ocr_carea' id='block_1_87' title="bbox 108 5523 1693 5586">
    <p class='ocr_par' dir='ltr' id='par_1_87' title="bbox 108 5523 1693 5586">
     <span class='ocr_line' id='line_1_87' title="bbox 108 5523 1693 5586; baseline 0.001 -8"><span class='ocrx_word' id='word_1_671' title='bbox 108 5523 400 5580; x_wconf 74' lang='lat' dir='ltr'><strong>Pastoralis</strong></span> <span class='ocrx_word' id='word_1_672' title='bbox 443 5523 649 5582; x_wconf 79' lang='lat' dir='ltr'><strong>Eccles.</strong></span> <span class='ocrx_word' id='word_1_673' title='bbox 682 5527 828 5579; x_wconf 78' lang='lat' dir='ltr'><strong>Belv.</strong></span> <span class='ocrx_word' id='word_1_674' title='bbox 859 5526 1057 5580; x_wconf 78' lang='lat' dir='ltr'><strong>smenlo</strong></span> <span class='ocrx_word' id='word_1_675' title='bbox 1111 5541 1139 5577; x_wconf 66' lang='grc' dir='ltr'>χ</span> <span class='ocrx_word' id='word_1_676' title='bbox 1172 5526 1377 5578; x_wconf 80' lang='lat' dir='ltr'><strong>exarati</strong></span> <span class='ocrx_word' id='word_1_677' title='bbox 1410 5525 1600 5586; x_wconf 67' lang='lat' dir='ltr'><strong>legitur</strong></span> <span class='ocrx_word' id='word_1_678' title='bbox 1645 5526 1693 5579; x_wconf 84' lang='lat' dir='ltr'><strong>iit</strong></span> 
     </span>
    </p>
   </div>
   <div class='ocr_carea' id='block_1_88' title="bbox 105 5593 1689 5664">
    <p class='ocr_par' dir='ltr' id='par_1_88' title="bbox 105 5593 1689 5664">
     <span class='ocr_line' id='line_1_88' title="bbox 105 5593 1689 5664; baseline -0.001 -18"><span class='ocrx_word' id='word_1_679' title='bbox 105 5599 339 5650; x_wconf 69' lang='lat' dir='ltr'><strong>t’arntinc</strong></span> <span class='ocrx_word' id='word_1_680' title='bbox 366 5597 440 5650; x_wconf 87' lang='lat' dir='ltr'><strong>tle</strong></span> <span class='ocrx_word' id='word_1_681' title='bbox 476 5595 696 5659; x_wconf 75' lang='lat' dir='ltr'><strong>I—lngone</strong></span> <span class='ocrx_word' id='word_1_682' title='bbox 726 5597 890 5664; x_wconf 69' lang='lat' dir='ltr'><strong>cpisc.</strong></span> <span class='ocrx_word' id='word_1_683' title='bbox 921 5614 933 5648; x_wconf 91' lang='lat'>:</span> <span class='ocrx_word' id='word_1_684' title='bbox 958 5595 1128 5648; x_wconf 80' lang='lat' dir='ltr'><strong>Xcm&#39;a</strong></span> <span class='ocrx_word' id='word_1_685' title='bbox 1156 5595 1444 5658; x_wconf 83' lang='lat' dir='ltr'><strong>constituis,</strong></span> <span class='ocrx_word' id='word_1_686' title='bbox 1470 5593 1689 5654; x_wconf 77' lang='lat' dir='ltr'><strong>Christe,</strong></span> 
     </span>
    </p>
   </div>
   <div class='ocr_carea' id='block_1_89' title="bbox 107 5664 1690 5744">
    <p class='ocr_par' dir='ltr' id='par_1_89' title="bbox 107 5664 1690 5744">
     <span class='ocr_line' id='line_1_89' title="bbox 107 5664 1690 5744; baseline 0.001 -29"><span class='ocrx_word' id='word_1_687' title='bbox 107 5665 176 5744; x_wconf 70' lang='lat' dir='ltr'><strong>uti</strong></span> <span class='ocrx_word' id='word_1_688' title='bbox 198 5676 274 5721; x_wconf 82' lang='lat' dir='ltr'><strong>est</strong></span> <span class='ocrx_word' id='word_1_689' title='bbox 298 5669 504 5734; x_wconf 78' lang='lat' dir='ltr'><strong>operis.</strong></span> <span class='ocrx_word' id='word_1_690' title='bbox 551 5666 749 5724; x_wconf 80' lang='lat' dir='ltr'><strong>Passim</strong></span> <span class='ocrx_word' id='word_1_691' title='bbox 794 5675 970 5721; x_wconf 84' lang='lat' dir='ltr'><strong>tamen</strong></span> <span class='ocrx_word' id='word_1_692' title='bbox 1003 5664 1048 5719; x_wconf 81' lang='lat' dir='ltr'><strong>.l.</strong></span> <span class='ocrx_word' id='word_1_693' title='bbox 1080 5665 1416 5729; x_wconf 82' lang='lat' dir='ltr'><strong>Sirntondus,</strong></span> <span class='ocrx_word' id='word_1_694' title='bbox 1451 5664 1690 5718; x_wconf 82' lang='lat' dir='ltr'><strong>Mabillo-</strong></span> 
     </span>
    </p>
   </div>
   <div class='ocr_carea' id='block_1_90' title="bbox 1840 3144 3430 3218">
    <p class='ocr_par' dir='ltr' id='par_1_90' title="bbox 1840 3144 3430 3218">
     <span class='ocr_line' id='line_1_90' title="bbox 1840 3144 3430 3218; baseline -0.004 -14"><span class='ocrx_word' id='word_1_695' title='bbox 1840 3153 2010 3205; x_wconf 87' lang='lat' dir='ltr'><strong>culum</strong></span> <span class='ocrx_word' id='word_1_696' title='bbox 2039 3150 2250 3203; x_wconf 86' lang='lat' dir='ltr'><strong>honoris</strong></span> <span class='ocrx_word' id='word_1_697' title='bbox 2295 3158 2345 3202; x_wconf 86' lang='lat' dir='ltr'><strong>et</strong></span> <span class='ocrx_word' id='word_1_698' title='bbox 2391 3149 2576 3218; x_wconf 77' lang='lat' dir='ltr'><strong>gratia:</strong></span> <span class='ocrx_word' id='word_1_699' title='bbox 2604 3163 2712 3200; x_wconf 77' lang='lat' dir='ltr'><strong>sua:</strong></span> <span class='ocrx_word' id='word_1_700' title='bbox 2740 3163 2833 3200; x_wconf 88' lang='lat' dir='ltr'><strong>nos</strong></span> <span class='ocrx_word' id='word_1_701' title='bbox 2862 3144 3096 3199; x_wconf 79' lang='lat' dir='ltr'><strong>debuisse</strong></span> <span class='ocrx_word' id='word_1_702' title='bbox 3147 3146 3430 3199; x_wconf 86' lang='lat' dir='ltr'><strong>incurrere.</strong></span> 
     </span>
    </p>
   </div>
   <div class='ocr_carea' id='block_1_91' title="bbox 1840 3235 3429 3306">
    <p class='ocr_par' dir='ltr' id='par_1_91' title="bbox 1840 3235 3429 3306">
     <span class='ocr_line' id='line_1_91' title="bbox 1840 3235 3429 3306; baseline -0.004 -13"><span class='ocrx_word' id='word_1_703' title='bbox 1840 3241 1988 3306; x_wconf 82' lang='lat' dir='ltr'><strong>Quos</strong></span> <span class='ocrx_word' id='word_1_704' title='bbox 2017 3238 2429 3294; x_wconf 89' lang='lat' dir='ltr'><strong>archidiaconus</strong></span> <span class='ocrx_word' id='word_1_705' title='bbox 2459 3239 2702 3291; x_wconf 81' lang='lat' dir='ltr'><strong>modesta</strong></span> <span class='ocrx_word' id='word_1_706' title='bbox 2734 3236 3106 3305; x_wconf 82' lang='lat' dir='ltr'><strong>increpatione</strong></span> <span class='ocrx_word' id='word_1_707' title='bbox 3134 3235 3429 3304; x_wconf 83' lang='lat' dir='ltr'><strong>redarguit,</strong></span> 
     </span>
    </p>
   </div>
   <div class='ocr_carea' id='block_1_92' title="bbox 1837 3329 3428 3400">
    <p class='ocr_par' dir='ltr' id='par_1_92' title="bbox 1837 3329 3428 3400">
     <span class='ocr_line' id='line_1_92' title="bbox 1837 3329 3428 3400; baseline -0.003 -14"><span class='ocrx_word' id='word_1_708' title='bbox 1837 3348 1934 3387; x_wconf 91' lang='lat' dir='ltr'><strong>cur</strong></span> <span class='ocrx_word' id='word_1_709' title='bbox 1961 3334 2013 3386; x_wconf 88' lang='lat' dir='ltr'><strong>in</strong></span> <span class='ocrx_word' id='word_1_710' title='bbox 2046 3341 2248 3386; x_wconf 88' lang='lat' dir='ltr'><strong>tantam</strong></span> <span class='ocrx_word' id='word_1_711' title='bbox 2280 3331 2754 3400; x_wconf 71' lang='lat' dir='ltr'><strong>przesumptionem</strong></span> <span class='ocrx_word' id='word_1_712' title='bbox 2785 3329 3080 3398; x_wconf 81' lang='lat' dir='ltr'><strong>eruperint,</strong></span> <span class='ocrx_word' id='word_1_713' title='bbox 3125 3338 3183 3384; x_wconf 88' lang='lat' dir='ltr'><strong>ut</strong></span> <span class='ocrx_word' id='word_1_714' title='bbox 3211 3338 3428 3398; x_wconf 83' lang='lat' dir='ltr'><strong>aposto-</strong></span> 
     </span>
    </p>
   </div>
   <div class='ocr_carea' id='block_1_93' title="bbox 1835 3419 3426 3491">
    <p class='ocr_par' dir='ltr' id='par_1_93' title="bbox 1835 3419 3426 3491">
     <span class='ocr_line' id='line_1_93' title="bbox 1835 3419 3426 3491; baseline -0.004 -13"><span class='ocrx_word' id='word_1_715' title='bbox 1835 3423 1940 3478; x_wconf 90' lang='lat' dir='ltr'><strong>lica</strong></span> <span class='ocrx_word' id='word_1_716' title='bbox 1967 3423 2137 3491; x_wconf 91' lang='lat' dir='ltr'><strong>sigilla</strong></span> <span class='ocrx_word' id='word_1_717' title='bbox 2177 3429 2612 3491; x_wconf 88' lang='lat' dir='ltr'><strong>corrumperent,</strong></span> <span class='ocrx_word' id='word_1_718' title='bbox 2646 3420 2870 3474; x_wconf 87' lang='lat' dir='ltr'><strong>hortans</strong></span> <span class='ocrx_word' id='word_1_719' title='bbox 2913 3435 3009 3474; x_wconf 86' lang='lat' dir='ltr'><strong>eos</strong></span> <span class='ocrx_word' id='word_1_720' title='bbox 3055 3428 3114 3473; x_wconf 90' lang='lat' dir='ltr'><strong>ut</strong></span> <span class='ocrx_word' id='word_1_721' title='bbox 3152 3419 3426 3485; x_wconf 89' lang='lat' dir='ltr'><strong>redirent,</strong></span> 
     </span>
    </p>
   </div>
   <div class='ocr_carea' id='block_1_94' title="bbox 1832 3513 3427 3586">
    <p class='ocr_par' dir='ltr' id='par_1_94' title="bbox 1832 3513 3427 3586">
     <span class='ocr_line' id='line_1_94' title="bbox 1832 3513 3427 3586; baseline -0.003 -15"><span class='ocrx_word' id='word_1_722' title='bbox 1832 3526 1888 3571; x_wconf 89' lang='lat' dir='ltr'><strong>et</strong></span> <span class='ocrx_word' id='word_1_723' title='bbox 1934 3532 2053 3586; x_wconf 86' lang='lat' dir='ltr'><strong>quae</strong></span> <span class='ocrx_word' id='word_1_724' title='bbox 2097 3525 2421 3585; x_wconf 84' lang='lat' dir='ltr'><strong>acceperant</strong></span> <span class='ocrx_word' id='word_1_725' title='bbox 2467 3514 2686 3568; x_wconf 88' lang='lat' dir='ltr'><strong>domino</strong></span> <span class='ocrx_word' id='word_1_726' title='bbox 2713 3529 2812 3568; x_wconf 91' lang='lat' dir='ltr'><strong>suo</strong></span> <span class='ocrx_word' id='word_1_727' title='bbox 2842 3529 2964 3568; x_wconf 91' lang='lat' dir='ltr'><strong>cum</strong></span> <span class='ocrx_word' id='word_1_728' title='bbox 3012 3513 3220 3568; x_wconf 89' lang='lat' dir='ltr'><strong>honore</strong></span> <span class='ocrx_word' id='word_1_729' title='bbox 3249 3514 3427 3568; x_wconf 82' lang='lat' dir='ltr'><strong>defer-</strong></span> 
     </span>
    </p>
   </div>
   <div class='ocr_carea' id='block_1_95' title="bbox 1832 3604 3425 3674">
    <p class='ocr_par' dir='ltr' id='par_1_95' title="bbox 1832 3604 3425 3674">
     <span class='ocr_line' id='line_1_95' title="bbox 1832 3604 3425 3674; baseline -0.002 -13"><span class='ocrx_word' id='word_1_730' title='bbox 1832 3616 1972 3662; x_wconf 90' lang='lat' dir='ltr'><strong>rent.</strong></span> <span class='ocrx_word' id='word_1_731' title='bbox 2017 3605 2120 3660; x_wconf 89' lang='lat' dir='ltr'><strong>Sed</strong></span> <span class='ocrx_word' id='word_1_732' title='bbox 2154 3606 2208 3659; x_wconf 87' lang='lat' dir='ltr'><strong>lti</strong></span> <span class='ocrx_word' id='word_1_733' title='bbox 2241 3605 2545 3659; x_wconf 89' lang='lat' dir='ltr'><strong>nullatenus</strong></span> <span class='ocrx_word' id='word_1_734' title='bbox 2587 3604 2808 3660; x_wconf 90' lang='lat' dir='ltr'><strong>monitis</strong></span> <span class='ocrx_word' id='word_1_735' title='bbox 2835 3604 2952 3670; x_wconf 87' lang='lat' dir='ltr'><strong>ejus</strong></span> <span class='ocrx_word' id='word_1_736' title='bbox 2997 3605 3425 3674; x_wconf 85' lang='lat' dir='ltr'><strong>acquiescentes,</strong></span> 
     </span>
    </p>
   </div>
   <div class='ocr_carea' id='block_1_96' title="bbox 1835 3694 3428 3766">
    <p class='ocr_par' dir='ltr' id='par_1_96' title="bbox 1835 3694 3428 3766">
     <span class='ocr_line' id='line_1_96' title="bbox 1835 3694 3428 3766; baseline -0.003 -15"><span class='ocrx_word' id='word_1_737' title='bbox 1835 3713 2003 3766; x_wconf 85' lang='lat' dir='ltr'><strong>usque</strong></span> <span class='ocrx_word' id='word_1_738' title='bbox 2033 3697 2099 3750; x_wconf 91' lang='lat' dir='ltr'><strong>ad</strong></span> <span class='ocrx_word' id='word_1_739' title='bbox 2127 3696 2308 3750; x_wconf 88' lang='lat' dir='ltr'><strong>domni</strong></span> <span class='ocrx_word' id='word_1_740' title='bbox 2335 3696 2580 3762; x_wconf 86' lang='lat' dir='ltr'><strong>Gregorii</strong></span> <span class='ocrx_word' id='word_1_741' title='bbox 2609 3710 2809 3749; x_wconf 89' lang='lat' dir='ltr'><strong>venere</strong></span> <span class='ocrx_word' id='word_1_742' title='bbox 2839 3695 3212 3762; x_wconf 67' lang='lat' dir='ltr'><strong>praesentiam;</strong></span> <span class='ocrx_word' id='word_1_743' title='bbox 3255 3694 3428 3746; x_wconf 82' lang='lat' dir='ltr'><strong>facto-</strong></span> 
     </span>
    </p>
   </div>
   <div class='ocr_carea' id='block_1_97' title="bbox 1832 3782 3424 3856">
    <p class='ocr_par' dir='ltr' id='par_1_97' title="bbox 1832 3782 3424 3856">
     <span class='ocr_line' id='line_1_97' title="bbox 1832 3782 3424 3856; baseline -0.004 -16"><span class='ocrx_word' id='word_1_744' title='bbox 1832 3803 1939 3856; x_wconf 87' lang='lat' dir='ltr'><strong>que</strong></span> <span class='ocrx_word' id='word_1_745' title='bbox 1966 3795 2277 3856; x_wconf 90' lang='lat' dir='ltr'><strong>comperto,</strong></span> <span class='ocrx_word' id='word_1_746' title='bbox 2319 3784 2711 3854; x_wconf 90' lang='lat' dir='ltr'><strong>patientissime</strong></span> <span class='ocrx_word' id='word_1_747' title='bbox 2740 3799 2926 3837; x_wconf 90' lang='lat' dir='ltr'><strong>eorum</strong></span> <span class='ocrx_word' id='word_1_748' title='bbox 2958 3783 3078 3836; x_wconf 91' lang='lat' dir='ltr'><strong>tulit</strong></span> <span class='ocrx_word' id='word_1_749' title='bbox 3123 3782 3424 3844; x_wconf 90' lang='lat' dir='ltr'><strong>stultitiam,</strong></span> 
     </span>
    </p>
   </div>
   <div class='ocr_carea' id='block_1_98' title="bbox 1832 3869 3428 3942">
    <p class='ocr_par' dir='ltr' id='par_1_98' title="bbox 1832 3869 3428 3942">
     <span class='ocr_line' id='line_1_98' title="bbox 1832 3869 3428 3942; baseline -0.005 -12"><span class='ocrx_word' id='word_1_750' title='bbox 1832 3889 2036 3942; x_wconf 84' lang='lat' dir='ltr'><strong>eosque</strong></span> <span class='ocrx_word' id='word_1_751' title='bbox 2094 3873 2455 3927; x_wconf 87' lang='lat' dir='ltr'><strong>sacrosanctis</strong></span> <span class='ocrx_word' id='word_1_752' title='bbox 2506 3871 2790 3924; x_wconf 81' lang='lat' dir='ltr'><strong>missarum</strong></span> <span class='ocrx_word' id='word_1_753' title='bbox 2841 3870 3118 3923; x_wconf 90' lang='lat' dir='ltr'><strong>solemniis</strong></span> <span class='ocrx_word' id='word_1_754' title='bbox 3172 3869 3428 3938; x_wconf 61' lang='lat' dir='ltr'><strong>praecepit</strong></span> 
     </span>
    </p>
   </div>
   <div class='ocr_carea' id='block_1_99' title="bbox 1834 3964 3426 4024">
    <p class='ocr_par' dir='ltr' id='par_1_99' title="bbox 1834 3964 3426 4024">
     <span class='ocr_line' id='line_1_99' title="bbox 1834 3964 3426 4024; baseline -0.003 -1"><span class='ocrx_word' id='word_1_755' title='bbox 1834 3971 2113 4024; x_wconf 81' lang='lat' dir='ltr'><strong>interesse.</strong></span> <span class='ocrx_word' id='word_1_756' title='bbox 2148 3965 2302 4022; x_wconf 86' lang='lat' dir='ltr'><strong>Unde</strong></span> <span class='ocrx_word' id='word_1_757' title='bbox 2329 3981 2450 4020; x_wconf 91' lang='lat' dir='ltr'><strong>cum</strong></span> <span class='ocrx_word' id='word_1_758' title='bbox 2481 3965 2547 4018; x_wconf 88' lang='lat' dir='ltr'><strong>ad</strong></span> <span class='ocrx_word' id='word_1_759' title='bbox 2578 3965 2756 4018; x_wconf 90' lang='lat' dir='ltr'><strong>locum</strong></span> <span class='ocrx_word' id='word_1_760' title='bbox 2787 3964 2869 4017; x_wconf 91' lang='lat' dir='ltr'><strong>sui</strong></span> <span class='ocrx_word' id='word_1_761' title='bbox 2899 3965 3162 4019; x_wconf 88' lang='lat' dir='ltr'><strong>sermonis</strong></span> <span class='ocrx_word' id='word_1_762' title='bbox 3191 3972 3275 4020; x_wconf 90' lang='lat' dir='ltr'><strong>est</strong></span> <span class='ocrx_word' id='word_1_763' title='bbox 3302 3980 3426 4020; x_wconf 87' lang='lat' dir='ltr'><strong>ven-</strong></span> 
     </span>
    </p>
   </div>
   <div class='ocr_carea' id='block_1_100' title="bbox 1833 4055 3422 4128">
    <p class='ocr_par' dir='ltr' id='par_1_100' title="bbox 1833 4055 3422 4128">
     <span class='ocr_line' id='line_1_100' title="bbox 1833 4055 3422 4128; baseline -0.003 -14"><span class='ocrx_word' id='word_1_764' title='bbox 1833 4070 1968 4128; x_wconf 89' lang='lat' dir='ltr'><strong>tum,</strong></span> <span class='ocrx_word' id='word_1_765' title='bbox 2000 4058 2188 4114; x_wconf 88' lang='lat' dir='ltr'><strong>suadct</strong></span> <span class='ocrx_word' id='word_1_766' title='bbox 2217 4057 2417 4127; x_wconf 90' lang='lat' dir='ltr'><strong>populo</strong></span> <span class='ocrx_word' id='word_1_767' title='bbox 2447 4055 2542 4109; x_wconf 90' lang='lat' dir='ltr'><strong>Dei</strong></span> <span class='ocrx_word' id='word_1_768' title='bbox 2576 4063 2884 4110; x_wconf 89' lang='lat' dir='ltr'><strong>sanctorum</strong></span> <span class='ocrx_word' id='word_1_769' title='bbox 2915 4057 3143 4122; x_wconf 83' lang='lat' dir='ltr'><strong>gratiam</strong></span> <span class='ocrx_word' id='word_1_770' title='bbox 3174 4071 3422 4120; x_wconf 83' lang='lat' dir='ltr'><strong>exorare,</strong></span> 
     </span>
    </p>
   </div>
   <div class='ocr_carea' id='block_1_101' title="bbox 1830 4144 3423 4219">
    <p class='ocr_par' dir='ltr' id='par_1_101' title="bbox 1830 4144 3423 4219">
     <span class='ocr_line' id='line_1_101' title="bbox 1830 4144 3423 4219; baseline -0.003 -15"><span class='ocrx_word' id='word_1_771' title='bbox 1830 4158 2098 4219; x_wconf 89' lang='lat' dir='ltr'><strong>quatenus</strong></span> <span class='ocrx_word' id='word_1_772' title='bbox 2137 4149 2190 4202; x_wconf 89' lang='lat' dir='ltr'><strong>in</strong></span> <span class='ocrx_word' id='word_1_773' title='bbox 2231 4147 2335 4202; x_wconf 90' lang='lat' dir='ltr'><strong>hac</strong></span> <span class='ocrx_word' id='word_1_774' title='bbox 2372 4161 2433 4201; x_wconf 89' lang='lat' dir='ltr'><strong>re</strong></span> <span class='ocrx_word' id='word_1_775' title='bbox 2471 4145 2720 4213; x_wconf 85' lang='lat' dir='ltr'><strong>dignetur</strong></span> <span class='ocrx_word' id='word_1_776' title='bbox 2766 4144 3104 4213; x_wconf 81' lang='lat' dir='ltr'><strong>apertissime</strong></span> <span class='ocrx_word' id='word_1_777' title='bbox 3150 4147 3228 4200; x_wconf 83' lang='lat' dir='ltr'><strong>sic</strong></span> <span class='ocrx_word' id='word_1_778' title='bbox 3269 4160 3423 4200; x_wconf 87' lang='lat' dir='ltr'><strong>suam</strong></span> 
     </span>
    </p>
   </div>
   <div class='ocr_carea' id='block_1_102' title="bbox 1830 4235 3420 4311">
    <p class='ocr_par' dir='ltr' id='par_1_102' title="bbox 1830 4235 3420 4311">
     <span class='ocr_line' id='line_1_102' title="bbox 1830 4235 3420 4311; baseline -0.003 -16"><span class='ocrx_word' id='word_1_779' title='bbox 1830 4240 2125 4311; x_wconf 86' lang='lat' dir='ltr'><strong>potentiam</strong></span> <span class='ocrx_word' id='word_1_780' title='bbox 2166 4236 2494 4308; x_wconf 86' lang='lat' dir='ltr'><strong>patefacere,</strong></span> <span class='ocrx_word' id='word_1_781' title='bbox 2527 4243 2584 4290; x_wconf 90' lang='lat' dir='ltr'><strong>ut</strong></span> <span class='ocrx_word' id='word_1_782' title='bbox 2612 4235 2739 4303; x_wconf 90' lang='lat' dir='ltr'><strong>quid</strong></span> <span class='ocrx_word' id='word_1_783' title='bbox 2785 4243 3058 4289; x_wconf 89' lang='lat' dir='ltr'><strong>mereatur</strong></span> <span class='ocrx_word' id='word_1_784' title='bbox 3103 4235 3252 4300; x_wconf 85' lang='lat' dir='ltr'><strong>lides,</strong></span> <span class='ocrx_word' id='word_1_785' title='bbox 3305 4238 3420 4290; x_wconf 87' lang='lat' dir='ltr'><strong>evi-</strong></span> 
     </span>
    </p>
   </div>
   <div class='ocr_carea' id='block_1_103' title="bbox 1828 4325 3419 4396">
    <p class='ocr_par' dir='ltr' id='par_1_103' title="bbox 1828 4325 3419 4396">
     <span class='ocr_line' id='line_1_103' title="bbox 1828 4325 3419 4396; baseline -0.005 -7"><span class='ocrx_word' id='word_1_786' title='bbox 1828 4333 2042 4390; x_wconf 90' lang='lat' dir='ltr'><strong>dentius</strong></span> <span class='ocrx_word' id='word_1_787' title='bbox 2070 4331 2246 4385; x_wconf 89' lang='lat' dir='ltr'><strong>minus</strong></span> <span class='ocrx_word' id='word_1_788' title='bbox 2273 4327 2478 4384; x_wconf 87' lang='lat' dir='ltr'><strong>creduli</strong></span> <span class='ocrx_word' id='word_1_789' title='bbox 2519 4335 2573 4382; x_wconf 92' lang='lat' dir='ltr'><strong>et</strong></span> <span class='ocrx_word' id='word_1_790' title='bbox 2614 4326 2922 4395; x_wconf 84' lang='lat' dir='ltr'><strong>ignorantes</strong></span> <span class='ocrx_word' id='word_1_791' title='bbox 2965 4325 3172 4396; x_wconf 90' lang='lat' dir='ltr'><strong>possint</strong></span> <span class='ocrx_word' id='word_1_792' title='bbox 3215 4341 3419 4396; x_wconf 83' lang='lat' dir='ltr'><strong>cogno-</strong></span> 
     </span>
    </p>
   </div>
   <div class='ocr_carea' id='block_1_104' title="bbox 1823 4474 3414 4545">
    <p class='ocr_par' dir='ltr' id='par_1_104' title="bbox 1823 4474 3414 4545">
     <span class='ocr_line' id='line_1_104' title="bbox 1823 4474 3414 4545; baseline -0.004 -8"><span class='ocrx_word' id='word_1_793' title='bbox 1823 4484 1944 4537; x_wconf 87' lang='lat' dir='ltr'><strong>nius</strong></span> <span class='ocrx_word' id='word_1_794' title='bbox 1986 4490 2042 4535; x_wconf 88' lang='lat' dir='ltr'><strong>et</strong></span> <span class='ocrx_word' id='word_1_795' title='bbox 2091 4479 2180 4534; x_wconf 89' lang='lat' dir='ltr'><strong>alii</strong></span> <span class='ocrx_word' id='word_1_796' title='bbox 2209 4477 2545 4545; x_wconf 87' lang='lat' dir='ltr'><strong>antiquitatis</strong></span> <span class='ocrx_word' id='word_1_797' title='bbox 2587 4474 2842 4539; x_wconf 88' lang='lat' dir='ltr'><strong>studiosi,</strong></span> <span class='ocrx_word' id='word_1_798' title='bbox 2888 4474 2938 4527; x_wconf 93' lang='lat' dir='ltr'><strong>in</strong></span> <span class='ocrx_word' id='word_1_799' title='bbox 2983 4475 3253 4528; x_wconf 87' lang='lat' dir='ltr'><strong>veteribus</strong></span> <span class='ocrx_word' id='word_1_800' title='bbox 3282 4479 3414 4532; x_wconf 42' lang='lat' dir='ltr'><strong>scrii</strong></span> 
     </span>
    </p>
   </div>
   <div class='ocr_carea' id='block_1_105' title="bbox 1821 4546 3280 4623">
    <p class='ocr_par' dir='ltr' id='par_1_105' title="bbox 1821 4546 3280 4623">
     <span class='ocr_line' id='line_1_105' title="bbox 1821 4546 3280 4623; baseline -0.005 -17"><span class='ocrx_word' id='word_1_801' title='bbox 1821 4552 2065 4623; x_wconf 66' lang='lat' dir='ltr'><strong>pluribus</strong></span> <span class='ocrx_word' id='word_1_802' title='bbox 2091 4565 2121 4604; x_wconf 85' lang='lat' dir='ltr'><strong>a</strong></span> <span class='ocrx_word' id='word_1_803' title='bbox 2151 4565 2210 4604; x_wconf 85' lang='lat' dir='ltr'><strong>se</strong></span> <span class='ocrx_word' id='word_1_804' title='bbox 2237 4549 2392 4623; x_wconf 73' lang='lat' dir='ltr'><strong>editis</strong></span> <span class='ocrx_word' id='word_1_805' title='bbox 2423 4546 3044 4623; x_wconf 51' lang='lat' dir='ltr'><strong>reliquerttntnexcuium,</strong></span> <span class='ocrx_word' id='word_1_806' title='bbox 3075 4549 3280 4623; x_wconf 52' lang='lat' dir='ltr'><strong>exenia:</strong></span> 
     </span>
    </p>
   </div>
   <div class='ocr_carea' id='block_1_106' title="bbox 1891 4615 3410 4679">
    <p class='ocr_par' dir='ltr' id='par_1_106' title="bbox 1891 4615 3410 4679">
     <span class='ocr_line' id='line_1_106' title="bbox 1891 4615 3410 4679; baseline -0.006 -4"><span class='ocrx_word' id='word_1_807' title='bbox 1891 4620 1916 4660; x_wconf 76' lang='grc' dir='ltr'><strong>ιι</strong></span> <span class='ocrx_word' id='word_1_808' title='bbox 1959 4622 2164 4675; x_wconf 80' lang='lat' dir='ltr'><strong>Boxum</strong></span> <span class='ocrx_word' id='word_1_809' title='bbox 2208 4634 2304 4674; x_wconf 87' lang='lat' dir='ltr'><strong>seu</strong></span> <span class='ocrx_word' id='word_1_810' title='bbox 2348 4618 2568 4672; x_wconf 83' lang='lat' dir='ltr'><strong>buxtula</strong></span> <span class='ocrx_word' id='word_1_811' title='bbox 2615 4615 2874 4679; x_wconf 77' lang='lat' dir='ltr'><strong>signiﬁcat</strong></span> <span class='ocrx_word' id='word_1_812' title='bbox 2915 4615 3112 4667; x_wconf 77' lang='lat' dir='ltr'><strong>thecam</strong></span> <span class='ocrx_word' id='word_1_813' title='bbox 3158 4631 3222 4669; x_wconf 87' lang='lat' dir='ltr'><strong>ex</strong></span> <span class='ocrx_word' id='word_1_814' title='bbox 3265 4617 3410 4668; x_wconf 78' lang='lat' dir='ltr'><strong>httxo</strong></span> 
     </span>
    </p>
   </div>
   <div class='ocr_carea' id='block_1_107' title="bbox 1818 4683 3410 4753">
    <p class='ocr_par' dir='ltr' id='par_1_107' title="bbox 1818 4683 3410 4753">
     <span class='ocr_line' id='line_1_107' title="bbox 1818 4683 3410 4753; baseline -0.005 -6"><span class='ocrx_word' id='word_1_815' title='bbox 1818 4691 2138 4753; x_wconf 77' lang='lat' dir='ltr'><strong>confectam,</strong></span> <span class='ocrx_word' id='word_1_816' title='bbox 2167 4688 2372 4743; x_wconf 86' lang='lat' dir='ltr'><strong>Gallice</strong></span> <span class='ocrx_word' id='word_1_817' title='bbox 2401 4686 2553 4750; x_wconf 82' lang='lat' dir='ltr'><strong>boite,</strong></span> <span class='ocrx_word' id='word_1_818' title='bbox 2588 4685 2766 4738; x_wconf 83' lang='lat' dir='ltr'><strong>lllahil.</strong></span> <span class='ocrx_word' id='word_1_819' title='bbox 2795 4683 2916 4737; x_wconf 86' lang='lat' dir='ltr'><strong>Tria</strong></span> <span class='ocrx_word' id='word_1_820' title='bbox 2943 4684 3095 4749; x_wconf 81' lang='lat' dir='ltr'><strong>Mss.,</strong></span> <span class='ocrx_word' id='word_1_821' title='bbox 3127 4684 3316 4741; x_wconf 61' lang='lat' dir='ltr'><strong>bustis.</strong></span> <span class='ocrx_word' id='word_1_822' title='bbox 3352 4694 3410 4739; x_wconf 89' lang='lat' dir='ltr'><strong>at</strong></span> 
     </span>
    </p>
   </div>
   <div class='ocr_carea' id='block_1_108' title="bbox 1818 4753 3405 4825">
    <p class='ocr_par' dir='ltr' id='par_1_108' title="bbox 1818 4753 3405 4825">
     <span class='ocr_line' id='line_1_108' title="bbox 1818 4753 3405 4825; baseline -0.007 -10"><span class='ocrx_word' id='word_1_823' title='bbox 1818 4760 2181 4825; x_wconf 81' lang='lat' dir='ltr'><strong>Montbritius,</strong></span> <span class='ocrx_word' id='word_1_824' title='bbox 2214 4757 2428 4812; x_wconf 77' lang='lat' dir='ltr'><strong>buxetis.</strong></span> <span class='ocrx_word' id='word_1_825' title='bbox 2457 4754 2614 4808; x_wconf 84' lang='lat' dir='ltr'><strong>Alintl</strong></span> <span class='ocrx_word' id='word_1_826' title='bbox 2647 4755 2763 4825; x_wconf 81' lang='lat' dir='ltr'><strong>llls.,</strong></span> <span class='ocrx_word' id='word_1_827' title='bbox 2791 4754 2966 4825; x_wconf 70' lang='lat' dir='ltr'><strong>buxis.</strong></span> <span class='ocrx_word' id='word_1_828' title='bbox 3004 4755 3118 4825; x_wconf 81' lang='lat' dir='ltr'><strong>Alta</strong></span> <span class='ocrx_word' id='word_1_829' title='bbox 3151 4756 3276 4816; x_wconf 86' lang='lat' dir='ltr'><strong>tlllO,</strong></span> <span class='ocrx_word' id='word_1_830' title='bbox 3308 4753 3405 4805; x_wconf 83' lang='lat' dir='ltr'><strong>bu-</strong></span> 
     </span>
    </p>
   </div>
   <div class='ocr_carea' id='block_1_109' title="bbox 1819 4824 3407 4886">
    <p class='ocr_par' dir='ltr' id='par_1_109' title="bbox 1819 4824 3407 4886">
     <span class='ocr_line' id='line_1_109' title="bbox 1819 4824 3407 4886; baseline -0.006 -1"><span class='ocrx_word' id='word_1_831' title='bbox 1819 4833 1929 4886; x_wconf 86' lang='lat' dir='ltr'><strong>stis.</strong></span> <span class='ocrx_word' id='word_1_832' title='bbox 1962 4830 2069 4884; x_wconf 90' lang='lat' dir='ltr'><strong>Sed</strong></span> <span class='ocrx_word' id='word_1_833' title='bbox 2100 4824 2223 4881; x_wconf 83' lang='lat' dir='ltr'><strong>mOx</strong></span> <span class='ocrx_word' id='word_1_834' title='bbox 2254 4828 2306 4880; x_wconf 89' lang='lat' dir='ltr'><strong>in</strong></span> <span class='ocrx_word' id='word_1_835' title='bbox 2337 4827 2585 4880; x_wconf 88' lang='lat' dir='ltr'><strong>omnibus</strong></span> <span class='ocrx_word' id='word_1_836' title='bbox 2618 4824 2740 4877; x_wconf 61' lang='lat' dir='ltr'><strong>Mss.</strong></span> <span class='ocrx_word' id='word_1_837' title='bbox 2771 4824 3024 4876; x_wconf 77' lang='lat' dir='ltr'><strong>dlt&#39;UllllIl&#39;</strong></span> <span class='ocrx_word' id='word_1_838' title='bbox 3057 4824 3407 4877; x_wconf 57' lang='grc' dir='ltr'><strong>Μικκίων...</strong></span> 
     </span>
    </p>
   </div>
   <div class='ocr_carea' id='block_1_110' title="bbox 1819 4893 3406 4971">
    <p class='ocr_par' dir='ltr' id='par_1_110' title="bbox 1819 4893 3406 4971">
     <span class='ocr_line' id='line_1_110' title="bbox 1819 4893 3406 4971; baseline -0.007 -17"><span class='ocrx_word' id='word_1_839' title='bbox 1819 4900 2095 4971; x_wconf 81' lang='lat' dir='ltr'><strong>Reliquias</strong></span> <span class='ocrx_word' id='word_1_840' title='bbox 2133 4897 2305 4971; x_wconf 71' lang='lat' dir='ltr'><strong>sancti</strong></span> <span class='ocrx_word' id='word_1_841' title='bbox 2343 4896 2510 4950; x_wconf 77' lang='lat' dir='ltr'><strong>Matri</strong></span> <span class='ocrx_word' id='word_1_842' title='bbox 2555 4895 2717 4971; x_wconf 72' lang='lat' dir='ltr'><strong>fuisse</strong></span> <span class='ocrx_word' id='word_1_843' title='bbox 2855 4893 3073 4971; x_wconf 78' lang='lat' dir='ltr'><strong>buxtttla</strong></span> <span class='ocrx_word' id='word_1_844' title='bbox 3119 4895 3406 4971; x_wconf 71' lang='lat' dir='ltr'><strong>lignea_t&#39;e-</strong></span> 
     </span>
    </p>
   </div>
   <div class='ocr_carea' id='block_1_111' title="bbox 1815 4958 3408 5035">
    <p class='ocr_par' dir='ltr' id='par_1_111' title="bbox 1815 4958 3408 5035">
     <span class='ocr_line' id='line_1_111' title="bbox 1815 4958 3408 5035; baseline -0.008 -10"><span class='ocrx_word' id='word_1_845' title='bbox 1815 4958 2062 5025; x_wconf 74' lang='lat' dir='ltr'><strong>conditas</strong></span> <span class='ocrx_word' id='word_1_846' title='bbox 2087 4968 2299 5035; x_wconf 84' lang='lat' dir='ltr'><strong>scripsit</strong></span> <span class='ocrx_word' id='word_1_847' title='bbox 2329 4975 2548 5019; x_wconf 78' lang='lat' dir='ltr'><strong>sant-tus</strong></span> <span class='ocrx_word' id='word_1_848' title='bbox 2574 4963 2688 5035; x_wconf 78' lang='lat' dir='ltr'><strong>Udo</strong></span> <span class='ocrx_word' id='word_1_849' title='bbox 2717 4965 2839 5035; x_wconf 74' lang='lat' dir='ltr'><strong>abl).</strong></span> <span class='ocrx_word' id='word_1_850' title='bbox 2876 4964 2925 5014; x_wconf 90' lang='lat' dir='ltr'><strong>in</strong></span> <span class='ocrx_word' id='word_1_851' title='bbox 2959 4960 3231 5035; x_wconf 60' lang='lat' dir='ltr'><strong>miraculis</strong></span> <span class='ocrx_word' id='word_1_852' title='bbox 3261 4958 3408 5035; x_wconf 76' lang='lat' dir='ltr'><strong>ejus-</strong></span> 
     </span>
    </p>
   </div>
   <div class='ocr_carea' id='block_1_112' title="bbox 1813 5027 3399 5106">
    <p class='ocr_par' dir='ltr' id='par_1_112' title="bbox 1813 5027 3399 5106">
     <span class='ocr_line' id='line_1_112' title="bbox 1813 5027 3399 5106; baseline -0.008 -14"><span class='ocrx_word' id='word_1_853' title='bbox 1813 5039 1934 5094; x_wconf 86' lang='lat' dir='ltr'><strong>dem</strong></span> <span class='ocrx_word' id='word_1_854' title='bbox 1963 5039 2140 5104; x_wconf 89' lang='lat' dir='ltr'><strong>editis,</strong></span> <span class='ocrx_word' id='word_1_855' title='bbox 2173 5027 2242 5090; x_wconf 51' lang='lat'><strong>1&#39;5</strong></span> <span class='ocrx_word' id='word_1_856' title='bbox 2264 5036 2519 5106; x_wconf 87' lang='lat' dir='ltr'><strong>jattuarii,</strong></span> <span class='ocrx_word' id='word_1_857' title='bbox 2552 5051 2598 5088; x_wconf 88' lang='lat' dir='ltr'><strong>c.</strong></span> <span class='ocrx_word' id='word_1_858' title='bbox 2629 5033 2682 5085; x_wconf 72' lang='grc'><strong>4.</strong></span> <span class='ocrx_word' id='word_1_859' title='bbox 2719 5032 2985 5088; x_wconf 60' lang='grc' dir='ltr'><strong>Βυιιηιδο.</strong></span> <span class='ocrx_word' id='word_1_860' title='bbox 3016 5029 3074 5082; x_wconf 90' lang='lat' dir='ltr'><strong>ln</strong></span> <span class='ocrx_word' id='word_1_861' title='bbox 3113 5027 3260 5081; x_wconf 85' lang='lat' dir='ltr'><strong>Belv.</strong></span> <span class='ocrx_word' id='word_1_862' title='bbox 3298 5029 3399 5095; x_wconf 74' lang='lat' dir='ltr'><strong>leg.</strong></span> 
     </span>
    </p>
   </div>
   <div class='ocr_carea' id='block_1_113' title="bbox 1813 5109 2004 5164">
    <p class='ocr_par' dir='ltr' id='par_1_113' title="bbox 1813 5109 2004 5164">
     <span class='ocr_line' id='line_1_113' title="bbox 1813 5109 2004 5164; baseline 0.01 -2"><span class='ocrx_word' id='word_1_863' title='bbox 1813 5109 2004 5164; x_wconf 75' lang='lat' dir='ltr'><strong>buxtis.</strong></span> 
     </span>
    </p>
   </div>
   <div class='ocr_carea' id='block_1_114' title="bbox 1887 5167 3403 5246">
    <p class='ocr_par' dir='ltr' id='par_1_114' title="bbox 1887 5167 3403 5246">
     <span class='ocr_line' id='line_1_114' title="bbox 1887 5167 3403 5246; baseline -0.009 -13"><span class='ocrx_word' id='word_1_864' title='bbox 1887 5193 1910 5218; x_wconf 74' lang='grc' dir='ltr'>ε</span> <span class='ocrx_word' id='word_1_865' title='bbox 1952 5179 2050 5233; x_wconf 88' lang='lat' dir='ltr'><strong>Hic</strong></span> <span class='ocrx_word' id='word_1_866' title='bbox 2078 5178 2387 5246; x_wconf 80' lang='lat' dir='ltr'><strong>frequenter</strong></span> <span class='ocrx_word' id='word_1_867' title='bbox 2418 5175 2574 5228; x_wconf 89' lang='lat' dir='ltr'><strong>Rom.</strong></span> <span class='ocrx_word' id='word_1_868' title='bbox 2610 5167 3403 5246; x_wconf 47' lang='lat' dir='ltr'><strong>pontifexnapnstoticusappel-</strong></span> 
     </span>
    </p>
   </div>
   <div class='ocr_carea' id='block_1_115' title="bbox 1809 5236 3402 5303">
    <p class='ocr_par' dir='ltr' id='par_1_115' title="bbox 1809 5236 3402 5303">
     <span class='ocr_line' id='line_1_115' title="bbox 1809 5236 3402 5303; baseline -0.008 0"><span class='ocrx_word' id='word_1_869' title='bbox 1809 5249 1968 5303; x_wconf 89' lang='lat' dir='ltr'><strong>latur.</strong></span> <span class='ocrx_word' id='word_1_870' title='bbox 2022 5248 2135 5303; x_wconf 86' lang='lat' dir='ltr'><strong>Hoc</strong></span> <span class='ocrx_word' id='word_1_871' title='bbox 2177 5236 2343 5300; x_wconf 75' lang='lat' dir='ltr'><strong>etiam</strong></span> <span class='ocrx_word' id='word_1_872' title='bbox 2397 5236 2623 5298; x_wconf 79' lang='lat' dir='ltr'><strong>nomine</strong></span> <span class='ocrx_word' id='word_1_873' title='bbox 2659 5239 2802 5303; x_wconf 88' lang='lat' dir='ltr'><strong>apud</strong></span> <span class='ocrx_word' id='word_1_874' title='bbox 2849 5236 3064 5290; x_wconf 67' lang='lat' dir='ltr'><strong>Graecos</strong></span> <span class='ocrx_word' id='word_1_875' title='bbox 3109 5237 3402 5302; x_wconf 79' lang='lat' dir='ltr'><strong>scriptores</strong></span> 
     </span>
    </p>
   </div>
   <div class='ocr_carea' id='block_1_116' title="bbox 1812 5306 3398 5388">
    <p class='ocr_par' dir='ltr' id='par_1_116' title="bbox 1812 5306 3398 5388">
     <span class='ocr_line' id='line_1_116' title="bbox 1812 5306 3398 5388; baseline -0.011 -15"><span class='ocrx_word' id='word_1_876' title='bbox 1812 5336 1948 5388; x_wconf 89' lang='lat' dir='ltr'><strong>papa</strong></span> <span class='ocrx_word' id='word_1_877' title='bbox 1979 5319 2312 5384; x_wconf 82' lang='lat' dir='ltr'><strong>designatur.</strong></span> <span class='ocrx_word' id='word_1_878' title='bbox 2345 5313 2580 5388; x_wconf 45' lang='grc' dir='ltr'><strong>Τιιθρεξειέ</strong></span> <span class='ocrx_word' id='word_1_879' title='bbox 2599 5327 2657 5361; x_wconf 84' lang='lat' dir='ltr'><strong>us</strong></span> <span class='ocrx_word' id='word_1_880' title='bbox 2679 5307 2914 5388; x_wconf 82' lang='lat' dir='ltr'><strong>Studita,</strong></span> <span class='ocrx_word' id='word_1_881' title='bbox 2944 5307 3034 5386; x_wconf 78' lang='lat' dir='ltr'><strong>|i_h.</strong></span> <span class='ocrx_word' id='word_1_882' title='bbox 3059 5323 3092 5368; x_wconf 92' lang='lat' dir='ltr'><strong>t,</strong></span> <span class='ocrx_word' id='word_1_883' title='bbox 3117 5309 3277 5374; x_wconf 83' lang='lat' dir='ltr'><strong>epist.</strong></span> 
     </span>
    </p>
   </div>
   <div class='ocr_carea' id='block_1_117' title="bbox 1809 5377 3399 5452">
    <p class='ocr_par' dir='ltr' id='par_1_117' title="bbox 1809 5377 3399 5452">
     <span class='ocr_line' id='line_1_117' title="bbox 1809 5377 3399 5452; baseline -0.008 -9"><span class='ocrx_word' id='word_1_884' title='bbox 1809 5377 1896 5442; x_wconf 54' lang='lat' dir='ltr'><strong>t&#39;ttl&#39;</strong></span> <span class='ocrx_word' id='word_1_885' title='bbox 1923 5377 2160 5442; x_wconf 46' lang='lat' dir='ltr'><strong>Leonevm</strong></span> <span class='ocrx_word' id='word_1_886' title='bbox 2207 5399 2398 5452; x_wconf 79' lang='lat' dir='ltr'><strong>papam</strong></span> <span class='ocrx_word' id='word_1_887' title='bbox 2427 5400 2438 5432; x_wconf 91' lang='lat'><strong>:</strong></span> <span class='ocrx_word' id='word_1_888' title='bbox 2466 5379 2578 5431; x_wconf 82' lang='lat' dir='ltr'><strong>Tibi</strong></span> <span class='ocrx_word' id='word_1_889' title='bbox 2628 5379 2795 5452; x_wconf 83' lang='lat' dir='ltr'><strong>primo</strong></span> <span class='ocrx_word' id='word_1_890' title='bbox 2839 5377 3063 5452; x_wconf 75' lang='lat' dir='ltr'><strong>omnium</strong></span> <span class='ocrx_word' id='word_1_891' title='bbox 3114 5377 3399 5452; x_wconf 68' lang='lat' dir='ltr'><strong>apostolico</strong></span> 
     </span>
    </p>
   </div>
   <div class='ocr_carea' id='block_1_118' title="bbox 1803 5445 3394 5527">
    <p class='ocr_par' dir='ltr' id='par_1_118' title="bbox 1803 5445 3394 5527">
     <span class='ocr_line' id='line_1_118' title="bbox 1803 5445 3394 5527; baseline -0.008 -16"><span class='ocrx_word' id='word_1_892' title='bbox 1803 5460 1961 5527; x_wconf 81' lang='lat' dir='ltr'><strong>capiti</strong></span> <span class='ocrx_word' id='word_1_893' title='bbox 1991 5465 2170 5527; x_wconf 65' lang='lat' dir='ltr'><strong>nostrg</strong></span> <span class='ocrx_word' id='word_1_894' title='bbox 2197 5445 2437 5527; x_wconf 66' lang='lat' dir='ltr'><strong>nuntiare</strong></span> <span class='ocrx_word' id='word_1_895' title='bbox 2467 5450 2757 5527; x_wconf 60' lang='lat' dir='ltr'><strong>necessario</strong></span> <span class='ocrx_word' id='word_1_896' title='bbox 2783 5447 3088 5527; x_wconf 67' lang='lat' dir='ltr'><strong>optavimus.</strong></span> <span class='ocrx_word' id='word_1_897' title='bbox 3126 5445 3187 5527; x_wconf 63' lang='lat' dir='ltr'><strong>Et</strong></span> <span class='ocrx_word' id='word_1_898' title='bbox 3215 5447 3303 5498; x_wconf 79' lang='lat' dir='ltr'><strong>Ill).</strong></span> <span class='ocrx_word' id='word_1_899' title='bbox 3339 5462 3394 5508; x_wconf 84' lang='lat' dir='ltr'><strong>tt,</strong></span> 
     </span>
    </p>
   </div>
   <div class='ocr_carea' id='block_1_119' title="bbox 1802 5516 3400 5596">
    <p class='ocr_par' dir='ltr' id='par_1_119' title="bbox 1802 5516 3400 5596">
     <span class='ocr_line' id='line_1_119' title="bbox 1802 5516 3400 5596; baseline 0.006 -34"><span class='ocrx_word' id='word_1_900' title='bbox 1802 5516 1961 5596; x_wconf 64' lang='grc' dir='ltr'><strong>ρρῖδι,</strong></span> <span class='ocrx_word' id='word_1_901' title='bbox 2006 5525 2094 5596; x_wconf 66' lang='lat'><strong>55,</strong></span> <span class='ocrx_word' id='word_1_902' title='bbox 2127 5521 2431 5596; x_wconf 85' lang='lat' dir='ltr'><strong>Epiphanio</strong></span> <span class='ocrx_word' id='word_1_903' title='bbox 2463 5536 2472 5568; x_wconf 90' lang='lat'>:</span> <span class='ocrx_word' id='word_1_904' title='bbox 2507 5516 2626 5570; x_wconf 83' lang='lat' dir='ltr'><strong>Misi</strong></span> <span class='ocrx_word' id='word_1_905' title='bbox 2659 5516 2907 5586; x_wconf 76' lang='lat' dir='ltr'><strong>epistolas</strong></span> <span class='ocrx_word' id='word_1_906' title='bbox 2939 5516 3069 5570; x_wconf 64' lang='lat' dir='ltr'><strong>cluas</strong></span> <span class='ocrx_word' id='word_1_907' title='bbox 3101 5518 3168 5568; x_wconf 73' lang='lat' dir='ltr'><strong>iul</strong></span> <span class='ocrx_word' id='word_1_908' title='bbox 3198 5526 3400 5584; x_wconf 81' lang='lat' dir='ltr'><strong>aposto-</strong></span> 
     </span>
    </p>
   </div>
   <div class='ocr_carea' id='block_1_120' title="bbox 1799 5591 2332 5662">
    <p class='ocr_par' dir='ltr' id='par_1_120' title="bbox 1799 5591 2332 5662">
     <span class='ocr_line' id='line_1_120' title="bbox 1799 5591 2332 5662; baseline -0.013 -14"><span class='ocrx_word' id='word_1_909' title='bbox 1799 5591 1974 5651; x_wconf 67' lang='lat' dir='ltr'><strong>licum.</strong></span> <span class='ocrx_word' id='word_1_910' title='bbox 2008 5595 2082 5649; x_wconf 85' lang='lat' dir='ltr'><strong>lla</strong></span> <span class='ocrx_word' id='word_1_911' title='bbox 2116 5591 2332 5662; x_wconf 73' lang='lat' dir='ltr'><strong>passim.</strong></span> 
     </span>
    </p>
   </div>
  </div>
