4018 6364
593 285 663 341 ss
1266 256 1329 337 ε.
1369 277 1693 336 αηεοοιιιι
1736 276 1950 334 MAGNI
1992 275 2178 340 VITA.

2296 274 2543 331 .‘CTORE
2586 275 2811 331 PAULO
2853 275 3167 332 DIACONO.
3794 282 3863 337 I26

588 408 762 451 scere.
795 390 861 445 Et
888 392 1011 445 data
1042 390 1305 454 oratione,
1338 390 1546 461 accepit
1571 390 1637 444 ab
1666 404 1733 444 eo
1761 386 2036 443 cultellum
2078 384 2168 453 qui
2199 391 2242 443 Α
2275 386 2344 441 ad
2378 386 2667 442 vindictam
2696 386 2812 456 ejus
2840 383 2863 422 ἀ
2898 387 3183 455 apodixem
3213 386 3344 441 artis
3384 402 3492 441 sua:
3528 401 3866 448 exercerent.

589 490 951 538 temeraverat
986 480 1134 549 signa
1157 521 1173 547 ,
1223 488 1278 533 et
1324 494 1489 548 super
1534 480 1704 533 altare
1742 476 1986 545 corporis
2013 473 2181 530 sancti

590 571 738 626 Petri
767 578 1047 640 acceptam
1077 585 1241 623 unam
1273 570 1436 638 panni
1468 570 1791 638 portionem,
1823 581 1921 635 per
1949 565 2180 619 medium

593 679 838 737 pungens
881 664 1088 730 secuit;
1138 679 1205 717 ex
1254 678 1358 733 qua
1398 664 1583 717 statim
1613 662 1827 731 sanguis
1856 659 2178 722 decucurrit,

591 766 649 813 et
692 771 910 811 omnem
958 755 1207 811 eamdem
1239 763 1263 791 α
1293 754 1689 824 portiunculam
1736 750 2054 805 cruentavit.
2089 747 2179 801 Vi-

590 851 781 905 dentes
810 856 991 903 autem
1020 845 1371 917 suprascripti
1402 844 1647 912 legatarii
1687 850 1742 896 et
1781 854 1970 894 omnes
1999 838 2181 908 populi

588 940 914 1012 stupendum
942 949 996 995 et
1024 954 1281 995 arcanum
1312 935 1431 990 ﬁdei
1462 950 1627 989 sacrae
1654 933 1969 987 miraculum
1993 972 2007 997 ,
2041 932 2182 986 ccci-

593 1034 791 1089 derunt
817 1032 973 1103 proni
1000 1014 1053 1086 in
1084 1040 1303 1094 terram,
1335 1028 1623 1082 adorantes
1653 1024 1937 1078 Dominum
1960 1063 1975 1089 ,
2020 1032 2075 1077 et
2101 1023 2183 1077 di-

593 1132 780 1181 centes
804 1142 817 1177 ε
844 1122 1107 1177 Mirabilis
1135 1121 1276 1173 Deus
1303 1120 1357 1172 iu
1384 1118 1581 1171 sanctis
1623 1117 1728 1170 suis
1752 1132 1770 1180 ;
1811 1115 1951 1170 Deus
1992 1114 2180 1180 Israel,

590 1218 703 1286 ipse
728 1213 869 1267 dabit
898 1213 1129 1266 rirtutem
1162 1219 1212 1264 et
1240 1208 1596 1281 fortitudinem
1624 1208 1758 1277 plebi
1787 1224 1931 1272 sum;
1970 1206 2179 1261 benedi-

590 1316 700 1358 ctus
740 1302 881 1356 Deus
920 1300 1103 1371 (Psal.
1138 1314 1304 1363 van,
1346 1298 1475 1367 56).
1508 1296 1574 1351 Ει
1603 1296 1749 1351 laeto
1778 1298 1995 1352 silentio
2042 1297 2183 1352 inter

589 1392 693 1445 alia
726 1389 845 1444 fidei
874 1388 1223 1455 documenta,
1253 1386 1387 1442 dixit
1416 1387 1481 1440 ad
1512 1401 1608 1441 eos
1636 1386 1825 1441 beatus
1866 1385 2179 1455 Gregorius,

589 1481 682 1550 qui
727 1488 855 1534 ante
900 1478 997 1534 bas
1042 1477 1378 1543 venerandas
1406 1476 1661 1546 reliquias
1687 1477 1839 1549 parvi
1867 1478 2135 1533 duxerant
2164 1495 2179 1533 :

592 1570 816 1637 Scitote,
843 1572 1057 1641 fratres,
1084 1570 1208 1640 quia
1235 1570 1292 1623 in
1321 1569 1707 1623 consecratione
1734 1570 1964 1639 corporis
1991 1576 2038 1622 et
2067 1585 2184 1622 san-

589 1660 763 1731 guinis
793 1656 1004 1714 Domini
1029 1658 1195 1712 nostri
1228 1655 1574 1711 lesu'Cltristi
1600 1698 1617 1727 ,
1644 1674 1760 1712 cum
1788 1657 1853 1713 ob
1882 1659 2182 1729 sanctiﬁca-

2285 475 2386 541 Qui
2413 490 2535 530 eum
2566 474 2701 531 facie
2737 478 3078 544 ignorantes,
3109 476 3234 529 dum
3265 475 3495 545 quadam
3524 478 3609 532 die
3640 478 3707 535 ad
3744 496 3864 549 pro-

2284 567 2582 624 cessionem
2612 582 2678 621 ex
2707 583 2858 621 more
2888 566 3060 636 pergit
3085 566 3274 621 beatus
3295 568 3605 636 Gregorius,
3637 570 3713 624 illi
3742 572 3871 626 emi-

2283 673 2382 712 nus
2402 674 2556 715 secus
2584 662 2863 715 transitum
2886 670 3092 715 stantes
3111 662 3212 716 sibi
3234 677 3358 716 eum
3382 674 3570 729 rogant
3594 662 3870 720 insinuari.

2284 746 2486 813 Quibus
2516 764 2829 819 responsum
2852 759 2933 805 est
2954 751 3125 819 ipsum
3148 767 3268 806 esse
3294 753 3385 820 qui
3406 754 3554 808 solus
3579 757 3871 824 pontiﬁcali

2282 839 2541 906 dignitate
2583 841 2867 907 cquitans,
2922 843 3314 909 prmeedentem
3361 852 3415 897 et
3456 846 3874 915 subsequentem

2282 942 2510 983 cuneum
2562 930 3045 985 ecclesiasticarum
3090 932 3327 986 virorum
3378 934 3634 996 haberet;
3686 946 3742 991 et
3792 938 3873 991 in-

2285 1025 2497 1073 tuentes
2528 1034 2685 1083 cum,
2726 1029 2951 1089 repente
2991 1036 3187 1090 equum
3228 1022 3371 1077 illius
3409 1024 3684 1079 maleficiis
3710 1028 3819 1080 suis
3845 1044 3874 1081 a

2283 1108 2617 1164 dmmonibns
2652 1110 2835 1164 vexari
2883 1110 3146 1165 fecerunt.
3189 1110 3491 1181 Statimque
3530 1115 3719 1169 beatus
3745 1115 3878 1170 Gre-

2282 1205 2465 1274 gorius
2496 1206 2746 1261 invocato
2789 1206 3006 1261 nomine
3040 1206 3251 1262 Domini
3287 1208 3453 1262 nostri
3495 1208 3617 1265 Iesu
3648 1210 3873 1275 Christi,

2284 1301 2337 1348 et
2365 1295 2509 1349 edito
2537 1296 2691 1364 signo
2719 1296 2916 1362 crucis,
2950 1297 3017 1351 ab
3045 1312 3189 1367 equo
3216 1300 3548 1367 perturbavit
3582 1301 3875 1365 dmmonia;

2283 1385 2690 1455 respiciensque
2720 1386 2771 1440 in
2799 1394 3039 1456 partem,
3078 1402 3203 1442 mox
3232 1396 3289 1441 ut
3314 1402 3500 1457 magos
3529 1400 3612 1444 cst
3638 1401 3879 1446 contem~

2283 1474 2495 1544 platus,
2538 1484 2562 1513 °
2598 1475 2673 1531 illi
2702 1476 2917 1542 creeati,
2946 1485 3002 1532 et
3030 1477 3098 1531 ab
3127 1477 3330 1533 eisdem
3358 1477 3637 1534 dzcmoniis
3667 1484 3878 1538 ocrvasi

2281 1566 2593 1622 ceciderunt
2645 1577 2962 1624 retrorsum.
3018 1569 3169 1626 Unde
3221 1570 3486 1628 intellexit
3537 1573 3620 1627 vir
3666 1574 3877 1630 Domini

2283 1674 2471 1715 eorum
2494 1658 2546 1714 id
2576 1668 2940 1730 perpetratum
2970 1662 3243 1731 nequitia;
3275 1670 3474 1718 etcum
3498 1663 3755 1732 iussisset
3782 1683 3881 1723 eos

592 1755 781 1809 tionem
823 1753 1157 1824 reliquiarum
1184 1752 1239 1807 in
1269 1751 1464 1805 honore
1490 1750 1842 1821 apostolorum
1871 1751 1946 1805 vel
1975 1759 2174 1819 marty-
2210 1741 2253 1800 Β
2281 1748 2348 1804 ad
2372 1765 2432 1805 se
2451 1749 2597 1816 duci,
2626 1749 2939 1818 interrogati
2965 1751 3043 1806 rei
3074 1749 3315 1806 ordinem
3342 1752 3728 1821 prodiderunt;
3761 1762 3881 1824 qui-

590 1865 706 1903 rum
753 1848 917 1920 ipsius
961 1845 1141 1919 quibus
1189 1845 1479 1917 specialiter
1527 1845 1931 1917 assignabautur
1965 1888 1981 1915 ,
2028 1864 2181 1918 super

592 1951 977 1995 sacrosanctum
1019 1939 1187 1994 altare
1210 1938 1460 1992 libamina
1503 1937 1868 2006 o/ferebantur,
1896 1939 2186 2008 semperil-

594 2034 762 2089 lorum
790 2034 1001 2103 sanguis
1028 2031 1120 2086 Iros
1146 2045 1347 2100 pannos
1368 2029 1601 2094 intrarit,
1629 2030 1713 2100 qui
1744 2031 1939 2099 effusus
1976 2040 2052 2084 est
2090 2047 2183 2102 pro

594 2124 805 2178 nomine
851 2121 1045 2175 Christi
1090 2118 1302 2174 Domini
1349 2119 1533 2174 nostri.
1567 2118 1634 2174 Et
1659 2119 1936 2175 aediﬁcetis
1979 2121 2033 2174 in
2082 2119 2185 2177 ﬁde

500 2214 503 2217 λ
594 2214 805 2270 cunctis
831 2213 925 2283 qui
953 2211 1222 2280 viderant,
1269 2212 1599 2281 monitisque
1627 2212 1819 2267 iterum
1849 2212 2086 2267 bnxtulis
2113 2214 2187 2267 si-

592 2320 700 2374 gno
727 2319 847 2370 suo,
880 2302 1099 2357 tradidit
1127 2301 1205 2359 eis
1225 2303 1668 2374 incomparabilia
1693 2320 1916 2358 munera
1946 2305 2061 2360 voti
2081 2306 2184 2370 sui,

598 2402 654 2447 et
678 2408 800 2448 cum
829 2392 1026 2461 gaudio
1056 2393 1276 2458 reversi,
1308 2392 1419 2447 lucc
1451 2408 1546 2462 per
1573 2393 1818 2449 ordinem
1847 2393 2067 2449 domino
2088 2410 2187 2449 suo

595 2484 933 2553 nuntiarunt,
982 2492 1038 2539 et
1086 2484 1171 2539 sui
1200 2484 1452 2539 desiderii
1481 2493 1788 2555 compotem
1819 2485 2186 2542 reddiderunt.

596 2572 697 2640 Qui
728 2574 963 2644 pretiosa
992 2582 1303 2629 sanctorum
1335 2574 1632 2644 patrocinia
1663 2583 1976 2631 reverenter
2007 2591 2191 2631 susce-

590 2666 695 2738 pit,
724 2675 779 2720 et
806 2665 1201 2720 honorabiliter
1226 2667 1279 2721 in
1310 2666 1432 2722 loco
1458 2666 1751 2722 venerabili
1781 2666 2053 2732 condidit;
2082 2681 2190 2735 quo

594 2754 849 2812 Dominus
880 2755 1246 2826 frequentiora
1286 2770 1448 2825 quam
1482 2758 1533 2811 in
1565 2757 1737 2813 sancti
1773 2756 1919 2811 Petri
1960 2756 2190 2812 ecclesia

598 2847 856 2904 miracula
884 2848 1101 2918 operari
1129 2848 1381 2918 dignatur
1409 2851 1477 2905 ad
1506 2850 1719 2905 laudem
1752 2859 1807 2905 et
1835 2850 2061 2921 gloriam
2094 2866 2191 2907 no-

594 2937 757 2993 minis
786 2938 866 2991 sui
903 2939 1002 3008 13
1032 2954 1201 3009 usque
1230 2940 1284 2993 in
1314 2939 1634 2995 hodiernum
1663 2939 1826 2995 diem.

662 3027 752 3081 25.
795 3026 956 3081 Pater
997 3029 1341 3084 nihilominus
1387 3029 1618 3085 familias
1656 3038 1774 3085 erat
1819 3028 2005 3084 Roma:
2031 3030 2193 3085 valde

2284 1842 2385 1895 bus
2425 1840 2704 1910 respondit
2745 1840 3088 1896 beatissimus
3128 1839 3375 1896 Pontifex
3412 1858 3428 1895 :
3469 1841 3729 1914 Perpetuo
3757 1846 3884 1900 caci

2284 1950 2394 1987 esse
2418 1932 2637 1999 debetis,
2681 1950 2745 1988 ne
2774 1934 3003 1988 videntes
3023 1977 3038 2001 ,
3079 1934 3148 1987 ad
3166 1946 3473 2009 consuetam
3499 1941 3885 2007 perversitatem

2285 2026 2456 2079 redire
2486 2027 2709 2080 tentetis.
2753 2025 2819 2081 In
2857 2029 3063 2081 nomine
3090 2035 3262 2080 autem
3303 2026 3515 2083 Domini
3549 2032 3715 2085 nostri
3750 2030 3884 2086 Iesu

2288 2115 2507 2182 Christi,
2537 2126 2782 2186 operante
2820 2118 2965 2172 beato
2999 2118 3184 2184 Petro,
3223 2117 3374 2173 liberi
3412 2136 3443 2172 a
3472 2121 3743 2175 vexatione
3770 2122 3886 2176 da:-

2288 2223 2496 2262 monum
2535 2208 2671 2261 sitis.
2713 2206 2815 2271 Qui
2845 2206 3124 2263 confestim
3152 2222 3182 2262 a
3212 2208 3544 2263 dzemonibus
3571 2209 3886 2275 emundati.

2289 2305 2344 2352 ct
2371 2296 2683 2361 credentes,
2724 2295 2875 2351 fonte
2902 2297 3126 2353 salutari
3157 2298 3359 2368 perfusi
3388 2309 3542 2365 sunt;
3573 2315 3636 2355 ac
3662 2316 3883 2370 perma-

2291 2398 2452 2442 nente
2479 2388 2721 2443 cmcitate
2746 2386 3014 2455 damnati,
3037 2387 3260 2458 jubente
3292 2390 3453 2445 beato
3482 2390 3779 2461 Gregorio,
3814 2393 3887 2448 de

2291 2488 2488 2534 caetero
2514 2480 2653 2549 stipe
2678 2487 2803 2537 sunt
2828 2479 3192 2535 ecclesiastica
3217 2480 3351 2534 aliti.

2361 2569 2454 2627 ‘26.
2485 2568 2591 2625 Sed
2620 2578 2674 2625 et
2700 2578 2959 2641 tyrannus
2985 2570 3201 2640 quidam
3231 2572 3452 2627 multam
3475 2573 3894 2644 oppressionem

2293 2674 2416 2713 cum
2447 2673 2585 2729 pene
2614 2658 2938 2728 importabili
2975 2659 3380 2728 importunitate
3406 2660 3572 2728 quieti
3602 2661 3895 2729 ingerebat

2294 2759 2493 2806 sancta:
2524 2749 2777 2805 Romana:
2805 2748 3083 2815 Ecclesiae,
3118 2749 3595 2821 possessionesque
3622 2750 3800 2805 eidem
3835 2761 3893 2806 et

2294 2840 2563 2910 mancipia
2600 2839 2933 2910 pertinentes
2977 2838 3344 2894 crudelissime
3386 2840 3723 2895 devastabat.
3767 2839 3894 2906 Qua

2295 2932 2364 2987 de
2408 2946 2465 2985 re
2504 2930 2647 2984 beati
2687 2928 2957 2999 pontiﬁcis
2994 2943 3092 2999 per
3129 2930 3492 2985 internuntios
3521 2930 3897 2987 admonitione

2296 3029 2607 3090 correptus,
2660 3019 2851 3088 majori
2896 3021 3095 3074 exarsit
3135 3021 3372 3086 insania;
3419 3023 3555 3078 a'lco
3601 3033 3659 3077 ut
3701 3024 3896 3080 urbem

595 3122 755 3178 rebus
783 3122 1098 3189 ditissimus,
1121 3123 1216 3179 sed
1239 3122 1499 3191 religione
1519 3120 1677 3177 nimis
1705 3135 1926 3191 egenus,
1951 3122 2062 3190 qui,
2086 3136 2193 3175 ncn
2221 3106 2265 3168 C
2299 3111 2723 3182 depopulandam
2759 3109 2948 3163 adiret.
2982 3108 3077 3163 Cui
3109 3108 3415 3164 advenienti
3443 3112 3634 3166 beatus
3675 3110 3895 3181 Grego-

597 3214 742 3268 vitiis
782 3212 958 3268 minus
1001 3214 1192 3284 plenus
1234 3228 1397 3284 quam
1435 3213 1628 3273 rebus.
1670 3228 1792 3268 cum
1832 3228 1968 3266 uxor
2011 3227 2105 3266 sua
2145 3212 2194 3265 ei

596 3305 986 3376 displicuisset,
1026 3304 1153 3360 fecit
1179 3305 1282 3360 sibi
1313 3305 1379 3358 ab
1407 3318 1471 3359 ea
1501 3313 1689 3359 contra
1719 3314 2042 3373 prmccptum
2073 3302 2194 3356 Sal-

598 3398 803 3454 vatoris
825 3395 992 3452 nostri
1015 3396 1325 3451 divortium.
1354 3394 1461 3450 Res
1486 3411 1614 3449 vero
1638 3395 1854 3449 beatum
1876 3392 2195 3465 Gregorium

599 3486 769 3542 latere
800 3501 908 3542 non
949 3486 1160 3555 potuit,
1202 3485 1328 3555 quia
1358 3496 1411 3540 et
1440 3485 1752 3553 magnitudo
1793 3486 1953 3549 mali,
2002 3496 2055 3539 et
2084 3503 2197 3542 ma-

598 3577 786 3645 gnatio
814 3575 841 3615 δ
872 3591 1220 3647 personarum
1264 3590 1325 3631 se
1370 3573 1526 3631 facile
1572 3574 1827 3644 prodidit.
1872 3574 1969 3628 Cui
2009 3577 2197 3632 beatus

599 3663 890 3735 Gregorius
935 3664 1116 3720 multis
1161 3673 1217 3720 et
1262 3665 1594 3721 suavissimis
1640 3663 2053 3731 monitionibus,
2099 3682 2193 3721 seu

602 3756 827 3813 districti
860 3756 1025 3811 divini
1061 3756 1322 3812 examinis
1357 3755 1652 3811 terroribus
1674 3798 1687 3820 ,
1716 3755 2105 3811 studiosissime
2141 3766 2197 3811 et

602 3848 919 3917 saepissime,
953 3848 1062 3902 imo
1092 3847 1454 3902 indesinenter
1475 3846 1797 3916 persuadere
1834 3847 2112 3901 contendit
2138 3857 2197 3902 ut

603 3953 833 3993 uxorem
873 3954 1026 3993 suam
1065 3937 1117 3992 in
1148 3937 1375 4006 gratiam
1405 3946 1427 3974 ε
1456 3944 1668 4006 pactam
1697 3935 1992 4008 reciperet,
2031 3952 2062 3990 a
2089 3951 2195 4005 qua

605 4036 824 4097 quoquo
853 4026 1017 4082 modo
1041 4026 1220 4081 divelli
1250 4026 1355 4079 nisi
1383 4033 1560 4080 morte
1579 4066 1593 4089 ,
1626 4033 1722 4079 aut
1749 4026 2029 4080 amborum
2061 4041 2194 4081 con-

603 4131 768 4173 sensu
808 4116 1182 4173 intercedente
1210 4116 1490 4186 nequiret;
1536 4114 1635 4170 sed
1675 4115 1721 4170 is
1760 4116 2022 4170 diabolica
2062 4132 2198 4186 prae-

604 4219 797 4265 ventus
827 4208 1292 4264 irremedinbiliter
1319 4208 1634 4277 pertinacia,
1666 4209 1869 4263 monita
1896 4208 2011 4277 ejus
2041 4225 2189 4279 spre-

606 4301 704 4354 vit.
734 4300 904 4366 Quem
928 4299 1118 4367 beatus
1145 4299 1435 4368 Gregorius
1465 4300 1756 4370 apostolica
1781 4302 2104 4358 auctoritate
2127 4305 2195 4359 ab

608 4388 836 4445 ecclesia
858 4391 958 4444 sub
978 4388 1341 4455 anathemate,
1372 4389 1474 4446 nisi
1503 4390 1858 4460 resipisceret,
1890 4400 2195 4460 sequestra-

2300 3203 2411 3256 rius
2441 3209 2498 3257 ut
2530 3201 2927 3271 colloqueretur
2963 3200 3230 3261 occurrit,
3262 3207 3571 3269 tantamque
3607 3203 3714 3256 vim
3756 3214 3899 3262 nutu

2297 3290 2480 3345 divino
2506 3290 2623 3360 ejus
2654 3289 2828 3344 verbis
2871 3290 3047 3344 inesse
3075 3298 3330 3359 expertus
3359 3289 3489 3358 fuit,
3533 3298 3592 3345 ut
3630 3307 3755 3346 cum
3791 3295 3898 3350 bu-

2301 3382 2520 3436 millima
2557 3382 2883 3452 indulgentia
2916 3382 3169 3452 religioso
3196 3383 3494 3452 apostolico
3516 3384 3893 3450 satisfaceret,

2298 3482 2354 3530 et
2381 3490 2441 3530 se
2468 3475 2723 3546 deinceps
2744 3476 2844 3530 sibi
2870 3475 3160 3542 subditum,
3192 3484 3248 3532 et
3271 3485 3469 3532 sanctae
3499 3477 3755 3534 Romana:
3781 3479 3868 3536 Ec
3885 3510 3901 3523 -

2299 3566 2476 3621 clesia:
2520 3566 2773 3621 devotum
2820 3566 3074 3622 famulum
3117 3569 3515 3639 spopondisset.
3564 3569 3613 3625 ls
3652 3571 3900 3643 denique

2297 3666 2484 3727 postea
2525 3672 2692 3726 usque
2730 3657 2798 3712 ad
2838 3658 3040 3713 exitum
3084 3657 3186 3729 14
3230 3657 3556 3724 infirmatus,
3596 3663 3901 3718 venerandi

2299 3765 2450 3820 papa:
2477 3750 2776 3805 orationem
2805 3749 3081 3819 poposcit.
3108 3757 3270 3818 atque
3305 3751 3358 3805 in
3388 3765 3702 3821 responsum
3730 3767 3899 3808 acce-

2298 3841 2377 3911 pit
2401 3839 2546 3909 quod
2568 3841 2616 3894 ei
2639 3838 2896 3894 Dominus
2921 3838 3098 3894 adhuc
3117 3839 3349 3909 spatium
3369 3840 3697 3908 paenitentia:
3722 3840 3898 3910 largi-

2298 3944 2478 3998 retur;
2509 3941 2564 3986 et
2590 3939 2646 3984 et
2674 3930 2885 4001 plenius
2911 3931 3339 3999 convalesceret,
3369 3931 3475 3986 illis
3492 3932 3685 4000 quibus
3711 3934 3899 3987 muri-

2300 4032 2383 4078 tus
2414 4023 2590 4079 fuerat
2615 4022 2748 4076 cibis
2778 4020 3051 4089 indulgere
3079 4020 3340 4086 studeret,
3370 4022 3459 4091 qui
3485 4021 3648 4089 jussis
3671 4021 3897 4077 obtem-

2299 4129 2494 4185 perans
2521 4111 2827 4175 convaluit,
2859 4117 2914 4165 et
2943 4110 2996 4164 in
3023 4109 3288 4179 reliquum
3315 4109 3563 4165 devotius
3587 4109 3742 4166 vixit.

2369 4205 2458 4260 27.
2497 4205 2642 4259 ldem
2668 4218 2796 4259 vero
2834 4200 3255 4273 perfectissimus
3290 4209 3346 4256 et
3385 4202 3738 4271 acceptabilis
3774 4203 3897 4260 Deo

2298 4298 2584 4365 sacerdos,
2614 4313 2737 4353 cum
2765 4295 2999 4367 quadam
3032 4294 3120 4349 die
3145 4309 3243 4362 per
3263 4292 3437 4348 forum
3457 4292 3675 4363 Traiani
3695 4334 3711 4360 ,
3742 4296 3902 4365 quod

2299 4406 2464 4464 opere
2493 4389 2718 4444 mirifico
2744 4395 2957 4444 constat
2985 4400 3104 4441 esse
3123 4393 3475 4451 exstructum,
3504 4385 3522 4425 τ
3547 4388 3893 4456 procederet,

610 4480 708 4535 vit.
740 4478 911 4548 Quam
941 4480 1555 4536 excommunicationem
1584 4479 1727 4536 idem
1748 4481 2034 4537 admodum
2061 4497 2203 4552 aegre
2232 4474 2280 4533 D
2306 4489 2361 4535 et
2389 4479 2615 4546 insignia
2643 4476 3025 4532 misericordia:
3053 4474 3169 4543 ejus
3196 4475 3568 4544 conspiceret,
3601 4476 3742 4530 inter
3769 4492 3898 4545 quas

609 4569 789 4625 ferens
807 4611 819 4633 ,
848 4579 904 4625 et
931 4578 1155 4640 peccata
1186 4570 1420 4639 peccatis
1441 4571 1784 4626 accumulans
1802 4609 1817 4635 ,
1849 4571 1982 4626 duos
2010 4588 2197 4641 magos

608 4662 852 4734 pecuniis
873 4677 942 4717 ex
964 4662 1163 4733 placito
1189 4661 1363 4727 locat,
1404 4669 1460 4715 ut
1490 4662 1544 4716 in
1570 4670 1812 4716 sanctum
1844 4663 2195 4732 apostolicum

688 4805 712 4832 ο
749 4793 989 4861 Bclvac.,
1021 4794 1348 4860 particulam.

686 4862 715 4904 δ
733 4863 811 4918 lta
836 4865 960 4919 Mss.
993 4863 1200 4928 Germ.,
1232 4863 1410 4925 Becc.,
1439 4862 1669 4927 Conch.,
1697 4862 1948 4918 Meissac.
1977 4862 2196 4918 Bollan-

610 4932 733 4998 dus,
762 4935 960 5005 agnitio
988 4949 1347 5005 personarum.
1378 4931 1558 5000 Guss.,
1586 4935 1704 5005 quia
1728 4942 1779 4986 et
1802 4933 1925 4987 mali
1947 4943 1997 4986 et
2011 4951 2197 5005 perso-

612 5001 817 5074 nurum'
852 5001 1196 5074 magnitudo_._
1242 5001 1502 5074 Fortasse
1546 5001 1693 5074 quod
1745 5019 1851 5074 non
1910 5001 2199 5074 probarent

609 5071 894 5128 barbaram
922 5070 1109 5127 v'ocem
1141 5070 1435 5141 Magnatio.
1482 5070 1716 5126 Deducta
1752 5070 1962 5127 videtur
1996 5087 2028 5125 a
2073 5072 2198 5126 Ma-

613 5150 791 5214 gnate,
820 5142 973 5265 quasi
1001 5141 1263 5208 Magnetis
1291 5151 1461 5195 status
1487 5150 1542 5195 et
1569 5142 1830 5197 conditio.

690 5222 712 5249 ε
747 5212 838 5265 ΒοΙ
866 5249 906 5265 ..
937 5213 992 5265 in
1018 5212 1241 5265 aratiam
1270 5219 1532 5265 pacatam.
1561 5209 1720 5265 Gnss.
1751 5226 1830 5264 om

690 5222 712 5249 ε
747 5209 906 5276 ΒοΙΙ.,
937 5213 992 5266 in
1018 5212 1241 5283 gratiam
1268 5219 1532 5283 pacatam.
1561 5209 1720 5265 Gnss.
1746 5211 1931 5283 omisit
1949 5219 2199 5283 pacatam

610 5289 663 5336 et
690 5290 927 5349 pactam,
957 5280 1098 5351 quod
1132 5280 1323 5350 legitur
1349 5282 1401 5334 in
1431 5280 1558 5351 Mss.
1591 5281 1818 5341 nostris,
1849 5281 2053 5349 optimo
2081 5296 2115 5349 q
2156 5282 2196 5334 i-

610 5353 735 5419 dent
765 5368 946 5415 sensu,
976 5350 1126 5418 quasi
1155 5350 1323 5419 pactis
1350 5350 1675 5404 matrimonii
1709 5351 2049 5418 promissam.

685 5418 711 5457 ἀ
754 5420 869 5475 Vox
897 5420 1111 5487 Graaca,
1148 5418 1427 5486 ἀπόδειξις,
1466 5420 1888 5487 demonstratio,
1919 5419 2193 5489 probatio,

614 5504 923 5627 ⁸⁹ῗ⁰¹ὸ¹ἶξῖἶὲ
951 5559 1119 5626 magis
1142 5573 1336 5629 pinna.
1376 5557 1467 5613 Sic
1496 5556 1689 5629 Paulus
1711 5557 1951 5629 Elymam
1982 5572 2195 5628 magum

618 5626 861 5689 meum
889 5628 1196 5697 percusssit,
1228 5628 1347 5683 Act.
1374 5643 1490 5695 xm,
1509 5626 1607 5680 ‘lO.

694 5700 713 5742 ⁸
747 5695 1034 5758 Procedens
1062 5697 1115 5753 in
1144 5698 1451 5755 auctoribus
1491 5700 1659 5754 sacris
1697 5695 1995 5767 signiﬁcare
2024 5699 2194 5769 solet,

2304 4572 2653 4627 memorabile
2700 4569 2826 4624 illud
2873 4569 3225 4639 comperiret,
3278 4567 3525 4623 videlicet
3569 4569 3712 4637 quod
3763 4585 3897 4625 cum

2302 4664 2441 4718 idem
2469 4661 2617 4718 orbis
2643 4662 2894 4732 princeps
2918 4660 2971 4714 in
3001 4658 3421 4729 expeditionem,
3450 4659 3897 4715 circumvallatos

2303 4803 2368 4855 ad
2383 4801 2659 4857 ecclesiam
2676 4797 2903 4854 solemni
2924 4796 3029 4851 ritu
3041 4808 3262 4865 pergere
3278 4812 3291 4848 :
3309 4809 3414 4865 quo
3428 4808 3587 4850 sensu
3604 4801 3781 4864 potest
3800 4794 3898 4857 hic

2303 4873 2556 4939 intelligi;
2589 4886 2711 4923 nam
2748 4869 2799 4922 in
2841 4868 2932 4939 illa
2957 4864 3302 4939 processione
3325 4864 3613 4939 Gregorius
3638 4866 3898 4939 pervenit

2305 4943 2371 4994 ad
2400 4934 2705 5009 sepulcrum
2732 4937 2873 5009 beati
2890 4935 3048 5009 Petri
3058 4974 3100 5009 ,_
3111 4944 3177 5009 ut
3209 4934 3667 5009 ex__seq_uentibus
3690 4934 3897 5009 liquet.

2305 5002 2537 5065 Consule
2567 5017 2719 5062 stolas
2757 5004 3051 5062 doctissimi
3083 5002 3320 5058 Menardi
3360 5003 3428 5056 ad
3470 5003 3659 5057 librum
3686 5002 3897 5057 Sacra-

2306 5089 2501 5141 tnent.,
2531 5078 2596 5133 ad
2624 5094 2677 5131 vr
2706 5077 2830 5131 ldus
2851 5073 3215 5139 Septembris,
3249 5073 3336 5126 ubi
3372 5073 3561 5142 legitur
3587 5073 3654 5142 ad
3680 5089 3895 5142 process-

2306 5152 2522 5205 sionem.
2553 5148 2816 5202 Caeterum
2847 5160 2965 5213 qua:
2994 5144 3083 5199 bic
3111 5143 3360 5197 dicuntur
3388 5141 3719 5213 (ιβτε-ειίοιιιι)
3749 5143 3892 5195 line.

2308 5229 2460 5283 rato,
2514 5219 2639 5272 licet
2687 5212 2946 5269 Bollando
2989 5214 3366 5281 nonnullisqne
3408 5212 3525 5283 aliis
3567 5212 3895 5283 probentur,

2311 5279 2563 5357 tanquam
2594 5288 2708 5353 puli
2729 5289 2775 5338 ‘a
2812 5284 2988 5339 fabula
3018 5279 3433 5357 (inludunt—tura
3469 5279 3674 5357 naso":
3696 5279 3764 5333 ad
3793 5294 3899 5336 an.

2304 5349 2437 5423 604,
2470 5374 2521 5411 n.
2555 5349 2623 5410 50
2650 5365 2706 5409 et
2733 5370 2871 5422 seq.,
2902 5363 2957 5407 et
2986 5369 3015 5407 a
3045 5351 3319 5423 Bellarm.,
3353 5352 3442 5423 lib.
3474 5367 3513 5423 ιι
3543 5350 3610 5403 de
3639 5349 3892 5423 l’u_rg_at.,

2305 5446 2355 5483 c.
2380 5420 2431 5481 8L
2458 5430 2586 5493 Qum
2607 5427 2771 5480 etiam
2796 5420 3107 5493 refellimus,
3124 5437 3201 5493 ex
3224 5421 3535 5493 indubitatis
3561 5420 3733 5493 sancti
3755 5420 3898 5471 Gate.

2302 5498 2439 5567 gorii
2483 5490 2804 5567 testimoniis
2841 5496 2894 5548 in
2941 5491 3056 5567 ejus
3100 5490 3457 5567 \‘ita__Galli_ce
3502 5490 3725 5567 scripta,
3774 5497 3901 5542 ttuu

2305 5559 2340 5623 Ῐ.
2373 5585 2433 5633 ιι,
2462 5583 2509 5623 c.
2543 5568 2593 5630 7,
2624 5582 2676 5619 ιι.
2705 5565 2792 5629 ll,
2820 5573 2932 5633 tum
2960 5559 2996 5616 l7.
3028 5578 3102 5630 ιιι,
3132 5578 3181 5616 c.
3208 5560 3264 5626 5,
3289 5576 3342 5614 n.
3371 5560 3423 5627 7,
3453 5570 3511 5615 et
3531 5559 3583 5613 in
3611 5573 3901 5614 connnew

2306 5632 2442 5696 uno
2471 5638 2537 5694 de
2566 5635 2806 5708 ejusdem
2838 5632 2978 5688 Vita.

3008 6295 3592 6303 Ἦ
