4018 6336
253 298 318 351 57
971 301 1027 357 S.
1068 299 1392 357 GREGORll
1435 299 1651 356 MAGNI
1694 300 1879 365 VITA,
1924 298 2251 357 AUCTORE
2289 299 2517 357 ΡΗ]ιο
2557 301 2867 359 DIACONO.
3489 299 3561 353 58

256 416 495 472 militum
539 414 750 479 cuneis,
795 400 1073 483 pergertt,
1118 412 1316 467 ibidem
1353 412 1567 467 obviam
1607 412 1856 466 habuerit
1883 415 1933 474 Α
1959 411 2255 475 reticente,
2296 410 2442 468 idem
2483 415 2725 469 minister
2753 416 2869 484 cjus
2897 416 3037 487 stylo
3068 418 3447 487 perforaverit,
3495 432 3557 476 et

261 509 680 564 vetustissimam
709 505 1111 570 viduam,senio
1126 505 1391 575 simulque
1419 505 1611 560 dolore
1640 520 1703 559 ac
1725 519 1859 573 pau-

264 605 479 668 perlate
506 594 833 663 confectam,
864 592 1017 659 cujus
1054 593 1303 665 lacrymis
1332 604 1495 663 atque
1529 594 1752 647 vocibus
1782 593 1861 648 sic

267 687 621 757 compellatur
646 684 929 754 :Princeps
954 685 1185 750 piissime
1203 684 1448 754 Trujnne,
1488 700 1604 737 ecce
1633 684 1713 735 hic
1742 691 1863 735 sunt

266 781 497 833 homines
516 779 601 848 qui
625 777 775 831 modo
797 777 923 829 mihi
940 778 1148 829 unicum
1169 777 1357 845 ﬁlium,
1384 777 1652 828 senectuth
1670 776 1863 828 stilicet

264 885 392 924 ηιεω
412 868 645 922 baculum
669 876 717 921 et
739 884 889 921 omne
910 867 1178 933 soluti-in,
1201 867 1534 928 occiderunt;
1562 882 1736 935 meque
1758 882 1863 917 una

270 978 384 1014 (itm
411 976 471 1013 eo
500 958 726 1012 rolentes
755 958 1018 1017 occidere,
1058 956 1408 1026 dedignantur
1437 957 1585 1008 ctiam
1616 956 1741 1008 mihi
1769 973 1862 1024 pro

269 1070 331 1105 eo
349 1052 599 1106 rationem
629 1050 858 1120 aliquam
886 1048 1117 1102 reddere.
1153 1048 1250 1101 Cui
1279 1048 1367 1102 ille
1397 1047 1666 1110 lcstinato,
1699 1054 1757 1099 ut
1779 1061 1863 1099 res

270 1141 549 1211 exigebat,
581 1139 953 1210 pertransiens
996 1155 1013 1195 :
1055 1137 1180 1192 Cum
1210 1139 1441 1200 rediero,
1474 1137 1673 1204 inquit,
1705 1137 1863 1190 dicito

271 1234 433 1297 mihi,
462 1242 512 1286 et
538 1234 732 1304 faciam
762 1230 855 1284 tibi
889 1247 1091 1286 omnem
1114 1231 1392 1300 justitiam.
1426 1227 1558 1281 Tum
1595 1228 1681 1280 illa
1708 1245 1718 1278 :
1755 1226 1863 1279 Do-

272 1327 441 1393 mine,
471 1326 681 1394 inquit,
711 1334 760 1379 et
800 1325 845 1377 si
879 1333 933 1376 tu
965 1341 1066 1377 non
1096 1324 1344 1386 redieris,
1376 1337 1464 1392 ego
1489 1319 1610 1390 quid
1639 1318 1865 1388 faciam?

270 1416 352 1472 Ad
390 1432 553 1488 quam
599 1431 787 1471 vocem
813 1415 1080 1480 substitit,
1120 1421 1174 1468 ct
1202 1429 1324 1467 reos
1349 1428 1530 1467 coram
1578 1427 1637 1466 sc
1674 1410 1865 1465 adduci

269 1510 417 1566 fecit.
449 1509 673 1580 Neque,
710 1525 831 1567 cum
861 1514 1235 1577 suggereretur
1258 1521 1289 1559 a
1325 1504 1530 1560 cunctis
1559 1502 1867 1559 accelerare

272 1598 576 1668 negotium,
608 1613 845 1668 gressum
875 1612 905 1650 a
935 1597 1054 1651 loco
1079 1594 1266 1659 movit,
1296 1608 1579 1663 quousque
1606 1601 1663 1647 it
1691 1591 1868 1647 vidua:

272 1703 306 1742 a
353 1687 516 1752 ﬁsco,
562 1687 706 1755 quod
740 1684 983 1753 juridicis
1024 1683 1392 1739 sanctionibus
1430 1683 1573 1740 dccr.
1596 1692 1710 1739 tum
1745 1690 1864 1747 est,

1959 509 2157 557 eventu
2180 518 2276 572 per
2300 502 2541 559 foramen
2564 506 2922 575 conspiciens,
2946 508 3078 561 vidit
3103 510 3405 563 columbam
3428 512 3552 567 nive

1960 595 2326 656 candidiorcm
2357 613 2521 666 super
2549 598 2663 665 ejus
2690 609 2850 671 caput
2878 600 3175 665 sedentem,
3209 611 3554 674 rostrumque

1965 685 2130 753 ipsius
2154 686 2236 741 ori
2267 687 2358 741 diu
2390 698 2572 743 tenere
2601 691 2904 760 appositum
2931 709 2943 743 :
2974 707 3092 760 qua:
3121 708 3242 746 cum
3272 709 3331 747 se
3360 694 3429 747 ab
3455 711 3552 748 ore

1961 774 2199 843 ejusdem
2230 786 2528 843 amoveret,
2560 778 2846 847 incipiebat
2867 793 3083 836 sanctus
3105 783 3344 852 pontilex
3375 784 3551 852 loqui,

1962 874 2015 920 et
2038 881 2067 919 a
2093 868 2308 920 notario
2341 868 2624 937 graphium
2654 872 2795 925 ccris
2825 873 3075 942 imprimi.
3106 874 3237 928 Cum
3267 890 3393 929 vero
3420 877 3552 929 reti-

1962 953 2119 1007 cebat
2147 956 2317 1009 sancti
2350 956 2583 1024 Spiritus
2611 974 2904 1028 organum,
2938 964 3180 1019 minister
3197 965 3312 1035 ejus
3339 968 3553 1021 oculum

1963 1042 2211 1097 foramini
2243 1045 2437 1098 iterum
2461 1048 2790 1116 applicabat,
2817 1067 3049 1121 eumque
3072 1070 3135 1109 ac
3162 1056 3204 1109 si
3233 1056 3284 1109 in
3309 1057 3558 1111 oratione

1964 1133 2156 1187 levatis
2184 1132 2250 1185 ad
2286 1134 2481 1187 cmlnm
2516 1137 2761 1191 manibus
2796 1140 2955 1193 simul
2985 1150 3038 1195 et
3061 1143 3265 1208 oculis,
3296 1145 3559 1199 columba:

1964 1230 2196 1275 rostrum
2241 1238 2391 1276 more
2438 1224 2598 1278 solito
2645 1228 3066 1295 conspicabatur
3116 1248 3212 1287 ore
3259 1235 3555 1304 suscipere.
3602 1292 3605 1297 ί

1964 1312 2117 1379 Quod
2163 1312 2413 1377 tandem,
2468 1314 2660 1370 eodem
2716 1318 2907 1385 spiritu
2955 1320 3264 1387 revelante,
3318 1324 3560 1392 pontifex

1966 1411 2186 1457 sanctus
2210 1405 2493 1472 cognovit,
2525 1414 2579 1459 et
2608 1407 3077 1464 vehementissime
3105 1412 3272 1466 tristis
3297 1411 3557 1476 eﬁ‘ectus,

1966 1493 2343 1549 interminatus
2363 1503 2447 1549 est
2468 1498 2793 1554 auctoritate
2811 1500 3108 1569 apostolica
3128 1502 3371 1558 miraculi
3392 1505 3561 1561 divini

1969 1584 2024 1640 in
2054 1599 2115 1640 se
2145 1586 2443 1656 perpetrati
2467 1588 2709 1657 conscio,
2740 1604 2811 1645 ne
2839 1591 2891 1645 in
2910 1592 3019 1646 vita
3045 1607 3143 1649 sua
3171 1593 3222 1649 id
3247 1594 3405 1650 alicui
3423 1610 3562 1666 quo-

1970 1691 2080 1744 quo
2128 1675 2291 1732 modo
2334 1677 2688 1748 patefaceret.
2737 1678 2892 1747 Quod
2934 1682 2982 1737 is
3034 1682 3247 1739 interim
3292 1696 3560 1743 secretum

271 1777 507 1847 persolvi
549 1790 648 1846 pro
690 1789 749 1830 re
787 1774 944 1837 fecit;
986 1784 1012 1811 λ
1042 1773 1369 1843 domumque
1413 1773 1867 1844 supplicationum
1900 1778 1947 1837 Β
1971 1765 2313 1831 custodiens,
2354 1775 2476 1836 post
2512 1766 2915 1825 defunctionem
2946 1772 3267 1828 sanctissimi
3296 1770 3324 1811 ἀ
3372 1791 3560 1831 sacer-

269 1866 521 1938 precibus
543 1874 600 1921 et
624 1864 838 1920 ﬂetibus
856 1879 1022 1934 super
1043 1862 1197 1919 factis
1217 1863 1329 1919 suis
1347 1862 1675 1933 pmnitentes
1697 1862 1869 1917 visce-

270 1956 370 2012 rali
393 1954 681 2012 clementia
717 1952 918 2021 ﬁesus,
966 1969 1075 2009 non
1106 1961 1214 2008 tam
1244 1961 1516 2021 potestate
1558 1966 1719 2021 quam
1749 1967 1873 2021 pre-

272 2056 397 2103 catu
424 2057 481 2102 et
505 2047 726 2103 lenitate
766 2046 973 2101 vinctos
990 2087 1007 2113 ,
1036 2044 1432 2115 puctorialibus
1458 2043 1665 2099 catenis
1693 2042 1871 2096 absol-

274 2136 554 2207 vit.llujus
581 2137 660 2192 rei
683 2136 854 2206 gratia
876 2143 1236 2206 compunctus
1264 2134 1584 2189 venerabilis
1604 2133 1867 2203 pontifex,

273 2228 442 2299 coepit
479 2226 793 2298 lacrymosis
832 2225 1120 2296 gemitibus
1152 2240 1338 2281 secum
1369 2225 1507 2279 inter
1543 2224 1706 2280 verba
1747 2240 1871 2294 pre-

274 2318 478 2383 cantia,
507 2318 623 2373 hcce
640 2316 905 2386 siquidem
933 2315 1248 2387 prophetica
1269 2322 1326 2369 et
1345 2313 1667 2382 Evangelica
1696 2314 1864 2368 revol-

274 2422 409 2464 vere
434 2406 651 2461 oracula
676 2424 690 2460 :
722 2404 818 2471 Tn,
851 2404 1094 2473 Domine,
1124 2404 1306 2457 dixisti
1336 2419 1355 2456 :
1382 2402 1622 2456 Judicate
1648 2401 1869 2472 pupillo,

273 2500 538 2571 defendite
563 2499 796 2564 viduam;
822 2509 873 2552 et
897 2498 1083 2565 venite,
1113 2507 1163 2551 et
1190 2496 1391 2566 arguite
1414 2511 1496 2549 me
1519 2493 1657 2565 (Isa.
1683 2510 1721 2561 t,
1756 2494 1868 2565 17).

276 2590 348 2645 Et
375 2591 501 2646 alibi
540 2609 553 2645 :
598 2590 885 2653 Dimittite,
917 2598 966 2643 et
995 2588 1278 2641 dimittetur
1306 2585 1480 2652 vobis;
1514 2602 1578 2639 ne
1603 2586 1873 2639 immemor

274 2684 374 2745 sis,
404 2698 597 2754 quaso,
629 2689 869 2752 peccator
896 2696 989 2749 ego
1018 2678 1428 2749 indignissimus,
1460 2684 1667 2745 propter
1689 2692 1874 2728 nomen

276 2773 462 2845 gloria:
490 2782 623 2836 tum,
655 2781 706 2825 et
731 2770 1052 2840 ﬁdelissima:
1088 2768 1444 2837 promissionis
1476 2776 1602 2830 ture,
1641 2766 1694 2817 in
1726 2765 1876 2833 hujus

275 2862 594 2915 ἀει-οιὶεεὶυή
637 2860 731 2914 viri
774 2861 945 2930 faeta,
985 2858 1168 2928 pietati
1213 2866 1243 2909 t-
1267 2872 1312 2910 ω
1352 2856 1614 2908 humiliter
1648 2853 1879 2923 supplico

278 2951 488 3020 (Marc.
519 2967 605 3015 vr,
635 2949 765 3018 27).
807 2948 1247 3015 Pervenicnsque
1284 2945 1351 2999 ad
1390 2943 1694 3014 sepulcrum
1732 2941 1880 2995 beati

278 3041 450 3109 Petri,
482 3043 555 3096 ibi
579 3040 782 3096 diutius
802 3040 996 3104 oravit,
1028 3046 1082 3093 et
1112 3036 1278 3104 ﬁevit,
1311 3044 1474 3104 atque
1496 3034 1661 3089 veluti
1686 3047 1879 3088 somno

278 3138 565 3201 correptus
594 3130 647 3183 in
671 3128 928 3183 exstasim
958 3136 1040 3181 est
1068 3132 1252 3195 raptus
1270 3163 1286 3189 ,
1322 3138 1430 3191 quo
1455 3138 1513 3177 se
1540 3138 1638 3192 per
1664 3122 1877 3176 revela-

281 3223 487 3278 tionem
516 3219 830 3277 exauditum
861 3217 1055 3283 discit;
1086 3225 1143 3272 et
1175 3230 1243 3271 ne
1269 3214 1496 3269 ulterius
1518 3213 1631 3281 jam
1661 3213 1785 3266 talia
1815 3212 1883 3267 de

281 3326 553 3383 quoquam
575 3310 692 3364 sine
712 3309 1038 3379 baptismate
1061 3321 1219 3360 sacro
1249 3305 1506 3360 defuncto
1536 3312 1883 3373 praesumeret

284 3412 491 3475 petere,
515 3402 812 3473 promeruit
839 3398 1110 3470 castigari.
1136 3396 1251 3463 Qua
1276 3396 1326 3450 in
1350 3411 1428 3459 re,
1453 3395 1581 3449 licet
1603 3393 1629 3432 δ
1653 3408 1684 3447 a
1706 3393 1883 3449 minus

286 3494 540 3566 perfecta:
568 3491 692 3548 ﬁdei
719 3501 776 3547 et
801 3489 1028 3546 curiosis
1064 3488 1307 3556 quwdam
1343 3485 1560 3540 valeant
1591 3483 1789 3555 qumri,
1827 3489 1883 3536 et

285 3587 439 3657 plura
461 3585 529 3639 ab
549 3584 632 3638 his
650 3582 741 3652 qui
773 3581 998 3637 credunt
1025 3578 1238 3634 veritati
1268 3577 1497 3631 ﬁdeliter
1518 3575 1740 3638 dicenti,
1767 3590 1882 3645 qua:

287 3677 429 3746 apud
467 3676 699 3730 homines
739 3670 1082 3741 impossibilia
1124 3678 1243 3723 sunt
1282 3667 1361 3722 vel
1398 3665 1664 3730 ridentur,
1703 3664 1883 3735 [acilia

288 3775 405 3819 sunt
428 3765 569 3834 apud
602 3762 905 3825 Dominum,
942 3758 1231 3812 salubriter
1259 3754 1571 3826 explanari,
1611 3754 1777 3807 tutius
1805 3762 1885 3806 ta-

289 3870 413 3911 men
443 3855 656 3909 videtur
685 3854 737 3907 in
766 3853 869 3906 hoc
899 3860 1024 3905 actu
1055 3849 1252 3902 divina:
1280 3847 1494 3917 pietatis
1522 3856 1578 3900 ct
1605 3845 1887 3915 potestatis

288 3947 545 4021 judicium
574 3944 841 4008 venerari,
874 3950 930 3998 ct
957 3958 987 3995 a
1017 3941 1232 3996 nemine
1262 3938 1477 3995 discuti.

364 4044 457 4100 28.
497 4044 733 4113 Denique
778 4058 809 4097 a
859 4040 1001 4096 lideli
1048 4047 1105 4095 et
1150 4038 1405 4106 religioso
1455 4037 1606 4103 viro,
1657 4050 1722 4091 ac
1763 4034 1887 4090 huic

293 4148 481 4196 nostro
512 4137 655 4192 Patri
683 4135 1024 4192 sanctissimo
1059 4148 1158 4203 pro
1194 4147 1304 4185 sua:
1335 4129 1606 4198 religionis
1643 4136 1699 4183 ct
1738 4127 1888 4181 utili-

291 4234 420 4288 tatis
466 4232 658 4286 mcrito
704 4228 861 4283 valde
911 4235 936 4265 °
989 4222 1440 4286 familiarissime,
1490 4219 1719 4275 lidelitcr
1763 4227 1889 4290 post

293 4324 499 4378 obitum
537 4321 656 4390 ejus
696 4319 854 4374 nobis
895 4323 1169 4371 narratum
1216 4311 1528 4375 didicimus,
1574 4308 1720 4379 quod
1762 4324 1886 4364 cum

298 4417 401 4488 15
424 4415 561 4470 idem
577 4429 673 4468 vas
692 4409 975 4466 electionis
994 4418 1049 4462 et
1069 4403 1434 4459 habitaculum
1456 4401 1628 4457 sancti
1654 4397 1886 4470 Spiritus

1971 1853 2116 1908 dotis
2145 1856 2457 1925 compulsus
2484 1857 2841 1926 quorumdam
2884 1860 3109 1924 invidia,
3158 1862 3251 1930 qui
3288 1865 3562 1920 obtrecta-

1973 1942 2104 1998 bant
2128 1944 2295 1997 virmn
2320 1945 2708 2011 beatissimum,
2733 1950 3166 2020 prmsumptionis
3187 1960 3397 2009 tumore
3418 1963 3564 2012 tanta

1972 2047 2039 2086 ac
2086 2033 2211 2087 talia
2261 2031 2330 2087 de
2376 2034 2677 2089 cmlestium
2727 2051 3044 2092 arcanorum
3092 2041 3361 2111 mysteriis
3404 2042 3566 2099 fuisse

1972 2124 2247 2192 locutum,
2279 2124 2393 2180 lucc
2418 2125 2493 2179 ita
2520 2140 2580 2180 se
2604 2141 2703 2197 per
2721 2128 2902 2182 omnia
2930 2129 3125 2185 vidisse
3155 2130 3383 2188 ﬁdeliter
3409 2148 3566 2189 enar-

1973 2214 2133 2268 ravit.

2042 2312 2133 2368 29.
2164 2314 2391 2384 lligrato
2414 2331 2646 2386 namque
2669 2315 2735 2372 ad
2764 2316 3050 2374 Dominum
3072 2335 3215 2391 saepe
3234 2322 3379 2378 dicto
3407 2340 3565 2380 reve-

1973 2400 2295 2460 rendissimo
2343 2404 2632 2475 pontiﬁce,
2690 2422 2813 2462 cum
2860 2407 3029 2464 fames
3077 2411 3402 2467 validissima
3457 2430 3565 2470 non

1973 2494 2136 2548 modo
2174 2494 2226 2548 in
2254 2494 2357 2550 hac
2385 2494 2604 2551 civitate
2634 2494 2903 2564 Romana,
2936 2513 3122 2553 verum
3151 2509 3207 2554 et
3236 2500 3287 2555 in
3317 2503 3567 2558 omnibus

1974 2586 2118 2641 circa
2148 2587 2458 2656 regionibus
2484 2588 2615 2643 satis
2641 2604 2909 2659 superque
2937 2604 3294 2661 grassaretur,
3323 2594 3449 2651 etis
3474 2595 3568 2666 qui

1975 2679 2025 2733 ei
2068 2679 2120 2732 in
2151 2678 2282 2734 sede
2327 2680 2622 2749 pontiﬁcali
2652 2690 2676 2718 ο
2708 2691 3045 2738 successerat
3081 2684 3274 2739 horrea
3316 2684 3569 2741 Ecclesia:

1981 2770 2285 2823 ementibus
2309 2768 2574 2824 frumenta
2598 2771 2854 2841 aperiret,
2881 2780 2935 2827 et
2956 2772 3062 2827 illis
3079 2788 3216 2841 quos
3236 2773 3425 2830 beatus
3444 2775 3571 2830 Gre-

1984 2858 2166 2926 gorius
2197 2874 2294 2928 per
2322 2860 2648 2913 monasteria
2693 2868 2749 2914 et
2786 2861 3124 2916 xenodochia
3159 2878 3257 2917 seu
3298 2863 3573 2920 diaconias

1983 2946 2069 3000 vel
2099 2946 2387 3015 hospitalia
2427 2947 2709 3017 stipendiis
2745 2947 2969 3002 alendos
3008 2950 3386 3005 ecclesiasticis
3430 2951 3575 3006 ordi-

1985 3044 2210 3090 naverat
2238 3036 2544 3101 clauderet,
2584 3045 2866 3106 cmperunt
2894 3052 3107 3102 omnes,
3156 3039 3314 3094 famis
3339 3041 3576 3110 compel-

1906 3134 1952 3194 ε
1989 3127 2134 3181 lente
2172 3127 2384 3196 inopia,
2426 3128 2711 3196 apostolici
2738 3143 2896 3183 aures
2925 3128 3250 3196 inquietare,
3290 3130 3572 3186 dicentes:

1986 3218 2208 3271 Domine
2250 3218 2558 3288 uposto'ice,
2607 3236 2733 3289 quos
2778 3227 2927 3288 pater
2964 3228 3139 3273 noster
3184 3220 3420 3275 decessor
3462 3232 3575 3276 tuus

1984 3318 2191 3360 sanctus
2222 3305 2499 3377 Gregorius
2530 3306 2776 3361 hactenus
2802 3308 2999 3361 studuit
3018 3325 3257 3379 pascere,
3291 3319 3376 3363 tua
3406 3309 3425 3348 τ
3452 3328 3577 3365 san-

1983 3400 2136 3453 ctitas
2178 3401 2210 3470 f.
2236 3416 2317 3453 me
2361 3416 2464 3453 non
2510 3401 2648 3453 sinat
2695 3400 2882 3469 perire.
2936 3401 3081 3466 Quos
3127 3401 3576 3458 vociferationum

1983 3490 2246 3546 clamores
2271 3490 2410 3545 idem
2442 3491 2671 3545 moleste
2706 3489 2911 3557 ferens,
2945 3493 3258 3562 respondit:
3292 3492 3355 3548 Si
3377 3492 3575 3565 Grego~

1983 3582 2091 3635 rius
2111 3582 2179 3634 ad
2201 3584 2395 3652 [autaut
2418 3597 2525 3636 sua:
2549 3581 2714 3635 fundis
2741 3592 2952 3638 cunctos
2972 3583 3187 3653 populos
3208 3585 3402 3637 curarit
3422 3585 3578 3638 susci-

1983 3687 2123 3741 pere,
2155 3688 2247 3725 uos
2270 3688 2445 3726 omnes
2472 3689 2574 3726 non
2596 3689 2867 3743 possumus
2907 3689 3134 3741 pascere,
3168 3673 3353 3742 sicque
3378 3689 3579 3728 vacuos

1983 3763 2106 3816 sivit
2127 3763 2293 3817 abire.
2327 3763 2458 3829 Qua:
2480 3763 2644 3817 verba
2674 3762 3041 3832 responsionis
3063 3778 3185 3816 cum
3206 3763 3401 3832 saepius
3428 3763 3494 3817 ad
3519 3778 3581 3817 so

1983 3852 2341 3907 clamantibus
2383 3853 2586 3906 iterans
2632 3853 2915 3916 redderet,
2974 3853 3225 3922 apparuit
3273 3853 3324 3906 ei
3371 3853 3424 3906 in
3462 3852 3581 3907 visu

1986 3951 2201 3997 sanctus
2229 3941 2521 4009 Gregorius
2549 3942 2742 4006 tertio,
2784 3942 3041 4011 illumque
3078 3943 3241 3997 tertio
3270 3942 3465 3997 blande
3494 3943 3581 3996 in-

1988 4048 2219 4103 crepans
2244 4047 2411 4101 super
2438 4046 2535 4086 sua
2561 4030 2900 4087 detractione
2929 4040 2985 4087 et
3015 4032 3183 4102 ipsius
3212 4032 3421 4087 tenacia
3442 4073 3457 4101 ,
3485 4048 3582 4087 seu

1986 4122 2308 4177 miserorum
2331 4120 2644 4189 indigentia,
2675 4119 2959 4175 admonuit
2986 4128 3150 4191 atque
3177 4122 3456 4192 corripuit.
3479 4120 3582 4189 Qui

1988 4229 2089 4269 nec
2115 4228 2210 4269 cor
2236 4213 2302 4268 ad
2332 4212 2754 4267 misericordiam
2784 4210 2955 4280 ﬂexit,
2988 4227 3087 4267 nec
3115 4212 3195 4267 ori
3217 4212 3284 4267 ab
3307 4212 3582 4268 obtrecta-

1987 4307 2138 4361 tione
2165 4305 2425 4361 adbibere
2454 4304 2754 4360 custodiam
2786 4304 2978 4372 voluit,
3009 4320 3109 4360 nec
3138 4321 3352 4360 manum
3383 4306 3449 4360 ad
3478 4306 3584 4359 lar-

1988 4396 2210 4465 gitatem
2236 4395 2497 4450 extendit.
2545 4394 2696 4449 Unde
2743 4393 2820 4448 illi
2865 4403 3057 4463 quarto
3086 4412 3355 4466 apparens
3391 4398 3584 4454 beatus

293 4484 555 4563 tjis'ioncm
585 4506 827 4560 ultimam
856 4501 1132 4571 propheta:
1160 4494 1463 4551 Ezechielis
1502 4494 1887 4562 interpretare-
1918 4491 1962 4549 υ
1988 4484 2279 4556 Gregorius
2303 4485 2636 4540 horribiliter
2661 4500 2784 4539 cum
2816 4485 3108 4554 redarguit,
3139 4495 3194 4541 et
3219 4488 3582 4554 comminans,

294 4610 413 4662 tur,
453 4613 753 4669 oppansuut
803 4594 979 4648 velum
1028 4590 1170 4645 inter
1207 4588 1382 4656 ipsum
1424 4593 1481 4641 et
1515 4584 1763 4639 eumdem
1791 4598 1889 4637 ex-

290 4698 575 4760 eeptorem
605 4694 871 4742 tractatus
907 4682 1023 4746 sui,
1065 4680 1159 4735 illo
1196 4693 1292 4749 per
1321 4674 1600 4730 intervalla
1628 4672 1888 4743 prolixius

369 4860 398 4889 ⁸
425 4850 597 4912 Bern,
630 4849 931 4913 dentumqne
967 4839 1388 4913 supplicantium
1410 4832 1724 4913 precilruset
1753 4832 1890 4913 fleti-

296 4924 393 4976 0ns
436 4904 596 4988 super.
636 4918 759 4988 [acti
802 4904 883 4969 sui
921 4904 1305 4982 paenitentiam,
1343 4904 1578 4962 viscerali
1616 4904 1890 4957 clementia

296 4993 485 5061 ﬂerat,
516 5005 619 5041 non
649 4996 845 5061 tantum
870 4989 1141 5061 potestate.

371 5060 399 5097 ιι
440 5044 515 5112 lia
548 5044 881 5111 restituimus'
916 5068 985 5106 ex
1024 5051 1237 5105 Belvac.
1270 5056 1326 5100 et
1354 5044 1566 5100 Gemel.
1596 5058 1726 5099 accc
1753 5056 1880 5112 ann.

296 5144 423 5184 cum
441 5109 607 5195 prius
633 5109 898 5195 legeretur
922 5122 975 5176 in
1003 5118 1189 5195 Eclitis,
1220 5135 1251 5171 a
1278 5117 1400 5171 viris
1423 5116 1557 5187 perf.
1589 5113 1711 5184 ﬁd.,
1740 5109 1886 5182 quod

295 5207 382 5254 est
402 5190 571 5251 etiam
601 5195 652 5248 in
672 5190 791 5248 Mss.
823 5193 979 5247 Becc.
1007 5197 1062 5244 et
1086 5190 1159 5242 al.

376 5279 399 5307 ε
432 5266 534 5322 llic
579 5263 819 5332 Gregorii
865 5259 1150 5335 familiaris
1183 5264 1241 5335 et
1282 5259 1658 5335 cxcgptorest
1699 5251 1890 5335 genus

300 5321 600 5395 Diaconus.
644 5321 765 5388 cum
806 5346 933 5403 qua
954 5331 1008 5385 in
1041 5328 1273 5403 Qialogis
1309 5321 1667 5403 col_lpqui_t_ur._
1707 5321 1781 5403 Dte
1808 5336 1888 5403 _eo

298 5390 752 5463 i-oiisnteiiabill.
781 5390 974 5457 seculo
1000 5416 1016 5452 ι
1047 5390 1269 5461 Βεηθᾶ..
1300 5410 1354 5462 p.
1384 5390 1501 5446 497.
1535 5392 1633 5447 llic
1655 5391 1707 5445 in
1732 5390 1883 5445 Belv.

299 5487 359 5533 et
385 5475 595 5531 Gemel.
629 5469 823 5543 legitur
848 5469 1180 5540 simpliciter,
1209 5475 1500 5525 narratum,
1532 5463 1729 5517 omiSsa
1755 5476 1889 5516 voce

372 5544 469 5601 bis.

298 5563 767 5671 ³ωεηὲεισὶθιυιιοιθε
809 5610 936 5680 dicti
978 5609 1105 5680 olim
1148 5621 1253 5660 non
1297 5604 1524 5672 quilibet
1560 5599 1890 5680 presbyteri,

302 5686 401 5741 scd
429 5684 723 5754 episcopi,
749 5680 841 5750 (ιιιί
887 5678 1194 5754 civitatibus
1220 5681 1517 5754 prtccrant“;
1557 5678 1647 5738 qui
1679 5685 1807 5754 vero
1838 5685 1890 5723 tn

308 5738 525 5812 vicis—ct
550 5738 955 5829 op'pidis'sacris
984 5738 1435 5820 pimﬁciebantur,
1478 5743 1508 5797 ii
1542 5738 1889 5813 aypcllaban-

1990 4596 2113 4635 eum
2144 4580 2195 4634 in
2224 4579 2401 4649 capite
2432 4577 2729 4648 percussit,
2774 4576 2926 4647 cujus
2953 4577 3141 4634 dolore
3170 4588 3396 4636 vexatus
3420 4579 3583 4650 paulo

1991 4678 2116 4743 post
2141 4670 2427 4727 defunctus
2447 4678 2549 4726 cst.

1992 4840 2080 4885 tur
2107 4828 2436 4901 presbyteri;
2473 4827 2663 4901 eodem
2685 4841 2824 4901 pene
2849 4825 3014 4901 modo
3034 4840 3162 4901 quo,
3195 4834 3255 4881 ut
3278 4826 3586 4901 observavit

1998 4893 2347 4959 dociissinlus
2395 4896 2446 4953 J.
2503 4893 2823 4954 Sirmondus
2865 4898 2932 4950 ad
2983 4893 3350 4966 Apollinarem
3391 4893 3585 4953 Sidon.

1997 4971 2033 5025 l.
2075 4986 2129 5035 v,
2178 4969 2334 5039 epist.
2368 4968 2421 5032 7,
2458 4967 2701 5039 Romana
2742 4963 3226 5039 repultlica'idolis
3252 4963 3443 5039 adhuc_
3468 4979 3584 5039 ser-

1997 5032 2228 5102 vientef
2263 5037 2532 5093 Flamines
2563 5038 2614 5091 in
2647 5032 2951 5106 municipiis
2980 5043 3164 5106 erant_,
3212 5032 3274 5106 in
3295 5033 3588 5106 provinciis

1995 5118 2174 5164 autem
2195 5100 2521 5163 sacerdotes.
2554 5106 2758 5160 Laudat
2783 5100 2871 5165 hic
2898 5103 3213 5157 Sirmondus
3242 5100 3495 5156 Pacatum
3527 5104 3581 5156 in

1996 5177 2371 5249 Panegyrico,
2388 5186 2445 5249 et
2466 5176 2653 5249 Novel.
2687 5174 2933 5249 Μεινεὶαηί
2968 5171 3033 5249 ιε
3064 5188 3129 5249 ne
3151 5170 3384 5225 Flamini
3407 5172 3582 5225 muni-

1996 5240 2446 5317 cipali'sacerdoti
2483 5245 2747 5315 provincia
2788 5242 2965 5297 liceret
3010 5240 3197 5295 [rabere
3242 5258 3454 5296 uxorein
3496 5258 3587 5297 an-

1999 5318 2197 5372 cillam.

2068 5398 2092 5424 ο
2123 5384 2447 5439 Sabinianus
2469 5383 2514 5435 is
2540 5390 2679 5435 erat.

2067 5454 2085 5494 ί
2121 5454 2330 5507 Titulus
2356 5453 2443 5506 hic
2469 5452 2710 5518 honoris,
2740 5465 2884 5505 nunc
2909 5450 3008 5505 soli
3033 5466 3185 5520 papa:
3207 5448 3436 5517 delatus,
3461 5451 3589 5505 olim

1991 5524 2395 5581 concedebatur
2422 5537 2529 5574 non
2564 5522 2745 5575 tolum
2786 5521 2905 5577 aliis
2941 5522 3241 5589 episc0pis,
3289 5520 3384 5577 sed
3429 5521 3592 5577 etiam

1993 5592 2366 5664 presbyte_ris_,_
2396 5592 2506 5664 imo
2543 5599 2599 5664 et
2638 5591 2766 5664 ipsis
2795 5590 3057 5645 draconis.
3102 5591 3405 5664 Enuodius,
3449 5591 3487 5646 I.
3520 5607 3588 5664 v_,

1997 5661 2169 5732 Epist.
2198 5661 2286 5726 13,
2325 5661 2621 5716 Ιιοινηιίςειω
2651 5663 2739 5728 qui
2771 5670 2888 5715 erat
2917 5669 3125 5719 tantum
3153 5662 3416 5719 diaconus
3454 5662 3588 5718 scri-

1998 5738 2075 5793 bit
2106 5752 2118 5787 :
2153 5733 2290 5788 novit
2318 5733 2506 5805 aptimc
2536 5734 2784 5788 sanctitas
2807 5741 2995 5788 vestra.
