4018 6390
432 215 462 247 κ

502 323 627 380 11ωο
666 324 902 380 breviter
947 323 1016 378 de
1060 322 1168 377 vita
1209 322 1294 378 vel
1337 323 1543 378 actibus
1587 323 1733 378 beati
1775 322 2021 390 Gregorii
2052 329 2102 384 Α

431 415 575 469 dicta
605 416 733 469 sint.

503 505 768 561 Caeterum
791 503 1027 574 quandiu
1050 501 1235 560 mundi
1260 501 1418 570 hujus
1439 501 1609 555 orbita
1628 499 1887 565 volvitur,
1909 499 2027 568 ejus

431 596 702 650 laudabile
763 596 1013 649 meritum
1082 607 1298 661 semper
1350 590 1548 658 accipit
1612 590 2024 644 incrementum.

428 687 555 754 quia
587 686 756 755 ipsius
795 687 912 739 sine
941 684 1104 739 dubio
1151 682 1334 750 gloriae
1375 679 1693 744 ascribitur,
1740 679 1886 748 quod
1912 681 2026 735 haec

433 777 676 830 Romana
709 776 898 828 civitas
923 788 1024 826 una
1056 786 1178 826 eum
1206 769 1404 823 sanctis
1431 769 1694 838 apostolis
1715 767 1830 837 ejus
1851 769 2027 837 preci-

432 867 534 921 bus
571 875 824 920 constare
869 863 1107 927 videtur,
1155 859 1241 914 vel
1284 859 1409 928 quia
1452 859 1745 928 Anglorum
1785 858 2023 914 Ecclesia

435 974 574 1013 nova
624 971 838 1024 semper
894 952 1084 1007 sobole
1136 951 1490 1017 fecundatur,
1543 949 1630 1004 vel
1683 950 1827 1020 quod
1885 951 2026 1006 illius

431 1045 692 1100 doctrinis
720 1059 819 1113 per
849 1043 1036 1097 orbem
1065 1043 1377 1097 universum
1415 1042 1566 1095 multi
1597 1057 1626 1096 a
1655 1043 1891 1112 peccatis
1925 1047 2026 1114 16

429 1133 702 1201 elongati,
754 1132 821 1185 ad
861 1131 1062 1186 Christi
1093 1131 1437 1186 clementiam
1477 1140 1894 1199 convertuntur,
1939 1134 2023 1187 vel

427 1225 574 1294 quod
601 1225 729 1280 boui
760 1225 961 1294 quique
1001 1224 1114 1293 ejus
1143 1224 1486 1278 suasionibus
1516 1221 1861 1291 inflammati,
1907 1240 2023 1280 ca:-

429 1318 624 1373 lestem
655 1317 888 1386 patriam
918 1315 1293 1370 desideranter
1321 1315 1614 1384 inquirunt.
1646 1314 1746 1380 Qui
1778 1314 2025 1368 beatissi-

430 1424 550 1464 mus
576 1407 819 1478 pontifex
845 1415 1129 1478 postquam
1153 1406 1334 1461 sedem
1361 1409 1614 1461 llomana:
1640 1414 1696 1459 et
1715 1406 2023 1475 apostolica:

430 1500 690 1557 Ecclesia:
731 1501 887 1554 annis
929 1499 1228 1563 tredecim,
1276 1499 1550 1552 mensibus
1578 1514 1704 1564 sex,
1754 1508 1808 1552 et
1836 1499 2024 1553 diebus

431 1590 654 1656 decem,
687 1589 1072 1657 gloriosissime
1099 1589 1267 1654 rexit,
1307 1604 1375 1644 ex
1405 1590 1505 1644 hac
1534 1589 1653 1644 luce
1681 1590 2019 1656 subtractus,

431 1689 596 1750 atque
631 1680 696 1734 ad
726 1689 983 1734 :eternam
1026 1678 1177 1748 regni
1221 1679 1457 1733 caelestis
1496 1678 1683 1732 sedem
1728 1678 2024 1735 translatus
2058 1694 2096 1750 [ς

431 1781 534 1828 est.
562 1771 819 1842 Sepultus
845 1786 976 1826 vero
1005 1778 1088 1826 est
1114 1772 1167 1825 in
1197 1770 1423 1825 ecclesia
1453 1770 1594 1823 beati
1625 1769 1767 1824 Petri
1794 1771 2028 1840 apostoli

431 1872 559 1919 ante
576 1864 952 1930 secretarium,
981 1871 1179 1932 quarto
1199 1862 1380 1917 iduum
1403 1861 1734 1929 Martiarum,
1763 1871 2030 1929 regnante

435 1955 664 2009 Domino
688 1963 876 2008 nostro
897 1951 1024 2007 Jesu
1045 1952 1280 2019 Christo,
1306 1953 1399 2022 qui
1424 1968 1544 2007 cum
1570 1950 1730 2007 Patre
1749 1961 1805 2006 et
1823 1953 2028 2022 Spiritu

431 2053 641 2113 sancto,
669 2046 802 2100 vivit
823 2053 877 2100 et
900 2054 1091 2116 regnat
1117 2045 1279 2111 Deus,
1313 2061 1409 2117 per
1439 2046 1619 2101 omnia
1641 2045 1839 2102 saecula
1861 2062 2028 2102 samu—

432 2137 627 2193 lorum.
658 2137 850 2191 Amen.
887 2146 890 2150 ‘
1420 2147 1424 2152 ‘

846 2245 931 2301 Ex
959 2247 1136 2301 eodem
1166 2246 1332 2302 Paulo
1357 2245 1610 2302 Diacono.

506 2338 564 2394 In
601 2337 923 2408 pestilentia:
969 2337 1272 2394 calamitate
1315 2337 1660 2394 beatissimus
1705 2336 2026 2413 Gregorius,

434 2431 528 2502 qui
581 2441 710 2486 tunc
764 2429 923 2485 levita
981 2437 1127 2494 erat,
1177 2445 1207 2483 a
1258 2430 1466 2485 cunctis
1513 2429 1838 2499 generaliter
1887 2445 2026 2500 papa
2099 2448 2104 2452 '

433 2522 642 2577 electus
670 2528 754 2576 est
782 2519 922 2590 (Lib.
947 2536 998 2585 v,
1025 2536 1071 2572 ο.
1100 2519 1185 2585 ll,
1214 2518 1354 2574 Hist.
1386 2518 1602 2591 Lang.).
1629 2519 1730 2586 Qui
1757 2519 1883 2574 dum
1905 2534 2025 2590 sep-

434 2615 706 2670 tiformem
736 2614 975 2668 litaniam
1007 2613 1330 2678 ordinasset,
1371 2612 1509 2664 intra
1547 2611 1705 2664 unius
1732 2609 1878 2663 hora:
1904 2625 2025 2679 spa-

428 2705 600 2768 tium,
646 2704 771 2759 dum
804 2704 989 2774 populi
1035 2703 1203 2758 Deum
1231 2707 1608 2771 precarentur,
1653 2699 1924 2768 octoginta
1959 2716 2028 2755 ex

427 2795 511 2852 eis
540 2796 720 2851 subito
748 2796 815 2850 ad
848 2805 1050 2851 terram
1078 2800 1420 2858 corruenles,
1453 2792 1698 2861 spiritum
1738 2792 2027 2848 exhalavec

434 2893 577 2940 runt.
623 2883 965 2955 Septiformis
1009 2892 1188 2938 autem
1220 2881 1402 2936 litania
1433 2881 1551 2937 ideo
1583 2881 1726 2936 dicta
1753 2892 1866 2948 est,
1901 2883 2027 2952 quia

431 2975 602 3030 totius
653 2975 810 3031 Urbis
856 2975 1091 3046 populus
1134 2989 1163 3026 a
1215 2973 1376 3027 beato
1423 2973 1600 3042 Crego
1633 2973 1684 3046 io
1724 2974 1777 3028 in
1820 2966 2053 3044 septenr

435 3075 616 3136 partes
658 3066 826 3122 Deum
876 3067 1294 3135 deprecaturus,
1349 3065 1550 3122 divisus
1595 3075 1698 3121 est.
1747 3067 1803 3121 ln
1852 3068 2025 3138 primo
2056 3060 2099 3118 C

436 3171 666 3224 namque
700 3157 868 3210 choro
898 3153 994 3209 fuit
1025 3155 1200 3209 omnis
1237 3154 1445 3220 clerus;
1489 3155 1540 3208 in
1569 3155 1803 3210 secundo
1834 3172 2021 3214 omnes

429 3250 659 3303 abbates
687 3262 808 3302 cum
837 3247 1115 3302 monachis
1141 3247 1282 3312 suis;
1330 3247 1383 3300 in
1431 3247 1592 3302 tertio
1633 3263 1822 3302 omnes
1859 3248 2024 3302 abba-

437 3343 581 3395 tissa:
608 3356 729 3395 cum
769 3340 1272 3408 congregationibus
1311 3340 1454 3405 suis;
1504 3340 1556 3394 in
1599 3349 1790 3410 quarto
1837 3356 2026 3397 omnes

439 3428 700 3492 infantes;
733 3428 785 3482 in
815 3429 1005 3498 quinto
1032 3444 1220 3485 omnes
1246 3429 1347 3484 viri
1374 3429 1526 3494 laici;
1567 3430 1620 3483 in
1651 3439 1805 3485 sexto
1836 3447 2028 3488 omnes

439 3519 636 3585 vidum;
669 3528 724 3573 et
745 3521 796 3573 in
819 3518 1051 3588 septimo
1077 3535 1264 3574 omnes
1290 3519 1541 3575 mulieres
1562 3520 1877 3590 conjugalze.
1903 3520 2027 3577 IJeo

440 3616 622 3664 autem
670 3610 738 3665 de
782 3610 942 3665 beato
987 3609 1250 3680 Gregorio
1289 3610 1443 3680 plura
1483 3611 1663 3667 dicere
1703 3612 2030 3679 omittimus,

439 3701 564 3770 quia
590 3698 700 3768 jatn
741 3708 866 3755 ante
893 3701 1097 3770 aliquot
1125 3717 1297 3757 annos
1334 3701 1449 3771 ejus
1473 3701 1682 3768 Vitam,
1730 3703 1842 3758 Deo
1881 3705 2034 3759 auxi-

441 3790 638 3856 liante,
670 3793 1080 3858 contexuimus,
1114 3793 1178 3858 in
1198 3808 1303 3863 qua
1325 3833 1340 3857 ,
1382 3808 1501 3862 qua:
1527 3792 1754 3847 dicenda
1784 3794 1998 3868 fuerant
2027 3838 2042 3864 ,

437 3881 591 3950 juxta
641 3883 918 3937 tenuitatis
967 3893 1165 3937 nostra:
1223 3884 1393 3949 vires,
1449 3881 1698 3938 universa
1744 3884 2037 3956 descripsi-

439 3988 582 4027 Inus.

439 4175 461 4183 __
520 4117 566 4183 ,τι
593 4107 939 4183 Legendum,
992 4111 1285 4183 septimam.
1339 4108 1550 4163 Phoeas
1600 4124 1826 4183 regnare
1871 4113 2035 4183 cmpit

437 4175 630 4248 indiet.
673 4178 738 4244 6,
785 4180 939 4248 rujns
970 4175 1191 4248 proinde
1234 4195 1408 4233 annus
1447 4175 1713 4233 svcundtis
1744 4175 2034 4248 respondet

443 4247 724 4303 indictioni
753 4249 804 4301 7.
838 4247 1039 4303 Deinde
1066 4258 1278 4304 constat
1305 4257 1549 4304 sant-tum
1579 4247 1896 4318 Gregotimn
1921 4267 2035 4305 C(13-

430 215 501 270 59
1117 211 1174 265 S.
1219 213 1547 269 CRECORII
1590 215 1797 270 MAGNI
1843 215 2023 280 VITA,
2066 211 2385 268 AUCTORE
2422 209 2680 266 JOANNE
2724 183 3036 262 DIACONU.
3652 204 3725 262 GU

2756 317 2838 371 Ea:
2877 317 3074 372 eodem.

2203 408 2318 462 lloc
2347 406 2536 462 eodem
2563 414 2804 474 tempore
2832 404 2972 458 idem
3003 404 3193 458 beatus
3220 403 3512 472 Gregorius
3545 403 3720 470 Augu-

2129 500 2358 563 stinum,
2392 505 2447 552 et
2477 497 2733 551 Mellitum
2753 538 2768 563 ,
2811 505 2866 550 ct
2892 495 3154 550 Joannem
3182 511 3302 550 eum
3332 497 3451 549 aliis
3477 496 3720 565 pluribus

2131 591 2405 644 monachis
2455 589 2765 644 timentibus
2809 588 3007 652 Deum,
3061 589 3115 642 in
3163 587 3495 642 Britanniam
3538 589 3716 653 misit;

2130 696 2423 751 eorumque
2469 679 2852 750 praedicatione
2900 679 3102 747 Anglos
3147 679 3219 733 ad
3267 679 3540 734 Christum
3588 694 3718 734 con-

2129 772 2309 826 vertit.

2755 837 2840 893 Ea:
2877 840 3074 894 eodem.

2197 932 2390 987 Iisdem
2417 929 2606 985 diebus
2632 930 3060 999 sapientissimus
3094 943 3160 984 ac
3193 929 3535 984 beatissimus
3577 927 3726 1000 Papa

2126 1018 2416 1090 Gregorius
2457 1019 2714 1072 Romana:
2745 1019 2893 1073 urbis
2921 1019 3208 1088 episcopus
3240 1017 3396 1087 (Lib.
3428 1037 3508 1084 ιν,
3541 1036 3588 1074 c.
3623 1021 3722 1090 l),

2126 1119 2251 1179 post
2296 1109 2398 1162 alia
2439 1108 2606 1161 multa
2655 1123 2773 1176 qua:
2815 1107 2884 1161 ad
2913 1107 3201 1161 utilitatem
3241 1116 3440 1162 sancta:
3472 1107 3723 1164 Ecclesiae

2125 1201 2440 1270 scripserat,
2488 1201 2654 1254 etiam
2680 1199 2846 1254 libros
2873 1210 3106 1268 quatuor
3133 1200 3204 1256 de
3233 1200 3369 1255 Vitis
3397 1210 3714 1256 sanctorum

2125 1293 2430 1362 composuit
2455 1310 2467 1345 :
2501 1307 2660 1361 quem
2690 1290 2932 1346 codicem
2963 1289 3262 1358 Dialogum,
3293 1292 3418 1359 quia
3449 1307 3571 1346 eum
3603 1293 3718 1347 col—

2127 1384 2349 1450 loquens
2378 1398 2498 1436 cum
2529 1397 2628 1436 suo
2659 1380 2888 1437 diacono
2920 1381 3080 1436 Petro
3107 1381 3368 1444 ediderat,
3401 1383 3716 1451 appellavit.

2126 1474 2236 1530 Hos
2255 1485 2434 1530 autem
2458 1475 2620 1528 libros
2648 1473 2903 1543 prmfatus
2933 1489 3069 1543 papa
3096 1473 3480 1534 Tbeodelinde
3521 1477 3724 1542 regine

2126 1566 2295 1634 misit,
2325 1575 2514 1636 utpote
2543 1581 2703 1635 quam
2734 1565 2961 1630 sciebat,
2992 1576 3048 1620 et
3077 1565 3277 1620 Christi
3309 1565 3430 1620 fidei
3462 1566 3722 1632 deditam,

2126 1668 2183 1712 et
2213 1657 2265 1712 in
2294 1658 2450 1712 bonis
2473 1658 2681 1712 actibus
2706 1671 2825 1712 esse
2845 1657 3195 1726 praecipuam.
3225 1654 3328 1710 Per
3349 1657 3488 1711 hanc
3507 1672 3726 1726 quoque

2130 1748 2374 1816 reginam
2394 1747 2623 1801 multum
2644 1745 2886 1803 utilitatis
2905 1745 3148 1800 Ecclesia
3180 1745 3275 1799 Dei
3295 1755 3584 1800 consecuta
3605 1756 3720 1810 est;

2129 1853 2256 1893 nam
2305 1852 2444 1908 pene
2483 1852 2672 1892 omnes
2715 1835 3071 1891 Ecclesiarum
3108 1835 3467 1890 sublimitates
3509 1837 3724 1906 Lango-

2129 1927 2313 1994 bardi,
2343 1943 2463 1982 cum
2495 1926 2674 1980 adhuc
2699 1924 3015 1994 gentilitatis
3040 1938 3227 1978 errore
3254 1930 3604 1993 tenerentur,
3636 1927 3726 1980 in-

2129 2025 2408 2082 Vaserunt;
2448 2015 2545 2072 sed
2589 2016 2704 2084 ejus
2734 2015 2933 2070 salubri
2962 2014 3355 2084 supplicatione
3380 2031 3472 2082 rex
3501 2031 3724 2085 permo-

2129 2114 2234 2171 tus,
2257 2115 2313 2160 et
2333 2106 2654 2162 catholicam
2678 2103 2838 2160 fidem
2856 2105 3049 2173 tenuit,
3072 2113 3127 2160 et
3145 2105 3337 2160 multas
3352 2107 3726 2175 possessiones

2127 2196 2377 2253 Ecclesia:
2415 2197 2636 2265 largitus
2673 2204 2786 2262 est;
2835 2204 2998 2265 atque
3037 2199 3354 2265 episcopos,
3403 2197 3495 2265 qui
3533 2199 3586 2252 in
3625 2199 3716 2253 de-

2127 2287 2406 2356 pressione
2435 2293 2491 2340 et
2511 2285 2816 2356 abjectione
2838 2292 3015 2350 crant,
3045 2284 3114 2340 ad
3134 2285 3444 2354 dignitatem
3472 2295 3527 2341 et
3551 2287 3722 2342 Itono-

2127 2392 2242 2432 rem
2272 2375 2502 2431 reduxit.

2737 2447 2836 2516 17
2890 2444 3110 2500 Ibidem.

2201 2535 2316 2593 Rex
2347 2542 2527 2590 autem
2558 2534 2856 2604 Agilulfus,
2889 2536 3158 2591 exstincto
3188 2535 3538 2598 Mauritione,
3572 2533 3715 2590 Tici-

2130 2643 2258 2682 num
2299 2624 2600 2695 repedavit.
2637 2626 2743 2681 Nec
2772 2627 2943 2681 multo
2982 2637 3105 2696 post
3132 2638 3454 2697 suggerente
3488 2629 3720 2682 maxime

2129 2715 2498 2773 Theodelinda
2529 2717 2748 2785 regina,
2782 2716 3010 2787 conjuge
3036 2717 3182 2787 ejus,
3217 2719 3353 2772 sicut
3382 2733 3500 2771 eam
3533 2719 3718 2772 beatu;

2127 2811 2418 2883 Gregorius
2443 2811 2556 2866 suis
2579 2811 2822 2881 epistolis
2848 2813 3042 2882 sepius
3064 2812 3438 2876 admonucrat,
3471 2830 3591 2866 cum
3623 2828 3717 2867 en-

2127 2907 2249 2962 dem
2278 2906 2394 2960 viro
2415 2905 2759 2961 sanctissimo
2789 2920 2927 2973 papa
2962 2903 3224 2974 Gregorio
3268 2913 3428 2974 atque
3465 2905 3724 2959 llonmnis

2085 3060 2097 3078 η
2130 3012 2317 3067 pacem
2352 2996 2708 3051 firmissimam
2740 2994 2961 3063 pepigit.

2828 3082 3047 3136 Ibidem.

2199 3175 2351 3230 Tunc
2372 3175 2562 3231 beatus
2581 3173 2878 3244 Gregorius
2905 3189 3043 3242 papa
3067 3174 3314 3240 migravit
3337 3175 3403 3228 ad
3430 3174 3725 3244 Christum,

2133 3268 2238 3338 18
2281 3281 2402 3321 cum
2445 3266 2556 3333 jam
2603 3265 2809 3320 Pltocas
2860 3280 2954 3333 per
2993 3264 3341 3319 indicliutlctlt
3389 3275 3415 3302 ι
3465 3275 3715 3320 octavam

2129 3371 2272 3412 anno
2290 3363 2539 3424 regnaret
2559 3355 2817 3410 secundo.
2839 3352 3005 3423 Cujus
3027 3354 3079 3407 in
3105 3354 3280 3408 locum
3297 3354 3365 3409 ad
3382 3355 3718 3424 apostolatus

2130 3445 2365 3502 ollicium
2393 3445 2718 3500 Sabinianus
2746 3452 2828 3498 est
2861 3444 3158 3498 ordinatus.
3194 3442 3316 3496 Fuit
3342 3451 3521 3497 autem
3553 3443 3724 3499 hiems

2134 3538 2323 3606 frigida
2355 3537 2546 3604 nimis;
2576 3547 2633 3592 et
2659 3545 2885 3592 mortua:
2911 3547 3035 3589 sunt
3061 3535 3196 3589 vites
3226 3549 3365 3604 pene
3394 3534 3446 3588 in
3477 3535 3723 3589 omnibus

2135 3628 2294 3684 locis.
2347 3628 2548 3682 Messes
2581 3642 2796 3698 quoque
2826 3640 3093 3696 percussa:
3123 3625 3347 3679 uredine
3375 3624 3570 3694 passim
3601 3639 3721 3678 cva-

2137 3732 2324 3772 nuere.
2394 3717 2591 3772 Debuit
2655 3716 2852 3771 etenim
2914 3716 3142 3769 mundus
3211 3715 3406 3768 famem
3475 3716 3724 3782 sitimque

2137 3808 2279 3878 pati,
2319 3806 2564 3876 quando,
2597 3805 2893 3861 decedente
2918 3815 3070 3860 tanto
3101 3806 3326 3860 doctore
3346 3848 3362 3874 ,
3392 3807 3596 3861 animas
3627 3807 3724 3859 lto-

2138 3899 2342 3952 minum
2366 3897 2659 3972 spiritualis
2686 3896 2956 3952 alimoniae
2981 3898 3224 3966 penuria,
3255 3897 3479 3966 silisque
3505 3897 3726 3951 aritlitas

2139 3985 2356 4041 invasit.

2140 4116 2282 4182 pisse
2306 4130 2494 4185 regere
2519 4114 2812 4171 Ecclesiam
2843 4113 3027 4170 indict.
3057 4114 3118 4179 9,
3150 4117 3460 4184 rexisseque
3489 4129 3586 4180 per
3614 4121 3721 4166 tre-

2138 4186 2312 4240 decim
2341 4201 2514 4240 annos
2541 4194 2596 4240 et
2635 4200 2732 4240 sex
2767 4201 3012 4250 menses,
3058 4201 3122 4238 ac
3152 4187 3405 4251 migrasse
3446 4185 3496 4236 itt
3528 4189 3728 4239 em'nm

2140 4271 2325 4310 mense
2351 4255 2562 4321 Martio,
2593 4264 2845 4311 currente
2875 4256 3059 4310 indict.
3088 4255 3139 4307 7.

494 4379 3725 4414 ω

1807 4499 2360 4612 SANCTI

1022 4677 2310 5110 GBEGQZIIlrlrg
2364 4684 3120 4897 MAGN
3128 4695 3221 4894 Ι

1314 5165 1360 5214 Δ
1394 5163 1640 5215 JOANNE
1673 5161 1949 5214 DIACONO
2001 5163 2268 5215 SCRIP'I’A
2300 5166 2508 5218 LlBRlS
2542 5169 2874 5228 QUATUOll.

1015 5335 1338 5396 JOANNIS
1379 5337 1703 5398 DIACONI
1747 5338 2074 5397 CARMEN
2121 5341 2227 5399 AD
2269 5341 2644 5404 JOANNEM
2693 5345 2955 5404 ΡΛΡΛΜ
3004 5345 3168 5408 Vill.

455 5455 796 5529 195u=eipe
815 5456 1124 5524 ltomu‘eos,
1151 5459 1342 5512 Pastor
1363 5460 1691 5523 venerande,
1718 5459 2035 5530 triumphos,
2073 5464 2120 5523 ι)

557 5548 799 5618 Gregorii
826 5551 994 5605 sancti
1020 5552 1233 5620 suscipe
1263 5562 1410 5619 gesta
1441 5553 1537 5605 tni.

449 5641 550 5705 Qui
582 5642 742 5696 nituit
762 5640 933 5708 factis,
968 5643 1164 5708 verbis,
1197 5645 1516 5710 scriptis-inte
1556 5644 1748 5707 beatis,

2252 5463 2322 5518 Ut
2344 5464 2503 5530 jnbar
2529 5467 2789 5519 auricomi
2813 5467 2943 5520 solis
2969 5467 3019 5520 in
3043 5468 3174 5522 orbe
3202 5468 3351 5522 clttit.

2146 5551 2358 5616 Forma,
2388 5554 2572 5621 decus,
2605 5556 2878 5624 speculum
2914 5556 3008 5610 tibi
3037 5558 3127 5621 sit,
3155 5559 3260 5619 via,
3289 5560 3393 5612 vita
3419 5575 3514 5628 per
3533 5573 3725 5624 rrum.

2252 5643 2308 5698 Si
2332 5645 2480 5713 copis
2509 5654 2766 5700 aitet-imm
2799 5645 2936 5702 ferre
2967 5647 3352 5702 sacerdotium.
