4018 6312
170 200 230 253 6|
620 192 679 249 S.
719 190 1046 250 GREGORII
1088 186 1298 244 MAG.“
1342 188 1526 255 VITA,
1570 187 1894 243 MJCTURE
1934 185 2193 241 JO.\‘.\'NE
2234 185 2555 244 DIACONO.
2601 185 3007 242 PREFATIO.
3363 186 3439 241 t3

167 306 288 358 Nam
317 308 406 375 qui
440 318 549 358 non
576 301 735 371 hujus
762 299 1000 369 sequitur
1025 296 1247 366 vestigia
1279 297 1495 365 prtesul,

268 396 407 451 Ante
438 392 599 446 Deum
624 391 816 459 przesul
846 404 951 443 non
982 388 1106 454 erit,
1139 387 1247 440 imo
1277 401 1458 454 pecus.

168 485 301 541 lliuc
330 482 602 539 Psalmista
632 480 774 535 canit
793 478 1064 532 hominem
1087 476 1323 529 similare
1347 473 1599 539 caballis,

275 579 518 646 Ignavqu
544 572 742 639 stultis,
769 571 859 641 qui
888 570 986 624 sub
1012 571 1216 622 honore
1242 567 1405 635 perit.

172 668 487 723 Nocturnum
512 664 754 719 dedimus
781 670 967 716 saneto
995 668 1326 727 cantmuque
1346 657 1624 724 diurnum,

268 754 595 808 Carminibus
625 752 828 805 clarum
856 747 1298 814 concinimusque
1328 746 1523 799 virum.

165 846 267 914 20
287 843 465 897 Redde
491 842 676 906 vicem,
704 842 957 909 scriptor,
990 847 1014 873 ⁸
1038 852 1261 892 servans
1289 835 1428 900 cola,
1460 843 1749 901 commata,

518 940 738 1001 puncta,

262 1023 340 1079 Ne
368 1032 458 1078 tua
490 1024 807 1078 meudmum
835 1022 1031 1092 pagina
1056 1029 1239 1076 servet
1266 1036 1423 1091 opus.

229 1184 252 1211 ’⁸
284 1174 363 1228 Ita
395 1173 567 1229 Codd.
600 1173 803 1241 Bigot.,
830 1172 1010 1225 Turon
1042 1212 1058 1238 ,
1088 1186 1182 1224 seu
1211 1169 1379 1223 sancti
1408 1166 1616 1220 Martini
1638 1204 1652 1228 ,
1695 1174 1749 1219 et

161 1244 267 1299 alii.
301 1245 357 1297 In
389 1243 530 1297 Evlit.
566 1239 771 1300 MabiL.
804 1242 1021 1295 reddens
1045 1242 1177 1304 cola,
1204 1248 1479 1299 commata,
1512 1247 1744 1306 punctos.

230 1315 256 1352 δ
287 1312 356 1368 lli
386 1324 514 1370 octo
554 1328 743 1368 versus
775 1312 946 1371 ultimi
976 1311 1288 1365 omittuntur
1324 1309 1374 1361 in
1414 1305 1540 1361 Mss.
1577 1321 1706 1361 sane
1733 1305 1746 1359 i

1777 299 1821 358 Α
1847 294 1873 332 δ
1906 294 2115 350 Ludere
2138 312 2224 350 me
2252 297 2405 351 libuit
2429 298 2698 353 variabilis
2724 299 2911 354 ordine
2942 299 3138 367 campi,

1961 387 2247 455 Postquam
2274 403 2433 458 prosa
2462 389 2612 460 fugit,
2647 406 2794 445 musa
2815 391 3000 458 jocosa
3032 390 3188 446 redit.

1849 480 1976 535 llme
2005 483 2137 536 mihi
2168 491 2224 536 tu
2255 483 2463 548 tribuis,
2497 484 2687 539 doctor
2715 487 2951 554 pretiose
2978 484 3227 551 Gregori,

1958 571 2059 637 Qui
2088 572 2231 626 bona
2255 572 2349 627 das
2380 573 2608 638 famulis,
2638 575 2732 629 sed
2759 575 2897 628 mala
2928 575 3094 638 nulla,
3126 574 3249 627 tuis.

1852 665 2091 720 Vestitus
2111 666 2271 735 cmpi,
2303 666 2476 721 nudus
2509 676 2597 720 tua
2626 668 2804 721 munia
2836 669 2967 732 dixi,

1961 758 2126 811 Indue
2154 774 2241 813 me
2273 757 2449 822 factis,
2484 759 2873 825 velleribusque
2902 760 3026 814 tuis.

1854 847 1917 900 Et
1939 848 2061 914 quia
2094 850 2334 902 mortalis
2363 850 2558 903 desunt
2583 850 2906 904 commercia
2937 850 3128 913 carnis,

1960 941 2035 994 Da
2063 942 2193 994 mihi
2223 943 2322 996 sub
2353 943 2578 1011 pedibus
2604 958 2764 1012 posse
2788 942 2971 1012 jacere
2997 944 3120 997 tuis.

1851 1175 2061 1230 Martini
2078 1175 2282 1229 Tumn.
2300 1174 2501 1227 Desmit
2520 1174 2701 1227 omnia
2724 1170 2964 1228 carmina
2980 1170 3031 1222 in
3055 1169 3153 1223 ΕιΙ.
3173 1168 3442 1225 Οιιδελιιγ.

1849 1257 1903 1301 et
1931 1246 2051 1300 aliis
2078 1253 2273 1315 praeter
2302 1244 2477 1297 Mabil.

673 1503 2733 1527 ww

1453 1624 1595 1708 ΡΒ
1625 1623 2059 1707 ΕΡΑΤΙΟ
2091 1633 2152 1711 ³.

224 1913 550 1971 Beatissimo
578 1926 641 1967 ac
686 1909 991 1998 felicissimo
1020 1906 1244 1998 Domnq
1270 1905 1486 1998 Joannt,
1538 1914 1738 1998 sancta:
1770 1908 1812 1967 Β
1840 1907 2078 1975 ejusdem
2127 1912 2403 1985 doctoris,
2479 1935 2582 1991 qua
2642 1922 2833 1978 librum
2889 1924 3107 1993 Regula:
3152 1930 3436 1998 pastoralis

155 2005 430 2061 catholica:
462 2011 517 2055 et
561 1999 867 2070 apostolica:
905 1996 1160 2051 Romana:
1206 1994 1457 2050 Ecclesia:
1506 1994 1741 2067 pnesuli,

154 2096 383 2152 Joannes
408 2094 631 2146 ultimus
657 2090 959 2144 levitarum.

221 2188 398 2256 Nuper
430 2184 505 2238 ad
530 2183 737 2252 vigilias
765 2182 906 2236 beati
933 2178 1212 2249 Gregorii,
1244 2179 1272 2218 ι)
1304 2178 1530 2234 Romani
1564 2180 1744 2248 ponti-

163 2278 292 2341 ﬁcis,
339 2275 638 2342 Anglorum
668 2273 839 2342 gentis
867 2271 1125 2341 apostoli,
1160 2271 1395 2325 lectione
1424 2271 1491 2326 de
1519 2272 1743 2326 Paulino

156 2368 379 2426 civitatis
426 2366 654 2420 Nolana:
699 2364 928 2434 praesule
984 2363 1501 2419 consuetulinaliter
1556 2378 1743 2433 perso-

154 2467 329 2527 nante,
358 2459 513 2513 visus
534 2472 593 2512 es
615 2472 645 2511 a
666 2456 1057 2511 venerabilibus
1079 2455 1370 2525 episcopis,
1396 2455 1580 2509 divino
1600 2470 1711 2524 quo
1732 2486 1743 2497 -

156 2550 266 2605 dam
295 2548 565 2603 instinctu
595 2554 926 2611 commotus,
968 2545 1243 2613 requirere
1269 2560 1366 2600 cur
1396 2554 1576 2601 tantus
1605 2560 1743 2614 pon-

158 2636 296 2705 tifex,
322 2638 412 2705 qui
450 2637 747 2690 multorum
771 2644 1080 2691 sanctorum
1111 2634 1260 2689 Vitas
1289 2642 1556 2702 texuerat,
1582 2634 1746 2702 gestis

154 2728 372 2799 propriis
403 2727 470 2780 in
495 2726 713 2796 propria
738 2725 1002 2779 duntaxat
1028 2721 1263 2778 Ecclesia
1295 2724 1587 2788 caruisset;
1613 2736 1748 2793 pra:-

160 2820 326 2875 sertim
347 2834 487 2873 cum
511 2826 565 2872 et
585 2817 726 2886 apud
747 2816 1007 2879 Saxones,
1039 2824 1096 2869 et
1117 2815 1257 2885 apud
1279 2814 1749 2884 Langobardorum

160 2912 247 2966 sibi
286 2924 526 2981 prorsus
567 2908 982 2964 infensissimam
1022 2918 1265 2975 gentem,
1317 2908 1482 2975 gestis
1518 2907 1751 2976 propriis

162 3001 335 3070 ubique
356 3000 627 3069 polleret.
659 2998 899 3065 Cumque
927 2997 1260 3050 venerabiles
1288 2995 1373 3065 cpi
1392 2996 1524 3064 .cnpi
1558 2996 1652 3048 has
1682 2995 1749 3049 ab

165 3090 380 3159 utrisque
410 3087 681 3155 gentibus
708 3085 890 3139 haberi
922 3084 1163 3153 quidem,
1197 3086 1290 3139 sed
1319 3085 1746 3150 compendiosis-

161 3179 307 3243 sime,
347 3194 405 3233 re
437 3176 787 3247 ponderent,
819 3190 991 3229 meam
1018 3190 1234 3245 quoque
1263 3176 1581 3244 parvitatem
1610 3191 1744 3230 con-

1847 2000 2237 2070 quadripartita
2271 2008 2482 2063 ratione
2511 2010 2858 2081 distinxerat,
2889 2030 2990 2082 ego
3015 2034 3230 2087 quoque
3261 2023 3293 2075 ll
3321 2040 3436 2086 um,

1848 2091 2085 2157 qualiter
2112 2094 2177 2147 ad
2202 2098 2413 2153 culmen
2443 2103 2714 2169 regiminis
2742 2108 2969 2175 venerit,
3003 2109 3052 2161 in
3082 2112 3252 2179 primo
3282 2114 3437 2180 hujus

1849 2180 2029 2247 operis
2079 2182 2215 2237 libro
2263 2186 2540 2254 perbibui;
2591 2200 2649 2244 et
2689 2192 2756 2246 ad
2801 2192 2905 2249 hoc
2946 2196 3049 2250 rite
3093 2202 3437 2267 perveniens,

1848 2270 2079 2337 qualiter
2102 2274 2317 2342 vixerit,
2348 2278 2401 2331 in
2432 2282 2671 2335 secundo
2702 2283 2959 2352 disserui;
2990 2296 3044 2340 et
3071 2289 3205 2344 bene
3234 2294 3435 2355 vivens,

1847 2360 2081 2452 qualiter
2100 2363 2372 2432 docuerit,
2404 2368 2457 2423 in
2488 2371 2649 2426 tertio
2678 2372 2985 2442 designavi;
3018 2385 3074 2432 et
3109 2390 3131 2417 ε
3163 2390 3313 2437 recte
3340 2384 3435 2438 do~

1846 2464 2005 2516 cens,
2050 2452 2416 2512 infirmitatem
2446 2474 2597 2514 suam
2625 2464 2867 2532 quo:idie
2892 2475 3094 2535 quanta
3123 2471 3435 2525 considera-

1851 2540 1997 2595 tione
2021 2547 2367 2612 cognoverit,
2404 2549 2454 2603 in
2482 2560 2676 2620 quarto
2699 2555 2959 2610 conclusi.
2993 2556 3175 2626 Neque
3213 2575 3433 2629 magna.

1849 2647 1978 2700 pere
2008 2643 2247 2704 tempora
2281 2644 2612 2710 temporibus
2644 2647 2878 2711 contuli,
2927 2650 3021 2703 sed
3054 2653 3213 2705 rebus
3240 2653 3434 2706 simili-

1850 2720 1952 2774 bus
1984 2722 2007 2757 ά
2040 2725 2231 2779 similia
2273 2732 2549 2798 coaptavi,
2582 2735 2836 2799 quoniam
2868 2752 3054 2792 revera
3090 2756 3195 2794 non
3228 2749 3434 2795 tantum

1851 2811 2067 2876 quando
2095 2814 2341 2884 fecisset,
2371 2821 2465 2874 sed
2493 2832 2752 2890 quantum
2779 2826 2991 2882 fecisset
3010 2869 3024 2894 ,
3050 2831 3309 2886 sollicitus
3339 2832 3437 2885 de-

1854 2899 2051 2958 ﬂorare
2086 2909 2290 2963 curavi.
2341 2910 2400 2964 ln
2442 2914 2634 2982 quibus
2661 2932 2966 2987 quanquam
3010 2924 3265 2979 multa‘et
3294 2927 3437 2983 varia

1852 3004 2153 3049 memoratu
2182 2997 2340 3065 digna
2377 3009 2400 3037 ε
2439 3003 2618 3059 studio
2658 3004 2941 3065 brevitatis
2979 2996 3280 3079 omiserim,
3312 3014 3437 3072 nihil

1849 3084 2069 3137 memini
2109 3100 2194 3138 me
2221 3089 2495 3157 posuisse,
2538 3095 2683 3161 quod
2710 3098 3033 3166 scriptorum
3071 3110 3309 3157 veterum
3340 3118 3436 3159 nes

1847 3183 2012 3242 queat
2027 3177 2350 3234 auctoritate
2371 3181 2604 3250 defendi,
2629 3190 2867 3256 exceptis
2885 3190 2987 3243 illis
3004 3192 3279 3247 miraculis
3295 3210 3434 3262 qua),

162 3271 409 3333 sciscens,
486 3281 821 3337 prmceperas
877 3274 937 3320 ut
982 3266 1158 3320 Vitam
1207 3265 1373 3334 ipsius
1423 3265 1492 3320 de
1542 3266 1742 3320 scrinio
1771 3274 1816 3339 ﬁ
1847 3265 2045 3321 nostris
2075 3269 2408 3337 temporibus
2436 3271 2573 3327 facta
2607 3273 2652 3340 τ,
2686 3279 2791 3348 22
2837 3280 3017 3335 multis
3047 3282 3221 3338 adhuc
3245 3299 3432 3355 supcr-

164 3370 344 3415 sanctze
381 3359 542 3415 sedis
588 3357 925 3423 a,ostolica:,
978 3365 1129 3411 tanto
1167 3355 1403 3426 plenius,
1450 3364 1653 3425 quanto
1686 3364 1743 3411 et

165 3452 344 3504 certius
379 3465 617 3518 carpere
662 3446 1005 3503 studuissem.
1052 3446 1158 3502 Sed
1199 3447 1324 3501 dum
1372 3460 1473 3515 ego
1514 3448 1743 3517 propriae

165 3542 352 3595 iuertim
379 3540 643 3596 conscius
660 3579 674 3602 .
704 3554 791 3594 me
820 3540 954 3594 meis
992 3538 1287 3609 prioribus,
1318 3554 1382 3594 ac
1404 3554 1501 3609 per
1525 3541 1629 3595 hoc
1653 3554 1742 3594 sa-

166 3633 535 3701 pientioribus,
559 3632 646 3699 qui
671 3631 831 3684 vitam
854 3630 988 3699 ejus,
1020 3631 1145 3685 licet
1165 3629 1422 3695 breviter,
1451 3639 1630 3686 tamen
1651 3632 1740 3701 pio

168 3733 371 3789 conatu,
393 3722 875 3791 puleherrimoquc
894 3721 1034 3791 stylo
1049 3721 1465 3790 descripserant,
1496 3722 1742 3779 conferre

170 3812 367 3878 penitus
403 3812 744 3875 dubitarem,
795 3810 1083 3865 identidem
1121 3810 1358 3878 jubendo
1397 3812 1744 3867 vehementer

171 3902 398 3959 hortatus
423 3919 494 3959 es
513 3942 528 3967 ,
569 3912 631 3957 ut
668 3903 923 3957 Romana:
949 3903 1091 3957 sedis
1115 3902 1460 3971 pontificem,
1503 3902 1743 3971 ejusdem

168 3993 303 4049 aedis
344 3994 591 4063 praesulis
636 3994 982 4058 auctoritate,
1028 3992 1426 4062 describerem,
1474 3996 1559 4049 cui
1604 3994 1745 4048 Deus

173 4083 507 4151 omnipotens
528 4081 920 4151 probandorum
941 4095 1036 4135 seu
1062 4080 1495 4150 repellendorum
1518 4082 1745 4151 scripto.

174 4184 286 4225 nun
314 4171 549 4225 omnium
570 4171 853 4239 specialem
878 4169 1088 4225 dederit
1114 4171 1299 4240 procul
1319 4171 1482 4226 dubio
1506 4181 1742 4242 potesta-

142 4269 297 4315 .tem.
344 4263 529 4333 itaque
575 4271 680 4315 tam
727 4261 1028 4330 imperiosis
1072 4262 1484 4317 auctoritatibus
1523 4261 1740 4316 tandem

177 4354 497 4422 compulsus,
556 4354 644 4407 vix
693 4353 920 4423 primum
977 4353 1169 4407 librum
1220 4352 1564 4421 Gregoriana)
1611 4352 1744 4407 Vita:

177 4444 458 4512 conn-level
473 4460 583 4509 ani,
606 4443 819 4511 quando
838 4443 998 4505 hunc,
1023 4442 1074 4496 in
1096 4441 1338 4510 ejusdem
1355 4442 1549 4510 vigiliis
1567 4458 1741 4495 annua

176 4535 423 4603 vertigine
452 4534 726 4598 revolutis,
762 4541 849 4586 tua
881 4532 1127 4602 probavit
1149 4532 1350 4601 pariter
1369 4547 1433 4585 ac
1454 4531 1743 4601 pz'b'ieavit

1843 3355 2092 3423 stitibus,
2125 3358 2259 3416 vivis
2287 3362 2508 3418 vocibus
2533 3366 2893 3423 celebrantur.
2925 3370 2980 3425 Si
3011 3372 3097 3426 cui
3126 3382 3304 3428 tamen
3324 3417 3339 3442 ,
3372 3384 3431 3429 ut

1841 3450 2070 3517 assolet,
2112 3452 2286 3506 visum
2328 3454 2487 3509 fuerit
2516 3457 2700 3524 aliter,
2733 3460 2799 3514 ad
2833 3460 3219 3531 plenitudinem
3246 3466 3430 3521 scrinii

1839 3541 2005 3595 vestri
2052 3558 2365 3613 ricurrcns,
2416 3554 2497 3599 tot
2539 3547 2828 3605 charticios
2873 3552 3039 3607 libros
3080 3554 3429 3623 epistolarum

1840 3631 2082 3700 ejusdem
2117 3634 2316 3700 Patris,
2348 3645 2484 3705 quot
2511 3653 2680 3695 annos
2709 3642 2967 3710 probatur
2994 3644 3220 3711 vixisse,
3251 3644 3431 3700 revol-

1840 3730 1953 3776 vat.
1997 3721 2066 3775 Et
2091 3724 2215 3791 quia
2244 3727 2488 3795 quredam
2526 3727 2765 3794 illarum,
2814 3733 2966 3787 vario
3002 3743 3242 3804 tempore
3268 3735 3432 3790 desti‘

1842 3821 2005 3876 natae,
2040 3815 2361 3869 varietatem
2393 3832 2644 3872 sensuum
2674 3821 2928 3887 retinent,
2961 3824 3271 3894 eaedemque
3294 3842 3434 3879 unn~

1846 3901 2005 3953 nullis
2029 3903 2268 3969 intr-grzn,
2292 3905 2610 3971 quibusdam
2629 3922 2758 3961 vero
2776 3919 2927 3977 parte
2946 3911 3121 3979 aliqua
3143 3913 3435 3982 diminuta‘,

1844 4005 1945 4059 pro
1974 4006 2358 4060 personarum,
2391 3994 2661 4063 locorum,
2693 3997 2805 4052 sive
2829 3994 3127 4070 temporum
3155 4002 3433 4072 dispensa-

1847 4081 2019 4146 tione,
2073 4081 2352 4149 videntur,
2405 4082 2510 4139 line
2556 4093 2715 4143 tenus
2764 4090 3054 4158 relegendo
3101 4096 3437 4164 conspiciat;

1845 4172 2029 4238 sicque
2051 4172 2264 4226 demum
2288 4175 2519 4229 lucidam
2541 4178 2822 4233 veritatem
2844 4196 3195 4251 cognoscens,
3228 4201 3313 4239 me
3334 4199 3427 4241 aut

1845 4275 1966 4313 cum
2003 4261 2216 4316 ama-iis
2257 4262 2538 4331 delendat,
2582 4275 2674 4320 aut
2717 4283 2837 4322 cum
2881 4272 3163 4327 ausoribus
3201 4285 3433 4342 arguat;

1843 4364 2150 4421 qumquam
2181 4352 2234 4406 in
2261 4367 2328 4408 eo
2348 4354 2493 4424 quod
2516 4363 2607 4410 tuo
2629 4356 2833 4426 judicio
2858 4360 3069 4429 placeo,
3098 4365 3306 4419 cuncti.-
3334 4381 3430 4421 ve-

1842 4442 2058 4495 ritatun
2090 4444 2361 4499 tuentibus
2390 4460 2479 4499 me
2507 4455 2769 4515 perpetuo
2798 4448 3118 4517 placiturum
3149 4451 3264 4507 fore
3291 4471 3431 4523 pra:-

1844 4546 2073 4586 sumam.
2098 4531 2229 4587 Peto
2255 4534 2417 4603 igitur
2439 4544 2495 4590 ut
2522 4537 2664 4593 sicut
2687 4539 2788 4593 tuis
2809 4540 3138 4610 jussionibus
3155 4545 3433 4602 humiliter

176 4625 272 4692 21
315 4624 623 4679 auctoritas.
678 4623 817 4690 Ergo
859 4623 1138 4677 sollicitior
1181 4624 1353 4677 factus
1398 4623 1466 4676 ad
1512 4632 1736 4686 cetera,
1774 4636 1817 4691 ι)
1846 4624 2027 4691 parui,
2062 4624 2137 4678 sic
2167 4625 2305 4679 beati
2332 4625 2578 4695 Gregorii
2606 4632 2883 4698 precibus,
2926 4642 2983 4688 et
3015 4634 3065 4688 in
3094 4636 3199 4691 hoc
3229 4640 3430 4695 smeulo

176 4729 331 4780 pauca
356 4715 422 4768 de
444 4715 648 4779 muhis,
680 4723 732 4769 te
762 4714 1059 4780 inccntore,
1093 4722 1147 4767 te
1172 4723 1521 4783 prmceptore,
1552 4725 1602 4767 te
1632 4712 1746 4767 fau-

176 4816 301 4870 tore,
336 4815 495 4875 teque
519 4805 718 4873 judice,
750 4806 1024 4873 colligens,
1059 4805 1109 4857 in
1142 4804 1291 4857 libris
1312 4814 1561 4871 quatuor,
1592 4803 1745 4856 auxi-

174 4897 325 4951 liaute
344 4899 596 4966 Domino,
610 4899 909 4961 coarctavi;
931 4897 1294 4952 etsecundum
1316 4896 1741 4951 distributionem

237 5082 273 5148 ’Δ
293 5073 493 5137 Βῐιζιρι..
536 5073 587 5125 in
616 5090 751 5127 nam.
782 5076 1121 5128 sanctissima:
1146 5084 1194 5127 et
1223 5075 1332 5128 ind.
1378 5074 1523 5130 Trin.
1559 5077 1740 5148 incipit

172 5145 429 5209 profugus,
462 5151 563 5193 etc.

235 5210 258 5245 ι)
284 5210 687 5284 Abestflomnni
709 5228 736 5263 a
758 5211 910 5265 Colb.
937 5212 1133 5281 Bigot..
1155 5215 1363 5268 Geunet.
1390 5223 1444 5269 ct
1465 5217 1733 5284 An'legav.

172 5281 327 5331 Sancti
359 5281 554 5332 Albini.

236 5360 254 5418 ς
295 5351 584 5418 licini-lio,
616 5353 835 5418 perferte
856 5352 1062 5407 docens.

234 5417 257 5453 (³
295 5416 352 5472 ιιι
382 5420 591 5476 Celtici.
617 5416 679 5474 vel
706 5421 871 5490 liigul;
905 5423 1055 5477 deest
1082 5423 1293 5478 similia.

1848 4714 1915 4766 ab
1958 4716 2269 4769 mundorum
2311 4717 2547 4783 insidiis,
2596 4729 2651 4773 ct
2689 4720 2741 4774 in
2790 4722 2970 4776 futuro
3014 4740 3043 4779 a
3084 4737 3427 4796 peccatorum

1850 4808 2076 4862 llt‘XlllllS
2132 4824 2341 4863 merear
2382 4811 2799 4867 misericorditer
2843 4815 3055 4871 liberari
3103 4835 3199 4889 per
3246 4818 3306 4872 Je
3339 4836 3431 4875 unt

1844 4894 2112 4953 Clnistum
2140 4899 2420 4954 Dominum
2448 4911 2706 4958 nostrum.
2732 4905 2923 4962 Amen.
2950 4917 2974 4955 8

1918 5080 1941 5106 ο
1982 5068 2278 5138 Andr-3am,
2310 5075 2479 5126 studio
2508 5074 2759 5127 veritatis.

1919 5139 1936 5176 τ
1981 5138 2145 5219 Edit.,
2204 5142 2474 5195 multarunt
2521 5144 2690 5195 adhuc
2741 5145 3090 5212 superstitum.
3140 5147 3428 5219 Sequimur

1842 5209 1969 5261 Mss.
1999 5212 2235 5262 omnium
2264 5228 2604 5265 consensum.

1914 5289 1938 5325 Β
1982 5276 2108 5331 Post
2135 5280 2336 5347 praefat.
2367 5281 2419 5334 in
2450 5280 2621 5347 Biget.
2654 5282 2882 5346 legitur:

1998 5373 2221 5437 [iregnrii
2244 5387 2376 5433 [value
2401 5373 2486 5437 lict
2509 5374 2619 5437 hinc
2640 5375 2902 5435 descriptio
2924 5380 3055 5437 vitm,

1998 5434 2231 5482 Nobilitas
2253 5436 2456 5495 generis
2479 5434 2617 5495 cujus
2641 5434 2948 5496 praznnttitur
2976 5434 3097 5493 istic.
