4018 6370
217 374 305 427 B‘i

873 375 930 429 S.
972 372 1295 429 GREGURII
1340 371 1547 428 MAGNI
1591 371 1775 434 VITA,
1816 370 2016 427 AUCT.
2058 371 2320 427 JOANNE
2361 374 2676 433 DIACONO.
2719 375 2846 435 LIB.
2891 377 2934 438 l.
3461 381 3532 437 πο

230 498 386 539 cura
406 496 776 548 succrescere;
808 484 880 537 ita
914 492 971 536 ut
1002 498 1108 537 non
1134 481 1264 551 jam,
1296 483 1435 537 sicut
1464 492 1842 554 proposuerat,
1878 489 1922 545 Α
1950 497 2098 546 nere,
2125 490 2181 536 ut
2210 484 2274 536 ad
2296 484 2435 537 diem
2467 486 2692 542 altermn
2713 487 2974 557 jejunium
3005 488 3294 545 transferre
3321 491 3530 562 potuis-

234 576 458 644 specie,
489 577 580 629 sed
609 575 662 628 iu
689 589 756 627 eo
782 573 1107 628 retineretur
1134 581 1188 627 et
1210 580 1412 628 mente.

1944 580 2028 625 set
2055 582 2100 625 ο.
2136 572 2330 627 Verum
2371 588 2675 644 quanquam
2724 593 2862 647 pene
2908 579 3225 646 quotid‘auo
3271 580 3531 648 languore

316 664 379 719 5.
407 664 641 718 Tandem
662 672 814 733 patre
844 664 1085 728 orbatus,
1112 663 1202 716 ubi
1235 664 1457 717 liberam
1482 662 1847 732 disponenda-
1945 664 2265 729 tabescet-et,
2291 666 2491 719 nullam
2522 674 2701 722 tamen
2732 671 2943 739 corpori
2976 687 3075 724 suo
3102 672 3352 741 cupiebat
3378 686 3534 725 com-

234 771 369 809 rum
394 770 571 810 rerum
602 770 817 808 suarum
840 763 1029 809 nactus
1058 764 1142 809 est
1168 753 1499 818 facultatem,
1532 770 1624 808 sex
1656 768 1844 806 mona-

231 849 413 901 steria
443 847 496 901 in
518 847 699 902 Sicilia
724 847 1013 911 fabricans,
1044 845 1435 901 sufficientibus
1460 846 1711 901 fratribus
1736 847 1843 916 24

232 936 563 1001 cumulavit,
587 937 782 1005 quibus
809 946 1017 991 tantum
1041 936 1366 1006 praediorum
1396 937 1644 1000 contulit,
1668 950 1836 1002 quan-

237 1038 363 1083 tum
392 1039 575 1098 posset
601 1030 668 1084 ad
700 1030 897 1084 victum
927 1031 1299 1098 quotiliauum
1328 1030 1436 1084 Deo
1469 1030 1576 1082 illic
1605 1029 1839 1082 militan-

235 1121 382 1175 tium
428 1121 546 1174 sine
591 1121 887 1189 indigentia
926 1119 1206 1188 suﬂ‘ragari
1238 1118 1478 1191 (Gregor.
1512 1116 1636 1171 Tur.
1670 1116 1758 1170 lib.
1803 1133 1836 1170 ι

236 1202 455 1264 llislor.
478 1227 595 1279 cap.
630 1210 705 1281 1).

311 1301 369 1353 6.
394 1301 721 1371 Septimum,
751 1301 894 1356 intra
918 1301 1174 1357 Romamn
1199 1300 1345 1355 urbis
1370 1300 1584 1365 momia,
1608 1301 1705 1354 sub
1737 1299 1836 1353 ho-

236 1404 382 1443 nore
410 1390 585 1445 sancti
621 1390 853 1445 Andretc
876 1392 1126 1459 apostoli,
1152 1389 1303 1458 juxta
1328 1390 1596 1443 basilicam
1622 1397 1837 1443 saneto-

236 1493 367 1536 rum
391 1480 618 1537 Joaunis
644 1491 701 1536 et
729 1481 876 1535 Pauli
906 1481 971 1535 ad
999 1483 1190 1535 clivum
1216 1479 1428 1545 Scauri,
1451 1480 1834 1535 monasterium

230 1571 295 1624 in
323 1573 551 1641 proprio
577 1571 796 1626 domate
820 1571 1115 1624 fabricavit.
1144 1568 1200 1621 lu
1230 1584 1357 1636 quo,
1393 1568 1594 1622 relictis
1621 1570 1831 1635 sericis,

227 1677 386 1717 auro
413 1665 743 1732 gemmisque
789 1661 1113 1714 radiantibus
1143 1659 1303 1727 togis,
1343 1658 1607 1726 siumlque
1648 1660 1831 1729 supel-

228 1754 515 1809 lectillbus
544 1754 758 1824 reliquis
779 1753 830 1805 iu
853 1768 1003 1806 usum
1030 1767 1322 1821 pauperum
1354 1761 1379 1788 ἰ
1407 1752 1742 1821 pnnrogatis,
1765 1770 1834 1808 ex

1945 755 2167 808 modare
2195 755 2454 824 quietem,
2477 772 2586 825 quo
2627 758 2803 812 minu.
2842 768 2934 812 aut
2960 769 3162 828 oraret,
3185 771 3276 814 aut
3303 761 3530 830 legeret,

1942 852 2034 895 aut
2064 845 2343 898 scriberet.
2374 854 2466 899 aut
2494 846 2741 901 dictaret.
3044 856 3045 859 “

2013 933 2065 987 9.
2100 934 2154 987 In
2184 936 2341 1005 hujus
2371 938 2508 990 sacri
2541 940 2857 994 monasterii
2890 941 3250 1010 penetralibus
3278 942 3417 997 idem
3448 944 3530 997 vir

1939 1024 2329 1092 omnipotentis
2373 1026 2466 1080 Dei
2513 1028 2826 1096 Gregorius,
2880 1046 2911 1083 a
2944 1038 3116 1084 matre
3162 1030 3362 1096 Silvia,
3398 1042 3529 1086 tunc

1941 1114 2196 1181 temporis
2219 1115 2370 1181 juxta
2402 1126 2612 1184 portam
2644 1117 2786 1170 beati
2819 1116 2970 1171 Pauli
2998 1120 3252 1188 apostoli,
3283 1120 3404 1174 loco
3430 1120 3525 1189 qui

1937 1202 2129 1258 dicitur
2170 1203 2318 1258 Cetla
2351 1222 2507 1270 nova,
2555 1222 2664 1276 quo
2691 1208 2950 1262 hactenus
2976 1212 3274 1264 oratorium
3322 1213 3530 1265 nomini

1936 1290 2051 1360 ejus
2075 1292 2381 1347 dedicatum
2413 1302 2516 1363 est,
2546 1308 2603 1349 et
2631 1296 2896 1349 famosum
2923 1298 3094 1350 sancti
3123 1297 3281 1351 [labar
3310 1301 3528 1354 confes-

1934 1381 2073 1436 soris
2100 1382 2118 1421 ί
2143 1382 2339 1438 Christi
2390 1386 2807 1450 monasterium,
2850 1385 3006 1454 cujus
3053 1387 3168 1440 laus
3199 1387 3250 1440 in
3290 1398 3443 1442 sexta
3475 1396 3533 1442 et

1932 1471 2160 1540 septima
2183 1474 2409 1544 synodo,
2432 1475 2787 1529 constitutum
2814 1474 3043 1539 videtur,
3066 1476 3318 1545 degentc,
3346 1477 3533 1533 crudis

1936 1560 2293 1630 leguminibus
2320 1565 2660 1633 pascebatur.

2009 1651 2095 1705 10.
2124 1650 2223 1706 Ubi
2255 1654 2396 1708 hunc
2417 1656 2485 1710 de
2506 1670 2657 1710 more
2683 1655 2929 1725 quaedam
2956 1650 3279 1712 scribentem
3306 1658 3529 1728 angelus

1935 1744 2034 1800 Dei
2064 1746 2360 1813 reperiens,
2387 1746 2628 1801 misereri
2652 1747 2753 1802 sibi
2784 1746 3033 1802 ﬂebibter
3057 1749 3158 1803 sub
3186 1750 3368 1803 habitu
3392 1764 3528 1803 nau-

228 1843 406 1912 hujus
435 1844 622 1898 mundi
651 1842 929 1912 naufragio
970 1840 1143 1896 nudus
1171 1843 1361 1906 evasit,
1393 1843 1591 1912 diuque
1614 1843 1830 1898 deside—
1862 1852 1907 1911 Β
1939 1834 2071 1903 fragi
2096 1836 2419 1904 postulabat.
2443 1836 2542 1891 Cui
2564 1835 2858 1905 Gregorius
2884 1854 2949 1892 ex
2978 1839 3168 1894 intimo
3192 1840 3357 1895 corde
3376 1855 3528 1894 coru-

234 1949 417 1989 ratum
472 1932 843 1988 monachicum
908 1932 1127 2000 capiens
1182 1932 1597 2000 indumentum,
1655 1934 1830 2002 primo

234 2023 267 2063 ιι
301 2026 404 2080 sub
431 2023 721 2078 llilarionis
743 2021 935 2076 deinde
959 2022 1058 2075 sub
1086 2020 1419 2087 Maximiani,
1445 2022 1830 2076 venerabilium

238 2116 479 2182 Patrum,
506 2115 786 2183 regimine,
808 2114 993 2167 multis
1012 2113 1112 2168 sibi
1137 2113 1357 2168 sociatis
1378 2114 1648 2177 fratribus,
1673 2129 1832 2183 regu-

233 2208 340 2263 lari
372 2207 582 2262 tramite
609 2206 879 2261 militavit.
911 2204 1039 2259 Post
1064 2221 1192 2259 vero
1218 2220 1341 2259 cum
1372 2204 1593 2259 subesse
1622 2204 1827 2267 mallet,

234 2299 467 2352 fratrum
516 2297 695 2351 votiva
744 2296 1033 2351 concordia
1082 2296 1414 2359 imminente,
1448 2276 1677 2363 [incesse
1719 2310 1827 2348 non

228 2387 443 2451 renuit,
471 2388 610 2442 sicut
637 2386 689 2440 in
727 2386 1181 2454 consequentibus
1208 2384 1507 2454 apparebit.

310 2477 366 2533 7.
395 2475 524 2530 Erat
544 2477 593 2531 ei
614 2476 938 2531 abstinentia
962 2482 1110 2528 tanta
1132 2474 1399 2540 ciborum,
1422 2473 1679 2529 sedulitas
1705 2488 1828 2527 ora-

234 2570 439 2624 timum
468 2576 524 2622 et
564 2567 913 2636 jejnninrnm,
943 2566 1255 2621 studiositas
1283 2575 1390 2619 tam
1412 2565 1711 2621 deside-'ata
1740 2581 1831 2620 sa-

233 2673 458 2713 crorum
489 2667 511 2695 ε
544 2657 823 2721 librorum,
854 2664 912 2710 ut
949 2655 1216 2709 inlirmato
1244 2657 1521 2710 stomacho
1550 2656 1831 2712 lacessitus

235 2749 329 2802 vix
360 2747 651 2804 subsistere
670 2746 857 2816 procul
884 2745 1050 2800 dubio
1069 2745 1358 2800 videretur.
1390 2744 1522 2799 Nam
1548 2761 1669 2799 eum
1694 2761 1831 2814 quo-

234 2840 365 2894 dam
421 2847 663 2909 tempore
715 2836 1035 2891 iucisionem
1108 2836 1388 2901 vitalium,
1437 2851 1597 2905 quam
1656 2835 1831 2891 Graeci

200 2988 203 2991 _
237 2934 505 3003 σνγκοπὴν
546 2926 753 2992 dicunt,
784 2934 1085 2996 pateretur,
1114 2926 1427 2994 crebrisque
1455 2927 1712 2994 angustiis
1737 2942 1834 2996 per

238 3018 499 3075 horarum
528 3015 554 3053 ά
580 3023 851 3072 momenta
879 3014 949 3070 ad
978 3014 1180 3069 exitum
1203 3015 1617 3085 prapiuquaret,
1639 3029 1705 3071 ac
1732 3014 1832 3070 nisi

239 3123 368 3165 eum
394 3107 588 3162 fratres
610 3106 920 3175 frequenter
943 3104 1066 3160 cibo
1095 3105 1401 3169 reficerent,
1433 3105 1612 3160 vitalis
1638 3105 1690 3160 ei
1710 3105 1827 3176 spi-

1936 1928 2164 1997 patiens,
2199 1928 2279 1981 bis
2310 1927 2477 1983 ternis
2507 1939 2532 1974 κ
2562 1930 2972 1984 numismatibus
2998 1930 3156 1996 ditis,
3198 1931 3347 1984 abire
3386 1945 3527 2000 pra:-

1933 2020 2078 2088 cepit
2103 2018 2237 2089 (qu.
2266 2016 2357 2071 lib.
2390 2034 2448 2085 ιι,
2481 2034 2530 2072 c.
2561 2018 2678 2088 23).
2709 2019 2820 2074 Nec
2846 2021 3015 2075 multo
3045 2029 3184 2090 post,
3219 2019 3411 2076 eadem
3438 2021 3529 2076 die

1932 2109 2073 2163 idem
2106 2110 2395 2177 naufragus
2420 2111 2596 2175 rediit,
2628 2125 2793 2179 seque
2822 2114 2986 2165 multa
3013 2112 3326 2182 perdidisse,
3354 2129 3525 2182 pauca

1880 2228 1883 2229 ν
1930 2219 2059 2258 vero
2114 2204 2420 2273 suscepisse
2450 2204 2731 2274 perhibuit.
2771 2205 2817 2259 A
2842 2221 2970 2274 quo,
3017 2208 3130 2276 pari
3177 2207 3342 2261 modo
3380 2208 3527 2261 senis

1932 2295 2345 2350 numismatibus
2367 2295 2614 2363 sumptis,
2648 2294 2982 2349 laetabundus
3002 2296 3285 2351 abscessit.
3315 2295 3421 2350 Sed
3438 2297 3527 2350 d:e

1930 2384 2090 2439 tertia
2139 2385 2375 2449 rediens,
2419 2384 2710 2438 identidem
2737 2384 3062 2452 adiutorium
3087 2387 3380 2451 naufragus
3422 2386 3523 2439 im-

1928 2475 2180 2546 portunis
2225 2474 2450 2529 vocibus
2477 2476 2806 2544 requirebat.
2847 2475 2945 2530 Cui
2978 2476 3383 2531 liberalissimus
3412 2475 3520 2529 Pa-

1927 2574 2033 2629 ter,
2060 2564 2321 2620 accersito
2342 2565 2619 2632 vestiario,
2642 2566 2747 2619 alia
2769 2581 2864 2620 sex
2888 2566 3206 2620 nomismata
3231 2566 3348 2620 dari
3378 2582 3517 2635 pra:-

1929 2655 2154 2726 cipiens,
2186 2656 2440 2725 cognovit
2470 2656 2521 2710 in
2544 2656 2801 2711 vestiario
2824 2656 2958 2711 nihil
2979 2657 3359 2711 numismatum
3384 2655 3526 2711 unde

1930 2758 2118 2818 posset
2142 2748 2414 2803 conso'ari
2444 2748 2757 2817 naufragum
2788 2748 3130 2803 remansisse.
3152 2747 3290 2816 Quid
3321 2745 3526 2803 faceret

1935 2839 2229 2894 nesciebat.
2260 2838 2550 2894 IEstuabat
2580 2839 2693 2893 Deo
2723 2839 2904 2893 devoti
2928 2839 3163 2908 pectoris
3193 2838 3384 2908 pietas,
3415 2853 3525 2892 non

1933 2927 2197 2985 sufferens
2221 2944 2443 2984 vacuam
2472 2928 2701 2998 proximi
2729 2928 3013 2997 reliquisse
3042 2926 3333 2982 miseriam.
3380 2926 3525 2981 Rur-

1934 3034 2027 3075 sus
2050 3018 2360 3073 vestiarium
2389 3033 2568 3083 suum,
2597 3017 2642 3071 si
2672 3016 2810 3072 forte
2834 3032 2930 3072 vas
2949 3016 3232 3085 quodlibet
3256 3024 3350 3070 aut
3370 3016 3529 3070 vesti-

1934 3117 2176 3165 mentum
2207 3109 2452 3174 haberet,
2484 3108 2840 3179 interrogans,
2880 3108 3083 3163 audivit
3104 3108 3177 3162 nil
3208 3108 3420 3178 penitus
3442 3121 3531 3162 re-

241 3201 379 3255 ritus
406 3198 639 3253 funditus
666 3196 914 3266 intercipi
956 3194 1251 3260 videretur,
1278 3194 1546 3265 paschalis
1574 3210 1832 3265 superve-
1856 3212 1902 3274 ε
1934 3201 2138 3255 mansis
2168 3214 2200 3253 e
2233 3209 2428 3270 ῃτωιοοι·
2457 3199 2644 3255 matris
2672 3208 3008 3268 argenteam,
3038 3215 3158 3268 quze
3183 3215 3305 3254 eum
3334 3199 3526 3254 inlusis

242 3293 326 3347 nit
351 3290 485 3345 dies.
509 3288 577 3343 Et
595 3287 720 3343 dum
744 3286 1105 3343 sacratissimo
1128 3284 1386 3349 Sabbato,
1411 3285 1464 3339 in
1487 3298 1596 3352 quo
1616 3299 1826 3349 omnes,

241 3382 407 3435 etiam
434 3379 640 3450 parvuli
671 3377 845 3448 pueri,
865 3376 1131 3446 jejunant,
1162 3376 1278 3445 ipse
1301 3374 1549 3443 jejunare
1576 3389 1682 3430 non
1705 3390 1833 3443 pos-

241 3483 351 3534 set,
392 3470 556 3540 cwpit
607 3469 729 3540 plus
768 3481 999 3523 mini-ore
1043 3481 1204 3536 quam
1244 3463 1555 3519 infirmitate
1599 3462 1831 3519 deficere

245 3562 392 3632 (Lib.
442 3578 497 3617 ut
549 3560 787 3631 Dialog.,
818 3577 933 3627 cup.
964 3558 1078 3627 '55).

316 3651 371 3706 8.
400 3649 523 3705 Mox
562 3650 828 3705 accersito
869 3648 984 3702 viro
1010 3646 1348 3701 sanctissimo
1373 3644 1704 3712 Eleutherio,
1727 3644 1829 3701 du-

242 3742 373 3798 dum
402 3756 569 3812 penes
602 3739 880 3810 Spoletum
932 3736 1113 3790 multis
1164 3738 1474 3806 praeposito,
1521 3746 1650 3790 tunc
1700 3750 1831 3792 vero

244 3832 487 3901 ejusdem
515 3832 596 3887 sui
626 3827 934 3884 monasterii
962 3829 1248 3892 monacho,
1273 3842 1303 3880 a
1330 3842 1439 3897 quo
1461 3826 1709 3881 videlicet
1736 3841 1833 3880 au-

240 3925 417 3980 dierat
443 3930 713 3978 mortuum
740 3921 904 3975 fuisse
944 3919 1286 3983 suscitatam,
1331 3919 1627 3973 oratorium
1657 3918 1833 3988 petiit,

244 4028 478 4083 seseque
505 4028 625 4068 cum
653 4010 922 4083 lacrymis,
952 4018 1011 4064 ut
1033 4009 1224 4064 saltem
1249 4008 1340 4062 die
1369 4007 1461 4062 illo
1486 4007 1555 4061 ad
1578 4007 1832 4076 jejunan-

245 4104 377 4159 dum
407 4102 505 4158 sibi
532 4102 696 4156 virtus
732 4101 971 4164 daretur,
1003 4099 1058 4154 in
1086 4098 1389 4153 orationem
1416 4096 1585 4151 dedit.
1615 4096 1683 4150 Et
1708 4104 1833 4167 post

247 4195 546 4267 paululum,
575 4194 841 4263 completa
870 4192 1140 4256 oratione,
1168 4189 1458 4259 digressus,
1493 4198 1694 4244 tantam
1724 4190 1833 4244 vir-

250 4296 416 4341 tutem
462 4300 616 4339 suum
657 4284 997 4341 stomachum
1041 4282 1344 4351 percepisse
1388 4282 1661 4349 cognovit,
1690 4288 1750 4334 ut
1780 4282 1830 4336 ei

250 4380 399 4434 cibus
424 4386 480 4433 et
505 4378 723 4432 morbus
751 4375 821 4430 de
843 4375 1100 4430 memoria
1126 4374 1360 4428 funditus
1381 4374 1679 4428 tolleretur.
1710 4373 1834 4428 Cm-

251 4470 329 4541 pit
354 4484 539 4524 secum
575 4467 756 4523 mirari
785 4466 905 4535 quis
932 4472 1095 4527 esset.
1128 4465 1248 4533 quis
1290 4466 1479 4530 fuerit;
1512 4473 1567 4519 et
1595 4480 1719 4519 cum
1763 4466 1830 4519 ad

1933 3292 2289 3362 leguminibus
2310 3291 2446 3344 mitti
2466 3292 2624 3345 solta
2650 3300 2788 3355 erat,
2811 3291 3112 3346 scutellam.
3142 3290 3268 3346 Mox
3291 3291 3527 3349 alacrior

1930 3383 2123 3447 factus,
2175 3382 2339 3452 Ergo,
2389 3382 2583 3451 inquit,
2636 3380 2818 3447 frater,
2867 3381 3205 3446 bancdeler,
3243 3397 3314 3437 ne
3358 3381 3526 3438 tristis

1932 3477 2092 3531 abeat
2136 3476 2229 3546 qui
2277 3472 2549 3529 consolari
2593 3472 2785 3541 quaerit
2813 3488 3038 3542 pauper.
3070 3472 3256 3541 Itaque
3285 3469 3524 3526 delatam

1931 3567 2236 3630 scutellam,
2264 3564 2531 3634 Gregorio
2553 3563 2683 3617 satis
2712 3563 2957 3618 hilariter
2978 3562 3263 3632 largiente,
3293 3575 3520 3631 pauper,

1931 3658 2023 3727 qui
2047 3657 2358 3727 putabatur,
2393 3654 2544 3709 laetus
2572 3652 2936 3724 amplectitur,
2971 3668 3077 3708 non
3103 3652 3216 3722 jam
3256 3650 3324 3706 ad
3350 3666 3522 3721 expe-

1932 3748 2112 3813 tenda,
2152 3746 2248 3802 sed
2276 3745 2345 3800 ad
2372 3745 2698 3801 conferenda
2725 3743 2976 3813 suffragia
3013 3744 3302 3800 rediturus.
3334 3742 3380 3797 Δ
3406 3757 3518 3811 quo

1932 3839 2183 3895 videlicet
2203 3837 2459 3906 angelica:
2490 3836 2811 3892 visitationis
2832 3845 3077 3905 tempore
3098 3834 3263 3889 tantis
3286 3831 3523 3887 miracu-

1933 3930 2024 3998 lis,
2053 3928 2220 3984 tantis
2240 3935 2327 3984 est
2352 3927 2640 3981 virtutibus
2654 3925 2973 3995 publicatus,
2994 3933 3051 3979 ut
3070 3923 3317 3978 omnibus
3339 3937 3525 3979 secum

1933 4019 2261 4084 viventibus,
2272 4026 2328 4074 et
2343 4016 2597 4086 exemplo
2611 4015 2796 4084 fuerit,
2809 4024 2864 4069 et
2875 4023 3090 4078 terrori,
3103 4014 3304 4084 quippe
3314 4014 3404 4083 qni
3415 4029 3526 4070 non

1932 4110 2081 4166 solus
2099 4147 2117 4173 ,
2148 4107 2243 4164 sed
2264 4106 2537 4163 socialiter
2556 4120 2680 4160 cum
2708 4104 2869 4161 beato
2897 4094 3107 4159 Andréa
3133 4103 3400 4175 apostolo,
3424 4119 3527 4160 suo

1933 4197 2284 4264 monasterio,
2322 4196 2487 4265 signis
2511 4194 2867 4261 evidentibus,
2890 4194 2960 4251 sit
2979 4190 3256 4264 prmfuisse
3283 4202 3523 4264 putatus.

2007 4290 2094 4345 ll.
2137 4290 2269 4344 Nam
2312 4296 2372 4349 ut
2399 4302 2571 4359 pauca
2608 4287 2676 4342 de
2705 4285 2889 4342 multis
2936 4286 3144 4356 loquar,
3171 4284 3406 4355 quadam
3435 4286 3525 4340 die

1932 4382 2069 4438 duos
2089 4379 2284 4438 exinde
2302 4378 2496 4434 fratres
2516 4377 2680 4443 mi:it,
2704 4375 3020 4448 quialiquid
3049 4390 3232 4431 emere
3253 4390 3350 4446 p:o
3375 4373 3521 4445 ejus-

1932 4473 2054 4529 dem
2086 4472 2400 4527 monasterii
2428 4471 2658 4526 utilitate
2681 4469 3011 4533 debuissent,
3044 4484 3182 4523 unus
3192 4466 3395 4537 junior,
3426 4484 3520 4538 qut

251 4562 485 4616 animum
539 4557 750 4613 redibat
804 4555 1106 4623 infirmitas,
1157 4555 1288 4609 nihil
1343 4555 1395 4608 ill
1423 4570 1481 4608 se
1509 4570 1578 4608 ex
1604 4555 1681 4609 his
1712 4570 1831 4624 qua:
1867 4573 1911 4630 ι)
1936 4564 2253 4637 prudentior
2274 4563 2572 4626 videbatur,
2620 4562 2759 4616 alter
2784 4560 2985 4626 senior,
3016 4560 3107 4629 qui
3135 4567 3320 4615 custos
3341 4559 3525 4628 junio-

251 4655 567 4711 meminerat
587 4667 976 4722 recognoscere
1000 4650 1341 4720 przcva'ebat.
1371 4648 1613 4720 Cumque
1659 4650 1710 4703 in
1747 4650 1832 4703 di—

251 4745 545 4814 spositione
568 4742 879 4799 monasterii
900 4749 1160 4811 occupata
1188 4756 1339 4795 meus
1366 4748 1526 4805 esset,
1550 4741 1834 4795 oblitisee-

251 4837 411 4891 batur
438 4835 675 4890 funditus
700 4834 1031 4903 mgritudinis
1057 4848 1187 4888 sum.
1219 4830 1275 4887 Si
1306 4848 1433 4886 vero
1463 4831 1661 4886 rediret
1688 4833 1836 4899 aegri-

251 4931 383 4984 tudo
412 4928 478 4982 ad
507 4928 841 4993 memoriam,
871 4942 993 4982 cum
1018 4935 1127 4980 tam
1147 4925 1340 4980 fortem
1366 4941 1427 4980 se
1446 4940 1564 4981 esse
1590 4926 1834 4993 sentiret,

251 5020 552 5077 mirabatur
578 5019 623 5073 si
658 5034 763 5073 non
808 5017 913 5088 25
960 5017 1304 5071 comedisset.
1366 5015 1466 5081 Qui
1509 5018 1731 5071 veniens
1767 5014 1835 5070 ad

249 5124 566 5179 vesperum,
592 5108 842 5177 cognovit
868 5107 968 5163 sibi
998 5114 1199 5160 tantam
1228 5104 1595 5161 fortitudinem
1618 5121 1832 5175 pera-a-

320 5317 348 5345 ι
376 5306 491 5361 lloe
516 5313 617 5371 est,
646 5306 785 5375 prius
813 5305 1055 5375 erogalis.

323 5376 350 5417 δ
380 5376 607 5441 Raram,
639 5372 725 5429 ad.
769 5392 855 5429 an.
904 5372 1024 5438 581,
1072 5389 1126 5427 η.
1175 5372 1231 5440 8,
1266 5372 1546 5428 contendit
1592 5381 1836 5427 sanctum

255 5445 567 5500 Gregorium
623 5445 873 5500 habuisse
923 5444 1280 5497 institutorem
1329 5447 1501 5497 solum
1531 5442 1834 5497 Valcntium

256 5512 711 5579 seuValcntinum,
729 5516 835 5577 cui,
859 5521 1130 5582 expuncto
1152 5512 1445 5582 Hilarione,
1465 5521 1840 5582 successerunt

260 5585 645 5644 ilaximiamus.
684 5581 956 5637 Preliosus
1000 5591 1055 5635 et
1084 5581 1309 5635 Probus.
1342 5581 1467 5635 llaec
1507 5581 1560 5633 in
1598 5581 1837 5644 ejusdem

270 5653 375 5708 Vita
402 5654 726 5726 refellimus.
755 5652 1022 5707 Admonet
1046 5651 1457 5726 Bollandushic
1487 5650 1593 5726 legi
1617 5650 1839 5726 Lauria-

266 5726 339 5777 m's
361 5726 413 5778 in
444 5719 651 5777 duobus
683 5722 833 5788 Mss,
856 5730 1144 5789 ceusetque
1173 5720 1456 5789 legendum
1496 5719 1834 5775 Valentiouis.

332 5807 351 5833 ε
382 5794 459 5848 La
484 5794 534 5846 in
566 5792 719 5858 Reg,
750 5791 901 5847 Colb.
937 5799 991 5846 et
1020 5788 1071 5845 in
1091 5792 1337 5847 omnibus
1364 5788 1554 5846 Editis.

1938 4656 2013 4710 ris
2033 4663 2194 4710 esset.
2218 4653 2581 4709 Perrexerunt
2602 4652 2843 4722 utrique;
2868 4659 2923 4706 et
2946 4652 3013 4705 de
3038 4651 3232 4721 pretio,
3259 4651 3404 4720 quod
3434 4666 3526 4705 ac-

1938 4753 2217 4816 ceperunt,
2248 4745 2361 4814 ipse
2389 4745 2480 4814 qui
2520 4752 2702 4799 custos
2731 4741 2757 4779 ιι
2787 4743 2982 4797 missus
3007 4739 3202 4808 fuerat,
3254 4742 3526 4797 nesciente

1940 4837 2131 4899 altero,
2147 4834 2361 4897 ,furtum
2393 4834 2539 4889 fecit.
2563 4832 2663 4899 Qui
2681 4848 2807 4887 mox
2832 4840 2889 4887 ut
2915 4833 2968 4886 in
2991 4830 3377 4887 monasterium
3401 4838 3526 4882 sunt

1940 4927 2163 4990 reversi.
2188 4935 2351 4996 atque
2377 4935 2502 4980 ante.
2525 4924 2748 4979 oratorii
2772 4924 2933 4978 limen
2963 4928 3249 4985 venerunt,
3277 4928 3527 4987 arreptus

1942 5035 1972 5073 a
2019 5018 2285 5073 daemonio
2317 5018 2363 5071 is
2402 5017 2495 5085 qui
2527 5017 2725 5071 furtum
2769 5015 2986 5078 fecerat,
3020 5010 3235 5066 cecidit.
3266 5007 3525 5063 Dimissus

1938 5118 2115 5163 autem
2138 5124 2168 5163 a
2192 5106 2456 5162 dmmouio
2482 5106 2548 5172 is,
2570 5101 3016 5161 concurrentibus
3037 5095 3335 5163 monachis,
3360 5096 3525 5151 abba-

2010 5302 2036 5338 ἀ
2067 5298 2299 5368 Vulgati,
2327 5311 2448 5368 cum
2470 5293 2662 5368 Colb.,
2703 5288 2884 5346 invitis
2914 5295 3036 5343 emt.
3076 5286 3226 5353 Mss,
3264 5296 3523 5341 momenta

1939 5366 2271 5441 άεβεενεέὲει
2299 5366 2369 5441 ιιιὲ
2396 5366 2612 5441 σεδεξιῄηι·
2760 5429 2825 5441 ..
2918 5437 2929 5441 ,
3103 5427 3121 5441 .
3180 5434 3218 5441 ,_
3409 5426 3421 5438 .

2017 5451 2041 5477 ε
2072 5437 2299 5490 Additur
2347 5436 2399 5488 in
2432 5432 2596 5494 Edit.,
2627 5447 2670 5484 si
2692 5429 2952 5497 voluisset,
2982 5427 3124 5497 quod
3168 5434 3236 5478 ab
3278 5425 3523 5480 erunibus

1941 5508 2069 5563 Mss.
2095 5504 2293 5559 nostris
2318 5504 2490 5556 abest.

2018 5575 2035 5614 τ
2071 5575 2127 5627 ln
2153 5580 2383 5643 quatuor
2404 5570 2529 5643 Mss.
2547 5585 2661 5643 non
2683 5567 2893 5643 legitur,
2919 5566 3304 5643 monasterium.

2015 5655 2040 5692 s
2071 5632 2196 5701 Mss:
2227 5641 2466 5711 plerique
2505 5639 2593 5694 hic
2622 5647 2676 5695 et
2705 5632 2840 5693 infra
2870 5653 3083 5708 semper
3112 5632 3524 5698 uentisnwlibus,

1943 5716 2274 5771 nomismata.

2017 5784 2042 5823 ιι
2067 5784 2263 5856 Bigat.,
2294 5780 2451 5854 Reg.,
2478 5778 2633 5838 Colb.
2668 5788 2722 5838 et
2748 5777 2987 5852 Gcmct.,
3014 5787 3184 5834 custos
3206 5773 3454 5848 junioris.
