4018 6484
448 505 515 560 67
1140 505 1201 562 S.
1240 501 1564 559 CRiiGUllll
1606 495 1815 552 MAG-Nl
1858 496 2042 561 γιτΑ,
2083 494 2345 550 ῘΟΑΝΝΕ
2383 493 2701 551 DlACONO.
2744 494 2943 551 LIBER
2982 494 3022 553 l.
3659 499 3731 553 68

449 624 517 676 tis
539 635 691 691 jussu
724 624 1016 694 requisitus
1044 629 1131 676 est
1160 629 1186 658 ι
1214 633 1282 673 ne
1313 617 1449 671 forte
1473 615 1538 669 de
1561 610 1793 680 eoquod
1823 622 2048 677 accepe-
2074 611 2123 667 Α
2152 617 2290 661 sent.
2321 609 2485 679 Igitur
2510 620 2795 679 pergentes
2831 608 3167 674 deflexerunt
3196 610 3319 671 iter,
3351 619 3406 663 et
3431 607 3485 662 in
3524 605 3734 665 Salaria

450 723 531 772 rat
568 722 762 772 fni-tum
791 717 1024 772 fecisset.
1075 708 1327 777 Negavit,
1359 714 1415 760 et
1454 706 1649 759 iterum
1678 709 1901 756 vexatus
1930 709 2034 754 est.

456 809 736 874 ltirnissus,
758 815 918 874 atque
940 804 1133 857 iterum
1154 796 1468 864 requisitus,
1495 793 1733 861 negavit,
1761 799 1924 859 atque
1944 790 2045 843 ite—

454 917 575 956 rum
606 907 827 954 vexatus
858 904 959 948 est.
988 888 1124 945 Octo
1176 889 1359 957 itaque
1387 886 1594 940 vicibus
1645 883 1889 951 negavit,
1921 890 2047 936 octo

456 991 663 1044 vicibus
691 992 914 1039 vexatus
941 989 1043 1035 est.
1078 979 1207 1033 Post
1234 985 1480 1032 octavam
1507 990 1638 1029 vero
1680 972 2045 1040 negationem,

457 1075 718 1144 Gregorio
745 1074 1133 1138 interrogante,
1166 1066 1448 1122 confessus
1472 1073 1555 1119 est
1586 1062 1610 1101 δ
1634 1062 1776 1131 quod
1800 1075 2048 1114 nummos

460 1169 599 1220 furto
629 1163 956 1225 abstulerat,
991 1161 1152 1230 eique
1187 1164 1493 1228 prostratus
1537 1169 1599 1210 se
1646 1166 1899 1223 peccasse
1945 1152 2051 1220 26

459 1263 687 1312 testatus
708 1261 810 1319 est,
834 1258 1196 1321 perceptaque
1218 1244 1555 1317 paenitentia,
1578 1243 1803 1299 ulterius
1829 1239 1894 1295 ad
1923 1255 2049 1296 eum

458 1344 784 1402 daemonium
814 1358 923 1397 non
952 1338 1202 1395 accessit.

530 1436 620 1490 12.
648 1434 768 1487 Alio
790 1444 1008 1500 quoque
1028 1436 1295 1497 tempore.
1315 1425 1441 1481 dum
1466 1424 1519 1478 in
1540 1422 1629 1478 die
1651 1421 1896 1476 natalitio
1915 1420 2053 1488 ejus-

460 1522 829 1593 demapostoli
848 1520 959 1591 jam
978 1516 1289 1573 meridianis
1308 1515 1455 1571 boris
1474 1514 1665 1568 fratres
1686 1512 2048 1580 quiescerent.

461 1612 888 1682 subitoquidam
917 1611 1118 1674 frater,
1161 1606 1359 1674 apertis
1387 1605 1559 1661 oculis
1605 1611 1855 1667 eaeeatus,
1887 1601 2055 1669 coepit

470 1704 728 1769 tremere,
755 1716 917 1757 voces
943 1700 1185 1767 ingentes
1212 1698 1480 1757 emittere,
1511 1695 1703 1764 quibus
1729 1694 1951 1748 vocibus
1972 1700 2053 1746 te-

467 1775 713 1852 stabatur
740 1792 879 1847 ferre
898 1806 958 1846 se
986 1805 1092 1843 non
1116 1802 1274 1857 posse
1294 1786 1437 1856 quod
1461 1784 1780 1852 patiebatur.
1807 1781 2051 1837 Concuror

467 1891 657 1939 rerunt
686 1883 899 1941 fratres,
915 1877 1163 1933 viderunt
1183 1891 1387 1933 caecum
1404 1874 1605 1945 apertis
1629 1873 1797 1928 oculis
1819 1882 2054 1928 tremen-

2147 713 2243 752 eos
2270 700 2439 753 veteri
2478 715 2584 753 non
2625 700 2980 767 invenientes,
3024 716 3122 767 per
3162 708 3373 769 portam
3413 698 3735 753 Flaminiam

2147 789 2501 843 decreverunt
2532 791 2727 845 redire.
2760 790 3003 861 Cumque
3046 800 3469 855 reverterentur,
3500 807 3628 845 mox
3679 800 3739 846 ut

2148 878 2270 948 equi
2298 885 2422 933 ante
2460 887 2677 948 cryptas
2708 880 2824 934 illas
2847 889 3113 935 venerunt
3140 881 3192 935 in
3225 882 3420 950 quibus
3456 897 3517 938 se
3544 898 3742 939 mona-

2148 969 2232 1023 chi
2272 969 2685 1037 absconderant,
2716 970 2948 1025 ﬁxerunt
2977 972 3223 1040 gradum;
3257 974 3449 1043 pulsati
3481 981 3537 1027 et
3583 989 3739 1028 com-

2149 1061 2307 1130 pulsi,
2358 1077 2571 1130 passum
2616 1076 2837 1115 movere
2884 1063 3193 1118 noluerunt.
3247 1062 3743 1119 Consideraveruttt

2149 1152 2356 1219 equites
2386 1167 2498 1206 rem
2530 1152 2694 1205 talem
2725 1152 2844 1207 sine
2867 1154 3126 1222 mysterio
3152 1168 3277 1208 esse
3307 1169 3414 1209 non
3441 1168 3622 1222 posse,
3656 1162 3745 1207 at-

2151 1242 2439 1296 tenderunt
2486 1243 2552 1295 ad
2582 1250 2798 1312 cryptas
2818 1283 2833 1307 ,
2868 1242 3116 1297 viderunt
3143 1258 3329 1297 earum
3370 1243 3543 1297 aditus
3572 1244 3745 1299 missa

2149 1333 2379 1386 maceria
2411 1333 2802 1402 praedamnatos
2826 1350 2839 1386 :
2862 1333 2955 1388 sed
2985 1334 3207 1388 caballis
3235 1335 3348 1389 suis
3376 1349 3639 1404 nusquam
3659 1335 3748 1389 ire

2150 1418 2477 1489 volentibus,
2501 1424 2915 1490 descenderunt,
2949 1432 3004 1479 et
3031 1424 3235 1495 lapides
3256 1426 3347 1495 qui
3370 1426 3424 1479 in
3451 1440 3548 1480 ora
3574 1440 3747 1495 cryp-

2152 1522 2329 1568 tarum
2375 1514 2662 1583 compositi
2698 1514 2912 1569 fuerant
2945 1515 3300 1584 deponentes,
3333 1514 3557 1583 ingressi
3588 1522 3742 1579 sunt,

2150 1618 2353 1673 eosque
2399 1605 2451 1660 in
2500 1604 2704 1660 eisdem
2757 1606 3054 1660 tenebrosis
3104 1606 3337 1662 latibulis
3364 1613 3749 1662 consternatos

2154 1707 2310 1754 teme
2340 1700 2676 1756 invenerunt.
2705 1700 2804 1767 Qui
2834 1701 2901 1755 ad
2928 1701 3313 1755 monasterium
3356 1700 3582 1765 reducti,
3627 1709 3747 1754 tam

2153 1799 2375 1860 stupore
2404 1792 2642 1845 miraculi
2682 1807 2841 1861 quam
2872 1793 3249 1846 exhortatione
3278 1794 3380 1862 37
3412 1791 3753 1846 venerabilis

2156 1879 2328 1934 Patris
2348 1878 2591 1947 Gregorii
2612 1880 2969 1934 sicmeliorati
2998 1888 3142 1943 sunt,
3166 1887 3223 1934 ut
3250 1881 3328 1935 eis
3354 1881 3579 1934 multum
3610 1896 3751 1949 pro.-

468 1986 576 2030 lem
612 1982 669 2029 et
705 1974 1052 2039 clamantem,
1081 1978 1135 2025 et
1164 1984 1192 2024 a
1221 1968 1576 2038 praesentibus
1602 1966 1861 2030 alienum,
1888 1964 2051 2019 nihil-
2087 1945 2126 2001 Β
2156 1970 2318 2026 fuerit
2344 1971 2410 2025 ad
2440 1986 2660 2040 parvum
2693 1972 2952 2041 temporis
2980 1972 3047 2026 de
3079 1972 3405 2027 monasterio
3426 1972 3750 2027 recessisse.

465 2082 577 2137 que
605 2066 750 2134 quod
781 2064 910 2120 foris
946 2062 1032 2131 agi
1054 2068 1270 2133 poterat
1290 2061 1631 2116 sentientem.
1673 2058 1828 2113 Hunc
1855 2059 1909 2112 in
1937 2072 2056 2113 ma-

469 2159 627 2213 nibus
654 2156 918 2219 levarunt,
948 2162 1111 2223 atque
1152 2160 1278 2207 ante
1299 2152 1468 2206 altare
1489 2150 1661 2205 sancti
1683 2148 1911 2203 Andreae
1932 2162 2057 2216 apo-

467 2237 611 2312 stoli,
637 2245 789 2314 jussu
812 2244 1089 2319 Gregorii,
1123 2241 1491 2311 projecerunt,
1526 2240 1733 2310 ipsique
1770 2254 1870 2309 pro
1896 2253 1963 2292 eo
2000 2237 2054 2291 in

471 2324 777 2394 orationem
805 2334 1062 2405 prostrati
1090 2340 1233 2388 sunt.
1266 2332 1366 2397 Qui
1399 2331 1581 2386 statim
1612 2331 1677 2384 ad
1700 2345 1759 2385 se
1784 2344 2054 2393 reversus,

470 2427 751 2483 confessus
772 2433 857 2480 est
884 2423 1011 2493 quia
1055 2438 1219 2477 Senex
1262 2423 1478 2491 quidam
1507 2422 1557 2476 ei
1586 2421 1853 2490 apparuit.
1877 2428 1933 2475 et
1960 2435 2055 2474 ca-

471 2532 595 2572 nem
624 2516 833 2585 nigrum
863 2514 930 2568 ad
959 2529 1079 2568 eum
1111 2512 1511 2568 dilacerandum
1557 2511 1777 2573 dimisit,
1823 2510 2007 2565 dicens
2040 2526 2055 2566 :

474 2605 653 2672 Quare
698 2604 882 2673 fugere
924 2604 1139 2659 voluisti
1166 2603 1232 2657 de
1262 2602 1589 2658 monasterio
1633 2601 1769 2655 isto?
1816 2599 2060 2669 Cumque

470 2696 705 2754 evadere
723 2696 790 2749 de
813 2696 961 2750 canis
982 2694 1247 2749 morsibus
1269 2693 1415 2749 nullo
1446 2692 1606 2747 modo
1628 2692 1942 2761 potuissem,
1968 2705 2060 2746 ve-

472 2787 915 2861 neruntquidam
947 2786 1221 2851 monachi,
1264 2794 1319 2840 et
1349 2784 1594 2839 eumdem
1624 2798 1810 2839 senem
1845 2798 1942 2852 pro
1972 2798 2060 2838 me

472 2884 830 2948 rogaverunt,
877 2876 969 2946 qui
1012 2874 1191 2929 statim
1232 2873 1393 2944 jussit
1421 2889 1606 2928 canem
1638 2872 1959 2938 abscedere,
2008 2878 2063 2927 et

475 2968 593 3036 ipse
635 2966 701 3021 ad
732 2979 818 3021 me
844 2980 1093 3021 reversus
1112 2979 1249 3018 sum.
1282 2963 1381 3018 Hic
1407 2962 1570 3019 etiam
1600 2977 1742 3032 saepe
1787 2960 2063 3018 confessus

471 3066 557 3113 est
586 3064 792 3124 postea,
824 3056 1011 3111 dicens
1039 3053 1183 3125 quod
1211 3068 1279 3109 eo
1320 3053 1408 3113 die
1452 3068 1560 3122 quo
1590 3053 1691 3107 ista
1739 3051 2061 3121 pertulerat,

472 3145 754 3203 consilium
784 3144 1029 3200 habuerit
1049 3143 1121 3199 de
1149 3143 1481 3199 monasterio
1510 3141 1768 3209 fugiendi.

546 3238 634 3291 15.
684 3236 831 3291 Alius
855 3251 1072 3306 quoque
1100 3236 1395 3291 monachus
1435 3234 1715 3289 discedere
1753 3247 1822 3287 ex
1869 3231 2058 3287 eodem

2225 2062 2310 2116 15.
2337 2062 2454 2118 Alio
2474 2080 2687 2133 quoque
2706 2073 2948 2133 tempore
2968 2066 3184 2134 quidam
3210 2067 3519 2133 monachus,
3552 2065 3756 2121 Justus

2154 2155 2392 2218 nomine,
2426 2154 2705 2207 medicina:
2732 2163 2849 2207 arte
2878 2155 3133 2216 imbutus,
3165 2154 3324 2209 beato
3364 2154 3625 2223 Gregorio
3648 2170 3750 2210 se-

2156 2246 2281 2301 dule
2301 2244 2544 2313 obsequi,
2568 2252 2728 2312 atque
2751 2245 2803 2297 in
2827 2244 3054 2299 assiduis
3074 2244 3479 2313 aegritudinibus
3507 2244 3623 2312 ejus
3646 2260 3751 2300 ex-

2156 2333 2354 2390 cubare
2396 2340 2767 2387 consueverat.
2824 2331 2922 2387 Hic
2966 2333 3146 2401 itaque
3194 2333 3436 2403 corporis
3485 2333 3751 2401 languore

2157 2431 2479 2493 prmventus,
2511 2422 2577 2475 ad
2604 2430 2842 2481 extrema
2865 2423 3129 2477 deductus
3157 2431 3258 2487 est,
3290 2424 3377 2478 cui
3403 2424 3456 2478 in
3480 2424 3596 2493 ipsa
3625 2440 3751 2479 mo-

2159 2514 2313 2569 lestia
2352 2511 2519 2567 frater
2563 2528 2871 2583 germanus,
2916 2512 3178 2582 Copiosus
3205 2513 3445 2579 nomine,
3474 2513 3749 2569 serviebat

2161 2603 2301 2675 (Lib.
2329 2620 2380 2658 Iv
2405 2602 2637 2673 Dialag.,
2662 2619 2780 2672 cap.
2806 2600 2917 2673 55).
2949 2601 3054 2657 Sed
3086 2604 3371 2673 prmdictus
3390 2602 3592 2667 Justus,
3618 2618 3746 2657 cum

2158 2692 2266 2761 jam
2289 2708 2349 2747 se
2374 2692 2440 2747 ad
2466 2700 2703 2746 extrema
2728 2693 3034 2761 parvenisse
3054 2701 3426 2761 cognosceret,
3442 2692 3615 2747 eidem
3637 2691 3749 2747 C0-

2161 2784 2315 2853 pioso
2344 2782 2494 2836 fratri
2522 2798 2621 2836 suo
2642 2783 2767 2851 quia
2796 2783 3037 2838 occultos
3058 2792 3167 2839 tres
3187 2798 3380 2838 aureos
3406 2782 3629 2838 haberet
3655 2782 3747 2837 in-

2163 2873 2356 2928 notuit.
2386 2872 2539 2938 Quod
2570 2872 2816 2926 nimirum
2839 2870 3091 2927 fratribus
3111 2872 3275 2927 celari
3305 2888 3411 2927 non
3433 2873 3628 2943 potuit,
3648 2872 3748 2941 qui

2163 2964 2428 3019 subtiliter
2456 2964 2791 3031 indagantes,
2824 2972 2985 3032 atque
3030 2965 3171 3020 illius
3198 2965 3588 3021 medicamenta
3626 2980 3751 3020 om-

2166 3054 2254 3109 nia
2296 3063 2723 3123 perserutantes,
2773 3055 2991 3109 eosdem
3024 3064 3133 3110 tres
3183 3071 3378 3111 aureos
3426 3057 3747 3111 invenerunt

2166 3140 2218 3195 in
2250 3141 2602 3196 medicamine
2632 3141 2993 3196 absconditos.
3027 3143 3179 3208 Quod
3209 3159 3335 3198 mox
3365 3144 3453 3197 ubi
3484 3143 3753 3212 Gregorio

2165 3230 2466 3283 nuntiatum
2520 3236 2631 3293 est,
2677 3236 2885 3282 tantum
2932 3230 3132 3284 malum
3159 3230 3226 3284 de
3252 3230 3416 3285 fratre
3444 3230 3534 3300 qui
3563 3247 3751 3289 secum

476 3326 804 3383 monasterio
836 3326 1068 3380 latenter
1094 3325 1305 3386 voluit;
1352 3337 1581 3392 cumque
1612 3323 1715 3377 hoc
1742 3330 1923 3378 mente
1949 3330 2060 3375 tra-
2091 3315 2135 3377 C
2166 3319 2524 3375 communiter
2550 3319 2761 3374 vixerat
2810 3321 3183 3389 aequanimiter
3227 3322 3366 3377 ferre
3414 3338 3521 3377 non
3556 3324 3745 3390 valuit,

475 3423 698 3480 ctasset,
729 3415 1024 3470 oratorium
1058 3414 1261 3484 ingredi
1290 3414 1477 3480 voluit,
1501 3413 1593 3469 sed
1623 3414 1866 3468 dznmone
1894 3413 2064 3469 corri-

477 3506 657 3579 piente
690 3502 948 3572 nequivit.
999 3501 1420 3573 Relinquebatur
1448 3518 1477 3555 a
1523 3502 1767 3557 daemone
1806 3501 2063 3573 quamdiu

478 3601 630 3648 extra
656 3591 951 3648 oratorium
980 3593 1190 3657 stabat;
1221 3593 1267 3647 si
1299 3591 1505 3659 ingredi
1536 3594 1851 3658 conabatur,
1882 3594 2065 3648 statim

480 3684 713 3751 maligno
734 3682 942 3751 spiritui
975 3682 1222 3750 traditus,
1251 3682 1567 3737 vexabatur.
1591 3682 1706 3737 lloc
1726 3682 1851 3736 dum
1874 3683 2067 3752 saepius

478 3772 654 3835 fieret,
685 3771 922 3837 tandem,
953 3770 1213 3841 Gregorio
1253 3772 1576 3841 inquirente,
1614 3788 1673 3828 se
1692 3771 1760 3827 de
1790 3781 2065 3828 monaste-

478 3863 561 3920 rio
582 3862 767 3933 fugere
788 3861 1019 3917 voluisse
1044 3860 1319 3918 confessus
1338 3869 1442 3929 est,
1466 3861 1689 3931 ejusque
1710 3875 1807 3931 per
1830 3860 2066 3921 triduum

480 3950 641 4011 simul
680 3966 803 4006 cum
833 3951 1056 4005 fratrum
1085 3951 1337 4019 precibus
1365 3951 1436 4004 ira
1465 3950 1667 4020 pietate
1696 3950 1876 4009 divina
1904 3965 2067 4007 cura-

479 4049 565 4096 tus
584 4049 687 4105 est,
715 4050 773 4096 ut
801 4040 867 4095 ad
890 4056 1011 4095 eum
1038 4040 1380 4111 postmodum
1405 4040 1669 4112 malignus
1690 4041 1909 4114 spiritus
1931 4057 2069 4099 nun-

479 4149 640 4205 quam
670 4134 931 4187 accedere
961 4132 1299 4187 tentavisset.

558 4224 639 4279 14.
673 4225 792 4278 Alio
836 4238 1051 4292 quoque
1090 4231 1332 4291 tempore
1373 4221 1480 4275 duo
1510 4220 1702 4276 fratres
1732 4237 1799 4277 ex
1829 4220 2070 4292 ejusdem

484 4315 655 4371 l’atris
684 4316 1011 4371 monasterio
1042 4314 1309 4383 fugerunt,
1355 4314 1444 4384 qui
1495 4314 1674 4392 aliqua
1719 4317 1869 4384 prlus
1897 4314 2067 4369 collo-

482 4405 694 4475 quendo
724 4404 975 4459 fratribus
997 4404 1146 4473 signa
1178 4404 1459 4471 dederant,
1495 4403 1641 4472 quod
1671 4414 1693 4443 ο
1725 4419 1822 4474 per
1843 4403 2067 4473 Appiam

482 4493 891 4559 descendentes,
939 4492 1327 4563 Jerosolymam
1359 4493 1659 4548 tenderent.
1701 4493 1766 4549 lli
1809 4502 2070 4548 exeuntes

483 4584 817 4637 diverterunt
852 4582 918 4635 de
960 4583 1175 4649 itinere,
1223 4591 1277 4637 et
1308 4590 1365 4637 ut
1402 4598 1432 4636 a
1463 4584 1811 4652 sequentibus
1842 4583 2068 4638 inveniri

2164 3408 2362 3478 quippe
2408 3407 2533 3476 quia
2577 3407 2750 3463 eidem
2786 3410 3113 3465 monasterio
3137 3409 3249 3479 jam
3278 3410 3478 3465 dudum
3508 3412 3747 3481 regulam

2166 3498 2541 3561 constituerat,
2573 3506 2631 3552 ut
2660 3498 2838 3553 cuncti
2868 3496 3059 3553 fratres
3088 3501 3162 3553 ita
3214 3501 3570 3555 communiter
3598 3502 3746 3557 vive-

2166 3595 2306 3651 rent,
2337 3598 2601 3655 quatenus
2623 3588 2702 3643 eis
2729 3588 2950 3657 singulis
2979 3589 3122 3644 nulla
3150 3590 3351 3645 habere
3379 3592 3594 3661 propria
3621 3592 3746 3649 liee~

2165 3687 2271 3734 ret.
2303 3678 2452 3733 Tunc
2478 3677 2787 3746 Gregorius,
2813 3681 2977 3735 nimio
3007 3696 3241 3736 mmrore
3264 3682 3284 3705 ⁸
3314 3698 3624 3753 percussus,
3656 3700 3745 3740 που

2165 3769 2336 3840 gitare
2380 3771 2563 3839 erepit,
2594 3771 2679 3844 vel
2707 3771 2835 3841 quid
2864 3772 2931 3826 ad
2958 3774 3332 3843 purgationem
3364 3777 3642 3832 morientis
3669 3779 3746 3832 la-

2166 3870 2333 3928 ceret,
2380 3863 2467 3917 vel
2490 3863 2615 3931 quid
2653 3863 2719 3917 ad
2746 3864 3051 3935 exemplum
3090 3866 3392 3923 viventibus
3420 3869 3745 3937 provideret.

2168 3946 2413 4007 Prctimo
2460 3950 2620 4019 igitur
2652 3950 2892 4020 ejusdem
2931 3956 3240 4009 monasterii
3271 3957 3559 4026 prteposito
3594 3958 3661 4013 ad
3688 3973 3750 4013 se

2168 4042 2454 4105 accersito,
2484 4042 2657 4097 dixit:
2690 4062 2709 4095 ι
2747 4043 2880 4098 Vide
2905 4052 2963 4098 ut
2991 4045 3166 4101 nullus
3195 4062 3261 4101 ex
3297 4046 3551 4104 fratribus
3592 4063 3652 4104 se
3681 4049 3748 4102 ad

2169 4145 2291 4186 eum
2318 4133 2636 4188 morientem
2662 4135 2876 4203 jungat,
2906 4151 3008 4192 nec
3031 4153 3336 4194 sermonem
3366 4142 3751 4198 consolationis

2170 4235 2238 4276 ex
2267 4221 2550 4288 cujuslibet
2578 4239 2765 4278 eorum
2797 4241 2892 4280 ore
2915 4228 3192 4297 percipiat,
3224 4230 3317 4284 sed
3345 4245 3465 4285 cum
3497 4232 3548 4285 in
3575 4243 3754 4289 inerte

2172 4315 2492 4368 constitutus
2524 4314 2715 4371 fratres
2744 4318 3078 4385 exquisierit,
3109 4322 3157 4375 ei
3179 4337 3307 4375 suus
3332 4322 3497 4376 frater
3518 4324 3751 4379 carnalis

2170 4402 2336 4469 dicat,
2358 4406 2481 4475 quia
2509 4405 2525 4443 ί
2547 4423 2645 4475 pro
2665 4408 2852 4463 solidis
2877 4425 3013 4478 quos
3033 4413 3244 4467 occulte
3266 4413 3470 4480 habuit,
3492 4429 3522 4468 a
3546 4417 3753 4472 cunctis

2171 4492 2421 4549 fratribus
2446 4496 2786 4554 abominatus
2813 4501 2917 4566 sit;
2947 4510 3004 4555 ut
3024 4487 3212 4557 saltem
3237 4503 3290 4557 in
3312 4512 3487 4560 morte
3506 4504 3571 4561 de
3595 4507 3751 4577 culpa

2172 4598 2268 4637 sua
2297 4594 2529 4641 mentem
2560 4588 2700 4642 illius
2727 4591 3028 4645 amaritudo
3057 4595 3481 4659 transverberet,
3524 4606 3685 4667 atque
3722 4614 3752 4652 a

487 4672 707 4726 minime
750 4680 999 4741 possent,
1038 4681 1274 4729 retrusas
1312 4682 1526 4744 cryptas
1556 4673 1706 4741 juxta
1746 4673 2066 4730 Flaminiam
2099 4668 2146 4727 D
2174 4685 2394 4745 peccato
2423 4679 2563 4746 quod
2592 4684 2924 4749 perpetravit
2952 4694 3162 4752 purget.
3195 4684 3327 4739 Cum
3357 4702 3484 4742 vero
3511 4699 3754 4745 mortuus

488 4770 699 4832 portam
750 4761 1103 4831 invenientes,
1135 4764 1187 4818 in
1237 4763 1314 4819 eis
1360 4779 1419 4819 se
1468 4764 1896 4819 occultaverunt.
1930 4763 2065 4819 Cum

490 4866 621 4905 vero
649 4851 968 4919 vespertinis
994 4853 1141 4907 boris
1174 4853 1325 4922 jussu
1363 4852 1608 4925 Gregorii
1647 4855 1911 4924 requisiti,
1962 4857 2066 4911 mi-

487 4940 632 4995 nime
670 4941 722 4995 in
750 4943 1164 5009 congregatione
1192 4944 1396 5000 inventi
1428 4944 1675 5014 fuissent,
1705 4945 1944 5002 ascensis
1972 4962 2068 5002 ca-

490 5031 660 5096 ballis,
694 5046 788 5087 eos
816 5032 1031 5103 quidam
1059 5034 1250 5090 fratres
1278 5036 1446 5090 secuti
1473 5044 1617 5101 sunt,
1642 5050 1740 5105 per
1762 5034 1787 5072 ἀ
1818 5035 2069 5094 Metronii

489 5130 697 5189 portam
724 5131 1004 5191 exeuntes,
1034 5134 1090 5180 ut
1112 5141 1205 5180 eos
1228 5126 1279 5179 iu
1304 5126 1547 5182 Latinam
1570 5128 1654 5182 vei
1676 5128 1902 5198 Appiam
1927 5128 2069 5185 viam

490 5223 845 5280 sequerentur
875 5232 887 5268 :
920 5217 1096 5272 subito
1126 5217 1204 5271 eis
1226 5218 1507 5272 consilium
1547 5226 1723 5273 ortum
1775 5227 1858 5274 est
1895 5227 1952 5272 ut
1976 5234 2072 5273 eos

494 5302 547 5356 in
590 5302 854 5358 Salariam
907 5306 1047 5360 viatn
1078 5317 1227 5363 extra
1255 5308 1526 5363 civitatem
1556 5308 1830 5379 requirere
1858 5307 2074 5365 debuis-

521 5454 587 5567 ιτ
617 5442 783 5513 Editi,
815 5462 882 5499 an
913 5448 1066 5517 forte,
1106 5447 1491 5505 reluctantibus
1531 5449 1778 5505 erunibus
1822 5448 1948 5505 Mss.
1978 5464 2075 5506 no-

547 5529 636 5567 ns.

491 5528 636 5568 sms.

563 5584 589 5621 ι’
620 5583 773 5657 _Utic._
792 5592 847 5638 et
870 5585 1117 5657 nonnulli
1141 5585 1288 5657 Mss,
1319 5595 1439 5657 quot
1468 5603 1718 5643 nummos.

571 5663 592 5690 ε
620 5651 697 5705 lta
732 5654 1046 5724 simpliciter
1074 5655 1201 5724 Mss.
1246 5651 1578 5711 Addiderunt
1612 5659 1743 5713 cium
1784 5657 2070 5724 Editorcs;

493 5734 743 5791 qnmvox
766 5723 1359 5791 satissubiutelligitur.

562 5788 586 5826 ά
618 5789 753 5863 uno.
777 5800 832 5845 et
860 5788 1057 5863 Bigot.,
1093 5788 1333 5863 stationi.
1383 5793 1610 5863 Andeg.,
1655 5794 1898 5854 .llctroni.
1932 5798 2068 5857 Boll.

494 5872 616 5917 cum
643 5858 772 5931 lleg.
807 5870 862 5915 et
890 5858 1069 5923 Colb.,
1104 5861 1359 5917 Metrorii.

1512 6036 1551 6058 ἡ-
1568 6053 1574 6057 .

2174 4765 2353 4830 fuerit,
2385 4782 2580 4836 corpus
2603 4769 2743 4823 illius
2772 4786 2893 4824 cum
2923 4772 3145 4826 fratrum
3174 4776 3490 4843 corporibus
3513 4791 3621 4831 non
3652 4792 3755 4847 po-

2174 4864 2331 4911 natur
2357 4874 2371 4922 ;
2394 4859 2489 4913 sed
2516 4859 2757 4927 quolibet
2778 4860 2829 4914 in
2857 4862 3195 4930 sterquilinio
3213 4862 3408 4920 fossam
3431 4866 3610 4929 facite,
3645 4876 3670 4911 κ
3698 4876 3755 4922 et

2174 4947 2227 5002 in
2255 4962 2322 5002 ea
2344 4964 2539 5017 corpus
2567 4950 2830 5018 projicite,
2867 4951 3046 5019 ibique
3074 4968 3237 5022 super
3267 4970 3390 5009 eum
3421 4964 3530 5011 tres
3561 4973 3757 5012 aureos

2174 5051 2310 5105 quos
2339 5037 2556 5105 reliquit
2572 5038 2798 5106 jactate,
2827 5040 2983 5095 simul
3014 5057 3200 5098 omnes
3221 5044 3514 5102 clamantes
3539 5064 3551 5099 :
3585 5045 3757 5102 Pecu-

2177 5128 2263 5182 nia
2312 5136 2401 5183 tua
2453 5137 2628 5184 tecum
2668 5131 2737 5186 sit
2766 5131 2819 5185 in
2865 5131 3246 5200 perditionem,
3273 5144 3329 5189 et
3356 5136 3434 5191 sic
3457 5151 3580 5192 eum
3611 5146 3755 5193 terra

2175 5219 2472 5287 cooperite.
2505 5238 2523 5269 ι
2566 5219 2622 5274 In
2662 5221 2856 5288 quibus
2893 5222 3135 5291 utrisque
3172 5224 3336 5279 rebus
3373 5226 3758 5282 solertissimus

2178 5305 2339 5361 Pater
2364 5306 2654 5376 Gregorius
2678 5325 2837 5364 unam
2863 5312 3136 5377 morienti,
3165 5314 3389 5369 alteram
3418 5329 3547 5370 vero
3578 5317 3759 5372 viven-

2251 5461 2275 5533 f
2297 5452 2434 5533 Illic.
2455 5490 2469 5516 ,
2495 5453 2695 5533 .Bigot.,
2730 5454 2966 5524 Gemct.,
2996 5458 3223 5527 Andeg.,
3247 5460 3426 5529 Colb.,
3442 5462 3755 5533 compulsus.

2178 5592 2206 5645 ὁ
2254 5520 2287 5643 ξι
2316 5521 2539 5589 Excusi,
2568 5520 2700 5595 “quin
2733 5520 2961 5597 propter"
2984 5520 3175 5584 aureo;
3201 5520 3326 5601 quos
3360 5520 3638 5586 occulta-tos
3664 5532 3763 5585 Ita-

2214 5610 2263 5644 ut
2295 5630 2308 5643 .

2214 5601 2308 5644 uit.

2248 5671 2273 5709 8
2299 5661 2454 5731 Biget
2487 5705 2501 5730 ,
2545 5661 2707 5729 Utic.,
2740 5665 3039 5734 Andegav.,
3092 5667 3248 5735 R-g.,
3297 5669 3473 5735 Colb.,
3523 5670 3733 5725 Gemet.

2174 5730 2344 5799 ibique
2363 5712 2533 5800 usupér
2559 5749 2673 5787 eunt
2693 5712 2801 5788 lres
2832 5712 3039 5800 augeas:
3085 5712 3484 5803 etc?,,uniissis’,
3532 5749 3579 5794 et
3623 5741 3677 5794 in
3700 5712 3765 5793 et;l

2174 5817 2359 5862 corpus
2376 5803 2632 5871 projicite.
2658 5804 2923 5858 Cteterum
2946 5805 3120 5860 simile
3137 5805 3335 5861 factum
3370 5820 3549 5863 narrat
3572 5809 3759 5865 Hieru-

2174 5886 2365 5940 nymus
2395 5872 2638 5928 laudatus
2668 5874 2719 5927 in
2745 5884 2871 5929 nota
2902 5892 2948 5929 ε.
2974 5875 3039 5929 ad
3067 5877 3223 5944 epist.
3257 5875 3326 5929 Ἣ
3355 5878 3446 5935 lib.
3481 5894 3575 5934 xu.
