4018 6308
196 381 268 433 69
802 378 861 433 S.
904 375 1229 431 (-BEGORII
1272 375 1483 430 MAle
1538 374 1720 439 Vl'l'A,
1763 378 1963 433 :\UCT.
2007 380 2268 434 JO\NNE
2310 381 2619 438 Dl.\CU.\‘O.
2667 386 2797 439 LIB.
2844 387 2882 439 Ι.
3076 456 3079 460 >
3418 389 3493 445 70

200 494 348 547 tibus
370 493 623 563 prodesse
644 492 833 555 voluit,
866 500 923 545 ut
958 499 1012 545 et
1034 491 1178 544 illum
1211 491 1508 545 amaritudo
1538 493 1726 546 mortis
1750 508 1779 545 a
1815 501 1856 556 Α
1884 494 1994 561 qui,
2017 495 2151 547 tanti
2176 494 2346 549 Patris
2366 497 2543 553 verbis
2564 500 2931 569 exemplisque
2946 502 3329 566 commonitus,
3356 503 3493 559 mul-

203 584 361 652 culpa
377 583 655 637 solubilem
674 582 894 643 faceret,
922 590 975 633 et
998 581 1128 634 istos
1146 580 1384 633 avaritia:
1410 589 1556 635 tanta
1580 582 1796 636 damna-

204 675 285 725 tio
317 684 340 707 ⁸
361 673 574 726 misceri
609 673 803 725 talhus
828 672 1160 740 prohiberet,
1188 680 1349 738 atque
1379 687 1407 722 a
1430 672 1586 741 culpa
1616 673 1801 742 prohi-

206 763 377 814 heret.
413 760 656 826 Quodita
672 759 871 815 factum
901 770 1001 815 est.
1037 760 1168 813 Nam
1186 777 1308 815 cum
1334 760 1479 813 idem
1506 764 1804 817 monachus

208 853 535 919 pervenisset
550 853 615 905 ad
638 862 891 918 mortem,
910 863 1070 922 atque
1088 855 1246 908 anxie
1260 870 1317 908 se
1331 865 1594 923 qumrcret
1621 854 1799 908 fratri-

207 948 304 996 bus
330 946 720 1012 commendari,
754 948 1035 1014 nullusque
1065 945 1288 1000 fratrum
1320 949 1370 1000 ei
1409 947 1668 1016 applicari
1715 946 1801 1000 vel

208 1035 355 1101 loqui
391 1044 644 1097 tentaret,
670 1036 720 1089 ei
744 1036 981 1090 carnalis
1013 1036 1193 1098 frater,
1222 1050 1318 1089 cur
1348 1036 1414 1089 ab
1439 1035 1686 1088 omnibus
1710 1049 1797 1087 cs-

200 1132 289 1175 set
316 1124 663 1179 abominatus
708 1126 939 1194 aperu't.
982 1124 1075 1179 llle
1104 1126 1351 1193 protinus
1391 1132 1449 1177 ut
1480 1124 1700 1186 audivit,
1729 1122 1801 1177 de

207 1222 368 1266 reatu
381 1229 479 1267 suo
504 1214 856 1268 vehementer
883 1214 1161 1281 ingemuit,
1192 1213 1420 1283 atquein
1446 1213 1561 1282 ipsa
1584 1212 1796 1266 tristitia

206 1320 237 1357 e
267 1320 499 1374 corpore
529 1307 719 1360 exivit.
764 1307 867 1372 Qui
908 1307 978 1359 ita
1016 1315 1099 1360 est
1137 1307 1394 1375 sepultus,
1424 1313 1482 1357 ut
1508 1302 1799 1372 Gregorius

203 1396 461 1459 jusserat.
488 1397 597 1451 Sed
618 1398 811 1451 fratres
836 1412 1022 1449 omnes
1044 1396 1228 1450 eadem
1248 1395 1361 1463 ejus
1382 1396 1646 1449 sententia
1668 1410 1799 1450 con-

206 1487 431 1551 turbati,
456 1494 741 1554 eruperunt
765 1485 953 1551 singuli
976 1494 1213 1539 extrema
1238 1498 1462 1552 qua}qu
1489 1492 1544 1537 et
1563 1484 1710 1549 vilia,
1742 1491 1800 1538 et

199 1592 331 1643 qua:
362 1577 443 1632 eis
475 1578 793 1647 regulariter
818 1590 1028 1643 semper
1054 1573 1251 1627 habere
1282 1573 1535 1636 licuerat,
1577 1575 1643 1629 ad
1684 1590 1801 1630 me-

200 1666 371 1719 dium
411 1666 673 1734 proferre,
723 1664 1170 1731 vehementerque
1220 1661 1509 1719 formidare
1553 1680 1622 1720 ne
1670 1666 1800 1735 quid

201 1760 354 1828 apud
384 1775 444 1812 se
475 1768 619 1812 esset
645 1758 780 1811 unde
810 1757 1125 1825 reprehendi
1154 1756 1476 1825 potuissent.

1907 583 1974 637 tis
2002 584 2434 653 quotidianisque
2465 588 2711 657 laerymis
2730 590 2796 642 ad
2824 592 3015 658 gaudia
3046 594 3233 661 patrize
3254 596 3491 650 caelestis

1906 679 2210 732 anhelabat.
2242 677 2485 747 Cumque
2514 681 2896 737 studiosissime
2920 700 3039 738 cum
3062 700 3257 753 magno
3278 686 3490 742 fervore

1904 768 2175 831 desiderii,
2208 770 2345 824 duce
2374 769 2658 841 Gregorio,
2690 787 2841 826 saera
2884 775 3094 842 eloquia
3136 784 3489 847 scrutaretur,

1905 872 2010 909 non
2040 858 2091 910 in
2121 860 2199 911 eis
2228 860 2388 913 verba
2430 862 2689 925 scientim,
2729 863 2822 915 sed
2854 864 3035 917 fletum
3065 869 3493 939 compunctionis

1902 949 2223 1016 inquirebat,
2248 961 2513 1018 quatenus
2534 968 2630 1021 per
2652 954 2764 1007 ιιωο
2786 955 3002 1008 incitata
3028 970 3179 1008 mens
3208 938 3324 1023 ejus
3350 959 3492 1011 inar-

1900 1039 2163 1099 descerct,
2197 1048 2254 1093 ct
2285 1040 2389 1092 ima
2420 1040 2675 1095 deserens
2698 1038 2723 1077 ἀ
2756 1044 2819 1095 ad
2852 1045 3364 1113 contemplationem
3399 1061 3494 1113 pa.

1904 1127 2015 1180 triae
2057 1127 2291 1181 caelestis
2320 1129 2644 1197 pervolaret.
2678 1129 2812 1184 lluic
2855 1148 2952 1199 per
2983 1144 3301 1187 nocturnam
3334 1135 3495 1188 visio-

1899 1231 2022 1271 nem
2073 1217 2277 1271 dictum
2328 1228 2411 1272 est
2444 1236 2456 1270 :
2490 1218 2715 1274 Paratus
2758 1235 2911 1284 eso,
2943 1229 2997 1274 et
3025 1223 3151 1289 quia
3186 1234 3209 1258 ο
3244 1224 3499 1279 Dominus

1894 1304 2074 1374 jussit,
2105 1305 2297 1374 migra.
2323 1305 2568 1376 Cumque
2598 1307 2687 1361 ille
2715 1324 2823 1361 non
2849 1308 3048 1363 habere
3076 1324 3134 1364 se
3163 1321 3408 1380 sumptus
3430 1316 3498 1366 ad

1864 1450 1867 1453 .
1899 1396 2234 1466 migrandum
2266 1396 2494 1460 diceret,
2520 1414 2841 1468 responsum
2872 1400 3117 1469 protinus
3141 1403 3365 1466 audivit,
3409 1403 3495 1456 di-

1900 1500 2065 1541 cens:
2098 1485 2154 1540 Si
2194 1486 2262 1541 de
2292 1488 2530 1556 peccatis
2559 1487 2662 1542 tuis
2692 1488 2888 1557 agitur,
2916 1488 3135 1544 dimissa
3162 1498 3307 1543 sunt.
3340 1491 3503 1556 Quod

1900 1591 2022 1630 cum
2057 1578 2225 1631 semtl
2265 1578 2520 1643 audisset,
2550 1588 2605 1634 et
2627 1594 2823 1646 magno
2855 1580 3027 1634 adhuc
3056 1590 3203 1635 metu
3252 1582 3492 1651 trepida-

1901 1676 2003 1727 ret.
2034 1678 2194 1724 nocte
2220 1684 2436 1738 quoque
2466 1670 2569 1723 alia
2610 1671 2663 1723 in
2696 1670 2898 1725 eisdem
2937 1680 3021 1724 est
3046 1671 3225 1726 verbis
3253 1673 3495 1727 admoni-

1904 1764 2007 1810 tus.
2037 1760 2165 1812 l’ost
2192 1758 2429 1828 quinque
2462 1774 2590 1812 vero
2619 1758 2735 1812 dies
2760 1758 2908 1814 febre
2948 1768 3248 1829 correptus,
3283 1762 3492 1816 cunctis

280 1847 368 1901 16.
400 1846 533 1901 Cum
559 1862 686 1900 vero
718 1854 836 1916 post
865 1854 1093 1899 mortem
1122 1845 1302 1900 fratris
1331 1845 1547 1914 triginta
1571 1846 1680 1915 jam
1711 1862 1798 1901 es-
1834 1858 1876 1914 Β
1904 1844 2155 1900 fratribus
2199 1848 2478 1904 orantibus
2523 1846 2911 1919 dentibusque,
2945 1849 3251 1919 defungitur
3278 1851 3417 1923 (Lib.
3444 1869 3497 1907 ιν

205 1945 328 1991 seut
352 1936 468 1990 dies
498 1936 721 1999 evoluti,
769 1936 931 2004 cmpit
959 1935 1171 1989 animus
1198 1934 1442 2003 Gregorii
1492 1936 1801 1990 misericor-

203 2029 345 2081 diter
366 2027 413 2081 ei
438 2027 698 2096 compati,
722 2026 945 2096 ejusque
967 2042 1087 2082 cum
1110 2028 1257 2096 gravi
1287 2042 1520 2083 maerore
1542 2028 1802 2097 Supplicia

210 2133 454 2186 pensare,
500 2126 555 2171 et
587 2118 633 2172 si
666 2118 808 2186 quod
838 2126 982 2173 esset
1012 2120 1307 2188 ereptionis
1336 2120 1452 2187 ejus
1483 2122 1592 2190 28
1620 2136 1801 2175 reme-

206 2210 354 2262 dium
384 2224 645 2277 quaerere.
680 2208 831 2264 Tunc
858 2219 1084 2266 evocato
1115 2213 1179 2265 ad
1207 2226 1268 2265 se
1298 2212 1489 2267 eodem
1533 2212 1799 2279 Pretioso,

210 2300 519 2353 monasterii
541 2301 623 2355 sui
651 2302 958 2369 pmposito,
984 2302 1152 2356 tristis
1176 2302 1314 2355 dixit
1338 2319 1349 2355 :
1383 2321 1400 2353 ε
1427 2302 1526 2356 Diu
1553 2312 1631 2357 est
1655 2303 1799 2371 quod

208 2393 379 2444 frater
404 2390 607 2452 Justus,
657 2392 747 2460 qui
778 2391 1060 2446 defunctus
1107 2401 1209 2458 est,
1242 2394 1295 2447 in
1349 2395 1471 2462 igne
1500 2396 1797 2462 cruciatur;

208 2482 471 2535 debemus
499 2481 547 2536 ei
578 2480 781 2551 aliquid
826 2481 1065 2536 caritatis
1094 2482 1428 2551 impendere,
1484 2492 1541 2537 et
1589 2484 1658 2549 ei,
1712 2484 1804 2538 in-

210 2580 470 2638 quantum
519 2586 824 2639 possumus,
868 2580 928 2624 ut
963 2572 1239 2640 eripiatur,
1284 2572 1607 2642 adjutorium
1647 2591 1789 2631 com-

210 2659 458 2714 modare.
491 2657 637 2715 Vade
692 2661 889 2729 itaque,
922 2669 978 2715 et
1016 2664 1085 2717 ab
1114 2662 1374 2717 hodierna
1418 2664 1505 2719 die
1533 2666 1799 2721 continuis

212 2749 431 2815 triginta
462 2748 653 2803 diebus
677 2750 870 2804 offerre
900 2766 1000 2819 pro
1046 2766 1114 2805 eo
1164 2752 1486 2807 sacrificium
1541 2763 1624 2808 stu
1646 2756 1714 2820 le,
1746 2765 1804 2812 ut

210 2839 394 2894 nullus
437 2840 655 2894 omnino
705 2839 1146 2908 prietermitlatur
1173 2842 1290 2897 dies
1319 2860 1426 2911 quo
1457 2860 1554 2913 pro
1585 2846 1804 2899 absolu-

212 2928 362 2981 tione
413 2928 552 2982 illius
596 2928 847 2984 salutaris
898 2930 1073 2984 hostia
1106 2931 1130 2967 δ
1164 2947 1271 2985 non
1312 2941 1593 2987 mactetur.
1632 2953 1651 2985 ι
1703 2935 1802 3001 Qui

213 3019 465 3088 protinus
493 3020 769 3085 abscessit,
815 3028 870 3073 et
896 3019 1053 3075 dictis
1081 3021 1280 3089 paruit.
1335 3020 1595 3089 Gregorio
1622 3029 1802 3077 autem

208 3120 474 3177 curante,
526 3119 689 3178 atque
740 3111 987 3167 evolutos
1033 3111 1149 3165 dies
1195 3112 1414 3165 minime
1463 3123 1801 3176 munerante,

212 3201 362 3255 idem
391 3201 553 3254 frater
573 3201 663 3269 qui
694 3199 975 3255 defunctus
1000 3201 1176 3254 fuerat
1206 3211 1366 3255 nocte
1396 3201 1624 3269 quadam
1647 3201 1796 3256 fratri
1827 3208 1869 3268 C

216 3308 319 3347 suo
356 3304 375 3329 τ
408 3294 641 3360 Copioso
672 3306 767 3361 per
790 3293 1051 3347 visionem
1082 3301 1345 3361 apparuit.
1369 3293 1538 3359 Quem
1569 3293 1657 3347 ille
1681 3308 1802 3347 cum

215 3384 457 3447 vidisset,
490 3382 786 3452 inquisivit,
817 3382 1004 3437 dicens
1042 3400 1053 3435 :
1091 3382 1225 3449 Quid
1276 3391 1359 3437 est.
1408 3382 1614 3438 frater?
1659 3382 1804 3450 Quo-

214 3473 380 3527 modo
422 3474 516 3527 es?
540 3472 637 3527 Cui
668 3473 783 3542 ipse
810 3473 1089 3542 respondit
1121 3492 1134 3526 :
1166 3472 1317 3528 Nunc
1340 3489 1508 3541 usque
1536 3474 1676 3529 male
1705 3474 1799 3540 fui,

211 3566 309 3618 sel
350 3563 461 3632 jam
493 3563 654 3618 modo
685 3563 823 3617 bene
849 3578 987 3626 sum,
1022 3565 1144 3633 quia
1184 3563 1345 3619 hodie
1370 3566 1802 3620 communionem

211 3654 416 3723 recepi.
442 3653 598 3719 Quod
622 3652 759 3707 idem
790 3653 1053 3723 Copiosus
1080 3667 1307 3723 pergens
1336 3656 1577 3723 protinus
1598 3655 1650 3710 in
1683 3672 1802 3711 mo-

214 3745 458 3799 nasterio
478 3744 731 3799 fratribus
744 3743 1015 3799 indicavit.
1038 3743 1250 3799 Fratres
1273 3760 1399 3799 vero
1414 3745 1639 3800 sollicite
1654 3761 1800 3800 com-

215 3843 545 3902 putavcrunt
585 3832 732 3897 dies,
776 3841 831 3887 et
869 3832 1043 3902 ipsum
1083 3832 1224 3887 diem
1268 3832 1433 3889 fuisse
1486 3834 1804 3890 invenerunt

210 3938 327 3991 quo
359 3938 456 3991 pro
482 3937 549 3976 eo
581 3922 851 3989 trigesima
880 3922 1083 3976 oblatio
1127 3922 1302 3977 fuerat
1347 3924 1650 3994 completa;
1682 3940 1804 3980 cum

216 4021 275 4067 et
290 4012 559 4082 Cepiosus
580 4014 814 4069 nesciret
833 4013 959 4082 quid
980 4030 1076 4084 pro
1102 4029 1168 4069 eo
1192 4014 1403 4082 fratres,
1427 4026 1648 4071 auctore
1673 4017 1806 4072 Gre-

214 4102 398 4171 gorio,
429 4112 666 4169 agerent,
689 4110 746 4156 et
772 4103 967 4158 fratres
999 4104 1310 4171 ignorarent
1338 4105 1465 4173 quid
1504 4104 1574 4160 de
1600 4121 1665 4160 eo
1694 4105 1819 4160 Co-t

216 4196 407 4262 piosus
436 4194 672 4259 vidisset,
705 4209 811 4249 uno
839 4194 1137 4265 eodemque
1168 4205 1411 4266 tempore
1441 4197 1567 4251 dum
1606 4212 1802 4265 agnos-

216 4284 296 4337 cit
343 4284 432 4338 ille
480 4284 831 4349 oblationem,
886 4285 959 4341 illi
988 4286 1208 4339 auliunt
1247 4286 1539 4352 somnium,
1595 4288 1805 4355 trigesi-

217 4392 473 4445 mumque
494 4376 637 4431 diem
654 4385 1015 4445 cognoscunt;
1039 4378 1401 4432 concordante
1412 4378 1571 4433 simul
1592 4380 1799 4434 visione

215 4480 271 4522 et
302 4468 588 4534 sacrificio,
615 4484 704 4523 res
732 4479 917 4538 aperte
945 4468 1158 4537 claruit,
1182 4470 1305 4538 quia
1336 4469 1499 4525 frater
1520 4485 1677 4539 quem
1705 4472 1802 4526 sub

215 4560 686 4616 animadversione
732 4561 1011 4616 sententiae
1058 4560 1347 4629 Gregorius
1376 4562 1511 4616 mori
1541 4563 1802 4632 permise—
1835 4580 1880 4639 ο

218 4664 322 4717 t'ui,
347 4668 447 4720 per
468 4653 760 4707 salutarem
788 4651 1019 4706 hostiam
1040 4667 1070 4705 a
1095 4651 1359 4721 supplicio
1382 4652 1635 4707 liberarat
1659 4653 1797 4723 (Lib.

217 4762 267 4798 iv
305 4744 426 4798 Dial
453 4785 469 4810 ,
510 4762 556 4799 c.
591 4742 701 4813 55).

292 4836 382 4888 l7.
413 4836 517 4890 Sed
549 4838 673 4905 quia
718 4836 856 4892 idem
883 4836 1206 4891 venerabilis
1249 4835 1408 4891 Pater
1452 4837 1802 4907 quemadmo-

213 4927 349 4978 dum
378 4927 631 4983 fratribus
654 4929 841 4982 tcrrori
869 4928 1046 4993 fuerit,
1075 4942 1140 4981 ex
1168 4935 1317 4996 parte
1335 4926 1445 4995 jam
1477 4928 1645 4995 tetigi,
1669 4944 1801 4996 qua-

218 5018 348 5070 liter
391 5016 509 5083 ejus
537 5018 793 5085 exemplis
820 5018 975 5072 iidem
1019 5018 1365 5087 profecerim,
1399 5019 1637 5072 breviter
1665 5019 1802 5072 indi-

215 5108 455 5161 randum
487 5108 683 5175 putavi.
721 5107 910 5161 Frater
929 5108 1141 5176 quidam
1167 5109 1217 5162 in
1241 5109 1429 5162 eodem
1453 5109 1802 5175 monasterio,

217 5199 443 5253 nomine
464 5199 745 5267 Antonius,
778 5200 936 5253 beato
960 5199 1219 5269 Gregorio
1242 5199 1456 5255 sedulus
1479 5199 1803 5266 adhaerebat,

290 5357 333 5423 ἡ,
353 5348 542 5423 Excusi
566 5349 828 5423 plerique,
845 5359 1076 5412 terreret,
1095 5361 1245 5422 atque
1271 5369 1303 5405 α
1319 5354 1471 5423 culpa
1495 5352 1805 5423 prohiberet.

218 5419 511 5490 Ριοιιαηιιυξ
542 5422 743 5475 nostris
773 5421 896 5474 Mss.
946 5437 1082 5489 quos
1109 5419 1380 5490 sequimur
1405 5419 1691 5478 'eo‘nciuit.
1748 5422 1806 5478 In

219 5491 366 5561 lle_g._
388 5497 444 5541 et
469 5488 642 5561 Colb_._
658 5490 919 5561 omittitur
949 5500 1098 5561 atque
1134 5508 1165 5544 η
1187 5488 1326 5561 culp.
1365 5492 1566 5561 proliib.

294 5558 318 5595 ιι
348 5558 425 5611 Ita
450 5576 570 5611 eum
598 5558 722 5615 Mss.
754 5560 1003 5614 omnibus
1017 5558 1297 5629 ‘BollandJ,
1324 5558 1408 5614 ubi
1438 5561 1524 5614 alii
1550 5561 1686 5615 Editi
1712 5563 1808 5615 ha-

218 5630 349 5683 bent
384 5645 489 5683 non
526 5629 798 5698 o/j'eratur.
848 5628 1015 5684 Porro
1042 5633 1131 5697 qui
1163 5632 1251 5685 hic
1276 5631 1469 5685 dicitur
1496 5632 1805 5684 monasterii

219 5699 562 5769 prmpositus,
594 5700 894 5769 appe‘latur
927 5700 1181 5769 οὶκθνόμος
1211 5702 1261 5755 in
1288 5699 1519 5767 Dialogis
1547 5715 1574 5752 a
1601 5699 1806 5761 Zacha-

222 5769 298 5821 ria
319 5766 828 5838 Guar-etranslatis.
860 5766 1096 5825 Observa
1128 5772 1212 5825 hic
1243 5766 1499 5838 originem
1523 5769 1591 5825 30
1614 5771 1807 5826 missa-

226 5852 341 5891 rum
372 5852 470 5907 pro
501 5837 564 5891 de
574 5837 786 5890 functis.

1904 1932 2072 2000 Dial.,
2105 1952 2222 2006 cap.
2256 1936 2368 2006 47).

1976 2056 2059 2110 18.
2096 2056 2151 2110 lu
2183 2057 2375 2112 eodem
2404 2060 2732 2117 monasterio
2762 2060 2929 2116 frater
2950 2063 3166 2132 quidam
3197 2063 3490 2119 Gerontius

1900 2146 2201 2213 dicebatur,
2246 2148 2336 2215 qui
2389 2150 2513 2203 dum
2562 2151 2709 2219 gravi
2750 2153 2995 2206 molestia
3037 2153 3277 2223 corporis
3306 2153 3496 2208 fuisset

1901 2234 2212 2304 depressus,
2245 2237 2295 2289 iu
2330 2237 2535 2293 visione
2577 2248 2837 2295 nocturna
2867 2242 3077 2295 albatos
3106 2244 3250 2297 viros
3279 2251 3335 2298 et
3362 2240 3495 2299 clari

1902 2324 2219 2379 omnimodo
2250 2325 2462 2380 habitus
2512 2328 2563 2381 iu
2592 2329 2696 2383 hoc
2724 2329 2897 2398 ipsum
2930 2332 3316 2385 monasterium
3363 2332 3491 2401 des-

1901 2413 2132 2467 cendere
2158 2414 2225 2468 de
2254 2416 2620 2484 superioribus
2650 2417 2882 2486 aspexit.
2909 2417 3009 2484 Qui
3040 2418 3165 2471 dum
3192 2433 3373 2472 coram
3416 2419 3495 2472 le-

1900 2511 1990 2556 cto
2015 2502 2245 2570 jacentis
2290 2506 2636 2570 assisterent,
2690 2522 2825 2560 unus
2854 2523 3038 2561 eorum
3071 2508 3205 2562 dixit
3232 2525 3245 2563 :
3279 2508 3357 2562 Ad
3390 2510 3493 2564 hoc

1902 2592 2167 2659 venimus,
2199 2600 2257 2646 ut
2286 2592 2351 2648 de
2376 2595 2707 2648 monasterio
2737 2595 2824 2649 Gn
2846 2596 2979 2663 gorii
3011 2596 3271 2664 quosdam
3300 2595 3494 2651 fratres

1904 2681 1955 2734 in
2008 2683 2250 2736 militiam
2298 2684 2617 2751 mittamus;
2650 2693 2813 2755 atque
2843 2687 2999 2740 alteri
3033 2687 3370 2755 prmcipiens,
3401 2689 3495 2741 ad-

1899 2772 2077 2841 junxit
2095 2792 2108 2826 :
2126 2772 2313 2828 Scribe
2338 2774 2673 2836 Marcellum,
2692 2776 3149 2839 Valentinianum,
3177 2780 3281 2847 29
3298 2777 3496 2846 Agncl-

1906 2863 2036 2929 lum,
2068 2872 2228 2931 atque
2256 2864 2409 2927 alios,
2441 2881 2669 2933 quorum
2701 2864 2718 2902 ί
2753 2863 3116 2935 cognitionem
3138 2880 3237 2933 ego
3264 2882 3371 2920 non
3400 2868 3496 2920 ha-

1906 2952 2029 3007 beo.
2061 2953 2263 3017 Quibus
2285 2954 2421 3022 expl.
2446 2955 2511 3008 tis
2532 2954 2753 3019 addidit,
2785 2955 2969 3010 dicens
3003 2972 3015 3008 :
3049 2954 3237 3009 Scribe
3265 2964 3320 3009 et
3348 2955 3493 3010 hunc

1907 3042 2079 3112 ipsum
2114 3045 2205 3112 qui
2229 3060 2325 3098 nos
2346 3045 2557 3113 aspicit.
2594 3044 2670 3098 Ex
2698 3060 2803 3114 qua
2832 3046 3038 3099 visione
3064 3043 3353 3100 Gerontius
3379 3060 3494 3099 cer-

1906 3140 1994 3186 tus
2021 3132 2267 3201 effectus,
2312 3132 2453 3189 facto
2500 3150 2679 3201 mane,
2732 3136 2968 3189 innotuit
2996 3135 3253 3190 fratribus
3280 3144 3411 3204 quot
3441 3144 3495 3189 et

1902 3224 1991 3292 qui
2013 3234 2194 3278 essent
2213 3241 2279 3279 ex
2311 3226 2504 3279 eodem
2533 3227 2865 3282 monasterio
2893 3226 3159 3291 morituri,
3183 3242 3350 3296 seque
3368 3227 3491 3284 illos

1903 3314 2161 3368 continuo
2205 3325 2536 3369 secuturum.
2570 3314 2704 3370 Cum
2734 3316 2821 3371 die
2867 3317 2974 3372 alio
3022 3316 3263 3387 praedicti
3292 3316 3489 3372 fratres

1903 3405 2039 3458 mori
2079 3413 2382 3474 eruperunt,
2421 3413 2584 3473 atque
2612 3406 2711 3460 sub
2738 3405 2930 3460 eodem
2959 3406 3148 3461 ordine
3175 3420 3235 3460 se
3265 3405 3319 3460 in
3350 3421 3495 3460 mor-

1902 3502 2010 3548 tem
2032 3496 2200 3549 secuti
2223 3503 2348 3550 sunt
2369 3510 2477 3564 quo
2502 3493 2713 3549 fuerant
2735 3495 2787 3549 in
2811 3495 3176 3564 descriptione
3206 3494 3489 3559 nominati,

1902 3585 1968 3639 ad
1998 3594 2301 3639 extremum
2324 3601 2453 3640 vero
2480 3592 2537 3641 et
2571 3586 2688 3659 ipse
2731 3585 2886 3652 obiit,
2925 3584 3018 3656 qui
3041 3583 3264 3640 eosdem
3300 3585 3496 3639 fratres

1902 3675 2192 3730 morituros
2218 3675 2480 3745 praevidit.

1972 3795 2061 3852 t9.
2085 3796 2236 3853 Alius
2262 3797 2422 3852 etiam
2453 3796 2618 3851 frater
2646 3796 2700 3852 in
2730 3795 2923 3851 eodem
2948 3792 3282 3850 monasterio
3312 3792 3495 3849 Meru-

1904 3886 1987 3943 lus
2006 3888 2311 3952 dicebatur,
2360 3887 2709 3941 vehementer
2736 3885 2987 3955 lacrymis
3012 3893 3172 3953 atque
3195 3883 3497 3953 eleemosy-

1905 3978 2007 4043 nis,
2038 3993 2108 4033 ex
2142 3977 2387 4045 Gregorii
2424 3976 2525 4031 viri
2554 3976 2877 4031 venerabilis
2902 3975 3167 4040 doctrina,
3210 3975 3444 4029 intentus
3479 3992 3493 4029 :

1904 4067 2199 4138 psalmodia
2229 4082 2360 4123 vero
2387 4082 2454 4121 ex
2475 4082 2569 4124 ore
2608 4066 2750 4121 illius
2769 4080 2906 4135 pene
2936 4064 3082 4120 nullo
3112 4072 3355 4133 tempore
3379 4079 3495 4120 ces~

1904 4174 2028 4215 sare
2054 4166 2439 4222 consueverat,
2470 4166 2697 4226 excepto
2726 4171 2847 4211 cum
2882 4161 2977 4209 aut
3022 4154 3331 4209 alimentum
3371 4169 3495 4210 cor—

1905 4250 2057 4321 pori,
2102 4256 2197 4303 aut
2255 4249 2494 4303 membra
2540 4248 2777 4304 dedisset
2818 4246 3021 4315 sopori.
3067 4245 3201 4301 lluic
3231 4254 3494 4302 nocturna

1904 4342 2110 4395 visioac
2158 4340 2409 4408 apparuit
2454 4338 2596 4409 quod
2643 4353 2710 4393 ex
2757 4338 2890 4405 albis
2926 4335 3148 4392 ﬂoribus
3188 4352 3389 4392 corona
3429 4336 3498 4392 de

1906 4431 2045 4485 coelo
2074 4430 2126 4485 in
2158 4438 2319 4500 caput
2368 4429 2507 4483 illius
2533 4428 2929 4493 descendebat,
2962 4427 3054 4497 qui
3092 4442 3220 4483 mox
3251 4429 3495 4485 molestia

1905 4520 2151 4590 corporis
2178 4528 2491 4589 occupatus,
2532 4535 2653 4575 cum
2682 4532 2875 4587 magna
2904 4518 3194 4573 securitate
3216 4520 3380 4573 animi
3412 4527 3496 4573 at-

1908 4627 2013 4682 que
2058 4612 2326 4666 hilaritate
2372 4610 2652 4665 defunctus
2694 4617 2794 4665 est.
2844 4608 2923 4663 Ad
2972 4610 3127 4679 cujus
3167 4610 3492 4680 sepulcrum,

1909 4703 2055 4767 dum,
2086 4710 2208 4771 post
2233 4717 2400 4756 annos
2436 4701 2839 4770 quatuordecim
2859 4741 2873 4766 ,
2909 4698 3135 4768 Petrus,
3158 4701 3249 4774 qui
3278 4700 3495 4764 pontifi-

1909 4810 2060 4856 catus
2088 4802 2238 4856 istius
2260 4800 2500 4867 Gregorii
2531 4808 2770 4870 tempere
2799 4800 3127 4855 monasterio
3154 4800 3327 4855 eidem
3358 4815 3496 4867 prm-

1910 4902 2023 4964 fuit,
2056 4900 2154 4954 sibi
2176 4900 2503 4969 sepulturam
2528 4900 2701 4955 facere
2727 4901 3002 4966 voluisset,
3035 4905 3180 4952 tanta
3209 4898 3276 4949 de
3301 4898 3491 4953 eodem

1910 5001 2158 5071 sepulcro
2187 5000 2364 5053 fratris
2388 5000 2573 5053 Meruli
2598 4999 2882 5065 fragrantia
2899 4995 3175 5051 suavitatis
3200 4999 3489 5060 emanavlt,

1908 5115 1970 5154 ac
1994 5100 2038 5153 si
2064 5099 2169 5153 illic
2199 5097 2386 5152 florum
2417 5098 2653 5151 omnium
2700 5096 2921 5149 fuissent
2966 5096 3317 5151 odoramenta
3356 5113 3491 5151 con-

1907 5204 2075 5267 gesta.
2117 5194 2198 5249 Ex
2242 5207 2347 5262 qua
2393 5208 2453 5248 re
2491 5189 2772 5247 manifeste
2816 5190 2987 5258 patuit
3014 5191 3139 5260 quia
3178 5194 3362 5247 verum
3393 5193 3491 5247 fuit

1986 5360 2014 5428 ξ·
2039 5347 2095 5428 lu
2125 5346 2326 5428 ΤριόηΓ
2360 5352 2415 5398 et
2443 5344 2604 5423 Utie.,
2632 5344 2721 5428 qui
2754 5344 2839 5399 hic
2867 5343 3062 5428 dicitur
3084 5345 3350 5428 Copiosus,
3392 5366 3492 5428 ap-

1914 5415 2473 5500 pellatur‘Speciosus;
2503 5415 2650 5483 prius
2681 5421 2858 5469 tamen
2906 5415 3102 5485 legitur
3130 5415 3399 5489 Capiosus,
3431 5415 3489 5475 in

1913 5483 2097 5545 iisdem
2125 5483 2292 5538 Codd.
2966 5483 2978 5485 ⁷
3204 5483 3214 5489 ’
3387 5483 3397 5488 ’

1982 5556 2008 5594 d
2040 5555 2112 5608 lia
2143 5568 2263 5606 eum
2294 5551 2540 5623 omnibus
2572 5550 2696 5623 Mss.
2730 5554 2925 5609 nostris
2955 5556 3089 5612 Boil.
3124 5557 3180 5612 ln
3210 5558 3279 5610 al.
3315 5558 3485 5623 Edit.,

1913 5624 2256 5699 adgregianem
2278 5622 2461 5690 patriw
2489 5622 2722 5688 calcatis,
2750 5639 2842 5693 per
2861 5630 3341 5695 contemplationem
3374 5622 3488 5699 pars

1913 5698 2013 5836 ῑοιξ
2042 5762 2204 5836 firmi,
2244 5758 2363 5836 quiq
2399 5758 2647 5836 Dominus
2677 5761 2838 5836 jussit
2863 5766 3084 5836 migrare
3114 5777 3181 5823 te.

1990 5834 2007 5873 τ
2038 5828 2284 5899 Plerique
2316 5828 2507 5887 Excusi
2525 5873 2540 5899 ,
2565 5828 2697 5887 nunc
2722 5828 3205 5891 minime'rerordor.
