4018 6372
455 295 518 352 7|
1035 287 1092 341 S.
1133 282 1463 342 GREGOBII
1507 277 1717 333 MAGNI
1765 276 1948 342 VITA,
1989 272 2193 328 AUCT.
2235 267 2497 324 SOWNE
2541 263 2852 320 Dl.\CON0.
2897 260 3096 316 LIBER
3139 258 3180 314 1.
3717 255 3803 303 πει

455 403 599 476 quod
633 417 726 472 per
746 406 1064 454 nocturnam
1093 394 1356 447 visionem
1397 391 1531 445 tanti
1557 389 1731 442 Patris
1759 385 2048 457 discipulus
2078 383 2127 443 Α
2156 379 2561 476 εοιίιιςεκβριιρῖ
2589 377 2778 476 inquit,
2811 374 2976 436 Deiri,
3004 374 3127 443 quia
3149 371 3216 476 de
3245 370 3323 476 ira
3353 378 3479 426 sunt
3507 363 3804 476 crine-nili,

456 459 589 553 vidit
616 459 853 566 ('Dialog.
886 489 974 543 lib.
1010 504 1081 551 iv,
1114 503 1233 554 cap.
1266 483 1380 552 47).
2152 481 2208 525 et
2249 472 2315 566 ad
2363 469 2561 566 Christi
2611 468 2835 566 gratiam
2879 464 3230 566 convocandi.
3281 464 3392 566 [lex
3416 503 3433 527 ,
3471 462 3578 522 ait,
3627 459 3802 566 illius

671 548 827 636 Alius
871 548 1086 648 quoque
1129 548 1189 629 inv
1229 548 1418 628 eodem
1463 566 1789 623 monasterio
1817 564 2052 619 Joannes
2152 561 2444 630 provincia:
2464 558 2738 648 quomodo
2761 555 3133 648 nuncupatur?
3156 553 3424 648 Mercator
3444 548 3764 648 respui-vdit
3783 564 3803 600 :

460 675 634 728 dictus
661 679 769 733 est,
800 639 1013 734 magna;
1041 663 1234 718 indolis
1264 661 1611 723 adolescens,
1645 667 1666 692 υ
1720 655 1809 726 qui
1835 661 2050 708 aetatem
2153 651 2296 706 JElle
2327 660 2569 706 vocatur.
2591 649 2658 702 Et
2677 647 2967 716 Gregorius
2990 645 3235 699 alludens
3252 643 3318 698 ad
3341 639 3758 734 nomeu,dixit-
3782 655 3802 694 :

461 781 611 819 suam
643 729 946 817 intellectus
968 766 1022 809 et
1040 751 1357 808 humilitatis
1377 749 1681 811 dulcedine,
1709 744 2054 814 etgravitate
2155 744 2333 811 Bene,
2373 742 2500 812 quia
2546 757 2640 795 rex
2686 739 2885 794 dicitur
2931 734 2958 774 ἀ
3010 735 3176 790 ᾸΞΙΙθ.
3209 734 3433 788 Alleluia
3478 732 3706 788 etenim
3742 729 3804 782 in

463 868 704 915 morum,
751 849 1063 904 inuuinente
1109 840 1405 908 GregoriO,
1440 835 1876 891 transcendebat.
1921 832 2055 887 lluic
2157 833 2312 889 laude
2354 831 2626 887 Creatoris
2673 831 2725 884 in
2780 828 3021 898 partibus
3064 827 3167 881 il'is
3213 832 3430 896 oportet
3482 821 3804 878 decantari

463 940 773 1010 :cgrotanti,
806 947 964 1005 atque
993 933 1060 987 ad
1089 941 1390 986 extremum
1423 928 1656 983 deducto
1678 968 1695 994 ,
1719 941 1815 996 per
1836 933 2054 978 noctur-
2159 924 2309 994 (fled.
2341 923 2429 976 lib.
2460 938 2515 986 ιι,
2547 938 2594 974 c.
2631 920 2682 985 i,
2718 917 2880 1010 Hist.
2906 915 3114 1010 Αιιςιι..)ἑ

466 1004 586 1088 nam
613 1004 998 1086 visioneniisuh
1025 1025 1212 1079 habitu
1241 1023 1386 1077 senis
1427 1021 1618 1075 beatus
1642 1018 1921 1088 apostolus
1949 1017 2047 1069 An-
2229 1015 2320 1068 Ἡ.
2363 1013 2486 1066 Mox
2516 1012 2696 1080 itaque
2724 1008 2986 1064 accedens
3014 1007 3079 1060 ad
3112 1004 3495 1070 Benedictum,
3540 1009 3804 1073 aposto—

464 1122 623 1176 dreas
669 1118 945 1190 apparuit,
989 1123 1045 1168 et
1093 1113 1235 1167 hunc
1264 1111 1408 1178 virga
1437 1108 1644 1176 tetigit,
1688 1107 1845 1175 eique
1875 1105 2007 1159 dixit
2039 1121 2055 1156 ε
2159 1104 2275 1158 lica:
2297 1103 2440 1158 sedis
2476 1101 2807 1171 pontilicem,
2836 1099 2998 1190 coepit
3025 1098 3377 1190 vehementer
3410 1103 3702 1190 expetere
3735 1100 3804 1148 ut

467 1216 666 1280 Surge;
694 1226 762 1265 ex
785 1210 886 1262 hac
909 1206 1052 1260 enim
1080 1201 1327 1256 molestia
1351 1198 1511 1253 modo
1542 1197 1763 1251 minime
1792 1193 2058 1257 morieris,

468 1305 563 1360 sed
593 1310 813 1374 paratus
841 1306 991 1359 esto,
1017 1294 1144 1364 quia
1187 1293 1406 1358 longum
1449 1300 1660 1358 tempus
1699 1287 1786 1342 hic
1826 1287 2063 1339 facturus

472 1411 580 1449 non
616 1392 742 1447 eris.
774 1388 876 1454 Qui
906 1386 1033 1439 dum
1068 1384 1179 1452 jam
1228 1388 1373 1435 esset
1401 1395 1431 1432 a
1474 1377 1698 1432 medicis
1728 1375 2060 1443 desperatus,

474 1491 696 1554 repente
725 1487 944 1534 sanatus
975 1484 1057 1528 est
1087 1484 1248 1540 atque
1286 1467 1580 1524 convaluit.
1626 1465 1755 1518 Rem
1786 1478 1958 1554 quam,
1988 1462 2066 1554 vi-

475 1552 630 1629 derat
659 1569 928 1631 narravit,
980 1579 1144 1634 seque
1181 1578 1279 1631 per
1304 1559 1576 1614 biennium
1608 1557 1659 1609 in
1703 1554 1796 1607 Dei
1825 1552 2063 1614 servitio,

476 1664 614 1720 sicut
637 1659 875 1730 praidixi,
907 1657 1043 1712 ultra
1088 1652 1260 1706 uitatis
1302 1664 1413 1704 sua:
1443 1663 1612 1701 annos
1636 1645 1897 1700 exhibuit:
1929 1643 2069 1696 Evo-

2162 1194 2216 1248 in
2247 1193 2578 1247 Britanniam
2608 1191 2818 1258 aliquos
2857 1189 3000 1242 verbi
3031 1187 3306 1241 ministros
3351 1185 3624 1240 mitteret.
3653 1182 3800 1248 Quo
3841 1225 3844 1227 .

2163 1301 2286 1340 cum
2314 1285 2582 1338 neminem
2606 1282 2684 1337 ire
2701 1282 2840 1336 velle
2864 1285 3237 1349 cognosceret,
3259 1278 3608 1345 semetipsum
3635 1289 3804 1344 quo-

2166 1392 2271 1446 que
2296 1391 2404 1430 non
2433 1374 2699 1429 dubitavit
2747 1373 3014 1439 ingerere,
3046 1368 3339 1422 dummodo
3386 1367 3486 1421 sibi
3523 1364 3802 1436 pontifex

2167 1467 2437 1522 licentiam
2466 1463 2857 1521 commodaret.
2888 1461 2988 1528 Qui
3018 1461 3143 1515 licet
3165 1473 3288 1513 cum
3317 1473 3507 1527 magna
3537 1465 3802 1512 cuncta-

2169 1555 2318 1610 tione
2338 1556 2505 1610 totius
2533 1553 2663 1609 cieri
2694 1568 2758 1607 ac
2803 1552 2989 1621 pepuli
3034 1548 3351 1618 Gregorium
3379 1556 3571 1618 sponte
3601 1544 3802 1616 proli-

2170 1645 2299 1700 cisci
2329 1645 2636 1713 cupientem
2669 1643 2818 1696 abire
2850 1640 3108 1710 permisit,
3138 1639 3470 1701 imprecatus
3496 1637 3547 1692 ei
3573 1635 3796 1691 divini-

478 1751 603 1805 lutis
623 1757 800 1802 autem
831 1745 1042 1799 duobus
1081 1740 1258 1802 annis,
1289 1753 1410 1792 cum
1440 1736 1655 1805 quidam
1695 1734 1860 1788 frater
1883 1733 2069 1786 fuisset
2101 1745 2143 1803 Β
2172 1745 2256 1791 tus
2293 1750 2552 1805 prospera
2602 1732 2912 1788 ministrari.

478 1853 743 1906 mortuus,
775 1850 940 1908 atque
983 1839 1035 1892 in
1066 1834 1377 1890 monasterii
1420 1830 1657 1901 ejusdem
1696 1830 2007 1886 coemeterio
2037 1844 2064 1881 a

479 1933 739 2002 Gregorio
777 1930 1133 1996 fratribusque
1174 1923 1448 1995 sepultus,
1501 1922 1708 1976 cunctis
1748 1920 1871 1974 inde
1898 1921 2070 1974 disce-

479 2024 748 2085 dentibus,
774 2020 913 2075 idem
939 2018 1192 2079 Joannes,
1226 2016 1365 2069 sicut
1395 2011 1737 2082 postmodum
1783 2010 1989 2077 palloris
2017 2016 2072 2062 et

482 2123 718 2167 tremens
745 2110 1005 2178 Gregorio
1031 2114 1088 2160 et
1111 2104 1362 2159 fratribus
1403 2099 1677 2162 indicavit,
1719 2098 1866 2151 solus
1888 2097 2073 2151 inven-

484 2215 592 2269 tus,
622 2204 689 2258 ab
718 2202 906 2257 eodem
940 2198 1104 2252 fratre
1143 2195 1236 2264 qui
1273 2193 1514 2263 sepultus
1543 2191 1713 2244 fuerat
1740 2189 1808 2242 de
1827 2188 2074 2257 sepulcro

484 2301 708 2347 vocatus
735 2300 836 2346 est.
869 2288 1023 2354 Quod
1051 2301 1175 2340 mox
1200 2285 1362 2338 etiam
1391 2283 1720 2351 subsequens
1748 2279 1866 2332 linis
1890 2286 2075 2332 osten-

486 2385 585 2438 dit.
619 2383 750 2436 Nam
793 2389 915 2450 post
941 2379 1058 2434 dies
1097 2378 1285 2432 decem
1306 2375 1334 2414 δ
1363 2383 1644 2444 correptus
1670 2372 1925 2436 febribus,
1955 2386 2075 2425 nio-

491 2473 682 2529 riendo
704 2480 985 2527 vocantem
1015 2477 1230 2524 secutus
1255 2475 1356 2522 est.
1389 2466 1585 2520 Verum
1609 2465 1732 2533 quia
1756 2465 1972 2530 longum
1996 2469 2079 2517 est

490 2573 547 2619 et
569 2562 734 2617 multa
764 2568 972 2616 restant
999 2574 1117 2629 qua:
1145 2557 1211 2612 de
1240 2557 1397 2626 hujus
1418 2555 1517 2609 viri
1541 2554 1894 2610 sanctimonia
1916 2553 2080 2608 certis

486 2660 715 2724 possunt
742 2650 1178 2706 attestationibus
1198 2646 1494 2719 praadicari,
1521 2659 1637 2715 qua:
1666 2644 1827 2698 etiam
1850 2659 1917 2698 ex
1947 2643 2083 2698 rela-

487 2743 638 2796 tione
686 2738 980 2809 majorum,
1029 2739 1308 2811 scriptisve
1336 2736 1574 2809 priorum
1595 2734 1970 2805 compererim,
1997 2735 2081 2791 his

489 2829 776 2884 inserenda
823 2827 1057 2883 decrevi.

560 2918 652 2974 2|.
685 2917 928 2985 Quadam
955 2917 1059 2982 die,
1103 2932 1225 2972 cum
1267 2915 1674 2971 advenientibus
1719 2929 1890 2984 nuper
1919 2929 2086 2985 uego-

489 3011 795 3075 tiatoribus,
825 3009 992 3064 multa
1024 3009 1230 3063 venalia
1262 3008 1315 3062 in
1344 3007 1460 3063 foro
1492 3007 1746 3061 Romana:
1775 3007 1924 3060 urbis
1954 3007 2083 3062 fuis-

2240 1826 2332 1880 εδ.
2364 1826 2438 1880 De
2459 1824 2611 1893 cujus
2629 1824 2866 1879 absentia
2893 1822 3120 1877 Romani
3138 1821 3422 1892 plurimum
3446 1820 3801 1888 perturbati,

2171 1915 2468 1970 deliberate
2512 1914 2770 1978 consilio,
2823 1911 3028 1966 trifarie
3077 1927 3175 1981 per
3219 1911 3336 1965 loca
3386 1910 3485 1963 via:
3514 1910 3804 1977 contigua

2175 2006 2318 2061 unde
2346 2006 2587 2075 pontifex
2636 2005 2702 2059 ad
2743 2005 2885 2059 beati
2916 2003 3059 2057 Petri
3113 2002 3391 2057 basilicam
3435 2001 3806 2072 profecturus

2175 2102 2310 2158 erat,
2342 2096 2665 2164 partiuntur,
2690 2108 2919 2160 cumque
2940 2093 3212 2146 turmatim
3239 2092 3416 2145 taliter
3443 2101 3465 2128 ο
3488 2091 3804 2159 alloquun-

2177 2193 2264 2238 tur
2303 2202 2316 2237 :
2367 2184 2583 2238 Petrum
2637 2183 2938 2246 olfendisti,
2992 2181 3219 2235 Romam
3263 2180 3601 2243 destruxisti,
3646 2179 3801 2247 quia

2176 2275 2494 2344 Gregorium
2524 2275 2788 2330 dimisisti.
2830 2275 3033 2340 Quibus
3057 2272 3339 2327 sententiis
3385 2271 3604 2325 omnino
3632 2283 3800 2342 papa

2179 2367 2514 2436 perterritus,
2543 2366 2960 2422 misitcontinuo
2983 2364 3218 2429 nuntios,
3243 2363 3331 2432 qui
3355 2363 3530 2417 virum
3554 2361 3793 2417 Domini

2179 2467 2498 2512 revocarent
2525 2458 2862 2525 Gregorium.
2897 2455 3049 2522 Quod
3080 2456 3194 2524 ii-se
3221 2455 3324 2511 sibi
3349 2453 3801 2510 commeantibus

2175 2550 2289 2620 jam
2320 2551 2641 2621 przcdixerat
2683 2549 2796 2604 fore
2821 2549 3075 2603 futurum.

2250 2641 2341 2694 24.
2365 2640 2589 2710 Jamque
2632 2641 2791 2695 trium
2832 2639 3039 2694 dierum
3081 2639 3276 2693 itinere
3318 2635 3338 2676 ί
3372 2636 3688 2708 proﬂigato,
3724 2638 3802 2692 ad

2182 2733 2468 2804 quemdam
2515 2733 2694 2788 locum
2727 2731 3052 2802 requieturi,
3104 2729 3242 2785 forte
3272 2730 3630 2793 diverterant,
3675 2746 3805 2799 quo

2181 2827 2403 2897 singulis
2447 2825 2881 2896 quiescentibus,
2919 2824 3211 2893 Gregorius
3257 2823 3553 2878 lectitabat.
3605 2821 3804 2888 Quen:

2182 2919 2390 2974 locusta
2455 2918 2841 2986 superveniens
2907 2917 3088 2985 coegit
3137 2916 3411 2986 paululum
3460 2931 3490 2969 a
3551 2913 3806 2982 legendo

2185 3012 2501 3079 quiescere,
2550 3018 2604 3063 ct
2647 3024 2713 3062 ex
2755 3008 3189 3062 consideratione
3214 3008 3295 3060 sui
3344 3008 3576 3063 nominis
3597 3006 3805 3060 docuit

489 3108 610 3154 sent
671 3098 948 3169 proposita
973 3137 989 3162 ,
1065 3095 1326 3164 multique
1377 3094 1444 3148 ad
1500 3093 1784 3148 emendum
1844 3094 2078 3164 undique
2106 3106 2152 3168 ο
2181 3114 2305 3154 eum
2333 3097 2386 3151 in
2417 3104 2605 3152 eodem
2634 3096 2757 3149 loco
2783 3109 2842 3149 se
2867 3103 3012 3148 stare
3056 3095 3272 3148 debere.
3306 3094 3324 3164 ι
3350 3104 3373 3140 ι
3407 3095 3558 3148 Tum:
3609 3094 3820 3166 fel-pr

490 3184 906 3253 confluxissent,
948 3186 1174 3254 contigit
1201 3194 1255 3239 et
1281 3184 1602 3251 Gregorium
1634 3183 1806 3237 virum
1853 3183 1965 3238 Deo
1994 3183 2079 3237 di-

491 3275 803 3345 gnissimum
831 3274 1105 3344 prazterire
1136 3293 1149 3327 :
1197 3274 1289 3342 qui
1315 3288 1541 3328 cernens
1572 3274 1713 3328 inter
1740 3272 1844 3326 alia
1885 3288 2082 3341 pueros

492 3379 720 3434 corpore
767 3362 1056 3427 candidos,
1113 3363 1283 3419 forma
1327 3363 1746 3432 pulcherrimos,
1788 3364 1937 3418 vultu
1976 3364 2083 3433 30

491 3462 782 3519 venustos,
811 3453 1130 3522 capillorum
1167 3467 1384 3522 quoque
1425 3452 1601 3508 nitore
1623 3453 1935 3522 perspicuos
1962 3467 2084 3509 esse

493 3543 733 3608 venales,
763 3543 1110 3611 interrogavit
1149 3552 1503 3598 mercatorem
1533 3544 1602 3598 de
1628 3559 1733 3612 qua
1766 3546 1936 3614 patria
1960 3544 2084 3599 illos

495 3635 778 3690 attulisset.
815 3631 909 3688 Ille
948 3634 1222 3704 respondit
1254 3653 1266 3688 :
1295 3633 1370 3689 De
1397 3634 1684 3688 Britannia:
1711 3634 1902 3700 insula,
1933 3635 2086 3704 cujus

497 3724 791 3779 incolarum
851 3725 1090 3778 omnium
1140 3723 1306 3780 facies
1344 3725 1504 3780 simili
1535 3719 1778 3780 candore
1817 3723 2082 3795 fulgescit.

497 3813 784 3884 Gregorius
824 3813 958 3868 dixit
990 3832 1003 3867 :
1035 3813 1326 3870 Christiani
1373 3821 1500 3869 sunt
1542 3814 1702 3869 iidem
1726 3814 1983 3880 insulani,
2015 3831 2086 3872 an

497 3905 672 3960 adhuc
702 3904 922 3975 paganis
959 3913 1208 3959 tenentur
1244 3904 1519 3959 erroribus
1557 3902 1849 3973 implicati?
1874 3903 2086 3959 Merca-

498 4003 585 4048 tor
605 3995 882 4064 respondit
913 4011 927 4048 :
960 3993 1075 4049 Non
1104 4003 1231 4049 sunt
1251 3993 1576 4059 Christiani,
1615 3994 1711 4050 sed
1757 3996 1979 4065 paganis
2008 4005 2090 4052 te-

500 4095 695 4140 nentur
727 4086 933 4157 laqueis
980 4087 1190 4142 irretiti.
1244 4085 1396 4143 Tunc
1448 4088 1740 4158 Gregorius
1780 4089 1978 4144 acriter
2006 4089 2091 4143 in-

502 4176 983 4242 gemisceuszlleu!
1012 4178 1146 4247 proh
1175 4177 1360 4232 dolor!
1389 4179 1581 4248 inquit,
1604 4194 1764 4247 quam
1787 4178 2092 4249 splendidas

505 4267 668 4321 facies
713 4268 963 4336 princeps
1002 4268 1344 4322 tenebrarum
1387 4285 1531 4323 nunc
1580 4269 1855 4338 possidet,
1908 4278 2079 4323 tanta-

505 4372 612 4424 que
644 4367 666 4393 ο
700 4355 889 4408 frontis
935 4356 1142 4425 species
1187 4373 1408 4411 vacuam
1440 4358 1507 4411 ab
1537 4359 1744 4412 interna
1790 4358 1884 4413 Dei
1919 4359 2089 4427 gratia

2182 3189 2382 3244 dixisse
2405 3206 2418 3242 :
2445 3187 2698 3248 Locusta,
2725 3185 2918 3255 inquit,
2940 3184 3043 3239 dici
3067 3191 3271 3255 potest,
3297 3185 3448 3253 quasi
3475 3184 3598 3239 loco
3627 3195 3752 3240 sta.
3787 3184 3804 3254 ]

2183 3279 2482 3347 Statimque
2509 3278 2734 3331 comites
2762 3274 3096 3339 adhortatus,
3131 3273 3472 3328 festinantius
3503 3274 3580 3328 ire
3602 3284 3804 3328 certa-

2183 3365 2309 3430 bat;
2341 3365 2433 3420 sed
2465 3364 2914 3433 pia-venientibus
2936 3363 3244 3433 apostolicis
3269 3364 3489 3430 nuntiis,
3518 3365 3640 3418 licet
3669 3381 3802 3419 ma-

2184 3469 2420 3525 gnopere
2443 3454 2763 3521 tristaretur,
2805 3454 2982 3510 redire
3011 3463 3188 3509 tamen
3215 3455 3279 3509 ad
3306 3455 3510 3525 proprii
3537 3457 3801 3527 compul-

2184 3561 2276 3603 sus
2303 3553 2385 3600 est
2405 3545 2716 3600 monasterii
2741 3559 2946 3599 curam.

2255 3635 2344 3690 25.
2380 3636 2620 3705 Denique
2641 3649 2868 3689 cernens
2893 3634 3231 3700 Benedictus,
3260 3637 3585 3714 venerabilis
3610 3637 3798 3705 pontis

2185 3728 2310 3792 fex,
2337 3729 2601 3782 virtutum
2625 3726 2878 3797 gradibus
2915 3724 3237 3794 Gregorium
3277 3726 3342 3780 ad
3384 3727 3491 3781 alta
3524 3741 3796 3782 conscen-

2187 3820 2336 3882 dere,
2371 3819 2634 3873 violenter
2659 3833 2782 3872 eum
2823 3833 2852 3871 a
2880 3817 3063 3886 quiete
3107 3817 3421 3873 monasterii
3462 3816 3542 3872 sui
3571 3818 3796 3872 abstra-

2187 3909 2342 3974 hens,
2368 3907 2717 3964 ecclesiastici
2741 3907 2949 3963 ordinis
2973 3907 3154 3962 ofﬁcio
3182 3907 3510 3974 sublimavit,
3542 3908 3795 3964 levitaru-

2187 4015 2293 4070 que
2319 3998 2605 4069 septimum
2644 3999 2710 4053 ad
2740 4013 2893 4054 suum
2921 3998 3248 4066 adjutorium
3276 3998 3637 4054 consecravit.
3670 3998 3783 4069 δι

2187 4087 2246 4144 In
2268 4103 2377 4157 quo
2417 4086 2738 4142 venerabilis
2778 4086 2936 4141 levita
2965 4085 3256 4154 Gregorius
3286 4094 3431 4139 tanta
3475 4085 3793 4140 humilitate

2190 4179 2377 4246 viguit,
2409 4185 2556 4231 tanta
2584 4177 2807 4231 solertia
2831 4177 3172 4241 ministravit,
3201 4186 3259 4231 ut
3302 4178 3354 4230 in
3401 4177 3794 4232 ecclesiastica:

2191 4269 2509 4322 hicrarchia:
2552 4268 2850 4324 ministerio
2897 4269 3178 4323 videretur
3214 4267 3411 4321 divinis
3439 4268 3650 4335 angelis
3680 4284 3792 4321 non

2189 4358 2368 4412 solum
2409 4357 2583 4412 nitore
2611 4359 2846 4425 habitus,
2878 4374 3064 4412 verum
3095 4358 3254 4411 etiam
3305 4357 3552 4412 claritate
3579 4375 3794 4414 morum

507 4456 740 4499 mentem
782 4453 975 4513 gestat.
1015 4445 1242 4500 Rursum
1273 4448 1619 4514 interrogavit
1658 4448 1800 4516 quod
1830 4458 1972 4503 esset
1991 4464 2089 4502 vo-
2126 4468 2171 4525 ι)
2199 4448 2554 4518 probabilium
2600 4447 3001 4515 quodammodo
3027 4449 3316 4516 comquari.

507 4533 755 4588 eabulum
809 4535 981 4602 gentis
1016 4534 1179 4590 illius.
1230 4535 1494 4591 Mercator
1549 4537 1824 4607 respondit
1874 4555 1888 4590 :
1941 4540 2095 4606 Angli

508 4635 789 4679 vocantur.
822 4625 996 4680 Atille
1030 4643 1042 4678 :
1075 4625 1239 4686 Bene,
1288 4628 1480 4694 inquit,
1513 4628 1688 4695 Angli,
1720 4629 1869 4696 quasi
1901 4631 2096 4696 angeli,

509 4714 633 4781 quia
664 4722 719 4768 et
764 4715 1032 4783 angelicos
1077 4715 1254 4768 vultus
1285 4715 1514 4783 habent,
1566 4725 1621 4770 ct
1668 4718 1798 4771 tales
1846 4719 1898 4771 in
1946 4721 2096 4773 cmlis

511 4804 823 4872 angelorum
849 4803 1005 4857 decet
1030 4820 1147 4860 esse
1189 4806 1458 4860 concives.
1491 4805 1688 4860 lterum
1713 4821 1842 4874 ergo
1872 4807 2102 4862 interro-

511 4896 655 4964 gavit
681 4896 823 4965 qu-id
851 4909 1045 4949 nomen
1089 4896 1310 4950 haberet
1350 4896 1460 4964 ipsa
1502 4897 1797 4966 provincia.
1831 4897 2097 4952 Mercator

512 4989 830 5056 respondit:
863 4986 1225 5042 Provinciales
1255 4988 1327 5041 illi
1359 4989 1500 5043 Deiri
1543 4997 1823 5043 vocantur.
1857 4988 1922 5042 Et
1963 4989 2095 5044 Grc-

603 5138 868 5206 .)lahill.,
909 5138 1174 5193 Gussanv.
1220 5148 1275 5192 et
1311 5139 1424 5201 alii,
1469 5139 1888 5206 repugnantibus
1945 5139 2093 5205 Mss.,

514 5210 598 5276 qui
622 5219 823 5261 wtatem
843 5226 991 5262 suam
1016 5209 1295 5276 intellectu,
1327 5217 1375 5262 et
1398 5209 1704 5271 humilitate,
1746 5217 1793 5259 et
1824 5210 2094 5275 gravitate,

517 5279 726 5331 docente
757 5278 970 5348 (ἕτερον.
1005 5279 1247 5332 Bolland.
1286 5279 1409 5333 Mss.
1459 5281 1755 5342 consentit,
1800 5279 1898 5330 nisi
1954 5279 2097 5345 quod

516 5364 612 5417 pro
641 5349 935 5417 imminente
973 5350 1133 5402 habet
1161 5350 1391 5401 docente.

589 5417 612 5453 δ
645 5416 846 5470 Mahill.
877 5427 928 5469 et
959 5417 1142 5480 Guss.,
1172 5420 1397 5479 invasits,
1426 5434 1578 5470 carne
1599 5417 1795 5470 solutus
1817 5425 1911 5470 est.
1944 5414 2102 5469 Uter-

516 5501 620 5553 que
651 5495 828 5539 tamen
879 5487 930 5539 in
975 5489 1210 5553 margine
1265 5496 1418 5539 notat
1465 5487 1745 5540 lectionem
1784 5484 1909 5554 Mss.
1957 5486 2102 5554 quod

518 5556 677 5607 etiam
702 5555 826 5607 alibi
846 5571 1002 5624 supra
1023 5557 1221 5623 etinfra
1239 5559 1618 5623 przestiteruut.
1645 5555 1820 5609 Editio
1836 5553 2099 5609 Gussanv.

520 5639 627 5677 non
659 5624 868 5676 videtur
899 5642 924 5676 a
957 5625 1153 5678 Mabill.
1208 5626 1530 5691 discrepare.

595 5703 616 5730 ε
664 5691 909 5761 Audeg.,
958 5695 1270 5762 frontispicii
1323 5696 1510 5763 gratia.
1571 5693 1781 5750 Gcmct.
1840 5710 1901 5751 ac
1959 5694 2099 5764 Big.,

2275 4539 2366 4592 26.
2401 4539 2509 4593 Nec
2539 4541 2706 4593 multo
2739 4547 2859 4610 post
2889 4555 2986 4609 pro
3016 4540 3287 4608 responsis
3319 4539 3693 4594 ecclesiasticis
3723 4539 3791 4595 ad

2204 4631 2390 4684 urbem
2420 4629 2942 4700 Constantinopolim
2982 4646 3012 4682 a
3052 4628 3267 4696 Pelagio
3298 4631 3523 4698 prtcsule
3550 4630 3791 4683 destina-

2207 4729 2313 4781 tur,
2337 4721 2423 4774 ubi
2440 4721 2683 4790 quamvis
2697 4721 2748 4773 in
2774 4729 2987 4774 terreno
3001 4729 3417 4773 conversaretur
3436 4721 3652 4789 palatio,
3670 4722 3792 4773 vita:

2204 4811 2440 4865 cwlcstis
2481 4827 2586 4864 non
2635 4812 2921 4865 intermisit
2951 4812 3304 4880 propositum.
3337 4810 3517 4865 Secuti
3563 4827 3792 4881 namque

2202 4908 2329 4954 sunt
2356 4915 2478 4954 eum
2527 4900 2676 4953 multi
2713 4916 2778 4954 ex
2810 4916 2909 4954 suo
2950 4900 3275 4954 monasterio
3304 4899 3512 4964 fratres,
3537 4915 3790 4968 germana

2203 4990 2434 5044 devincti
2455 4991 2733 5044 charitate.
2766 4989 2919 5055 Quod
2959 4990 3136 5044 divina
3167 4990 3364 5045 factum
3395 4991 3792 5046 disoensatioize

2207 5144 2391 5213 frontis
2418 5141 2852 5213 speciositUtic“
2889 5145 3074 5212 frontis
3102 5145 3344 5211 speciosa:
3372 5144 3575 5213 gentile.

2278 5210 2303 5248 ἀ
2332 5210 2533 5278 Andeg.
2569 5222 2623 5265 et
2664 5211 2803 5265 Utic.
2848 5210 2992 5276 A‘Ile;
3043 5210 3155 5266 laus
3198 5210 3386 5267 etenim'
3409 5212 3504 5266 Dei
3535 5212 3794 5267 Creatori:

2278 5292 2403 5332 ortet
2439 5282 2542 5332 illis
2587 5283 2641 5332 in
2675 5283 2904 5332 nui-tibus
2937 5284 3220 5332 decanturi.

2323 5292 2403 5332 ἰρι
2439 5284 2542 5334 illis
2587 5284 2641 5333 in
2674 5284 2904 5336 portibus
2937 5284 3220 5336 decanluri.

2207 5292 2403 5360 oportet
2439 5283 2542 5334 illis
2587 5283 2641 5333 in
2673 5283 2904 5350 portibus
2937 5284 3220 5336 decanturi.

2281 5362 2302 5387 ε
2337 5349 3045 5422 Big.,_Alloquuntur:Eia,
3085 5354 3384 5422 apostolica,
3428 5351 3551 5419 quid
3586 5351 3784 5422 fecisti!

2205 5430 2439 5472 sanctum
2474 5419 2700 5472 Petrum.

2282 5489 2299 5526 ί
2336 5489 2503 5560 Bigot.
2551 5491 2981 5559 superscribitur,
3013 5492 3068 5544 id
3089 5501 3164 5545 est
3191 5507 3438 5560 expenso.

2280 5568 2304 5605 κ
2327 5557 2455 5622 Qua:
2484 5559 2584 5614 hac
2611 5557 2916 5629 parenthesi
2936 5557 3525 5627 clauduntur'legimtur
3546 5561 3598 5614 in
3621 5558 3790 5612 omni-

2203 5628 2301 5681 bus
2332 5629 2516 5691 lﬂditis,
2543 5628 2679 5696 apud
2709 5629 2927 5683 Paulum
2972 5631 3262 5686 Diaconum
3292 5640 3341 5685 et
3374 5631 3557 5685 inuno
3587 5639 3789 5684 tantum

2205 5713 2272 5753 ex
2303 5699 2425 5754 Mss.
2472 5700 2694 5769 nostris,
2715 5698 2869 5757 Gelli.
2895 5716 2971 5757 sc.
