4018 6320
203 298 270 354 73

812 291 869 350 S.
908 287 1235 347 CllEGORll
1276 284 1485 341 MAGNI
1526 283 1704 348 VITA,
1748 279 1949 336 AUCT.
1988 278 2249 335 ευΑΝΝΕ
2290 276 2597 335 DIACONO.
2637 276 2766 332 LIB.
2806 275 2851 331 1.

3377 275 3444 327 7t

194 407 537 478 conspicitur.
569 411 628 458 ut
648 418 834 458 eorum
862 401 1109 455 videlicet
1131 398 1377 466 exemplo
1416 396 1483 449 ad
1504 396 1763 450 orationis
1791 396 1836 452 Α
1866 413 1976 453 sum
2004 398 2069 451 de
2091 396 2465 464 discipulorum
2492 393 2741 448 cordibus
2767 398 3094 446 amoveret.»
3122 388 3221 443 Cui
3241 389 3441 459 Grego~

192 496 456 567 placidum
497 495 642 547 littus
680 490 833 560 quasi
876 490 1121 544 anchora:
1163 488 1287 541 fune
1307 486 1688 553 stringeretur,
1720 492 1778 540 et

194 586 320 639 dum
364 597 641 638 causarum
681 579 1012 635 smcularium
1061 576 1385 632 continuatis
1426 573 1780 641 vertiginibus

195 675 501 738 ﬂuctuaret,
531 673 599 726 ad
627 673 838 727 illorum
860 670 1216 735 consortium,
1245 666 1388 720 velut
1428 665 1497 719 ad
1526 666 1779 719 tutissimi

194 776 378 836 portus
402 774 425 801 ι
453 765 661 829 sinum,
694 761 983 829 refugeret.
1018 759 1095 812 Ac
1121 759 1250 811 licet
1282 755 1411 808 illud
1455 768 1577 808 eum
1620 754 1779 807 mini-

193 855 408 907 sterium
438 868 467 905 a
508 851 837 906 monasterio
866 850 1195 903 abstractum
1224 860 1255 899 a
1290 843 1526 914 pristina:
1566 855 1780 912 quoque

191 943 384 1011 quietis
422 942 527 994 vita
576 955 834 994 mucrone
875 953 985 993 sua:
1026 933 1395 1004 occupationis
1423 934 1777 1000 exstinxerat,

191 1034 330 1088 inter
345 1048 438 1087 eos
462 1041 641 1087 tamen
663 1046 762 1101 per
789 1028 1046 1085 studiosa:
1065 1026 1315 1081 lectionis
1338 1023 1624 1091 alloquium
1644 1036 1780 1090 quo-

191 1122 402 1176 tidianm
424 1121 680 1189 aspiratio
702 1115 1129 1189 compunctionis
1149 1113 1415 1167 animabat
1430 1109 1580 1183 (Bed.
1603 1109 1692 1162 tib.
1716 1123 1776 1177 tt,

190 1228 237 1265 ε.
274 1212 327 1278 1,
358 1210 559 1264 Ilistor.
592 1209 798 1279 Angl.).

261 1302 350 1355 27.
384 1301 586 1355 Horum
610 1313 738 1367 ergo
766 1296 1042 1352 consortio
1069 1309 1174 1347 non
1196 1291 1365 1346 solum
1389 1304 1417 1342 a
1447 1288 1672 1343 terrenis
1696 1295 1779 1342 est

191 1392 427 1444 munitus
469 1389 803 1453 incursibus,
844 1400 1027 1440 verum
1067 1388 1226 1437 etiam
1277 1379 1342 1432 ad
1388 1379 1510 1431 vitae
1545 1375 1778 1431 caelestis

189 1480 448 1534 exercitia
479 1478 649 1546 magis
671 1476 944 1544 magisque
970 1484 1276 1526 succensus.
1324 1467 1455 1519 Nam
1485 1466 1551 1519 ab
1574 1464 1777 1522 eisdem

190 1569 451 1624 fratribus
512 1569 673 1622 enixe
720 1573 966 1632 rogatus,
1010 1561 1345 1625 maximeque
1385 1556 1410 1594 δ
1454 1571 1485 1609 a
1532 1555 1778 1610 Leandro

186 1658 500 1728 llispalensi
530 1658 804 1726 episcopo,
832 1668 921 1721 qui
951 1665 1047 1719 pro
1067 1648 1240 1702 causis
1262 1646 1669 1713 wisigotborum
1696 1645 1777 1699 le-

1874 487 1987 541 rius
2014 487 2148 541 dixit
2175 504 2186 539 :
2224 504 2242 537 (
2271 486 2397 538 Mira
2426 499 2513 538 res
2535 492 2616 539 est
2636 482 2791 536 valde
2820 496 2979 551 quam
3007 480 3219 545 astruis,
3246 488 3305 533 ut
3324 480 3448 534 inde

1878 577 2031 631 nobis
2076 576 2319 629 dubietas
2365 582 2547 641 surgat
2566 572 2706 625 unde
2735 570 3115 639 discipulorum
3146 568 3309 623 corda
3336 566 3453 621 fue—

1876 675 2002 721 runt
2030 682 2057 721 a
2079 666 2351 721 dubietate
2370 673 2581 719 sanata.
2612 662 2748 728 Quid
2775 663 2918 716 enim
2961 661 3195 715 deterius
3222 659 3325 715 dici
3350 675 3450 728 po-

1880 766 1983 812 test
2010 774 2171 827 quam
2198 765 2257 811 ut
2284 757 2389 810 hoc
2426 756 2581 810 nobis
2607 754 2673 808 de
2715 753 2830 820 ejus
2863 767 2991 806 vera
3037 766 3198 806 carne
3236 751 3452 805 dubium

1877 846 1989 910 fiat,
2021 863 2118 915 per
2138 848 2280 916 quod
2315 846 2559 912 discipuli
2588 845 2704 913 ejus
2725 845 2791 898 ad
2820 843 2973 896 fidem
3001 844 3068 897 ab
3095 843 3238 897 omni
3267 842 3455 897 dubie-

1877 945 1987 991 tate
2014 944 2139 991 sunt
2170 937 2445 1006 reparatit
2483 935 2539 990 Si
2570 937 2709 989 enim
2738 936 2844 989 hoc
2864 950 2970 988 non
2995 934 3243 988 habuisse
3265 933 3458 987 astrui-

1875 1032 1965 1080 tur
2008 1026 2151 1093 quod
2197 1025 2465 1088 ostendit,
2495 1025 2637 1078 unde
2666 1024 2799 1077 fides
2837 1023 3215 1092 discipulorum
3246 1023 3359 1090 ejus
3380 1031 3461 1076 est

1875 1114 2218 1178 conﬁrmata,
2251 1115 2375 1168 inde
2401 1123 2583 1168 nostra
2618 1114 2930 1168 destruitur.
2965 1133 2984 1164 ι
3014 1112 3306 1183 Eutychius
3338 1113 3413 1166 ait
3437 1130 3458 1165 τ

1885 1224 1904 1257 ι
1933 1205 2138 1275 Corpus
2178 1205 2445 1274 palpabile
2491 1203 2710 1270 habuit,
2741 1204 2885 1272 quod
2915 1204 3182 1267 ostendit;
3215 1204 3310 1258 sed
3340 1211 3463 1272 post

1876 1295 2188 1351 confirmata
2219 1295 2380 1350 corda
2420 1294 2747 1365 palpantium
2769 1335 2784 1358 ,
2814 1309 2974 1347 omne
3000 1293 3129 1346 illud
3155 1294 3207 1346 in
3235 1295 3462 1347 Domino

1877 1388 2020 1457 quod
2050 1388 2252 1457 palpari
2280 1388 2453 1456 potuit
2500 1388 2553 1441 in
2584 1387 2930 1440 subtilitatem
2977 1394 3061 1441 est
3104 1386 3334 1455 aliquam
3375 1401 3462 1440 re-

1878 1480 2111 1534 dactum.
2136 1499 2152 1529 ι
2172 1479 2250 1532 Ad
2276 1480 2386 1532 han
2401 1478 2689 1546 Gregorius
2703 1479 3007 1547 respondit:
3030 1497 3048 1528 ε
3065 1477 3331 1546 Scriptum
3346 1486 3458 1531 est:

1881 1570 2112 1623 Christus
2142 1586 2413 1639 resurgens
2457 1587 2489 1621 a
2518 1571 2758 1633 mortuis,
2779 1569 2891 1638 jam
2922 1586 3024 1623 non
3052 1570 3297 1634 moritur,
3323 1585 3460 1623 mors

1879 1660 1957 1713 illi
1989 1660 2125 1713 ultra
2155 1676 2257 1712 non
2288 1658 2633 1712 dominabitur
2663 1658 2840 1728 (Rom.
2866 1674 2937 1721 vt,
2970 1657 3047 1727 9).
3080 1657 3136 1711 Si
3175 1658 3299 1725 quid
3329 1671 3461 1725 ergo

187 1756 352 1814 gatus
398 1746 589 1801 eodem
659 1752 898 1810 tempore
953 1734 1472 1813 ConstantinOpolim
1526 1741 1785 1817 venerat,

1893 1748 1945 1803 in
1992 1748 2108 1816 ejus
2137 1764 2365 1817 corpore
2394 1756 2515 1816 post
2558 1748 3005 1801 resurrectionem
3048 1748 3222 1814 potuit
3267 1747 3462 1802 mutari

188 1834 503 1903 compulsus
530 1840 615 1886 est
634 1839 691 1885 ut
715 1830 907 1884 librum
930 1826 1072 1881 beati
1100 1824 1223 1891 Job,
1273 1824 1453 1878 multis
1480 1822 1777 1879 involutum

190 1921 478 1994 mysteriis,
503 1919 761 1975 enodaret
790 1916 981 1988 (Epist.
1006 1916 1062 1969 in
1092 1931 1271 1986 cmpos.
1304 1914 1363 1967 Β.
1385 1913 1508 1980 Job,
1540 1930 1655 1984 cap.
1700 1912 1775 1983 1).

194 2014 380 2083 Neque
400 2013 490 2067 ille
510 2025 709 2080 negare
737 2008 912 2080 potuit
938 2022 1076 2077 opus
1103 2006 1247 2075 quod
1282 2005 1384 2061 sibi
1409 2019 1563 2060 amor
1583 2003 1779 2059 frater-

195 2117 297 2156 nus
333 2100 513 2155 multis
550 2098 682 2153 utile
722 2094 1037 2165 imponebat
1080 2094 1350 2157 futurum,
1394 2091 1490 2146 sed
1531 2089 1779 2145 eumdem

197 2193 388 2248 librum
418 2188 690 2262 quomodo
721 2187 872 2257 juxta
902 2186 1137 2240 litteram
1166 2181 1562 2251 intelligendus,
1608 2179 1781 2249 quali-

128 2294 131 2295 '
197 2293 279 2340 ter
300 2282 365 2336 ad
386 2279 581 2336 Christi
605 2287 660 2334 et
687 2276 940 2333 Ecclesiae
960 2285 1293 2330 sacramenta
1315 2270 1643 2335 referendus,
1672 2284 1779 2340 quo

193 2390 358 2430 sensu
380 2373 665 2443 unicuique
696 2371 926 2426 ﬁdelium
948 2369 1019 2425 sit
1046 2366 1340 2437 aptandus,
1377 2376 1398 2404 ε
1426 2380 1524 2434 per
1550 2363 1780 2419 trifarias

196 2463 525 2532 intelligendi
568 2461 776 2532 species
817 2458 1055 2513 miranda
1099 2457 1311 2512 ratione
1349 2454 1627 2525 perdocuit
1674 2471 1687 2507 :
1725 2454 1780 2509 in

195 2558 389 2627 quibus
410 2565 583 2609 tamen
624 2555 698 2607 ita
737 2551 803 2607 de
836 2549 1119 2605 virtutibus
1145 2547 1395 2615 vitiisque
1415 2545 1692 2612 disseruit,
1723 2551 1784 2599 ut

199 2662 311 2701 non
344 2646 515 2701 solum
542 2643 786 2697 videatur
813 2639 1001 2695 eadem
1029 2636 1206 2692 verbis
1234 2649 1529 2705 exponere,
1552 2634 1645 2689 sed
1674 2633 1783 2687 loro

198 2737 302 2790 mis
329 2732 722 2804 quodammodo
748 2728 1041 2784 visibilibus
1062 2741 1158 2782 seu
1179 2723 1535 2796 palpabilibus
1564 2722 1785 2777 demon-

201 2837 391 2882 strare.
424 2822 574 2878 Unde
610 2837 716 2876 non
746 2826 828 2876 est
872 2818 1092 2873 dubium
1120 2814 1506 2885 perfectionem
1550 2814 1787 2882 ipsarum

200 2930 323 2971 eum
352 2919 694 2969 consecutum
721 2908 885 2964 fuisse
911 2908 1165 2963 virtutum
1182 2947 1197 2973 ,
1223 2920 1445 2975 quarum
1473 2912 1581 2959 tam
1603 2903 1787 2960 efliea-

201 3007 339 3061 aiter
366 3002 535 3057 valuit
562 3001 800 3055 indicare
825 2996 1119 3068 profectus.

1881 1846 2068 1891 contra
2088 1837 2379 1892 veridicam
2408 1836 2557 1891 Pauli
2606 1844 2957 1904 sententiam,
3004 1835 3261 1890 Dominus
3306 1836 3464 1891 rediit

1882 1927 1935 1981 in
1959 1935 2187 1982 mortem
2236 1936 2359 1996 post
2403 1926 2872 1981 resurrectionem.
2920 1925 3074 1992 Quod
3121 1927 3240 1994 quis
3281 1927 3463 1982 dicere

1879 2016 1965 2071 vel
1993 2016 2187 2070 stultus
2228 2021 2545 2084 praesumat,
2592 2014 2692 2068 nisi
2722 2014 2811 2082 qui
2838 2030 3018 2068 veram
3045 2014 3220 2070 carnis
3244 2014 3359 2083 ejus
3378 2030 3464 2069 reo

1879 2105 2265 2161 surrectionem
2285 2104 2550 2172 denegat?
2577 2123 2595 2157 ι
2626 2103 2776 2159 Tunc
2795 2103 3088 2175 Eutycbius
3126 2103 3341 2170 objecit,
3382 2103 3462 2158 di-

1879 2208 2037 2249 cens:
2060 2210 2078 2244 (
2101 2191 2234 2247 Cum
2262 2193 2521 2262 scriptum
2544 2194 2642 2248 sit:
2660 2192 2794 2246 Caro
2822 2202 2872 2247 et
2890 2196 3103 2263 sanguis
3124 2210 3337 2263 regnum
3364 2193 3462 2248 Dei

1879 2283 2141 2354 possidere
2190 2298 2294 2336 non
2343 2289 2557 2353 possunt
2598 2281 2652 2353 (Ι
2682 2281 2801 2336 Car.
2834 2299 2922 2347 xv,
2969 2281 3209 2352 50),qua
3254 2284 3463 2338 ratione

1879 2372 2204 2428 credendum
2257 2380 2341 2427 est
2384 2386 2665 2441 resurgere
2714 2373 2978 2427 veraciter
3009 2373 3271 2426 carnem?
3309 2391 3327 2423 ι
3363 2372 3461 2426 Cui

1883 2462 2168 2532 Gregorius
2196 2461 2474 2531 respondit
2505 2478 2518 2513 :
2558 2480 2577 2512 ι
2608 2461 2665 2514 ln
2695 2476 2848 2515 sacro
2880 2462 3092 2530 eloquio
3139 2462 3295 2514 aliter
3334 2476 3463 2515 caro

1880 2554 2073 2609 dicitur
2094 2553 2247 2621 juxta
2277 2560 2541 2617 naturam,
2566 2560 2725 2620 atque
2754 2552 3074 2620 aliterjuxta
3106 2553 3337 2620 culpam,
3379 2552 3463 2605 vel

1883 2642 2304 2711 corruptionem.
2332 2640 2473 2696 Caro
2519 2642 2721 2713 quippe
2768 2641 2961 2696 dicitur
2994 2642 3147 2710 juxta
3195 2650 3464 2706 naturam,

1883 2734 2020 2789 sicut
2044 2735 2301 2804 scriptum
2333 2743 2454 2789 est:
2486 2734 2601 2787 Hoc
2622 2751 2757 2786 nunc
2778 2751 2834 2788 os
2858 2750 2923 2787 ea:
2964 2733 3161 2788 ossibus
3205 2732 3332 2785 meis
3353 2767 3368 2793 ,
3418 2738 3466 2783 et

1886 2841 2005 2880 caro
2036 2825 2100 2878 de
2127 2841 2280 2878 carne
2315 2841 2431 2878 mea
2484 2823 2635 2893 (Gen.
2681 2839 2754 2889 ιι,
2807 2823 2917 2891 εξ).
2950 2822 3015 2876 Et
3038 2842 3051 2875 :
3071 2822 3318 2885 _Verbum
3345 2836 3467 2877 caro

1888 2916 2079 2985 factum
2116 2923 2221 2977 est,
2253 2922 2303 2965 et
2332 2912 2578 2965 habitavit
2627 2912 2680 2964 in
2726 2910 2871 2965 nobis
2895 2910 3073 2982 (Joau.
3115 2929 3151 2977 ι,
3185 2912 3305 2983 14).
3332 2914 3470 2970 Caro

1887 3018 2015 3059 vero
2032 3004 2182 3072 juxta
2211 3003 2455 3072 culpam,
2479 3003 2615 3058 sicut
2655 3002 2913 3070 scriptum
2942 3009 3026 3055 est
3060 3019 3073 3053 :
3105 3000 3227 3056 Non
3268 3020 3471 3073 perma-

270 3097 363 3151 28.
394 3094 659 3148 Praeterea
688 3088 1008 3145 venerabilis
1029 3087 1189 3142 levita
1216 3084 1505 3154 Gregorius
1526 3085 1578 3137 in
1597 3084 1783 3139 eadem

1893 3096 2023 3149 nebit
2052 3095 2262 3164 spiritus
2289 3110 2430 3147 meus
2460 3094 2515 3146 in
2557 3092 2847 3146 hominibus
2891 3092 3034 3157 istis,
3073 3108 3133 3146 eo
3166 3094 3301 3163 quod
3353 3101 3472 3146 sunt

206 3187 338 3242 urbe
378 3186 525 3253 regia
565 3182 916 3241 constitutus,
965 3185 1272 3233 nascentem
1311 3190 1500 3229 novam
1544 3174 1785 3228 hzcresim

196 3279 269 3334 de
287 3282 432 3330 statu
460 3280 657 3327 nostrae
683 3268 1091 3324 resurrectionis
1114 3282 1234 3321 cum
1263 3265 1379 3335 ipso
1409 3280 1514 3334 quo
1545 3273 1662 3319 orta
1707 3270 1789 3319 est

205 3365 383 3423 initio.
421 3360 447 3399 ἀ
486 3362 710 3431 juvante
755 3358 928 3426 gratia
957 3355 1233 3411 catholica:
1279 3354 1549 3419 veritatis,
1590 3353 1791 3407 attrivit

206 3452 347 3525 (Lib.
402 3468 486 3505 xtv
515 3450 653 3504 Mar.
680 3466 733 3501 η.
766 3446 833 3500 72
855 3456 902 3499 et
927 3462 1034 3515 seq.
1071 3444 1214 3498 Beda
1241 3442 1329 3497 lib.
1355 3459 1390 3509 ι,
1416 3460 1461 3497 c.
1504 3442 1554 3508 1,
1585 3442 1787 3497 llistor.

208 3542 456 3613 Anglia).
506 3537 783 3607 Siquidem
827 3546 851 3575 ο
898 3533 1222 3604 Eutychius,
1273 3532 1512 3602 ejusdem
1561 3532 1792 3587 civitatis

208 3634 489 3703 episcopus
509 3668 524 3693 ,
576 3628 713 3683 libro
742 3626 808 3681 de
854 3624 1268 3680 Resurrectione
1297 3631 1627 3677 mortuorum
1657 3637 1789 3676 con-

208 3722 349 3776 fecto
369 3761 383 3785 ,
414 3716 811 3787 dogmatizabat
838 3730 1033 3784 corpus
1074 3722 1316 3771 nostrum
1351 3714 1405 3767 in
1434 3712 1523 3766 illa
1551 3728 1792 3766 resurre-

208 3810 406 3866 ctionis
433 3808 603 3877 gloria
650 3804 1027 3876 impalpabile,
1074 3803 1249 3858 ventis
1277 3816 1509 3869 aereque
1551 3801 1795 3855 subtilius

212 3921 335 3961 esse
373 3905 628 3958 futurum.
677 3898 830 3967 Quod
876 3897 1167 3965 Gregorius
1214 3895 1466 3960 audiens,
1511 3903 1565 3948 et
1592 3894 1798 3948 ratione

213 3994 480 4060 veritatis,
508 4000 562 4047 et
586 3990 833 4059 exemplo
862 3986 1143 4043 dominica:
1173 3984 1578 4040 resurrectionis
1606 3984 1801 4053 proba-

214 4084 290 4137 vit
330 4083 440 4137 hoc
467 4081 658 4148 dogma
680 4078 993 4133 orthodoxae
1019 4076 1141 4130 lidei
1175 4074 1484 4130 omnimodo
1523 4090 1641 4129 esse
1669 4090 1800 4130 con-

216 4174 463 4229 trarium.
494 4169 770 4225 Catholica
804 4169 1003 4223 etenim
1034 4167 1165 4222 lides
1216 4167 1379 4220 habet
1419 4164 1562 4234 quod
1608 4181 1805 4234 corpus

215 4273 462 4320 nostrum
515 4262 568 4315 in
619 4262 708 4315 illa
750 4259 1163 4313 immortalitatis
1214 4258 1385 4325 gloria
1436 4258 1803 4325 sublimatum,

216 4355 417 4413 subtile
441 4351 659 4422 quidem
687 4351 757 4411 sit
780 4366 874 4421 per
910 4350 1157 4405 ellectum
1205 4349 1498 4419 spiritualis
1527 4350 1806 4417 potentiae,

218 4446 318 4503 sed
339 4444 607 4514 palpabile
652 4456 750 4511 per
774 4442 1051 4495 veritatem
1079 4447 1300 4504 naturtn,
1327 4439 1477 4508 juxta
1506 4440 1805 4509 exemplum

223 4535 478 4591 dominici
509 4532 773 4602 corporis,
803 4531 869 4585 de
896 4547 1003 4601 quo
1033 4546 1063 4584 a
1093 4528 1318 4585 mbrtuis
1340 4530 1654 4585 resuscitato
1683 4531 1811 4586 dicit

225 4626 341 4695 ipse
369 4624 678 4692 discipulis:
706 4622 924 4691 Palpate
940 4630 987 4674 et
1008 4621 1191 4683 videte,
1223 4621 1341 4691 quia
1369 4622 1578 4691 spiritus
1604 4637 1811 4676 carnem

224 4726 276 4771 et
302 4732 422 4770 ossa
443 4732 545 4768 non
575 4713 747 4778 habet,
787 4714 918 4766 sicut
946 4729 1024 4765 me
1049 4712 1225 4765 videtis
1257 4711 1443 4765 habere
1472 4711 1621 4781 (Luc.
1665 4728 1811 4778 XXIV,

226 4806 343 4871 39).
377 4807 618 4874 Cumque
646 4806 750 4858 hoc
779 4805 883 4874 32
914 4804 1235 4871 evangelica)
1287 4804 1528 4857 veritatis
1568 4804 1812 4857 testimo-

230 4897 699 4966 uiutnﬂrt-gnrius
728 4896 1052 4964 protulisset,
1097 4894 1385 4963 Eutychius
1406 4895 1480 4947 ait
1510 4912 1522 4946 :
1563 4913 1579 4945 ι
1613 4894 1814 4949 idcirco

229 4992 338 5044 hoc
382 4988 637 5039 Dominus
665 4986 819 5043 fecit.
875 4996 930 5038 ut
983 4986 1368 5037 dubitationem
1416 4986 1823 5040 resurrectionis

306 5130 330 5154 ει
364 5119 417 5170 lu
445 5118 689 5169 ouinilms
720 5116 842 5169 Mss.
878 5116 1092 5179 nostris,
1125 5126 1299 5183 portus
1325 5115 1579 5169 volumina
1617 5117 1822 5170 littora-

282 5206 330 5241 te
362 5190 637 5257 refugeret.
665 5190 793 5250 Quae
844 5186 1152 5257 ctiamsuis
1191 5186 1241 5237 in
1284 5184 1416 5257 Mss.
1456 5187 1584 5253 legit
1622 5186 1822 5241 Mabill.

282 5207 330 5241 te
362 5207 637 5257 relugeret.
665 5207 793 5250 qua:
844 5207 1004 5238 cuum
1043 5207 1152 5238 δυιδ
1191 5207 1241 5237 ΙΙΙ
1284 5207 1411 5237 11155.
1456 5207 1584 5253 leg"
1622 5207 1822 5241 mnum.

229 5207 424 5311 ratio
465 5264 648 5309 nostra
694 5270 812 5322 qua:
842 5263 921 5308 est
956 5252 1233 5307 Editorum
1277 5255 1542 5320 omnium,
1574 5258 1823 5310 convenit

233 5343 357 5380 cum
387 5326 614 5393 epistola
638 5325 806 5378 sancti
829 5322 1073 5392 Gregorii
1102 5324 1167 5377 ad
1201 5322 1517 5386 Leandrum,
1545 5325 1683 5378 unde
1712 5326 1826 5381 lucc

238 5404 627 5462 transsumpta.

310 5465 336 5501 ι»
370 5464 445 5518 De
476 5462 721 5517 Leandro
768 5465 990 5516 consule
1018 5477 1137 5531 qua:
1176 5463 1406 5516 diximus
1446 5462 1513 5516 ad
1542 5463 1825 5532 epistolam

241 5532 532 5586 Iloralibus
563 5532 910 5601 pncmissam.

317 5614 337 5639 ε
371 5600 597 5672 Turon..
625 5618 728 5672 per_
745 5602 953 5671 triginta
982 5618 1200 5672 qumque
1222 5600 1338 5654 libr.
1361 5602 1576 5666 seriem;
1630 5616 1747 5670 qua:
1771 5602 1826 5657 in

247 5672 419 5736 Bignt.
446 5671 514 5723 ad
566 5670 857 5735 marginem
888 5670 1009 5724 sunt
1041 5670 1253 5738 rejecta.

320 5739 564 5794 ‘Excusi
606 5741 803 5806 quique
851 5756 969 5792 cum
1002 5740 1124 5796 Mss.
1162 5740 1349 5809 ουκ»,
1400 5738 1613 5808 juvaute
1657 5744 1828 5813 gratia

494 5835 765 5900 l’Al‘twL.
817 5833 921 5891 LX
939 5833 984 5891 Χ
998 5833 1059 5891 Υ.

1888 3200 2009 3237 caro
2037 3180 2243 3252 (Cenes.
2272 3197 2341 3244 γι,
2374 3180 2453 3249 5).
2476 3178 2544 3233 Ει
2569 3181 2708 3234 sicut
2736 3178 3016 3233 Psalmista
3059 3181 3134 3234 ait
3166 3198 3178 3232 :
3213 3181 3472 3234 Memora-

1891 3280 1969 3325 tus
1988 3270 2206 3340 estquia
2252 3285 2374 3323 caro
2416 3276 2535 3321 sunt
2574 3285 2593 3321 :
2638 3270 2847 3338 spiritus
2888 3269 3111 3335 vadens,
3158 3277 3207 3322 et
3250 3286 3352 3323 non
3392 3287 3474 3323 re-

1889 3365 2033 3417 diens
2066 3362 2237 3433 (Psal.
2263 3377 2475 3425 Lxxvu,
2506 3359 2620 3419 59).
2655 3358 2806 3416 Unde
2849 3369 2903 3414 et
2941 3361 3230 3430 discipulus
3278 3361 3474 3417 Paulus

1890 3453 2138 3508 dicebat:
2185 3452 2285 3505 Vos
2315 3460 2483 3503 autem
2505 3451 2558 3503 in
2586 3467 2743 3504 carne
2771 3468 2873 3505 non
2903 3453 3046 3510 estis,
3079 3453 3166 3505 sed
3192 3453 3245 3505 iu
3288 3454 3473 3522 spiritu

1893 3543 2069 3614 (Rom.
2103 3560 2213 3609 vm,
2237 3542 2320 3611 9);
2354 3557 2530 3612 neque
2560 3542 2699 3596 enim
2729 3543 2781 3595 in
2823 3557 2985 3597 carne
3013 3559 3119 3598 non
3156 3553 3311 3598 erant
3354 3545 3474 3612 qni-

1894 3636 1991 3690 bus
2015 3636 2272 3705 epist-las
2313 3635 2737 3698 transmittebat;
2767 3633 2861 3687 sed
2890 3635 3011 3702 quia
3053 3636 3328 3704 passiones
3355 3649 3476 3688 car-

1894 3727 2092 3781 nalium
2124 3724 2513 3779 desideriorum
2542 3724 2802 3790 vicerant,
2829 3723 2938 3791 jam
2990 3723 3139 3777 liberi
3187 3740 3282 3792 per
3313 3724 3477 3776 virtu-

1899 3822 2004 3869 tem
2035 3815 2252 3882 spiritus
2280 3814 2334 3868 in
2363 3827 2527 3867 carne
2561 3828 2671 3866 non
2710 3819 2883 3865 erant.
2916 3811 3069 3876 Quod
3117 3826 3245 3879 ergo
3286 3812 3481 3867 Paulus

1900 3905 2173 3973 apostolus
2216 3903 2387 3957 dicit:
2425 3900 2559 3965 Quia
2606 3918 2729 3955 caro
2775 3910 2823 3954 et
2865 3903 3079 3971 sanguis
3124 3920 3336 3973 regnum
3386 3901 3481 3956 Dei

1901 3994 2160 4063 possidere
2188 3994 2525 4063 uon'possunt
2555 3991 2609 4063 (Ι
2635 3991 2754 4046 Cor.
2782 4009 2867 4055 xv,
2900 3992 2988 4059 50)
3009 4034 3023 4059 ,
3047 4008 3260 4047 carnem
3291 4008 3481 4047 secun-

1903 4085 2030 4140 dum
2061 4084 2268 4152 culpam
2319 4082 2538 4151 intelligi
2578 4082 2773 4149 voluit,
2804 4098 2909 4137 non
2938 4098 3154 4138 carnem
3192 4082 3483 4138 secundum

1907 4184 2170 4230 naturam.
2208 4174 2357 4230 Unde
2385 4183 2440 4229 et
2467 4190 2591 4229 mox
2636 4176 2757 4244 quia
2800 4191 3015 4230 carnem
3046 4177 3338 4231 secundum
3372 4177 3485 4232 cul-

1907 4282 2031 4336 pam
2072 4265 2304 4330 diceret,
2346 4264 2608 4327 ostendit,
2654 4265 2887 4318 subdens
2933 4283 2945 4316 :
2998 4263 3176 4336 Neque
3226 4268 3485 4334 corruptio

1908 4357 2309 4426 incarruptelam
2338 4355 2633 4426 possidebit.
2678 4355 2734 4409 In
2780 4356 2869 4409 illa
2911 4370 3042 4425 ergo
3072 4356 3274 4411 caelesti
3320 4357 3487 4424 gloria

1912 4467 2038 4506 caro
2058 4450 2348 4506 secundum
2377 4456 2621 4502 naturam
2645 4449 2765 4513 erit,
2795 4448 2887 4503 sed
2917 4448 3205 4503 secundum
3231 4450 3492 4518 passionis

1912 4542 2177 4598 desideria
2216 4557 2324 4595 non
2366 4540 2502 4605 erit,
2545 4541 2669 4609 quia
2712 4540 2921 4601 devicto
2960 4542 3148 4595 mortis
3194 4541 3408 4604 aculeo,
3441 4541 3490 4597 in

1913 4642 2114 4689 :cterna
2137 4632 2539 4701 incormptione
2567 4632 2827 4698 regnabit.
2862 4651 2880 4682 ι
2916 4629 3118 4696 Quibus
3147 4631 3356 4693 auditis,
3389 4628 3492 4683 Eu.

1915 4725 2125 4796 tychius
2153 4722 2456 4779 consentire
2482 4738 2540 4776 se
2567 4722 2811 4792 protinus
2852 4722 3152 4791 respondit;
3194 4721 3289 4775 sed
3317 4730 3494 4775 tamen

1916 4816 2091 4868 adhuc
2120 4830 2314 4883 corpus
2354 4814 2619 4883 palpabile
2649 4828 2925 4882 resurgere
2956 4830 3114 4883 posse
3160 4811 3493 4878 denegabat:

1917 4906 2007 4974 qui
2033 4906 2193 4959 etiam
2226 4906 2277 4959 in
2300 4904 2478 4958 libello
2504 4919 2661 4973 quem
2685 4904 2750 4959 de
2773 4906 3166 4959 resurrectione
3188 4906 3497 4972 scripserat,

1924 4994 2073 5049 Pauli
2117 5009 2330 5062 quoque
2376 4995 2736 5049 testimonium
2784 4994 3077 5057 indiderat,
3127 4993 3391 5046 dicentis:
3426 4992 3498 5046 Tu

1923 5128 2086 5183 nostri
2120 5126 2491 5195 Redemptoris.
2520 5125 2674 5197 Apud
2704 5126 2904 5181 Mahill.
2937 5134 2991 5180 et
3016 5123 3198 5191 Guss.,
3225 5124 3498 5189 mendose,

1926 5198 2174 5261 attribuit,
2204 5213 2300 5264 pro
2327 5196 2537 5249 attriuit.

2001 5277 2022 5303 ι’
2050 5266 2250 5320 Eodem
2298 5282 2434 5333 pene
2479 5281 2664 5321 errore
2712 5267 2989 5321 laborabat
3038 5266 3251 5333 quidam
3308 5264 3501 5318 llierax

1926 5334 2767 5406 pseudomonachus._Nimirum,
2800 5338 2844 5387 is
2873 5336 3085 5387 docebat
3129 5338 3261 5388 hanc
3298 5350 3502 5387 carnem

1926 5404 2029 5483 itan
2057 5420 2349 5483 resurgere,
2379 5404 2468 5456 sed
2495 5421 2586 5482 pro
2608 5407 2898 5483 eanutium;
2948 5415 2995 5483 et
3037 5406 3184 5483 hunc.
3222 5407 3275 5457 iu
3316 5414 3503 5483 terram

1928 5474 2167 5536 dissolvi,
2202 5472 2370 5542 inquit
2396 5472 2637 5542 scriptor
2665 5472 2995 5542 VnucAsancti
3037 5472 3225 5542 Epiph.
3247 5513 3260 5537 ,
3288 5473 3505 5542 ejusque

1926 5542 2234 5616 discipulus,
2266 5539 2431 5616 cjusd.
2467 5540 2599 5616 Vita:
2629 5540 2885 5616 1111111127.
2918 5539 3352 5616 [iuno—repressit
3379 5541 3507 5616 Epi-

1928 5613 2155 5681 phanius
2186 5618 2295 5662 tum
2328 5609 2583 5681 miraculo
2613 5616 2722 5662 tum
2748 5609 3053 5666 doctissima
3084 5609 3175 5667 ex'
3198 5612 3365 5668 sacris
3393 5610 3507 5665 Lit-

1930 5678 2060 5736 icris
2102 5678 2495 5734 dissertatione.

3044 5835 3084 5896 3
