4018 6398
459 335 539 385 .73

479 519 599 612 quia
636 551 738 591 non
761 551 944 606 corpus
974 535 1108 604 quod
1131 536 1357 604 futurum
1379 537 1453 582 est
1481 527 1724 587 seminus,
1759 520 1848 574 sed
1877 519 2071 572 nudum

406 677 411 683 .
480 606 699 701 primum
728 623 780 694 (1
808 623 926 678 Cor.
963 639 1050 689 xv,
1085 622 1196 691 56).
1243 619 1354 673 Hoc
1382 615 1629 670 nimirum
1669 609 1955 667 ostendere
1997 606 2074 661 fe-

483 721 690 775 stinans
712 757 726 782 ,
755 717 878 786 quia
921 730 1047 768 caro
1090 713 1174 766 vel
1208 709 1518 780 palpabilis,
1552 706 1633 760 vel
1672 706 1783 774 ipsa
1814 718 1921 756 non
1951 701 2072 762 erit,

483 811 608 866 dum
631 814 844 862 sanctus
866 803 1153 873 Apostolus
1174 801 1240 855 de
1262 795 1674 853 resurrectionis
1696 808 1858 860 agens
1884 791 2072 860 gloria,

486 917 592 955 non
619 913 816 967 corpus
844 894 985 964 quod
1015 893 1251 946 futurum
1282 900 1363 944 est
1411 887 1665 942 seminari
1706 883 1931 947 dixerit,
1984 879 2077 935 sed

487 990 686 1046 nudum
724 998 970 1054 granum.
1003 981 1111 1037 Sed
1152 981 1217 1035 ad
1263 981 1377 1034 haec
1415 976 1706 1044 Gregorius
1753 969 2030 1041 respondit
2061 986 2074 1022 :

493 1099 511 1131 ι
541 1079 735 1131 Paulus
761 1074 1036 1144 apostolus
1056 1073 1239 1128 dicens
1265 1091 1278 1124 :
1301 1072 1406 1140 33
1434 1068 1557 1122 Non
1600 1082 1784 1136 corpus
1811 1061 1946 1134 quod
1994 1063 2077 1132 {u-

487 1176 658 1222 turum
704 1174 781 1219 est
817 1165 1041 1219 seminus
1060 1201 1074 1224 ,
1108 1162 1196 1216 sed
1221 1160 1412 1214 nudum
1438 1172 1676 1228 granum,
1706 1155 1809 1207 hoc
1850 1151 2084 1205 insinuat

487 1257 634 1328 quod
662 1255 927 1319 videmus,
959 1253 1085 1320 quia
1115 1250 1363 1304 videlicet
1398 1261 1626 1316 granum
1655 1259 1774 1297 cum
1821 1241 1998 1296 culmo
2027 1245 2083 1292 et

497 1347 637 1403 loliis
667 1345 935 1411 nascitur,
965 1341 1109 1412 quod
1133 1341 1248 1394 sine
1293 1339 1469 1394 culmo
1507 1345 1563 1392 et
1593 1335 1733 1409 foliis
1762 1333 2079 1388 seminatur.

491 1438 590 1493 Ille
629 1438 813 1504 itaque
855 1435 908 1488 in
957 1439 1248 1501 augmento
1290 1431 1473 1499 glorise
1518 1425 1928 1484 resurrectionis
1977 1439 2086 1478 non

496 1530 634 1585 dixit
664 1541 832 1596 grano
875 1524 1096 1578 seminis
1142 1523 1329 1576 deesse
1352 1519 1495 1589 quod
1551 1526 1698 1584 erat,
1747 1516 1841 1570 sed
1899 1515 2088 1568 adesse

497 1616 645 1687 quod
676 1631 784 1668 non
811 1620 943 1666 erat.
971 1611 1049 1664 Tu
1082 1619 1258 1664 autem
1304 1608 1430 1662 dum
1468 1621 1654 1659 verum
1682 1619 1880 1673 corpus
1910 1617 2089 1656 resur-

499 1720 626 1774 gere
655 1704 908 1769 denegas,
949 1713 1282 1766 nequaquam
1315 1697 1446 1751 dicis
1475 1696 1664 1750 adesse
1710 1694 1854 1765 quod
1882 1694 2088 1761 deerat,

422 1818 425 1820 ·
501 1795 594 1849 sed
622 1794 810 1847 deesse
839 1790 983 1859 quod
1011 1796 1144 1843 erat.
1176 1807 1193 1838 ι

571 1882 660 1937 29.
701 1883 848 1935 Tunc
877 1882 1056 1947 itaque
1104 1877 1393 1947 Gregorius
1440 1877 1714 1932 Romanus
1743 1875 2004 1930 diaconus
2033 1880 2088 1928 et

505 1973 798 2044 Eutycliius
825 1969 1455 2037 Constantinopolitanus
1485 1968 1786 2036 episcopus,
1813 1967 1912 2019 hac
1939 1965 2005 2018 de
2029 1977 2089 2018 re

505 2065 556 2117 in
587 2063 800 2131 longam
831 2060 1231 2115 contentionem
1259 2057 1522 2128 perducti,
1565 2056 1877 2126 gravissima
1907 2068 2089 2123 coepe-

507 2161 633 2206 runt
678 2153 745 2205 ab
793 2151 1020 2204 invicem
1057 2149 1479 2231 “‘simultatione
1527 2147 1754 2201 resilire.
1808 2144 1942 2199 Tum
1991 2144 2093 2214 pice

509 2241 782 2295 memorize
813 2239 1056 2293 Tiberius
1077 2238 1510 2294 b‘Constautinus
1541 2238 1852 2307 imperator,
1882 2243 2094 2290 secreto

511 2340 796 2398 utrumque
824 2329 1138 2397 suscipiens,
1169 2328 1297 2397 quid
1328 2329 1468 2382 inter
1490 2342 1582 2381 eos
1609 2325 1886 2381 discordia:
1917 2339 2097 2379 versa-

513 2433 661 2478 retur
682 2422 915 2490 agnovit,
944 2429 996 2475 et
1024 2422 1301 2490 utriusque
1330 2419 1497 2489 partis
1525 2417 1904 2488 allegationem
1930 2415 2096 2470 subti-

515 2515 637 2568 liter
667 2527 895 2582 pensans
919 2553 933 2576 ,
983 2512 1232 2567 eumdem
1264 2511 1456 2565 librum
1504 2522 1663 2579 quem
1710 2509 2003 2580 Eutychius
2031 2508 2100 2564 de

516 2602 909 2657 resurrectione
937 2602 1331 2671 conscripserat
1371 2601 1483 2658 suis
1520 2616 1736 2672 quoque
1767 2611 1789 2640 ο
1819 2601 2098 2671 allegatio-

517 2695 671 2748 nibus
712 2695 1015 2761 destruens,
1059 2692 1377 2747 deliberavit
1404 2700 1464 2746 ut
1491 2689 1718 2746 flammis
1747 2695 1974 2748 cremari
2003 2693 2100 2748 de—

517 2787 739 2840 buisset.
773 2787 815 2837 A
843 2800 952 2855 quo
982 2783 1229 2840 videlicet
1257 2782 1494 2852 piissimo
1523 2783 1848 2852 imperatore
1868 2792 1926 2838 ut
1946 2781 2103 2837 simul

516 2879 716 2948 egressi
739 2887 882 2942 sunt,
907 2885 1030 2948 post
1051 2876 1372 2946 longissime
1400 2875 1777 2946 disputationis
1797 2874 2105 2933 conflictum

517 2972 720 3043 pariter
747 2976 1070 3038 mgrotantes
1098 2968 1152 3021 in
1182 2966 1438 3023 lectulum
1467 2966 1800 3023 deciderunt.
1829 3026 1837 3032 ,

587 3061 673 3114 50.
717 3059 849 3114 Cum
899 3072 1025 3125 ergo
1070 3055 1361 3125 Gregorius
1404 3056 1744 3112 validissimis
1773 3056 2008 3111 febribus
2035 3070 2108 3109 ee-

1089 307 1176 380 s.
1218 318 1540 378 enicoonu
1584 317 1794 372 MAG-Nl
1837 316 2010 379 \‘lTA,
2058 313 2255 368 AUC'I‘.
2294 311 2552 368 IOANNE
2594 301 2901 361 oneum.
2946 302 3069 355 Lis.
3106 303 3141 356 ι.
3743 293 3819 346 7G

475 448 614 522 quod
641 435 862 498 seminus
879 437 985 495 non
1014 439 1374 509 viviﬁcabitur,
1407 434 1508 488 nisi
1538 433 1680 501 prius
1706 430 1991 490 moriatur;
2027 435 2076 478 et
2108 429 2161 486 Α

2259 423 2344 476 52.
2396 442 2412 473 ι
2444 420 2688 488 Pelagius
2717 418 3000 486 ρρῑδεοριιε
3030 415 3224 469 dilecto
3255 413 3362 467 lilio
3392 408 3673 478 Gregorio
3710 423 3820 464 τος

2175 513 2401 568 nerabili
2467 512 2716 565 diacono.
2775 507 2966 562 Omnia
3021 505 3238 574 quidem
3295 519 3415 574 qua:
3470 499 3816 558 necessaria

2176 603 2412 667 fuerunt,
2446 617 2541 670 per
2568 599 2900 654 Honoratum
2933 597 3202 651 notarium
3233 595 3326 648 tibi
3355 605 3686 649 curavnnus
3720 589 3812 645 iu-

2175 695 2357 748 dicare
2385 707 2578 762 :quem
2628 708 2748 746 cum
2796 689 2959 743 fratre
2998 697 3053 743 et
3097 687 3418 756 coepiscopo
3445 684 3807 740 Sebastiano

2178 786 2246 838 ad
2277 783 2622 838 dilectionem
2652 790 2795 835 tuam
2827 779 3141 846 direximus,
3178 787 3236 832 ut
3265 779 3388 848 quia
3420 777 3524 830 illis
3554 778 3608 830 in
3652 788 3810 844 par-

2179 875 2322 929 tibus
2370 873 2434 928 ad
2480 873 2789 926 Ravennam
2840 886 3007 940 usque
3056 886 3198 924 nunc
3237 884 3357 923 cum
3387 868 3504 922 viro
3535 867 3812 935 glorioso

2179 965 2376 1019 domno
2425 964 2589 1018 Decio
2636 963 2862 1034 patricio
2900 961 3020 1029 fuit,
3069 962 3183 1031 ipse
3213 975 3305 1014 sua
3336 959 3599 1012 relatione
3634 966 3701 1010 te
3735 971 3812 1009 ex

2182 1055 2427 1110 omnibus
2465 1053 2681 1108 studeat
2727 1051 3058 1116 informare;
3109 1049 3195 1104 vel
3237 1049 3281 1103 si
3321 1063 3425 1115 qua
3469 1045 3813 1101 necessaria

2177 1148 2587 1216 judicaveritis,
2638 1146 2809 1216 possit
2857 1145 3054 1199 domno
3103 1141 3415 1211 imperat-iri
3462 1152 3812 1209 suggerere.

2185 1237 2321 1302 Quia
2362 1242 2520 1288 tantae
2550 1233 2884 1289 calamitates
2914 1247 2978 1287 ac
3009 1231 3378 1286 tribulationcs
3409 1230 3562 1286 nobis
3590 1245 3623 1284 a
3663 1243 3815 1300 per-

2186 1329 2310 1382 ﬁdia
2342 1325 2816 1394 Langobaidorum
2848 1323 3007 1376 illata:
3034 1331 3178 1388 sunt,
3227 1330 3416 1376 contra
3445 1335 3606 1375 suum
3661 1332 3816 1388 pro-

2183 1420 2358 1490 prium
2382 1416 2753 1486 jusjurandum
2778 1453 2794 1479 ,
2836 1422 2895 1468 ut
2925 1414 3102 1468 nullus
3130 1412 3300 1482 possit
3329 1411 3396 1464 ad
3424 1408 3806 1465 referendum

2188 1512 2458 1567 sufficere.
2486 1509 2800 1563 Praedictum
2823 1515 3000 1562 autem
3025 1507 3244 1560 fratrem
3267 1506 3491 1560 Sebasti.
3518 1520 3655 1558 num
3685 1518 3815 1570 quo

2190 1604 2352 1658 modo
2383 1603 2800 1672 susceperimus,
2825 1601 2910 1656 vel
2939 1601 2992 1654 in
3023 1600 3164 1668 quali
3191 1599 3332 1669 apud
3360 1614 3478 1663 nos,
3513 1606 3566 1652 te
3589 1609 3812 1664 sugge~

2193 1703 2346 1751 rente
2370 1733 2385 1760 ,
2437 1695 2600 1749 fuerit
2628 1693 2892 1748 cbaritate
2915 1732 2929 1756 ,
2973 1691 3138 1761 ipsius
3165 1689 3368 1760 poteris
3395 1688 3664 1743 relatione
3702 1702 3813 1741 co-

2122 1791 2166 1849 B
2193 1800 2473 1856 gnoscere.
2501 1783 2603 1850 Qui
2631 1784 2794 1838 etiam
2820 1781 2928 1852 34
2955 1779 3204 1850 promisit
3225 1779 3382 1837 nobis
3429 1777 3812 1833 necessitates

2189 1882 2270 1936 vel
2301 1879 2539 1950 pericula
2571 1880 2734 1934 totius
2761 1876 2926 1930 Italia:
2959 1873 3196 1944 piissimo
3232 1871 3428 1926 domno
3458 1868 3806 1940 imperatori

2188 1986 2494 2041 suggerere.
2529 1967 2827 2038 Loquimini
2859 1980 2987 2035 ergo
3017 1973 3072 2020 et
3098 1961 3328 2018 tracta'ie
3370 1962 3571 2031 pariter
3593 2001 3608 2026 ,
3675 1973 3811 2028 quo

2192 2063 2354 2120 modo
2395 2062 2592 2117 nostris
2630 2059 2846 2130 possitis
2883 2058 3130 2113 celeriter
3167 2055 3454 2110 subvenire
3488 2053 3815 2124 periculis:

2192 2155 2314 2224 quia
2342 2154 2415 2207 ita
2445 2152 2532 2206 hic
2561 2155 2910 2218 coanguslata
2940 2156 3020 2202 est
3049 2145 3378 2215 respublica,
3421 2152 3480 2198 ut
3509 2142 3609 2198 nisi
3649 2143 3821 2196 Deus

2194 2244 2416 2317 piissimi
2448 2243 2501 2297 in
2531 2241 2695 2297 corde
2744 2239 3004 2310 principis
3033 2236 3058 2275 ἀ
3094 2233 3432 2306 inspiraverit
3473 2245 3533 2292 ut
3575 2235 3818 2290 insitam

2196 2337 2298 2392 sibi
2329 2333 2753 2390 misericordiam
2781 2331 2891 2386 suis
2921 2329 3132 2384 famulis
3159 2330 3446 2398 largiatur,
3496 2337 3517 2364 ο
3549 2335 3603 2383 et
3631 2338 3823 2398 super

2198 2429 2291 2483 illa
2319 2425 2632 2495 diacoposin
2659 2463 2674 2490 ,
2725 2423 2810 2478 vel
2856 2437 3022 2476 unum
3073 2421 3386 2490 magistrum
3417 2418 3644 2472 militum
3675 2457 3694 2484 ,
3759 2423 3818 2472 et

2199 2533 2365 2573 unum
2395 2516 2586 2571 ducem
2612 2514 2864 2584 dignetur
2891 2509 3210 2577 concedere,
3245 2511 3299 2564 ln
3330 2509 3475 2564 omni
3504 2509 3680 2563 simus
3711 2522 3821 2560 an-

2201 2608 2376 2680 gustia
2405 2606 2668 2671 destituti,
2701 2605 2826 2674 quia
2871 2603 3107 2659 maxime
3135 2609 3316 2673 partes
3345 2601 3604 2656 Romana:
3650 2599 3821 2655 omni

2202 2697 2452 2774 prtesidio
2481 2705 2719 2753 vacuata:
2742 2694 3013 2762 videntur,
3041 2697 3098 2749 et
3125 2693 3392 2748 exarchus
3419 2692 3618 2746 nullum
3644 2690 3823 2745 nobis

2203 2803 2363 2862 posse
2389 2785 2684 2843 remedium
2710 2783 2889 2840 facere
2909 2783 3117 2849 scribit,
3143 2782 3340 2853 quippe
3358 2783 3450 2850 qui
3470 2796 3568 2836 nec
3595 2779 3667 2834 ad
3689 2780 3824 2833 illas

2205 2889 2388 2952 partes
2408 2876 2784 2935 custodiendas
2816 2891 2875 2931 se
2897 2883 3125 2929 testatur
3146 2889 3304 2943 posse
3333 2870 3605 2927 sufficere.
3622 2871 3824 2940 Impe-

2209 2979 2292 3025 ret
2326 2984 2454 3038 ergo
2480 2967 2555 3021 illi
2587 2967 2728 3021 Deus
2761 2965 2960 3018 nostris
2985 2963 3246 3018 velociter
3272 2962 3522 3032 periculis
3548 2959 3825 3016 subveni-

2209 3077 2289 3126 re,
2314 3071 2604 3128 antequam
2629 3058 3022 3113 nefandissima:
3044 3057 3218 3124 gentis
3239 3055 3508 3110 exercitus
3533 3055 3653 3110 loca
3690 3068 3826 3123 quas

521 3155 757 3212 stuaret,
807 3145 1130 3214 Eutychius,
1171 3158 1293 3198 cum
1337 3152 1511 3199 morte
1539 3143 1860 3214 conﬂigens,
1906 3144 2100 3212 pellem

2212 3152 2382 3206 adhuc
2426 3165 2458 3204 a
2507 3149 2779 3218 republica
2817 3146 3143 3211 detinentur,
3187 3145 3298 3200 Deo
3348 3145 3446 3198 sibi
3491 3145 3822 3209 contrario,

522 3252 709 3292 manus
737 3250 845 3288 sua:
874 3234 1088 3290 tenebat
1108 3247 1292 3286 coram
1313 3231 1581 3300 omnibus,
1604 3231 1784 3287 dicens
1808 3250 1820 3286 :
1845 3232 2107 3302 Conﬁteor

525 3328 641 3397 quia
671 3340 847 3379 omnes
875 3325 928 3376 in
961 3323 1056 3374 huc
1085 3337 1242 3374 carne
1270 3338 1617 3393 resurgemus.
1649 3321 1779 3376 Post
1807 3337 1971 3391 quam
2012 3338 2106 3377 ca-

525 3417 734 3470 tholica:
781 3413 897 3467 tidci
930 3411 1324 3467 confessionem
1355 3410 1641 3467 defunctus
1670 3421 1784 3478 est;
1827 3427 1934 3481 quo
1964 3429 2110 3468 mor-

528 3519 644 3573 tuo,
673 3506 798 3574 quia
832 3520 969 3574 pene
1001 3503 1174 3557 nullus
1204 3512 1324 3556 erat
1353 3504 1442 3573 qui
1469 3503 1584 3572 ejus
1607 3504 1747 3559 dicta
1771 3515 2108 3574 sequeretur,

529 3598 817 3666 Gregorius
846 3595 1202 3650 dissimulavit
1231 3603 1406 3665 empta
1438 3597 1708 3665 persequi,
1735 3612 1802 3651 ne
1825 3597 1878 3651 in
1907 3596 2113 3653 favillas

528 3689 800 3743 videretur
829 3687 991 3742 verba
1019 3685 1265 3754 jaculari.

597 3779 686 3833 51.
728 3777 935 3844 Quanta
961 3785 1138 3831 autem
1164 3777 1484 3831 auctoritate
1507 3778 1859 3833 ministerium
1888 3780 1968 3835 sui
1994 3795 2118 3849 apo-

532 3873 854 3928 erisiariatus
883 3871 1206 3939 impleverit,
1238 3879 1449 3938 quantae
1480 3873 1796 3925 reverentiae
1829 3873 1966 3941 apud
2008 3872 2118 3926 Au-

533 3971 716 4029 gustos
766 3960 1075 4027 exstiterit,
1131 3969 1438 4030 quantaque
1491 3946 1852 4017 s0llicitudiuc
1906 3962 2120 4017 afﬂicta:

536 4055 697 4109 Italia:
727 4053 964 4109 succurri
994 4052 1186 4120 szepius
1216 4050 1424 4116 fecerit,
1471 4052 1517 4106 si
1563 4052 1682 4123 quis
1723 4053 1932 4122 plenius
1964 4069 2122 4109 nosse

538 4144 831 4211 desiderat,
865 4142 1121 4214 epistolas
1153 4143 1508 4196 antecessoris
1538 4143 1618 4195 sui
1651 4158 1800 4212 papa:
1831 4143 2026 4212 Pelagii
2057 4144 2124 4199 ad

533 4252 662 4292 eum
703 4251 865 4305 super
909 4232 1241 4289 multimodis
1285 4233 1540 4288 Ecclesia:
1584 4233 1674 4288 Dei
1718 4236 2126 4291 necessitatibus

540 4329 874 4393 destinatas,
925 4341 1044 4395 qua:
1089 4327 1350 4380 hactenus
1396 4325 1448 4378 in
1491 4325 1688 4380 scrinio
1735 4335 1938 4382 sancta:
1985 4329 2128 4384 sedis

541 4417 852 4490 apostolica:
880 4415 1269 4470 studiosissime
1298 4423 1702 4483 conservantur,
1731 4427 2028 4486 percurrat,
2061 4434 2128 4473 ex

2207 3238 2352 3311 quod
2379 3238 2536 3303 absit,
2558 3236 2885 3306 prtevaleant
2905 3248 3190 3304 occupare.
3215 3233 3590 3302 Presbyterum
3621 3244 3826 3288 autem

2208 3331 2276 3385 ad
2299 3345 2417 3396 nos,
2446 3328 2556 3382 Deo
2583 3326 2824 3396 juvante,
2845 3325 3269 3379 retransmittere
3297 3322 3649 3392 festina,quia
3685 3323 3826 3382 etin

2210 3420 2545 3477 monasterio
2568 3427 2683 3486 tuo,
2705 3425 2760 3472 et
2786 3419 2838 3472 in
2865 3433 3002 3487 opus
3035 3417 3118 3470 (ui
3148 3431 3270 3470 eum
3294 3415 3827 3484 pmposuimus,ne-

2211 3511 2478 3568 cessarius
2509 3524 2630 3564 esse
2660 3507 2882 3562 omnino
2913 3505 3275 3574 cognoscitur.
3309 3504 3441 3557 Data
3469 3511 3664 3573 quarto
3717 3519 3824 3558 no-

2212 3617 2402 3656 narum
2427 3598 2445 3637 ί
2472 3597 2808 3664 Octobrium,
2838 3595 3129 3651 indictione
3154 3594 3311 3648 tertia
3336 3591 3556 3665 (Concil.
3584 3605 3712 3648 tam.
3759 3594 3822 3661 γ,

2215 3692 2369 3762 epist.
2403 3691 2479 3762 δ).
2512 3709 2530 3742 ι

2294 3783 2382 3836 55.
2427 3780 2563 3835 Huic
2593 3795 2692 3834 suo
2721 3779 2873 3847 cujus
2911 3779 2999 3834 hic
3025 3793 3166 3849 papa
3197 3777 3445 3846 Pelagius
3482 3775 3821 3832 monasterio

2220 3873 2486 3939 meminit,
2519 3871 2731 3938 Siculus
2759 3870 3135 3936 Maximianus,
3177 3871 3270 3940 qui
3300 3879 3486 3940 postea
3512 3867 3822 3940 Syracusa-

2224 3980 2323 4020 nus
2351 3965 2636 4034 episcopus
2664 3957 2902 4026 exstitit,
2949 3963 3140 4017 eodem
3172 3969 3415 4030 tempore
3451 3958 3678 4029 praefuit.
3715 3957 3820 4024 Qui

2224 4057 2294 4111 ad
2323 4054 2688 4110 venerabilem
2719 4053 2938 4109 levitam
2962 4051 3280 4122 Gregorium
3309 4053 3362 4106 in
3391 4049 3629 4120 ejusdem
3653 4049 3821 4118 regia:

2225 4148 2371 4203 urbis
2418 4146 2620 4216 palatio
2671 4161 2768 4215 pro
2806 4145 3080 4216 responsis
3129 4142 3504 4200 ecclesiasticis
3545 4141 3820 4195 desudan-

2227 4247 2358 4305 tem,
2385 4237 2708 4292 visitationis
2729 4236 2923 4304 gratia,
2945 4251 3068 4289 cum
3093 4235 3348 4290 fratribus
3379 4232 3525 4286 venit
3551 4229 3704 4301 (Lib.
3742 4247 3820 4293 in,

2230 4329 2462 4400 Dialog.,
2504 4345 2620 4398 cup.
2651 4327 2776 4396 56);
2805 4335 2860 4382 et
2889 4327 3014 4380 dum
3046 4327 3112 4380 ad
3136 4324 3523 4381 monasterium
3553 4324 3656 4378 sibi
3685 4337 3820 4392 quo~

2231 4438 2336 4492 que
2363 4421 2711 4478 commissum
2741 4418 2973 4474 Romam
3004 4418 3242 4485 rediret,
3286 4418 3340 4471 in
3384 4417 3519 4470 mari
3547 4413 3824 4468 Adriatico

543 4523 772 4580 quarum
798 4506 1140 4562 multitudine
1164 4507 1252 4562 hic
1274 4522 1434 4561 unam
1466 4507 1750 4574 interscro,
1782 4519 2046 4577 quatenus
2075 4528 2103 4566 e

2234 4517 2394 4570 nimia
2425 4521 2746 4584 tempestate
2779 4512 3178 4582 deprehensus,
3232 4509 3590 4565 inmstimabili
3635 4507 3824 4563 ordine

545 4600 688 4654 illius
726 4599 1007 4654 ministerii
1038 4599 1284 4669 qualitas,
1317 4607 1370 4654 et
1396 4599 1722 4669 reliquarum
1756 4618 1967 4671 quoque
1997 4619 2125 4659 con-

545 4692 824 4761 sequentia
857 4700 1227 4760 cognoscatur.
1259 4691 1386 4757 Qurc
1414 4692 1488 4746 ita
1518 4707 1574 4747 se
1601 4692 1763 4746 habet
1789 4711 1801 4745 :

618 4815 644 4842 ιι
685 4805 760 4857 Ita
807 4803 956 4862 Mss..
1002 4803 1087 4856 ubi
1128 4802 1375 4858 Eilitorcs
1421 4805 1696 4867 legerunt,
1745 4807 2024 4860 siina-(law.
2072 4809 2127 4861 lu

550 4875 859 4936 filoralibus,
890 4875 979 4925 lil).
1010 4889 1116 4936 xw,
1145 4893 1197 4927 n.
1231 4874 1314 4932 74,
1342 4876 1425 4927 ubi
1453 4875 1567 4927 haec
1596 4892 1618 4925 r
1657 4875 1912 4940 feruntur,
1943 4879 2132 4943 legitur

547 4962 764 5015 quoque
785 4944 1163 5008 sinmltatione;
1198 4960 1399 4998 nernou
1427 4946 1462 4998 l.
1487 4963 1524 5012 ι,
1555 4946 1710 5015 epist.
1744 4945 1798 5009 2,
1832 4956 1880 4998 et
1913 4949 2056 5000 alibi.

620 5015 646 5054 δ
681 5014 950 5086 Corrupte
982 5015 1032 5067 in
1065 5016 1313 5069 omnibus
1353 5015 1519 5070 E'litis
1542 5057 1556 5078 ,
1605 5014 2136 5086 Constantinopolita-

549 5103 668 5153 ηας,
699 5101 797 5155 pro
826 5085 1215 5155 Constantinus,
1247 5086 1388 5153 quod
1438 5087 1488 5138 in
1540 5089 1787 5140 omnibus
1821 5085 1924 5140 iam
1947 5085 2134 5141 Mora-

553 5154 872 5223 lium’quam
903 5154 1128 5209 Joannis
1158 5155 1303 5209 Diae.
1339 5156 1460 5210 Mss.
1491 5157 1794 5210 exhibetur.
1840 5161 1980 5210 Sane
2015 5168 2136 5212 tunc

552 5224 1178 5294 Constantmopolitanus
1217 5227 1509 5295 imperator
1549 5235 1653 5278 non
1697 5227 2006 5291 dicebatur,
2048 5229 2136 5295 qui

558 5296 799 5348 ltomano
850 5296 1076 5364 imperio
1124 5297 1270 5351 solus
1320 5305 1563 5362 praeerat.
1601 5295 1846 5349 Tiberius
1876 5299 2139 5366 Angustus

558 5365 1035 5419 rommminabatur
1064 5365 1462 5419 Constantinus.

552 5369 1035 5419 commminabatur
1064 5369 1462 5419 Constantinus.

621 5376 1035 5434 gumntnubatur
1064 5376 1462 5420 Constantinus.

626 5449 646 5507 ς
690 5435 747 5507 in
779 5437 951 5507 Bigot.
985 5432 1418 5507 superscribitur,
1453 5435 1894 5507 aﬁirnmtionibus.

623 5503 647 5543 (³
689 5505 746 5559 In
779 5503 1078 5574 Andegav;
1117 5505 1278 5570 Utie.,
1309 5503 1570 5572 BigotJet
1594 5507 1826 5572 Gemet.,
1860 5507 2144 5577 imperare-

555 5586 643 5630 ΠΙ.

562 5656 654 5724 ...ο
694 5644 907 5724 vulgati
934 5659 1052 5724 cum
1082 5643 1239 5724 Begu,
1270 5644 1389 5724 aliis
1414 5647 1768 5724 renitentibus
1796 5645 1948 5724 9155.,
1992 5663 2146 5724 super

631 5665 654 5682 '
705 5665 907 5711 vulgati
934 5665 1052 5699 cum
1082 5665 1239 5711 Πυθίη
1270 5665 1389 5697 atus
1414 5665 1768 5701 renitentibus
1796 5665 1944 5710 MSS.,
1992 5665 2049 5702 su
2073 5665 2145 5700 rer

557 5713 1054 5784 illamidiawposin.
1087 5711 1228 5784 Utic.
1275 5714 1458 5784 liabet,
1491 5731 1642 5782 super
1669 5717 1843 5770 omnia
1889 5719 1981 5772 illa
2029 5665 2145 5771 alin-

561 5798 674 5852 σοιν.
702 5783 756 5838 ln
779 5782 891 5842 lioc'
911 5782 1112 5841 Codice
1133 5791 1188 5840 et
1215 5783 1264 5838 in
1294 5782 1468 5849 Bigot.
1498 5794 1785 5840 annotatur
1814 5803 1998 5843 vocem
2030 5789 2142 5840 dia-

2234 4616 2393 4678 atque
2432 4607 2689 4661 inusitato
2734 4606 2994 4660 miraculo
3041 4618 3166 4673 erga
3209 4619 3304 4669 se,
3356 4611 3684 4670 cunctosque
3731 4601 3824 4670 qui

2236 4714 2414 4753 secum
2448 4698 2668 4750 aderant
2697 4698 3081 4762 omnipotrntis
3113 4695 3204 4748 Dei
3237 4703 3290 4749 et
3321 4694 3452 4747 iram
3484 4691 3736 4760 cognovit
3774 4699 3824 4742 rt

2239 4813 2470 4880 roposin.
2517 4812 2598 4864 vel
2642 4812 2981 4880 diacopiosin,
3024 4807 3323 4880 significare
3363 4807 3611 4880 {orarium
3652 4803 3826 4880 pub'i-

2240 4876 2379 4934 cmn.
2412 4881 2500 4934 Sic
2528 4898 2644 4933 eam
2676 4876 3000 4934 intellexisse
3041 4879 3252 4932 vidttur
3293 4877 3409 4931 Pet.
3445 4876 3694 4939 Dam.,"l.
3732 4889 3824 4933 vn,

2241 4951 2394 5021 epist.
2429 4950 2460 5001 5
2487 4968 2497 5001 :
2526 4949 2623 5013 Qui
2654 4953 2915 5021 peculatus
2945 4951 3135 5021 crimen
3165 4950 3405 5021 incurrit,
3444 4949 3496 4999 in
3527 4948 3825 5021 (Ιῇιιεοροδὲη

2240 5019 2437 5090 cogitur
2464 5017 2665 5090 inferre
2692 5020 2825 5090 quod
2857 5023 2988 5073 tulit.
3025 5020 3268 5090 Bolland.
3318 5020 3476 5090 docet
3525 5017 3826 5090 idetn__esse

2241 5085 2318 5142 ac'
2344 5085 2712 5143 discisriuneni
2741 5105 2770 5141 a
2818 5091 3086 5152 smmi,
3133 5087 3392 5142 diseindo.
3425 5087 3628 5153 Cangio
3655 5085 3830 5138 diaco-

2241 5159 2385 5228 posis
2414 5169 2495 5228 est
2527 5176 2576 5210 in
2602 5160 2788 5220 alestia,
2823 5161 3086 5226 angustia,
3119 5174 3149 5211 a
3179 5161 3358 5221 κοπέω,
3406 5158 3565 5210 lasso.
3616 5154 3827 5228 Utrum-

2242 5225 2348 5292 que
2390 5226 2574 5281 fefellit
2621 5228 2780 5282 lectio
2812 5225 3021 5294 vulgata
3052 5229 3363 5294 liditorum,
3407 5236 3455 5280 et
3498 5242 3651 5295 super
3685 5225 3831 5276 illam

2246 5298 2276 5350 ά
2300 5299 2562 5360 aroposin,
2593 5314 2710 5350 cu'n
2745 5300 2796 5351 in
2829 5298 2941 5352 fere
2969 5300 3218 5352 omnibus
3245 5297 3370 5350 Ms.
3403 5299 3632 5359 legatur,
3664 5303 3712 5347 et
3741 5309 3828 5345 su-

2248 5386 2338 5434 per
2366 5363 2422 5420 ill
2443 5387 2476 5426 ι.
2511 5368 2680 5436 quasi,
2719 5380 2765 5421 et
2793 5379 2980 5438 prrrter
3010 5370 3119 5422 illa.
3153 5369 3338 5437 Itaque
3369 5382 3669 5438 censemus,
3716 5363 3830 5415 din-

2249 5438 2480 5506 mposin,
2511 5438 2592 5490 vel
2625 5436 2965 5507 diacopiosin,
2996 5436 3332 5493 connuodins
3364 5437 3584 5502 intelligi
3611 5436 3678 5487 de
3707 5447 3830 5507 {era-

2252 5504 2331 5588 rio
2360 5517 2412 5587 et
2444 5508 2686 5588 pecunia,
2718 5504 2815 5577 pro
2846 5504 3027 5563 labere
3056 5510 3261 5563 scilicet
3287 5508 3500 5588 militari
3541 5504 3830 5572 croga..da,

2255 5579 2502 5631 nimirum
2533 5595 2558 5630 ξι
2589 5579 2690 5634 δία.
2726 5591 2952 5646 propter,
2985 5588 3040 5631 (ι
3070 5583 3249 5641 γὸπος,
3281 5577 3442 5631 labor.

2330 5647 2345 5685 ί
2391 5648 2444 5702 In
2485 5647 2694 5702 Geiuel.
2726 5640 2782 5700 et
2823 5640 3021 5716 Bigot.,
3047 5648 3424 5702 Octobr-iurum.
3447 5646 3736 5707 thssanv.,
3768 5640 3830 5716 ad

2254 5720 2582 5786 marginem.
2625 5735 2721 5788 pro
2766 5713 3043 5772 indictione
3089 5719 3150 5782 '5,
3195 5727 3347 5772 notat
3375 5717 3557 5771 indici.
3591 5717 3652 5782 6,
3693 5713 3829 5784 quod

2255 5804 2352 5842 nec
2380 5789 2432 5844 in
2463 5788 2584 5845 Mss.
2615 5789 2810 5844 nostris
2835 5791 3117 5857 reperitur.
