4018 6312
231 337 294 392 77
835 341 892 396 Ξ.
934 339 1256 396 GREGURH
1294 336 1506 392 MAGNI
1551 335 1727 400 ἨΤᾹ,
1773 298 1974 387 AUCT.
2019 334 2277 390 JUANNE
2322 338 2632 395 DIACONO.
2677 343 2804 397 LIB.
2847 345 2881 398 ι.
3417 347 3486 400 73

229 453 474 520 gratiam.
507 451 636 504 Nam
663 465 783 504 cum
815 452 866 503 in
898 466 1081 503 eormn
1113 461 1285 503 morte
1314 455 1599 503 ventorum
1623 446 1805 500 nimic-
1833 441 1876 500 A
1907 451 2050 510 rent,
2081 445 2256 515 ibique
2293 464 2352 502 se
2391 451 2528 504 fame
2555 463 2610 506 et
2634 453 2720 507 siti
2748 454 2978 510 deiicere
3007 455 3385 523 formidarent,
3419 465 3483 513 ait

232 543 424 596 tatibus
450 537 639 594 ﬂuctus
669 539 861 594 elevati
886 541 1155 606 smvirent,
1179 555 1246 593 ex
1276 539 1398 592 navi
1424 539 1561 594 clavi
1583 537 1801 606 perditi,

230 631 389 685 arbor
414 629 641 682 abscissa
671 637 768 692 est,
816 629 932 682 vela
963 629 1013 680 in
1047 628 1200 692 ιιιιᾱιε
1230 628 1494 698 projecta,
1522 635 1805 694 totumque

227 737 318 775 vas
346 720 491 774 navis
522 719 698 772 nimiis
727 727 1034 786 quassatum
1068 717 1318 772 ﬂuctibus
1358 717 1426 771 ab
1457 717 1605 770 omni
1633 715 1806 769 fuerat

223 827 315 866 sua
330 825 586 879 compage
613 810 952 865 dissolutum.
985 809 1156 863 Ritnis
1178 810 1358 877 itaque
1377 807 1705 878 patentibus,
1732 806 1806 859 in-

222 904 379 960 travit
401 919 570 965 mare,
593 911 755 974 atque
776 917 946 972 usque
967 903 1032 955 ad
1061 901 1367 971 superiores
1389 899 1596 954 tabulas
1617 897 1804 965 imple-

221 996 325 1062 vit;
358 996 429 1049 ita
458 1003 514 1048 ut
544 1010 650 1048 non
682 993 852 1061 magis
882 991 1035 1045 navis
1065 990 1206 1044 inter
1246 989 1414 1044 undas
1451 1003 1611 1056 quam
1649 985 1804 1040 unda:

219 1087 323 1158 jam
372 1088 508 1143 intra
570 1087 750 1142 navim
795 1100 915 1140 esse
961 1083 1291 1139 viderentur.
1335 1082 1486 1135 Tunc
1526 1079 1579 1133 in
1614 1076 1800 1132 eadem

221 1179 338 1233 navi
383 1178 712 1242 residentes,
761 1192 868 1230 non
893 1175 1002 1244 jam
1033 1189 1098 1228 ex
1126 1172 1312 1227 mortis
1340 1169 1531 1224 vicinia
1550 1209 1566 1237 ,
1597 1166 1691 1222 sed
1735 1180 1800 1220 ex

221 1271 330 1340 ipsa
375 1269 493 1338 ejus
541 1268 793 1339 pratsenti
825 1266 1034 1321 vi~ione
1063 1264 1255 1320 turbati
1282 1307 1297 1332 ,
1328 1276 1514 1317 omnes
1542 1258 1802 1315 sibimeti—

219 1361 324 1432 psis
355 1377 544 1432 pacem
575 1360 875 1426 dederunt,
925 1373 1120 1427 corpus
1149 1363 1202 1409 et
1229 1355 1539 1422 sanguinem
1572 1353 1802 1414 Redem-

219 1452 390 1520 ptoris
419 1457 767 1522 acceperunt,
815 1449 923 1503 Deo
951 1463 1010 1502 se
1038 1445 1229 1513 singuli
1259 1444 1715 1510 commendantes,
1742 1453 1802 1502 ut

215 1559 407 1598 eorum
439 1546 648 1598 animas
685 1543 911 1612 benigne
949 1540 1259 1608 susciperet,
1303 1551 1530 1605 quorum
1569 1550 1800 1605 corpora

217 1636 291 1690 ita
321 1635 578 1706 pavenda:
611 1634 765 1690 morti
797 1630 1118 1685 tradidisset.
1146 1629 1251 1683 Sed
1277 1629 1618 1698 omnipotens
1639 1627 1798 1692 Deus,

217 1727 308 1794 qui
339 1741 525 1779 eorum
552 1731 780 1777 mentem
807 1719 1122 1774 mirabiliter
1147 1719 1358 1786 terruit,
1379 1733 1566 1779 eorum
1587 1732 1802 1787 quoque

1907 533 2154 590 Ecclesiae
2174 537 2394 606 januam
2420 543 2722 608 veniebant,
2755 545 2822 599 ad
2851 547 3140 604 bibendum
3170 551 3486 614 hauriebam

1908 642 2122 696 aquam,
2153 643 2272 697 qua:
2297 647 2463 700 usque
2489 635 2555 687 ad
2579 635 2834 692 fenestras
2864 653 3194 708 excrevrrat,
3227 653 3280 696 et
3307 653 3485 699 tamen

1908 717 2049 771 intra
2094 720 2375 775 ecclesiam
2425 735 2446 761 ο
2498 734 2557 779 ιιι
2603 741 2738 796 aqua
2786 729 2934 783 nullo
2983 733 3142 787 modo
3190 732 3482 791 difﬂuebat.

1907 806 2068 864 Stans
2105 821 2282 865 autem
2314 821 2438 867 ante
2461 813 2683 882 januam
2703 855 2717 880 ,
2751 817 2818 871 ad
2846 821 3233 878 ostendendum
3276 826 3485 879 cunctis

1905 900 2158 955 meritum
2189 905 2467 974 martyris,
2509 916 2565 961 et
2603 923 2741 976 aqua
2784 911 2850 965 ad
2892 911 3212 982 adjutorium
3255 924 3398 982 erat,
3432 929 3487 973 et

1904 1003 2044 1057 aqua
2065 1006 2171 1045 nou
2199 1003 2314 1048 erat
2341 995 2409 1048 ad
2437 1001 2806 1068 occupandum
2839 1003 3036 1060 locum.
3065 1005 3218 1071 Quod
3241 1009 3484 1061 nimirum

1903 1080 2218 1136 miraculum
2247 1081 2555 1156 Babylonici
2585 1089 2722 1144 illius
2752 1093 2886 1158 ignis
2916 1095 3174 1152 miraculo
3200 1114 3308 1153 non
3330 1100 3488 1154 dissic

1903 1174 2030 1229 mile
2069 1176 2267 1244 poterit
2303 1178 2579 1246 aestimari,
2613 1182 2701 1249 qui
2734 1183 2892 1237 trium
2923 1200 3214 1253 puerorum
3244 1198 3299 1245 et
3329 1193 3491 1246 vesti-

1901 1273 2082 1318 menta
2111 1280 2219 1319 non
2251 1267 2451 1334 tetigit,
2484 1278 2538 1324 et
2565 1271 2778 1326 vincula
2808 1273 3048 1330 incendit
3078 1277 3259 1347 (Dan.
3291 1298 3348 1335 ιιι

1971 1355 2062 1410 56.
2103 1356 2255 1413 Tunc
2291 1359 2456 1412 etiam
2501 1360 2906 1419 innumerabilis
2943 1368 3230 1424 multitudo
3260 1387 3486 1441 serpen-

1904 1446 2035 1501 tium
2063 1462 2184 1502 cum
2213 1463 2406 1516 magno
2434 1449 2668 1507 dracone
2691 1494 2706 1517 ,
2747 1453 2799 1509 in
2839 1455 3058 1511 modum
3105 1459 3270 1513 trabis
3299 1461 3486 1514 validm

1902 1553 2001 1608 per
2021 1538 2260 1595 Tiberini
2288 1539 2520 1597 ﬂuminis
2541 1545 2775 1613 alveum,
2801 1547 2851 1600 in
2881 1563 3031 1603 mare
3056 1549 3360 1614 descendit;
3394 1551 3486 1606 sed

1887 1626 2177 1683 .suﬂocataa
2213 1629 2400 1684 bestiae
2437 1632 2578 1686 inter
2617 1634 2788 1688 salsos
2826 1636 2989 1692 maris
3019 1638 3359 1692 turbidissimi
3389 1637 3486 1692 ﬂu.

1905 1729 2024 1776 rtus
2051 1722 2168 1776 sine
2187 1737 2341 1777 mora
2363 1723 2414 1776 in
2437 1723 2617 1778 littore
2639 1724 2956 1780 deciderunt
2977 1743 3181 1797 suaque
3206 1728 3487 1798 putredine

212 1815 381 1868 vitam
411 1830 508 1882 per
545 1813 789 1868 meritum
829 1809 1074 1880 Gregorii
1118 1807 1304 1866 famuli
1344 1811 1461 1874 sui,
1509 1827 1609 1882 pro
1649 1811 1804 1878 cujus
1837 1801 1880 1860 Β
1909 1821 2080 1867 totum
2109 1828 2292 1868 aerem
2320 1824 2678 1885 corruperunt
2707 1816 2965 1888 (Gregor.
3001 1818 3149 1886 Tun,
3194 1820 3238 1874 ι.
3280 1837 3317 1873 x
3349 1820 3487 1876 Hist.

217 1902 432 1973 speciali
465 1916 648 1958 amore
676 1909 953 1964 venerant,
997 1899 1294 1954 mirabilius
1323 1901 1636 1955 reservavit.
1670 1900 1801 1955 Nam

219 1996 405 2051 diebus
429 2003 554 2050 octo
582 1995 733 2062 navis
762 1992 950 2048 eadem
973 2007 1144 2062 usque
1169 1994 1236 2046 ad
1263 1993 1573 2062 superiores
1594 1992 1802 2046 tabulas

219 2091 367 2159 aquis
397 2089 573 2160 plena,
605 2089 708 2143 iter
736 2087 1009 2157 proprium
1041 2099 1322 2156 peragens,
1356 2083 1612 2139 enatavit.
1645 2083 1802 2137 Nono

220 2193 394 2237 autem
421 2181 508 2236 die
539 2193 561 2218 ε
595 2179 663 2236 ad
690 2178 1079 2238 Chotronensis
1121 2177 1284 2232 castri
1327 2185 1542 2246 portum
1571 2175 1800 2232 deducta

219 2281 316 2329 est.
342 2272 419 2332 Ex
443 2287 546 2341 qua
569 2272 820 2327 exierunt
847 2284 1036 2325 omnes
1062 2269 1381 2336 incolumes,
1407 2269 1499 2338 qui
1520 2282 1640 2323 cum
1661 2281 1804 2335 pite-

213 2367 360 2423 dicto
381 2363 707 2425 Maximiano
733 2361 849 2416 viro
875 2359 1169 2416 venerabili
1193 2359 1537 2428 navigabant.
1560 2357 1802 2426 Cumque

216 2467 340 2532 post
361 2472 458 2514 eos
485 2457 600 2526 ipse
627 2469 844 2525 quoque
889 2452 1073 2508 fuisset
1101 2465 1351 2520 egressus
1373 2492 1388 2518 ,
1419 2466 1548 2506 mox
1577 2450 1630 2505 in
1659 2449 1803 2518 ejus-

209 2553 336 2608 dem
366 2558 552 2622 portus
581 2546 901 2619 profundum
941 2545 1094 2600 navis
1133 2543 1377 2600 demersa
1403 2552 1507 2611 est,
1537 2558 1602 2599 ac
1623 2543 1668 2598 si
1698 2543 1803 2600 illis

215 2643 322 2714 35
351 2639 752 2711 egredientibus
779 2653 878 2706 pro
910 2635 1146 2707 pondere
1172 2634 1548 2691 sublevatione
1592 2635 1804 2690 caruis-

215 2742 334 2801 set;
362 2741 417 2786 et
442 2745 562 2801 qua:
591 2729 750 2799 plena
780 2726 1089 2782 hominibus
1117 2725 1170 2780 in
1198 2725 1390 2796 pelago
1419 2739 1588 2793 aquas
1616 2733 1804 2793 porta-

217 2829 370 2878 verat
414 2827 575 2889 atque
600 2825 831 2881 nataret,
866 2816 1192 2871 Maximiano
1219 2830 1343 2871 cum
1369 2814 1623 2869 fratribus
1650 2829 1806 2870 rece-

218 2913 415 2977 dente,
458 2926 597 2982 aqua
642 2910 759 2964 sine
806 2907 1113 2963 hominibus
1158 2907 1211 2961 in
1255 2914 1413 2976 portu
1454 2919 1556 2960 nec
1593 2913 1808 2975 portare

219 3003 387 3058 valuit
412 3018 512 3058 nec
542 3011 759 3065 natare;
789 3007 848 3053 ut
874 2998 1000 3054 hinc
1025 2997 1369 3066 omnipotens
1393 2995 1534 3049 Deus
1555 2994 1807 3049 ostende-

217 3103 302 3149 ret
347 3093 472 3161 quia
520 3106 616 3161 per
660 3089 910 3144 meritum
954 3085 1220 3155 Gregorii,
1266 3099 1426 3153 quem
1461 3083 1656 3138 fratres
1681 3082 1807 3136 visi-

216 3191 496 3251 taverant,
541 3182 679 3236 hanc
727 3188 974 3234 0111181211]
1021 3193 1120 3233 sua
1166 3193 1331 3231 manu
1365 3184 1640 3239 tenuerat,
1685 3189 1804 3242 qua:
1831 3155 1874 3214 C

217 3276 287 3331 ab
335 3274 641 3331 hominibus
689 3286 858 3328 vacua
905 3283 1221 3341 permanere
1265 3283 1376 3324 non
1422 3267 1598 3338 potuit
1642 3280 1805 3336 super

217 3382 404 3440 aquas.

288 3455 381 3512 54.
419 3455 584 3524 igitur
611 3461 894 3524 postquam
923 3452 1152 3507 Romam
1173 3448 1459 3518 Gregorius
1485 3448 1806 3504 venerabilis

216 3549 381 3606 levita
426 3562 676 3603 reversus
723 3554 840 3610 est,
887 3545 1162 3614 aliquanto
1205 3543 1490 3613 interjecto
1529 3551 1800 3612 tempore,

218 3650 369 3695 tanta
385 3638 743 3694 inundatione
766 3635 974 3691 Tiberis
997 3633 1185 3688 ﬂuvius
1208 3633 1416 3688 alveum
1445 3648 1598 3688 suum
1621 3647 1796 3702 egres-

217 3745 313 3786 sus
366 3737 467 3792 est,
527 3735 842 3795 tantumque
894 3724 1155 3791 excrevit,
1208 3730 1266 3778 ut
1314 3723 1430 3792 ejus
1474 3724 1613 3777 unda
1644 3738 1809 3792 super

217 3838 407 3878 muros
436 3821 582 3876 urbis
613 3817 876 3883 inﬂueret,
904 3826 1067 3886 atque
1098 3819 1149 3872 in
1182 3831 1246 3872 ea
1275 3817 1524 3885 regiones
1549 3816 1810 3871 maximas

215 3921 553 3982 occuparet,
603 3921 655 3964 et
704 3909 1042 3977 antiquarum
1091 3908 1282 3964 aedium
1324 3907 1551 3977 plurima
1582 3905 1607 3943 δ
1640 3907 1812 3960 moni-

215 4011 406 4058 menta
433 4001 708 4070 dejiceret,
736 3999 1101 4054 ecclesiastica
1131 4012 1349 4067 quoque
1379 3999 1575 4052 horrea
1605 3997 1814 4051 violen-

220 4106 307 4150 ter
339 4095 691 4160 subverteret,
721 4091 774 4145 in
802 4089 998 4160 quibus
1027 4087 1284 4144 nonnulla
1315 4087 1618 4143 modiorum
1649 4087 1811 4143 tritici

218 4187 393 4242 millia
421 4185 648 4255 periere.

291 4275 384 4329 55.
431 4275 577 4330 Tunc
605 4275 866 4344 siquidem
911 4273 1052 4344 apud
1091 4273 1458 4329 Veronensem
1487 4274 1672 4327 urbem
1715 4271 1814 4325 ﬂu-

220 4368 343 4421 vius
387 4367 638 4434 Athesis,
689 4376 744 4421 ut
801 4367 942 4420 idem
1004 4365 1294 4433 Gregorius
1340 4363 1505 4419 refert
1550 4362 1707 4431 (Lib.
1760 4379 1814 4418 ιιι

220 4459 467 4530 Dialog.,
512 4477 630 4528 cap.
684 4458 824 4529 l9),
877 4473 1228 4523 excrescens,
1279 4457 1346 4511 ad
1387 4457 1531 4512 beati
1583 4456 1814 4512 Zenonis

1907 1906 2084 1974 c.l).

1976 1995 2066 2049 5'7.
2107 1994 2301 2050 Secuta
2336 2004 2419 2049 est
2449 2010 2480 2050 e
2508 1997 2737 2064 vestigio
2783 1997 2964 2052 clades
2994 1997 3324 2066 inguinaria,
3372 2016 3491 2070 quae

1905 2085 2203 2140 Romanam
2244 2086 2430 2140 urbem
2471 2086 2608 2141 adeo
2647 2086 2949 2141 vehementi
2989 2089 3294 2157 pestilentia
3325 2089 3492 2146 lania-

1903 2176 2010 2240 vit,
2060 2184 2116 2228 ut
2145 2176 2307 2230 etiam
2341 2176 2609 2245 corporali
2639 2177 2757 2231 visu
2787 2179 2996 2246 sagitta:
3027 2179 3237 2235 caelitus
3266 2182 3449 2234 venire
3470 2223 3486 2247 ,

1903 2275 1959 2320 et
2005 2266 2244 2335 singulos
2284 2280 2528 2334 quosque
2576 2275 2858 2337 percutere
2900 2267 3229 2322 viderentur.
3273 2267 3402 2334 Quae
3434 2270 3488 2324 in

1903 2370 2088 2410 mense
2133 2355 2418 2411 undecimo
2463 2357 2688 2411 veniens
2713 2400 2727 2421 ,
2760 2357 2990 2426 primum
3031 2359 3292 2424 omnium,
3336 2359 3490 2428 juxta

1897 2445 2032 2500 .illud
2060 2444 2291 2515 quodin
2317 2444 2598 2502 Ezechiele
2624 2448 2889 2517 propheta
2917 2448 3112 2517 legitur
3136 2465 3149 2502 :
3173 2451 3216 2503 A
3245 2461 3490 2505 sanctua-

1903 2539 1982 2593 rio
2029 2555 2140 2593 meo
2176 2539 2390 2609 incipite
2438 2538 2668 2610 (Επειδὴ.
2714 2557 2799 2606 ix,
2839 2539 2943 2611 6),
2982 2540 3257 2611 Pelagium
3298 2559 3490 2614 papam

1904 2627 2163 2696 perculit,
2207 2637 2264 2683 et
2314 2629 2431 2683 sine
2461 2645 2610 2684 mora
2641 2631 2918 2685 exstinxit.
2951 2631 3070 2698 Quo
3099 2632 3384 2700 defuncto,
3417 2634 3491 2689 ita

1905 2719 1960 2773 in
1988 2719 2250 2789 reliquum
2281 2721 2469 2790 vulgus
2498 2721 2736 2784 desaivit,
2770 2730 2848 2788 ut,
2873 2723 3157 2778 subtractis
3185 2723 3493 2780 habitatori-

1907 2809 2034 2875 bus,
2080 2807 2106 2846 ἀ
2132 2810 2324 2866 domos
2351 2812 2405 2865 in
2435 2812 2565 2866 urbe
2587 2813 2848 2881 plurimas
2880 2828 3077 2870 vacuas
3103 2815 3326 2871 omnino
3365 2816 3492 2872 reli-

1909 2900 2107 2968 querit.

1980 2991 2068 3046 58.
2110 2990 2311 3047 Eodem
2344 3001 2588 3062 tempore
2616 2993 2672 3048 in
2701 2996 3033 3051 monasterio
3057 2998 3379 3053 venerabilis
3420 2999 3494 3054 le-

1894 3082 2035 3136 lvitm
2071 3080 2316 3152 Gregorii
2355 3099 2491 3153 puer
2525 3083 2795 3154 inquietus
2824 3085 3009 3150 valde,
3042 3087 3358 3144 Theodorus
3400 3107 3496 3145 no-

1907 3177 2051 3232 mine
2071 3219 2086 3242 ,
2143 3193 2265 3232 cum
2308 3177 2474 3234 fratre
2505 3179 2756 3247 religioso
2785 3181 2954 3248 magis
2983 3191 3306 3238 necessrtate
3332 3199 3493 3252 quam

1905 3269 2184 3324 voluntate
2211 3269 2460 3338 degebat,
2507 3271 2591 3325 cui
2635 3273 2855 3327 nimium
2881 3275 3058 3342 gravis
3085 3284 3201 3329 erat
3229 3276 3271 3330 si
3300 3278 3418 3345 quis
3444 3280 3495 3333 ei

1905 3375 2005 3430 pro
2046 3361 2128 3415 sui
2159 3361 2332 3416 salute
2373 3362 2662 3430 quidquam
2703 3364 2938 3419 dicebat.
2977 3365 3123 3420 Bona
3166 3377 3347 3421 autem
3388 3385 3495 3424 non

1905 3453 2082 3507 solum
2125 3452 2320 3518 facere,
2365 3453 2459 3507 sed
2504 3454 2665 3508 etiam
2711 3456 2898 3510 audire
2939 3473 3045 3511 non
3085 3468 3319 3526 poterat.
3351 3460 3497 3514 Nun-

1908 3560 2069 3612 quam
2110 3559 2170 3598 se
2211 3544 2278 3597 ad
2323 3554 2520 3600 sancta:
2559 3549 2988 3604 conversationis
3016 3549 3258 3605 habitum
3285 3552 3495 3618 venire,

1906 3635 2156 3705 jurando,
2186 3637 2487 3704 irascwdo,
2521 3654 2585 3694 ac
2614 3639 2907 3695 deridenda
2935 3642 3272 3698 testabatur:
3297 3645 3389 3711 qui
3418 3653 3499 3698 ta-

1908 3743 2034 3783 men
2063 3729 2302 3796 ejusdem
2338 3729 2656 3798 pestilentia:
2685 3731 2838 3786 clade
2877 3719 3298 3804 percussus'36
3337 3733 3388 3786 in
3419 3733 3502 3789 in-

1911 3820 2091 3888 guine,
2121 3828 2206 3875 est
2233 3821 2524 3890 perductus
2552 3821 2617 3874 ad
2643 3831 2896 3877 mortem.
2926 3823 3170 3891 Cumque
3202 3833 3502 3880 extremum

1914 3911 2162 3980 spiritum
2209 3920 2411 3979 ageret,
2447 3920 2817 3966 convenerunt
2843 3928 2964 3966 cum
2994 3911 3254 3982 Gregorio
3284 3915 3500 3984 fratres,

1914 4007 1974 4056 ut
2021 4015 2295 4069 egressum
2327 3999 2468 4055 illius
2497 4001 2702 4056 orando
2732 4010 3093 4071 protegerent.
3144 4002 3260 4057 Jam
3307 4021 3503 4076 corpus

1915 4089 2034 4158 ejus
2077 4089 2144 4144 ab
2183 4097 2424 4146 extrema
2471 4090 2643 4146 fuerat
2669 4099 2822 4161 parte
2851 4103 3270 4161 prtemortuum,
3303 4096 3354 4150 in
3385 4099 3503 4152 solo
3577 4148 3582 4152 .

1914 4180 2288 4236 tantummodo
2333 4178 2556 4252 pectore
2597 4183 2771 4238 vitalis
2800 4183 2974 4239 adlmc
3007 4184 3155 4239 calor
3196 4187 3501 4244 anhelabat.

1914 4275 2107 4331 Cuncti
2138 4284 2319 4330 autem
2353 4286 2374 4314 ο
2404 4274 2597 4332 fratres
2624 4278 2714 4346 qui
2744 4277 2986 4341 aderant,
3013 4286 3159 4333 tanto
3183 4297 3279 4350 pro
3301 4296 3366 4335 eo
3392 4298 3504 4338 cce-

1915 4376 2113 4438 perunt
2153 4367 2362 4423 enixius
2400 4382 2589 4436 orare,
2635 4376 2894 4437 quantum
2943 4383 3064 4423 eum
3101 4368 3210 4437 jam
3253 4371 3506 4426 videbant

1917 4459 2016 4514 sub
2045 4459 2320 4514 celeritate
2348 4458 2654 4526 discedere,
2691 4475 2811 4515 cum
2841 4469 3064 4529 repente
3106 4462 3271 4530 cmpit
3305 4463 3504 4517 eisdem

222 4552 477 4623 martyris
518 4559 684 4620 atque
727 4549 994 4620 pontilicis
1022 4549 1304 4606 ecclesiam
1333 4547 1498 4603 venit.
1531 4547 1696 4616 Cujus
1726 4562 1815 4602 ec-
1843 4529 1896 4588 D
1919 4551 2174 4606 fratribus
2220 4549 2592 4606 assistentibus
2639 4550 2902 4613 clamare,
2951 4559 3110 4620 atque
3153 4567 3273 4605 cum
3304 4553 3508 4616 magnis

219 4643 406 4698 clesite
429 4642 556 4697 dum
586 4651 768 4698 essent
803 4641 982 4710 janua:
1009 4651 1226 4711 apertae,
1269 4657 1406 4709 aqua
1435 4642 1487 4695 in
1518 4657 1637 4695 eam
1668 4641 1820 4696 mini-

220 4750 311 4788 me
344 4735 582 4789 intravit.
616 4733 744 4799 Quae
776 4733 1046 4803 paulisper
1072 4749 1321 4791 crescens
1350 4747 1519 4802 usque
1560 4732 1627 4786 ad
1666 4731 1816 4787 fene-

217 4837 366 4881 stras
393 4825 664 4888 ecclesiae,
707 4840 825 4892 quae
854 4834 1012 4880 erant
1042 4825 1199 4880 teetis
1228 4825 1504 4894 proximat,
1535 4825 1779 4892 pervenit
1803 4841 1817 4885 ;

216 4918 412 4984 sicque
437 4925 583 4970 stans
611 4930 747 4982 aqua
771 4915 916 4970 rccle
949 4916 1010 4970 ia:
1033 4914 1250 4984 januam
1295 4915 1504 4982 clausit,
1536 4932 1598 4971 ac
1625 4916 1668 4969 si
1696 4917 1826 4971 illud

216 5009 557 5062 elementum
609 5007 864 5077 liquidum
910 5007 962 5060 in
1005 5007 1333 5061 soliditatem
1382 5007 1597 5076 parietis
1632 5007 1818 5062 fuisset

217 5105 499 5154 mutatum
549 5097 666 5170 [AL
719 5097 1115 5170 immutatum].
1159 5099 1399 5167 Cumque
1442 5108 1620 5153 essent
1668 5099 1818 5154 multi

219 5191 459 5248 interius
506 5191 727 5256 inventi,
772 5191 867 5246 sed
909 5207 1171 5261 aquarum
1201 5191 1564 5261 magnitudine
1595 5192 1822 5246 circuat-

219 5284 355 5339 data
395 5284 542 5339 omni
578 5282 848 5348 Ecclesia,
891 5298 996 5352 qua
1036 5291 1256 5353 possent
1293 5283 1473 5353 egredi
1504 5300 1611 5338 non
1657 5285 1823 5339 habe-

296 5409 326 5437 ιι
365 5396 475 5461 AL,
507 5395 858 5451 Cort0nensis.
900 5397 1135 5452 Cortona
1165 5397 1292 5450 urbs
1331 5405 1413 5452 est
1442 5399 1656 5467 antiqui
1689 5399 1824 5452 Bru-

221 5469 461 5537 tioaum,
493 5467 560 5520 ad
590 5482 740 5522 mare
782 5467 1104 5537 Ausonium,
1145 5484 1290 5522 nunc
1334 5470 1566 5525 Crotona
1599 5471 1739 5524 dicta
1771 5473 1824 5523 in

221 5532 477 5596 Calabria
505 5537 785 5592 ulteriore.

297 5609 329 5650 ι)
374 5608 578 5682 Βὶειξι.)
607 5606 953 5682 C9!b.,_fteg.
992 5619 1045 5666 et
1080 5609 1312 5674 Gemet.,
1347 5613 1552 5666 mwnia.
1586 5611 1662 5665 lta
1687 5627 1826 5682 quo-

225 5695 336 5751 que
369 5679 524 5751 apud
537 5677 770 5751 Paulum
798 5679 946 5751 Diae.

303 5761 328 5790 ε
370 5749 428 5807 lu
462 5749 642 5814 editis,
672 5751 717 5804 si
748 5750 985 5821 excipias
1021 5751 1277 5819 Bolland,
1323 5753 1475 5810 deest
1506 5763 1592 5819 ut,
1625 5756 1676 5811 in
1706 5769 1822 5810 οηι-

1917 4643 2137 4698 vocibus
2159 4642 2430 4697 orationes
2453 4655 2639 4695 eorum
2666 4640 3075 4709 interrumpere,
3101 4641 3285 4696 dicens
3311 4659 3322 4692 :
3356 4660 3372 4692 ι
3404 4641 3509 4696 lle-

1921 4734 2114 4800 cedile,
2147 4747 2277 4787 ecce
2299 4732 2516 4785 draconi
2551 4730 2616 4783 ad
2648 4730 3012 4785 devorandum
3043 4731 3196 4784 datus
3225 4747 3373 4796 sum,
3415 4731 3505 4799 qui

1924 4833 2147 4896 propter
2189 4831 2421 4878 vestram
2468 4823 2806 4893 praesentiam
2857 4838 2942 4876 me
2987 4822 3244 4876 devorare
3277 4838 3382 4874 non
3415 4837 3512 4888 po-

1929 4927 2051 4972 test.
2102 4916 2276 4986 Caput
2305 4932 2482 4970 meum
2531 4916 2581 4969 in
2626 4932 2723 4970 suo
2753 4931 2848 4970 ore
2891 4915 3001 4984 jam
3049 4913 3357 4978 absorbuit;
3390 4913 3512 4967 date

1926 5010 2125 5075 locum,
2159 5019 2219 5063 ut
2248 5023 2333 5061 me
2364 5007 2591 5076 amplius
2621 5023 2726 5061 non
2759 5007 2996 5072 cruciet,
3041 5003 3138 5056 sed
3180 5002 3340 5055 iaciat
3367 5004 3512 5070 quod

1925 5104 2166 5157 facturus
2195 5108 2297 5156 est.
2328 5098 2385 5154 Si
2415 5099 2463 5153 ei
2490 5100 2556 5152 all
2585 5095 2951 5152 devorandum
2979 5094 3134 5147 datus
3163 5099 3301 5156 sum,
3348 5109 3515 5162 quare

1928 5204 2149 5265 propter
2166 5207 2260 5247 vos
2285 5205 2463 5244 moras
2484 5188 2695 5258 patior?
2718 5186 2896 5240 »Τυιιο
2913 5184 3102 5237 fratres
3122 5199 3240 5237 eum
3255 5182 3516 5252 Gregorio

1929 5293 2208 5356 cmperunt
2231 5284 2280 5338 ei
2303 5283 2482 5335 dicere
2512 5299 2527 5335 :
2559 5299 2574 5330 t
2595 5278 2729 5344 Quid
2760 5283 2843 5331 est
2871 5276 3012 5344 quod
3035 5277 3291 5345 loqueris,
3313 5276 3516 5330 frater?

1935 5400 2090 5456 nibus
2117 5398 2244 5452 Mss.
2271 5412 2300 5449 a
2329 5393 2801 5468 nobisrepertum.
2849 5462 2860 5468 _
3315 5458 3327 5468 .

2006 5472 2032 5510 ά
2073 5471 2237 5536 Utic.,
2277 5469 2457 5521 domus
2485 5463 2541 5516 in
2569 5462 2693 5516 urbe
2726 5461 2961 5532 plurima:
2987 5473 3160 5512 vacua:
3187 5461 3396 5512 omnino
3433 5474 3519 5512 re—

1935 5551 2222 5599 manerent.

2011 5624 2034 5651 ο
2075 5614 2242 5669 Abest
2273 5607 2458 5676 fratres
2488 5603 2555 5660 ab
2583 5602 2748 5672 Utic.,
2787 5603 3021 5670 Cemet.,
3065 5601 3224 5670 ltrg.,
3264 5598 3420 5657 Colb.
3452 5606 3508 5656 et

1938 5685 2112 5754 Bigot.
