4018 6296
1138 316 1195 370 s.
1241 315 1565 373 cneconn
1608 318 1818 373 MAGNI
1865 319 2045 389 ma,
2090 328 2124 373 .-\

2244 324 2288 377 Γ.
2331 324 2592 379 ,ΙΟᾹΝΝΕ
2647 328 2958 385 DIACONO.
3006 332 3127 386 LIB.
3174 336 3210 387 Ι.
3755 340 3826 394 80

508 424 746 491 signum
779 421 874 476 tibi
901 433 1097 478 saucztc
1129 426 1303 480 crucis
1343 426 1606 494 imprime.
1645 446 1661 477 ι
1693 426 1988 495 Respondit
2037 429 2200 493 illeA
2226 432 2293 486 ad
2339 434 2570 491 lamenta
2620 440 2948 508 poenitentiae
2994 455 3360 501 convertatur.
3410 447 3640 505 Pensate
3690 466 3824 520 ergo

485 545 488 549 ~
539 529 666 568 cum
696 513 903 581 magnis
932 514 1276 580 clamoribus,
1309 514 1493 569 dicens
1520 532 1531 565 :
1563 533 1580 565 ι
1612 514 1745 569 Volo
1776 530 1861 569 me
1888 517 2122 585 signare,

539 605 633 659 sed
666 619 771 658 nou
802 619 1041 674 possum,
1071 605 1192 673 quia
1223 604 1513 672 squammis
1542 603 1701 673 hujus
1734 605 1982 661 draconis
2006 623 2127 677 pre-

540 713 675 752 mor.
703 716 725 744 »
759 696 1001 767 Cumque
1035 698 1136 750 hoc
1182 695 1373 749 fratres
1403 695 1670 761 audirent,
1704 704 1731 733 ἰ
1760 712 1863 750 una
1894 713 2014 752 cum
2045 699 2125 753 le-

540 790 648 843 vita
678 788 771 842 Dei
803 786 1063 855 Gregorio
1094 787 1145 840 in
1177 791 1374 839 terram
1405 787 1688 856 prostrati,
1723 803 1845 842 cum
1875 788 2126 860 lacrymis

539 886 816 948 cmperunt
847 892 942 946 pro
974 876 1254 945 ereptione
1282 875 1422 931 illius
1446 878 1815 933 vehementius
1840 879 2125 934 Dominum

539 967 837 1037 deprecari.
884 965 949 1019 Et
996 980 1124 1020 ecce
1169 966 1349 1021 subito
1396 967 1559 1037 coepit
1597 983 1742 1037 :cger
1768 984 1889 1023 cum
1919 970 2127 1037 magnis

494 1088 497 1091 ι
537 1056 757 1110 vocibus
781 1054 1038 1120 clamare,
1087 1055 1308 1110 dicens:
1342 1075 1359 1107 ι
1390 1056 1601 1111 Gratias
1630 1057 1762 1121 Deo.
1805 1072 1932 1112 ecce
1959 1057 2124 1113 draco

538 1150 627 1216 qui
657 1163 743 1203 me
770 1148 839 1202 ad
866 1148 1232 1203 devorandum
1263 1156 1577 1218 susceperat
1608 1147 1761 1217 fugit,
1793 1150 2127 1205 orationibus

537 1240 732 1295 vestris
760 1238 1014 1308 expulsus
1045 1244 1190 1293 stare
1219 1253 1325 1293 non
1373 1238 1564 1308 potuit.
1597 1237 1701 1294 Pro
1730 1238 1965 1308 peccatis
1992 1239 2128 1293 meis

538 1330 713 1385 modo.
733 1329 1071 1397 intercedite,
1104 1328 1228 1397 quia
1256 1330 1496 1384 converti
1540 1336 1595 1383 et.
1623 1330 1934 1385 stecularem
1964 1331 2126 1383 vitam

539 1421 843 1491 relinquere
891 1419 1127 1475 funditus
1176 1436 1293 1475 sum
1341 1430 1582 1489 paratus.
1606 1439 1623 1472 ι
1662 1421 1835 1476 Homo
1859 1436 1988 1491 ergo
2011 1423 2121 1491 qui,

539 1515 682 1570 sicut
705 1513 814 1582 jam
844 1514 1044 1569 dictum
1074 1520 1174 1577 est,
1209 1513 1276 1567 ab
1308 1521 1546 1567 extrema
1578 1521 1740 1582 parte
1778 1513 1953 1569 fuerat
1990 1530 2126 1584 prte-

540 1613 800 1670 mortuus,
832 1604 1074 1671 Gregorii
1098 1604 1346 1673 precibus
1372 1613 1426 1657 et
1456 1613 1629 1659 morte
1656 1605 1903 1673 corporis
1930 1615 2123 1672 caruit,

508 1728 511 1729 ν
538 1704 596 1750 et
620 1695 846 1750 salutem
875 1694 1064 1748 anima:
1092 1693 1378 1762 acquisivit
1405 1693 1543 1766 (Lib.
1603 1711 1653 1749 tv
1682 1694 1826 1749 Dial.
1860 1713 1975 1766 cap.
1998 1696 2123 1767 58).

2233 525 2407 591 qualis
2435 535 2560 582 ante
2586 539 2937 600 conspectum
2968 533 3192 591 districti
3220 537 3420 594 Judieis
3443 543 3708 610 pervenit,
3738 544 3823 597 cui

2233 630 2342 669 non
2372 617 2496 673 licet
2523 617 2651 676 ﬂere
2680 623 2823 691 quod
2854 623 2998 680 fecit.
3032 625 3094 680 Et
3117 628 3449 687 habitatores
3472 633 3688 702 quidem
3716 652 3822 690 non

2232 719 2301 759 ex
2329 717 2483 775 parte
2512 711 2916 779 subtrahuntur,
2962 717 3055 771 sed
3085 720 3288 786 pariter
3312 731 3590 777 corruunt.
3620 723 3823 779 Domus

2231 811 2415 852 vacuas
2446 799 2819 869 relinquuntur
2844 842 2858 864 ,
2914 802 3142 860 filiorum
3180 808 3365 864 funera
3407 822 3657 881 parentes
3687 814 3824 885 aspi-

2232 885 2380 940 ciunt
2402 926 2417 953 ,
2460 898 2515 942 et
2551 890 2632 944 sui
2675 906 2770 946 eos
2816 892 2883 946 ad
2914 893 3186 949 interitum
3218 897 3459 954 lmredes
3488 903 3820 969 praecedunt.

2233 973 2604 1048 Unusquisque
2650 994 2779 1049 ergo
2828 993 3071 1037 nostrum
3118 985 3184 1039 ad
3229 988 3557 1056 pmnitentizc
3584 990 3821 1046 lamenta

2230 1069 2522 1139 confugiat,
2554 1074 2679 1126 dum
2705 1071 2835 1129 flere
2862 1085 2987 1130 ante
3017 1079 3416 1146 percussionem
3441 1090 3617 1135 vacat.
3643 1081 3822 1137 ltevo-

2230 1174 2415 1215 cemus
2440 1170 2569 1217 ante
2597 1164 2784 1221 oculos
2815 1168 3013 1221 trentis
3040 1169 3295 1238 quidquid
3334 1171 3565 1227 errando
3593 1176 3823 1227 commi-

2229 1250 2396 1306 simus
2418 1292 2432 1318 ,
2483 1260 2539 1307 et
2579 1253 2723 1322 quod
2761 1257 3008 1324 nequiter
3041 1258 3269 1328 egimus,
3300 1259 3478 1315 ﬂendo
3510 1262 3818 1330 puniamur.

2231 1338 2626 1398 Praeveniamus
2654 1342 2843 1400 faciem
2874 1347 2989 1416 ejus
3018 1348 3071 1402 in
3095 1349 3433 1407 confessione
3461 1351 3641 1420 (Psal.
3675 1369 3819 1421 χειν,

2229 1428 2316 1500 2),
2349 1440 2424 1498 et,
2453 1434 2591 1487 sicut
2618 1435 2879 1504 propheta
2914 1435 3188 1502 admonet,
3233 1438 3470 1494 levemus
3513 1442 3675 1495 corda
3718 1458 3819 1497 no-

2227 1532 2337 1577 stra
2363 1539 2482 1578 cum
2505 1525 2746 1581 manibus
2769 1525 2831 1579 ad
2855 1526 3020 1581 Deum
3053 1527 3282 1598 (Threu.
3315 1546 3390 1595 ιιι,
3423 1528 3511 1600 4).
3540 1529 3619 1585 Ad
3645 1531 3816 1586 Deum

2228 1614 2425 1683 quippe
2451 1616 2611 1669 corda
2648 1631 2768 1669 cum
2807 1618 3053 1672 manibus
3090 1619 3291 1684 levare,
3326 1630 3409 1674 est
3437 1622 3697 1676 orationis
3725 1639 3818 1677 no-

2226 1714 2353 1758 strae
2379 1704 2614 1775 studium
2642 1721 2765 1760 cum
2808 1707 2998 1762 merito
3042 1707 3197 1762 bona:
3226 1711 3557 1779 operationis
3584 1712 3813 1780 erigere.

576 1783 846 1839 .59..Sed
892 1782 1200 1853 pestilentia
1246 1798 1405 1853 supra
1437 1784 1652 1839 modum
1696 1786 1970 1874 saeviente,
2000 1785 2123 1860 quia
2156 1805 2201 1864 Β
2229 1790 2326 1847 Dat
2363 1792 2640 1863 profecto,
2680 1794 2772 1849 dat
2813 1798 3032 1852 tremori
3065 1808 3248 1855 nostro
3279 1798 3545 1867 fiduciam,
3589 1804 3679 1872 qui
3716 1819 3819 1874 per

540 1873 780 1928 Ecclesia
824 1872 921 1926 Dei
960 1872 1078 1927 sine
1121 1880 1333 1928 rectore
1361 1887 1479 1928 esse
1509 1889 1612 1929 non
1643 1881 1876 1944 poterat,
1917 1873 2124 1945 Grego-

538 1965 708 2029 rium,
751 1963 878 2017 licet
907 1963 1033 2017 totis
1062 1962 1262 2017 viribus
1289 1963 1610 2018 renitentem
1629 2005 1645 2031 ,
1676 1964 1870 2030 clerus,
1908 1972 2126 2021 senatus

540 2053 876 2124 populusque
926 2051 1202 2106 Romanus
1258 2052 1359 2106 sibi
1416 2053 1761 2108 concorditer
1817 2054 2126 2123 pontificem

542 2144 874 2212 delegerunt.
918 2140 1094 2206 Quem
1142 2141 1232 2197 ille
1279 2142 1483 2212 apicem
1535 2144 1663 2197 totis
1696 2144 1897 2198 viribus
1924 2143 2126 2199 evitare

541 2233 859 2296 decernens,
889 2245 1007 2286 sese
1036 2231 1309 2300 indignum
1334 2233 1555 2287 omnino
1583 2233 1676 2287 tali
1704 2234 1911 2289 honore
1939 2234 2128 2289 clami-

544 2324 724 2390 tabat;
773 2322 1026 2377 videlicet
1070 2331 1314 2378 metuens
1358 2337 1427 2378 ne
1475 2324 1659 2379 mundi
1706 2325 1914 2394 gloria,
1964 2340 2126 2394 quam

543 2415 692 2483 prius
720 2412 1009 2482 ahjecerat,
1051 2413 1100 2467 ei
1130 2413 1229 2467 sub
1258 2413 1611 2469 ecclesiastici
1639 2414 1824 2470 colore
1851 2415 2127 2486 regiminis

545 2507 724 2575 aliquo
753 2505 915 2561 modo
941 2506 1235 2575 subrepere
1260 2506 1538 2577 potuisset.

616 2595 700 2649 40.
744 2595 811 2648 At
851 2594 940 2649 ubi
980 2595 1251 2649 decretum
1282 2595 1645 2664 generalitatis
1674 2593 1906 2651 evadere
1933 2595 2126 2665 nequi-

544 2684 636 2749 vit,
669 2699 1055 2739 consensurum
1086 2699 1145 2738 se
1172 2684 1388 2738 tandem
1417 2685 1703 2753 aliquando
1736 2684 2027 2753 simulavit,
2072 2693 2129 2740 ct

544 2778 855 2847 imperatori
886 2775 1164 2841 Mauricio,
1194 2775 1346 2845 cujus
1374 2776 1542 2832 lilium
1583 2793 1646 2831 ex
1696 2776 1908 2833 lavacro
1937 2785 2127 2832 sancto

544 2875 874 2937 su‘ccperat,
916 2866 1147 2922 latenter
1175 2865 1380 2921 litteras
1408 2865 1710 2929 destinavit,
1756 2867 2026 2936 adjurans,
2075 2875 2130 2920 et

543 2958 708 3011 multa
740 2972 900 3027 prece
929 2956 1248 3025 deposcens,
1283 2971 1350 3011 ne
1378 2972 1612 3025 unquam
1643 2972 1918 3011 assensum
1953 2972 2126 3025 popu-

542 3047 607 3102 lis
647 3048 913 3117 prccberct
957 3053 1013 3098 ut
1052 3061 1111 3100 se
1151 3046 1307 3113 hujus
1346 3046 1567 3101 honoris
1595 3046 1763 3114 gloria
1793 3045 2124 3101 sublimaret.

2227 1886 2545 1957 prophetam
2580 1888 2979 1945 clamatzNolo
3019 1903 3233 1947 mortem
3273 1897 3587 1963 peccatoris,
3638 1899 3730 1952 sed
3756 1908 3819 1952 ut

2224 1985 2549 2030 convertatur
2572 1986 2621 2029 et
2649 1979 2781 2031 vivat
2803 1979 3025 2049 (Ezech.
3057 1998 3242 2049 χχχιιι,
3271 1983 3390 2052 il).
3416 1984 3600 2040 Nu‘lus
3626 1995 3817 2042 autem

2226 2065 2296 2120 de
2324 2066 2664 2134 iniquitatttm
2695 2084 2912 2123 suarum
2944 2072 3281 2128 immanitate
3310 2074 3580 2144 desperet.
3624 2076 3818 2132 Veter-

2225 2170 2387 2210 nosas
2415 2171 2644 2226 namque
2670 2158 3025 2214 Ninivitarum
3055 2163 3240 2232 culpas
3268 2165 3514 2220 triduana
3544 2169 3817 2235 paeniten-

2228 2246 2303 2300 tia
2339 2248 2590 2304 abstersit
2628 2248 2820 2319 (lenae
2847 2267 2920 2317 ιιι,
2954 2253 3075 2323 10),
3119 2264 3173 2309 et
3202 2270 3493 2312 conversus
3521 2257 3657 2313 latro
3686 2261 3817 2315 vita:

2225 2337 2444 2406 praemia
2479 2338 2641 2392 etiam
2671 2341 2723 2393 in
2753 2341 2869 2410 ipsa
2904 2344 3170 2399 sententia
3213 2360 3322 2400 sua:
3357 2348 3546 2403 mortis
3582 2350 3817 2406 emeruit

2227 2426 2389 2497 (Luc.
2420 2429 2607 2498 χχιιι).
2634 2428 2901 2486 Mutemus
2932 2433 3095 2501 igitur
3123 2437 3305 2501 corda,
3345 2446 3400 2492 ct
3428 2453 3817 2507 praesumamus

2229 2534 2329 2574 nos
2364 2518 2474 2589 jam
2515 2521 2822 2591 percepisse
2849 2523 2993 2592 quod
3022 2525 3274 2594 petimus.
3308 2527 3477 2582 Citius
3507 2530 3572 2582 ad
3597 2544 3818 2599 precem

2226 2607 2397 2665 Judex
2427 2610 2680 2678 ﬂectitur,
2712 2614 2755 2668 si
2787 2629 2814 2667 a
2849 2616 3111 2682 pravitate
3140 2633 3234 2672 sua
3265 2619 3464 2687 petitor
3491 2621 3817 2688 corrigatur.

2228 2694 2548 2755 Imminente
2587 2716 2715 2771 ergo
2756 2711 2916 2758 tanta:
2945 2705 3425 2763 animadversionis
3452 2708 3629 2778 gladio
3650 2749 3665 2775 ,
3716 2726 3823 2765 nos

2228 2792 2547 2860 im;:ertunis
2598 2794 2847 2863 precibus
2897 2796 3226 2851 insistamus.
3274 2797 3350 2853 Ea
3415 2816 3645 2870 namque
3695 2816 3822 2871 qum

2230 2881 2435 2950 ingrata
2465 2897 2584 2937 esse
2615 2884 2920 2940 hominibus
2963 2887 3102 2941 solet
3131 2888 3537 2957 importunitas,
3589 2904 3609 2928 ε
3641 2889 3822 2947 iudici

2229 2972 2471 3026 veritatis
2502 2973 2694 3041 placet,
2725 2977 2848 3042 quia
2879 2977 2999 3045 pius
3042 2993 3105 3033 ac
3150 2980 3454 3036 misericors
3484 2983 3623 3037 Deus
3646 2983 3761 3036 vult
3788 2999 3824 3039 a

2229 3073 2290 3113 se
2337 3061 2583 3129 precibus
2624 3064 2834 3116 veniam
2882 3067 3042 3133 exigi,
3095 3067 3217 3134 quia
3258 3080 3514 3135 quantum
3546 3086 3824 3127 meremur

541 3139 646 3193 Sed
679 3137 959 3207 prmfeclus
988 3138 1167 3201 urbis.
1196 3136 1224 3174 ¹³
1252 3136 1551 3191 Germanus
1580 3138 1815 3203 nomine,
1849 3137 1963 3205 eius
1992 3152 2128 3190 υιιη·
2157 3173 2202 3234 C
2232 3166 2339 3204 non
2368 3152 2480 3206 vult
2510 3153 2687 3208 irasci.
2721 3154 2855 3209 Hinc
2883 3158 3081 3211 etenim
3128 3173 3225 3227 per
3270 3157 3609 3214 Psalmistam
3641 3163 3782 3217 dixit
3810 3182 3825 3216 :

544 3228 675 3282 tium
706 3227 1037 3295 anticipav‘tt,
1070 3226 1626 3294 comprehensumque
1654 3241 1736 3288 ac,
1766 3226 1989 3294 diruptis
2016 3226 2129 3295 epi-

541 3317 716 3382 stolis,
761 3331 1083 3371 consensum
1128 3331 1288 3385 quem
1331 3316 1560 3385 populus
1587 3315 1792 3370 fecerat
1823 3315 2130 3385 imperatori

531 3408 758 3463 .ditexit.
790 3406 859 3459 At
889 3406 978 3460 ille
1005 3408 1205 3475 gratias
1234 3420 1396 3475 agens
1424 3408 1534 3463 Deo
1564 3424 1663 3477 pro
1692 3409 1925 3463 amicitia
1956 3409 2133 3464 diaco-

545 3500 619 3563 ni,
653 3513 719 3553 eo
748 3496 896 3566 quod
925 3496 1102 3552 locum
1132 3495 1403 3552 deferendi
1431 3498 1481 3553 ei
1508 3497 1748 3564 honoris,
1780 3506 1836 3552 ut
1864 3498 2127 3568 cupierat,

542 3586 859 3656 reperissct,
903 3585 1024 3640 data
1070 3586 1436 3658 praeceptione
1482 3587 1657 3658 ipsum
1707 3587 1946 3643 ordinari
1992 3603 2132 3659 prac-

542 3676 702 3748 cepit.

612 3768 700 3822 tl.
740 3767 959 3823 Interim
1000 3768 1125 3824 t'um
1156 3769 1223 3824 ab
1252 3771 1384 3825 urbe
1414 3772 1560 3840 regia
1587 3771 1964 3840 imperatorias
1994 3787 2129 3841 prm-

541 3859 835 3915 stolaretur
865 3875 1135 3929 assensus,
1181 3870 1235 3914 et
1264 3861 1380 3916 lues
1409 3863 1521 3931 ipsa
1552 3862 1804 3932 populum
1835 3864 2126 3917 vehemen-

540 3953 647 4008 tius
675 3952 998 4019 devastarct,
1032 3953 1353 4008 venerabilis
1382 3954 1541 4008 levita
1570 3954 1865 4022 Gregorius
1903 3955 2127 4009 verbum

541 4046 607 4098 ad
651 4045 863 4114 plebem
911 4035 1288 4113 exorsusest,
1337 4045 1558 4100 dicens:
1601 4064 1619 4096 (
1647 4046 1891 4116 Oportet,
1938 4046 2129 4101 fratres

540 4132 859 4197 charissimi,
893 4142 949 4186 ut
979 4131 1184 4202 flagella
1216 4132 1331 4197 Dei,
1364 4148 1483 4203 quae
1513 4142 1753 4189 metuere
1781 4143 2007 4190 ventura
2035 4136 2129 4192 de—

540 4223 774 4290 buimus,
800 4223 991 4276 saltem
1023 4225 1301 4293 praesentia
1331 4235 1385 4279 et
1412 4234 1632 4294 experta
1665 4227 1964 4281 timeamus.
1994 4226 2131 4281 Cou-

540 4313 803 4366 versionis
834 4312 986 4365 nobis
1014 4313 1217 4368 aditum
1240 4314 1395 4368 dOlJI‘
1420 4315 1648 4383 aperiat,
1673 4325 1726 4370 et
1755 4317 1932 4373 cordis
1962 4318 2129 4372 nostri

541 4402 792 4457 duritiam
823 4403 936 4472 ipsa
967 4401 1076 4471 jam
1107 4418 1266 4472 quam
1293 4405 1526 4473 patimur
1552 4421 1711 4475 paena
1739 4407 2016 4464 dissolvat.
2060 4408 2132 4464 Ut

538 4492 684 4545 enim
729 4490 993 4561 propheta
1044 4500 1179 4546 teste
1224 4492 1539 4563 prmdictum
1588 4496 1837 4567 est:37
1884 4496 2129 4551 Pervenit

542 4581 746 4653 gladius
788 4597 945 4652 usque
988 4582 1055 4635 ad
1094 4583 1324 4636 animam
1356 4584 1580 4653 (Jerem.
1612 4602 1683 4651 tv,
1716 4586 1836 4658 i0).
1871 4588 2011 4643 Ecce
2039 4599 2123 4644 et-

541 4672 886 4725 en'uueuncta
914 4668 1062 4743 plebs
1085 4672 1318 4727 caelestis
1344 4673 1434 4727 ira:
1460 4690 1719 4730 mucrone
1742 4678 2055 4745 percutitur,
2073 4687 2127 4732 ct

516 4742 821 4828 ‘rcpentina
851 4742 1042 4831 singuli
1072 4760 1220 4815 etede
1251 4770 1560 4829 vastantur;
1591 4780 1692 4820 nec
1720 4766 1947 4835 languor
1988 4783 2128 4821 mor-

542 4858 647 4901 tem
678 4850 955 4917 prmvcnit,
989 4850 1081 4903 sed
1108 4849 1380 4917 languoris
1408 4867 1605 4916 moras,
1630 4861 1687 4907 ut
1710 4854 1947 4919 cernitis,
1983 4871 2126 4911 mors

540 4942 653 5011 ipsa
684 4941 983 5012 praecurrit.
1016 4940 1304 4997 Percussus
1331 4943 1556 5013 quisque
1586 4954 1709 4999 ante
1740 4946 1945 5013 rapitur
1964 4961 2124 5016 quam

612 5102 636 5130 ⁸
677 5092 908 5147 Sanctus
937 5092 1228 5163 Gregorius
1258 5094 1419 5163 hujus
1449 5094 1682 5150 historitn
1712 5097 1972 5160 meminit,
2014 5104 2126 5151 tum

537 5163 592 5217 in
624 5163 809 5237 homil.
830 5162 1099 5237 _38‘sup‘er
1130 5162 1355 5237 Evang,
1390 5175 1500 5237 tum
1526 5164 1644 5219 libr.
1669 5174 1863 5232 quarto
1892 5166 2122 5237 Dialog.,

537 5248 661 5303 cap.
692 5232 782 5303 '57,
812 5233 1145 5287 dissimulata
1172 5235 1520 5289 nihilominus
1546 5250 1641 5289 sua
1672 5237 1974 5303 praesentia,
2009 5232 2126 5293 ιιιόὲ

756 5272 891 5357 forte
918 5272 1110 5357 gratia.

611 5370 636 5409 δ
676 5370 869 5445 Utrum
914 5370 1078 5445 frater
1118 5380 1261 5427 esset
1306 5372 1591 5445 Gregorii,
1631 5375 2029 5445 disquisivimus
2070 5380 2125 5434 in

539 5440 783 5511 ejusdem
816 5442 952 5504 Vita,
982 5443 1073 5495 lib.
1104 5458 1144 5499 ι,
1174 5459 1294 5497 cum
1326 5445 1379 5509 l,
1411 5460 1464 5497 ιι.
1497 5442 1547 5497 5.

598 5511 835 5635 sing,
886 5510 1076 5580 Colb.,
1129 5512 1364 5578 Turon.,
1416 5512 1607 5569 Getnet
1647 5558 1662 5583 ,
1714 5514 1891 5585 Ulic.,
1927 5517 2125 5588 DigoL,

634 5598 754 5635 tcto.

561 5598 754 5636 uatcw.

654 5600 754 5635 cw.

535 5600 649 5687 “ﬁt
668 5651 722 5727 In
757 5649 906 5727 Ms_s.,
935 5651 1215 5716 letaniam;
1244 5663 1299 5706 et
1325 5654 1403 5727 sic
1437 5669 1669 5727 semper,
1690 5656 1963 5727 deinceps.
2018 5659 2128 5714 Ha-

540 5736 660 5777 rum
689 5720 996 5776 litaniarum
1048 5730 1101 5775 et
1128 5722 1534 5793 processionum
1555 5720 1710 5781 ’ordo
1742 5720 1897 5782 aliter
1922 5729 2124 5787 deseri-

2236 3242 2427 3297 Inroca
2474 3261 2554 3297 me
2597 3246 2652 3297 in
2698 3247 2781 3300 die
2828 3247 3178 3303 tribulationis
3229 3260 3358 3312 tum;
3396 3252 3615 3321 eripiam
3650 3265 3725 3320 te,
3772 3265 3827 3309 et

2232 3336 2593 3406 magniﬁcabis
2620 3355 2698 3391 me
2726 3340 2742 3408 (
2767 3338 2912 3393 Psal.
2956 3356 3108 3406 XLIX,
3148 3341 3267 3412 15).
3301 3342 3419 3410 Ipse
3447 3358 3576 3410 ergo
3604 3344 3706 3400 sibi
3737 3353 3828 3401 te-

2232 3429 2330 3482 stis
2361 3429 2605 3497 estquia
2658 3430 3029 3486 invocantibus
3082 3433 3324 3487 misereri
3374 3434 3676 3503 desiderat,
3725 3439 3828 3507 qui

2230 3519 2488 3573 admonet
2517 3528 2572 3572 ut
2620 3520 2917 3575 invocetur.
2959 3521 3190 3577 Proinde
3210 3563 3226 3588 ,
3259 3524 3450 3578 fratres
3483 3525 3784 3581 charissimi
3807 3572 3825 3596 ,

2230 3607 2462 3661 contrito
2492 3609 2673 3674 corde,
2724 3618 2778 3664 et
2823 3612 3082 3667 correctis
3128 3614 3384 3683 cperibus
3431 3618 3663 3671 crastina
3707 3619 3824 3683 die,

2231 3697 2405 3766 primo
2439 3699 2702 3766 diluculo,
2727 3700 2794 3754 ad
2820 3702 3188 3770 septiformem
3219 3703 3241 3740 ἀ
3273 3706 3536 3775 litaniam,
3559 3708 3713 3777 juxta
3733 3710 3789 3765 di
3808 3738 3827 3752 -

2229 3790 2601 3844 stributionem
2633 3792 2853 3847 inferius
2880 3794 3235 3863 designatam,
3264 3798 3458 3853 devota
3488 3815 3610 3855 cum
3642 3801 3827 3873 lacry~

2230 3882 2333 3936 mis
2394 3890 2576 3936 mente
2622 3884 2922 3939 veniamus.
2971 3886 3157 3943 Nullus
3202 3897 3439 3944 vestrum
3491 3891 3556 3945 ad
3607 3900 3825 3951 terrena

2230 3988 2394 4044 opera
2422 3975 2473 4028 in
2498 3989 2654 4044 agros
2676 3985 2863 4042 exeat;
2897 3979 3072 4034 nullus
3095 3980 3370 4050 quodlibet
3397 3983 3671 4050 negotium
3693 3999 3824 4053 age-

2229 4076 2290 4117 re
2341 4072 2647 4132 praesumat,
2704 4075 2968 4135 quatenus
3019 4069 3085 4123 ad
3139 4078 3340 4125 sancta:
3393 4073 3668 4140 genitricis
3725 4074 3824 4131 Dei

2230 4156 2513 4212 ecclesiam
2541 4159 2947 4223 convenientes,
3002 4162 3093 4230 qui
3141 4163 3294 4217 simul
3343 4179 3531 4219 omnes
3572 4167 3823 4234 peccavi-

2230 4260 2368 4311 mus,
2399 4247 2558 4301 simul
2585 4262 2775 4303 omnes
2802 4250 2940 4303 mala
2967 4265 3087 4319 quin
3118 4251 3339 4307 fecimus
3364 4253 3731 4322 deploremus,
3762 4264 3824 4310 ut

2231 4336 2504 4393 districtus
2555 4337 2726 4394 Judex
2774 4340 2899 4395 dum
2952 4342 3138 4412 culpas
3189 4353 3401 4399 nostras
3450 4361 3552 4401 nos
3601 4348 3823 4416 punisse

2232 4426 2572 4495 considerat,
2618 4428 2732 4498 ipse
2760 4445 2789 4483 a
2818 4432 3085 4485 sententia
3132 4434 3419 4502 propositae
3460 4436 3823 4494 damnationis

2161 4535 2209 4595 ι)
2234 4527 2437 4587 parcat.
2479 4518 2713 4588 (Exstat
2741 4522 2848 4576 hazc
2872 4526 3042 4578 oratio
3073 4534 3187 4595 post
3219 4526 3425 4596 lmmit.)

2302 4606 2388 4660 42.
2421 4627 2438 4660 ι
2466 4607 2673 4663 Litania
2712 4611 3030 4667 clericorum
3055 4623 3212 4668 exeat
3259 4614 3327 4669 ab
3372 4616 3601 4672 ecclesia
3647 4632 3763 4672 sam
3782 4620 3823 4675 ti

2227 4694 2449 4752 Joannis
2471 4698 2749 4767 Baptisms;
2796 4702 2977 4757 litania
3018 4705 3253 4759 virorum
3285 4708 3352 4761 ab
3381 4708 3608 4763 ecclesia
3648 4714 3821 4766 sant-ti

2230 4788 2477 4857 martyris
2523 4789 2789 4856 Marcelli;
2835 4792 3016 4846 litania
3048 4784 3435 4851 monachorum
3477 4798 3544 4851 ab
3588 4800 3820 4857 ecclesia

2229 4886 2536 4932 sanctorum
2561 4889 2852 4951 martyrum
2876 4882 3098 4937 Joannis
3127 4894 3181 4939 et
3203 4884 3384 4951 Pauli;
3433 4888 3618 4943 litania
3653 4892 3821 4946 ancil-

2231 4967 2405 5022 larum
2433 4967 2528 5023 Dei
2554 4970 2620 5025 ab
2650 4972 2875 5028 ecclesia
2905 4959 3185 5029 beatOrum
3213 4986 3505 5048 martyrum
3538 4978 3747 5035 Cosmus
3767 4989 3823 5036 et

2235 5116 2433 5200 bitura
2461 5118 2719 5200 Gregorio
2749 5121 2944 5177 Turon.
2969 5162 2984 5188 ,
3010 5124 3191 5200 li_b._x._
3220 5142 3339 5200 cap.
3397 5128 3447 5183 1.
3500 5127 3662 5184 Forte
3692 5147 3818 5200 sup-

2233 5187 2695 5309 Blicationes'illa:
2749 5209 2851 5247 non
2892 5195 3054 5248 semel
3108 5187 3301 5249 haliitze
3338 5207 3479 5262 sunt,
3540 5208 3597 5253 ut
3638 5187 3824 5257 censet

2282 5272 2455 5309 ιιι-οιι..
2510 5260 2574 5309 ad
2602 5277 2726 5309 ann.
2753 5262 2877 5309 590-
2932 5281 2983 5309 l1-
3023 5264 3105 5309 19-
3136 5266 3208 5309 ne
3239 5267 3318 5309 Ιιίς
3351 5269 3421 5309 ita
3450 5278 3629 5309 narrat
3670 5271 3795 5309 l’entl

2282 5272 2469 5329 aron.,
2510 5260 2574 5313 ad
2602 5277 2726 5314 ann.
2753 5262 2877 5329 590,
2932 5281 2983 5317 ιι.
3023 5264 3105 5317 12.
3136 5266 3208 5320 De
3239 5267 3318 5319 his
3351 5269 3421 5321 ita
3449 5260 3634 5323 narrat
3667 5271 3819 5327 l’aul.

2236 5326 2410 5408 Diam,
2442 5328 2509 5408 de
2546 5329 2723 5408 Gestis
2752 5326 3012 5408 Langobq
3036 5335 3153 5408 _lib.
3205 5352 3259 5390 ιιι
3295 5360 3307 5389 .
3343 5337 3406 5391 In
3455 5341 3622 5408 primo
3664 5326 3823 5396 clm

2235 5398 2331 5466 fuit
2361 5400 2529 5451 omnis
2552 5400 2746 5465 clerus;
2778 5403 2831 5456 in
2852 5398 3097 5465 necundo,
3130 5423 3306 5461 omnes
3340 5398 3549 5462 abbate;
3574 5426 3685 5463 cum
3711 5429 3825 5464 mo-

2232 5467 2411 5551 nachis
2434 5471 2573 5549 suis;
2599 5472 2657 5551 in_
2675 5473 2842 5536 tertio,
2867 5490 3042 5527 omnes
3087 5476 3364 5551 abbatissa:
3393 5496 3507 5532 cum
3538 5496 3825 5551 congrega-

2234 5537 2453 5621 tionibus
2474 5540 2619 5621 suis;
2641 5543 2695 5593 in
2741 5555 2954 5621 quarto,
2996 5561 3172 5600 omnes
3206 5548 3480 5621 infantes;
3524 5552 3579 5621 in
3618 5537 3823 5621 quinto,

2231 5623 2405 5660 omnes
2429 5609 2579 5689 laici;
2604 5612 2658 5665 in
2681 5609 2844 5689 sea‘lo,
2863 5616 3112 5671 nniversw
3132 5609 3325 5685 viduae;
3352 5620 3403 5673 in
3427 5609 3667 5689 septimo,
3706 5609 3823 5676 om;

2233 5692 2321 5729 ne:
2346 5680 2581 5735 mulieres
2623 5682 2929 5754 conjugata’.
