4018 6318
252 259 318 317 Si
891 268 949 323 S.
991 264 1320 324 GREGORII
1360 265 1570 322 MAGNI
1616 267 1793 336 VITA.
1833 266 2035 323 AIJCT.
2081 266 2343 324 JOANNE
2383 268 2697 329 DlACONO.
2744 273 2872 328 LIB.
2912 274 2949 329 l.
3459 283 3529 340 82

246 374 528 446 Damiani;
575 380 755 435 litania
783 379 1098 435 feminarum
1122 381 1527 449 eonjugatarum
1556 381 1627 438 ab
1656 380 1835 438 eccle-
1865 384 1910 441 Α
1941 380 1994 435 in
2021 380 2274 437 Romanae
2303 384 2449 440 urbis
2488 387 2807 444 necessitate
2831 389 3158 457 concurrite,
3187 392 3310 461 quia
3352 392 3526 451 hosti-

245 468 330 523 sia
370 471 513 527 beati
555 471 705 540 primi
744 472 991 541 martyris
1028 470 1318 539 Stephani;
1349 471 1533 526 litania
1559 471 1838 526 viduarum

247 559 319 613 ab
348 561 569 616 ecclesia
592 562 841 631 martyris
862 562 1084 627 Vitalis;
1114 563 1295 616 litania
1323 577 1618 631 pauperum
1661 570 1717 617 et
1754 562 1837 616 in-

246 650 470 706 fantium
494 652 559 706 ab
574 652 802 707 ecclesia
828 654 999 708 beata:
1020 651 1246 709 Caeciliae
1268 653 1575 724 martyris.»
1596 651 1836 725 (Gregor.

245 737 370 793 Tur.
404 742 492 794 lib.
521 758 555 795 x
584 741 749 808 Hist,
781 758 826 795 c.
870 741 951 813 1.)

313 828 400 883 45.
436 830 597 899 Igitur
620 832 745 885 dum
786 847 978 901 magna
1008 833 1294 887 multitudo
1342 841 1369 869 λ
1422 834 1597 887 omnis
1641 832 1834 897 aetatis,

242 932 405 975 sexus
433 922 540 991 38
568 930 728 991 atque
758 924 1121 993 professioaiis,
1141 922 1292 991 juxta
1317 924 1729 993 prmceptionem
1759 923 1837 977 Ie-

242 1009 362 1063 vita:
389 1010 653 1079 Gregorii,
676 1012 763 1066 die
807 1015 1122 1077 constituta,
1151 1012 1431 1066 Dominum
1462 1021 1719 1085 rogatura.
1739 1026 1833 1066 v.0-

242 1101 427 1167 nisset,
458 1102 509 1155 in
543 1112 748 1157 tantum
777 1104 895 1159 lues
926 1105 1039 1174 ipsa
1066 1104 1268 1173 judicio
1303 1104 1477 1158 divino
1506 1102 1742 1167 deszevit,
1776 1110 1835 1157 ut

240 1191 381 1246 intra
412 1194 569 1250 unius
595 1195 743 1251 horae
768 1196 1024 1266 spatium,
1057 1197 1181 1251 dum
1208 1211 1371 1251 voces
1392 1196 1539 1264 plebs
1561 1195 1626 1248 ad
1650 1194 1832 1249 Domi-

240 1299 365 1338 num
392 1286 802 1357 supplicationis
850 1289 1141 1353 emitteret,
1175 1288 1445 1355 octoginta
1474 1286 1719 1341 homines
1765 1285 1833 1341 ad

238 1381 437 1431 terram
481 1391 800 1436 corruentes
841 1383 1085 1452 spiritum
1114 1380 1446 1434 exhalarent.
1480 1379 1587 1433 Sed
1626 1393 1831 1445 nequa-

234 1480 398 1534 quam
431 1470 641 1525 destitit
667 1470 1073 1526 facundissimus
1093 1471 1276 1523 rhetor
1295 1468 1494 1537 populo
1516 1468 1830 1536 praedicare,

233 1572 304 1612 ne
336 1560 405 1615 ab
437 1563 684 1617 oratione
725 1569 1023 1627 cessarent,
1068 1561 1238 1615 donec
1282 1559 1624 1614 miseratione
1650 1559 1829 1616 divina

230 1650 407 1716 pestis
438 1650 551 1720 ipsa
588 1653 898 1720 quiesceret.

1942 470 2080 526 libus
2105 470 2294 539 gladiis
2322 472 2453 528 foris
2472 476 2587 532 sine
2614 477 2913 534 cessatione
2940 479 3297 547 confodimur,
3320 483 3417 538 sed
3438 499 3527 541 se-

1942 560 2147 615 ditione
2173 560 2401 616 militum
2432 564 2641 623 interno
2679 569 2919 638 periculo
2949 571 3165 640 gravius
3191 586 3463 643 urgemur.
3502 594 3522 628 ι

1944 646 2080 719 (Lib.
2113 665 2148 713 ι,
2199 664 2280 718 ep.
2313 650 2391 721 5.)

2010 739 2099 793 46.
2128 739 2258 793 ltem
2300 740 2592 811 Gregorius
2636 745 2829 800 Joanni
2873 747 3188 816 patriarcha:
3214 750 3526 806 Constanti-

1942 830 2253 898 nopolitano
2277 850 2288 885 :
2322 852 2341 884 ι
2364 833 2417 887 Si
2434 835 2710 890 charitatis
2729 837 2896 893 virtus
2919 838 2971 893 in
2991 841 3219 910 proximi
3235 842 3525 900 dilectione

1939 920 2205 986 consistit,
2233 923 2276 977 si
2304 925 2383 978 sic
2404 925 2627 993 diligere
2656 929 2932 997 proximos
2960 932 3101 985 sicut
3133 949 3229 989 nos
3251 934 3523 1006 jubemur,

1936 1007 2063 1078 quid
2091 1020 2175 1063 est
2210 1013 2356 1079 quod
2388 1030 2475 1069 me
2504 1016 2779 1073 beatitudo
2810 1029 2989 1075 vestra
3018 1038 3124 1076 non
3155 1024 3226 1077 ita
3270 1032 3330 1079 ut
3356 1041 3415 1081 se
3442 1028 3524 1081 di-

1934 1098 2085 1166 ligit?
2113 1098 2228 1165 Quo
2258 1102 2399 1155 enim
2429 1105 2639 1171 ardore,
2670 1122 2777 1176 quo
2806 1111 2983 1165 studio
3013 1114 3357 1184 episc0patus
3391 1132 3527 1185 pon-

1933 1190 2059 1244 dera
2088 1192 2269 1260 fugere
2298 1195 2578 1252 volueritis
2603 1200 2736 1268 scio,
2766 1210 2819 1254 et
2842 1209 3019 1258 tamen
3048 1204 3163 1259 hinc
3192 1207 3383 1263 eadem
3415 1212 3527 1279 epi-

1930 1290 2181 1350 scopatus
2204 1283 2438 1351 pondera
2470 1301 2537 1340 ne
2567 1288 2696 1341 mihi
2717 1289 2976 1345 diaberent
3000 1293 3200 1362 imponi
3229 1312 3336 1351 non
3366 1301 3527 1353 resti—

1932 1370 2087 1426 tistis.
2129 1369 2354 1427 Constat
2393 1389 2523 1443 ergo
2562 1377 2685 1445 quia
2734 1393 2841 1432 non
2870 1394 2957 1434 me
2984 1382 3123 1436 sicut
3160 1398 3256 1437 vos
3284 1384 3522 1452 diligitis,

1929 1462 2053 1532 quia
2082 1462 2171 1517 illa
2194 1479 2278 1518 me
2305 1465 2545 1522 voluistis
2575 1470 2681 1539 39
2705 1483 2869 1525 onera
2910 1473 3183 1542 suscipere
3213 1489 3333 1542 qum
3372 1476 3523 1532 vobis

1930 1553 2132 1625 imponi
2159 1555 2423 1611 noluistis.
2471 1558 2579 1613 Sed
2615 1561 2739 1629 quia
2788 1570 3052 1616 vetustam
3104 1566 3309 1630 navim,
3359 1567 3523 1620 vehes

1931 1653 2247 1715 menterque
2292 1646 2627 1703 confractam
2658 1651 2900 1720 indignus
2925 1666 3024 1720 ego
3057 1654 3404 1723 infirmusque
3434 1671 3521 1710 su-

316 1739 403 1792 “.
436 1741 735 1799 Enimvero.
769 1756 889 1796 cum
917 1740 1090 1794 adhuc
1116 1739 1324 1794 futurus
1364 1740 1588 1796 antistes
1615 1748 1830 1810 putaret
1861 1752 1906 1811 Β
1932 1737 2110 1805 sccpi;
2143 1738 2376 1809 undique
2400 1741 2541 1793 enim
2570 1741 2759 1796 fluctus
2785 1743 3009 1811 intrant,
3040 1752 3095 1799 et
3118 1746 3427 1814 quotidiana
3459 1761 3521 1801 ac

226 1844 289 1885 se
340 1832 634 1901 principem
656 1848 685 1886 a
713 1846 979 1887 consensu
1015 1832 1443 1888 consecrationis
1469 1848 1581 1887 sum
1615 1834 1829 1903 penitus

230 1919 509 1984 avertisse,
544 1922 795 1989 cognovit
835 1922 1053 1976 tandem
1083 1936 1210 1977 suas
1249 1922 1458 1979 litteras
1500 1937 1529 1975 a
1558 1920 1827 1977 Germano

230 2008 485 2075 praifecto
524 2011 667 2065 urbis
715 2011 1043 2080 interceptas
1082 2011 1267 2067 fuisse.
1316 2011 1480 2081 Cujus
1532 2012 1611 2065 rei
1654 2012 1825 2079 gratia

231 2098 506 2169 imperiale
544 2116 883 2171 responsum,
921 2103 1065 2173 quod
1111 2102 1365 2157 videlicet
1402 2102 1666 2161 voluntati
1714 2116 1824 2156 suae

229 2193 554 2247 contrarium
586 2193 611 2231 δ
642 2196 877 2259 rebatur,
899 2196 1249 2264 prteteniens,
1282 2196 1405 2265 quia
1436 2194 1609 2265 palam
1639 2195 1821 2264 egredi

229 2292 412 2350 portas
438 2283 665 2337 civitatis
694 2301 798 2339 non
847 2294 1091 2355 poterat,
1132 2302 1161 2339 a
1196 2285 1618 2354 negotiatoribus
1647 2301 1820 2355 expo-

227 2372 459 2425 nendum
489 2389 575 2440 se,
608 2374 971 2439 diss?mulato,
1022 2384 1080 2429 ut
1124 2375 1327 2442 fertur,
1353 2376 1563 2442 habitu,
1593 2376 1818 2432 callidus

225 2462 550 2529 impetravit,
583 2464 833 2518 silvarum
864 2465 1030 2519 saltus
1079 2466 1323 2535 expetiit,
1359 2480 1708 2520 cavernarum
1738 2466 1818 2521 la-

225 2550 391 2605 tibula
419 2554 715 2620 requisivit.
744 2554 801 2609 In
836 2556 1028 2624 quibus
1067 2555 1192 2610 dum
1227 2555 1293 2610 ab
1323 2557 1570 2611 omnibus
1608 2572 1814 2611 summa

223 2641 581 2696 sollicitudine
604 2654 959 2713 qumreretur,
992 2656 1014 2684 ο
1049 2645 1243 2700 indicio
1272 2646 1536 2700 columna:
1580 2646 1813 2716 fulgidaz,

224 2746 387 2801 super
415 2748 472 2788 se
494 2734 691 2803 jugiter
719 2752 747 2790 a
778 2737 915 2792 cwlo
952 2737 1331 2807 dependentis,
1363 2739 1701 2807 agnoscitur,
1725 2754 1818 2794 ca-

222 2821 386 2891 pitur,
417 2824 661 2888 trahitur,
690 2833 745 2880 et
769 2827 909 2897 apud
939 2827 1082 2881 beati
1110 2827 1253 2883 Petri
1277 2830 1643 2898 apostolorum
1670 2830 1815 2900 prin-

222 2913 357 2983 cipis
383 2918 639 2985 templum
669 2933 907 2974 summus
938 2921 1178 2990 pontifex
1209 2918 1230 2956 ’¹
1265 2930 1635 2978 consecratur.

290 3003 382 3058 45.
418 3006 645 3070 Verum,
707 3009 831 3077 quia
883 3018 1011 3064 sunt
1056 3011 1297 3066 nonnulli
1336 3011 1810 3082 Langobardorum

1932 1827 2108 1882 valida
2131 1835 2449 1899 tempestate
2496 1842 2761 1900 quassata;
2788 1832 3014 1902 putrida:
3060 1834 3393 1902 naufragium
3439 1843 3520 1889 ta-

1930 1918 2069 1973 bulw
2092 1928 2301 1985 sonant,
2333 1938 2431 1991 per
2458 1923 2879 1991 omnipotentem
2911 1924 3196 1978 Dominum
3226 1938 3358 1993 rogo
3388 1934 3447 1980 ut
3468 1926 3518 1980 in

1928 2008 2033 2064 hoc
2079 2011 2210 2064 mihi
2252 2013 2489 2080 periculo
2540 2014 2799 2067 orationis
2849 2022 2953 2068 tua:
2991 2029 3209 2069 manum
3255 2015 3516 2084 porrigas,

1926 2099 2051 2167 quia
2081 2107 2230 2154 tanto
2247 2102 2457 2155 enixius
2486 2103 2710 2171 potestis
2738 2116 2984 2167 exorare,
3010 2112 3214 2171 quanto
3245 2112 3300 2159 et
3328 2119 3357 2157 a
3382 2120 3519 2159 con-

1925 2192 2131 2247 lusione
2162 2193 2565 2248 tribulationum
2597 2209 2730 2263 quas
2753 2194 2807 2248 in
2834 2194 2935 2249 hac
2960 2201 3103 2248 terra
3132 2196 3366 2266 patimur
3397 2197 3515 2251 lon-

1922 2286 2039 2354 gius
2065 2288 2237 2341 statis.
2272 2306 2289 2339 )
2322 2286 2457 2357 (Lib.
2494 2305 2537 2354 ι,
2572 2306 2652 2359 ep.
2686 2288 2767 2357 4.)

1993 2379 2079 2433 47.
2105 2381 2236 2436 ltem
2267 2380 2554 2451 Gregorius
2577 2384 2901 2439 Theoctistae
2923 2387 3095 2441 sorori
3120 2387 3509 2457 imperatoris:

1926 2489 1945 2523 ι
1998 2472 2148 2526 Mens
2198 2487 2318 2527 mea
2367 2482 2559 2528 vestra:
2603 2477 2940 2531 venerationi
2985 2485 3185 2546 quanta
3223 2478 3531 2534 devotione

1918 2561 2277 2615 substernitur
2300 2563 2522 2633 explere
2543 2565 2720 2621 verbis
2747 2581 2994 2636 nequeo;
3043 2582 3146 2623 nec
3189 2576 3367 2624 tamen
3421 2585 3531 2627 me‘

1917 2653 2147 2721 prodere
2168 2652 2355 2708 laboro
2376 2691 2390 2717 ,
2417 2653 2542 2721 quia
2572 2662 2627 2709 et
2651 2669 2737 2710 me
2768 2664 2981 2710 tacente
3000 2695 3014 2722 ,
3061 2657 3115 2711 in
3138 2667 3318 2712 vestro
3347 2658 3511 2715 corde

1918 2743 2093 2810 legitis
2112 2746 2239 2812 quid
2269 2745 2335 2800 de
2356 2760 2476 2800 mea
2498 2747 2788 2803 devotione
2828 2749 3092 2803 sentiatis.
3142 2748 3307 2803 Miror
3328 2758 3508 2804 autem

1917 2832 2061 2900 quod
2084 2834 2134 2887 in
2178 2849 2265 2888 me
2295 2835 2520 2889 collatas
2550 2835 2750 2890 dudum
2780 2836 3141 2892 eontinentias
3188 2847 3398 2893 vestras
3440 2854 3510 2894 ex

1916 2922 2018 2976 hac
2046 2922 2301 2977 moderna
2333 2923 2615 2992 pastoralis
2661 2924 2823 2978 officii
2869 2925 3199 2980 continentia
3255 2926 3505 2982 distraxi-

1913 3012 2031 3077 stis,
2062 3013 2113 3066 in
2144 3028 2249 3082 qua
2277 3014 2374 3068 sub
2401 3014 2584 3068 colore
2619 3014 2957 3084 episcopatus
2999 3015 3067 3069 ad
3098 3016 3351 3070 saeculum
3391 3032 3508 3073 sum

222 3098 457 3167 'perfidi
478 3140 491 3163 ,
518 3100 607 3168 qui
627 3100 941 3169 Gregorium
971 3104 1238 3173 appetisse
1278 3106 1447 3175 magis
1473 3107 1807 3176 pontificium
1836 3119 1883 3183 ο
1912 3103 2187 3167 reductus,
2212 3105 2263 3158 in
2290 3119 2395 3174 qua
2423 3106 2585 3160 tantis
2615 3113 2770 3160 terra:
2814 3106 2958 3162 curis
2997 3107 3247 3172 inservio,
3291 3111 3507 3177 quantis

220 3199 502 3244 autument
529 3208 688 3262 quam
726 3193 950 3263 fugisse,
1001 3210 1177 3264 operae
1217 3198 1448 3266 pretium
1488 3214 1613 3254 reor
1640 3215 1810 3269 pauca

220 3281 285 3336 de
316 3282 498 3339 multis
522 3283 776 3350 inserere,
800 3286 992 3356 quibus
1018 3301 1161 3354 eum,
1187 3288 1239 3342 in
1261 3297 1522 3357 quantum
1543 3290 1659 3346 sine
1688 3307 1813 3361 per-

219 3371 433 3426 tinacia:
457 3374 587 3428 vitio
614 3375 816 3443 potuit,
867 3376 1104 3432 noluisse
1129 3377 1490 3448 pontificium,
1521 3382 1631 3437 imo
1659 3380 1811 3453 quasi

219 3466 431 3533 pondus
462 3469 801 3536 importabile
824 3471 1034 3540 penitus
1055 3486 1246 3526 cavere
1273 3473 1529 3541 voluisse,
1559 3476 1677 3531 luce
1699 3476 1814 3532 cla-

219 3556 335 3610 rius
364 3557 719 3613 manifestem.
754 3560 841 3613 Ait
866 3562 1004 3615 enim
1042 3578 1179 3632 pene
1209 3564 1260 3618 in
1291 3566 1407 3634 ipso
1447 3569 1811 3624 consecratio—

220 3646 306 3700 nis
347 3660 457 3701 suae
499 3648 795 3720 principio,
844 3651 898 3705 in
946 3652 1174 3722 epistola
1216 3652 1386 3710 Paulo
1432 3657 1758 3714 scholastice
1792 3676 1807 3713 :

224 3757 245 3790 ι
307 3738 577 3808 Quidquid
630 3741 761 3796 mihi
823 3756 891 3797 ex
962 3743 1170 3800 honore
1237 3745 1587 3802 sacerdotalis
1646 3746 1812 3805 officii

221 3832 465 3886 extranei
494 3832 751 3900 arrident,
778 3850 884 3889 non
924 3835 1080 3892 valde
1106 3852 1274 3907 penso
1305 3855 1317 3891 :
1345 3837 1412 3893 de
1451 3839 1604 3895 vobis
1632 3849 1811 3897 autem

220 3921 352 3975 mihi
378 3922 479 3976 hac
511 3923 565 3977 in
591 3939 651 3979 re
680 3925 1054 3991 arridentibus,
1082 3942 1189 3983 non
1211 3927 1490 3984 minimum
1517 3930 1698 3999 doleo,
1720 3932 1813 4001 qui

220 4012 547 4068 desiderium
576 4031 753 4073 meum
784 4018 1096 4087 plenissime
1125 4020 1307 4088 scitis,
1337 4029 1394 4076 et
1425 4030 1605 4077 tamen
1633 4023 1813 4092 profe-

218 4103 363 4159 cisse
385 4120 471 4159 me
492 4107 726 4162 creditis.
760 4109 1012 4164 Summus
1040 4109 1184 4164 enim
1225 4111 1354 4165 mihi
1395 4111 1667 4182 profectus
1695 4111 1812 4168 fue—

218 4204 343 4265 rat,
366 4195 410 4251 si
434 4197 722 4266 potuissem
749 4199 971 4268 implere
1010 4200 1153 4268 quod
1178 4201 1357 4267 volui,
1407 4201 1451 4256 si
1479 4202 1811 4258 voluntatem

221 4303 438 4351 meam,
486 4303 647 4357 quam
698 4290 897 4345 dudum
950 4293 1218 4360 cognitam
1262 4293 1503 4359 habetis,
1554 4293 1811 4363 perficere

221 4386 423 4448 optatae
456 4380 651 4448 quietis
690 4382 1033 4451 perceptione
1054 4383 1356 4437 valuissem.
1386 4382 1454 4438 At
1482 4385 1607 4454 quia
1635 4385 1810 4441 bono-

1914 3210 2000 3249 me
2049 3196 2102 3249 in
2146 3196 2253 3249 vita
2278 3196 2413 3252 laica
2442 3210 2785 3266 nequaquam
2821 3197 3123 3254 deservisse
3163 3200 3500 3254 reminiscor.

1913 3295 1938 3332 κ
1961 3286 2081 3339 Alta
2113 3287 2253 3341 enim
2277 3287 2474 3355 quietis
2503 3303 2635 3341 mea:
2664 3288 2856 3357 gaudia
2880 3289 3104 3357 perdidi,
3138 3297 3193 3343 et
3212 3290 3356 3344 intus
3384 3305 3505 3345 cor-

1910 3392 2091 3441 ruens,
2119 3378 2427 3433 ascendisse
2459 3379 2698 3432 exterius
2743 3378 2951 3447 videor,
2983 3379 3127 3434 unde
3178 3395 3264 3435 me
3303 3394 3333 3433 a
3362 3380 3504 3434 Gon-

1910 3470 2099 3528 ditoris
2126 3471 2230 3525 mei
2261 3471 2399 3525 facie
2446 3471 2602 3540 longe
2631 3470 2912 3540 expulsum
2959 3470 3201 3541 deploro.
3252 3471 3503 3527 Couahar

1911 3577 2142 3633 namque
2170 3563 2408 3632 quotidie
2429 3572 2580 3618 extra
2616 3562 2893 3623 mundum.
2929 3571 3078 3618 extra
3105 3579 3321 3619 carnem
3366 3564 3500 3629 ﬁeri,

1910 3662 2105 3710 cuncta
2131 3654 2505 3724 phantasmata
2528 3651 2551 3689 h
2577 3653 2821 3724 co:poris
2859 3653 2928 3707 ab
2957 3653 3127 3708 oculis
3156 3654 3351 3709 mentis
3386 3655 3504 3708 abi-

1909 3759 2056 3815 gere,
2078 3755 2135 3801 et
2153 3761 2384 3816 superna
2414 3745 2605 3813 gaudia
2631 3745 3044 3815 incorporaliter
3079 3745 3286 3812 videre,
3316 3753 3371 3798 et
3396 3761 3503 3800 non

1911 3836 2085 3890 solum
2125 3835 2379 3902 vocibus,
2432 3833 2527 3888 sed
2576 3834 2704 3887 totis
2753 3832 2999 3887 medullis
3040 3832 3260 3888 cordisi
3299 3834 3366 3886 ad
3411 3834 3503 3889 Dei

1913 3927 2147 3996 speciem
2178 3925 2457 3989 anhelans,
2482 3923 2742 4012 .dicebam
2775 3940 2792 3976 :
2828 3922 2940 3975 Tibi
2985 3923 3118 3976 dixit
3164 3940 3254 3978 cor
3294 3940 3502 3978 meum:

1916 4015 2140 4080 Quaesivi
2163 4016 2354 4069 vultum
2385 4022 2556 4078 tuum,
2596 4015 2789 4066 vultum
2817 4021 2985 4077 tuum,
3039 4013 3292 4079 Domine,
3339 4016 3507 4084 requic

1913 4125 2028 4165 ram
2055 4107 2228 4181 (Paul.
2260 4123 2406 4173 xxvi,
2436 4106 2512 4176 8).
2538 4105 2678 4161 Nihil
2704 4114 2881 4159 autem
2906 4107 2957 4160 in
2980 4105 3085 4161 hoc
3114 4105 3314 4160 mundo
3342 4120 3505 4173 appe-
3544 4144 3547 4145 ν

1914 4212 2059 4270 tens,
2090 4203 2223 4257 nihil
2277 4200 2693 4271 pertimescens,
2734 4198 2955 4252 videbar
2997 4198 3127 4252 mihi
3158 4198 3211 4251 in
3266 4196 3503 4267 quodam
3536 4226 3539 4229 <

1912 4310 2092 4351 rerum
2119 4294 2321 4349 vertice
2350 4299 2514 4357 stare,
2547 4292 2622 4346 ita
2644 4300 2702 4344 ut
2725 4290 2789 4344 in-
2812 4305 2899 4345 me
2928 4304 3066 4359 pene
3087 4289 3365 4360 impletum
3386 4303 3504 4344 cre-

1913 4387 2095 4441 derem
2118 4385 2281 4455 quod,
2304 4383 2591 4454 pollicente
2620 4380 2867 4445 Domino,
2902 4395 2970 4437 ex
3001 4382 3262 4450 propheta
3285 4378 3523 4435 didicisw

221 4469 296 4523 ris
342 4486 487 4525 nunc
536 4470 695 4539 hujus
740 4472 966 4527 vinculis
995 4473 1046 4527 in
1072 4473 1289 4529 civitate
1330 4483 1520 4530 teneor
1566 4475 1808 4531 Romana
1839 4494 1886 4552 ι)
1912 4492 2026 4531 sem
2053 4494 2065 4530 :
2093 4475 2379 4530 Sustoflam
2404 4482 2632 4543 temper
2657 4472 2955 4526 altitudines
2987 4482 3137 4526 terra:
3162 4470 3321 4539 (Isai.
3352 4485 3505 4535 Lvur,

223 4562 511 4633 religatus,
558 4563 730 4619 habeo
769 4564 970 4634 aliquid
1023 4568 1167 4635 quod
1214 4566 1374 4621 etiam
1411 4576 1601 4623 vestra:
1628 4568 1811 4636 glorise

224 4655 515 4722 exsultem,
542 4656 665 4723 quia
689 4656 803 4710 viro
852 4655 869 4695 ί
914 4657 1363 4713 excellentissimo
1392 4657 1592 4713 domno
1632 4657 1813 4714 Leone

224 4747 521 4801 cxconsule
558 4748 836 4814 veniente,
866 4765 962 4804 vos
986 4750 1039 4803 in
1069 4749 1246 4804 Sicilia
1275 4766 1555 4805 remanere
1585 4766 1693 4805 non
1721 4767 1813 4805 su-

222 4840 441 4909 Spicor;
473 4847 527 4893 et
574 4855 693 4894 cum
745 4841 859 4910 ipse
904 4856 1119 4910 quoque
1164 4851 1256 4896 tuo
1308 4842 1512 4897 honore
1558 4842 1814 4910 religatus

225 4929 415 4985 Romae
436 4931 651 4985 retineri
684 4932 912 5002 cmperis
932 4971 947 4995 ,
992 4932 1119 5000 quid
1160 4932 1438 4998 mmroris,
1469 4932 1595 5002 quid
1619 4932 1815 4987 amari-

225 5022 434 5077 tudinis
461 5037 559 5091 ego
584 5024 787 5093 patiar,
838 5038 1117 5093 agnosces.
1167 5023 1429 5078 Veniente
1470 5032 1648 5079 autem
1696 5025 1815 5080 viro

222 5114 516 5186 magnifico
544 5116 740 5171 domno
781 5116 1083 5172 Maurentio
1108 5116 1467 5183 Chartulario,
1512 5117 1583 5185 ei,
1612 5133 1812 5189 qumso,

294 5261 322 5289 ε
348 5252 407 5306 in
428 5249 552 5304 Mss.
572 5250 727 5317 Reg.,
746 5250 1169 5317 Norm.,scilicet
1183 5249 1417 5319 Gemet.,
1435 5249 1594 5317 Utic.,
1614 5250 1818 5320 Bigot.,

221 5323 510 5376 communis
535 5323 723 5376 (etatis.

297 5393 322 5429 δ
351 5392 520 5462 iidem
549 5390 741 5457 Codd.,
795 5389 1074 5460 ferebatur.
1106 5388 1281 5455 C0lb.,
1328 5389 1653 5462 querebatur.
1693 5391 1813 5459 Alii,

222 5460 513 5516 ridebatur.
1342 5460 1347 5462 ⁷

298 5544 321 5571 ο
356 5531 529 5597 Hujus
569 5530 749 5585 indicii
797 5529 1125 5583 mentionem
1176 5528 1303 5585 facit
1348 5529 1594 5598 Gregor.,
1640 5530 1733 5585 lib.
1776 5546 1814 5597 ι,

223 5601 505 5673 epist;20,
535 5601 671 5673 etin
705 5600 951 5673 li_h.rolim_
981 5599 1047 5673 6,Δ
1079 5599 1237 5673 epist.
1270 5599 1320 5665 4,
1373 5615 1515 5673 nunc
1543 5602 1594 5653 7.

292 5671 319 5709 δ
352 5671 485 5740 Ejus
516 5671 781 5723 ordinatio
808 5672 857 5723 in
884 5668 1079 5723 tabulis
1101 5670 1292 5725 eccles.
1328 5670 1628 5739 assignatur
1658 5671 1814 5726 tertio

228 5758 397 5800 nonas
435 5740 787 5811 Septembris.

1920 4565 2030 4637 14).
2063 4564 2234 4635 Super
2256 4561 2563 4618 altitudines
2587 4560 2786 4615 etenim
2808 4568 2968 4613 terrm
2989 4559 3303 4624 sustollitur,
3328 4559 3421 4627 qui
3450 4567 3506 4614 et
3542 4584 3549 4593 ν

1919 4655 2033 4725 ipsa
2062 4670 2180 4725 qua:
2207 4654 2315 4708 alta
2337 4662 2394 4709 et
2421 4651 2654 4722 gloriosa
2700 4649 2979 4721 praesentis
3008 4650 3259 4703 videntur
3302 4649 3503 4713 εωοιιιί,

1918 4762 2017 4816 per
2044 4746 2241 4800 mentis
2280 4744 2590 4813 despectum
2618 4741 2809 4796 calcat.
2841 4741 2947 4796 Sed
2994 4748 3219 4810 repente
3262 4755 3295 4793 a
3326 4756 3504 4794 rerum

1920 4838 2121 4893 vertice
2141 4836 2452 4891 tentationis
2474 4833 2629 4902 hujus
2650 4833 2862 4888 turbine
2884 4833 3161 4902 impulsus,
3187 4831 3252 4883 ad
3289 4831 3504 4883 timores

1917 4944 2249 5001 pavoresque
2274 4928 2486 4994 corrui,
2518 4928 2641 4997 quia
2671 4936 2725 4983 et
2751 4927 2795 4982 si
2837 4927 2967 4981 mihi
2997 4927 3127 4981 nihil
3177 4926 3373 4991 timeo,
3428 4924 3503 4977 eis

1923 5031 2101 5077 tamen
2129 5022 2217 5091 qui
2248 5021 2379 5075 mihi
2407 5020 2675 5075 commissi
2706 5027 2830 5073 sunt
2853 5018 3074 5070 multum
3108 5013 3360 5068 formido.
3390 5012 3503 5068 Un-

1922 5114 2082 5183 dique
2104 5127 2386 5169 eausarum
2437 5111 2682 5167 fluctibus
2711 5110 2953 5177 quatior,
3002 5122 3065 5162 ac
3094 5107 3500 5175 tempestatibus

2000 5257 2020 5281 ι’
2054 5245 2189 5300 Utie.
2219 5255 2273 5300 et
2300 5244 2478 5305 Colb.,
2508 5241 2771 5312 perfidiae,
2796 5256 2956 5312 quam
2988 5240 3271 5312 “Catille!!!
3319 5241 3501 5312 sequi-

1926 5323 2013 5369 tur
2041 5314 2302 5368 Gussanv.
2330 5315 2382 5367 lu
2409 5308 2618 5367 etetcris
2650 5308 2826 5364 tamen
2846 5311 2970 5364 Mss.
3004 5319 3058 5365 et
3080 5308 3265 5371 Editis,
3287 5311 3493 5378 per/iiii.

2000 5384 2018 5422 ί
2050 5384 2226 5444 Colb.,
2257 5385 2388 5450 Reg.
2421 5390 2475 5435 et
2503 5380 2711 5450 Norm.,
2756 5380 2947 5448 quibus
2995 5381 3337 5435 consentiunt
3380 5380 3497 5437 Bol-

1919 5454 2065 5509 land.
2096 5465 2150 5507 et
2192 5448 2379 5512 Gi‘fotI.
2411 5448 2832 5503 eminentissimo.

1990 5536 2016 5574 ε
2046 5525 2321 5591 Andegav.
2351 5530 2405 5575 et
2434 5521 2631 5585 Bigot.,
2663 5520 2847 5574 altera.
2876 5520 3005 5589 Reg.
3028 5561 3040 5585 ,
3067 5521 3290 5575 interim.

1995 5595 2019 5632 ιι
2056 5593 2213 5658 Utic.,
2258 5610 2549 5662 corporum.

2007 5665 2018 5701 ί
2059 5664 2219 5726 Utic.,
2252 5666 2319 5717 (ιιι
2348 5660 2438 5717 Dei
2469 5666 2681 5736 facian;
2716 5662 2856 5731 quod
2887 5664 3044 5719 etiam
3068 5663 3120 5717 in
3151 5660 3270 5719 Mss.
3302 5661 3515 5732 episto~~

1927 5738 2095 5793 larum
2120 5737 2324 5806 legitur.
