4018 6352
486 264 552 317 S5
1123 268 1177 314 .5.
1222 256 1544 315 tantum“!
1583 253 1796 309 MAGNI
1840 253 2016 317 VITA,
2059 254 2257 309 AUCT.
2300 256 2561 311 JOANNE
2606 256 2913 313 DlACONO.
2958 258 3085 312 Lm.
3122 260 3158 312 l.

3711 262 3786 310 Μ

483 374 782 444 deprimor,
830 373 903 427 ita
946 381 1003 426 ut
1048 380 1199 428 recte
1224 371 1401 426 dicam
1435 388 1446 423 :
1489 369 1615 423 Veni
1642 370 1697 421 in
1739 368 2066 423 altitudinem
2098 382 2139 438 Α
2170 372 2279 439 ipse
2325 373 2394 424 sit
2443 368 2624 442 potens
2666 374 2806 445 (Job.
2862 393 3051 441 xxxvi,
3082 376 3157 445 5).
3195 376 3258 429 Et
3289 393 3384 447 per
3419 376 3781 432 Salomonem

483 466 675 531 maris,
712 473 761 518 et
809 475 1076 533 tempestas
1126 465 1367 516 demersit
1420 477 1498 513 me
1528 460 1697 531 (Psal.
1749 475 1942 523 vam,
1987 458 2063 528 '5).

486 557 680 611 Redire
709 564 830 625 post
858 570 1047 609 causas
1071 556 1137 606 ad
1167 569 1263 607 cor
1283 552 1553 613 desndero;
1608 553 1704 603 sed
1731 563 1880 604 vanis
1907 551 1972 602 ab
2002 565 2067 603 eo

486 649 870 717 cogitationum
919 645 1230 699 tumultibus
1271 643 1551 707 exclusus,
1596 640 1772 695 redire
1803 658 1905 695 non
1952 657 2071 709 pos-

485 755 622 795 sum.
654 739 719 792 Et
734 740 849 793 hoc
877 752 1004 805 ergo
1030 735 1160 789 mihi
1185 736 1344 802 longe
1372 732 1566 788 factum
1606 742 1708 797 est,
1741 733 1883 802 quoi
1930 733 2069 785 intra

486 846 574 884 me
598 838 698 894 est,
730 830 801 882 ita
832 837 890 881 ut
910 826 1127 881 obedire
1155 838 1420 893 nequeam
1445 824 1771 893 propheticm
1800 823 1935 889 voci,
1964 838 2069 891 qua

487 921 680 975 dieitur
712 938 723 971 :
760 919 972 980 Redite,
998 916 1456 985 prtevaricatores,
1496 915 1565 967 ad
1603 932 1692 969 cor
1740 914 1895 985 (Isai.
1924 931 2066 982 XLVI,

485 1011 561 1079 8).
589 1010 724 1073 Sed,
755 1010 931 1064 stultis
979 1023 1197 1076 pressus
1237 1006 1687 1075 cogitationibus,
1733 1005 2070 1061 solummodo

484 1102 785 1156 exclamare
852 1099 1147 1169 compellor
1205 1114 1218 1151 :
1271 1096 1375 1151 Cor
1432 1113 1597 1151 meum
1668 1096 1937 1166 dereliquit
1992 1112 2072 1149 me

484 1193 866 1259 (Μαικία,
915 1192 1027 1259 1⁸5).
1079 1188 1520 1260 Contemplativic
1557 1189 1678 1243 vita:
1722 1187 2072 1256 pulchritudi-
2114 1224 2115 1227 η

482 1282 664 1338 dinem
693 1284 839 1337 velut
867 1281 1157 1336 Rachelem
1185 1280 1349 1335 dilexi
1377 1280 1644 1344 sterilem,
1677 1277 1771 1331 sed
1800 1277 2069 1332 videntem

483 1390 549 1431 ac
574 1375 880 1444 pulchram;
911 1386 1031 1441 quae
1058 1371 1159 1427 etsi
1187 1386 1284 1439 per
1311 1371 1546 1438 quietem
1584 1383 1735 1421 suam
1777 1368 1952 1421 minus
1973 1379 2069 1433 ge-

485 1473 671 1530 nerat,
702 1465 875 1519 lucem
904 1472 1087 1517 tamen
1116 1462 1362 1516 subtilius
1391 1460 1555 1515 videt.
1585 1458 1689 1513 Sed
1716 1474 1822 1528 quo
1846 1458 2067 1525 judicio,

483 1560 689 1625 nescio,
722 1558 814 1612 Lia
844 1558 972 1612 mihi
996 1559 1047 1611 in
1079 1566 1241 1612 nocte
1269 1556 1551 1624 conjuncta
1583 1562 1686 1619 est,
1718 1555 1891 1608 activa
1920 1554 2068 1607 vide-

483 1652 613 1707 licet
639 1652 748 1705 vita
776 1651 1024 1715 fecunda,
1057 1650 1151 1703 sed
1182 1649 1344 1716 lippa,
1373 1648 1547 1700 minus
1576 1645 1782 1709 videns,
1825 1645 2070 1713 quamvis

483 1742 712 1807 amplius
739 1740 973 1808 pariens.
1007 1737 1207 1792 Sedere
1233 1736 1301 1789 ad
1339 1735 1501 1804 pedes
1528 1734 1733 1788 Domini
1757 1750 1876 1788 cum
1906 1734 2069 1787 Maria

482 1826 760 1890 festinavi,
819 1827 981 1881 verba
1011 1826 1121 1880 oris
1150 1824 1266 1893 ejus
1309 1824 1619 1893 percipere;
1671 1832 1727 1878 et
1774 1839 1903 1879 ecce
1949 1838 2069 1878 cum

480 1914 687 1968 Martha
712 1912 1008 1983 compellor
1033 1913 1085 1966 in
1117 1911 1478 1967 exterioribus
1524 1912 1859 1977 ministrare,
1908 1921 2072 1981 atque

481 2018 607 2072 erga
633 2004 803 2057 multa
831 2010 1100 2071 satagere.
1132 2000 1365 2071 Expulsa
1391 2016 1422 2055 a
1471 2016 1589 2067 me,
1622 2009 1681 2054 ut
1708 2002 1943 2069 credidi,
1990 2003 2071 2058 le—

480 2094 639 2161 gione
676 2094 1013 2155 daemonum,
1063 2092 1207 2147 volui
1255 2091 1501 2147 oblivisci
1551 2105 1688 2160 quos
1732 2092 1887 2157 novi,
1920 2100 1974 2147 et
2004 2094 2071 2148 ad

480 2183 775 2239 Salvatoris
798 2182 957 2252 pedes
977 2183 1286 2251 quiescere;
1310 2189 1366 2238 et
1385 2196 1510 2237 ecce
1534 2181 1663 2234 mihi
1684 2181 1891 2235 nolenti
1911 2190 2073 2251 atque

481 2278 758 2347 compulso
783 2277 977 2331 dicitur
1008 2296 1019 2330 :
1054 2275 1327 2331 Revertere
1349 2278 1403 2330 in
1448 2275 1557 2346 40
1581 2276 1789 2329 domum
1821 2285 1956 2329 tuam
1976 2314 1991 2337 ,
2023 2284 2073 2328 et

481 2371 734 2423 annuntia
763 2378 957 2438 quanta
998 2367 1090 2421 tibi
1133 2370 1308 2438 fecerit
1358 2367 1613 2421 Dominus
1657 2366 1930 2437 (Μαῖαν,
1959 2364 2070 2436 19).

482 2460 583 2515 Sed
614 2462 736 2529 quis
766 2461 904 2515 inter
932 2468 1009 2514 tot
1036 2469 1276 2515 terrenas
1302 2476 1458 2516 curas
1488 2460 1665 2515 valeat
1691 2460 1786 2515 Dei
1813 2460 2072 2514 miracula

480 2552 797 2621 praedicare,
828 2567 948 2605 cum
993 2550 1102 2617 jam
1145 2552 1275 2605 mihi
1306 2549 1527 2605 difﬁcile
1565 2552 1635 2604 sit
1685 2551 1875 2605 saltem
1905 2565 2074 2605 reco—

484 2642 637 2695 lere?
666 2639 890 2694 Pressus
936 2654 1167 2708 namque
1196 2649 1221 2676 ἰ
1252 2641 1305 2695 in
1335 2641 1442 2695 hoc
1470 2640 1679 2695 honore
1708 2640 1937 2694 tumultu
1969 2654 2071 2693 sa:-

480 2729 741 2784 cularium
775 2728 1133 2799 negotiorum,
1167 2742 1233 2783 ex
1263 2728 1342 2782 eis
1385 2743 1473 2783 me
1501 2742 1623 2783 esse
1651 2727 1806 2782 video
1834 2727 1902 2783 de
1950 2728 2071 2797 qui-

478 2822 582 2877 bus
623 2820 881 2892 scriptum
922 2826 1053 2875 est:
1104 2818 1353 2890 Dejecisti
1400 2836 1521 2887 eos,
1564 2819 1687 2873 dum
1726 2820 2074 2875 allevarentur

480 2909 653 2978 (Psal.
703 2922 880 2977 Lxxu,
932 2909 1045 2978 18).
1090 2910 1275 2980 Neque
1305 2909 1449 2964 enim
1472 2909 1608 2965 dixit
1638 2927 1651 2962 :
1685 2908 1929 2979 deiecisti
1978 2927 2073 2966 eos

478 3014 760 3078 postquam
788 3006 1003 3061 allevati
1032 3013 1188 3070 sunt,
1220 3003 1317 3059 sed
1353 3003 1478 3058 dum
1525 3003 1915 3069 allevarentur,
1946 3005 2069 3071 quia

478 3100 629 3170 pravi
657 3099 859 3168 quique
888 3098 1013 3151 dum
1033 3138 1048 3163 ,
1081 3095 1106 3134 ι’
1136 3096 1422 3164 temporali
1451 3095 1661 3149 honore
1690 3095 1909 3157 sullu‘ti,
1940 3094 2068 3149 foris

476 3191 726 3245 videntur
751 3201 997 3255 surgere,
1029 3187 1174 3241 intus
1202 3184 1419 3240 cadunt.
1476 3185 1743 3239 Allevatio
1791 3199 1919 3253 ergo
1952 3185 2066 3253 ipsa

476 3281 628 3336 ruina
655 3288 757 3344 est,
790 3278 916 3346 quia
938 3278 1063 3331 dum
1091 3276 1261 3344 gloria
1291 3272 1423 3329 falsa
1450 3274 1664 3329 subnixi
1695 3283 1849 3339 sunt,
1880 3290 1909 3328 a
1938 3290 2066 3329 vera

476 3370 645 3438 gloria
693 3374 1011 3422 vacuantur.
1063 3364 1199 3420 Hinc
1246 3364 1439 3418 iterum
1482 3364 1726 3419 dicitur:
1766 3361 2071 3434 Deﬁciemes

478 3470 532 3516 ut
561 3463 730 3533 fumus
751 3459 994 3529 deﬁcient
1035 3456 1209 3529 (Psal.
1242 3470 1433 3523 xxxvi,
1482 3455 1597 3526 20).
1644 3455 1844 3510 Fumus
1873 3455 2072 3525 quippe

478 3550 818 3607 ascendendo
856 3549 1056 3615 deﬁcit,
1105 3556 1160 3603 et
1197 3562 1317 3603 sese
1356 3546 1632 3603 dilatando
1656 3547 1949 3602 evanescit.
1982 3547 2072 3602 Sic

477 3640 726 3696 videlicet
755 3640 845 3707 lit,
874 3655 998 3694 cum
1045 3637 1347 3709 peccatoris
1373 3638 1539 3693 vitam
1577 3651 1815 3707 prmsens
1845 3635 2073 3693 felicitas

478 3733 794 3798 comitatur,
837 3730 962 3802 quia
1012 3729 1154 3784 unde
1203 3728 1506 3784 ostenditur
1551 3736 1611 3782 ut
1632 3728 1771 3783 altus
1799 3727 1902 3793 sit,
1950 3727 2075 3782 inde

478 3827 654 3892 agitur
680 3833 740 3879 ut
767 3839 875 3878 non
904 3824 993 3877 sit.
1044 3821 1179 3876 Hinc
1217 3836 1431 3876 rursum
1470 3821 1728 3891 scriptum
1770 3828 1886 3884 est,
1933 3818 2072 3872 Deus

478 3933 647 3983 meus,
696 3932 828 3987 pone
857 3916 972 3970 illos
998 3924 1053 3968 ut
1092 3922 1259 3968 rotam
1304 3912 1477 3987 (Psal.
1523 3927 1741 3980 Lxxxu,
1773 3911 1888 3980 14).
1934 3910 2070 3963 Rota

419 4024 429 4029 ‘
478 4008 676 4077 quippe
702 4022 769 4063 ex
797 4006 1083 4077 posteriori
1116 4013 1272 4075 parte
1300 3990 1585 4067 attollitu'r,
1610 4011 1665 4057 et
1691 4003 1745 4057 in
1784 4000 2072 4055 anteriori-

479 4100 576 4153 bus
603 4098 764 4153 cadit.
798 4097 1107 4151 Posteriora
1132 4104 1313 4151 autem
1336 4094 1492 4149 nobis
1521 4101 1646 4148 sunt
1670 4093 1811 4147 bona
1838 4106 2075 4161 praesen-

481 4189 550 4243 tis
596 4189 781 4244 mundi
822 4204 942 4258 qua:
990 4187 1378 4258 relinquimus;
1427 4185 1700 4240 anteriora
1762 4196 1893 4238 vero
1948 4189 2075 4237 sunt

478 4288 678 4334 acterna
710 4287 766 4333 et
788 4279 1191 4348 permanentia,
1222 4277 1286 4331 ad
1314 4292 1433 4345 quae
1460 4290 1748 4341 vocamur,
1798 4273 1964 4328 Paulo
1992 4281 2074 4328 at-

480 4376 733 4431 testante,
764 4368 855 4437 qui
885 4368 999 4421 ait:
1030 4366 1159 4431 Quae
1187 4376 1326 4421 retro
1370 4374 1489 4419 sunt
1518 4365 1739 4430 oblitus,
1784 4366 1838 4417 in
1872 4381 1932 4417 ea
1959 4380 2073 4433 quis

480 4471 598 4514 sunt
618 4462 795 4532 priora
825 4460 1107 4515 extendens
1149 4477 1229 4514 me
1259 4459 1476 4531 (Philip.
1525 4473 1611 4523 ιιι,
1645 4456 1756 4526 15).
1810 4455 2074 4511 Peccator

480 4566 612 4621 ergo
640 4566 762 4606 cum
785 4552 838 4605 in
862 4553 1113 4621 prmsenti
1132 4553 1239 4605 vita
1267 4550 1580 4621 profecerit,
1608 4558 1666 4604 ut
1687 4558 1802 4604 rota
1829 4549 2066 4618 ponitur,

481 4643 604 4711 quia
646 4642 700 4696 in
746 4644 1105 4698 anterioribus
1134 4658 1414 4708 corruens,
1442 4656 1511 4696 cx
1537 4640 1926 4711 posterioribus
1957 4639 2071 4693 ele-

480 4741 655 4787 vatur.
687 4732 820 4786 Nam
853 4748 973 4786 cum
1002 4734 1052 4785 in
1084 4733 1185 4786 hac
1216 4733 1321 4785 vita
1358 4729 1585 4799 gloriam
1631 4730 1858 4799 percipit
1905 4743 2068 4796 quam

478 4822 718 4892 reliquit,
753 4822 820 4875 ab
849 4822 934 4874 il'a
971 4821 1116 4875 cadit
1160 4836 1277 4890 quae
1307 4829 1430 4890 post
1478 4821 1617 4874 hanc
1665 4819 1825 4873 venit.
1862 4816 1929 4869 Et
1958 4818 2074 4885 qui-

478 4914 600 4967 dem
631 4912 784 4966 multi
826 4920 951 4966 sunt
979 4914 1067 4979 qui
1098 4910 1177 4965 sic
1207 4912 1503 4965 exteriores
1546 4916 1835 4979 provectus
1883 4921 2071 4975 regere

476 5005 692 5069 sciunt,
728 5012 787 5057 ut
836 5018 932 5072 per
977 5017 1072 5056 eos
1125 5016 1463 5070 nequaquam
1513 4999 1737 5054 interius
1791 5004 2065 5053 corruant.

480 5090 633 5147 Unde
658 5094 916 5164 scriptum
946 5100 1029 5147 est
1059 5110 1073 5146 :
1107 5090 1248 5144 Deus
1276 5100 1504 5161 potentes
1524 5104 1628 5144 non
1655 5086 1851 5158 objicit,
1882 5102 1999 5140 cum
2021 5095 2071 5139 et

553 5260 576 5286 ⁸
606 5250 785 5313 Colb.,
818 5250 991 5317 Bigot.
1040 5258 1094 5304 et
1122 5249 1357 5315 Gcmet.,
1390 5250 1445 5303 in
1475 5250 1570 5303 hoc
1607 5263 1782 5302 onere.

551 5320 579 5357 δ
611 5319 718 5380 AL,
751 5321 1007 5373 swculari.

555 5400 578 5428 ε
607 5389 666 5443 In
698 5390 821 5445 Mss.
874 5390 1055 5459 Norm.
1102 5399 1209 5443 tam
1260 5390 1635 5459 epistolarumi,
1668 5402 1827 5457 quam
1862 5384 2066 5459 (Joann.

481 5458 627 5514 Diae.
664 5459 856 5526 legitur
878 5458 1088 5525 Narsce,
1106 5475 1209 5513 non
1236 5456 1495 5521 Narsi,ut
1518 5460 1567 5511 in
1598 5458 1831 5512 Editiset
1859 5458 1909 5510 in
1940 5456 2068 5519 Reg.

481 5539 535 5582 ct
562 5528 768 5594 Andeg.
799 5528 932 5598 God.
966 5530 1040 5584 De
1068 5544 1134 5583 eo
1164 5529 1487 5589 Simocatta.
1518 5530 1606 5582 lib.
1637 5546 1687 5591 v,
1720 5544 1835 5598 cap.
1871 5528 1904 5580 '5
1934 5536 1989 5581 ct
2014 5526 2066 5580 5.

557 5601 582 5633 α
607 5598 807 5662 Bigot.,
831 5596 1066 5659 Gcmet.,
1102 5600 1257 5667 lteg.,
1289 5615 1352 5653 ac
1385 5600 1626 5654 nonnulli
1666 5596 1816 5660 Mssi,
1847 5607 2074 5652 contem-

488 5668 729 5735 plationis
753 5668 860 5720 alta
891 5670 1294 5722 describitis.....
1324 5670 1599 5722 renovatis.

564 5748 584 5773 ο
607 5735 1020 5805 Corruptissimc
1043 5738 1181 5791 Edit.
1210 5739 1379 5793 Vatic.
1395 5748 1443 5792 ct
1466 5739 1617 5793 Guss.
1633 5781 1645 5803 ,
1662 5741 1805 5805 quasi
1822 5740 2073 5797 dcstituta’

2101 4509 2151 4569 D

2172 463 2370 517 dicitur
2394 483 2405 516 :
2428 464 2495 517 Et
2515 468 2813 537 intelligens
2833 468 3183 537 gubernacula
3205 468 3486 539 possidebit
3511 468 3702 538 (Prov.
3733 486 3779 534 ι,

2173 553 2250 623 5).
2283 555 2388 610 Sed
2435 558 2567 612 mihi
2594 560 2704 613 haec
2747 558 2981 614 diliicilia
3012 570 3157 622 sunt,
3193 561 3316 630 quia
3356 568 3411 613 et
3457 561 3613 615 valde
3640 574 3783 615 one-

2174 662 2326 711 rosa;
2356 654 2409 701 et
2435 648 2579 715 quod
2610 665 2761 704 mens
2794 652 3092 705 voluntarie
3142 668 3247 705 non
3278 652 3500 722 recipit,
3528 666 3782 722 congrue

2176 753 2279 790 non
2309 738 2560 807 disponit.
2596 740 2732 795 Ecce
2763 744 3136 809 scrcnissimus
3165 744 3423 798 Dominus
3471 745 3782 814 imperator

2176 829 2288 883 ﬁeri
2336 818 2542 884 simiam
2575 833 2783 887 leonem
2826 834 3003 901 jussit.
3052 834 3117 887 Et
3143 836 3358 904 quidem
3400 851 3497 905 pro
3521 836 3778 906 jussione

2175 918 2314 974 illius
2343 921 2525 975 vocari
2557 922 2642 976 leo
2686 932 2889 993 potest,
2928 923 3040 979 ﬁeri
3070 936 3247 979 autem
3290 925 3376 981 leo
3405 942 3512 979 non
3560 935 3776 996 potest.

2178 1008 2330 1065 Unde
2376 1026 2597 1067 necesse
2650 1023 2732 1068 est
2776 1025 2835 1067 ut
2878 1031 3064 1069 omnes
3095 1016 3280 1086 culpas
3320 1034 3382 1072 ac
3414 1019 3780 1087 negligentias

2176 1118 2325 1157 meas
2354 1120 2459 1158 non
2492 1106 2639 1167 mihi,
2675 1106 2767 1161 sed
2798 1122 2907 1164 suae
2937 1108 3119 1176 pietati
3161 1109 3401 1179 deputet,
3433 1112 3523 1178 qui
3556 1113 3780 1167 virtutis

2175 1192 2531 1245 ministerium
2563 1193 2773 1247 inlirmo
2804 1196 3093 1249 commisit.
3127 1215 3144 1248 ι
3184 1196 3320 1267 (Lib.
3350 1214 3394 1264 l,
3425 1216 3507 1269 ep.
3544 1197 3621 1268 5).

2243 1279 2333 1334 48.
2371 1291 2393 1319 ε
2438 1282 2570 1336 Item
2620 1282 2911 1351 Gregorius
2964 1284 3145 1340 Narsac
3193 1288 3418 1356 patricio
3454 1309 3464 1341 :
3500 1311 3517 1339 ε
3552 1288 3685 1343 Dum
3748 1289 3775 1327 ἀ

2176 1374 2647 1446 contemplationis
2676 1376 3009 1430 dulcedinem
3043 1378 3148 1431 alte
3179 1379 3563 1449 descripsislis,
3594 1384 3776 1436 ruinae

2176 1478 2307 1518 meae
2336 1466 2465 1518 mihi
2489 1466 2743 1533 gemitum
2773 1468 3089 1532 renovastis,
3117 1471 3239 1538 quia
3269 1472 3443 1525 audivi
3468 1474 3593 1541 quid
3621 1477 3776 1527 intus

2175 1554 2409 1623 perdidi,
2454 1554 2578 1608 dum
2619 1555 2748 1610 foris
2795 1555 2862 1608 ad
2894 1558 3103 1613 culmen
3140 1561 3413 1629 regiminis
3457 1563 3775 1617 immeritus

2176 1644 2411 1698 ascendi.
2440 1644 2611 1699 Tanto
2633 1656 2812 1699 autem
2844 1663 2928 1702 me
2957 1664 3265 1717 percussum
3297 1668 3527 1707 mcerore
3558 1668 3773 1721 cogno-

2178 1734 2330 1798 scite,
2355 1741 2415 1786 ut
2440 1734 2527 1787 vix
2553 1735 2695 1803 loqui
2721 1736 3011 1803 sufﬁciam;
3037 1739 3223 1793 oculos
3244 1740 3383 1793 enim
3409 1743 3602 1796 tuentis
3630 1757 3775 1795 mea:

2173 1823 2375 1877 doloris
2406 1825 2642 1878 tenebrae
2670 1826 2937 1891 obsident,
2988 1830 3139 1885 triste
3169 1841 3252 1884 est
3278 1831 3532 1899 quidquid
3564 1834 3775 1903 aspici-

2175 1920 2288 1978 tur;
2319 1913 2576 1983 quidquid
2606 1916 2920 1972 delectabile
2946 1920 3203 1988 creditur,
3230 1922 3377 1976 cordi
3405 1938 3524 1977 meo
3555 1925 3776 1978 lamena

2174 2005 2338 2059 tabile
2385 2016 2629 2076 apparet.
2690 2008 2864 2064 Penso
2921 2012 3095 2077 enim,
3153 2013 3219 2066 ab
3266 2015 3374 2067 alto
3405 2014 3597 2084 quietis
3628 2030 3776 2069 mem

2173 2095 2406 2149 culmine
2436 2111 2715 2166 corruens,
2744 2100 2808 2152 ad
2836 2116 2995 2170 quam
3021 2101 3288 2170 dejectum
3321 2106 3604 2159 exterioris
3631 2122 3772 2174 pro-

2173 2190 2358 2237 vectus
2385 2185 2597 2239 culmen
2623 2188 2858 2254 asccndi,
2889 2196 2945 2243 et
2966 2203 3066 2258 pro
3095 2190 3266 2260 culpis
3295 2192 3430 2247 meis
3456 2192 3508 2245 in
3538 2209 3771 2263 occupa-

2175 2277 2335 2332 tionis
2382 2280 2626 2335 exsilium
2672 2298 2701 2335 a
2741 2281 2877 2338 facie
2919 2284 3244 2341 dominantis
3294 2288 3517 2353 missus,
3555 2299 3579 2326 θ
3613 2291 3769 2360 quasi

2173 2366 2461 2425 destructa:
2484 2371 2678 2428 Judmzc
2718 2375 2939 2430 vocibus
2981 2394 3103 2432 cum
3152 2381 3413 2450 propheta
3442 2381 3563 2435 dico
3597 2397 3609 2432 :
3662 2380 3770 2445 Qui

2174 2460 2534 2515 consolabatur
2582 2480 2688 2529 me,
2720 2466 2868 2537 longe
2896 2471 3104 2522 recessit
3145 2487 3176 2522 α
3206 2488 3284 2523 me
3311 2470 3521 2541 (Thren.
3556 2488 3601 2534 ι,
3648 2470 3769 2541 16).

2175 2548 2327 2614 Quod
2357 2566 2507 2617 vero,
2539 2568 2713 2608 causae
2736 2565 2791 2610 et
2821 2560 3051 2612 nominis
3080 2560 3481 2615 similitudinem
3516 2562 3771 2618 facienlo

2174 2652 2271 2705 per
2291 2637 2643 2707 Scripturam,
2663 2643 2929 2700 clausulas
2949 2646 3477 2719 dcclamationcsquc
3495 2649 3766 2714 larinatis,

2174 2735 2340 2792 certe,
2371 2727 2536 2783 frater
2561 2731 2896 2802 charissime,
2926 2736 3135 2791 simiam
3165 2739 3374 2793 leonem
3399 2756 3580 2794 vocas.
3606 2742 3769 2807 Quod

2174 2832 2240 2872 eo
2270 2818 2429 2873 modo
2459 2835 2554 2875 vos
2578 2835 2736 2890 agerc
2759 2826 3151 2895 conspicimus,
3184 2844 3290 2897 quo
3316 2832 3590 2886 scabiosos
3619 2849 3772 2903 saepe

2173 2908 2401 2974 catulos,
2430 2910 2646 2979 pardos,
2676 2914 2761 2967 vel
2792 2915 2952 2983 tigres
2973 2933 3245 2975 vocamus.
3276 2920 3386 2990 Ego
3413 2924 3552 2977 enim
3574 2966 3587 2989 ,
3622 2931 3773 2983 bone

2174 2998 2281 3064 vir,
2330 2999 2484 3067 quasi
2540 3000 2678 3056 ﬁlios
2725 3003 2960 3070 perdidi,
3011 3008 3134 3074 quia
3174 3024 3271 3077 per
3319 3019 3559 3066 terrenas
3606 3029 3774 3068 curas

2173 3094 2319 3142 recta
2374 3102 2540 3157 opera
2596 3090 2771 3144 amisi.
2828 3090 3009 3146 Nolite
3052 3109 3180 3162 ergo
3245 3114 3323 3150 me
3343 3115 3524 3152 vocare
3570 3100 3773 3157 Noemi

2175 3176 2357 3243 (Ruth.
2394 3193 2445 3245 ι,
2474 3178 2592 3252 90),
2630 3181 2646 3218 ί
2693 3182 2745 3235 id
2772 3192 2855 3239 est
2878 3184 3171 3253 pulchram,
3221 3188 3324 3259 41
3360 3192 3451 3243 sed
3477 3203 3656 3247 vocate
3688 3213 3777 3250 me

2172 3263 2385 3336 Maria,
2451 3269 2573 3341 quia
2620 3272 2966 3327 amaritudine
3020 3274 3199 3345 plenus
3245 3294 3376 3332 sum.
3434 3299 3452 3332 ›
3510 3281 3647 3350 (Lib.
3713 3301 3768 3352 ι,

2171 3372 2253 3426 ep.
2288 3357 2367 3427 6).

2241 3445 2333 3503 49.
2364 3447 2495 3504 Item
2532 3449 2822 3521 Gregorius
2849 3453 3132 3511 Anastasio
3164 3465 3189 3505 Β
3221 3459 3539 3527 patriarchae
3572 3461 3769 3519 Antio-

2173 3537 2346 3595 ebeno
2400 3556 2415 3594 :
2477 3558 2496 3593 ι
2556 3541 2770 3613 Scripta
2821 3554 3010 3600 vestrae
3062 3546 3437 3616 beatitudinis,
3486 3559 3543 3605 ut
3588 3553 3767 3608 fessus

2172 3628 2442 3697 requiem,
2489 3631 2719 3687 salutem
2763 3647 2931 3701 ager,
2978 3633 3181 3689 fontem
3238 3637 3453 3703 sitiens,
3513 3642 3764 3697 umbram

2172 3726 2402 3774 testuans
2426 3718 2449 3756 ιι
2480 3722 2677 3777 inveni.
2708 3723 2889 3793 Neque
2919 3727 3060 3780 enim
3096 3728 3185 3781 illa
3214 3731 3375 3783 verba
3406 3746 3502 3799 per
3526 3731 3764 3800 linguam

2175 3812 2352 3867 carnis
2381 3811 2700 3867 videbantur
2728 3830 2998 3884 expressa,
3031 3818 3157 3887 quia
3204 3820 3281 3875 sic
3304 3822 3600 3890 Spiritalem
3631 3836 3760 3892 erga

2174 3916 2261 3956 me
2281 3917 2517 3957 amorem
2539 3920 2693 3958 suum
2714 3920 2874 3974 quem
2904 3909 3148 3975 gestabat
3174 3913 3416 3979 aperuit,
3447 3928 3509 3966 ac
3533 3914 3577 3968 si
3607 3929 3765 3968 mens

2173 4006 2271 4061 per
2318 3995 2657 4064 semetipsam
2707 3998 3035 4068 loqueretur.
3076 4000 3183 4055 Sed
3231 4002 3422 4057 durum
3468 4006 3622 4060 valde
3663 4005 3763 4061 fuit

2174 4086 2317 4153 quod
2362 4095 2607 4143 secutum
2654 4099 2765 4155 est,
2825 4093 2949 4160 quia
2992 4108 3145 4148 amor
3192 4103 3370 4149 vester
3421 4104 3635 4150 terrena
3672 4112 3763 4153 me

2174 4184 2394 4245 portare
2422 4192 2587 4233 onera
2613 4182 2897 4250 prmcepit,
2948 4190 3004 4237 et
3050 4198 3207 4253 quem
3238 4185 3383 4255 prius
3410 4185 3764 4253 spiritualiter

2175 4265 2503 4336 diligebatis,
2534 4278 2657 4340 post
2704 4280 2765 4325 ut
2800 4272 3037 4338 aestimo,
3089 4275 3457 4344 temporaliter
3492 4283 3759 4345 amantes,

2176 4376 2343 4431 usque
2371 4361 2437 4415 ad
2471 4369 2668 4415 terram
2699 4378 2803 4427 me,
2819 4366 3158 4435 superposito
3184 4380 3367 4426 onere,
3398 4366 3760 4437 depressistis,

2175 4453 2247 4507 ita
2280 4462 2338 4507 ut
2365 4470 2579 4510 onmem
2610 4458 2803 4511 mentis
2824 4458 3197 4513 rectitudine":
3246 4458 3480 4515 funditus
3509 4459 3760 4529 perdens,

2175 4547 2747 4617 contemplationisque
2771 4549 2942 4603 aciem
2970 4549 3242 4615 amittens,
3273 4565 3381 4605 non
3413 4566 3511 4619 per
3536 4552 3762 4622 prophe-

2172 4638 2258 4692 tia:
2281 4640 2555 4707 spiritum,
2590 4640 2683 4694 sed
2714 4656 2813 4710 per
2849 4644 3277 4711 experimentum
3320 4643 3498 4698 dicam
3531 4663 3544 4698 :
3576 4644 3762 4700 Incur-

2172 4740 2315 4783 vatus
2326 4748 2457 4796 sum,
2472 4742 2519 4784 et
2530 4732 2828 4786 humiliatus
2899 4751 3011 4787 sum
3023 4751 3378 4805 usquequaque
3394 4736 3563 4807 (Psal.
3579 4754 3759 4807 cxvm,

2175 4818 2320 4889 107).
2370 4818 2540 4875 Tanta
2584 4824 2781 4893 quippe
2809 4838 2894 4877 me
2922 4825 3334 4893 occupationum
3384 4843 3551 4883 onera
3581 4829 3761 4899 depri-

2174 4918 2355 4975 munt,
2396 4919 2455 4963 ut
2505 4912 2571 4965 ad
2619 4928 2849 4982 superna
2895 4914 3106 4968 animus
3144 4916 3453 4972 nullatenus
3503 4920 3756 4987 erigatur.

2176 4997 2354 5053 Multis
2382 5014 2662 5056 causarum
2686 5002 2933 5057 ﬂuctibus
2953 5005 3194 5071 quatior;
3226 5017 3281 5061 ct
3301 5019 3425 5078 post
3452 5010 3535 5063 illa
3564 5012 3760 5079 quietis

2175 5091 2313 5161 otia,
2368 5092 2709 5148 tumultuosae
2735 5094 2857 5149 vita:
2888 5097 3297 5166 tempestatibus
3324 5098 3551 5169 alﬂigor,
3585 5101 3657 5154 ita
3705 5110 3760 5154 ut

2175 5248 2359 5301 vidum.

2253 5318 2270 5355 τ
2324 5317 2615 5389 lidem,i.l
2662 5327 2774 5384 cst,
2824 5320 3121 5389 pulchrum,
3193 5323 3578 5378 reluctantibus
3646 5325 3760 5379 aliis

2178 5387 2419 5461 Excu_s‘s,
2437 5397 2491 5441 et
2518 5388 2663 5461 Mss,
2703 5400 2809 5444 tum
2826 5387 3029 5443 'Joann.
3054 5393 3227 5457 Diac.,
3256 5404 3365 5448 tum
3386 5397 3756 5461 epistularum.

2246 5468 2273 5538 β
2303 5457 2525 5525 Turon.,
2560 5458 2977 5529 Expatriarc/ue.
3007 5463 3081 5517 De
3112 5480 3177 5519 eo
3224 5480 3367 5535 saepe
3418 5457 3469 5519 in
3519 5468 3759 5536 epistolis

2175 5542 2399 5597 egunus.
2464 5548 2465 5553 η

2250 5599 2272 5635 h
2300 5599 2445 5676 ‘Edit.
2478 5598 2650 5653 Vatic.
2674 5611 2738 5676 Aet
2759 5598 3047 5676 G_ussanv.,
3079 5606 3271 5673 acmpi.
3303 5605 3369 5659 Et
3413 5607 3572 5673 paulo
3618 5616 3758 5676 post,

2175 5670 2447 5744 specialem
2479 5686 2575 5738 pro
2607 5672 2885 5744 spiritalem
2924 5690 3173 5744 amorem,
3201 5670 3351 5744 quod
3384 5670 3641 5733 exhibent
3673 5670 3757 5734 a‘ii

2177 5742 2389 5808 list-usi,
2436 5740 2888 5797 consentientibus
2919 5742 3042 5797 Mss.
