4018 6308
202 249 263 305 85
807 252 862 306 S.
905 251 1228 306 GREGORH
1271 250 1477 304 MAGNI
1522 249 1696 311 VITA,
1743 247 1944 302 AUCT.
1987 245 2251 310 JOANNE
2296 245 2608 301 DIACONO.
2651 247 2777 302 LIB.
2805 248 2846 302 Ι.
3415 251 3486 305 £6

200 369 344 418 recte
370 361 543 416 dicam
571 381 584 415 :
623 361 749 415 Veni
769 363 821 415 in
845 363 1168 414 altitudinem
1194 363 1373 427 maris,
1422 370 1470 414 et
1499 368 1772 426 tempestas
1806 361 1852 415 Α
1882 363 2028 428 tergo
2079 364 2368 428 tempestas
2413 355 2712 428 insequitur

200 453 438 507 rlmnersit
467 470 544 506 me
565 451 739 523 .(I’sal.
771 467 961 514 vani,
997 452 1070 518 5).
1109 451 1438 506 Periclitauti
1469 451 1628 518 igitur
1655 449 1786 502 mihi

199 543 458 597 orationis
485 550 672 595 vestra:
700 557 913 595 manum
940 542 1140 595 tendite
1162 558 1276 605 vos,
1304 542 1396 610 qui
1447 542 1502 595 in
1533 541 1789 594 virtutum

201 636 380 690 littore
406 637 574 689 statis.
605 633 756 699 Quod
789 650 914 688 vero
946 649 1032 688 me
1062 649 1125 690 os
1159 634 1388 698 Domini,
1421 631 1565 702 quod
1612 632 1791 685 lucer-

198 741 320 778 nam
350 726 551 789 dicitis,
598 724 741 794 quod
790 723 1062 794 loquendo
1100 723 1282 777 multis
1331 722 1621 792 prodesse,
1654 720 1792 772 mul-

196 816 371 884 tisque
399 832 558 885 posse
597 817 776 871 lucere
820 815 1151 886 perhibetis,
1202 815 1615 867 aestimationem
1666 811 1792 864 mihi

193 921 368 959 meam
421 905 590 960 fateor
632 907 685 959 in
732 905 1065 960 dubietatem
1097 904 1386 958 maximam
1441 903 1788 973 perduxistis.

192 996 488 1049 Considero
517 1011 752 1064 namque
777 996 868 1064 qui
911 1010 1054 1063 sum,
1087 1001 1142 1048 et
1169 995 1304 1048 nihil
1346 995 1398 1047 in
1428 1009 1515 1047 me
1544 1009 1610 1046 ex
1636 991 1792 1063 hujus

189 1087 320 1140 boni
350 1087 502 1154 signo
549 1086 920 1155 deprehendo.
975 1085 1269 1140 Considero
1298 1092 1477 1138 autem
1509 1082 1600 1150 qui
1639 1082 1790 1146 estis,

187 1187 243 1230 et
270 1194 367 1232 vos
399 1177 612 1232 mentiri
640 1195 800 1248 posse
831 1195 936 1233 non
961 1179 1216 1232 arbitror.
1240 1176 1372 1230 Cum
1419 1189 1544 1246 ergo
1571 1173 1792 1227 credere

187 1269 317 1324 velo
346 1272 489 1340 quod
519 1271 719 1335 dicitis,
760 1272 1081 1328 contradicit
1135 1272 1265 1324 mihi
1319 1269 1598 1322 infirmitas
1638 1281 1789 1329 mea;

179 1371 205 1395 ⁸·
250 1377 372 1415 cum
405 1363 683 1431 disputare
699 1365 825 1419 volo
846 1364 990 1432 quod
1020 1363 1070 1416 in
1103 1362 1257 1415 laude
1282 1377 1401 1415 mea
1424 1360 1635 1422 dicitur,
1660 1373 1786 1412 con—

178 1455 411 1510 tradieit
434 1457 562 1509 mihi
592 1457 853 1510 sanctitas
879 1464 1072 1510 vestra.
1106 1453 1228 1516 Sed,
1261 1467 1464 1519 quaeso,
1483 1451 1566 1503 vir
1585 1457 1789 1512 sancte,

175 1543 352 1600 nobis
382 1545 586 1614 aliquid
612 1547 678 1601 de
701 1547 805 1601 hoc
834 1544 1125 1600 certamine
1164 1552 1349 1596 nostro
1379 1540 1701 1604 conveniat,
1733 1547 1794 1592 ut

171 1641 245 1686 el.
267 1635 315 1689 si
345 1621 455 1690 non
484 1636 626 1706 quod
650 1636 826 1690 dicitis
854 1635 926 1689 ita
955 1640 1066 1698 est,
1118 1632 1188 1688 sit
1230 1631 1305 1684 ita
1344 1630 1470 1700 quia
1518 1630 1716 1685 dicitis.
1769 1648 1787 1680 ι

169 1721 336 1791 (Lib.
369 1741 407 1792 I,
455 1742 538 1793 ep.
574 1724 650 1791 7.)

261 1811 350 1866 50.
382 1814 516 1867 Item
545 1813 837 1882 Gregorius
870 1813 1092 1868 Andreze
1122 1814 1317 1868 illustri
1349 1831 1361 1868 :
1393 1832 1411 1865 ι
1439 1811 1795 1883 Omnipotens

173 1901 333 1958 Deus
357 1904 669 1958 dulcissimo
716 1906 868 1961 cordi
899 1915 1080 1960 vestro
1109 1905 1311 1961 indicet
1356 1906 1482 1974 quia
1526 1912 1580 1960 et
1607 1906 1800 1958 absens

177 2010 450 2066 corpore,
482 2010 510 2049 a
541 1997 802 2051 charitate
828 2005 1007 2052 vestra
1037 1997 1216 2052 animo
1247 2012 1354 2052 non
1384 1999 1601 2052 reces:i.
1651 1995 1796 2050 Bona

179 2087 336 2141 enim
366 2093 564 2150 vestra,
597 2087 762 2140 etiam
792 2087 834 2142 si
864 2088 1012 2154 volo,
1043 2087 1288 2141 oblivisci
1335 2102 1441 2140 non
1472 2087 1649 2141 valeo.
1683 2087 1799 2140 lloe

180 2184 376 2230 autem
418 2175 560 2245 quod
595 2191 680 2230 me
707 2176 772 2229 ad
800 2176 1146 2246 episcopatus
1177 2176 1423 2231 ordinem
1471 2174 1799 2243 cognoscitis

183 2268 530 2337 pervenisse,
575 2268 620 2324 si
645 2283 732 2323 me
760 2268 1000 2338 diligitis,
1037 2268 1292 2339 plangite,
1343 2269 1466 2337 quia
1499 2276 1662 2320 tantm
1709 2266 1797 2320 hic

183 2358 354 2428 hujus
379 2358 578 2414 'mundi
627 2360 1014 2429 occupationes
1061 2367 1206 2424 sunt,
1242 2368 1300 2413 ut
1330 2375 1426 2429 per
1455 2360 1800 2428 episcopatus

184 2447 444 2504 ordinem
469 2463 610 2518 pene
640 2449 708 2502 ab
735 2463 922 2503 amore
949 2449 1043 2503 Dei
1073 2464 1159 2503 me
1185 2448 1394 2503 videam
1427 2463 1546 2504 esse
1575 2461 1797 2517 separa-

186 2544 330 2604 tum,
362 2538 507 2608 quod
546 2539 882 2593 incessanter
927 2538 1102 2594 defleo
1125 2578 1140 2603 ,
1175 2547 1336 2606 atque
1367 2547 1424 2592 ut
1449 2552 1548 2607 pro
1579 2552 1666 2591 me
1695 2537 1800 2592 Do-

186 2629 395 2683 minum
424 2628 680 2694 exoretis,
729 2644 881 2697 rogo.
918 2647 935 2679 ι
975 2627 1114 2698 (Lib.
1140 2645 1176 2692 ι,
1202 2646 1285 2697 ep.
1326 2628 1441 2698 50.)
1486 2640 1488 2642 '

265 2715 355 2770 5|.
399 2717 531 2770 Item
570 2716 864 2786 Gregorius
911 2715 1105 2774 Joanni
1141 2719 1418 2774 exconsuli
1466 2727 1520 2774 et
1548 2718 1801 2786 quaestori

191 2814 364 2876 atque
394 2807 620 2877 patricio
652 2826 664 2860 :
702 2827 721 2860 ι
757 2807 908 2862 Bona
934 2817 1129 2864 vestrm
1167 2809 1501 2864 excellentiae
1529 2815 1802 2878 expertus,

196 2905 359 2952 tanto
387 2912 515 2966 erga
543 2913 642 2952 vos
684 2914 874 2954 amore
902 2899 1272 2968 constringor,
1320 2906 1379 2954 ut
1409 2908 1582 2954 vestra
1604 2914 1807 2954 memo-

195 2986 286 3040 ria
326 2987 397 3042 de
438 3002 560 3042 meo
600 2995 823 3057 pectore
869 2989 1076 3043 aboleri
1111 2989 1418 3043 nullatenus
1464 2989 1654 3058 possit.
1699 2986 1807 3042 Sed

2763 377 2775 414 :
2828 361 3074 427 interque
3113 360 3232 417 haec
3293 365 3484 417 omnia

1894 450 2171 512 turbatus,
2217 462 2382 517 cogor
2421 449 2582 503 modo
2629 449 2682 503 in
2715 449 2739 485 ά
2768 449 2933 518 ipsam
2958 449 3168 504 clavum
3198 449 3485 505 adversitae

1896 546 2002 593 tem
2034 538 2294 607 dirigere,
2349 539 2512 592 modo
2555 547 2774 593 curvato
2800 538 2950 594 navis
2972 539 3160 603 latere,
3194 540 3366 595 minas
3388 539 3463 594 Ωιι

1898 638 2077 682 ctuum
2108 643 2174 682 ex
2202 629 2420 698 obliquo
2465 629 2754 683 declinare.
2787 629 3102 697 lngemisco,
3137 631 3259 700 quia
3303 631 3510 686 sentio'

1897 717 2075 786 quod,
2127 718 2431 786 negligentc
2479 733 2593 783 me,
2625 718 2815 772 crescit
2858 719 3066 772 sentina
3114 720 3402 786 vitiorum,
3431 732 3479 773 ei

1900 815 2214 876 tempestate
2267 809 2478 862 fortiter
2545 809 2827 874 obviante,
2882 808 3208 878 jamjamque
3254 810 3480 881 putrida:

1897 894 2227 964 naufragium
2280 897 2472 950 tabulae
2528 906 2743 951 sonant.
2793 898 2953 956 Flens
2992 899 3308 954 reminiscor
3342 902 3483 970 quod

1896 984 2096 1053 perdidi
2138 1001 2270 1038 meae
2318 987 2586 1054 placidum
2627 988 2774 1042 littus
2803 989 3030 1057 quietis,
3081 998 3134 1043 et
3170 989 3485 1059 suspirando

1897 1084 2092 1129 terram
2120 1077 2422 1144 conspicio,
2469 1093 2630 1146 quam
2664 1088 2839 1133 tamen
2870 1095 3052 1134 rerum
3085 1081 3260 1134 ventis
3305 1079 3490 1134 adver-

1895 1165 2134 1220 santibus
2160 1174 2344 1221 tenere
2366 1183 2472 1221 non
2501 1183 2740 1236 possum.
2768 1169 2825 1222 Si
2855 1183 2988 1237 ergo
3013 1185 3118 1234 me,
3151 1170 3317 1225 frater
3361 1170 3488 1225 cha‘

1894 1254 2122 1322 rissime,
2149 1255 2352 1324 diligis,
2387 1264 2491 1310 tute
2519 1257 2646 1310 mihi
2692 1258 2954 1313 orationis
3009 1260 3065 1313 in
3115 1260 3199 1314 his
3247 1259 3494 1314 ﬂuctibus

1896 1361 2112 1402 manum
2146 1348 2337 1414 tende,
2371 1355 2429 1401 ut
2474 1363 2583 1417 quo
2614 1349 2948 1405 laborantem
2995 1364 3083 1404 me
3130 1350 3382 1418 adjuvas,
3427 1367 3492 1404 ex

1895 1437 2008 1505 ipsa
2039 1437 2156 1492 vice
2185 1437 2448 1494 mercedis
2469 1439 2521 1491 in
2556 1439 2658 1493 tuis
2679 1454 2898 1508 quoque
2926 1439 3199 1496 laboribus
3219 1441 3491 1496 valentior

1897 1527 2120 1582 cristas.
2161 1546 2178 1578 ι
2217 1527 2355 1600 (Lib.
2388 1544 2427 1594 ι,
2451 1546 2531 1596 ep.
2557 1529 2673 1598 51.)

1968 1616 2054 1671 55.
2089 1616 2195 1672 Sed
2223 1619 2347 1686 quia
2376 1617 2694 1689 Gregorium
2741 1634 2850 1675 non
2877 1620 3051 1675 solum
3081 1621 3351 1676 declinare
3398 1637 3493 1676 νος

1833 1726 1876 1784 Β
1902 1708 2087 1777 luisse,
2119 1710 2246 1776 quin
2273 1710 2433 1763 etiam
2457 1725 2580 1764 cum
2604 1723 2796 1778 magno
2822 1726 3022 1779 angore
3045 1713 3208 1766 animi
3229 1728 3494 1768 summum

1899 1799 2262 1856 sacerdotium
2290 1801 2592 1871 suscepisse
2617 1802 2840 1869 satis,ut
2855 1803 3069 1871 opinor,
3088 1803 3371 1872 probatum
3393 1813 3491 1866 est,

1900 1907 2010 1962 qua
2061 1890 2390 1947 discretione
2419 1892 2474 1946 id
2504 1891 2724 1957 fecerit,
2757 1892 2966 1947 videtur
2994 1893 3230 1949 breviter
3259 1894 3495 1949 indican-

1900 1986 2046 2049 dum,
2077 1999 2142 2038 ne
2166 1984 2370 2039 scilicet
2401 1990 2581 2038 tantus
2608 1983 2714 2047 vir,
2745 1990 2838 2036 aut
2865 1983 3195 2052 pertinaciae,
3219 1992 3312 2038 aut
3337 1985 3496 2054 pusil-

1901 2076 2211 2131 lanimitatis
2239 2075 2369 2129 vitio
2401 2075 2591 2129 saltem
2641 2075 2830 2130 leviter
2865 2078 3209 2133 succubuisse
3261 2087 3494 2147 putetur.

1969 2165 2059 2223 54.
2093 2165 2180 2220 Ait
2207 2165 2348 2220 enim
2379 2165 2432 2217 in
2462 2165 2689 2233 epistola
2721 2166 3006 2220 Anastasio
3038 2177 3060 2203 θ
3093 2168 3497 2225 Corinthiorum

1900 2258 2156 2328 episcopo
2190 2273 2202 2309 :
2242 2275 2260 2307 ‹
2295 2255 2503 2310 Judicia
2553 2256 2648 2312 Dei
2693 2265 2897 2325 quanto
2927 2265 3055 2311 sunt
3085 2259 3496 2326 investigabilia,

1902 2357 2051 2405 tanto
2065 2349 2394 2403 debentesse
2407 2348 2654 2402 humanis
2675 2347 2922 2402 sensibus
2948 2348 3234 2402 metuenda
3255 2365 3269 2401 :
3296 2358 3354 2402 ut
3374 2350 3496 2417 quia

1901 2458 1965 2498 ea
1994 2442 2131 2496 ratio
2163 2441 2404 2496 mortalis
2431 2439 2892 2510 comprehendere
2914 2454 3022 2495 non
3044 2439 3206 2508 valet,
3232 2439 3312 2493 his
3333 2455 3391 2494 se
3408 2455 3500 2494 ne-

1901 2550 2054 2591 cesse
2083 2543 2168 2590 est
2196 2534 2384 2588 humili
2415 2533 2594 2589 cordis
2621 2534 2830 2589 cervice
2859 2534 3202 2599 substernat,
3235 2542 3499 2602 quatenus

1903 2641 2010 2695 quo
2040 2640 2160 2679 eam
2211 2625 2446 2692 regentis
2487 2624 2739 2680 voluntas
2765 2624 3015 2692 duxerit,
3066 2625 3173 2680 illic
3203 2625 3500 2680 obedientii

1906 2719 2104 2772 mentis
2121 2717 2396 2786 gressibus
2421 2724 2798 2785 prosequatur.
2825 2713 2934 2785 Ego
2955 2723 3136 2769 autem
3156 2714 3501 2770 considerans

1905 2807 2274 2863 infirmitatem
2306 2822 2482 2860 meam
2513 2807 2580 2859 ad
2605 2806 2924 2876 apostolica:
2953 2807 3099 2861 sedis
3141 2805 3354 2860 culmen
3400 2820 3500 2858 non

1908 2915 2070 2970 posse
2097 2899 2403 2968 pertingere
2424 2939 2440 2963 ,
2471 2912 2610 2952 onus
2640 2897 2748 2951 hoc
2793 2895 2959 2949 malui
2985 2895 3285 2961 declinare,
3336 2909 3405 2948 ne
3454 2895 3502 2948 in

1909 2989 2168 3061 pastorali
2197 2988 2459 3058 regimine
2506 2986 2726 3056 imparis
2773 2983 3254 3040 administrationis
3295 2982 3504 3038 actione

195 3083 388 3130 contra
417 3091 658 3131 amorem
682 3075 709 3114 ιι
737 3092 844 3132 non
869 3077 1081 3133 modice
1119 3078 1442 3145 contristor,
1493 3077 1620 3146 quia
1645 3078 1798 3147 quie—
1827 3084 1872 3146 ε
1901 3080 2329 3138 succuinberem.
2383 3076 2491 3132 Sed
2527 3077 2656 3146 quia
2708 3074 2982 3132 contraire
3027 3089 3136 3129 non
3181 3082 3263 3129 est
3294 3074 3504 3128 Domini

199 3174 310 3222 tem
339 3182 426 3221 me
463 3182 706 3235 quierere
745 3168 1107 3236 cognovistis,
1162 3177 1218 3222 et
1262 3167 1331 3222 ad
1379 3167 1807 3236 inquietudinem

201 3257 550 3327 perduxistis.
600 3258 766 3312 Vobis
815 3256 1031 3326 quidem
1079 3261 1421 3328 omnipotens
1469 3258 1646 3324 Deus,
1679 3258 1806 3329 quia

200 3349 305 3403 hoc
331 3348 475 3417 bono
498 3349 679 3403 animo
705 3349 934 3414 fecistis,
965 3351 1108 3404 bona
1157 3359 1358 3421 interna
1389 3350 1681 3415 retribuat;
1713 3349 1808 3404 sed

202 3454 290 3493 me
339 3453 370 3493 a
417 3448 565 3494 tanto
617 3440 723 3494 loci
771 3440 928 3510 hujus
976 3441 1257 3512 periculo,
1288 3441 1519 3511 qualiter
1546 3441 1804 3505 voluerit,

205 3530 478 3596 absolvat,
512 3532 637 3601 quia
666 3532 806 3586 sicut
850 3540 1072 3602 peccata
1119 3548 1241 3588 mea
1283 3534 1652 3600 merebantur,
1697 3546 1808 3587 non

205 3620 602 3688 Romanorum,
637 3620 732 3676 sed
785 3621 1258 3685 Langobardorum
1305 3622 1588 3692 episcopus
1638 3619 1810 3677 factus

205 3724 346 3777 sum,
372 3725 600 3780 quorum
630 3711 946 3782 synthielna:
966 3713 1170 3781 spatha:
1189 3720 1334 3780 sunt,
1351 3722 1398 3766 et
1427 3721 1597 3782 gratia
1620 3727 1804 3781 poena.

207 3795 350 3854 Ecce
385 3801 476 3855 ubi
501 3817 585 3856 me
627 3809 805 3857 vestra
862 3803 1160 3871 patrocinia
1205 3803 1592 3871 perduxerunt.
1637 3800 1809 3857 Gemo

209 3891 453 3960 quotidie
475 3893 921 3962 occupationibus
935 3893 1040 3964 42
1062 3909 1300 3962 pressus,
1334 3904 1389 3947 et
1415 3895 1681 3963 respirare
1703 3910 1808 3946 non

211 3982 388 4036 valeo.
420 3981 527 4037 Sed
559 3997 653 4037 vos
691 3984 781 4054 qui
805 3984 979 4040 adhuc
1009 3985 1224 4053 valetis,
1255 3985 1438 4038 mundi
1462 3985 1624 4049 hujus
1645 4001 1811 4038 occu-

212 4073 464 4142 pationes
491 4071 678 4142 fugite,
701 4075 824 4143 quia
847 4083 1048 4143 quanto
1073 4076 1124 4129 in
1149 4089 1214 4129 eo
1243 4076 1469 4145 quisque
1497 4075 1806 4146 profecerit,

213 4170 369 4217 tanto
416 4170 474 4216 ut
515 4163 718 4229 video;
741 4165 808 4220 ab
844 4181 1029 4220 amore
1059 4165 1154 4219 Dei
1197 4165 1427 4234 amplius
1456 4165 1740 4220 decrescit.
1784 4183 1802 4216 ι

285 4253 377 4307 52.
416 4254 708 4324 Gregorius
764 4257 1013 4312 Leandre
1072 4267 1095 4295 ο
1153 4256 1454 4326 liispalensi
1522 4257 1801 4326 episcopo.

222 4363 241 4398 ι
286 4345 636 4417 Respondere
663 4349 907 4418 epistolis
936 4347 1127 4404 vestris
1157 4355 1268 4403 tota
1291 4347 1589 4402 intentione
1617 4346 1812 4401 voluis-

1909 3170 2245 3242 disponentis
2290 3169 2542 3231 arbitrio,
2574 3166 2896 3223 obedienter
2935 3175 3150 3221 secutus
3197 3181 3314 3220 sum
3364 3168 3503 3234 quod

1910 3261 2216 3316 misericors
2237 3258 2305 3313 de
2335 3273 2423 3312 me
2448 3257 2684 3328 regentis
2711 3271 2900 3311 manus
2926 3255 3096 3310 voluit
3108 3254 3341 3323 operari.
3371 3254 3506 3309 Nam

1910 3350 2231 3408 fraternitati
2265 3357 2476 3414 vestrae,
2507 3355 2563 3404 et
2588 3347 2632 3403 si
2659 3361 2897 3418 praesens
2929 3361 3033 3402 non
3076 3346 3319 3401 eveniret
3348 3362 3506 3402 occa-

1910 3442 2022 3505 sio,
2054 3441 2362 3497 neeessario
2385 3437 2561 3494 fuerat
2593 3438 2935 3494 indicandum
2969 3437 3109 3508 quod
3132 3480 3148 3506 ,
3195 3438 3320 3494 licet
3365 3438 3505 3492 indi-

1911 3547 2094 3602 gnum,
2125 3549 2212 3587 me
2242 3532 2551 3603 apostolicze
2580 3532 2694 3589 sedi
2718 3532 2976 3588 Dominus
3004 3545 3232 3602 praeesse
3261 3531 3506 3600 dignatus

1910 3631 2010 3682 est.
2049 3643 2068 3676 i
2107 3622 2244 3695 (Lib.
2280 3639 2327 3685 ι,
2358 3640 2439 3693 ep.
2468 3622 2582 3692 Ἦ).

1981 3717 2112 3772 Item
2143 3717 2211 3770 de
2239 3714 2428 3770 eadem
2469 3729 2529 3770 re
2559 3713 2576 3752 τ
2605 3714 2850 3784 Philippo
2891 3713 3077 3768 comiti
3103 3712 3501 3767 excubitorum.

1920 3811 1937 3844 ί
1972 3807 2031 3860 In
2061 3814 2320 3876 quantum
2350 3807 2515 3861 homo
2570 3806 2836 3860 discutere
2862 3813 2917 3858 et
2957 3806 3280 3872 investigare
3301 3802 3504 3870 judicia

1913 3914 2146 3967 superna
2170 3914 2277 3952 non
2299 3896 2516 3961 sufﬁcit,
2542 3899 2595 3951 in
2618 3906 2824 3951 tantum
2843 3897 2941 3950 sub
2964 3897 3040 3951 eis
3061 3896 3224 3949 debet
3244 3898 3508 3950 cervicem

1915 3988 2095 4042 cordis
2118 3987 2412 4052 inflectere,
2447 3995 2505 4041 ut
2550 3987 2673 4056 quia
2704 3987 2757 4041 id
2787 3987 2930 4054 quod
2955 3987 3054 4040 sibi
3107 3985 3359 4040 tribuitur
3403 4001 3509 4055 quo

1908 4082 2110 4153 judicio
2130 4081 2447 4149 disponatur
2477 4082 2708 4148 ignorat,
2733 4094 2834 4134 nec
2859 4082 2922 4133 ad
2952 4083 3309 4149 appetendum
3333 4085 3508 4140 locum

1914 4188 2114 4242 procax
2145 4171 2426 4238 insistere,
2467 4186 2568 4225 nec
2611 4170 2677 4224 ad
2726 4179 2751 4218 ϐ
2800 4172 3170 4248 repellendum
3219 4184 3509 4232 contumax

1915 4263 2078 4318 debet
2099 4261 2345 4316 inveniri.
2389 4259 2537 4314 Unde
2561 4261 2666 4331 43
2690 4261 2934 4328 indignus
2955 4277 3055 4332 ego
3079 4263 3144 4318 ad
3173 4265 3508 4336 suscipienda

1916 4353 2259 4423 episcopatus
2285 4366 2469 4415 onera,
2496 4351 2722 4419 jussioni
2745 4352 3130 4421 omnipotentis
3161 4355 3255 4410 Dei
3283 4365 3508 4412 vestrae-

219 4451 330 4492 sem
351 4475 366 4501 ,
400 4438 498 4492 nisi
521 4438 807 4508 pastoralis
851 4453 993 4493 curae
1017 4439 1090 4492 ita
1133 4452 1219 4493 me
1247 4437 1401 4492 labor
1433 4444 1722 4500 mereret.
1755 4443 1816 4488 ιιι
1849 4447 1892 4505 D
1919 4459 2026 4514 que
2053 4441 2317 4498 voluntati
2366 4457 2452 4497 me
2481 4441 2722 4507 subdidi,
2777 4443 2862 4498 cui
2893 4459 2979 4497 me
3002 4461 3233 4513 prmesse
3262 4447 3510 4514 largitate

222 4530 348 4584 mihi
363 4530 532 4599 magis
547 4529 674 4585 flere
687 4530 852 4586 libeat
869 4546 1027 4601 quam
1041 4529 1238 4599 aliquid
1253 4529 1452 4583 dicere.
1469 4527 1622 4594 Quod
1638 4535 1815 4582 vestra

225 4637 436 4692 quoque
465 4623 768 4677 reverentia
798 4623 848 4677 in
879 4623 995 4692 ipso
1044 4621 1343 4675 litterarum
1391 4634 1628 4674 mearum
1663 4626 1817 4672 textu

224 4713 507 4782 vigilanter
548 4713 828 4781 intelligit,
885 4713 1099 4782 quando
1130 4711 1179 4766 ei
1223 4711 1557 4780 negligenter
1603 4708 1816 4779 loquor,

226 4819 380 4872 quem
409 4803 762 4858 vehementer
791 4791 972 4873 diligo.
1007 4803 1192 4858 Tantis
1237 4802 1436 4871 quippe
1480 4800 1533 4854 in
1564 4800 1669 4854 hoc
1699 4799 1820 4853 loco

227 4893 383 4962 hujus
425 4893 610 4948 mundi
657 4891 907 4948 fluctibus
935 4894 1182 4964 quatior,
1219 4899 1277 4946 ut
1302 4897 1568 4945 vetustam
1621 4902 1686 4944 ac
1728 4904 1826 4958 pu-

228 4990 552 5037 trescentem
600 4983 811 5048 navim,
877 4999 1038 5054 quam
1104 4982 1390 5052 regendam
1453 4978 1665 5034 occulta
1731 4979 1823 5035 Dei

229 5073 629 5144 dispensatione
654 5075 885 5145 suscepi,
920 5075 986 5129 ad
1016 5082 1231 5144 portum
1261 5073 1491 5140 dirigere
1519 5070 1823 5124 nullatenus

231 5165 450 5233 possim.
492 5165 647 5222 Nunc
691 5181 760 5220 ex
808 5166 1034 5220 adverso
1081 5164 1273 5220 fluetus
1305 5164 1546 5225 irruunt,
1589 5175 1730 5214 nunc
1757 5175 1822 5213 ex

235 5253 396 5313 latere
429 5257 627 5311 cumuli
673 5257 913 5328 spumosi
963 5257 1124 5310 maris
1170 5256 1562 5315 intumescunt,
1616 5266 1756 5305 nunc
1793 5265 1822 5303 a

304 5376 327 5402 ⁸
356 5367 590 5435 Vulgati,
625 5384 741 5421 cum
771 5369 1042 5432 discutere,
1096 5369 1430 5422 obstantibus
1461 5364 1585 5435 Mss.
1619 5362 1818 5435 Obser-

240 5433 578 5507 vaiulunrest
609 5439 659 5491 in
693 5437 831 5492 Ulic.
861 5441 1204 5507 epistularum
1238 5443 1522 5491 contextus
1553 5433 1819 5501 longiores

240 5506 480 5574 proferri,
509 5523 671 5576 quam
711 5509 763 5563 in
792 5506 909 5562 aliis
948 5509 1254 5562 Codivibus.

305 5577 329 5615 ⁸³
357 5577 648 5638 Gussanv.,
675 5577 883 5636 vitiose.
907 5580 1249 5646 constringer.

311 5657 330 5716 ιξ
366 5646 509 5702 Utic.
540 5656 596 5702 et
620 5648 814 5714 Bigot.,
866 5647 1225 5716 Hispaniensi.

308 5715 331 5752 ⁸³
359 5717 808 5786 Corruptissimus
838 5726 915 5797 es}
947 5720 1028 5772 hic
1080 5720 1227 5774 locus
1270 5719 1318 5771 in
1370 5719 1508 5774 Edit.
1541 5720 1712 5775 Yatic.
1766 5731 1817 5775 tt

1920 4533 2089 4601 magis
2119 4532 2304 4601 gratia:
2327 4545 2484 4600 quam
2512 4530 2693 4599 judicii
2723 4532 3080 4587 :estimatione
3111 4533 3372 4589 voluistis.
3407 4535 3508 4590 Po-

1923 4633 2039 4679 tens
2065 4632 2148 4678 est
2173 4623 2315 4676 enim
2344 4621 2511 4686 Deus,
2545 4631 2766 4691 propter
2792 4639 2949 4692 quem
2981 4641 3067 4679 me
3096 4625 3368 4694 indignum
3393 4627 3509 4681 dili-

1921 4716 2061 4785 gitis,
2092 4715 2232 4769 hanc
2260 4714 2412 4768 vobis
2441 4714 2492 4767 in
2526 4723 2838 4784 perpetuum
2870 4731 3280 4786 recompensare
3308 4733 3508 4772 merce-

1923 4811 2075 4875 dem,
2136 4819 2192 4863 ut
2229 4808 2454 4877 gratiam
2513 4807 2621 4879 44
2657 4824 2818 4877 quam
2868 4809 3097 4878 indignis
3147 4809 3359 4863 famulis
3397 4809 3508 4875 ejus

1927 4901 2253 4971 impenditis,
2277 4900 2418 4970 apud
2440 4915 2564 4955 eum
2583 4901 2928 4971 multiplicius
2949 4901 3190 4955 invenire
3211 4898 3454 4953 valeatis.
3486 4917 3503 4951 ι

1927 4989 2067 5063 (Lib.
2097 5007 2142 5055 ι,
2173 5007 2256 5060 ep.
2291 4989 2408 5060 '52.)

1997 5083 2064 5137 At
2094 5096 2193 5151 ego
2220 5082 2306 5137 hic
2335 5098 2365 5136 a
2398 5081 2764 5136 deﬂorationis
2792 5095 2958 5149 opere
2985 5079 3257 5148 paululum
3281 5081 3509 5150 respiro,

1928 5183 1984 5230 ut
2013 5189 2130 5244 quae
2147 5173 2452 5243 specialiter
2467 5173 2533 5226 de
2554 5171 2825 5241 pontificio
2847 5170 3067 5225 dicenda
3093 5180 3233 5236 sunt,
3259 5172 3508 5241 iulibcllo

1927 5264 2034 5317 alio
2063 5262 2386 5329 suffragante
2416 5261 2642 5314 Domino
2687 5259 3008 5312 referantur.

1926 5371 2222 5434 Gussanv.,
2259 5370 2346 5423 ubi
2376 5369 2566 5434 legitur
2597 5385 2608 5418 :
2641 5368 2695 5419 in
2725 5368 2889 5436 ipsum
2931 5369 3127 5422 clavum
3152 5369 3508 5425 adversitatem

1927 5442 2170 5510 dirigere,
2203 5439 2354 5492 modo
2384 5446 2592 5510 curvata
2620 5439 2736 5510 nari
2783 5439 3023 5510 intpetmn
3067 5439 3312 5504 ﬂuctuum
3351 5441 3510 5496 latere

1925 5506 2092 5563 minus
2117 5511 2360 5577 ﬂuctuum
2383 5523 2446 5559 ea:
2468 5506 2666 5574 obliquo
2691 5507 2965 5562 declinare.

2001 5589 2021 5652 ξ’
2054 5582 2203 5652 t'ailli.
2239 5587 2292 5629 et
2320 5579 2500 5652 Non".
2520 5617 2532 5638 ,
2564 5577 2793 5652 {derint/13
2825 5581 3226 5652 archiepiscopo.

2002 5647 2016 5685 ί
2053 5649 2253 5700 Ἰίιωη.
2287 5657 2338 5701 Cl
2373 5648 2523 5712 Reg...
2556 5647 2861 5715 Philippica.

1996 5730 2017 5766 ε
2058 5719 2256 5776 Andrii.
2281 5758 2294 5775 .
2343 5717 2697 5771 resistendum.
